3728 5978
127 439 194 536 170
473 462 503 509 S.
531 459 671 510 ioannis
696 458 882 507 CHRYSOST.
910 457 1066 507 tttctttm’.
1094 457 1367 506 consummor.

117 601 271 668 prepterea
283 590 375 646 uenit.
392 585 452 645 Non
477 606 618 666 possumus
637 582 736 661 dicere,
762 581 862 662 inquit,
918 582 1000 650 οὕτως
1015 574 1084 657 ἦσαν
1100 582 1328 666 ἐκτεθηριωμένοι.
1343 581 1397 644 Καὶ
1412 573 1465 643 dte
1480 584 1516 648 τίς
1536 587 1615 642 τοῦτο
1633 584 1691 656 ἐλή-

120 681 195 760 quod
206 680 283 762 prius
296 701 357 738 cum
372 677 501 760 apostolis
508 677 599 737 luerit.
683 738 686 745 ,
917 676 1002 753 λθθεν.
1016 678 1074 736 Οὐκ
1092 675 1187 756 ἔχομεν
1207 679 1299 752 εἰπεῖν,
1314 676 1402 756 φησὶν,
1415 674 1456 736 ότι
1468 685 1523 744 τοῖς
1535 675 1693 742 ἀποστόλοις

322 839 325 846 Ι
915 759 1042 851 πρότερον
1064 769 1224 850 συνεγένετο,
1616 801 1622 810 ·

160 861 190 928 d.
206 865 289 941 Vide,
303 887 386 944 quam
401 865 494 925 multis
512 850 674 924 testimoniis
690 884 726 922 ex
738 861 862 922 inimico·
956 859 1029 942 Ὅρα
1046 860 1090 921 διὰ
1107 862 1196 921 πόσων
1218 864 1385 942 ὁμολογεῖται
1403 867 1456 922 τῶν
1473 865 1576 944 ἐχθρῶν
1591 860 1692 941 τυγχά-

119 979 181 1018 rum
191 977 303 1017 numero
311 957 393 1016 luisse
404 957 505 1018 Paulus
513 952 726 1026 declareturllle
735 975 799 1015 vero
809 974 863 1014 non
915 976 966 1012 νων
980 956 995 1012 δ
1008 955 1126 1020 Παῦλος.
1142 952 1177 1015 ‘0
1190 955 1217 1014 δέ
1236 959 1266 1016 οὖ
1280 955 1359 1034 μόνον
1368 957 1416 1015 οὐκ
1430 954 1563 1037 ᾐσχύνετο
1574 952 1690 1026 τούτοις,

119 1050 200 1111 morlo
217 1050 260 1109 his
279 1071 332 1110 non
354 1050 581 1126 confundebatur,
603 1048 650 1108 sed
674 1063 699 1108 et
722 1048 862 1128 gloriaba-
916 1043 985 1105 ἀλλὰ
1004 1045 1050 1105 καλ
1067 1045 1231 1130 ἐνηόρύνετο.
1244 1050 1345 1117 Σαῦλος
1361 1047 1388 1108 δέ
1405 1050 1505 1126 μᾶλλον
1519 1048 1691 1124 ἐνεδυναμοῦ-

119 1157 174 1203 tur.
187 1147 235 1203 θθ.
255 1143 362 1203 Saulus
373 1156 472 1204 autem
483 1144 578 1224 magis
588 1141 822 1213 convalescebat,
834 1152 864 1200 et
914 1161 961 1210 το,
979 1139 1025 1199 καλ
1053 1140 1201 1223 συνῄσχονι
1223 1139 1283 1211 τοὺς
1296 1141 1451 1210 Ἰουδαίους·
1464 1138 1617 1211 τουτέστιν,
1630 1140 1691 1197 ἐπε-

118 1236 321 1318 confundebat
347 1238 476 1308 Judaeos,
504 1234 602 1313 idest,
628 1233 793 1312 mulctabat,
816 1253 864 1293 nec
917 1231 1048 1311 στόμιζεν,
1063 1236 1112 1294 οὐκ
1136 1234 1178 1294 εἴα
1199 1232 1233 1294 τι
1244 1238 1342 1295 εἰπεῖν·
1358 1232 1547 1313 συμόιὸοίζων,
1560 1230 1602 1290 ότι
1619 1219 1691 1297 οὗτός

119 1328 194 1408 ioqui
204 1327 318 1401 sinebat,
328 1330 489 1412 affirmans
505 1332 647 1409 quomam
658 1330 705 1387 liic
718 1341 762 1388 est
776 1328 862 1388 ctrt-
917 1326 989 1385 ἐστιν
1009 1330 1024 1386 ό
1046 1325 1169 1406 Χριστός.
1189 1327 1344 1403 Διδοίσκων,
1358 1325 1434 1409 φησί·
1451 1323 1629 1389 οδιδάσκαλος
1648 1321 1690 1382 καλ

119 1433 192 1481 stus.
213 1422 333 1497 Docens,
353 1421 462 1499 inquit:
482 1441 544 1480 nam
568 1421 660 1480 statim
680 1419 776 1480 doctor
800 1420 863 1479 fuit.
918 1417 970 1499 γὰρ
985 1417 1077 1488 εὐθέως
1089 1410 1130 1492 ἧν.
1144 1418 1192 1487 Ὡς
1201 1418 1230 1480 δὲ
1243 1421 1404 1501 ἐπληρῶντο
1414 1418 1514 1499 ἡμέραι
1522 1415 1624 1488 ἱκαναὶ,
1638 1418 1691 1474 σου

120 1515 170 1572 23.
187 1514 262 1572 Cum
284 1526 382 1572 autem
396 1515 586 1594 implerentur
602 1514 664 1573 dies
684 1514 780 1586 multi,
794 1533 865 1571 con-
882 1503 903 1551 ⁰
918 1510 1107 1572 εόουλείσαντο
1134 1516 1158 1572 σί
1182 1512 1305 1573 Ἰουδαῖοι
1330 1515 1430 1572 ἀνελεῖν
1452 1510 1542 1571 αὐτόν.
1561 1508 1628 1570 Ἐπὶ
1648 1503 1689 1565 τὸν

120 1608 307 1685 spiraverunt
322 1606 432 1682 Judaei,
448 1618 481 1665 ut
501 1605 587 1664 illum
600 1605 808 1686 interficerent.
822 1604 868 1665 Ad
920 1603 1028 1684 ἰσχυρὸν
1040 1604 1217 1685 συλλογισμὸν
1228 1605 1350 1688 ἔρχονται
1360 1604 1440 1665 πόλιν
1452 1607 1477 1663 οἱ
1487 1602 1623 1663 Ἰουδαῖοι.
1634 1598 1690 1659 ota

120 1694 244 1759 validum
257 1698 446 1779 syllogismum
461 1719 555 1757 nirsus
567 1697 680 1758 veniunt
692 1697 791 1760 Judaei.
804 1698 867 1757 Non
919 1693 958 1755 ἔτι
967 1694 1019 1776 γὰρ
1032 1697 1209 1777 συκοφάντας,
1230 1697 1276 1757 καλ
1296 1695 1472 1780 κατηγόρους,
1485 1694 1532 1755 καὶ
1545 1689 1690 1776 ψευδομιίρ

121 1789 194 1850 enim
214 1790 332 1873 amplius
347 1791 538 1872 sycophantas,
553 1803 719 1850 accusatores
739 1804 766 1850 et
786 1791 868 1851 falsos
920 1809 999 1867 τυρας
1012 1789 1193 1860 ἐπιζητοῦσιν·
1207 1788 1265 1850 att
1284 1788 1336 1870 γὰρ
1360 1788 1399 1849 ἐτι
1417 1788 1558 1869 ἀνέχονται
1576 1782 1689 1844 τούτων·

121 1896 200 1942 testes
211 1896 442 1961 quarunt‚neque
452 1884 523 1942 ultra
537 1880 866 1962 illosiernn13sedquid?
921 1875 990 1937 ἀλλὰ
1000 1877 1028 1938 τί
1034 1904 1043 1953 3
1057 1881 1156 1941 Λοιπὸν
1176 1880 1249 1941 αὐτοὶ
1271 1882 1304 1940 δι’
1316 1884 1415 1940 ἑαυτῶν
1426 1884 1504 1940 τοῦτο
1531 1875 1690 1959 ἐργάζονται

122 1974 239 2033 Demum
251 1974 303 2055 ipsi
317 1997 364 2055 per
374 1975 474 2055 seipsos
483 1975 538 2034 hoc
546 1989 700 2055 operantur.
713 1974 785 2047 Quia
796 1975 869 2036 enim
921 1970 1033 2045 Ἐπειδὴ
1047 1973 1098 2056 γὰρ
1114 1964 1181 2034 εἶδον
1203 1973 1395 2052 ἐπιτεινόμενον
1406 1973 1438 2034 τὸ
1447 1982 1578 2055 πρᾶγμα,
1588 1966 1691 2030 ciliis·

121 2065 254 2125 videbant
276 2088 334 2127 rem
355 2067 458 2147 augeri,
478 2088 532 2126 non
549 2068 621 2126 ultra
629 2116 635 2123 .
637 2065 775 2147 judicium
788 2066 869 2125 adhi·
922 2066 1063 2147 καστόριον
1081 2067 1240 2136 καθίζουσιν.
1256 2066 1395 2147 Ἐγνύσθη
1406 2065 1433 2127 δέ
1443 2070 1481 2147 τῷ
1495 2063 1596 2144 Σαύλῳ
1609 2067 1627 2134 ἡ
1638 2064 1693 2121 ἐπι·

91 2159 106 2182 “
121 2157 193 2217 irent.
205 2160 253 2217 il.
262 2160 554 2241 Notoeautemsactae
567 2171 635 2219 suat
646 2158 737 2218 Saule
753 2161 868 2218 insidia
922 2159 1003 2232 όυιλὴ
1018 2163 1119 2219 αὐτῶν·
1133 2160 1297 2243 παρετήρουν
1307 2184 1336 2220 τε
1346 2160 1393 2228 τλς
1401 2159 1487 2227 πύλας
1495 2157 1601 2238 ἡμέρας
1608 2180 1639 2217 τε
1651 2152 1694 2214 καλ

121 2254 868 2332 eorumCustodielrantautemportasdieacaoete,
921 2251 1028 2326 νυκτὸς,
1049 2251 1122 2321 ὅπως
1145 2251 1222 2312 αὐτὸν
1247 2251 1368 2314 ἀνέλωσι.
1388 2251 1481 2323 iiten
1496 2248 1564 2312 ‘Otr
1589 2248 1693 2309 πόντων

122 2357 233 2404 πείσαντι
256 2346 461 2426 interficerent.
475 2346 590 2420 Quare?
604 2346 676 2418 Quia
689 2346 741 2404 hoc
755 2345 811 2404 iliis
824 2345 868 2404 in·
921 2345 1112 2427 ἀφορητότερον
1131 2337 1163 2417 ἦν
1188 2347 1274 2414 αὐτοῖς
1293 2349 1345 2405 τῶν
1370 2345 1420 2418 ἤδη
1441 2341 1626 2425 γεγενημένων
1646 2364 1694 2415 ση-

121 2437 289 2503 tolerabilius
310 2453 367 2497 erat
388 2437 524 2516 omnihus,
543 2460 602 2518 qua·
616 2440 685 2498 iacta
699 2439 814 2516 stimant,
831 2438 868 2497 si·
922 2434 1015 2513 paine,
1029 2442 1082 2497 τῶν
1096 2437 1332 2518 πεντακισχιλίων,
1345 2442 1399 2498 τῶν
1412 2434 1580 2518 τρισχιλίων,
1591 2431 1694 2495 πόντων

123 2533 193 2612 gnis,
209 2532 317 2613 illisque
333 2533 453 2612 quinque
474 2532 608 2610 millibus,
626 2534 767 2613 tribusque
783 2533 868 2592 milli-
884 2523 903 2570 Ε
922 2528 1022 2598 ἅπλῶς.
1041 2530 1094 2589 Καὶ
1112 2531 1161 2612 θρα
1185 2531 1264 2591 αὐτὸν
1278 2530 1343 2598 τέως
1368 2533 1397 2590 ού
1426 2528 1518 2610 χάριτι
1533 2524 1695 2604 σωζόμενον,

121 2627 174 2687 bus
190 2628 333 2690 conversis.
348 2627 384 2687 Et
397 2628 463 2688 vide
479 2627 559 2688 illum
569 2629 627 2709 jam
641 2649 695 2688 non
709 2629 806 2708 gratia,
820 2629 869 2691 sed
924 2622 983 2680 ἀλλ’
1011 2622 1161 2704 ἐνθρωπίνη
1185 2623 1278 2705 σοφίη·
1300 2623 1343 2683 ἵνα
1362 2622 1448 2704 μάθῃς
1465 2625 1512 2680 τοῦ
1534 2619 1630 2698 ἀνδρὸς
1648 2617 1695 2691 *θ’

122 2718 241 2780 humana
251 2720 381 2803 sapientia
393 2721 505 2795 servari,
517 2735 547 2780 ot
560 2720 649 2780 discas
665 2721 718 2783 viri
730 2723 869 2799 virtutem,
924 2709 1019 2793 ἆρῑΐθ*
1040 2715 1084 2773 καὶ
1105 2715 1187 2795 χωρίς
1205 2714 1328 2794 &tillim
1344 2714 1504 2794 λάμποντος·
1520 2706 1697 2785 Ᾱῦόθῶῑςθθ

122 2810 203 2872 etiam
215 2814 317 2893 absque
333 2812 471 2874 miraculis
481 2814 698 2893 fulgentemffi.
712 2816 870 2896 Accipien·
924 2806 1003 2866 αθτθν
1030 2811 1054 2867 οἱ
1078 2808 1196 2885 μαθηταί
1223 2808 1329 2881 νυκτὸς,
1357 2812 1477 2880 καθῆκαν
1503 2805 1548 2865 διὰ
1572 2812 1620 2866 τοῦ
1641 2802 1696 2863 τεί-

123 2918 166 2966 tes
177 2920 354 2968 autemeam
365 2909 503 2988 discipuli
517 2921 615 2980 noctu,
625 2929 678 2988 per
691 2930 806 2968 murum
819 2910 871 2968 de·
923 2922 999 2980 χθυς,
1021 2900 1185 2980 χαλάσαντες
1204 2903 1231 2960 ἕν
1247 2901 1364 2981 meldi·
1379 2899 1512 2966 Εἰκότως·
1532 2896 1579 2958 ἵνα
1598 2895 1697 2957 &viim-

123 3002 264 3059 miserunt
284 3022 361 3076 eum,
384 3003 585 3059 submittentes
609 3004 641 3058 in
662 3013 770 3080 sporta.
794 3003 870 3076 lure,
924 2984 1016 3073 πτονῇ
1030 2993 1061 3052 τὸ
1085 3003 1208 3076 πρᾶγμα.
1230 2994 1267 3054 Τί
1286 2983 1347 3067 οὖν,
1368 2998 1484 3054 τοιοῦτον
1505 2990 1624 3051 κίνδυνον
1644 2991 1697 3048 δια·

123 3090 163 3150 sic
177 3103 206 3148 ut
220 3111 261 3148 res
281 3089 432 3169 suspicione
451 3102 561 3148 careret.
578 3089 655 3164 Quid
675 3092 757 3170 ergo?
769 3113 804 3151 an
819 3092 871 3155 hoe
924 3083 1029 3166 φυγὼν,
1047 3077 1121 3166 ἀἷιροι
1144 3085 1267 3161 ἵσταται,
1295 3088 1444 3165 Οὐδαμῶς,
1468 3086 1528 3145 ἀλλ’
1552 3083 1698 3166 ἀπέρχεται

123 3181 230 3260 clapsus
243 3178 364 3260 periculo
385 3179 507 3240 desistit?
520 3180 649 3258 Minime3
665 3182 712 3240 sed
733 3182 780 3242 illo
797 3185 854 3245 abit
862 3176 884 3264 ,³
924 3177 986 3236 ίνθα
1008 3177 1133 3256 μειζόνως
1155 3177 1186 3236 ἂν
1210 3177 1303 3245 αὐτοὺς
1325 3177 1425 3260 illitt-
1447 3176 1513 3238 Ὅτι
1536 3175 1592 3259 γὰρ
1620 3179 1698 3258 ἐκεῖ·

124 3273 272 3351 ubimagis
285 3272 346 3330 illos
359 3271 542 3352 aggrediatur.
560 3273 628 3332 Nam
641 3273 715 3352 quod
733 3296 796 3335 vere
815 3298 871 3336 ere-
926 3269 979 3336 θῶς
998 3269 1165 3342 ἐπίστευσεν,
1190 3271 1301 3331 ἄπιστον
1319 3262 1352 3343 ἦν
1372 3271 1412 3330 ἐτι
1427 3278 1482 3337 τοῖς
1503 3270 1622 3336 πολλοῖς.
1649 3266 1699 3327 ml

123 3364 208 3444 deret,
231 3365 321 3425 adhuc
343 3365 424 3425 multi
446 3364 554 3425 credere
576 3386 629 3425 non
652 3382 783 3450 poterant.
805 3368 1001 3438 tdeowotro
1023 3362 1082 3440 μεθ’
1106 3362 1208 3442 ἡμέρας
1231 3362 1323 3429 ἱκανὰς
1343 3367 1421 3422 τοῦτο
1443 3360 1554 3440 γίνεται.
1574 3359 1611 3422 Τί
1636 3382 1698 3421 ποτε

124 3473 186 3540 post
200 3459 300 3519 multos
316 3457 373 3519 dies
398 3458 450 3517 hoc
468 3458 564 3519 evenit.
586 3458 725 3531 Quidnam
746 3461 799 3520 hoc
811 3463 871 3522 est?
889 3454 907 3500 Ᾰ
925 3453 1001 3514 τοῦτο’
1015 3457 1100 3527 imi
1114 3454 1280 3522 Εἷκθςαῦτθν
1302 3453 1341 3533 μὴ
1352 3451 1492 3532 βούλεσθαι
1509 3452 1577 3521 τέως
1589 3452 1698 3522 tineae

124 3551 282 3615 Verisimile
293 3564 333 3610 est
353 3549 432 3609 illum
446 3549 566 3609 nondum
579 3551 696 3611 voluisse
715 3552 795 3612 istinc
808 3577 871 3635 pro·
925 3548 1037 3618 ἐκεῖθεν,
1046 3549 1151 3607 πολλῶν
1166 3546 1228 3615 ἴσως
1250 3544 1463 3629 παραινούντων·
1478 3543 1571 3619 ἐπειδὴ
1589 3545 1698 3624 θὲέμα-

125 3644 223 3720 ticini,
250 3643 344 3703 multis
367 3643 457 3703 forsan
485 3643 657 3702 monentibus
678 3667 685 3701 =
706 3645 754 3704 uhi
780 3662 871 3707 autem
925 3642 967 3712 θε,
986 3638 1046 3700 τότε
1059 3639 1186 3721 ἐπέτρεψε
1199 3647 1253 3708 τοῖς
1267 3646 1399 3717 μαθηταῖς
1412 3640 1504 3697 αὐτοῦ·
1516 3639 1564 3698 καὶ
1578 3637 1632 3721 γὰρ
1645 3662 1697 3718 με·

125 3735 186 3794 haec
199 3733 312 3805 didicit,
326 3745 389 3792 tunc
409 3732 530 3814 permisit
551 3733 694 3814 discipulis
721 3737 871 3798 suisznam
926 3730 1006 3805 θητθις
1027 3723 1096 3813 εἶχεν
1118 3733 1220 3801 εὐθέως.
1240 3735 1327 3794 Τοῦτο
1349 3731 1527 3811 αἰνιττόμενος
1546 3731 1653 3812 ἔλεγεν·
1666 3731 1699 3792 Ὁ

127 3827 219 3887 statim
241 3825 390 3907 discipulos
414 3824 588 3885 habuit.Hoc
601 3826 775 3889 subindicans
798 3828 872 3890 dice-
927 3827 1054 3908 ἐθνοίρχης
1069 3825 1161 3908 Ἀρέτα
1180 3832 1226 3886 τοῦ
1250 3827 1380 3907 βασιλέως
1401 3826 1521 3908 ἐφρούρει
1538 3825 1591 3899 τὴν
1603 3831 1700 3906 Δαμι-

1 3981 2 3986 ς
16 3918 349 3990 cor,11,bat:Damasci
366 3920 537 3998 proepositus
558 3922 653 3999 gentis
675 3919 778 3981 Aretoe
797 3925 873 4003 regis
928 3923 1031 3992 σκηνῶν
1045 3919 1138 3994 πόλιν,
1151 3919 1248 3979 πιέσαι
1264 3941 1297 3996 με
1312 3918 1403 3980 θέλων.
1426 3919 1480 3978 Καὶ
1500 3918 1552 3998 ὅρα
1568 3920 1615 3980 τὸν
1626 3922 1700 3999 εθαγ·

0 4030 1 4037 ’
129 4014 310 4074 custodiebat
322 4015 473 4071 civitatem
489 4013 754 4089 Damascenorum,
769 4017 874 4076 uolens
928 4011 1050 4093 γελιστλν
1065 4011 1137 4072 οὐδέν
1152 4010 1296 4091 φιλοτίμως
1308 4009 1501 4091 λέγοντα,οθδέ
1514 4011 1642 4093 λαμπρὸν
1652 4013 1702 4071 δτι·

130 4127 175 4164 me
188 4104 438 4184 comprehendere.
457 4103 495 4163 Et
520 4104 583 4166 vide
597 4106 790 4185 evangelistam
805 4107 875 4167 nihil
929 4104 1024 4165 κνύντα
1045 4104 1089 4163 τὸν
1112 4105 1231 4179 Παῦλον,
1247 4102 1316 4164 ἀλλὰ
1339 4103 1416 4181 μόνον
1434 4103 1475 4165 ὅτι
1493 4103 1643 4184 ἐπήγειραν
1660 4103 1703 4163 τόν

128 4197 270 4256 ambitiose
280 4197 443 4274 loquentem,
453 4219 539 4275 neque
550 4199 666 4258 Paulum
681 4199 785 4258 clarum
797 4199 875 4260 exhi-
931 4194 1050 4274 βασιλέα.
1064 4195 1152 4255 Μόνον
1161 4186 1205 4254 σύν
1217 4195 1293 4255 αὐτὸν
1308 4195 1468 4276 ἐξέπεμψαν,
1482 4194 1529 4255 καλ
1538 4196 1634 4257 attia
1647 4197 1702 4276 μετ’

128 4287 481 4368 hentem,sedsolumquod
493 4311 582 4371 regem
592 4290 780 4350 excitaverint.
791 4290 875 4350 Illum
930 4294 1020 4350 αὐτοῦ.
1032 4288 1086 4349 Καὶ
1100 4297 1177 4350 τοῦτο
1198 4287 1225 4348 δὲ
1246 4288 1444 4370 συμφερόντως,
1462 4287 1533 4348 ὥστε
1556 4288 1636 4348 αὐτόν
1657 4312 1705 4370 φα·

130 4381 216 4461 igitur
225 4381 313 4440 solum
342 4382 496 4457 emiserunt,
509 4397 534 4442 et
548 4406 611 4443 cum
624 4385 673 4443 illo
687 4385 829 4446 neminem.
843 4384 876 4446 ld
930 4388 1007 4455 νῆναι
1016 4389 1071 4449 τοῖς
1082 4380 1236 4449 ἀποστόλοις
1247 4383 1274 4441 ἐν
1282 4379 1487 4464 Ἱεροσολύμοις·
1503 4383 1608 4459 μᾶλλον
1619 4379 1649 4442 δέ
1658 4382 1705 4441 αθ-

129 4494 238 4554 qnoque
256 4487 446 4553 congruenter,
461 4489 492 4533 ut
505 4475 562 4556 ipse
580 4477 708 4557 apostolis
723 4479 751 4538 in
770 4480 877 4539 Jerusa-
893 4471 912 4520 Β
931 4476 972 4536 τοὶ
989 4477 1035 4555 μὲν
1048 4473 1213 4555 ἐξέπεμψαν,
1232 4478 1269 4542 ῶς
1292 4476 1323 4533 ἐκ
1339 4471 1431 4533 τούτου
1449 4471 1540 4532 λοιπὸν
1555 4477 1646 4553 ἑαυτῷ
1659 4470 1706 4545 τὴν

130 4565 185 4624 lem
198 4585 256 4623 sese
275 4564 509 4625 ostenderet:imo
531 4566 573 4625 illi
588 4567 699 4645 quidem
718 4571 874 4647 emiserunt,
932 4567 1065 4650 σωτηρίαν
1088 4566 1260 4647 πορίσασθαι·
1280 4565 1355 4633 αύτθς
1380 4563 1408 4624 δέ
1427 4564 1578 4625 τούναντίον
1591 4564 1706 4647 πραττό

133 4671 164 4716 ut
174 4657 273 4717 deinde
297 4657 354 4738 ipse
375 4657 489 4717 salutem
503 4680 579 4718 sunm
594 4676 717 4739 curarct;
737 4664 794 4745 ipsc
812 4687 877 4725 vero
932 4684 1020 4740 μενος,
1041 4663 1077 4726 εἰς
1095 4658 1153 4726 τοὺς
1169 4657 1339 4737 μαινομένους
1355 4655 1427 4724 εὐθὺς
1444 4656 1610 4731 ἐπεπήδησε.
1622 4654 1707 4720 Τῶτί

133 4752 298 4811 eontrarium
313 4751 422 4828 iaciens,
437 4751 474 4811 ad
487 4753 606 4813 lucentes
616 4755 706 4814 statim
719 4758 874 4818 transilivit.
931 4757 987 4815 ἐστι
1007 4757 1197 4836 πεπυρῶσθαι,
1217 4759 1293 4812 τοῦτο
1315 4752 1432 4831 μάλιστα
1447 4753 1507 4818 ζεῖν.
1523 4751 1580 4811 Kal
1601 4751 1708 4824 σκόπει,

134 4844 192 4904 Hoc
206 4860 245 4905 est
261 4844 378 4921 incendi,
393 4845 446 4904 hoe
461 4845 579 4904 maxime
592 4848 701 4908 fervere.
717 4849 757 4909 Et
766 4872 879 4932 perpen-
929 4852 985 4914 πῶς
999 4850 1147 4917 ἀκολουθεῖ,
1163 4849 1193 4905 ἐκ
1206 4844 1313 4927 πρώτης
1327 4843 1430 4925 ἡμέρας
1451 4848 1541 4927 τηρῶν
1556 4844 1588 4904 τὸ
1603 4844 1709 4926 παρέγ·

135 4938 169 4997 de
183 4938 318 5017 quomodo
336 4953 478 5018 sequatur,
501 4961 517 4997 a
538 4940 627 5020 primo
647 4940 693 5000 dic
713 4958 879 5024 preceptum
929 4946 1032 5023 γελμα,
1045 4939 1109 5021 ὅπερ
1125 4939 1240 5011 ἤκουσαν
1256 4942 1280 4997 oi
1295 4938 1454 5012 ἀπόστολοι,
1468 4938 1516 5012 τὸ,
1531 4937 1598 4998 'Eis
1619 4938 1658 5018 μί,
1672 4959 1709 5002 τις

1 5056 73 5101 paup,
90 5069 125 5101 ro.
136 5053 253 5109 servans,
261 5031 332 5111 quod
344 5031 489 5092 audierunt
497 5033 611 5113 apostoli
622 5058 629 5091 τ
639 5037 706 5096 Nisi
715 5040 780 5116 quis
793 5037 880 5096 tollat
930 5035 981 5114 ἄρῃ
993 5033 1037 5092 τὸν
1050 5031 1160 5111 σταυρὸν
1180 5034 1272 5103 αὐτοῦ,
1283 5029 1329 5088 καλ
1349 5029 1514 5108 ἀκολουθήσῃ,
1532 5053 1587 5108 μοι.
1604 5030 1647 5090 Τὸ
1658 5028 1710 5089 τοί·

2 5115 26 5163 8.

174 5264 184 5287 ⁰
196 5246 242 5298 ilii
254 5253 384 5308 διδάσκαλος
394 5256 439 5321 γὰρ
449 5249 511 5307 οὗτος
522 5254 554 5308 ἦν.
572 5254 600 5308 ὡς
611 5252 643 5302 δέ.
980 5246 991 5277 ⁶
1005 5243 1051 5296 Alii
1064 5250 1110 5316 ἅμα
1123 5247 1210 5315 φεύγει,
1223 5245 1334 5308 οὐδαμῶς.
