3742 5970
515 473 550 520 uu
576 470 665 519 aera
690 461 953 517 arosrosouuu.
986 461 1106 511 noun.
1132 462 1232 510 xxiii.
1575 430 1644 501 ποθ

78 604 147 669 atnoe
163 601 217 661 τῶν
233 601 340 672 κακῶν,
355 598 395 678 μὴ
410 596 527 664 κολάσας
546 594 613 675 μηδί
623 591 850 673 τιμωρησάμενος.
904 585 991 645 multo
1004 584 1128 645 meliores
1144 598 1170 644 et
1188 579 1392 665 praestantiores.
1404 580 1490 641 Nemo
1503 576 1587 658 igitur
1598 575 1644 636 di·
1683 595 1743 640 neu·
1755 610 1799 639 αωι

76 694 132 754 Εἰπὲ
143 693 198 775 γάρ
210 716 274 770 μοι,
284 691 318 750 ἂν
333 691 426 771 ἄρχων
440 685 530 748 λαθὼν
542 685 621 768 φονέα
636 690 690 766 ἀφῗΙ
699 730 707 759 ,
717 687 770 742 τῶν
785 678 852 760 μετὰ
904 690 956 751 eat,
970 678 1058 737 Deum
1071 697 1127 737 esse
1142 676 1220 736 nobis
1229 695 1337 734 causam
1351 672 1494 746 malorum,
1505 669 1578 749 quod
1592 689 1646 729 nou
1656 667 1799 766 :zwffl

76 811 150 845 »m
169 784 260 865 φόνων
274 783 355 850 αὐτὸς
373 775 457 848 αἴτιος
477 768 544 839 εἶναι
566 777 696 858 κρίνεται;
711 775 852 852 Οὐδαμῶς.
905 770 1011 851 puniat,
1023 791 1071 829 nec
1079 769 1245 850 supplicium
1258 768 1365 827 inierat.
1381 765 1515 826 Dicenim
1529 763 1648 843 mibi,si

77 879 191 944 Καλπῶς
207 875 287 936 αὐτοὶ
306 883 367 943 ταῖς
380 873 466 939 ἀθέοις
479 870 612 951 γλώσσαις
627 869 739 936 διδόντες
751 864 854 945 ὑθρίζε-
905 862 1029 943 princeps
1041 861 1177 944 quispiam
1196 875 1306 942 captum
1322 858 1489 919 homicidam
1500 857 1647 933 dimiserit,

78 971 189 1032 σθαιτθν
213 969 288 1031 Θεὸν
303 970 339 1027 δι’
352 957 391 1026 ὧν
403 968 554 1044 τολμῶμεν,
570 968 600 1024 αθ
624 961 777 1038 δεδοίκαμεν
795 955 855 1018 οθθθ
906 974 941 1012 an
953 953 1121 1032 sequentium
1143 951 1259 1012 caedium
1273 965 1368 1011 auctor
1385 972 1441 1011 esse
1461 949 1648 1031 judicabitur?

80 1065 230 1146 ορίπομενς
241 1061 282 1122 Τί
292 1061 348 1143 γὰρ
360 1064 408 1121 σιἀι
417 1064 518 1142 ἐροῦσις
531 1057 558 1118 τί
569 1056 612 1117 δαί
625 1057 655 1115 οθ
667 1050 856 1134 *φθίγξονταις
906 1044 1031 1105 Minime.
1048 1044 1083 1103 Et
1098 1042 1243 1123 quomodo,
1257 1042 1325 1102 dum
1346 1043 1438 1124 impiis
1450 1042 1551 1124 linguis
1564 1042 1648 1102 audc-

80 1132 156 1225 ffig
170 1159 265 1222 ὠςοῑς
278 1155 424 1234 ζπίτρςψς,
437 1151 531 1233 φησίν·
547 1152 629 1231 ἐχρῆν
647 1146 699 1228 γὰρ
715 1143 855 1214 ἀξίαιςδν-
870 1151 890 1198 t:
908 1158 968 1196 mus
983 1138 1041 1197 Deo
1062 1136 1252 1196 contumeliam
1268 1136 1376 1210 inferre,
1386 1156 1439 1194 non
1451 1136 1588 1209 timemus,
1601 1155 1650 1194 nec

80 1276 121 1318 τας
132 1250 270 1320 ασλάσαι,
283 1252 314 1309 ὠ
327 1256 425 1325 τιμᾶν,
436 1243 494 1305 root
505 1249 661 1324 στεφανοῦν,
674 1243 703 1300 οὗ
717 1243 769 1298 τῶν
781 1260 857 1319 πρω-
907 1227 1140 1287 exhorrescimus?
1156 1227 1233 1299 Quid
1247 1227 1319 1287 enim
1331 1248 1384 1286 non
1395 1226 1507 1286 dicent?
1516 1226 1585 1305 quid
1596 1246 1650 1286 non

80 1339 352 1421 ubrepanBsSo'sm,
364 1305 561 1404 ἀλλάιιολιίζειν
573 1327 856 1412 καὶτιμωρεῖσθαι.“0
907 1319 1067 1398 loquentur?
1092 1321 1155 1401 lpse
1178 1320 1316 1401 permisit,
1340 1319 1490 1400 inquiunt:
1511 1319 1651 1401 oportebat

82 1436 128 1496 με
136 1434 223 1514 μηδ”,
233 1456 263 1492 τι
273 1438 391 1493 ,ow
406 1431 493 1497 αὐτοῖς
506 1431 600 1498 ποῶ,
615 1427 674 1487 ἀλλ’
687 1423 744 1485 ἀπ’,
757 1420 856 1482 τούτων
907 1411 980 1471 enim
993 1410 1090 1492 dignos
1099 1411 1234 1493 supplicio
1243 1433 1296 1472 non
1307 1411 1449 1489 bonorare,
1461 1431 1514 1470 non
1524 1432 1652 1471 coronare

81 1527 121 1586 ιαλ
134 1529 235 1597 τιαὲιν,
245 1521 382 1590 τοιαίτους
392 1518 482 1586 αὐτοὺς
494 1518 678 1598 ἀπεργάζεται.
693 1516 750 1590 Μὴ,
764 1512 858 1592 δέομαι
909 1526 962 1565 uon
980 1506 1100 1587 primatu
1120 1504 1238 1585 dignari,
1250 1504 1296 1564 sed
1318 1505 1414 1586 punire
1429 1518 1456 1564 et
1479 1503 1590 1580 ulcisci,
1605 1504 1652 1564 ille

82 1619 120 1678 „t
132 1583 287 1689 m,
299 1611 500 1695 μηδςλςςαύιην
514 1611 575 1689 περὶ
588 1612 665 1689 ἡμῶν
683 1598 736 1690 ἀφῇ
750 1607 858 1686 ιηνφω-
908 1621 972 1662 vero
985 1615 1089 1673 contra,
1103 1601 1170 1660 dum
1184 1600 1245 1660 illos
1258 1601 1382 1677 honorat,
1391 1600 1457 1660 tales
1473 1600 1546 1682 ipsos
1558 1599 1651 1659 efficit.

82 1711 254 1783 γῇωΒέλςωε
268 1730 353 1788 χαπσρ
387 1703 596 1784 ”ναιμυρισίκις,
612 1701 722 1774 ἣταῦτα
735 1701 857 1762 τθνΘεν
909 1695 959 1771 Ne,
968 1716 1057 1774 quaeso
1067 1707 1093 1754 et
1102 1715 1160 1769 oro,
1169 1715 1203 1753 ne
1211 1693 1346 1774 quispiam
1357 1708 1477 1753 nostrum
1485 1694 1567 1753 talem
1576 1692 1653 1752 emit·

85 1808 188 1864 tantam
202 1803 238 1861 δι’
256 1807 343 1878 ἡμᾶς.
390 1819 440 1857 πον
453 1795 582 1873 αὐτῷκαὶ
597 1794 734 1855 Ἰουδαῖοι·
750 1792 785 1853 Ὁ
806 1818 857 1854 κα·
908 1799 947 1846 ut
964 1807 1067 1847 vocem.
1082 1786 1173 1847 Satius
1194 1786 1276 1846 tuerit
1293 1786 1438 1846 sexcenties
1452 1785 1553 1860 defodi,
1569 1806 1652 1863 quam

85 1890 179 1950 τελείων
191 1890 238 1950 τθν
253 1888 330 1960 ναδν,
340 1885 385 1944 καί
394 1889 421 1945 ts
435 1883 521 1967 τρισίν
527 1882 639 1962 ἡμέραις
649 1881 757 1964 ἐγείρων
767 1881 856 1953 αὐτὸν,
908 1880 997 1938 Deum
1004 1900 1053 1960 per
1066 1900 1114 1938 nos
1123 1878 1188 1938 talia
1197 1878 1300 1938 audire.
1311 1879 1496 1957 Dicehautiili
1506 1892 1532 1938 et
1541 1877 1649 1941 Judaei:

87 1989 160 2044 σῶσαι
174 1980 306 2044 σπαστόν·
325 1976 371 2038 καί
389 1975 481 2050 παλιν,
497 1978 520 2035 εί
535 1974 596 2042 itte
611 1964 636 2034 εἶ
651 1981 697 2034 τοῦ
710 1977 794 2047 Θεοῦ,
808 1997 856 2032 κα·
911 1977 968 2054 Qui
979 1978 1103 2035 destruis
1116 1975 1265 2055 templum,
1278 1979 1350 2035 etin
1362 1978 1454 2035 tribus
1467 1977 1569 2034 diebus
1581 1995 1652 2034 νεα-
1662 1987 1748 2035 Maera.
1763 2001 1804 2048 ας.

87 2075 146 2135 <tte
159 2074 214 2135 ἀπὸ
227 2078 278 2133 τοῦ
288 2074 414 2150 σταυροῦ.
428 2066 509 2128 Ἀλλά
520 2072 604 2127 ταῦτα
615 2064 720 2127 ἀντείνων
731 2064 856 2147 χαλεπαί-
863 2117 900 2157 m
908 2067 1013 2149 defleas
1031 2068 1124 2141 illud,
1143 2067 1230 2128 salva
1252 2071 1446 2147 temetipsum
1460 2080 1486 2126 et
1507 2088 1616 2126 rursum
1641 2089 1648 2124 τ
1661 2055 1700 2118 4⁰·

88 2191 150 2250 τερα.
160 2165 212 2233 'lv'
227 2157 276 2224 οὖν
290 2161 330 2243 μὴ
347 2160 392 2239 ἐξῇ
408 2161 442 2219 δι’
457 2165 529 2239 ἡμᾶς
543 2158 669 2240 πονηρίας
687 2158 764 2219 αθτθν
787 2157 857 2218 dedei-
874 2159 939 2220 ASi
951 2160 1048 2219 Filius
1066 2160 1125 2218 Det
1142 2180 1183 2231 es,
1200 2160 1341 2219 descende
1358 2161 1395 2218 de
1411 2180 1504 2219 cruce.
1519 2158 1572 2219 Sed
1593 2159 1653 2219 btec

89 2264 174 2322 ωιλαμ
187 2258 335 2340 λέγεσθαι,
348 2251 417 2332 μηδὲ
436 2254 507 2334 αὐτῷ
526 2251 610 2332 τούτῳ
628 2256 667 2333 τῷ
689 2254 857 2332 βλασφημεῖ·
908 2250 963 2310 itlis
977 2265 1040 2312 sunt
1054 2252 1188 2331 graviora.
1199 2254 1240 2312 Ne
1251 2251 1340 2332 itaque
1350 2273 1399 2334 per
1413 2273 1460 2312 nos
1471 2251 1549 2313 liceat
1563 2253 1653 2334 ipsum

91 2363 142 2415 σθαι
151 2353 277 2414 buddam
294 2353 330 2429 τῇ
352 2346 460 2408 κολάσαι
473 2343 608 2425 γενώμεθα
626 2349 686 2419 (Δι’
700 2348 768 2423 ὑμᾶς
792 2343 858 2426 γὰρ,
909 2343 964 2403 diei
977 2344 1128 2424 iniquitatis
1141 2343 1287 2418 doctorem,
1300 2366 1386 2425 neque
1397 2367 1433 2405 ex
1445 2344 1512 2427 ipsis
1523 2344 1653 2426 blaspbe-

94 2448 159 2528 ρῳὶ,
172 2447 204 2506 τὸ
226 2443 316 2523 ὄνομά
340 2463 391 2520 μου
409 2442 605 2520 βλασφημεῖται
623 2442 651 2499 ἐν
670 2447 724 2507 τοῖς
740 2439 857 2512 ίθνεσι)·
909 2434 971 2494 miis
980 2435 1115 2517 supplicio
1125 2436 1237 2497 obnoxii
1252 2436 1496 2512 efficiamur(nam
1510 2437 1559 2511 ait,
1573 2439 1653 2497 Pro-
1663 2450 1807 2514 nomast.

95 2538 206 2599 τάναντία
229 2534 389 2611 ποιήσωμεν
399 2531 536 2612 λέγεσθαι,
550 2531 628 2600 ἀξίως
648 2537 695 2590 τοῦ
718 2533 860 2597 καλοῦντος
907 2539 974 2609 pter
987 2549 1042 2588 vos
1057 2550 1163 2589 nomen
1177 2552 1272 2590 meum
1285 2531 1505 2612 blasphematur
1518 2536 1550 2591 in
1556 2535 1654 2612 genti-

96 2629 295 2710 πλατυνόμενοι,
320 2624 366 2686 καὶ
390 2628 430 2706 τῷ
442 2628 490 2696 τῆς
504 2623 632 2693 υἱοθεσίας
643 2623 794 2707 προσιόντες
812 2628 861 2703 βα·
912 2619 1102 2697 bus).·demus
1119 2643 1240 2703 operam,
1253 2635 1284 2683 ut
1304 2623 1438 2683 contraria
1456 2622 1593 2699 dieantur,
1607 2622 1655 2683 di-

97 2724 221 2802 ιτίσματε.
232 2720 342 2786 Ὄντως
353 2714 405 2798 γὰρ
416 2715 520 2797 μεγάλη
533 2722 579 2776 τοῦ
590 2714 772 2796 βαπτίσματος
785 2724 802 2791 ἡ
817 2716 860 2777 δύ·
911 2735 993 2794 gnam
1005 2716 1144 2777 vocatione
1161 2729 1249 2777 nostra
1263 2716 1350 2778 vitam
1362 2716 1500 2794 ducentes,
1514 2730 1541 2776 et
1554 2716 1592 2777 ad
1604 2718 1654 2777 ba·

39 2848 41 2852 ·
99 2837 173 2892 θμιτ·
185 2814 284 2879 ἀλλους
294 2809 353 2870 ἀντ’
368 2809 456 2868 ἀλλων
467 2816 538 2869 ποιεῖ
551 2809 612 2877 τοὺς
626 2811 861 2891 μετασχόνταςτῆς
910 2808 1010 2892 ptisma
1027 2810 1180 2892 adoptionis
1201 2810 1364 2870 aecedentes.
1379 2813 1452 2873 Vere
1468 2832 1586 2891 namque
1598 2833 1656 2871 ma-

39 2895 44 2968 ἰ
101 2907 194 2987 δωρεᾶς·
209 2907 260 2966 obse
273 2900 384 2983 ἀφίησιν
394 2891 463 2959 εἶναι
472 2899 624 2977 ἀνθρώπους
633 2900 692 2970 rob<
702 2900 860 2982 ἀνθρώπως.
912 2923 965 2985 gne
982 2918 1022 2965 est
1038 2905 1081 2967 vis
1104 2904 1244 2987 baptismi,
1258 2923 1317 2984 quae
1336 2902 1402 2964 doni
1426 2919 1561 2966 consortes
1588 2906 1657 2965 alios

39 2972 45 3017 ί
100 2999 198 3071 πωπω
210 2992 863 3076 eu‘nuaumsaamtffioamutae
912 3017 946 3057 ex
965 2996 1028 3057 auis
1044 2997 1127 3056 auco
1140 3021 1146 3054 :
1158 3017 1210 3057 non
1226 2995 1291 3057 suu
1307 2996 1429 3056 uomina
1447 3017 1503 3056 ase
1520 2983 1653 3057 somne.

101 3096 194 3169 ματοςὴ
207 3088 336 3166 δύναμις,
349 3085 392 3147 δτι
415 3084 591 3166 μετίπλασεν,
606 3087 647 3146 θτι
663 3085 861 3169 μιτερριίθμισε.
913 3089 976 3165 Pac,
988 3103 1018 3149 ut
1033 3089 1141 3171 gentilis
1153 3089 1244 3151 erodat
1256 3110 1383 3170 magnam
1395 3109 1453 3150 esse
1465 3088 1584 3171 Spiritus
1596 3089 1656 3149 vir·

101 3185 127 3245 Τί
141 3185 184 3251 τδς
202 3182 324 3263 ἐσχάτας
341 3179 475 3247 ἀναπνοίις
495 3179 647 3258 ἀναμίνεις,
667 3185 702 3248 ὡς
717 3180 862 3261 δραπέτης,
913 3195 1009 3259 tutem,
1024 3204 1083 3262 quae
1093 3182 1274 3259 transformet,
1287 3203 1347 3261 quae
1361 3195 1529 3242 transmutet.
1541 3183 1597 3240 Cur
1609 3203 1658 3242 ex·

103 3280 291 3357 δςισααῦργος,
305 3277 343 3341 ὣς
358 3274 408 3331 οθα
421 3271 531 3352 ὀφείλων
548 3277 587 3354 τῷ
600 3277 663 3353 Θεῷ
681 3276 774 3347 ζῆσαις
787 3274 815 3333 τί
826 3277 862 3342 ὡς
877 3295 895 3342 ιι
912 3287 1011 3335 tremos
1017 3275 1267 3356 balitusexspectas
1277 3288 1307 3333 ut
1316 3275 1458 3355 fugitivus,
1467 3276 1657 3349 utsecleratus,

104 3369 152 3449 τρθς
162 3372 250 3441 ἀπηνῆ
264 3389 327 3425 τινα
340 3363 387 3423 καὶ
401 3364 475 3442 ὠμὸν
491 3363 560 3444 ἔχων
573 3364 711 3437 Δεσπότην
722 3364 791 3425 otro
807 3366 863 3426 θιιί-
914 3381 943 3426 ut
957 3368 1005 3448 qui
1019 3389 1072 3430 uon
1082 3366 1179 3427 debeas
1192 3369 1250 3427 Deo
1260 3368 1375 3428 vivere?
1388 3390 1436 3428 cur
1445 3369 1483 3428 ita
1496 3369 1607 3428 affectus
1620 3388 1658 3442 es,

39 3461 41 3529 J
104 3460 228 3536 ιεισαιςτί
247 3456 425 3540 ψυχρότερον,
440 3457 467 3516 τί
486 3458 715 3539 ταλαιπωρότερον
729 3463 781 3520 τῶν
802 3458 862 3520 τότε
913 3482 944 3521 ac
954 3462 977 3522 si
991 3462 1169 3522 inhumanum
1179 3475 1205 3520 et
1219 3460 1355 3521 crudelem
1365 3461 1477 3521 haberes
1488 3460 1657 3520 Dominum?

39 3564 45 3633 g
104 3555 216 3616 λαδάαννν
229 3553 263 3613 τὸ
277 3550 514 3634 φώτισμα;Φίλον
528 3575 558 3611 σε
572 3551 862 3627 θποίησενδθεὸς,καί
913 3552 980 3631 quid
1002 3552 1145 3633 frigidius,
1168 3550 1235 3631 quid
1257 3552 1437 3612 miserabilius
1460 3552 1506 3630 iis,
1527 3551 1576 3631 qui
1594 3565 1660 3612 tunc

92 3649 188 3728 ,meme
200 3646 301 3718 ἠξίωσε
319 3648 373 3702 τῶν
389 3647 504 3720 ἀγαθῶν,
518 3642 561 3703 ίνα
575 3643 638 3704 ’καὶ
654 3645 731 3713 αθτδς
745 3646 861 3727 ἐπιδείξῃ
912 3645 1047 3726 baptisma
1070 3645 1225 3726 accipiunt?
1247 3645 1373 3705 Amicum
1393 3658 1419 3704 te
1439 3645 1503 3704 iecit
1520 3646 1610 3723 Deus,
1632 3658 1660 3704 et

103 3739 274 3820 τδτῶφίλον.
288 3735 358 3796 Εἰπὲ
384 3736 492 3812 δήμσι,
515 3740 539 3797 εί
558 3737 592 3797 τά
615 3738 719 3819 μεγάλα
733 3739 862 3814 ἠδίκησας
914 3738 1040 3798 omnibus
1059 3737 1187 3818 dignatus
1210 3752 1249 3796 est
1267 3737 1355 3813 bonis,
1378 3751 1407 3795 ut
1425 3739 1524 3818 etipse
1543 3758 1584 3812 ea,
1597 3760 1660 3818 quae

104 3830 130 3899 τίς
139 3856 192 3891 τινα
204 3829 253 3890 καί
264 3827 392 3909 θὸρισας,
405 3828 451 3886 καί
472 3828 574 3909 μυρίοις
585 3830 663 3891 αθτθν
684 3830 794 3892 ὀνείδεσι
814 3856 862 3892 πε-
913 3829 995 3889 amici
1013 3844 1084 3907 suut,
1097 3830 1233 3890 exhibeas.
1249 3829 1301 3889 Dic
1318 3829 1397 3903 mihi,
1411 3826 1434 3888 si
1449 3829 1604 3911 quempiam
1617 3830 1661 3889 in-

104 3922 215 4002 μθαλων,
227 3925 265 3990 είς
280 3921 330 3986 τὰς
350 3927 442 4000 χεῖρας
455 3920 576 3989 ἔνέπεσις
592 3927 637 3980 τοῦ
651 3921 863 4002 ὑθρισθίντος,δ
910 3921 992 4002 juriis
1011 3936 1037 3981 et
1055 3921 1160 4003 probris
1181 3921 1313 3981 affecisses
1330 3921 1515 4000 sexcentisque
1532 3921 1662 3981 conviciis

104 4014 192 4074 θίάνεθ
212 4011 316 4073 τούτων
340 4010 465 4089 ἐτίμησε,
479 4012 526 4071 καί
544 4016 597 4071 τῶν
613 4017 691 4072 αὐτοῦ
714 4014 862 4092 μετέδωκεν
914 4033 1059 4087 onerasses,
1075 4027 1101 4071 et
1114 4013 1142 4072 in
1156 4035 1251 4072 manus
1265 4014 1323 4093 ejus
1345 4012 1506 4084 incidentem
1520 4013 1661 4073 teillevi-

105 4107 217 4184 ἁπάντων,
230 4105 278 4167 καὶ
296 4107 325 4164 ἐν
338 4113 393 4171 τοῖς
406 4103 490 4184 φίλοις
503 4107 543 4184 ἐφ’
555 4095 593 4163 ὧν
605 4104 731 4184 θθρίσθη,
745 4107 790 4167 ἐπὶ
800 4107 862 4168 τού·
876 4119 896 4169 c
914 4104 1004 4164 cissim
1024 4104 1179 4179 honoraret,
1194 4118 1220 4163 et
1238 4125 1348 4163 suorum
1366 4104 1487 4164 omnium
1511 4118 1660 4165 consortem

105 4224 144 4259 aa
154 4225 180 4261 σε
199 4199 385 4281 ἐστεφάνωσε,
400 4197 446 4256 καὶ
470 4196 564 4276 ἔφησεν
579 4201 615 4262 ὡς
628 4198 683 4258 otti
708 4198 778 4280 ἔχειν
796 4200 862 4279 γνή-
914 4199 1022 4277 faceret,
1034 4212 1059 4256 et
1074 4199 1144 4257 inter
1156 4197 1256 4257 amioos
1266 4218 1316 4278 pro
1330 4197 1414 4257 illatis
1427 4197 1536 4277 injuriis
1548 4212 1574 4258 te
1584 4218 1661 4258 coro·

106 4316 155 4362 τισν,
169 4285 225 4354 εἶτα
245 4293 344 4360 εὐθέως
363 4289 506 4350 ἀπέθανεν·
523 4289 571 4348 οὖν
591 4289 622 4348 δν
636 4290 733 4369 ζημίαν
747 4291 777 4351 τθ
788 4302 861 4372 πρᾶ-
915 4305 1002 4368 naret,
1014 4305 1093 4371 teque
1111 4305 1140 4350 ut
1154 4311 1312 4370 germanum
1325 4290 1415 4349 filium
1431 4290 1530 4351 habere
1545 4290 1660 4368 eliceret,

106 4409 148 4463 ηιτ
162 4386 294 4464 ὶνιίμισαςς
306 4387 357 4444 οὐκ
369 4384 399 4442 ἀν
414 4372 499 4454 είπες,
516 4381 663 4460 ἐθουλόμην
680 4384 757 4444 αθτδν
777 4389 863 4454 ζῶντα
915 4384 1068 4463 deindeque
1081 4382 1171 4442 subito
1189 4395 1359 4441 moreretur:
1374 4401 1461 4441 annon
1480 4382 1611 4442 damnum
1628 4383 1662 4442 il·

108 4465 172 4553 εἶναι,
182 4477 225 4537 θνα
238 4479 345 4547 δυνηθῶ
359 4476 501 4535 ἀποδοῦναι
517 4472 564 4540 τάς
581 4472 708 4552 ἀμοιάθις,
725 4475 769 4536 ἵνα
782 4477 863 4554 ἀμεί-
915 4476 965 4535 lud
977 4497 1033 4535 csso
1047 4473 1330 4534 existimarestannon
1340 4471 1453 4547 diceres,
1464 4474 1569 4533 Vellem
1582 4474 1661 4533 illum

110 4567 254 4644 θαμαι,ίνα
265 4568 305 4646 μὴ
319 4567 400 4634 amb<
414 4570 488 4647 φανῶ
506 4565 566 4647 περὶ
579 4566 624 4626 τθν
635 4567 771 4649 εὐεργέτην
776 4594 785 4644 ;
796 4560 864 4631 Eira
916 4569 1018 4642 vivere,
1035 4582 1064 4626 ut
1078 4587 1184 4648 possem
1199 4565 1285 4628 vioem
1300 4565 1413 4625 reddere
1423 4587 1454 4624 ac
1467 4566 1619 4647 rependere,
1629 4588 1662 4625 ne

112 4657 142 4714 ἀπ’
158 4660 291 4744 ἀνθρώποιο
312 4661 360 4738 μὲν
378 4657 475 4725 οὕτως·
495 4656 585 4717 tutet
608 4664 654 4718 τοῦ
665 4662 735 4720 Θεοῦ
750 4661 865 4721 σπουδαί·
916 4661 1038 4742 ingratus
1048 4682 1111 4740 erga
1125 4660 1321 4719 benefactorem
1333 4660 1533 4721 viderertJam
1548 4660 1587 4718 sic
1599 4679 1662 4737 erga

113 4749 346 4826 ίειτάπελθεῐν,ίνα
364 4749 402 4829 μὴ
417 4749 517 4830 ἀμείψῃ
537 4749 582 4808 τὸν
598 4750 736 4833 εὐεργέτην
750 4757 803 4813 τῶν
817 4776 865 4813 το-
916 4756 1054 4815 hominem
1071 4755 1184 4815 affectus
1201 4775 1247 4830 es3
1262 4768 1288 4813 et
1307 4775 1370 4813 eum
1386 4752 1421 4813 de
1434 4754 1492 4813 Deo
1510 4753 1608 4832 agitur,
1624 4751 1663 4810 ita

116 4864 194 4901 ww
207 4847 322 4926 θωμῶη
336 4843 390 4903 Καὶ
415 4840 469 4920 μὴν
489 4841 549 4902 τότε
571 4843 714 4924 πρόσελθε,
727 4844 772 4906 ὅτε
790 4847 866 4908 αὐτὸν
916 4847 1044 4910 decedere
1057 4869 1144 4922 curas,
1156 4862 1185 4906 ut
1199 4860 1238 4908 tot
1250 4867 1392 4906 munerum
1403 4844 1491 4906 datori
1506 4846 1594 4905 vicem
1608 4866 1662 4904 non

119 4930 206 4993 θίασοι
227 4944 279 5004 τοῖς
296 4935 360 5004 ίσοις
385 4933 560 5014 ἀμείψασθαι.
577 4934 614 4995 Τί
637 4934 756 5017 φεύγιιςς
771 4939 786 4970 *
795 4940 864 5011 Ναὶ,
917 4940 1067 5023 rependas?
1078 4940 1153 5014 Quin
1164 4938 1254 5020 potius
1265 4952 1328 4997 tunc
1339 4936 1514 5012 accederem
1527 4952 1602 5018 potos
1615 4959 1663 5018 pa-

147 5104 290 5172 *ίρθηξανιαι
311 5109 341 5159 D.
356 5117 490 5179 ρθεῃονται
504 5110 586 5158 ceteri
605 5107 675 5160 Editi
687 5121 712 5160 et
725 5109 854 5180 Codices]
904 5121 1015 5170 λαθδνεων
1027 5114 1057 5164 ί).
1069 5125 1094 5164 et
1103 5108 1280 5177 morg.Savil.]
1602 5178 1604 5182 ι

153 5196 161 5216 t
171 5180 233 5232 Idem
243 5186 399 5251 tansmittit,
412 5190 484 5253 μηδεν
496 5209 517 5239 τι
529 5195 630 5241 τοιοῦτον
641 5193 716 5248 αὐτοῖς
724 5203 802 5244 ποιῶν.
935 5194 947 5218 ⁸
961 5194 969 5259 [
980 5203 1002 5248 σι’
1018 5202 1121 5263 τρέμεις
1133 5200 1155 5245 τι·
1164 5195 1279 5252 δέδοικας,
1292 5183 1392 5238 addunt
1403 5187 1434 5242 Ι).
1445 5200 1471 5240 ct
1482 5205 1563 5257 marg.
1574 5189 1664 5258 savit]

155 5273 163 5293 ³
179 5270 210 5311 ιιι
219 5269 275 5322 τᾶσδε
283 5266 345 5318 deest
356 5269 383 5319 in
393 5281 446 5317 uno
455 5263 510 5316 Cod
520 5260 621 5333 [Supra
634 5272 794 5335 λαμδανδνταν
805 5287 852 5336 pro
