3728 5978
659 529 704 575 DE
723 525 918 576 turriensis.

102 654 181 727 λήθη
205 652 250 713 καί
273 652 308 712 ed
327 653 483 735 πράγματα.
500 653 552 715 Καὶ
573 652 625 735 γάρ
646 653 774 720 πολλάκις

102 736 142 815 epi
154 734 244 793 τούτου
259 735 428 813 παρεκάλεσα
442 735 487 792 καί
497 734 637 815 δπέμνησα
647 740 694 793 τοῦ
706 732 775 815 πρά·

102 838 118 879 :·
135 812 205 892 λέγω
224 813 255 884 δή
269 821 315 873 τοῦ
327 816 383 891 μεθ’
398 817 531 891 ὑπομονῆς
548 814 593 872 καὶ
605 813 774 893 εὐχαριστίας

102 917 143 951 ειν
164 899 216 952 τῶν
229 892 327 952 τέκνων
351 893 464 952 καὶτῶν
487 893 559 953 ἰδίων
575 894 621 952 καί
644 897 774 973 sumserint

102 972 206 1050 ιίμησιν,
226 974 331 1188 καλῑμή
354 971 436 1041 οὕτως
461 975 635 1053 ἀσχημονεῖν,
651 971 775 1055 μηδίιδνς

102 1053 175 1120 λότας
186 1052 245 1119 τοὺς
258 1077 279 1112 π
311 1078 323 1121 ς
337 1054 405 1113 Θεὸν
421 1053 546 1120 ἀπιόντας
555 1052 719 1131 λογίζεσθαι·
729 1053 774 1113 καί

102 1157 136 1205 ·α,
151 1131 216 1191 trau
233 1133 255 1190 δ’
296 1157 309 1189 ν
333 1131 423 1203 νήπιοί
444 1156 513 1199 τινες
533 1133 578 1191 καί
602 1133 710 1213 ἄφθορον
730 1133 774 1192 τὸν

102 1211 234 1271 ατέλιπον.
253 1212 301 1271 nrt
324 1210 360 1289 μὴ
383 1211 496 1279 ἐκείνους
518 1211 691 1290 στενάξωμεν,
706 1211 775 1272 ἀλλὰ

102 1291 220 1357 νέαυτοὺς
228 1290 286 1358 τοῦς
296 1295 322 1350 ἐν
334 1291 581 1372 ἁμαρτίαιςζῶντας
592 1292 774 1370 θρηνήσωμεν.

1498 508 1568 606 897

828 649 907 710 Certe
923 670 970 710 vos
984 648 1035 709 hac
1048 649 1084 710 dc
1099 670 1207 731 resaepe
1222 649 1372 710 consolatus
1385 672 1446 711 sum
1456 665 1482 711 et
1491 673 1574 714 τοῖο--

827 729 930 804 monui,
953 751 1012 789 nem
1033 730 1095 790 ede
1107 728 1233 811 patientia
1247 743 1272 789 et
1286 730 1434 810 gratiarum
1451 733 1567 808 actione,

827 808 855 868 in
875 809 983 869 serendo
996 752 1118 869 liliorum
1130 824 1156 868 et
1173 823 1347 889 cognatorum
1365 810 1462 890 exitu;
1488 826 1569 892 atque

827 888 931 948 nonita
947 889 1085 949 inhoneste
1104 889 1241 968 agendum
1254 911 1311 965 esse
1331 890 1403 966 dixi,
1418 899 1568 975 nequegpu·
1662 896 1666 901 ’

826 967 940 1028 tandum
962 991 1018 1029 esse
1032 991 1086 1043 eos,
1108 969 1156 1047 qui
1180 971 1215 1027 ad
1231 971 1319 1028 Deum
1342 972 1502 1050 migrarunt,
1521 994 1571 1055 pe.

827 1048 904 1108 riisse
916 1048 1054 1117 :maxime
1067 1070 1131 1109 vero
1150 1047 1173 1107 si
1194 1049 1309 1108 inlantes
1318 1049 1469 1130 incorrupti
1482 1052 1568 1113 vitam

827 1128 991 1208 reliquerint.
1023 1128 1206 1204 Quamobrem
1235 1150 1289 1188 non
1310 1129 1381 1205 illos,
1401 1130 1449 1189 sed
1477 1133 1569 1212 potius

827 1229 886 1283 nos,
908 1209 955 1299 qui
978 1208 1006 1267 in
1072 1208 1138 1268 catis
1161 1210 1245 1269 vitam
1269 1207 1405 1283 ducimus,
1419 1209 1567 1289 lugeamus.

827 1288 858 1348 si
885 1309 957 1347 enim
975 1231 1071 1348 hoellic
1080 1309 1133 1348 non
1154 1287 1307 1367 vigilemus,
1327 1287 1496 1367 quandonam
1517 1289 1569 1350 de-

102 1397 106 1429 ι
120 1371 235 1451 σήμερον
253 1371 289 1447 μὴ
312 1371 446 1451 νήφωμεν,
460 1371 524 1431 πότε
543 1371 634 1431 λοιπὸν
654 1371 776 1453 ἐπιστρί-
791 1381 808 1427 n
827 1390 903 1427 mum
926 1364 1135 1428 convertemur?
1150 1367 1181 1429 Si
1195 1389 1266 1427 mors
1282 1369 1374 1427 fratris
1387 1369 1427 1427 tui
1440 1383 1466 1428 te
1477 1392 1571 1452 sapere

105 1453 146 1520 ;rl
163 1451 229 1528 μήὸ
248 1450 357 1519 θάνατος
368 1458 413 1511 τοῦ
426 1453 537 1532 ἀδελφοῦ
553 1474 598 1511 σου
620 1453 775 1532 σωφρονίσει
827 1469 880 1507 non
914 1447 1022 1522 suadet,
1045 1448 1106 1526 quis
1132 1461 1158 1506 te
1179 1449 1337 1507 convertet?
1355 1448 1407 1507 nisi
1430 1464 1570 1511 mortuum

102 1531 205 1594 ιλοιπδν
225 1529 376 1628 ἐπιστρέφει
390 1555 434 1604 σε,
448 1536 471 1591 εἰ
491 1531 529 1608 μὴ
544 1531 634 1611 νεκρὸν
655 1532 775 1610 κείμενον
824 1529 956 1608 jacentem
969 1528 1064 1589 videns
1083 1527 1169 1586 vitam
1183 1527 1376 1604 emendaveris,
1392 1529 1500 1607 quando
1512 1545 1570 1590 tan·

101 1632 115 1667 ν
127 1607 256 1689 διορθώση
270 1612 313 1669 τὸν
333 1613 400 1688 βων,
415 1609 479 1670 τότε
500 1610 590 1669 λοιπὸν
613 1612 777 1683 δυσωπήσεις
827 1608 891 1668 dem
904 1609 993 1667 Deum
1007 1607 1131 1666 exorabis
1143 1607 1157 1665 Ρ
1171 1606 1240 1667 Ecce
1255 1607 1390 1680 videmus,
1414 1628 1475 1688 ecce
1488 1627 1570 1690 expe·

102 1688 136 1748 ιόν
146 1711 154 1760 ;
165 1687 233 1748 Ἰδοὺ
255 1690 341 1748 τοίνυν
361 1694 474 1769 δρῶμεν,
489 1688 543 1749 ἰδοῦ
563 1694 630 1766 αὐτῇ
644 1696 678 1767 τῇ
696 1692 777 1774 πείρᾳ

102 1792 184 1844 νομεν.
199 1769 247 1827 Διὸ
266 1767 433 1850 φεισώμεῦα,
446 1772 612 1847 παρακαλῶ,
636 1768 703 1846 μηδὲ
716 1774 775 1852 εἰκῇ

102 1847 155 1919 ίτην
173 1848 382 1929 ταραττόμεθα,
394 1848 461 1925 μηδὲ
479 1852 515 1915 ὡς
534 1849 659 1909 ἀθάνατοι
679 1873 776 1928 φαντα-

102 1953 124 1986 ι,
141 1927 199 1986 Μία
212 1928 264 2008 γδιρ
277 1933 294 2000 ἡ
308 1929 366 1995 ὁδὸς
381 1933 427 1986 τοῦ
447 1929 572 2004 θανάτου,
587 1929 632 1988 καὶ
646 1933 693 1988 οὐκ
707 1931 775 2004 ἄλλη

102 2008 176 2067 ιοινδν
186 2008 216 2066 τὸ
231 2007 366 2087 ποτήριον,
378 2008 421 2066 καὶ
432 2007 500 2066 πῦσι
515 2008 665 2087 διδόμενον·
678 2015 695 2081 ἡ
708 2009 775 2087 μόνη

102 2086 137 2144 vul
148 2087 249 2170 πονηρὰ
267 2086 340 2167 ὥρα·
352 2093 370 2160 ἡ
391 2086 457 2163 μόνη
469 2087 587 2167 γέφυρα,
602 2088 647 2147 καὶ
661 2089 775 2170 πάροδον

102 2189 171 2227 ουσα·
181 2167 211 2226 τὸ
221 2167 328 2227 πάντων
341 2168 431 2249 χρέος,
447 2164 501 2240 Ι“ή
514 2167 580 2245 μόνη
595 2166 715 2250 άπαρχή,
730 2169 776 2228 καλ

102 2270 114 2304 ν
132 2245 220 2314 τέλοςι
235 2253 252 2320 ἡ
267 2246 324 2306 θεία
337 2247 474 2327 μάχαιρα,
489 2248 534 2305 καί
545 2248 604 2327 ὄψιν
621 2248 658 2325 μὴ
670 2248 775 2327 λαμόά·

828 1687 923 1746 rieutia
938 1686 1080 1746 discimus.
1096 1687 1160 1746 Ideo
1170 1687 1248 1746 nobis
1268 1708 1571 1768 parcamus,·quaeso,ne

828 1766 926 1826 frustra
951 1780 977 1826 et
1003 1766 1138 1825 incassum
1162 1767 1313 1844 turbemur,
1333 1788 1419 1846 neque
1442 1789 1490 1828 nos
1516 1770 1571 1829 im-

828 1846 955 1907 mortales
972 1867 1029 1905 csse
1043 1846 1229 1926 imaginemur.
1253 1847 1311 1905 Una
1327 1859 1366 1906 est
1387 1846 1458 1906 enim
1476 1848 1571 1909 mortis

829 1926 886 2003 via,
896 1939 922 1985 et
938 1925 1069 1986 nonalia:
1080 1926 1357 2006 communepuculum
1375 1939 1424 2002 est,
1439 1940 1466 1986 et
1483 1935 1572 1990 omni-

829 2006 880 2065 bus
907 2005 1000 2066 datur:
1017 2026 1070 2064 una
1091 2006 1167 2081 liora,
1186 2019 1213 2065 et
1226 2005 1296 2064 mala
1312 2006 1398 2065 hora:
1417 2026 1482 2086 pons
1501 2030 1572 2069 unus

829 2085 877 2164 qui
902 2085 1007 2144 exitum
1028 2105 1081 2144 non
1097 2084 1198 2144 babet:
1214 2085 1335 2144 omnium
1351 2085 1486 2156 debitum,
1511 2110 1572 2150 unte

829 2163 965 2246 primitive,
985 2177 1010 2223 et
1023 2164 1145 2223 omnium
1159 2164 1232 2224 finis.
1248 2159 1300 2223 Dei
1323 2164 1431 2243 gladius
1446 2179 1495 2240 est,
1524 2170 1572 2248 qui

847 2265 969 2306 ersonatn
992 2265 1042 2304 non
1069 2243 1176 2323 accipit.
1201 2243 1262 2303 Non
1288 2245 1361 2303 enim
1387 2266 1477 2324 regern
1500 2270 1573 2311 mors

114 2327 155 2385 Οὐ
165 2325 217 2407 γὰρ
238 2325 348 2405 βασιλέα
362 2325 464 2406 φρίττει
484 2331 498 2385 ὁ
515 2326 639 2395 θάνατος,
659 2329 707 2386 οὐκ
727 2331 777 2409 ἀρ-
828 2265 929 2399 loiret,
950 2344 1002 2382 non
1028 2322 1191 2382 sacerdotem
1211 2344 1348 2382 summum
1370 2324 1497 2399 honorat,
1520 2349 1573 2389 non

110 2409 231 2485 τιμᾷ,οὐ
241 2405 337 2464 πολιὰν
349 2406 484 2485 οῖκτείρει,
498 2407 528 2465 οὐ
538 2406 633 2474 κάλλος
650 2410 732 2481 ἐλεεῖ,
747 2411 776 2467 οὐ
828 2402 933 2463 senium
955 2403 1109 2472 miseratur,
1130 2423 1184 2462 non
1200 2404 1333 2478 sormam,
1357 2424 1410 2462 non
1435 2405 1572 2485 juventuti
1646 2407 1651 2415 ’

101 2507 128 2553 ος
151 2485 283 2565 φείδεται,
306 2489 335 2545 οὐ
359 2491 484 2566 μονογενῆ
508 2486 726 2567 σπλαγχνίζεται,
746 2488 776 2548 οὐ
831 2483 926 2562 parcit,
956 2504 1010 2541 non
1031 2480 1164 2561 unigeniti
1191 2484 1342 2551 miseretur,
1366 2503 1420 2543 non
1442 2484 1571 2568 lacrymis

102 2588 133 2622 ον
147 2566 357 2644 ἐπικάμπτεται,
372 2568 419 2624 οὐκ
433 2566 549 2645 ἄρχοντα
565 2555 670 2645 τράμιν,
685 2570 714 2627 οὐ
733 2571 811 2625 rvr-G
830 2561 957 2639 flectitur,
982 2584 1036 2622 non
1063 2561 1212 2652 principem
1232 2563 1334 2640 tremit,
1364 2584 1417 2622 non
1441 2577 1572 2644 tyrannos

102 2643 248 2717 ςδέδοικεν,
263 2647 292 2703 οὐ
302 2645 437 2725 χρήμασιν
452 2590 654 2725 ἐίαγοράζεται,
667 2648 697 2706 οὐ
709 2649 778 2726 λαμ·
830 2642 968 2717 formidat,
990 2663 1042 2701 non
1064 2641 1187 2723 pecuniis
1205 2643 1318 2720 vitatur,
1335 2663 1386 2701 non
1406 2644 1502 2705 faeiem
1525 2667 1573 2707 cu·

104 2723 174 2792 τινὸς
199 2724 350 2806 πρόσωπον,
374 2723 432 2783 οὐδὲ
458 2725 538 2784 πάλιν
566 2726 777 2806 ἀντιπρόσωπον,
828 2722 945 2803 juspiam
960 2721 1070 2803 accipit,
1094 2742 1146 2781 non
1166 2724 1273 2802 occiput
1287 2745 1295 2796 3
1310 2721 1357 2782 sed
1377 2744 1469 2783 omnes
1497 2747 1573 2806 aeque

102 2813 166 2862 :doru
178 2803 232 2872 ἴσος
243 2803 533 2886 ἐπέρχεταιδθάνατος.
544 2808 580 2864 Οἱ
589 2805 704 2884 σήμερον
720 2809 777 2884 μεθ’
830 2822 902 2862 mors
925 2801 1040 2862 invadit
1064 2800 1118 2874 Qui
1141 2799 1223 2860 bodio
1245 2801 1393 2877 ¹nobiscum
1415 2818 1488 2876 sunt,
1513 2827 1572 2865 cras

109 2883 197 2964 αὔριον
219 2886 273 2942 ἐκεῖ
290 2885 342 2964 πρὸ
361 2888 457 2962 ἡμῶν·
479 2887 503 2943 οἱ
528 2884 642 2963 σήμερον
667 2888 778 2965 φιλικῶς
828 2881 886 2941 illic
906 2896 968 2941 ante
989 2902 1037 2941 nos
1051 2894 1130 2940 erunt
1146 2905 1152 2937 ε
1170 2882 1217 2960 qui
1231 2880 1312 2940 laodic
1333 2881 1418 2941 amice
1440 2904 1488 2943 nos
1508 2907 1570 2945 am·

102 2962 286 3042 ἰαπαζόμενοι,
307 2962 395 3045 αὔριον
416 2965 534 3030 ἐλεεινῶς
547 2967 590 3045 ὑφ’
611 2967 688 3042 ἡμῶν
709 2989 777 3046 προ·
827 2961 993 3041 plectuntur,
1017 2982 1099 3020 crasa
1115 2961 1191 3021 nobis
1203 2960 1392 3020 miserabiliter
1404 2963 1568 3024 efferenturr

102 3065 188 3140 μενοι·
208 3045 233 3101 οἱ
247 3042 362 3123 σήμερον
381 3047 407 3104 ἐν
427 3047 465 3124 τῷ
491 3044 555 3123 βίῳ,
578 3043 667 3124 αὔριον
690 3049 715 3104 ἐν
738 3050 777 3128 τῷ
827 3042 875 3121 qni
898 3040 980 3131 bodie
1000 3041 1027 3100 in
1042 3040 1114 3114 vita,
1131 3062 1190 3100 cras
1215 3041 1243 3100 in
1263 3043 1405 3122 sepulcro:
1421 3043 1467 3121 qui
1486 3043 1571 3106 bodie

102 3146 141 3203 up·
156 3125 181 3180 οἱ
202 3123 317 3203 σήμερον
330 3125 454 3203 ἐμφανεῖς
471 3122 555 3198 ὄντες,
569 3123 658 3204 αὔριον
672 3128 774 3196 σκωλη-

102 3224 131 3267 ς·
156 3205 180 3261 οἱ
199 3202 314 3282 σήμερον
336 3201 516 3283 μυριζόμενοι,
531 3201 619 3283 αὔριον
639 3204 776 3281 ὀζόμενοι·

102 3305 115 3340 ε
137 3304 161 3341 ,v
182 3271 233 3340 dide
248 3287 409 3363 τρυφῶντες,
424 3283 514 3362 αὔριον
535 3286 588 3342 ἐκεῖ
606 3287 775 3352 πενθοῦντες·

102 3305 169 3428 aibr
183 3364 276 3434 εἰπεῖν,
289 3366 314 3421 οἱ
328 3362 443 3443 σήμερον
460 3361 701 3442 παρασιτοόμενοι,
723 3367 776 3425 αὖ·

102 3449 127 3498 ,εῖ
140 3441 386 3520 καταδικαζόμενοι.
401 3442 457 3509 ote
476 3441 522 3501 καί
534 3443 663 3511 πολλάκις
682 3447 741 3514 ἐπιζ
759 3479 776 3490 -

101 3521 179 3593 ;,καί
192 3520 240 3593 τήν
260 3522 365 3580 ἐκείνοιν
384 3520 508 3600 κοίμησιν
533 3524 684 3602 ἀγνοοῦντες
709 3526 776 3603 πρδς

102 3624 136 3666 ιυς
148 3599 273 3678 λέγομεν·
287 3605 363 3659 ποῦδ
382 3603 452 3660 δεῖνα
466 3601 592 3682 hippon,
615 3603 660 3662 καί
680 3604 775 3666 ἀκούο-
824 3615 863 3661 est
877 3600 923 3660 ille
936 3601 1084 3683 princeps?
1096 3614 1124 3659 ct
1136 3600 1275 3676 audimus,

828 3121 965 3202 conspicui
990 3134 1065 3196 sunt,
1093 3142 1180 3180 crasa
1201 3120 1338 3182 vermibus
1360 3121 1570 3203 rodenturequi

826 3200 908 3260 hodie
918 3201 1061 3290 unguentis
1069 3200 1264 3276 suntdclibuti,
1277 3221 1335 3261 cras
1348 3202 1570 3265 soetenteserunt:

827 3279 875 3359 qui
896 3280 980 3340 hodie
993 3280 1037 3340 bic
1057 3280 1231 3354 deliciantur,
1256 3301 1315 3341 cras
1328 3281 1368 3340 ibi
1381 3282 1514 3361 lugebunt
1525 3308 1533 3341 ε
1544 3299 1571 3346 et

828 3382 881 3420 uno
892 3360 985 3432 verbo,
1001 3360 1049 3440 qui
1063 3360 1144 3420 hodie
1161 3360 1292 3442 parasitos
1315 3362 1425 3439 babent,
1440 3384 1498 3424 cras
1513 3364 1572 3424 illie
1646 3437 1649 3442 .

826 3440 1038 3500 damnabuntur.
1058 3440 1133 3513 Quos
1156 3453 1303 3519 quaerentes
1328 3463 1397 3524 saepe
1410 3457 1440 3502 et
1459 3442 1570 3505 illorum

825 3520 931 3581 obitum
954 3520 1115 3613 ignorantes,
1140 3521 1188 3580 alii
1208 3521 1276 3580 alios
1291 3535 1494 3659 percontamur,
1513 3525 1570 3594 Ubi

1314 3601 1424 3662 raeteriit
1437 3603 1546 3664 demum
1557 3629 1568 3684 γ

102 3679 197 3760 spille
217 3680 318 3740 λοιπόν·
340 3680 398 3753 καὶ,
418 3685 496 3742 ποῦδ
517 3681 644 3755 δυνάστης
663 3684 773 3761 ἐκεῖνοςγ
824 3696 861 3754 et,
876 3680 932 3741 Ubi
947 3680 1045 3741 estillc
1067 3680 1204 3762 dynastes,
1222 3681 1429 3762 interrogamus,
1442 3683 1570 3744 acdisei·

102 3783 136 3825 ιυς
149 3762 299 3840 ἐρωτῶμεν,
313 3760 359 3820 καὶ
376 3762 558 3839 μανθάνομεν,
571 3761 697 3822 ἀπέθανε·
710 3764 756 3823 καλ
764 3811 773 3840 ,
788 3779 807 3826 ti
824 3782 886 3820 mus
900 3775 1036 3819 mortuum
1050 3782 1120 3836 esse;
1134 3774 1169 3836 et,
1181 3760 1238 3820 Ubi
1252 3774 1291 3820 est
1303 3782 1353 3820 rex
1366 3761 1412 3821 ille
1422 3762 1571 3900 superbus?

104 3839 268 3918 ὑπερήφανος
289 3840 425 3919 βασιλεόςς
439 3845 506 3912 ἐκεῖ,
521 3841 601 3921 φησί,
623 3841 773 3924 προάλαῦι·

102 3923 258 3999 οῦὸἑταῑρος
271 3925 285 3979 δ
297 3920 382 3994 δεῖνα;
395 3924 448 3979 ἐκεῖ
460 3920 598 4001 ἐπέρασεν.
610 3920 699 3995 Ἐκεῖ,
710 3930 775 3997 ποῦς

108 3999 259 4070 δδικαστής
271 4004 325 4058 τῶν
340 4001 486 4059 δικαστῶν·
498 4003 568 4071 ἐκεῖ,
581 3999 645 4059 ὅπου
664 4005 678 4059 ὁ
698 4001 775 4080 pode-

102 4082 122 4136 ῖν
144 4079 262 4160 φοόερῶν
283 4079 463 4160 ἰσχυρότερος·
478 4081 549 4151 ἐκεῖ,
567 4080 631 4140 ὅπου
654 4080 776 4158 βασιλεὺς

102 4181 110 4223 ς
130 4158 175 4218 καῖ
187 4158 278 4237 κριτής
288 4160 477 4239 ἀπαραίτητοςι
491 4159 583 4232 Ἐκεῖ,
596 4161 654 4218 Ποῦ
676 4160 742 4243 ἄρα,
756 4160 774 4232 ἢ

102 4240 108 4308 l
128 4241 154 4297 ἐν
169 4237 237 4320 ποίῳ
248 4237 365 4321 τόπῳ,ἣ
381 4243 407 4299 ἐν
418 4239 486 4320 ποίιρ
499 4240 589 4321 τρόπῳ
610 4243 634 4298 οἱ
650 4244 776 4320 παραλαε·

114 4319 303 4399 τυγχάνουσιν,
318 4319 412 4386 Οὐδεὶς
434 4323 516 4378 εἰπεῖν
537 4321 666 4392 ἐδυνήθη·
687 4320 775 4392 ἀλλ’ἢ

102 4406 172 4458 τοῦτο
186 4398 303 4476 οἴδαμεν,
319 4397 359 4459 ότι
377 4401 446 4472 ἐκεῖ,
457 4397 522 4458 ὅπου
544 4403 558 4457 δ
579 4399 656 4477 μόνος
672 4399 776 4469 αἰώνιος

102 4501 141 4545 νος
153 4479 295 4552 ἀθάνατος,
310 4478 375 4538 ὅπου
394 4485 408 4539 δ
422 4479 498 4556 μόνος
514 4480 676 4556 renouarat
699 4480 776 4559 μόνος

102 4580 203 4651 ρωπος,
216 4563 230 4617 ὁ
254 4557 365 4630 ποιητής
387 4563 439 4618 τῶν
453 4561 544 4639 φοχῶν
559 4559 671 4619 καὶτῶν
685 4561 776 4640 σωμάε

102 4640 133 4706 ,ἰς
157 4641 241 4697 ἐκεῖνο
265 4638 296 4697 τὸ
320 4639 353 4714 με’
373 4662 388 4695 α
405 4639 450 4697 καί
468 4639 578 4720 φοόερδν
594 4641 776 4719 δικαστήριον,

102 4716 129 4776 'rx
140 4717 176 4776 ἔνι
192 4717 290 4797 γέλως,
305 4721 374 4777 ἄλλα
398 4724 412 4777 θ
430 4724 504 4786 ”νος·
516 4720 580 4779 ίίπου
592 4722 638 4778 υῦκ
654 4720 692 4777 ἔνι
710 4721 775 4782 καλ·

102 4797 151 4867 ιδς,
162 4796 230 4857 δλλδι
239 4798 393 4877 σκοτισμός·
405 4743 469 4857 iiior
477 4802 523 4858 οὐκ
534 4799 571 4858 ἔνι
580 4800 774 4879 περισπασμὸς,

102 4877 233 4953 ζεταομδς·
249 4879 314 4938 ὅπου
329 4880 377 4936 οὐκ
394 4877 433 4937 ἔνι
444 4879 577 4959 λοιδορία,
593 4880 661 4939 ἀλλὰ
677 4881 774 4939 desolo·

102 4979 144 5016 που
157 4961 205 5016 οὐκ
218 4955 255 5015 ἔνι
266 4962 429 5029 πλουτῆσαι,
447 4958 515 5017 ἀλλὰ
532 4959 635 5038 φρῖξαι·
648 4958 713 5019 ὅπου
727 4961 775 5018 οὐκ

825 3840 904 3910 lllue,
918 3840 1054 3918 inquiunt,
1082 3840 1217 3920 proiectus
1235 3853 1274 3898 est
1285 3863 1294 3917 ς
1306 3855 1341 3913 et,
1359 3841 1414 3900 Ubi
1434 3842 1481 3901 ile
1501 3845 1569 3903 ami·
1584 3872 1588 3879 -

825 3918 896 3978 τοο.ο
909 3919 978 3978 llluc
1001 3919 1140 3978 concessit.
1158 3919 1238 3990 llluc,
1254 3919 1330 4009 quio?
1345 3920 1402 3978 Ubi
1421 3921 1567 4002 Judexju-

826 3998 919 4057 dietim
930 4022 936 4056 :
951 3999 1029 4075 illuc,
1045 3998 1093 4057 ubi
1104 3997 1283 4057 formidabilis
1292 3997 1339 4057 ille
1350 3999 1571 4063 formidabilibus

827 4078 938 4138 sortior:
955 4077 1032 4154 illuc,
1054 4077 1101 4137 ubi
1116 4079 1176 4137 llcx
1188 4091 1312 4149 aeternus,
1329 4092 1355 4138 et
1372 4080 1463 4141 Judex
1483 4081 1571 4142 incor⁴

827 4181 857 4217 ru
880 4172 932 4218 tus.
949 4157 1042 4217 llluo?
1055 4156 1124 4234 Ubi,
1139 4171 1165 4216 et
1178 4156 1323 4236 quomodo,
1337 4179 1418 4238 quern
1431 4158 1571 4234 inlocum,

827 4180 878 4299 vel
894 4260 946 4358 (γοα
968 4234 1081 4310 ratione,
1103 4237 1123 4297 ii
1140 4237 1249 4316 quinos
1266 4255 1454 4318 praeoesserunt
1473 4262 1502 4300 se
1515 4242 1570 4301 ba-

826 4318 909 4378 bent.
929 4320 1015 4379 Nemo
1029 4317 1119 4388 dicere
1129 4317 1233 4398 possit:
1248 4316 1319 4377 illud
1328 4319 1417 4377 solum
1433 4322 1570 4398 novimus,

828 4398 867 4458 ibi
884 4420 951 4475 esse,
977 4398 1025 4458 ubi
1044 4399 1117 4457 solus
1135 4411 1250 4457 aeternus
1263 4411 1289 4457 et
1315 4399 1389 4458 solus
1409 4400 1573 4463 immortalis

828 4493 866 4539 est
877 4502 886 4554 ;
906 4478 955 4537 ubi
982 4478 1054 4537 solus
1078 4479 1165 4537 bonus
1185 4491 1210 4537 et
1225 4478 1299 4537 solus
1316 4477 1461 4561 benignus,
1484 4483 1571 4543 lactor

828 4559 979 4618 animarum
1004 4572 1030 4617 et
1051 4579 1100 4618 eor
1119 4579 1206 4617 orum.
1242 4558 1274 4616 ln
1294 4557 1365 4619 illud
1390 4572 1571 4640 magnumet

828 4636 1029 4698 formidandum
1062 4581 1181 4697 tribunal
1210 4638 1343 4727 proiectus
1361 4654 1420 4715 est,
1441 4640 1489 4699 ubi
1516 4661 1569 4702 non

829 4734 869 4779 cst
890 4719 980 4794 risus,
992 4717 1039 4778 sed
1054 4718 1157 4792 luctus,
1171 4716 1221 4775 ubt
1239 4738 1292 4777 non
1307 4731 1345 4776 est
1358 4719 1571 4799 pulchritudinis

828 4796 971 4874 studium,
998 4797 1046 4858 sed
1071 4798 1203 4871 tenebrae3
1248 4797 1295 4855 ubi
1325 4818 1378 4856 non
1415 4812 1455 4858 est
1493 4810 1581 4861 ome·

827 4880 933 4960 plexus,
959 4879 1007 4938 sed
1028 4896 1157 4951 examen3
1178 4875 1227 4935 ubi
1246 4897 1298 4935 non
1330 4896 1370 4936 est
1393 4879 1567 4956 convicium,

826 4959 874 5018 sed
885 4958 1042 5035 excusati03
1057 4957 1105 5016 ubi
1119 4977 1172 5015 non
1189 4968 1252 5015 sunt
1263 4956 1382 5031 divitia,
1397 4957 1445 5018 sed
1456 4959 1568 5035 borror;

102 5036 283 5138 πωποληφία,
305 5037 373 5096 ἀλλὰ
395 5040 585 5117 δικαιοκρισῖα·
599 5037 663 5098 ὅπου
677 5039 774 5108 πάντες
790 5059 809 5105 Ε
828 5039 874 5098 ubi
895 5059 947 5098 non
979 5052 1018 5097 est
1037 5038 1155 5117 acceptio
1189 5056 1377 5116 personarum,
1397 5038 1444 5098 sed
1461 5040 1569 5119 justum

120 5124 321 5198 παρισταμεθα,
336 5119 422 5177 δοῦλοι
441 5117 486 5176 καὶ
500 5117 588 5177 ἑλεόθε
605 5141 645 5192 οι,
665 5123 689 5176 ε’
711 5130 776 5189 ενεῖς
831 5119 978 5178 odicium:
994 5117 1043 5176 ubi
1064 5137 1156 5175 omncs
1180 5115 1248 5175 nudi
1272 5114 1420 5194 adstamus,
1443 5120 1516 5180 servi
1541 5135 1569 5181 et

102 5193 166 5268 οξοι,
178 5197 332 5276 ἁμαρτωλοί
349 5197 394 5256 καὶ
408 5196 518 5273 δίκαιοι,
529 5201 650 5258 πλουαιοι
663 5222 708 5258 και
722 5203 774 5259 πέ-
838 5199 915 5274 iberi,
936 5197 1039 5257 nobiles
1057 5211 1082 5256 et
1102 5194 1212 5277 privati,
1247 5209 1378 5257 curatores
1400 5212 1427 5259 et
1441 5199 1519 5280 justi,
1527 5200 1569 5262 di·

113 5277 136 5335 ol
149 5275 196 5353 μὲν
211 5277 409 5358 αἰσχυνόμενοι,
419 5282 443 5338 οἱ
454 5277 481 5337 δὲ
492 5278 704 5358 στεφανούμενοι.
716 5281 773 5341 Ποῦ
828 5278 896 5339 vites
909 5292 935 5337 et
949 5297 1098 5360 pauperes3
1112 5275 1160 5335 alii
1173 5295 1223 5335 oon
1268 5275 1287 5354 i,
1300 5276 1348 5336 alii
1371 5281 1497 5339 coronati.
1511 5282 1569 5342 Ubi

102 5358 126 5413 iu
140 5357 297 5433 βασιλέωνὴ
314 5358 458 5438 φαντασίας
474 5364 525 5419 ποῦ
536 5362 590 5419 τῶν
605 5358 740 5440 ἀρχόντων
755 5367 772 5434 ἡ
828 5372 867 5420 est
882 5357 939 5418 illic
959 5376 1053 5437 regum
1067 5355 1170 5416 fastus?
1185 5354 1232 5416 ubi
1246 5355 1401 5439 principum
1420 5361 1569 5444 superbia?
