3728 5978
114 425 185 502 650
469 456 499 504 S.
524 451 663 504 Jotttuts
689 449 870 500 cttnrsosr.
899 448 1056 509 tuentur.
1084 449 1353 499 conspuuntnon.

115 572 254 633 machinas
268 588 408 655 coguntur,
422 588 452 636 ut
463 575 658 638 immanitatem
679 585 797 632 nostram
810 570 860 629 de-
877 579 896 626 E
915 577 975 631 σθαι
986 570 1035 644 τὴν
1051 572 1251 653 ἀπανθρωπίαν,
1270 572 1316 634 καί
1328 572 1378 645 τλν
1393 569 1560 652 τραχύτητα
1581 593 1693 649 καταμε·

116 665 266 746 cipiaut,et
284 667 412 727 duritiem
430 669 579 728 emolliant,
601 664 728 744 Alioquin
748 662 858 724 verosi
913 663 998 733 λάξαι.
1021 663 1122 733 Ἄλλως
1140 665 1219 738 δί,εῖ
1242 665 1289 744 μὲν
1302 664 1431 747 ἀργύριον
1442 664 1508 744 ἡτει
1521 661 1570 722 καί
1606 666 1693 744 μνοίαν,

115 758 255 825 argentum
266 748 309 806 vel
320 768 417 807 aurum
430 762 541 830 peteret,
548 743 702 826 suspicandi
710 742 859 804 locumha·
914 735 983 822 εἶχεν
1000 744 1031 804 ἀν
1045 769 1086 805 σοι
1098 744 1133 804 τά
1145 750 1193 819 τῆς
1205 744 1319 826 θπαφίας
1333 745 1413 824 λόγον
1425 768 1432 780 ·
1447 746 1473 803 εἰ
1489 741 1520 803 δέ
1543 687 1612 822 {strip
1621 746 1693 823 ἀνεγ-

114 837 236 897 bercsrsi
245 852 335 898 autem
347 861 395 921 pro
408 840 556 901 necessario
565 853 670 898 tantum
680 837 742 896 cibo
755 848 781 896 te
792 834 859 910 adit,
913 835 990 903 καίας
1009 859 1051 896 σοι
1067 842 1164 917 τροφῆς
1191 835 1385 918 προσέρχεται,
1406 835 1435 895 τί
1448 836 1611 916 φιλοσοφεῖς
1623 837 1694 895 taat-

114 930 357 1012 curintempcstire
367 932 570 1015 philosopharis
580 944 608 992 et
618 927 859 1011 superiluedispu-
915 951 979 1007 ρως,
995 927 1040 987 καί
1064 930 1248 1010 ῖάκριύολογεῖ
1260 927 1388 1011 περιττὰ,
1403 928 1506 1008 ἀργίαν
1521 926 1645 1006 ἐγκαλῶν
1655 930 1694 984 καί

114 1023 260 1100 tas,otium
270 1037 296 1082 et
308 1024 446 1104 pigritiam
461 1025 502 1084 illi
515 1022 754 1105 imputansi'Nam
768 1020 791 1079 si
802 1020 860 1078 haec
912 1018 1000 1092 ὄκνον,
1016 1022 1051 1080 El
1064 1019 1115 1104 γάρ
1140 1023 1179 1080 δεῖ
1200 1028 1285 1081 ταῦτα
1304 1020 1411 1101 λέγειν,
1435 1021 1493 1100 οὐχ
1510 1016 1630 1100 ἑτέροις,
1644 1020 1694 1075 ἀλλ’

114 1111 203 1173 dicere
212 1129 343 1195 oporteat,
356 1138 409 1177 non
425 1117 485 1177 aliis
500 1130 582 1194 certe,
594 1113 642 1175 sed
655 1112 733 1173 nobis
744 1109 859 1172 dicenda
911 1112 977 1186 ἡμῖν
991 1111 1078 1177 αὐτοῖς
1097 1111 1227 1191 ἐπιλέγειν
1241 1112 1288 1170 δεῖ.
1298 1110 1386 1170 Ὅταν
1400 1115 1466 1187 γοῦν
1481 1110 1524 1188 τῷ
1540 1109 1609 1186 Θεῷ
1621 1129 1694 1186 προσ·

114 1220 185 1265 sunt.
194 1207 264 1267 Cum
276 1230 341 1288 ergo
353 1209 391 1269 ad
403 1213 491 1270 Deum
500 1209 617 1287 accedis,
629 1219 800 1290 peccatorum
812 1225 859 1265 rc-
915 1200 956 1281 ίῃς
978 1193 1178 1285 ἁμαρτημάτων
1194 1207 1273 1264 αἰτῶν
1294 1202 1484 1283 συγχώρησιν,
1503 1198 1611 1258 τούτων
1635 1201 1694 1257 ἀντ-

114 1297 189 1357 niam
200 1300 380 1380 postulatum,
395 1301 452 1362 haec
473 1301 522 1362 tibi
536 1301 619 1363 rerba
634 1303 662 1359 in
676 1311 793 1358 mentem
807 1317 858 1357 ve·
913 1292 1046 1371 μνήσθητι
1069 1300 1121 1355 τῶν
1145 1294 1280 1378 ῥημάτων,
1294 1297 1340 1356 καί
1355 1293 1445 1374 γνώσῃ
1463 1293 1510 1352 ὅτι
1534 1290 1693 1370 δικαιότεμν

114 1388 201 1466 uiant,
207 1406 233 1452 et
243 1392 376 1473 intelliges
385 1395 444 1454 bac
456 1408 481 1454 te
494 1416 509 1452 a
520 1393 685 1474 Deojustius
699 1390 857 1450 auditurum
867 1432 904 1472 ,8,
913 1390 998 1444 ταῦτα
1012 1385 1089 1454 αὐτὸς
1107 1388 1205 1467 ἀκούσῃ
1217 1389 1291 1471 παρὰ
1304 1393 1348 1448 τοῦ
1360 1390 1447 1457 Θεοῦ,
1465 1384 1486 1457 ἢ
1501 1383 1615 1456 θοίνης
1628 1383 1694 1461 mai

69 1547 74 1553 ,
114 1502 293 1562 csse,quama
307 1499 331 1544 te
343 1506 498 1567 pauperem.
512 1490 638 1544 Attamen
653 1503 791 1562 uunquam
799 1481 859 1565 lraec
875 1491 896 1536 Α
914 1481 971 1538 σοῦ.
989 1477 1057 1538 Ἀλλ’
1071 1477 1142 1558 ὅμως
1155 1478 1277 1540 οὐδέποτε
1291 1481 1357 1561 πρδς
1378 1478 1408 1539 σὲ
1420 1483 1514 1538 ταῦτα
1524 1466 1587 1536 ε’ίπε
1607 1474 1642 1535 ele
1657 1476 1694 1554 ῥη·

112 1572 165 1632 tibi
179 1575 261 1634 rerba
283 1576 356 1637 dixit
368 1566 454 1661 Deus,
471 1577 697 1636 Abscederuam
719 1593 860 1654 aggressor
914 1594 985 1648 ματα
999 1574 1014 1630 δ
1028 1571 1110 1646 Θεδς,
1124 1563 1187 1647 οἷον,
1205 1572 1351 1646 ἀπύσεηθι·
1365 1571 1412 1631 καί
1432 1569 1491 1652 γάρ
1516 1568 1644 1642 ἐπιθέτης
1659 1560 1693 1634 εἷ,

114 1684 153 1743 es,
164 1664 191 1723 in
205 1665 342 1727 ecclesiam
356 1669 510 1746 frequenter
524 1667 638 1744 intrans,
651 1666 776 1745 legesque
787 1684 859 1723 meas
913 1665 949 1730 είς
963 1661 1012 1741 μὲν
1026 1663 1169 1735 ἐκκλησίαν
1180 1663 1267 1725 εἰσιὼν
1282 1669 1414 1746 συνεχῶς,
1424 1662 1477 1722 καὶ
1491 1662 1588 1740 νόμων
1598 1660 1693 1719 ἀκούων

95 1756 211 1835 'audis5
235 1759 262 1819 in
282 1761 340 1819 soro
362 1774 453 1820 autem
473 1781 582 1838 aurum,
603 1756 855 1838 concupiscentiam,
912 1757 965 1814 τῶν
979 1757 1060 1834 ἐμῶν,
1074 1759 1100 1816 ἐν
1119 1754 1189 1839 δέτῇ
1204 1759 1287 1838 ἀγορᾷ
1298 1756 1344 1816 καί
1356 1753 1471 1838 χρυσίον
1486 1753 1536 1812 καί
1556 1751 1693 1829 ἐπιθυμίαν

113 1847 254 1909 huminum
263 1850 422 1929 amicitiam,
438 1863 464 1910 et
476 1849 566 1910 omnia
579 1849 713 1909 mandatis
730 1846 796 1907 mus
808 1867 858 1906 an·
911 1847 958 1907 καί
971 1847 1060 1928 φιλίαν
1074 1847 1121 1908 καί
1131 1849 1219 1909 πάντα
1231 1850 1320 1916 ἁπλῶς
1331 1851 1473 1930 προτιμῶν
1485 1849 1543 1905 τῶν
1555 1847 1632 1924 ἀμῶν
1645 1846 1695 1903 ἐτι·

113 1941 272 2022 teponis:ct
296 1963 368 2002 nunc
391 1942 504 2022 quidem
531 1942 644 2003 humilis
665 1939 778 2017 videris,
798 1952 859 2021 post
911 1939 1067 2016 ταγμάτων·
1082 1941 1127 2000 καί
1147 1945 1192 1999 νῦν
1205 1939 1252 2019 μὲν
1268 1940 1389 2008 ταπεινὸς
1403 1939 1486 2021 γίνῃ,
1500 1937 1577 2018 μετὰ
1604 1936 1634 1996 δέ
1654 1936 1694 2009 rip

112 2034 292 2112 precationem
309 2049 399 2095 autem
411 2027 488 2095 ieron
501 2033 569 2112 eris,
583 2034 710 2111 crudelis,
727 2030 857 2091 inhuma-
912 2032 994 2112 εὐχὴν
1007 2031 1053 2091 καί
1065 2032 1160 2114 θρασὺς
1171 2032 1216 2093 καί
1231 2032 1302 2112 ῶμδς
1315 2033 1361 2092 καί
1383 2032 1591 2114 ἀπάνθρωπος·
1603 2031 1695 2090 1ἀἰττιθι

112 2145 166 2185 nus
174 2149 181 2183 ε
189 2127 302 2187 abscede
315 2128 399 2209 igitur
410 2128 536 2205 hinc,nec
549 2149 592 2188 me
606 2127 678 2188 ultra
690 2125 780 2187 adeas.
795 2124 859 2185 Haec
911 2123 998 2182 τοίνυν
1012 2126 1138 2200 ἐντεῦθεν,
1154 2124 1199 2185 καί
1214 2124 1310 2203 μηκέτι
1322 2147 1367 2202 μοι
1384 2123 1507 2205 πρόσιθι.
1519 2125 1625 2182 Ταῦτα
1636 2120 1693 2202 γάρ,

112 2217 186 2278 enim
199 2219 277 2279 ethis
287 2220 365 2301 plura
378 2219 473 2280 atrdire
487 2242 622 2281 meremur
631 2232 761 2280 :attamen
776 2238 857 2277 num·
910 2215 956 2276 καί
969 2215 1068 2277 τούτων
1079 2217 1189 2279 πλείονα
1200 2218 1302 2278 ἀκούειν
1313 2209 1380 2296 ἦμεν
1395 2216 1480 2285 ἄξιοι·
1492 2217 1559 2274 ἀλλ’
1571 2213 1647 2291 ὅμως
1656 2217 1694 2274 o’r

113 2330 195 2387 quam
216 2310 263 2370 ille
281 2311 348 2390 quid
369 2311 458 2371 simile
471 2309 714 2393 exprobravit,sed
727 2307 859 2390 patienter
912 2307 1004 2368 δέποτε
1019 2317 1134 2371 τοιοῦτον
1144 2311 1218 2371 οὐδὲν
1231 2310 1372 2384 ὠνείδισεν,
1393 2310 1465 2369 ἀλλά
1490 2308 1540 2367 καί
1566 2313 1693 2386 μακροθο

112 2401 177 2478 iert3
189 2422 251 2480 quae
263 2424 312 2461 sua
329 2416 395 2461 -sunt
416 2402 506 2462 omnia
525 2402 637 2482 implet,
654 2415 681 2461 et
701 2400 762 2481 plus
776 2420 858 2478 quam
875 2417 894 2464 n
911 2409 971 2480 μεῖ,
986 2402 1033 2461 καί
1047 2401 1082 2462 τά
1094 2405 1157 2487 παρ’
1173 2407 1265 2464 ἑαυτοῦ
1278 2402 1366 2461 πάντα
1379 2402 1501 2480 πληροῖ,
1524 2399 1577 2459 καὶ
1592 2399 1692 2460 πλείονα

113 2490 231 2572 petimus
245 2491 370 2572 largitur.
387 2491 451 2552 iiaec
464 2492 555 2571 itaque
577 2492 734 2572 cogitantes,
746 2490 858 2571 inopum
911 2485 948 2553 ῶν
963 2499 1087 2575 αἰτῶμεν
1098 2495 1199 2556 δίδωσι.
1218 2498 1301 2556 Ταῦτ’
1316 2485 1360 2555 ούν
1381 2496 1555 2568 ἐννοοῦντες,
1576 2493 1692 2570 λύσωμεν

112 2595 298 2663 paupertatem
319 2583 455 2644 solvamus
461 2606 470 2659 ς
487 2581 592 2643 etiamsi
612 2581 794 2663 aggressiones
813 2583 856 2640 fa·
911 2586 960 2660 τὴν
980 2585 1072 2648 πενίαν
1084 2596 1138 2655 τοῖς
1158 2589 1302 2668 δεομένοις,
1314 2586 1362 2646 κάν
1377 2587 1499 2648 ἐπίθεσιν
1514 2587 1638 2657 ποιῶσι,
1658 2583 1691 2662 μί,

114 2673 198 2755 ciant,
213 2695 247 2736 ne
265 2690 388 2737 accurate
407 2675 523 2736 rationes
544 2695 732 2757 exposcamus.
754 2672 856 2735 Eodem
911 2678 1153 2761 ἀκριάρλογώμεθα.
1168 2677 1300 2750 Τοιαύτης
1321 2677 1372 2759 γδρ
1394 2677 1440 2737 καί
1455 2682 1541 2756 ἡμεῖς
1560 2677 1691 2759 χρὴζομεν

113 2767 215 2851 quippe
223 2769 305 2831 modo
318 2790 367 2830 nos
377 2789 484 2850 quoque
503 2769 589 2830 salute
612 2768 781 2848 indigemus,
794 2789 858 2827 cum
911 2772 1044 2854 σωτηρίας
1056 2775 1105 2844 τῆς
1117 2771 1185 2851 μιτδ
1198 2769 1368 2853 συγγνώμης,
1381 2775 1429 2842 τῆς
1451 2770 1524 2848 μετὰ
1540 2774 1691 2852 φιλανθρω·

113 2861 200 2938 venie,
209 2881 272 2923 oum
279 2861 447 2942 benignitate
457 2859 671 2933 etmiscricordia
682 2859 857 2939 magna.Non
911 2863 990 2939 πίας,
999 2867 1047 2936 τῆς
1058 2863 1125 2942 μετά
1135 2861 1222 2931 ἐλέους
1235 2865 1342 2924 πολλοῦ.
1355 2863 1398 2922 Οὐ
1408 2859 1464 2943 γάρ
1474 2860 1563 2935 ἐστιν,
1573 2865 1622 2922 οὐκ
1631 2861 1691 2931 ἔστι,

112 2968 226 3035 possum
251 2954 335 3032 enim,
360 2975 412 3013 non
434 2966 547 3035 possunt
567 2951 661 3039 utiqpe
682 2950 703 3010 ii
721 2951 855 3031 homines,
910 2958 963 3015 τῶν
977 2960 1035 3015 καθ’
1048 2961 1119 3034 ἡμᾶς
1131 2954 1321 3035 ἐξεταζομένων
1332 2951 1606 3034 ἀκριύῶς,σωθῆναί
1617 2978 1691 3023 ποτε,

62 3052 67 3059 ’
113 3066 230 3125 quorum
240 3046 297 3106 vita
312 3044 465 3105 accuratius
478 3044 661 3123 examinatur,
671 3043 858 3103 saltitemcon·
911 3051 970 3109 ἀλλ’
985 3048 1088 3128 ἀνάγκη
1104 3050 1265 3120 κολασθῆναι
1283 3045 1329 3106 καί
1348 3044 1496 3106 ἀπολέσθαι
1514 3046 1634 3113 πάντας.
1647 3044 1689 3115 Μὴ

113 3139 205 3218 sequi;
216 3139 264 3200 sed
285 3159 391 3199 necesse
410 3151 480 3198 esset
502 3136 584 3218 plecti
605 3157 636 3196 ac
651 3134 737 3217 perire
753 3156 856 3195 omnes.
910 3139 995 3200 τοίνυν
1009 3137 1143 3221 γινώμεθα
1166 3138 1360 3220 ἕτίρωνπικροί
1372 3137 1517 3210 δικασταὶ,
1529 3136 1579 3197 ἵνα
1593 3137 1631 3216 μὴ
1649 3137 1690 3197 καῖ

113 3232 155 3292 Nc
167 3231 257 3311 itaque
273 3231 359 3291 simus
370 3231 487 3290 aliorum
502 3228 652 3291 severiores
661 3226 778 3310 judicas,
796 3247 858 3287 nea
911 3239 988 3310 ἡμεῖς
1002 3232 1119 3312 ἀκριύεῑς
1137 3233 1323 3307 άπαιτηθῶμεν
1345 3228 1466 3296 εὐθύνας·
1481 3230 1531 3288 καί
1551 3231 1606 3310 γὰρ
1630 3229 1689 3309 ἔχο-

54 3374 60 3385 .
113 3324 192 3385 uobis
201 3346 307 3403 quoque
316 3321 493 3383 accuratiores
504 3320 620 3381 rationes
630 3320 856 3400 exiganturzpcc·
914 3346 961 3401 μεν
978 3324 1159 3406 ἁμαρτήματα
1182 3320 1338 3400 συγγνώμης
1360 3319 1449 3392 πάσης
1473 3321 1599 3398 μείζονα.
1612 3322 1690 3380 Ὥστε

114 3416 181 3476 catis
193 3416 265 3476 enim
279 3414 368 3474 onusti
380 3435 481 3490 sumus,
496 3413 575 3473 venia
589 3411 662 3472 omni
676 3410 790 3490 indigni.
803 3412 858 3470 lta·
875 3427 893 3474 c
913 3416 1025 3483 ἐκείνους
1040 3419 1140 3496 μᾶλλον
1155 3417 1269 3494 ἐλεῶμεν
1283 3413 1343 3481 τοὺς
1358 3412 1391 3473 τὰ
1408 3412 1591 3493 ἀσύγγνωστα
1606 3417 1691 3494 ἁμαρ

115 3494 170 3585 que
181 3506 242 3566 illos
257 3505 375 3565 maxime
390 3504 575 3580 misereamur,
589 3502 636 3581 qui
652 3501 730 3562 venia
753 3501 858 3582 indigni
912 3506 1049 3584 τοίνοντας,
1059 3507 1102 3568 ἵνα
1116 3508 1161 3567 καί
1179 3507 1253 3566 αὐτοὶ
1270 3512 1386 3566 τοιοῦτον
1402 3509 1506 3573 ἑαυτοῖς
1527 3507 1691 3586 προαποθάν-

114 3597 255 3673 ridentur,
266 3612 296 3657 ut
309 3612 335 3656 et
350 3597 402 3678 ipsi
417 3617 509 3678 parem
519 3595 597 3656 uobis
605 3596 772 3655 attrahamus
781 3596 858 3655 mise·
912 3592 1064 3680 μεθαέλεον
1076 3624 1082 3638 ·
1095 3600 1181 3661 καίτοι
1195 3600 1246 3660 ὅσα
1258 3598 1289 3658 ἀν
1300 3597 1557 3680 φιλοτιμηοώμεθα,
1570 3599 1692 3659 οὐδέποτε

115 3689 336 3751 rioordiamzetsi
346 3703 594 3769 quantumcumque
603 3687 767 3764 studeamus,
779 3708 856 3747 uum·
913 3694 1077 3773 δυνησόμεθα
1087 3693 1210 3764 τοιαύτην
1230 3693 1383 3771 εἰσενεγκεῖν
1398 3691 1620 3771 φιλανθρωπίαν,
1639 3693 1692 3759 οἵας

115 3805 197 3863 quarn
216 3784 365 3865 poterimus
387 3781 579 3862 benignitatem
600 3795 701 3841 tantam
715 3781 855 3861 exhibere,
912 3788 1043 3869 χρῄζομεν
1063 3792 1140 3866 ἡμεῖς
1164 3786 1239 3867 παρὰ
1261 3792 1307 3845 τοῦ
1322 3782 1507 3864 φιλανθρώπου
1530 3787 1614 3845 Θεοῦ.
1630 3787 1693 3850 Πῶς

115 3890 214 3954 quanta
226 3898 274 3936 nos
283 3898 298 3935 a
308 3874 425 3956 benigno
438 3874 495 3934 Deo
507 3894 575 3954 opus
586 3872 725 3933 habemus.
737 3875 858 3947 Quomo·
911 3872 956 3951 σύγ
969 3882 1015 3939 οθκ
1025 3879 1131 3954 ἄτοπον,
1142 3878 1272 3940 τοσούτων
1284 3878 1359 3943 ὄντας
1369 3881 1395 3936 ἐν
1402 3874 1480 3955 χρείᾳ
1492 3875 1610 3949 αὐτοὺς,
1620 3879 1693 3958 ἀκρι-

112 3967 151 4028 do
164 3968 249 4048 igitur
262 3989 315 4028 non
330 3966 481 4028 absurdum
494 3966 585 4042 fuerit,
601 3987 649 4026 nos
659 3966 687 4027 in
702 3981 776 4027 tanta
788 3967 859 4028 indi·
912 3972 1076 4052 ύολογεῖσθαι
1091 3971 1152 4052 περί
1165 3971 1224 4037 τοὺς
1235 3969 1377 4050 ἡμετέρους
1387 3966 1559 4043 συνδούλους,
1571 3969 1617 4028 καὶ
1633 3974 1692 4028 καθ’

112 4062 201 4141 gentia
214 4060 380 4136 constitutos,
397 4073 453 4120 tam
462 4074 586 4120 accurate
597 4080 740 4120 conservos
754 4074 858 4120 nostros
910 4067 1010 4124 ίαυτῶν
1025 4064 1131 4124 ἅπαντα
1146 4071 1272 4143 πραττεῖν
1282 4088 1290 4136 ;
1300 4064 1341 4122 Οδ
1353 4058 1405 4139 γδρ
1418 4057 1501 4127 οὕτως
1512 4063 1617 4120 ἐκεῖνον
1629 4063 1692 4121 ἀντί·

112 4155 279 4230 examinare,
294 4169 319 4215 ct
333 4169 426 4215 eontra
440 4175 488 4214 nos
502 4153 575 4236 ipsos
595 4153 666 4213 nihil
687 4174 741 4213 non
760 4157 858 4233 agere?
912 4156 963 4226 ξιον
977 4156 1128 4238 ἀποφαίνεις
1141 4161 1188 4229 τῆς
1197 4154 1345 4236 εὐεργεσίας
1359 4158 1405 4224 τῆς
1419 4155 1527 4224 misni<
1537 4154 1635 4213 ἑαυτὸν
1645 4159 1692 4226 τῆς

111 4247 253 4309 Noncnirn
267 4248 304 4306 ita
318 4247 397 4306 illum
411 4247 542 4306 beneficio
551 4259 599 4306 tuo
609 4244 753 4326 indignum
766 4246 856 4306 decla·
910 4257 956 4311 τοῶ
968 4254 1038 4312 Θεοῦ
1052 4249 1257 4332 φιλανθρωπίας.
1271 4248 1306 4308 Ὁ
1327 4246 1378 4327 γάρ
1401 4246 1462 4327 περὶ
1476 4242 1524 4304 τὸν
1545 4246 1690 4306 σύνδουλον

110 4359 167 4415 raa,
181 4352 212 4397 ut
225 4339 339 4420 teipsum
352 4338 590 4418 Deibeuignitate.
602 4339 673 4398 Nam
686 4337 734 4417 qui
748 4359 855 4399 conset·
910 4341 1160 4422 ἀκριύολογούμενος
1173 4342 1265 4422 πολλῷ
1281 4339 1380 4416 μᾶλλον
1395 4337 1440 4396 τὸν
1454 4336 1524 4396 Θεδν
1545 4336 1600 4404 ἕξει
1612 4343 1691 4398 τοῦτο

110 4454 177 4495 vum
197 4455 277 4494 suum
295 4447 350 4492 tam
365 4447 488 4493 accurate
508 4435 654 4508 examinat,
667 4434 753 4493 multo
768 4435 855 4515 magis
908 4443 1042 4496 ποιοῦντα.
1067 4433 1113 4506 Μὴ
1136 4433 1221 4492 τοίνυν
1242 4434 1300 4491 καθ’
1316 4433 1393 4510 ἡμῶν
1405 4427 1601 4511 φθεγγώμεθα,
1619 4431 1690 4490 ἀλλά

110 4526 199 4586 Qum
223 4524 341 4605 idipsum
361 4525 502 4584 facientem
525 4525 687 4605 experietur.
709 4526 750 4584 Ne
769 4525 855 4605 igitur
871 4534 891 4580 D
909 4527 957 4587 κᾶν
970 4527 1013 4586 διὰ
1036 4523 1176 4609 ῥαθυμίαν,
1194 4523 1242 4584 κάν
1263 4525 1296 4581 δι’
1311 4521 1405 4603 ἀργίαν
1425 4519 1587 4600 προσίωσιν,
1609 4529 1689 4600 ἡμεῖς

106 4619 252 4681 adversum
261 4641 309 4679 uos
317 4620 472 4697 loquamur,
481 4619 530 4678 sed
538 4619 643 4678 etiamsi
656 4633 765 4700 propter
773 4619 853 4700 igna·
907 4621 1076 4700 παράγωμεν.
1097 4617 1151 4678 Καί
1169 4616 1221 4696 γὰρ
1233 4614 1278 4674 καί
1290 4619 1367 4687 ἡμεῖς
1385 4610 1473 4672 πολλδι
1493 4611 1539 4671 διδ
1554 4613 1688 4692 ῥαθυμίαν

107 4713 182 4774 viam
192 4728 218 4772 et
228 4713 390 4772 otiositatem
399 4710 534 4785 accedant,
543 4732 682 4790 erogemus
696 4711 769 4792 ipsis.
781 4714 851 4772 Nam
906 4711 1101 4792 ἁμαρτάνομεν,
1117 4711 1216 4788 μᾶλλον
1238 4707 1266 4767 δὲ
1285 4705 1391 4764 ἅπαντα
1411 4702 1454 4761 διδ
1473 4704 1619 4784 ῥαθυμίαν,
1645 4706 1688 4762 καί

106 4805 135 4864 iu
150 4804 244 4865 multis
265 4826 313 4864 uos
334 4826 382 4885 per
404 4802 542 4884 ignauiam
567 4823 718 4882 peccamus,
743 4804 798 4863 imo
822 4804 849 4864 in
905 4809 952 4865 οὐκ
963 4808 1070 4863 ἀπαιτεῖ
1082 4805 1157 4874 δίκην
1167 4805 1240 4878 ἡμᾶς
1254 4797 1347 4863 εὐθέως
1368 4796 1483 4869 δΘεδς,
1503 4796 1577 4855 ἀλλά
1596 4796 1689 4854 δίδωσι

105 4897 303 4957 οωοίίνοειοεο
316 4918 330 4954 a
346 4896 423 4955 nobis
436 4895 528 4955 statim
546 4893 619 4952 Deu's
635 4915 727 4975 poenas
741 4896 848 4975 repetit,
904 4895 1067 4978 προθεσμίαν
1078 4893 1216 4971 μετανοίας
1225 4897 1300 4970 ἡμῖν,
1310 4889 1411 4971 τρέφων
1421 4889 1480 4946 καθ’
1492 4887 1610 4961 ἑκάστην
1619 4888 1689 4965 ἡμέ-

103 4988 152 5048 εειί
169 5002 276 5069 tempus
295 4988 395 5049 datad
413 4987 606 5069 poenitentiam,
622 4987 696 5045 aleus
712 5008 760 5047 uos
782 5010 848 5066 quo-
904 5012 964 5068 ραν,
979 4984 1122 5055 παιδεύων,
1142 4982 1282 5057 διδάσκων,
1296 4982 1330 5041 alr
1356 4981 1423 5040 ἄλλα
1442 4978 1532 5039 πάντα
1551 4983 1688 5062 χορηγῶν,

101 5080 178 5155 tidie,
188 5079 341 5151 instituens,
357 5078 470 5157 doeens,
490 5090 585 5138 catera
603 5078 694 5136 omnia
715 5079 847 5139 submini-
901 5077 999 5139 ίνακαί
1010 5083 1087 5156 ἡμεῖς
1098 5074 1258 5153 ζηλώσωμεν
1270 5076 1349 5133 αὐτοῦ
1362 5072 1405 5132 τὸν
1420 5069 1493 5133 ἔλεον
1507 5077 1612 5133 τοῦτον.
1630 5075 1690 5132 Κα-

132 5289 142 5313 e
159 5274 217 5341 [Ex
230 5275 257 5323 Α.
272 5274 420 5340 recepimus.
431 5268 501 5324 aditi
515 5275 689 5344 ἀκριάαίογιῖς]
937 5275 950 5304 “
968 5275 1014 5340 [tt.
1028 5283 1052 5325 et
1063 5288 1143 5340 marg.
1156 5269 1234 5324 Saril.
1249 5268 1418 5335 ἀπαλλάγηθι]
