3728 5978
559 413 594 462 ru
621 413 707 463 reru
734 411 992 464 orosroronuu.
1015 411 1140 463 nonin.
1168 411 1225 464 xc.
1603 391 1680 465 335

99 533 210 617 'sscmp
220 533 272 618 γδρ
282 533 306 595 εί
314 558 354 603 τις
363 533 444 609 σκεύη
456 535 594 618 ἀκάθαρτα
605 536 726 598 κλέπτων
738 536 765 607 ίξ
775 537 874 613 οἰκίας,
929 558 989 618 quc
999 557 1042 598 res
1054 536 1160 598 domini
1170 535 1270 618 raptim
1281 535 1412 621 subripit:
1420 536 1482 599 talis
1490 549 1565 601 estet
1577 528 1672 601 contu·

98 629 147 687 καλ
159 626 259 707 ίξάγων
278 627 385 688 πάντων
401 627 559 708 ίμπροοθεν,
579 630 641 710 οθχλ
654 629 689 689 τὰ
702 630 874 711 θραιρεθίνπα
928 629 1024 689 melia:
1036 642 1064 689 et
1089 643 1120 689 ut
1133 631 1195 710 quis
1216 627 1326 703 dixerit,
1338 631 1383 690 fur
1397 631 1534 712 ingressum
1553 631 1673 693 undiose

98 719 199 800 ᾔσχυνε
213 725 347 794 τοσοῦτον,
362 718 422 779 δοον
437 720 515 788 αὐτὸς
528 722 630 797 ἑαυτὸν,
641 728 725 782 ταῦτα
743 721 872 803 θρελύμε-
928 720 1030 800 ubique
1042 721 1175 798 observat,
1193 721 1300 800 aliquid
1324 723 1430 783 auferre
1455 718 1551 784 curans
1566 747 1573 782 ι
1586 725 1626 784 sic
1645 738 1687 784 et*

99 836 143 880 νος
156 813 202 872 καί
216 810 329 893 ἐξάγων·
347 811 415 872 οὕτω
433 812 464 886 δὴ
480 814 525 873 καί
538 806 627 887 οὗτος,
641 812 761 874 ίκόαλὼν
773 814 874 899 ίμπρο-
928 812 978 874 iste
990 814 1080 873 omnia
1102 814 1304 896 circumspicit,
1318 829 1350 874 ut
1366 815 1471 896 aliquid
1483 816 1590 898 eripiat.
1608 817 1671 878 Alio

99 911 161 965 σθεν
175 905 282 965 πάντων
297 904 435 986 ἀκάθαρτα
450 905 574 987 ῥήματα,
593 907 652 986 αὐγὶ
673 907 777 987 ἑτέρους
789 907 874 988 pepu-
928 905 996 965 torte
1004 906 1129 987 exemplo
1140 906 1229 987 ipsum
1235 905 1422 988 depingemus.
1434 908 1670 983 Quemadmodum

98 1021 153 1071 νεν,
164 998 223 1056 ἀλλ’
237 997 383 1057 ἑαυτδνδιδι
396 1003 448 1057 τῶν
465 997 600 1080 ῥημάτων,
615 998 775 1079 προαγαγὼν
785 1004 874 1059 τοιαῦ-
891 1004 910 1052 Β
927 997 954 1080 οἱν
972 997 1035 1076 quis
1057 1010 1122 1059 vasa
1137 997 1285 1058 immundo¹
1302 998 1377 1061 domi
1399 1000 1516 1078 iuretur,
1534 1015 1561 1061 et
1579 1021 1672 1062 coram

99 1114 134 1150 τα
144 1088 191 1149 καλ
207 1089 411 1171 καταρρυποὶνας
424 1094 502 1150 αὐτοῦ
516 1091 563 1169 καλ
575 1090 623 1162 τλν
632 1093 752 1168 γλῶτταν
766 1090 812 1150 καλ
824 1089 873 1165 τλν
928 1089 1055 1150 omnihus
1068 1089 1182 1165 educat,
1196 1111 1249 1150 non
1263 1102 1319 1150 mm
1333 1088 1416 1153 itum
1425 1091 1552 1172 deturpat
1558 1092 1671 1170 furtum,

100 1180 228 1241 derivetur.
242 1181 348 1240 'sedebo
363 1179 415 1260 γδρ
428 1181 543 1262 γίνεται,
555 1181 619 1243 ὅταν
632 1181 697 1263 πρὸς
710 1181 770 1249 robe
790 1205 874 1257 πονη-
927 1200 1008 1260 quom
1033 1181 1090 1262 ipse
1101 1181 1284 1263 semetipsum,
1308 1181 1375 1241 dum
1387 1182 1447 1242 itte'c
1469 1184 1556 1243 aufert
1569 1205 1577 1242 ι
1594 1183 1633 1244 sic
1645 1199 1672 1245 et

101 1272 162 1352 ρυλε
173 1270 335 1353 μαχώμεθα,
349 1272 482 1353 ὥσπερθν
494 1272 568 1341 εἴτις
582 1274 719 1357 ἄνθρωπος
731 1275 776 1335 τὸν
788 1278 815 1335 ἐν
824 1298 874 1347 αη-
927 1273 985 1350 iste,
999 1273 1106 1355 impura
1115 1274 1198 1334 verba
1215 1295 1305 1333 coram
1320 1273 1446 1334 omnihus
1459 1275 1604 1356 proferens,
1617 1297 1671 1338 non

99 1365 191 1424 πεδύνι
204 1365 266 1424 ὄντα
278 1364 345 1445 ὑπὲρ
362 1370 408 1424 τοῦ
427 1363 526 1436 πλῆξαι
541 1365 639 1447 μολύνῃ
663 1367 766 1441 ίαυτδν,
785 1367 874 1436 καθεὶς
926 1364 993 1425 alios
1003 1366 1093 1426 verbis
1104 1365 1241 1447 deturpat,
1255 1365 1303 1426 sed
1314 1366 1444 1448 scipsum,
1459 1367 1524 1426 talia
1534 1357 1672 1449 profereus

100 1458 182 1517 αὐτοῦ
196 1456 244 1523 τὰς
252 1465 344 1536 χεῖρας
357 1459 394 1523 είς
403 1456 447 1516 τὸν
462 1456 596 1538 βύρύορον.
611 1460 706 1518 Ταῦτα
726 1458 774 1532 δὴ,
787 1481 874 1541 παρα·
927 1454 1082 1535 sudansque
1090 1470 1116 1516 et
1130 1477 1159 1516 se
1177 1470 1204 1515 et
1214 1456 1337 1536 lingnam
1351 1471 1377 1517 et
1393 1471 1520 1518 mentem.
1547 1457 1672 1540 idipsum

100 1552 185 1622 καλῶ,
199 1547 289 1608 πάντα
303 1547 531 1628 ἀναλογιζόμενοι,
545 1548 682 1630 ρεύγωμεν
693 1549 742 1623 πλν
755 1552 872 1609 ἐντεῦθεν
926 1544 998 1605 muru
1010 1546 1052 1624 fit,
1064 1548 1173 1626 quando
1187 1547 1317 1609 adversus
1329 1549 1414 1609 maios
1426 1569 1588 1632 pugnamus,
1599 1570 1632 1610 ac
1648 1550 1672 1610 si

100 1639 215 1721 βλάύην,
225 1639 271 1700 καί
282 1638 397 1721 εὔφημον
408 1638 515 1719 ἔχωμεν
525 1644 655 1721 γλῶτταν,
665 1639 708 1700 ίνα
718 1640 874 1722 καθαρεύον-
924 1639 987 1718 quis
1001 1639 1029 1699 in
1053 1640 1196 1721 putredine
1210 1655 1360 1703 versantem
1388 1656 1418 1701 ut
1437 1642 1527 1719 feriat,
1550 1642 1671 1724 seipsum

98 1757 143 1801 τες
162 1733 252 1806 πάσης
274 1730 389 1812 ύύρεως,
405 1734 555 1810 δυνηθῶμεν
580 1733 648 1812 μετὰ
669 1733 804 1817 αἰκριύείας
826 1733 872 1794 τδν
925 1731 1094 1812 coinquinet,
1116 1753 1212 1793 manus
1247 1734 1275 1792 in
1306 1755 1412 1793 coenum
1431 1732 1582 1793 demittens.
1606 1734 1672 1795 Haec

98 1823 218 1906 παρόντα
233 1824 289 1905 βίον
303 1824 437 1898 διανύσαι,
454 1824 561 1884 καὶτῶν
580 1825 784 1905 ἐπηγγελμένων
804 1830 870 1908 ἀγα-
926 1825 1027 1904 omnia,
1042 1846 1143 1906 quaeso,
1155 1825 1311 1908 cogitantes,
1322 1826 1458 1907 fugiamus
1464 1825 1516 1885 hoc
1527 1825 1669 1906 damnum,

100 1923 152 1979 θῶν
165 1927 220 1986 τοῖς
234 1921 373 1998 ἀγαπῶσιν
395 1919 472 1978 αὐτὸν
490 1919 633 2000 ἐπιτυχεῖν,
653 1918 745 2000 χάριτι
762 1919 808 1978 καί
831 1942 872 2000 pt·
926 1920 1064 1979 ethonam
1082 1918 1231 1979 babeamus
1253 1920 1385 2000 linguam,
1406 1933 1438 1978 ut
1454 1920 1516 2000 puri
1532 1920 1568 1978 ah
1597 1919 1672 1980 omni

97 2009 253 2093 huvbporttiq
266 2014 312 2070 τοῦ
327 2010 424 2091 Κυρίου
437 2014 514 2088 ἡμῶν
529 2013 617 2083 Ἰησοῦ
630 2013 759 2093 Χριστοῦ,
773 2003 872 2089 μεθόό
925 2012 1106 2089 contumelia,
1128 2013 1354 2094 possimusvitam
1364 2025 1520 2094 presentem
1528 2011 1672 2092 diligenter

98 2107 137 2184 τῷ
155 2102 245 2183 Πατρλ
266 2102 323 2179 ἅμα
343 2106 381 2182 τῷ
407 2103 474 2183 ἁγίῳ
498 2101 637 2182 Πνεύματι
662 2103 738 2175 δόξα,
763 2103 873 2183 κράτος,
890 2108 909 2157 G
925 2102 1081 2183 transigere,
1097 2117 1124 2163 et
1137 2104 1269 2184 promisso
1289 2103 1466 2183 diligentibus
1481 2104 1570 2162 Βειιιιι
1599 2103 1672 2164 bona

61 2231 63 2234 >
97 2195 178 2275 τιμὴ,
192 2202 237 2256 νῦν
251 2194 297 2254 καὶ
308 2194 362 2271 ἀεὶ,
376 2193 422 2255 καὶ
436 2197 473 2264 είς
483 2193 542 2262 τοὺς
565 2197 663 2262 αἰῶνας
685 2197 738 2255 τῶν
759 2194 872 2256 αἰώνων.
926 2195 1063 2274 consequi,
1077 2196 1199 2275 gratiaet
1215 2196 1380 2276 benignitate
1388 2194 1500 2254 Domini
1509 2195 1594 2255 nostri
1605 2197 1671 2255 Jcott

98 2287 192 2366 Ἀμήν.
926 2288 1040 2367 Christi,
1066 2289 1177 2368 quicum
1192 2289 1266 2350 Patri
1287 2303 1313 2349 et
1324 2287 1439 2370 Spiritui
1451 2302 1554 2368 sancto,
1570 2288 1670 2368 gloria,

926 2381 1083 2462 imperium,
1096 2381 1200 2460 honor,
1213 2395 1322 2442 nuncet
1341 2388 1500 2463 semperfet
1525 2381 1553 2441 in
1574 2380 1670 2442 secula

854 2544 856 2548 ,
925 2473 1095 2534 saecubrum.
1114 2476 1208 2535 Amen.

382 2841 517 2902 onium
534 2838 574 2919 μ’.
1175 2837 1338 2898 courum
1359 2835 1420 2899 ιιι.

96 3026 132 3089 ‘0
152 3025 180 3087 dd
200 3028 307 3094 Παῦλος
329 3026 369 3086 ἔτι
394 3025 556 3108 προσμείνας
577 3022 680 3104 ἡμέρας
696 3021 799 3095 incude,
814 3030 869 3091 τοῖς
923 3021 993 3083 Gtr.
1009 3020 1116 3085 Xtht.
1132 3041 1160 3082 v.
1176 3021 1223 3083 18.
1235 3023 1349 3083 Paulus
1367 3035 1466 3083 cutem
1486 3043 1553 3084 cum
1572 3025 1671 3086 adhuc

135 3121 257 3198 ἀδελφοῖς
278 3116 493 3194 ἀποταξάμενος,
515 3115 618 3184 ἐξέπλει
635 3116 672 3182 είς
694 3111 743 3187 τλν
758 3111 868 3194 Συρίαν,
963 3116 1119 3172 meruisset
1133 3113 1196 3173 dies
1206 3112 1314 3172 multos
1324 3115 1471 3193 fratribus
1485 3115 1670 3190 valedicens,

135 3209 180 3268 καί
196 3208 243 3268 σὺν
258 3211 331 3289 αὐτῷ
346 3207 497 3287 Πρίσκιλλα
512 3203 696 3280 artitudine,
713 3204 869 3285 κειράμενος
963 3208 1115 3285 navigavit
1129 3207 1161 3262 in
1176 3204 1296 3313 Syrie?
1303 3248 1314 3278 ,
1336 3217 1366 3263 et
1379 3225 1446 3263 cum
1460 3205 1514 3265 illo
1527 3207 1672 3266 Priscilla

134 3300 183 3375 τὴν
195 3299 314 3381 κεφαλὴν
329 3302 357 3359 ίν
367 3302 532 3379 Κεγχρεαῖς·
548 3288 604 3379 εἶχε
618 3296 671 3379 γάρ
685 3296 775 3378 εὐχήν.
962 3310 991 3357 et
1007 3298 1125 3377 Aquila
1139 3301 1191 3376 qui
1206 3300 1261 3357 sibe
1275 3297 1444 3357 totonderat
1461 3301 1494 3357 t'n
1512 3299 1670 3360 Cenchreis

945 3404 947 3407 ’
962 3402 1051 3470 συρτει
1058 3413 1071 3460 ,·
1083 3390 1211 3449 habebat
1221 3393 1300 3449 enim
1313 3402 1428 3449 votum.

134 3578 209 3657 Ὅρα
239 3579 296 3644 πῶς
315 3579 329 3635 δ
347 3575 426 3655 νόμος
443 3575 657 3648 ινιατοιλέλυταιι,
682 3572 731 3657 ύρα
751 3576 809 3643 πῶς
829 3577 867 3657 τῷ
963 3572 1076 3638 ί.λίίύσ
1084 3573 1219 3653 quomodo
1230 3573 1276 3633 iex
1286 3573 1373 3633 soluta
1387 3571 1520 3651 est3vide
1533 3575 1671 3654 quomodo

95 3669 225 3730 συνειδότι
240 3667 405 3747 κατείχοντο.
429 3669 515 3727 Τοῦτο
529 3665 673 3726 Ἰουδαϊκὸν
689 3658 722 3738 ἦν
735 3665 766 3725 τὸ
779 3665 868 3747 κείρα-
884 3672 904 3719 Ι)
922 3669 1086 3732 conscientia
1098 3668 1453 3730 detinebanturzdudaicum
1462 3669 1534 3730 enim
1550 3686 1607 3731 erat
1620 3693 1670 3732 ca·

93 3771 155 3824 οθαι
170 3761 219 3828 ede
231 3760 347 3841 κεφαλὰς
360 3759 420 3819 κατ’
435 3759 523 3839 εὐχήν·
539 3758 616 3832 Πλὴν
631 3757 684 3818 ἔδει
705 3757 751 3817 καί
774 3757 867 3818 θυσίαν
921 3777 971 3846 put
980 3762 1090 3822 tondere
1103 3783 1137 3821 ex
1150 3763 1421 3822 roto.Verumtumen
1437 3762 1577 3841 oportebat
1588 3762 1671 3823 etiam
1693 3749 1695 3754 ¹

93 3855 232 3934 γενέσθαι,
258 3852 315 3924 ἥτις
335 3853 382 3911 οὐκ
401 3852 503 3930 ίγὲνιτυ
518 3850 586 3928 μετὰ
600 3850 630 3909 τὸ
643 3854 808 3923 τνπνηθῆννι
821 3849 867 3910 τόν
921 3855 1086 3916 sacrificium
1094 3854 1168 3913 fieri:
1181 3852 1254 3931 quod
1266 3874 1318 3913 non
1328 3867 1367 3913 est
1377 3853 1498 3912 oblatum
1506 3868 1567 3934 post
1575 3855 1670 3916 verbe·

94 3945 245 4019 Σωσθένην.
266 3944 343 4003 Ἔδει
357 3944 480 4003 ἀπελθεῖν
496 3941 583 4002 αὐτόν.
605 3940 655 4001 ho
666 3940 712 4001 καλ
724 3941 866 4020 ἐπείγεται.
921 3961 1011 4007 rutum
1025 3945 1190 4007 Sosthencru.
1204 3945 1354 4026 Oportebat
1364 3944 1440 4004 abire
1452 3945 1552 4023 illum,
1570 3945 1632 4005 idco
1642 3959 1670 4006 et

94 4038 147 4098 Καὶ
167 4035 403 4118 παρακαλούμενοι
422 4042 510 4111 μεῖναι
525 4033 591 4115 παρ’
608 4035 696 4101 αὐτοῖς
710 4035 737 4092 ἐν
749 4032 866 4114 Ἐρέσῳ,
920 4039 1076 4099 testinatEt
1091 4053 1201 4118 rogatus
1212 4037 1286 4117 apud
1297 4037 1359 4096 illos
1368 4037 1471 4117 Ephesi
1485 4058 1602 4113 manere,
1614 4058 1669 4100 nou

93 4133 142 4190 οὐκ
157 4130 290 4210 ἀνάγεται
308 4131 388 4195 Τίνος
399 4117 443 4185 οὖν
454 4126 541 4186 ἕνεκεν
552 4127 632 4187 πολιν
644 4124 692 4197 τὴν
706 4124 866 4205 Ἀντιόχειαν
919 4127 1087 4187 annuit.Cur
1096 4146 1160 4206 ergo
1170 4125 1440 4184 rursushntiochiam
1449 4125 1669 4187 conceditiNam

92 4221 294 4300 καταλυμόόνιι
305 4245 313 4293 3
326 4217 437 4285 Ἀνυόίις
450 4217 511 4297 γὰρ,
526 4218 602 4299 φησί,
620 4216 666 4276 νυνί
679 4215 866 4292 ἀσπασόμενοι
919 4220 1106 4292 Ascendere,
1122 4217 1218 4296 inquit,
1232 4238 1299 4278 cum
1312 4218 1472 4284 salutasset
1485 4218 1666 4292 Ecclesiam,

92 4313 141 4386 πλν
155 4312 329 4386 Ἐκκλησίαν,
346 4310 445 4381 κατέύη
460 4314 498 4377 εἰς
513 4309 684 4390 Ἀντιόχειαν.
701 4305 865 4385 Ἐπιθυμίαν
919 4312 1070 4371 descendit
1081 4310 1286 4369 Antiochiam.
1301 4308 1427 4369 Humano
1441 4307 1561 4388 quodam
1570 4309 1669 4372 affectu

92 4398 148 4487 εἶχε
166 4411 213 4478 τῆς
228 4405 339 4475 πόλεως,
354 4402 486 4463 παθόντι
509 4401 673 4483 ἀνθρώπινον
690 4400 755 4480 πρὸς
775 4398 865 4472 αὐτόν·
917 4404 1055 4466 civitatem
1064 4402 1140 4461 illam
1154 4401 1366 4483 prosequebatur
1383 4401 1442 4460 :ibi
1454 4403 1525 4461 enirn
1539 4403 1669 4484 appellati

90 4502 202 4558 ἐνταῦθα
221 4497 273 4579 γὰρ
287 4494 523 4577 ἕχῖηματίσθησαν
546 4498 569 4553 οἱ
597 4493 715 4572 μαθηταί
727 4495 866 4552 καλεῖσθαι
917 4515 980 4561 sunt
992 4498 1121 4580 discipuli
1141 4497 1299 4570 Christiani,
1319 4498 1360 4557 ibi
1384 4497 1501 4557 traditus
1517 4512 1556 4557 est
1576 4499 1669 4578 gratiae

90 4591 262 4672 Χριυτινννλν
282 4593 394 4648 ἐνταῦθα
410 4589 543 4670 παρεδόθη
564 4592 599 4667 τῇ
618 4588 711 4668 χάριν
725 4593 771 4647 τνῧ
784 4588 865 4660 9⁶⁰3,
917 4594 978 4669 Dci,
985 4592 1025 4652 ibi
1034 4590 1167 4672 dogmatis
1178 4591 1284 4669 negotia
1292 4589 1413 4671 perfecit.
1422 4590 1459 4649 Et
1466 4590 1512 4650 ille
1521 4591 1633 4669 quidem
1640 4592 1669 4653 in

88 4687 202 4744 ἐνταῦθα
221 4683 302 4755 ἤνυσε
321 4682 468 4761 πράγματα
489 4680 524 4740 τό
537 4679 606 4739 xcvi
620 4680 651 4739 τὸ
667 4678 762 4759 δόγμα·
785 4676 865 4738 boib
916 4686 1025 4769 Syriam
1038 4683 1197 4762 navigavit3
1217 4683 1278 4742 ilios
1294 4704 1360 4743 vero
1372 4681 1477 4762 Ephesi
1491 4681 1621 4761 reliquit:
1642 4699 1669 4744 et

92 4775 142 4853 μίν
155 4778 192 4842 εἷς
204 4773 303 4854 Συρίαν
314 4772 434 4842 ίξίπλεν·
454 4773 559 4839 τούτους
574 4769 602 4831 δὲ
619 4773 719 4852 ἀφῆκεν
731 4773 767 4838 νίς
777 4769 864 4851 Ἔφν·
881 4772 901 4822 Β
917 4779 1012 4839 merito
1022 4762 1141 4857 quidem,
1153 4773 1452 4856 utpotedocturos.Qui
1463 4787 1538 4833 tanto
1549 4789 1670 4856 tempore

87 4891 145 4940 συν,
156 4868 273 4937 εἰκότως,
288 4870 323 4933 ὡς
337 4864 497 4932 διδάξοντας·
511 4866 643 4924 Τυνυῧτυν
657 4864 730 4944 αὐτῷ
744 4861 866 4941 συγγενό·
918 4894 981 4934 cum
990 4871 1038 4931 itte
1047 4882 1193 4943 versantes,
1202 4866 1288 4925 molta
1299 4864 1464 4925 didicerant:
1474 4877 1591 4925 attamen
1601 4886 1668 4926 uon·

93 4982 169 5036 μενοι
182 4957 287 5039 χρόνον,
300 4955 387 5016 πολλὰ
398 4956 512 5034 ἔμαθον·
531 4955 578 5014 καί
587 4953 660 5033 opu<
669 4959 717 5027 τῆς
729 4953 867 5027 συνηθείας
916 4960 985 5020 dum
995 4959 1082 5019 iilosa
1094 4953 1289 5017 consuetudine
1302 4953 1416 5016 Judoieo
1429 4952 1669 5013 abduxeratEece

93 5059 188 5129 αὐτούς
204 5062 252 5120 οὐκ
277 5060 414 5139 ἀπήγαγεν
439 5058 541 5120 οὐδέπω
563 5062 611 5131 τῆς
625 5058 780 5132 Ἰουδαϊκῆς.
797 5055 866 5118 Ἰδού
918 5053 1016 5114 mulier
1031 5051 1102 5111 idem
1122 5047 1197 5129 quod
1220 5047 1273 5107 viri
1292 5045 1367 5122 iacit,
1385 5059 1410 5104 et
1428 5045 1669 5128 docet.Proptercu
1737 5072 1738 5076 ¹

126 5270 137 5297 ν
156 5255 227 5308 Unus
239 5258 386 5310 caeciderat.
