3728 5978
463 415 465 418 >
560 406 594 453 ιιι
621 403 709 453 tom
737 403 993 456 snosmoonon.
1021 407 1139 458 souin.
1168 410 1201 456 n.
1588 398 1657 484 itt

90 529 255 594 ὼσίτοῑςόν
270 534 325 594 τοὶς
341 527 489 608 προφήταις
507 529 700 608 γεγραμμένοις
718 528 798 606 (otti
811 529 864 609 γδρ
917 531 1058 609 erotem,
1073 530 1171 610 inquit,
1195 532 1342 610 omnibus,
1357 538 1423 614 quin
1443 538 1476 594 in
1496 536 1560 618 lege
1581 550 1659 613 sunt.

91 617 244 697 ἐπίστευον)
255 643 261 656 ·
272 618 332 678 ἀλλ’
343 610 508 688 οῦτοςπῦσιν
519 621 669 694 ἐπίστευεν,
688 622 735 680 οιίκ
753 622 863 682 tutior·
916 619 976 680 liae
987 618 1071 699 dixit,
1088 620 1230 683 ostettdens
1249 621 1357 682 nullutn
1367 623 1506 687 hominem
1515 628 1585 708 ,qui
1603 649 1659 693 ere·

90 713 148 776 πῦις
162 709 206 784 δὲ,
222 716 325 791 μακρῶ
345 713 376 770 ἂν
390 711 431 785 εἴη
446 711 524 789 λόγου
537 718 616 772 τανῦν
629 712 725 792 λέγειν.
738 715 864 775 Τοσαῦτα
916 710 967 775 dat
980 713 1203 773 resurrectionem
1216 713 1346 792 futuram,
1364 714 1431 775 telin
1444 717 1580 781 facturum
1648 745 1656 761 ·

90 792 164 874 εἶπε,
179 803 354 882 καδοδδαμοῦ
370 812 416 865 τοῦ
438 806 554 884 Χριστοῦ
571 803 716 884 μέμνηται.
732 805 865 866 Ἐνταῦθα
916 817 1039 881 qoamet
1057 803 1277 886 illiexspectant.
1293 806 1353 866 Non
1367 805 1440 867 dixit
1453 808 1567 889 dehis,
1586 740 1660 893 (m

90 893 369 971 δὲΠιστεόωνείπὼν,
380 897 470 956 καὶτὰ
484 897 553 958 κατδ
568 897 613 958 τὸν
626 898 742 977 Χριστὸν
757 896 864 977 ιίσήγα-
915 893 1026 955 credant
1045 894 1098 973 iis,
1121 917 1183 976 quae
1202 896 1232 956 in
1256 898 1396 979 prophetis
1414 899 1514 982 scripto
1533 911 1660 980 suntme·
1722 903 1725 909 ’

88 987 231 1064 γεν,ἇλλδ
241 986 416 1068 τίωςτῷτῆς
428 989 595 1057 ἀναστάσεως
612 988 771 1070 ἐνδιατρίὸει
783 990 864 1072 λόγῳ,
914 1005 967 1067 que
982 987 1055 1048 enim
1072 987 1261 1066 oedebmt);
1287 989 1335 1058 sed
1356 991 1403 1052 hic
1418 993 1545 1056 omnibus
1568 996 1660 1058 crede·

90 1077 205 1139 δκοινδν
220 1071 254 1152 ήν
267 1083 355 1148 αὐτοῖς
376 1079 479 1160 δόγμα,
493 1081 539 1140 καὶ
561 1083 650 1155 πόσης
664 1081 782 1150 στάσεως
795 1086 864 1142 ono-
914 1081 970 1159 hat,
984 1102 1036 1142 non
1051 1082 1094 1142 illi
1108 1106 1119 1168 ².
1130 1081 1266 1162 quomodo
1275 1096 1376 1162 autem,
1388 1084 1660 1167 loogtrmffsetnunc

90 1168 154 1251 ψίαν
167 1171 268 1252 ἀνῄρει.
287 1162 357 1233 Εἶτα
372 1173 443 1244 καίή
455 1173 528 1233 αἰτία
540 1178 588 1246 τῆς
608 1173 711 1234 ἀνόδου.
727 1175 861 1253 Ἐλιημο·
879 1170 1011 1234 Ddioee
1026 1177 1116 1235 Tanta
1150 1174 1238 1253 dixit,
1253 1188 1281 1234 et
1292 1194 1427 1255 nusquam
1446 1176 1550 1238 chriso
1564 1180 1662 1241 meni·

89 1261 171 1330 οῦνας
177 1264 273 1345 ,ρησί,
281 1265 328 1324 καὶ
338 1264 489 1347 προσφοράς
498 1267 617 1340 ποιήσων
629 1267 704 1333 είςτδ
714 1265 786 1334 έθνυς
797 1288 862 1346 μου,
915 1267 965 1327 nit.
978 1267 1030 1327 Hic
1043 1282 1132 1328 auten
1151 1282 1182 1328 ut
1191 1267 1275 1346 dixit,
1290 1269 1432 1348 eredere,
1451 1269 1533 1334 etiam
1545 1292 1587 1346 et)
1600 1293 1660 1352 qun

89 1354 284 1437 παρεγενόμην,
296 1356 429 1416 καὶτοῦτο
448 1357 481 1416 δι’
503 1359 569 1418 έτιῦν
580 1357 719 1419 πλειόνων.
742 1359 813 1426 Πῶς
831 1356 863 1416 ἂν
915 1358 1055 1419 Christum
1071 1360 1239 1442 spectabant,
1265 1359 1453 1442 complectitur
1460 1383 1471 1439 3
1484 1360 1532 1423 sed
1551 1363 1661 1424 interim

89 1438 138 1507 οῦν
148 1447 287 1528 ἐτάραξεν,
300 1438 338 1514 οἷς
349 1446 417 1508 ὥστε
427 1449 604 1528 ἐλεημοσύνην
610 1453 721 1523 ποιῆσαι
731 1451 862 1524 τοσαύτην
915 1452 944 1514 in
957 1455 1160 1516 resurrectionis
1172 1476 1294 1516 sermone
1314 1469 1453 1535 moratur,
1473 1457 1548 1536 quod
1560 1457 1661 1540 dogma

90 1530 172 1612 ήλθεν
185 1539 259 1614 θδόν;
270 1543 311 1601 Οὐ
323 1539 392 1618 μετδι
401 1541 496 1621 όχλου,
508 1542 602 1623 ρησίν,
616 1540 676 1602 οὐδὲ
699 1543 767 1620 μετδι
787 1541 864 1623 θορό-
914 1546 984 1628 ipsis
998 1568 1139 1613 cormuune
1153 1562 1220 1623 emt,
1239 1563 1267 1608 et
1288 1569 1395 1609 omnem
1411 1549 1551 1612 seditionis
1566 1552 1660 1634 suspi-

89 1631 151 1692 6ου.
161 1633 460 1715 Πανταχοῦτὴνστάσιν
468 1637 578 1714 ἀναιρεῖ.
586 1632 774 1702 Καλῶςδδκαδ
782 1657 865 1716 προσ·
915 1639 1021 1699 cionem
1036 1640 1133 1701 auiert.
1154 1639 1260 1700 Deinde
1282 1661 1406 1701 ascensus
1420 1662 1502 1702 causa
1528 1644 1660 1723 sequitur.

90 1727 214 1784 καλεῖται
232 1725 292 1795 τοδς
305 1726 466 1806 κατηγόροις
479 1725 540 1794 τοῦς
553 1727 607 1787 άπὸ
619 1723 687 1800 Ι’τ-’ής
701 1725 806 1799 Ἀσίας,
818 1727 865 1788 λό-
915 1733 1133 1810 Eleemosynas
1148 1778 1158 1811 ,
1180 1733 1270 1812 inquit
1282 1777 1293 1806 ,
1318 1746 1347 1793 et
1371 1735 1535 1796 oblationes
1558 1738 1661 1817 santu-

89 1839 160 1895 γιον·
178 1817 235 1885 Οθς
254 1820 293 1878 δεῖ
308 1818 353 1878 ἐπὶ
372 1827 419 1878 σοῦ
433 1827 603 1900 κατηγορεῖν.
621 1819 646 1879 εί
657 1843 683 1879 τι
702 1819 787 1900 ignem
800 1817 866 1900 πρός
917 1826 1148 1904 attingentem
1162 1844 1269 1892 mam,
1286 1826 1368 1897 veni,
1385 1825 1474 1905 idque
1490 1846 1545 1906 per
1566 1847 1663 1887 annos

89 1933 135 1986 με.
150 1907 245 1978 Οὕτως
256 1912 361 1992 toenia
370 1910 483 1994 καθαρὸς
495 1903 561 1972 εἶναι
574 1910 666 1992 πρδςδ
680 1919 866 1993 κατηγορεῖτο,
914 1913 1023 1993 pheres.
1037 1913 1180 1987 Quomodo
1189 1933 1253 1994 ergo
1267 1912 1401 1973 turbasset
1410 1935 1455 1975 eos
1462 1959 1473 1993 ,
1484 1915 1585 1994 quibus
1595 1916 1663 1977 dee·

88 2002 132 2060 άτι
145 2003 191 2062 καί
204 2005 395 2083 προσκαλεῖται
408 2003 510 2071 αὐτούς.
524 2006 565 2064 Οὐ
580 2003 640 2071 τοὺς
654 2003 707 2064 tut
722 2009 770 2076 τῆς
780 2002 867 2069 Ἀσίας
917 2024 1059 2086 mosynam
1074 2005 1187 2066 daturus
1208 2017 1314 2064 tuntum
1333 2004 1388 2064 'iter
1407 2007 1581 2088 susceperat?
1593 2009 1666 2069 Non

88 2093 121 2152 ii
134 2092 232 2172 μόνον,
245 2093 315 2154 ἄλλα
328 2094 374 2154 καί
386 2093 672 2178 τοῦςέξἹερουοαλὴμ
685 2094 868 2156 οῦκέκῦάλλτι
917 2115 985 2156 cum
998 2099 1096 2172 turba,
1117 2095 1214 2174 inquit,
1240 2117 1293 2154 nec
1311 2115 1379 2155 eum
1391 2099 1532 2157 ¹ttttnttlttt.
1553 2097 1665 2178 Ubique

88 2187 266 2267 κατηγόρους,
290 2185 358 2246 ἀλλὰ
372 2187 417 2245 καὶ
435 2186 541 2253 τούτους
558 2191 748 2266 προσκαλεῖται
770 2185 866 2263 πάλιν,
883 2195 902 2243 Ε
918 2186 1076 2248 seditionem
1089 2187 1237 2247 inficiatur.
1261 2188 1342 2245 Recte
1353 2200 1444 2249 autem
1456 2187 1572 2250 advocat
1582 2211 1663 2250 accu-

87 2277 211 2356 ἕπιίγιυν·
232 2273 272 2338 Ἣ
295 2277 367 2337 αὐτοὶ
392 2269 462 2338 οῦτοι
495 2278 654 2340 εἰπάτωσαν.
678 2280 732 2341 Καί
747 2279 799 2359 γάρ
822 2277 866 2339 διδ
916 2293 1018 2340 satores
1040 2279 1088 2358 qui
1114 2279 1151 2338 ab
1179 2277 1263 2356 risit,
1286 2275 1397 2339 dicente
1414 2280 1493 2359 Quos
1508 2285 1666 2362 oportebat

88 2374 168 2429 τοῦτο
199 2369 226 2438 ἐξ
254 2372 340 2451 ἀρχῆς
371 2371 553 2444 διεπονοῦντο,
576 2371 617 2430 ὅτι
650 2369 698 2445 τήν
721 2371 866 2431 ἀνάστασιν
916 2375 997 2452 apud
1007 2385 1037 2431 te
1049 2391 1211 2442 accusare,
1228 2371 1491 2451 siquidtabmt
1506 2375 1664 2435 adversum

89 2460 227 2541 ἐκήρυττε.
243 2461 297 2521 Καὶ
317 2463 406 2530 καλῶς
424 2460 506 2528 οῦτυις
517 2462 616 2522 ίποίει·
635 2463 729 2523 τούτου
741 2461 794 2542 γάρ
809 2464 865 2521 δει-
916 2484 971 2522 me.
983 2466 1025 2523 Ita
1035 2462 1196 2539 confidebat,
1209 2482 1238 2522 se
1253 2459 1387 2521 mundum
1401 2484 1486 2525 essct
1497 2463 1622 2545 crimine,
1633 2480 1665 2526 ut

88 2554 214 2633 χθέντος,
228 2552 342 2622 εὐκόλους
352 2554 398 2614 καὶ
409 2554 443 2615 τὰ
453 2561 500 2614 τοῦ
516 2557 631 2637 Χριστοῦ
647 2555 816 2636 ἐπεισήγετο,
825 2554 866 2614 ότι
915 2556 995 2616 etiarn
1011 2570 1139 2638 provocet
1152 2576 1207 2615 eos.
1217 2554 1313 2614 Etnon
1326 2574 1370 2615 eos
1379 2555 1478 2632 solum,
1491 2558 1539 2636 qui
1553 2559 1589 2618 ab
1599 2559 1664 2619 Asia

88 2637 431 2728 ἀνόστη.Τίεῦρον,φησίν,
445 2649 470 2706 ἐν
483 2646 866 2724 ἐμοίάδίκημα,στάντοςμου
917 2663 1002 2727 erant,
1016 2649 1203 2712 verumetiam
1216 2669 1271 2718 eos,
1281 2647 1329 2726 qui
1338 2669 1373 2707 ex
1383 2649 1544 2728 Jerusalem,
1553 2672 1664 2711 accuso-
1726 2724 1735 2737 .
1845 2724 1851 2733 ο

87 2737 134 2797 ἐπί
153 2741 201 2796 τοῦ
222 2738 367 2818 συνεδρίου,
388 2738 435 2798 Ἐν
450 2742 489 2817 τῷ
509 2739 635 2819 συνεδρίῳ
661 2730 733 2799 εἶπε·
748 2736 866 2807 δεικνὺς,
916 2754 987 2800 tores
1000 2760 1053 2800 non
1067 2737 1400 2821 rejicit,sedhosquoque
1408 2753 1503 2801 evocet
1515 2740 1661 2821 adjiciens:

85 2829 130 2890 ότι
149 2827 223 2890 ὠδδν
235 2821 318 2910 εὗρον,
332 2830 391 2912 οὐχί
409 2835 467 2890 κατ’
485 2830 552 2890 ἰδίαν
564 2834 612 2902 τῆς
636 2829 778 2899 ἐξετάσεως
793 2851 865 2910 γενο-
915 2832 981 2893 Aut
995 2835 1028 2892 iti
1042 2835 1098 2912 ipsi
1112 2832 1224 2891 dicant.
1241 2829 1348 2891 Etenim
1364 2831 1424 2892 ideo
1437 2833 1473 2892 ab
1494 2833 1572 2894 initio
1593 2840 1664 2915 aeg're

87 2920 188 2997 μένης,
202 2921 270 2982 ἀλλὰ
282 2923 410 3002 παρόντος
423 2928 468 2982 τοῦ
481 2921 597 2993 πλήθους
608 2921 654 2981 καὶ
667 2920 783 3003 άκριῦῶς
797 2922 862 2980 ἀνα·
915 2924 1045 3000 ferebant,
1058 2921 1132 3002 quod
1147 2922 1368 2982 resurrectionem
1381 2922 1548 3003 prediceret.
1560 2925 1597 2985 Et
1615 2926 1664 2987 be-

88 3011 233 3091 κρίνοντος,
915 3036 950 3077 ne
963 3017 1002 3077 sic
1017 3015 1132 3076 iacicbm
1143 3037 1150 3073 ε
1162 3015 1214 3076 hoc
1227 3015 1301 3075 enim
1314 3029 1430 3094 ostenso,
1443 3017 1523 3078 incile
1539 3032 1567 3078 et
1578 3019 1662 3079 Citri-

914 3123 987 3170 stum
994 3122 1022 3169 et
1029 3108 1249 3170 resurrectionem
1256 3108 1315 3188 ejus
1322 3106 1478 3169 inducebat
1489 3112 1569 3189 Quid
1576 3114 1661 3173 inve—

915 3215 1030 3278 nerunt,
1040 3200 1140 3279 inquit,
1152 3204 1239 3259 inme
1247 3202 1399 3281 injustitie
1409 3245 1420 3273 ,
1433 3221 1499 3262 cum
1509 3215 1618 3264 starent
1629 3208 1663 3264 t'n

914 3295 1064 3355 concilio?
1087 3297 1132 3371 >In
1154 3291 1291 3368 concilio,
1314 3290 1419 3370 inquit,
1433 3293 1575 3355 ostendens
1599 3294 1662 3355 illos

916 3386 987 3446 nihil
999 3384 1149 3462 invenisse,
1170 3404 1224 3443 non
1237 3382 1370 3464 privatim
1389 3383 1561 3463 inquisitione
1579 3386 1660 3464 iacta,

916 3476 1146 3539 sedmoltitudine
1163 3489 1292 3556 presente
1307 3489 1334 3535 et
1348 3491 1471 3537 accurate
1484 3476 1662 3559 dijudicante.

131 3573 235 3635 Ὀτιδδ
254 3579 338 3633 ταῦτα
353 3575 439 3646 άληθῆ
461 3572 547 3653 λέγω,
570 3577 744 3655 μαρτυροῦσιν
762 3575 786 3631 οἱ
802 3537 908 3654 πιρδδήὅ
957 3573 987 3630 3.
1000 3569 1082 3643 Quod
1094 3582 1183 3629 nutem
1197 3567 1256 3627 haec
1269 3588 1333 3627 vera
1348 3568 1416 3646 sint,
1432 3569 1612 3631 testificantur
1626 3571 1660 3647 ii,

88 3665 184 3724 rodeno
198 3667 376 3744 έγκαλοῦντες.
393 3664 445 3723 Ati
456 3670 533 3724 τοῦτο
542 3666 589 3724 καί
599 3664 701 3744 ἔλεγεν·
717 3664 764 3724 Ἐν
777 3663 863 3745 τούτῳ
914 3660 1007 3742 quide
1020 3662 1072 3722 hoc
1084 3673 1219 3721 accusant.
1231 3659 1296 3719 Ideo
1309 3658 1435 3720 dicebat:
1446 3666 1485 3721 In
1494 3664 1549 3724 hoc
1561 3677 1662 3725 autem

89 3759 118 3818 δὲ
130 3759 206 3825 αἰετὸς
223 3762 311 3831 ἀσκῶ,
331 3756 500 3837 ἀπρόσκοπον
513 3758 659 3830 συνείδησιν
672 3757 741 3838 έχων
753 3757 820 3837 πρός
833 3781 863 3817 τε
916 3757 1018 3815 studeo
1024 3799 1035 3827 ,
1051 3766 1083 3813 ut
1097 3758 1160 3814 sine
1174 3754 1359 3833 offendiculo
1382 3759 1593 3816 conscientiam
1604 3759 1661 3817 Ιτα-

89 3851 211 3912 τδνΘτδν
224 3851 270 3909 καὶ
280 3848 339 3916 τοὺς
349 3849 510 3928 ἀνθρώπους.
521 3849 556 3908 Ἡ
565 3849 710 3930 τελείαγδιρ
722 3848 788 3922 αῦτη
800 3853 864 3930 ἀρι-
918 3849 1002 3907 beant
1025 3867 1095 3926 erga
1116 3847 1213 3904 Deam
1234 3858 1264 3904 et
1282 3864 1354 3927 erga
1376 3847 1519 3906 homines.
1541 3847 1662 3909 Perfecta

88 3943 140 4018 τὴ,
161 3943 226 4004 όταν
242 3943 309 4021 μηδὲ
323 3941 470 4024 ἀνθρώποις
491 3942 863 4022 attonitaatnotita
916 3939 988 4000 enim
998 3939 1056 3998 haec
1069 3938 1156 3999 virtus
1169 3949 1223 4012 est,
1244 3936 1352 4016 quando
1368 3936 1525 4001 hominibus
1542 3942 1660 4001 occasio-

88 4040 153 4117 Θεῷ
168 4036 357 4114 σπουδάζομεν
369 4024 435 4093 εἶναι
457 4034 632 4114 ἀπρόσκοποι.
643 4025 695 4101 Ἧς
721 4034 863 4115 ἐκέκραξα,
916 4051 963 4090 nes
973 4050 1027 4090 non
1041 4028 1147 4105 damus,
1162 4042 1187 4087 et
1195 4027 1272 4107 apud
1284 4029 1373 4089 neum
1385 4027 1525 4088 studemus
1537 4050 1595 4089 esse
1605 4029 1663 4090 sinc

89 4125 182 4206 φησίν,
197 4129 273 4205 ἐντῷ
288 4121 424 4204 συνεδρίῳ.
446 4123 500 4182 Καὶ
514 4121 562 4195 τήν
574 4122 633 4201 βίαν
648 4123 734 4182 αὐτῶν
743 4123 818 4195 δηλοῖ
832 4126 864 4182 ἐκ
916 4120 1090 4181 offendiculo.
1110 4121 1176 4199 Qua
1198 4120 1329 4179 clamavi
1348 4123 1381 4178 in
1403 4121 1542 4194 concilio,
1562 4120 1662 4200 inquit.

88 4226 136 4279 τοῦ
150 4220 244 4295 εἰπεῖν,
260 4216 430 4298 Ἐκέκραξα,
454 4215 551 4275 ὡσανεὶ
568 4214 675 4295 ἔλεγεν·
695 4219 742 4275 οὐκ
758 4216 863 4296 ἔχουσιν
917 4211 1082 4276 violentiam
1096 4210 1208 4270 illorum
1218 4209 1334 4270 ostendit
1343 4231 1406 4270 cum
1415 4210 1492 4288 dicit,
1504 4212 1646 4272 Ciamaot'
1651 4240 1663 4285 ,-

88 4315 193 4383 εἰπεῖν,
211 4309 253 4370 ὅτι
266 4308 440 4391 προσχήματι
464 4306 641 4386 ἐλτημοσόνης
655 4312 739 4367 ταῦτα
752 4308 862 4375 ἐποίεις·
916 4329 948 4367 oc
962 4306 985 4365 si
1007 4305 1107 4366 diceret
1118 4328 1124 4361 :
1137 4306 1197 4364 Non
1208 4317 1320 4386 possunt
1330 4304 1419 4364 dioere
1432 4326 1476 4364 me
1489 4305 1665 4387 eleemosyna:

86 4406 118 4464 οὐ
132 4403 185 4482 γδρ
192 4401 261 4481 μετδ
271 4401 364 4482 ὄχλου,
376 4400 435 4460 οῦδὲ
443 4398 511 4478 μετδι
521 4399 631 4481 θορύθου
642 4407 739 4461 ’τοῦτο
750 4401 863 4462 ἐποίουν·
916 4399 1026 4461 obtentu
1040 4398 1099 4458 haeo
1109 4396 1223 4457 fecisse:
1239 4417 1292 4457 non
1305 4396 1378 4457 enim
1392 4419 1454 4456 cnm
1467 4398 1565 4475 turba,
1578 4418 1664 4478 neque

88 4498 178 4564 ἄλλως
191 4520 235 4566 τε,
250 4494 295 4554 καὶ
313 4493 454 4563 ἐξετάσεως
466 4493 607 4571 γενομένης
627 4493 689 4575 περὶ
702 4493 808 4569 τούτου,
817 4497 864 4554 οῦ-
917 4514 979 4554 cum
992 4492 1112 4553 tumultu
1129 4490 1182 4550 hoc
1200 4490 1349 4550 faciebam:
1364 4489 1484 4570 alioquin
1496 4512 1562 4551 vero
1573 4490 1665 4569 inqui·

89 4588 133 4647 δέν
150 4586 232 4647 πλέον
248 4586 392 4667 εὑρίσκετο.
411 4574 489 4652 Εἶδες
510 4583 663 4659 ἐπιείκειαν,
679 4584 803 4644 κτνδόνων
817 4585 863 4645 όν·
881 4590 900 4636 Β
917 4585 1013 4647 sitione
1031 4584 1083 4644 hac
1101 4582 1136 4643 de
1153 4604 1182 4642 re
1194 4583 1275 4661 facta,
1293 4582 1363 4641 nihil
1382 4583 1445 4664 plus
1466 4582 1663 4643 inveniebatur.

87 4702 155 4755 etm3
168 4669 234 4745 είδες
247 4676 364 4757 εὔφημον
376 4679 511 4755 γλῶτταν,
525 4676 570 4735 καί
584 4680 642 4744 πῶς
657 4676 685 4737 iv
700 4680 773 4748 ζητεῖ
786 4676 864 4755 μόνον
918 4675 1021 4738 Vidisti
1035 4675 1063 4735 in
1076 4672 1206 4756 periculis
1225 4672 1477 4733 mansuetudinem?
1492 4672 1587 4736 vidisti
1607 4671 1662 4730 lin·
1738 4758 1743 4765 ι

89 4771 273 4833 ἀπολύσασθαι
293 4770 326 4828 ri
349 4771 459 4843 ἑαυτοῦ,
486 4768 546 4850 οὐχὶ
568 4769 703 4837 κάκείνους
717 4771 865 4850 ἐγκλήμασι
918 4789 1000 4849 guam
1013 4768 1124 4827 honesta
1143 4765 1311 4844 loquentem,
1325 4778 1350 4824 ct
1361 4763 1496 4842 quomodo
1510 4783 1595 4821 unum
1608 4776 1664 4820 tan-

88 4864 263 4943 περιὸαλεῖν,
276 4862 345 4934 πλὴν
360 4860 385 4920 εἴ
407 4874 458 4922 που
482 4861 670 4942 ἀναγκάζοιτο,
682 4860 865 4943 decio-saint·
918 4876 978 4921 tum
990 4872 1093 4939 querat
1099 4904 1109 4936 ,
1125 4860 1155 4917 ut
1166 4858 1219 4918 sibi
1230 4858 1335 4937 objecta
1347 4856 1461 4930 refutet,
1476 4875 1524 4914 nee
1538 4853 1600 4913 ilios
1611 4853 1666 4912 cri·

88 4980 148 5029 νος;
162 4954 254 5036 ὥσπερ
264 4954 309 5014 καλ
323 4959 338 5013 ό
352 4954 465 5034 Χριστδς
479 4954 566 5034 ἔλεγεν
576 4979 582 4992 ·
592 4953 665 5034 Ἐγὼ
677 4955 810 5034 δαιμόνιον
820 4958 866 5016 οὐκ
919 4953 1040 5014 minibus
1053 4952 1165 5028 obruat,
1180 4950 1232 5010 nisi
1253 4970 1316 5008 cum
1334 4947 1370 5008 ad
1387 4947 1569 5008 defensionem
1587 4965 1666 5026 coge·

128 5140 141 5178 b
153 5136 240 5187 ilorci.
254 5149 294 5196 τῆς
310 5144 394 5199 αἰτίας,
407 5134 480 5186 ιιιιιΙυ.
935 5152 946 5176 ·
959 5143 1025 5190 τοῦτο
1038 5142 1125 5189 troiam
1136 5130 1206 5186 deest
1218 5132 1244 5183 iu
1256 5146 1317 5181 ϋηο·

1471 5213 1520 5269 99.
