3728 5978
190 434 261 527 334
532 455 561 503 s.
589 453 729 504 maurus
754 447 936 502 cuursosr.
964 450 1122 502 uacnrm.
1150 453 1419 506 corsrnurruor.

187 593 264 640 tanae
276 570 394 657 audiuit,
409 577 540 639 obunum
561 577 676 654 dietum,
689 573 877 654 multomagis
897 572 929 632 hi
984 575 1108 636 Ἰουδαῖοι
1128 577 1302 653 ἀκούσονται,
1326 579 1390 639 ὅταν
1410 570 1446 639 id
1472 576 1756 652 Ἰονδαίωνποιῶσιη

187 670 277 735 Judaei
289 671 410 746 audient,
423 691 484 730 eum
496 669 653 731 ludaeorum
661 683 719 728 acta
730 667 846 743 sacient,
862 679 931 725 utet
946 673 965 722 B
982 664 1073 748 ὥσπερ
1089 672 1207 730 κάκεῖνοι
1218 671 1341 732 διαδολου
1350 671 1447 745 τέκνα,
1461 671 1553 744 ἐπειδὴ
1563 669 1598 729 τὰ
1607 673 1654 730 τοῦ
1668 668 1757 728 διαύύ

33 750 230 822 ¹⁰⁰·⁸·ll·illi
243 763 348 822 diaboli
368 763 421 822 filii
442 762 598 840 audierunt,
613 761 676 841 quia
702 757 838 834 diabolica
850 758 931 818 sacie-
984 759 1031 819 λου
1053 760 1210 840 εἰργάζοντο.
1223 763 1355 845 Ὑὸρίζιις
1362 764 1422 839 ,τίς
1434 764 1481 833 ὢν,
1496 763 1554 823 είπί
1568 786 1630 842 μοις
1647 762 1758 826 Μᾶλλον

185 836 262 916 haine.
273 854 440 915 Contumelia
451 855 548 932 afficis,
567 854 628 933 quis
641 874 704 913 cum
714 853 763 930 sis,
778 850 824 910 dic
837 850 932 911 milri?
986 849 1015 909 δὲ
1029 851 1073 912 διδ
1095 859 1174 915 τοῦτο
1198 855 1326 936 θύρίζεις,
1346 855 1438 930 ἀπειδὴ
1458 855 1531 917 ὠδδν
1554 846 1595 914 εί·
1610 851 1760 933 οθδείςγάρ

184 951 244 1008 lino
259 964 401 1049 propterea
427 948 588 1009 contumelia
610 947 706 1022 afficis,
728 946 791 1026 quia
804 945 929 1005 nihiles:
985 942 1121 1025 ἄνθρωπος
1140 945 1176 1006 ὧν
1197 948 1306 1030 θύρίζει.
1318 947 1404 1010 Ὥστε
1424 948 1605 1028 θλίηεταιέν
1627 955 1687 1015 ταῖς
1702 945 1760 1024 μά·

183 1041 354 1102 nullusenim
363 1042 412 1122 qui
423 1041 505 1101 homo
518 1040 564 1117 sit,
578 1039 741 1100 contumelia
750 1037 934 1116 afficit.rltque
984 1057 1061 1115 χαις,
1089 1037 1122 1097 σίν
1142 1039 1183 1108 τίς
1205 1032 1242 1116 εί;
1264 1041 1291 1111 ἐξ
1316 1041 1436 1110 ἐναντίας
1459 1043 1513 1102 ἔδει
1530 1040 1671 1120 λέγεσθαι·
1695 1029 1759 1114 οἷον,

183 1132 232 1210 ita,
245 1133 318 1214 qnod
331 1122 468 1215 inpugnis¹
480 1132 638 1209 dicitur,Tu
652 1132 713 1211 quis
728 1152 755 1190 es
765 1131 780 1190 ἱ)
792 1150 827 1189 ex
837 1128 934 1189 adver·
985 1125 1087 1210 ύύριζε,
1098 1129 1185 1212 λέγειν
1200 1135 1295 1214 ἐχρῆν·
1311 1133 1385 1193 οθδίν
1396 1134 1449 1216 γὰρ
1463 1124 1502 1193 εἶ·
1516 1141 1560 1194 νῦν
1580 1131 1609 1192 δὲ
1628 1129 1760 1210 λεγόντοιν

184 1248 215 1288 so
225 1228 366 1310 opuebat
378 1228 434 1287 dici
450 1251 457 1285 ε
471 1227 548 1289 verbi
557 1226 654 1307 gratia,
668 1223 836 1284 Contumelia
844 1223 933 1301 affice,
986 1224 1077 1299 ἡμῶν,
1090 1226 1127 1294 ὡς
1141 1223 1182 1293 τίς
1194 1224 1321 1306 θύρίζειςς
1332 1231 1369 1294 ὡς
1384 1226 1496 1306 βελτίων
1511 1250 1573 1300 σοι,
1592 1222 1637 1283 διδ
1650 1224 1760 1284 πάντων

184 1320 257 1390 nihil
264 1321 338 1381 enim
349 1342 377 1380 es
394 1344 402 1378 ι
417 1333 587 1380 nuncautem
594 1318 747 1378 dicentibus
763 1315 851 1390 nubis,
864 1315 934 1388 Quis
986 1314 1089 1376 ἀκούειν
1108 1317 1173 1378 lael.
1188 1318 1242 1378 Καί
1264 1318 1318 1398 μὴν
1338 1320 1370 1381 τδ
1384 1319 1500 1380 ἐναντίον
1513 1319 1566 1378 ἔδει
1583 1317 1684 1397 λέγειν·
1697 1317 1757 1375 ἀλλ’

185 1425 254 1472 estu
267 1413 316 1493 qui
327 1412 489 1473 contumelia
500 1411 609 1471 afficis?
623 1409 777 1483 Temeli0r‚
790 1407 934 1468 audiemus
985 1407 1076 1482 ἐπειδὴ
1102 1414 1178 1489 ἡμεῖς
1201 1414 1291 1480 κακῶς
1312 1414 1465 1492 ἐρωτῶμεν,
1480 1410 1525 1471 διδ
1544 1418 1621 1471 τοῦτο
1640 1411 1759 1469 κάκεῖνοι

185 1505 290 1587 utique.
304 1507 387 1587 Atqui
398 1506 562 1567 contrarium
572 1504 627 1565 dici
639 1505 800 1587 oportebat,
816 1501 934 1581 sedquia
986 1502 1075 1569 κακῶς
1092 1501 1292 1584 ἀποκρίνονται·
1315 1503 1386 1563 ὥστε
1407 1508 1485 1581 ἡμεῖς
1502 1501 1592 1562 αίτιοι.
1608 1501 1656 1568 Ὡς
1672 1499 1756 1581 μιγεί-

184 1616 234 1658 nos
244 1598 314 1658 male
325 1598 531 1678 interrogamus,
544 1597 607 1656 ideo
617 1596 659 1655 illi
670 1596 741 1656 male
750 1592 912 1674 respondent
925 1615 932 1652 ι
947 1615 967 1664 c
985 1594 1038 1651 λων
1051 1591 1104 1675 γὰρ
1118 1595 1220 1674 ἀνδρῶν
1240 1595 1321 1655 ὄντων
1341 1599 1393 1655 τῶν
1414 1594 1583 1675 θύριζόντων,
1596 1591 1665 1654 οὕτω
1677 1592 1758 1672 λίγυ-

184 1688 276 1769 itaque
285 1712 335 1750 nos
347 1691 376 1751 in
387 1712 466 1750 causa
482 1711 585 1750 sumus.
599 1693 638 1749 de
651 1688 674 1748 si
688 1688 760 1748 enim
774 1687 815 1746 illi
837 1699 934 1746 contu·
985 1705 1044 1761 μεν,
1057 1687 1094 1752 ὣς
1104 1683 1143 1752 τίς
1159 1684 1287 1767 θὸρίζειςς
1301 1685 1354 1745 Διά
1367 1694 1444 1747 τοῦτο
1457 1688 1574 1746 κάκεῖνοι
1591 1682 1675 1751 οὕτως
1686 1684 1757 1742 ἀπο·

185 1782 290 1860 meliosi
303 1783 395 1862 magni
408 1782 520 1863 quidam
539 1782 593 1844 viri
607 1794 703 1856 essent,
720 1780 756 1840 ita
777 1779 932 1859 loquimur:
985 1773 1128 1855 κρίνονται.
1154 1777 1314 1838 Τοῦναντίον
1337 1777 1366 1839 δί
1387 1781 1476 1859 ..ἐχρῆν
1503 1777 1606 1857 λέγειν·
1626 1774 1755 1855 θόρίζεις;

185 1873 296 1946 Quium
311 1874 359 1953 qui
381 1873 572 1933 contumeliam
595 1872 716 1933 inseras?
740 1870 805 1931 ldeo
828 1870 871 1930 illi
893 1870 933 1930 sic
985 1864 1091 1948 ύύριζε·
1106 1866 1189 1936 οὐδεὶς
1207 1867 1259 1949 γδιρ
1275 1860 1308 1928 ε’ί.
1323 1870 1395 1950 Πρδς
1412 1869 1440 1930 δὲ
1461 1870 1521 1938 τοὺς
1535 1872 1585 1949 οὐχ
1603 1867 1757 1948 θύρίζοντας

185 1958 355 2048 Γωροῐιιίαίιῖ.
381 1965 554 2026 Contrarium
578 1986 644 2026 veru
662 1965 803 2046 oportebat
820 1963 933 2023 dicere:
972 1962 1063 2024 ,τοῦτο
1077 1963 1177 2038 μᾶλλον
1196 1960 1248 2020 ἔδει
1271 1962 1407 2042 λέγεσθαι·
1428 1966 1464 2031 ὡς
1488 1963 1528 2029 τίς
1550 1964 1601 2042 ούχ
1627 1958 1757 2039 θύρίζειςς

186 2057 469 2118 Contumeliaafficis?
479 2056 643 2117 contumelia
654 2055 851 2134 affice5nullus
861 2054 933 2114 enim
985 2051 1116 2130 ὓπερέύης
1142 2050 1190 2123 τὴν
1214 2053 1381 2134 ἀνθρωπίνην
1408 2053 1494 2134 φύσιν.
1515 2056 1602 2114 Τοῦτο
1623 2050 1760 2132 εὐγένεια,

185 2173 225 2212 es.
240 2152 282 2212 ld
298 2153 450 2228 illosuero,
475 2152 522 2231 qui
545 2151 708 2211 contumelia
727 2171 782 2210 non
797 2149 932 2226 afficiunt,
985 2148 1063 2203 τοῦτο
1078 2144 1227 2227 ἐλευθερία,
1242 2144 1324 2222 μηδὲν
1339 2144 1506 2226 ἀνελεύθερον
1523 2143 1695 2225 φθέγγεσθαι,
1709 2142 1758 2201 κᾶν

185 2245 278 2326 potius
297 2243 442 2305 dicendum
462 2257 519 2304 erat
533 2242 624 2317 :Quis
641 2264 680 2320 es,
700 2241 749 2322 qui
773 2240 935 2302 contumelia
986 2229 1089 2318 ἄξιοςῇ
1107 2262 1148 2307 τις
1161 2237 1275 2298 ἀκούειν.
1293 2239 1363 2299 Εἰπὲ
1386 2239 1418 2312 δή
1440 2263 1502 2317 μοι,
1518 2237 1596 2299 πόσοι
1614 2236 1674 2318 οὐχί
1691 2235 1759 2304 ἀξιοί

186 2355 240 2395 non
267 2336 379 2396 afficis?
401 2336 549 2396 humanam
580 2348 706 2394 naturam
732 2331 931 2393 transcendisti.
987 2331 1052 2389 εἰσιν
1060 2331 1233 2409 ἀναιρεῖσθαις
1246 2330 1315 2391 Ἀλλ’
1327 2331 1399 2409 ὅμως
1410 2333 1440 2391 οὔ
1451 2339 1521 2392 ποιεῖ
1530 2336 1607 2391 τοῦτο
1617 2331 1650 2389 δι’
1666 2333 1759 2390 ἑαυτοῦ

186 2427 246 2488 Hoc
267 2428 395 2489 nobilitas
409 2442 459 2505 est,
477 2427 547 2486 nihil
558 2426 694 2485 illiberare
716 2424 801 2504 loqui,
827 2422 932 2484 etiamsi
988 2420 1158 2496 θδικαστλς,
1172 2424 1232 2482 ἀλλ’
1250 2427 1349 2504 ἐρωτᾷ·
1366 2422 1412 2483 καί
1430 2423 1489 2483 οὐδὲ
1507 2426 1585 2481 τοῦτο
1598 2423 1631 2480 δι’
1652 2424 1757 2481 ἑαυτοῦ.

149 2539 158 2551 ‘
186 2520 252 2600 quis
268 2519 362 2589 audire
376 2518 530 2600 sitdignus.
544 2519 675 2579 Diovem
688 2517 769 2594 mihi,
792 2530 857 2596 quot
882 2527 970 2575 nunt)
988 2516 1023 2575 Et
1037 2512 1065 2572 δὲ
1079 2513 1246 2594 διαλέγεσθαι
1260 2515 1392 2599 ἀνθρώπῳ
1402 2518 1509 2597 πονηρῷ
1525 2518 1572 2575 οὐκ
1586 2513 1695 2574 ἀνεκτὸν
1716 2516 1759 2573 δι-

188 2625 253 2674 sunt
264 2610 343 2692 digni
356 2624 387 2669 ut
404 2610 584 2670 occidantur?
597 2630 685 2689 neque
693 2623 781 2668 tamen
791 2629 840 2689 per
852 2607 941 2668 sehoc
989 2607 1117 2678 κνίζοντα,
1132 2606 1200 2666 ἀλλά
1218 2608 1291 2690 μέσῳ
1313 2607 1365 2668 τινί
1385 2608 1532 2690 κέχρηται,
1547 2608 1638 2688 πολλῷ
1658 2608 1759 2686 μᾶλλον

185 2701 274 2784 judex
287 2702 364 2779 facit,
388 2700 435 2761 sed
458 2702 615 2782 interrogat,
629 2721 716 2779 neque
738 2721 790 2780 per
809 2699 937 2781 seipsum.
989 2704 1060 2779 θμῑς
1073 2698 1134 2768 τοὺς
1148 2699 1290 2779 ὁμοτίμους
1303 2699 1417 2784 θὸρίζειν
1432 2705 1461 2760 οθ
1475 2700 1530 2782 χρή
1542 2723 1550 2738 ·
1564 2704 1593 2760 οθ
1614 2697 1666 2780 γὰρ
1692 2697 1761 2758 οὕτω

187 2794 219 2855 si
230 2807 321 2855 autem
330 2793 435 2854 homini
445 2793 572 2875 improbo
583 2791 672 2874 judex
685 2813 738 2852 non
747 2790 877 2871 dignatur
886 2813 935 2872 per
989 2791 1042 2874 ι’τῷ
1055 2791 1163 2876 neptem
1175 2793 1402 2873 πλεονεκτήσομεν
1421 2796 1519 2868 αὐτῶν,
1532 2797 1568 2860 ὡς
1580 2796 1619 2874 τῷ
1634 2793 1760 2872 διδαχθῆ-

191 2906 221 2946 se
233 2885 319 2966 loqui,
330 2885 379 2946 sed
398 2885 488 2945 medio
499 2885 627 2965 quopiam
641 2884 737 2960 utitur,
752 2882 938 2964 multomagis
989 2909 1049 2956 ναι,
1062 2883 1104 2946 ὅτι
1124 2883 1270 2965 θύρίσαμεν
1290 2883 1405 2952 ἑαυτούς.
1417 2883 1488 2953 Τοὺς
1503 2885 1549 2965 μὲν
1564 2876 1609 2945 eiu
1629 2882 1759 2964 πονηροδς

189 2996 238 3037 nos
252 2990 358 3058 oportet
381 2998 460 3059 pares
482 2997 536 3036 non
557 2975 718 3035 contumelia
743 2975 868 3033 afficere:
882 2994 937 3034 non
990 2977 1033 3037 διδ
1046 2981 1124 3037 τοῦτο
1138 2975 1198 3036 οὔτε
1214 2974 1327 3058 θύρίζειν
1338 2975 1408 3057 χρὴ,
1421 2976 1481 3044 τοὺς
1495 2977 1523 3037 δὲ
1545 2974 1712 3056 ἀραθοθςκσιί
1725 2977 1760 3034 δι’

190 3067 264 3130 enirn
277 3068 317 3127 ita
341 3068 398 3127 illis
411 3066 584 3149 praeponendi
598 3067 710 3146 erimus,
732 3066 755 3124 si
769 3065 831 3124 illos
843 3080 938 3125 eontu·
990 3069 1088 3150 ἕτερον,
1101 3066 1142 3128 dtr
1159 3070 1207 3128 ούιι
1222 3066 1303 3136 ἀξιον·
1323 3068 1369 3128 καί
1382 3067 1481 3150 τρίτον,
1493 3067 1534 3128 ὅτι
1546 3066 1674 3150 θύριον-ὴν
1692 3057 1760 3126 είναι

194 3158 275 3221 melia
285 3157 445 3234 afficiamus,
455 3171 486 3217 ut
501 3158 524 3217 si
537 3156 692 3235 doceamur,
706 3155 780 3236 quod
798 3177 846 3216 nos
865 3156 938 3237 ipsos
990 3161 1020 3220 ού
1034 3160 1098 3241 χρή.
1112 3161 1167 3220 Νῦν
1181 3161 1223 3234 δὲ,
1237 3157 1286 3239 ύρα
1299 3159 1349 3220 ὅσα
1362 3158 1620 3240 γίνεται·θ6ρίζεται
1634 3159 1681 3218 καί
1694 3161 1758 3231 ἕπη-

193 3248 356 3312 contumelia
379 3249 559 3308 affecerimus.
581 3249 670 3310 Malos
687 3269 751 3328 ergo
771 3247 832 3308 ideo
847 3261 940 3306 eontu-
992 3252 1112 3335 ρεάζεταν
1126 3250 1275 3334 ἄνθρωπος,
1287 3252 1360 3311 uelo
1380 3250 1532 3332 ἐπηρεάζων
1551 3252 1702 3333 ἄνθρωπος,
1715 3250 1761 3311 καί

192 3344 273 3404 melia
285 3344 455 3404 afficerenon
466 3355 582 3423 oportet,
597 3343 682 3402 boum
697 3356 788 3401 autem
804 3341 857 3401 alia
871 3363 939 3421 quo-
991 3348 1016 3404 ei
1027 3349 1183 3426 θεωροῦντες
1193 3343 1335 3424 ἄνθρωποι.
1346 3344 1383 3404 Τί
1396 3334 1454 3417 ούνς
1465 3343 1499 3402 τὰ
1512 3343 1591 3424 θηρία
1609 3346 1648 3404 δεῖ
1660 3347 1697 3411 είς
1711 3344 1760 3423 μέ·

192 3458 246 3516 qne
268 3435 303 3496 de
316 3457 407 3510 causa,
425 3433 500 3514 quod
516 3454 568 3493 non
588 3433 749 3493 contumelia
766 3432 844 3513 digni
867 3432 920 3492 sint
929 3455 939 3512 3
955 3448 974 3497 Ε
991 3459 1036 3497 σον
1050 3439 1132 3497 ἐλθεῖν
1147 3435 1195 3495 καί
1209 3437 1346 3510 διαλθσσι;
1360 3440 1438 3495 τοῦτο
1457 3434 1510 3518 γάρ
1529 3436 1658 3497 λείπεται.
1671 3436 1759 3496 Ὅταν

195 3528 275 3588 tertio
285 3542 376 3588 antem
387 3527 451 3605 quia
471 3524 697 3585 contumeliosum
709 3546 766 3585 esse
781 3546 835 3584 non
855 3545 940 3606 opor-
991 3526 1044 3610 γὰρ
1054 3531 1079 3588 οί
1099 3526 1257 3610 τερπόμενοι
1269 3551 1302 3608 ιη
1318 3527 1407 3611 ἀδικίᾳ
1421 3528 1554 3612 ἄνθρωποι
1568 3517 1636 3603 ὦσι,
1647 3537 1702 3595 τοῖς
1715 3533 1761 3602 θη-

191 3632 237 3680 tet
252 3622 332 3681 Nune
344 3633 436 3678 autem
445 3617 511 3679 ride
524 3631 624 3698 quanta
638 3617 705 3693 liant
718 3615 902 3677 :contumelia
915 3630 942 3676 et
994 3619 1058 3700 ρίοις
1071 3617 1254 3698 ἡκαταλλαγὴ
1265 3618 1396 3679 λείπεται·
1406 3619 1497 3702 ὥσπερ
1507 3613 1551 3681 οἶν
1562 3623 1697 3681 δεσποτῶν
1710 3645 1763 3699 μα-

189 3711 289 3773 damno
314 3711 434 3772 afficitur
454 3710 555 3788 homo,
572 3710 712 3770 necnonis
734 3709 782 3789 qui
807 3709 893 3788 laedit,
915 3721 943 3769 et
992 3710 1450 3793 χομίνωνένοίκίᾳ,λείπεταιτοθς
1463 3711 1763 3781 οίκίταςιιαταλλιίττειν

191 3822 362 3890 spectatores.
387 3807 464 3880 Quid
486 3805 574 3887 ergo?
590 3826 656 3866 num
672 3807 743 3866 seras
767 3806 795 3865 in
819 3804 942 3864 medium
996 3805 1089 3885 (τοῦτο
1110 3801 1163 3883 γὰρ
1182 3806 1200 3874 ἡ
1219 3805 1266 3861 τοῦ
1277 3801 1434 3882 πράγματος
1444 3804 1519 3886 ρύσις
1537 3808 1662 3880 ἀπαιτεῖ,
1682 3808 1706 3864 εί
1718 3804 1763 3864 καί

190 3901 316 3962 accedere
337 3914 456 3983 oportet,
474 3914 500 3960 et
523 3920 580 3959 rem
598 3899 770 3961 dissolvere?
796 3898 849 3959 hoc
870 3898 943 3959 enim
993 3895 1076 3978 ταύτῃ
1088 3895 1159 3977 τσίχα
1173 3893 1211 3974 μὴ
1227 3894 1360 3976 γίνεται)·
1375 3896 1444 3956 οὕτω
1464 3897 1509 3957 καί
1529 3899 1651 3957 ἐνταῦθα.
1666 3897 1762 3979 Ὑύρί-

192 3999 285 4053 restat.
301 3993 372 4052 Cum
385 3990 592 4051 enimhemines
608 3991 717 4069 santii,
733 3990 779 4069 qui
795 3990 823 4051 in
842 3989 943 4068 iniqui-
995 3992 1060 4065 ζεις;
1085 3987 1209 4055 εἰκότως·
1228 3987 1288 4048 οὐδὲ
1307 3988 1360 4071 γδρ
1377 3989 1514 4070 ἄνθρωπος
1536 3980 1569 4049 εί.
1592 3990 1664 4050 *Διά
1686 3996 1764 4051 τοῦτο

191 4097 246 4144 tate
267 4084 445 4163 delectantur,
469 4083 533 4143 ieris
560 4083 744 4144 reconciliatio
765 4095 938 4142 reservatur:
994 4079 1064 4150 ἔδοξε
1076 4079 1145 4161 μέγα
1157 4105 1184 4139 τι
1198 4071 1297 4148 εἷναιὴ
1317 4079 1405 4160 θὸρις,
1418 4081 1464 4141 καί
1480 4080 1551 4150 ἔδοξε
1571 4093 1624 4150 τοῖς
1639 4083 1764 4162 μεγάλοις

193 4174 422 4253 quemadmodum
447 4173 521 4233 heris
550 4172 625 4233 domi
648 4173 843 4254 pugnantibus,
859 4184 941 4232 restat
993 4173 1152 4256 προσήκειν·
1165 4171 1197 4231 τὸ
1210 4170 1237 4231 δί
1253 4171 1424 4253 ἀνδραπόδοις
1433 4175 1534 4252 μᾶλλον
1551 4174 1695 4255 προσήκει,
1710 4174 1763 4234 ὥσ-

192 4279 223 4324 ut
233 4265 375 4324 domestici
393 4264 453 4324 illos
468 4264 641 4323 reconcilient
664 4264 739 4339 (hoe
757 4265 829 4324 enim
843 4277 942 4325 natura
993 4264 1083 4344 περτδ
1094 4266 1221 4346 εθρημεῖν
1232 4262 1375 4343 ἐλευθέροις
1390 4264 1531 4347 ἐμπρέπει.
1545 4264 1651 4348 Ὥσπερ
1666 4266 1719 4348 γὰρ
1732 4266 1765 4326 τδ

192 4357 230 4416 rei
246 4356 343 4436 exigit,
353 4356 458 4415 etiamsi
467 4356 536 4416 sorte
552 4356 604 4416 hac
617 4356 721 4415 ratione
735 4376 788 4416 non
802 4356 886 4430 fiat):
901 4356 941 4416 sic
947 4411 984 4452 m
993 4360 1082 4424 κακῶς
1095 4365 1179 4417 ποιεῖν
1193 4355 1309 4429 ἐκείνων,
1326 4355 1395 4416 ούτιο
1416 4357 1447 4417 τὸ
1464 4360 1553 4426 κακῶς
1572 4358 1687 4440 πάοχειν
1701 4359 1763 4419 τού·

191 4461 217 4508 et
226 4446 280 4507 hoc
293 4467 371 4524 casu,
384 4446 555 4506 Contumelia
570 4445 676 4506 afficis?
686 4460 712 4506 et
731 4446 795 4527 jure
807 4446 938 4526 quidem3
956 4469 977 4514 n
993 4472 1056 4510 των.
1071 4441 1137 4510 Οίύν
1152 4452 1209 4509 ἐστι
1226 4447 1357 4528 ιιλίπτρια
1372 4449 1452 4521 δούλη
1465 4450 1499 4510 τὰ
1516 4457 1562 4510 τοῦ
1575 4451 1702 4511 δεσπότου
1716 4455 1765 4512 λα-

190 4561 244 4602 non
264 4540 337 4601 enim
350 4539 434 4599 horno
447 4560 484 4598 es.
499 4537 564 4598 ldeo
584 4559 714 4619 magnum
728 4538 869 4621 quidpiam
882 4561 939 4600 esse
994 4539 1092 4622 θραίως
1102 4544 1248 4622 θραιροῧαα
1258 4584 1267 4614 ,
1279 4540 1394 4601 τοιοῦτόν
1406 4540 1433 4600 τί
1447 4545 1503 4602 ἐστι
1516 4543 1594 4615 καὶὴ
1616 4542 1691 4624 eope<
1701 4568 1708 4582 ·
1719 4545 1765 4604 καὶ

189 4634 250 4694 visa
265 4647 305 4694 est
315 4632 489 4709 contumelia,
510 4643 537 4691 et
553 4632 658 4711 magnis
673 4652 838 4712 congruere:
855 4632 940 4693 servis
993 4638 1029 4702 ὡς
1050 4633 1081 4693 ἀν
1098 4633 1168 4693 είποι
1191 4657 1246 4706 τις,
1261 4633 1381 4713 καθάπερ
1398 4640 1413 4695 θ
1427 4635 1545 4707 κλέπτης
1560 4637 1661 4716 σπουδῇ
1676 4637 1766 4696 εἰσιὼν

189 4743 281 4789 autem
289 4727 376 4807 magis
388 4725 527 4806 competit,
539 4737 569 4783 ut
581 4724 650 4783 bene
662 4724 736 4804 loqui
746 4725 845 4785 liberes
853 4724 938 4786 decet.
993 4730 1130 4807 πανταχοῦ
1137 4724 1507 4806 περιύλίπεταιύρελέσθαιτι
1517 4727 1685 4797 σπουδάζων·
1696 4728 1766 4789 ούτω

188 4818 348 4880 Sicutenim
367 4817 538 4878 malefacere
553 4816 589 4876 ad
610 4815 672 4876 illos
694 4817 810 4897 pertinet
822 4818 883 4895 ,sic
902 4817 939 4880 ad
993 4819 1039 4878 καί
1064 4810 1248 4886 edereedere
1271 4827 1444 4896 περισκοπεῖ,
1459 4819 1597 4879 ἐκύᾶλλειν
1620 4844 1648 4878 τι
1672 4820 1764 4882 θέλων.

188 4911 239 4972 lios
254 4912 325 4971 mala
336 4910 403 4992 pati.
417 4908 543 4991 Exempli
555 4930 646 4988 causa,
657 4909 754 4968 ancilla
767 4909 871 4990 raptrix
884 4925 935 4991 est,
993 4911 1075 4992 Τύχα
1090 4910 1171 4994 ἑτέρῳ
1184 4909 1236 4968 τινί
1255 4908 1452 4989 παραδείγματι
1472 4913 1550 4972 αὐτὸν
1565 4912 1763 4996 διαγρύψωμεν.

222 5093 235 5130 ¹³
253 5093 301 5156 [τὸ
320 5096 407 5157 ίνύρίσκι
428 5094 457 5142 Δ.
471 5092 501 5143 C.
512 5089 635 5142 Commel.
647 5102 673 5140 et
691 5089 784 5142 Monti.
799 5089 920 5143 Dedimus
938 5109 952 5141 e
1002 5111 1054 5147 κινν·
1067 5105 1113 5152 τοῖς
1131 5097 1155 5146 il
1172 5096 1317 5162 ἀνδραπόδοις
1332 5100 1420 5161 μᾶλλον
1440 5108 1558 5166 προσήκει·
1573 5101 1638 5152 τοδί
1658 5103 1763 5171 ciprum

189 5169 349 5236 cauteriare]
1002 5177 1136 5242 ίλινθίροις,
1149 5172 1184 5222 sic
1198 5175 1225 5222 t.
1239 5171 1318 5238 B.C.]

222 5265 232 5288 ⁶
250 5249 259 5313 [
272 5254 346 5311 ἔδοξεν
353 5253 439 5313 eisaei..-
453 5251 507 5301 εἶναι
520 5255 532 5308 ί.
545 5253 613 5319 ύθρις·
626 5253 687 5312 ἔδοξε
699 5256 857 5316 τοῖςμεγοίλοις
868 5261 953 5321 προσή-
