3728 5978
238 458 309 557 498

237 618 315 680 esset,
328 624 377 663 nee
389 601 515 683 supplicii
530 601 711 678 comminatio,
720 599 773 661 lroc
786 601 859 660 omni
877 600 978 682 snppli-

237 697 279 757 cio
288 697 363 776 pejus
369 708 444 754 esset.
451 689 532 768 Quod
542 693 565 753 si
575 691 602 751 id
611 693 678 773 ipsis
686 692 796 774 placeat,
804 706 978 772 angmentum

237 787 365 870 supplicii
377 808 470 845 narras
481 785 559 849 milri,
576 786 670 863 Neque
682 784 763 862 enim,
777 785 799 844 si
813 806 894 864 quem
903 784 978 845 vide·

237 901 295 939 rem
310 876 412 937 nudum
431 891 582 937 currentem
602 891 657 936 toto
674 898 786 955 corpore
799 876 930 937 l'oedatum
944 899 979 936 ex

236 970 309 1050 luto,
324 991 373 1030 nec
386 969 490 1051 pudore
503 970 641 1047 affectum,
656 969 703 1028 sed
716 968 768 1028 sibi
782 970 976 1049 gratulantem,

236 1064 387 1149 gratularer
400 1077 425 1123 et
439 1084 488 1144 ego
505 1064 575 1145 ipsi:
589 1063 644 1122 imo
657 1063 748 1145 potius
759 1063 838 1122 illum
851 1062 977 1144 deplora-

236 1179 303 1232 rem,
316 1154 390 1236 quod
409 1177 461 1215 non
478 1156 536 1237 ipse
550 1156 659 1216 sentiret
672 1177 700 1215 se
712 1155 828 1237 turpiter
843 1175 930 1236 agere.
941 1156 979 1216 Ut

235 1263 327 1310 autem
344 1249 534 1309 contumeliam
546 1248 739 1308 evidentiorem
757 1248 880 1321 reddam,
900 1249 980 1309 liceat

237 1339 305 1400 mibi
321 1339 398 1399 aliud
409 1339 487 1399 vobis
498 1339 652 1421 exemplum
666 1341 771 1400 allerre.
779 1339 808 1400 Si
823 1339 884 1419 quis
894 1339 978 1420 virgi-

237 1451 298 1489 nem
307 1430 335 1489 in
343 1430 461 1488 thalamo
472 1444 621 1489 versantem
630 1429 780 1506 damnaret,
786 1444 814 1489 ut
823 1451 884 1489 eum
891 1431 979 1490 brutis

593 477 622 523 S.
651 478 789 525 Joanrtts
816 477 998 525 ctttttsosT.
1026 478 1188 555 incutere
1212 481 1482 533 consutit‘rtn'ot’.

1032 601 1117 683 φύσιν.
1135 605 1169 663 Ei
1180 603 1232 686 γδρ
1247 603 1284 682 μὴ
1295 604 1385 685 γίεννα
1397 598 1445 681 ἦν,
1459 609 1526 686 μηδὲ
1541 609 1648 677 κολασις
1663 607 1805 682 ἠπείλησα,

1032 699 1108 753 τοῦτο
1120 695 1207 766 πάσης
1222 696 1355 763 κολάσεως
1365 705 1452 776 χεῖρον
1473 690 1515 771 ἦν.
1530 701 1565 759 El
1578 699 1606 760 δὲ
1624 700 1746 773 ἥδονται,
1758 697 1805 772 τὴν

1032 785 1184 865 προσθήκην
1196 809 1241 864 μοι
1253 786 1338 866 λέγεις
1352 791 1400 859 τῆς
1412 789 1550 871 τιμωρίας.
1565 791 1635 851 Οὐδὲ
1647 790 1699 870 γάρ
1711 790 1738 849 εί
1748 813 1806 849 τινα

1031 868 1099 937 ι’ίδον
1110 878 1209 958 γυμνὸν
1224 879 1363 960 τρέχοντα,
1378 881 1498 964 βορύόρῳ
1510 883 1541 943 eb
1556 887 1634 963 σῶμα
1651 885 1806 963 ἀνακεχρω·

1032 970 1126 1050 σμένον
1147 971 1233 1044 ἅπαν,
1260 963 1316 1031 ε’ίτα
1336 975 1384 1032 οὐκ
1404 975 1645 1054 ἐγκαλυπτόμενον,
1669 973 1739 1035 ἀλλά
1762 973 1807 1033 καλ

1032 1063 1302 1144 ἐγκαλλωπιζόμενον,
1317 1067 1448 1139 συνήσθην
1461 1065 1492 1125 διν
1503 1069 1584 1148 αὐτῷ,
1596 1067 1665 1127 ἀλλά
1677 1066 1725 1127 καὶ
1740 1070 1807 1146 μάλ-

1031 1155 1120 1242 λονάν
1135 1157 1212 1218 αὐτόν
1227 1155 1373 1238 ἐθρήνησα,
1385 1157 1425 1217 δτι
1439 1159 1498 1218 οὐδὲ
1511 1160 1664 1219 αἰσθάνεται
1683 1162 1806 1239 ἀσχημο-

1033 1251 1093 1307 νῶν.
1112 1247 1173 1308 Ἵνα
1192 1247 1219 1309 δὲ
1239 1248 1285 1308 καλ
1307 1250 1471 1331 σαφεστέραν
1485 1251 1561 1319 δείξω
1574 1250 1622 1324 τλν
1636 1250 1730 1332 ὐύριν,
1745 1249 1806 1311 ἀνά·

1033 1339 1130 1421 σχισθί
1144 1363 1193 1419 μου
1214 1340 1259 1400 καί
1273 1340 1361 1422 ἐτέρου
1375 1340 1598 1422 παραδείγματος.
1611 1345 1647 1403 El
1660 1341 1714 1424 γθρ
1736 1366 1806 1422 παρ-

1033 1432 1105 1492 θένον
1120 1457 1160 1502 τις
1177 1432 1334 1494 κατεδίκασε
1352 1434 1566 1514 θαλαμευομένην
1579 1434 1683 1515 ἀλόγοις
1695 1439 1807 1514 μιγῆναι

236 1521 398 1582 animalibus
411 1522 641 1598 commisceretur,
653 1521 700 1581 illa
714 1543 779 1581 vero
797 1522 825 1581 in
841 1523 892 1581 tali
906 1523 979 1584 coitu
997 1526 1016 1572 Β
1034 1522 1119 1596 ζώοις,
1133 1515 1190 1584 εἶτα
1205 1524 1283 1596 ἥδετο
1297 1524 1382 1599 ἐκείνη
1400 1530 1432 1605 τῇ
1447 1515 1529 1604 pitin,
1542 1531 1570 1588 οὐ
1594 1526 1638 1587 διδ
1659 1533 1739 1586 τοῦτο
1750 1525 1807 1604 μά-

236 1613 428 1674 delectaretur:
446 1635 533 1674 annon
553 1613 613 1672 ideo
630 1613 759 1694 lacrymis
771 1612 881 1694 dignior
897 1629 979 1693 esset,

237 1707 312 1786 quod
324 1729 376 1767 non
395 1721 484 1788 posset
499 1707 533 1765 ab
549 1707 601 1765 hoe
612 1707 706 1782 morbo
722 1706 847 1788 liberari,
862 1708 917 1769 imo
931 1730 980 1769 nee

236 1800 315 1860 illum
324 1800 437 1859 sentire?
447 1797 479 1858 ld
488 1813 558 1859 certe
568 1799 668 1857 nemini
680 1820 732 1857 non
742 1799 831 1880 palam
842 1800 922 1860 est.Si
931 1823 980 1861 au-

237 1907 291 1953 tem
301 1914 384 1974 grave
397 1893 466 1952 illud
478 1893 523 1965 sit,
539 1892 591 1952 hoe
604 1914 657 1952 non
671 1893 761 1952 minus
770 1914 852 1973 grave
867 1919 874 1951 z
888 1915 950 1954 nam
964 1919 979 1956 a

237 1984 294 2044 suis
308 1984 469 2044 contumelia
487 1983 570 2059 allici,
588 1984 767 2044 miserabilius
782 1998 832 2062 est,
852 2006 934 2064 quam
945 1988 980 2047 ab

237 2076 340 2137 alienis.
359 2077 414 2137 Hos
431 2097 480 2156 ego
497 2076 642 2136 homicidis
663 2077 765 2157 pejores
786 2076 865 2136 dieo:
884 2078 979 2138 melius

238 2168 338 2250 quippo
354 2181 392 2227 est
411 2169 494 2245 mori,
509 2189 591 2247 quam
613 2168 652 2227 sie
673 2167 834 2227 contumelia
854 2169 979 2229 affectum

238 2261 340 2322 vivere.
348 2260 491 2320 Homicida
502 2261 572 2320 enim
586 2261 704 2321 animam
716 2283 732 2319 a
742 2283 851 2342 corpore
861 2278 977 2343 separat3

238 2353 354 2414 hierero
362 2354 480 2414 animam
488 2375 550 2412 eum
562 2374 671 2434 corpore
679 2352 776 2435 perdit.
784 2353 820 2412 Et
832 2353 980 2432 quodcum·

238 2466 291 2525 qne
302 2444 405 2506 dixeris
423 2459 576 2527 peecatum,
597 2465 649 2504 non
669 2445 771 2523 aequale
790 2444 894 2506 dixeris
915 2446 980 2505 huie

1034 1618 1112 1674 λιστα
1131 1615 1251 1695 δακρύων
1273 1609 1306 1689 ἦν
1327 1615 1403 1691 ἀξία,
1417 1616 1457 1677 ότι
1475 1617 1534 1678 οὐδὲ
1550 1622 1741 1699 ἀπαλλαγῆναι
1760 1621 1808 1688 τῆς

1034 1703 1109 1764 νόσου
1132 1705 1231 1777 ταύτης
1249 1706 1361 1779 ἠδύνατο
1374 1712 1412 1789 τῷ
1427 1709 1495 1787 μηδὲ
1510 1709 1678 1771 αἰσθάνεσθαι
1699 1715 1748 1782 τῆς
1768 1709 1810 1769 νύ·

1033 1818 1098 1870 σου,
1112 1796 1201 1856 Παντί
1217 1823 1266 1858 που
1284 1798 1362 1870 δῆλόν
1385 1801 1465 1859 ἐστιν.
1486 1803 1520 1861 El
1539 1800 1665 1862 δὲέκεῑνο
1677 1799 1807 1882 χαλεπὸν,

1033 1886 1092 1946 οὐδὲ
1112 1894 1189 1948 τοῦτο
1203 1888 1311 1948 ἔλαττον
1330 1890 1445 1950 ἐκείνου·
1459 1892 1490 1952 ab
1503 1892 1555 1973 γάρ
1568 1893 1619 1954 ὐπὸ
1635 1897 1687 1952 τῶν
1704 1891 1808 1951 οἰκείων

1033 1978 1183 2058 ὐύρίζεσθαι
1204 1982 1375 2062 ἐλεεινότερον
1401 1989 1446 2044 τοῦ
1475 1982 1548 2067 παρδ
1572 1988 1625 2044 τῶν
1649 1982 1807 2064 ἀλλοτρίων.

1034 2069 1148 2139 Τούτους
1162 2071 1214 2153 ε’γὼ
1228 2074 1273 2133 καὶ
1289 2075 1452 2156 ἀνδροφόνων
1463 2076 1567 2157 χείρους
1581 2067 1647 2136 eliel
1657 2099 1729 2158 φημι
1742 2099 1749 2112 ·
1762 2075 1808 2135 καὶ

1033 2162 1084 2244 γὰρ
1104 2163 1205 2243 βέλτιον
1223 2170 1372 2241 ἀποθανεῖν,
1384 2166 1403 2238 ἢ
1414 2172 1460 2248 ζῇν
1480 2167 1649 2249 ὐύριζόμενον
1663 2167 1757 2236 οὕτως.
1773 2167 1808 2228 Ὁ

1034 2255 1081 2332 μὲν
1104 2255 1157 2336 γάρ
1180 2256 1333 2338 ἀνδροφόνος
1358 2257 1406 2331 τὴν
1428 2262 1515 2340 ψυχὴν
1539 2261 1592 2320 ἀπὸ
1614 2269 1659 2321 τοῦ
1683 2260 1809 2338 σώματος

1033 2347 1180 2430 διέρρηξεν,
1203 2340 1276 2418 αὐτος
1297 2350 1325 2410 δὲ
1347 2351 1394 2423 clv
1415 2353 1504 2434 ψυχὴν
1529 2352 1597 2431 μετὰ
1616 2358 1662 2413 τοῦ
1684 2352 1809 2430 σώματος

1033 2437 1164 2499 ἀπώλεσε.
1179 2440 1232 2499 Καὶ
1251 2439 1315 2520 ὅπερ
1330 2441 1361 2501 διν
1382 2442 1464 2512 εἴποις
1478 2444 1643 2525 ἁμάρτημα,
1657 2443 1732 2503 οὐδὲν
1751 2443 1807 2504 ἴσον

142 2719 155 2737 ’
236 2738 340 2784 rentur.

237 2536 394 2615 iniquitati:
410 2551 435 2595 et
449 2536 472 2596 si
484 2535 515 2613 ii,
529 2535 576 2615 qui
590 2537 648 2596 haec
660 2535 807 2616 patiuntur,
823 2536 861 2595 rei
872 2558 978 2596 sensum
996 2557 1016 2606 c
1033 2534 1099 2612 ἐρεῖς
1121 2536 1169 2604 τῆς
1188 2533 1356 2614 παρανομίας
1375 2535 1492 2607 ταύτης·
1513 2537 1558 2596 καὶ
1582 2540 1604 2596 εἰ
1626 2536 1808 2616 ἐπῃσθάνοντο

237 2629 374 2707 haberent,
394 2630 492 2690 millies
508 2629 576 2688 mori
586 2644 776 2712 praeoptarent,
788 2652 821 2690 ne
835 2632 886 2691 hoc
901 2646 979 2714 pate.
1014 2616 1018 2623 ’
1033 2629 1083 2684 τῶν
1096 2624 1240 2704 γινομένων
1251 2630 1276 2686 οἱ
1288 2625 1449 2708 πάσχοντες,
1468 2629 1574 2710 μυρίους
1587 2629 1617 2687 ἂν
1631 2627 1807 2698 κατεδέξαντο

640 2789 641 2793 ¹
1032 2715 1167 2787 θανάτους,
1180 2715 1249 2777 ὥστε
1262 2716 1299 2795 μὴ
1314 2724 1391 2778 τοῦτο
1402 2724 1505 2779 παθεῖν.

278 2819 309 2877 5.
331 2815 409 2877 Nihil
425 2831 475 2894 est,
490 2815 562 2875 nibil
575 2816 667 2896 utique
687 2829 726 2876 est
745 2816 796 2877 hac
818 2818 980 2878 contumelia
1073 2811 1114 2869 Οὐ
1125 2808 1177 2891 γάρ
1191 2815 1271 2883 ἐστιν,
1284 2813 1332 2869 οὐκ
1341 2810 1397 2870 ἔστι
1410 2811 1508 2884 ταύτης
1526 2815 1574 2883 τῆς
1588 2812 1689 2893 Stipant<
1703 2813 1806 2894 ἀλογώ-

238 2908 450 2972 irrationabilius
461 2922 486 2968 et
500 2910 618 2989 gravius.
633 2909 662 2970 Si
677 2909 749 2969 enim
760 2912 794 2970 de
807 2910 981 2972 lomicatione
1033 2901 1107 2984 τερόν
1120 2925 1149 2961 τε
1164 2903 1209 2963 καὶ
1220 2902 1414 2986 χαλεπώτερον.
1426 2907 1460 2965 Εἰ
1471 2904 1523 2986 γὰρ
1540 2906 1601 2987 περὶ
1615 2905 1739 2983 πορνείας
1751 2907 1808 2965 δια-

237 3001 350 3081 loquens
360 3002 471 3075 Paulus,
481 3001 704 3061 dicebat20mne
714 3016 878 3083 peecatum,
891 3006 980 3085 quod·
1033 2993 1173 3079 λεγόμενος
1189 3000 1203 3055 ὁ
1228 2997 1335 3063 Παῦλος
1354 2997 1452 3076 ἔλεγεν,
1466 2997 1506 3058 ότι
1528 2999 1588 3057 Πᾶν
1612 2997 1776 3078 ἁμάρτημα,
1795 2999 1809 3058 δ

239 3097 482 3176 cumquesecerit
503 3096 608 3171 bomo,
629 3106 714 3154 extra
732 3115 835 3173 corpus
857 3109 916 3166 σοις
930 3101 981 3178 qui
1034 3087 1080 3148 ἐὰν
1101 3089 1201 3168 ποιήσῃ
1218 3089 1370 3170 ἄνθρωπος,
1387 3090 1461 3157 ἐκτός
1484 3096 1530 3149 τοῦ
1552 3089 1675 3169 σώματός
1695 3095 1809 3151 ἐστινὸ

241 3207 308 3246 vero
316 3184 500 3268 fornicatur,
520 3189 551 3242 in
570 3189 719 3266 proprium
737 3206 841 3266 corpus
860 3201 979 3266 ρεισκε,
1036 3177 1064 3240 δὲ
1079 3179 1213 3260 πορνεύων
1228 3183 1264 3249 είς
1278 3180 1308 3240 τδ
1328 3181 1393 3241 ίδιον
1407 3187 1486 3261 σῶμα
1501 3181 1661 3262 ἁμαρτάνει·
1675 3183 1702 3242 τί
1723 3183 1755 3243 ἀν
1774 3183 1809 3244 εἴ·

237 3279 305 3360 quid
315 3280 466 3341 dixerimus
476 3278 510 3338 de
520 3279 571 3338 hae
584 3279 699 3354 insania,
712 3301 771 3358 quae
782 3294 856 3339 tanto
865 3280 982 3341 deterior
1035 3296 1130 3351 ποιμεν
1145 3272 1264 3354 περὶτῆς
1278 3273 1372 3352 μανίαι
1382 3273 1479 3348 ταύτης
1488 3275 1522 3348 ,ἢ
1534 3282 1657 3335 τοσοῦτον
1668 3276 1810 3357 ’πορνείας

237 3387 277 3433 cst
296 3375 480 3447 fornicatione,
496 3387 597 3452 quanto
615 3371 669 3431 diei
682 3374 791 3451 nequit?
804 3376 896 3453 Neque
909 3376 981 3435 enim
998 3379 1018 3425 D
1036 3363 1131 3447 χείρων
1145 3364 1225 3438 ἐστὶν,
1237 3364 1297 3425 δ’σον
1319 3364 1377 3426 οὐδὲ
1392 3365 1461 3425 ἔστιν
1477 3370 1570 3439 εἶπεῑν;
1581 3366 1650 3427 Οὐδὲ
1667 3367 1720 3449 γὰρ
1734 3373 1809 3427 τοῦτο

129 3518 136 3530 ,
237 3464 288 3525 boe
301 3480 405 3527 tantum
415 3465 567 3545 dico,quod
579 3466 665 3524 suctus
677 3466 713 3525 sis
726 3467 834 3543 mulier,
843 3467 890 3527 sed
900 3468 981 3528 etiam

236 3557 310 3638 quod
326 3580 410 3618 cesses
429 3580 485 3618 esse
502 3558 556 3635 vir,
571 3554 657 3636 ndpne
672 3571 790 3617 mutatus
805 3559 841 3618 sis
859 3559 886 3618 in
902 3559 981 3620 istam

237 3666 371 3726 naturam,
388 3673 473 3732 neque
492 3651 568 3710 illam
583 3672 672 3710 serres
685 3673 766 3730 quam
783 3651 903 3711 habuisti
912 3676 921 3729 ς
934 3653 981 3712 sed

237 3747 377 3828 utriusque
392 3746 543 3808 eommunis
565 3744 688 3827 proditor
712 3746 823 3805 effeetus
835 3746 882 3815 sis,
898 3760 923 3806 et
937 3746 981 3806 di-

236 3860 306 3919 gnus
322 3840 371 3920 qui
385 3861 401 3900 a
414 3840 481 3900 viris
496 3853 521 3899 et
535 3838 695 3898 mulieribus
709 3839 853 3920 expellaris
866 3853 892 3898 et
908 3840 979 3922 lapi·

236 3931 318 4005 deris,
335 3946 426 4014 utpote
438 3931 487 4011 qui
505 3946 649 4010 utrumque
664 3951 759 3990 sexum
771 3930 869 4011 injuria
882 3932 980 3992 effece-

236 4023 285 4084 ris.
299 4023 336 4083 Et
352 4038 383 4082 ut
399 4023 502 4083 ediscas
515 4035 646 4103 quantum
661 4023 713 4082 hoe
727 4023 763 4082 sit
775 4047 781 4080 ι
793 4022 816 4082 si
832 4023 893 4102 quis
904 4045 981 4084 acee-

176 4160 188 4179 .-
237 4114 303 4176 dens
312 4117 420 4177 offerret
435 4116 496 4186 tibi,
510 4137 539 4176 se
551 4137 585 4174 ex
601 4114 710 4174 bomine
725 4129 751 4174 te
764 4136 857 4175 canem
872 4137 928 4176 esse
943 4117 981 4175 la·

237 4220 354 4283 eturnm,
368 4229 455 4267 annon
479 4207 558 4267 illum
578 4220 608 4264 ut
629 4205 808 4287 perniciosum
828 4207 980 4287 effugeres?

238 4297 322 4376 Atqui
342 4310 368 4356 te
387 4319 440 4356 non
461 4318 554 4356 canem
569 4318 603 4358 ex
619 4297 729 4356 homine
744 4296 830 4356 l'eeisti
842 4343 850 4372 ,
864 4298 912 4357 sed
923 4299 981 4358 ani-

1036 3456 1105 3537 λίγω
1120 3456 1208 3535 μόνον,
1219 3457 1262 3516 ότι
1276 3456 1385 3535 γέγονας
1398 3456 1479 3537 γυνη,
1488 3461 1546 3517 ἀλλ’
1560 3459 1601 3519 ὅτι
1613 3458 1754 3526 ἀπώλεσας
1766 3460 1809 3519 καὶ

1036 3548 1066 3608 rb
1078 3540 1146 3608 εἶναι
1161 3548 1237 3630 ἀνὴρ,
1252 3550 1297 3608 καί
1310 3548 1369 3608 οὐτε
1384 3553 1419 3617 εἷς
1439 3549 1537 3621 ταύτην
1559 3550 1687 3628 μετέστης
1704 3551 1752 3623 τὴν
1766 3552 1809 3632 φύ-

1036 3664 1087 3713 σιν,
1101 3641 1159 3701 οὐτε
1172 3643 1205 3715 ἣν
1226 3633 1295 3722 εἶχες
1309 3641 1482 3723 διετήρησας,
1497 3642 1566 3702 ἀλλὰ
1585 3642 1670 3712 κοινὸς
1684 3644 1810 3724 ἑκατέρας

1037 3731 1135 3813 ἐγένου,
1149 3732 1296 3814 προδότης,
1317 3733 1364 3793 καὶ
1391 3733 1464 3815 παρὰ
1487 3736 1587 3814 ἀνδρῶν
1608 3735 1653 3794 καὶ
1678 3740 1809 3814 γυναικῶν

1037 3824 1107 3893 ἀξιος
1121 3824 1274 3886 ἐλαύνεσθαι
1287 3824 1333 3884 καί
1346 3825 1536 3885 καταλεύεσθαι
1546 3871 1553 3898 ,
1565 3827 1611 3885 ἅτε
1623 3827 1747 3907 ἑκάτερον
1758 3829 1810 3885 ttr-

1036 3915 1121 3988 κήσας
1135 3917 1167 3977 τδ
1180 3915 1264 3995 γένος.
1278 3917 1331 3976 Καί
1343 3915 1385 3976 ἵνα
1400 3917 1486 3998 μάθῃς
1496 3916 1587 3991 ἡλίκον
1602 3918 1680 3977 τοῦτό
1694 3923 1775 3994 ἐστιν,
1789 3919 1811 3978 εί

1036 4034 1077 4077 τις
1088 4008 1170 4069 ἐλθὼν
1182 4009 1359 4088 ἐπηγγέλλετο
1374 4009 1400 4078 ἐξ
1421 4009 1565 4089 ἀνθρώπων
1585 4011 1652 4070 κύνα
1668 4020 1753 4070 ποιεῖν
1768 4035 1811 4084 σε,

1038 4094 1089 4183 ἀρα
1103 4105 1150 4162 οὐκ
1162 4100 1193 4160 ἀν
1205 4105 1240 4169 ὡς
1250 4103 1374 4181 λυμεῶνα
1388 4101 1496 4182 ἔφυγες;
1510 4103 1579 4161 Ἀλλ’
1600 4103 1654 4162 ίδού
1666 4107 1695 4162 οὐ
1708 4105 1773 4164 κύνα
1785 4104 1810 4172 ἐξ

1037 4191 1182 4273 ἀνθρώπων
1206 4192 1301 4252 σαυτὸν
1322 4193 1466 4267 ἐποίησας,
1491 4194 1558 4254 ἀλλά
1581 4195 1612 4254 τὸ
1633 4195 1726 4254 τούτου
1746 4199 1810 4265 ζῶον

1037 4286 1206 4367 ἀτιμότερον·
1216 4289 1298 4346 ἐκεῖνο
1312 4284 1360 4363 μὲν
1374 4286 1425 4366 γδρ
1436 4289 1471 4353 είς
1480 4293 1575 4367 χρῆσιν
1587 4288 1745 4362 ἐπιτήδειον,
1760 4292 1773 4346 δ
1785 4287 1811 4346 δὲ

239 4389 295 4449 mal
313 4409 377 4448 eane
398 4388 476 4468 longe
501 4389 584 4447 vilius
600 4412 606 4445 ι
624 4389 698 4448 canis
718 4390 821 4470 qnippe
840 4392 916 4451 utilis
934 4406 982 4468 est,
1001 4399 1020 4446 E
1036 4377 1189 4458 θῖαῑρηκὼς
1202 4379 1317 4454 οὐδαμοῦ
1334 4378 1474 4458 χρήσιμος·
1485 4376 1576 4449 Τῖθέ,
1590 4379 1648 4439 εἶπέ
1663 4404 1722 4459 μοι,
1734 4380 1760 4439 εἴ
1774 4404 1811 4446 τις

238 4478 355 4540 amasius
370 4498 443 4538 vero·
452 4478 488 4538 ad
507 4478 577 4537 nihil
591 4478 677 4538 utilis.
689 4479 765 4551 Quid
779 4480 879 4555 autem,
892 4503 982 4561 qnaeso

238 4584 275 4648 te,
286 4571 310 4632 si
323 4572 385 4651 quis
395 4571 603 4630 comminaretur
613 4571 772 4631 effecturum
786 4594 814 4632 se
827 4587 858 4632 ut
871 4574 924 4634 riri
935 4596 983 4655 pa-

239 4679 336 4741 rerent,
347 4685 435 4724 annon
451 4663 490 4722 ira
505 4663 689 4745 repleremur?
702 4666 736 4723 At
748 4686 820 4725 nune
835 4687 895 4726 eece
904 4666 984 4747 longe

239 4757 363 4840 graviora
374 4757 485 4828 faciunt,
492 4756 539 4836 qui
548 4771 685 4837 tantopere
695 4757 830 4818 insaniunt
837 4783 843 4816 :
851 4782 902 4819 non
912 4760 984 4819 enim

239 4874 289 4933 par
295 4873 337 4911 res
345 4851 419 4910 estin
430 4849 570 4908 mulierem
579 4850 687 4926 mutari,
695 4863 720 4908 et
733 4849 823 4910 virum
833 4865 983 4911 manentem

239 4944 378 5004 mulierem
393 4943 466 5017 fieri3
482 4943 536 5001 imo
548 4965 631 5022 neque
641 4942 692 5001 hoe
707 4964 791 5020 neque
807 4944 884 5004 illud.
901 4943 982 5016 Quod

240 5035 261 5094 si
280 5035 388 5096 aliunde
411 5034 476 5094 mali
497 5035 563 5094 tanti
582 5034 797 5115 magnitudinem
815 5036 882 5097 seire
900 5038 981 5115 telis,

272 5245 282 5270 ¹
300 5230 367 5281 Attus
378 5243 518 5304 παρκνομῖας
528 5241 610 5304 χοίρων
619 5243 685 5290 ἐστίν.

1037 4471 1142 4543 ἠπείλει
1154 4479 1238 4531 ποιεῖν
1252 4469 1350 4529 τίκτειν
1362 4470 1457 4552 ἄνδρας
1477 4470 1522 4529 καλ
1536 4470 1708 4553 λοχεύεσθαι,
1720 4475 1769 4531 οὐκ
1781 4472 1811 4530 ἀν

1037 4562 1208 4640 ἔπλήσθημεν
1223 4567 1318 4640 θυμοῦ;
1331 4564 1400 4620 Ἀλλ’
1416 4561 1471 4622 teob
1487 4567 1533 4620 νῦν
1555 4562 1731 4645 χαλεπώτερα
1748 4567 1812 4623 ἑαυ-

1039 4654 1098 4722 rou<
1111 4652 1318 4734 κατειργάσαντο
1331 4658 1356 4713 ol
1369 4653 1403 4712 tlt
1418 4659 1529 4713 τοιαῦτα
1541 4654 1705 4722 λυττῶντες·
1720 4660 1750 4715 οὐ
1761 4656 1812 4736 γάρ

1038 4750 1109 4807 ἐστιν
1131 4745 1186 4806 ίσον
1202 4749 1238 4813 εἷς
1251 4745 1401 4825 γυναικείαν
1422 4747 1581 4824 μεταύαλεῖν
1602 4747 1688 4826 φύσιν,
1702 4747 1748 4807 καί
1768 4748 1811 4825 με’-

1038 4862 1116 4899 νοντα
1131 4839 1212 4917 ἄνδρα
1223 4837 1345 4916 γενέσθαι
1357 4848 1483 4915 γυναῖκα,
1496 4840 1596 4915 μᾶλλον
1612 4837 1639 4898 δὲ
1655 4840 1723 4919 μήτε
1735 4845 1812 4899 τοῦτο

1040 4933 1109 5011 μήτε
1127 4935 1218 4991 ἐκεῖνο.
1231 4933 1264 4989 tlt
1280 4929 1306 4988 δὲ
1332 4930 1419 5008 βούλει
1439 4931 1484 4989 καὶ
1505 4930 1630 5011 ἑτέρωθεν
1653 4937 1746 5010 μαθεῖν
1767 4940 1812 4993 τοῦ

1037 5041 1119 5095 κακοῦ
1135 5033 1181 5106 τλν
1193 5030 1349 5111 ὐπερύολλν,
1362 5030 1494 5111 ἐρώτησον
1508 5031 1577 5100 τίνος
1592 5032 1679 5093 ἕνεκεν
1698 5033 1758 5103 τούς
1772 5037 1812 5094 εὐ-
