3728 5978
66 380 140 530 ’ho
255 450 259 457 '
436 464 465 511 s.
493 461 627 511 sonuum
652 459 827 509 cuuusosn
863 461 1018 509 aucium.
1047 460 1314 509 cousraunuor.

91 601 176 667 prout
189 588 311 668 Spiritus
325 598 443 646 sanetus
464 586 556 643 dabat
576 585 673 664 eloqui
694 584 764 644 iilis.
774 584 834 643 Non
890 607 965 658 σαις,
980 584 1067 651 καθὼς
1077 585 1108 644 τδ
1122 586 1232 662 Πνεῦμα
1245 584 1329 644 ἐδίδου
1343 585 1428 651 αὐτοῖς
1442 582 1662 663 ἀποφθέγγεσθαι.

93 678 214 756 dixisset,
233 681 349 754 Omnes,
367 676 430 735 licet
450 687 591 756 presentes
608 688 694 745 essent
710 673 834 756 apostoli,
887 678 947 736 Οὐκ
958 675 989 735 δν
1003 667 1077 750 εἶπε,
1091 675 1208 749 Πάντες,
1226 675 1271 737 καί
1287 674 1441 738 ἀποστόλων
1455 675 1537 734 ὄντων
1556 676 1625 746 ἐκεῖ,
1640 668 1663 736 ιλ

92 769 834 852 nisialiiquoqueparticipesinissent.Alioquinautem,
888 767 925 848 μή
945 768 990 828 καί
1003 773 1028 830 oi
1041 770 1117 830 ἄλλοι
1131 767 1267 850 μετίσχον.
1285 763 1387 836 Ἄλλως
1402 765 1429 826 δέ
1444 765 1503 827 οὐδὲ
1522 766 1578 826 ἅνω
1600 771 1661 828 κατ’

91 862 445 923 cumillosantenominatim
452 861 835 938 recensuisset,nonillosnunc
887 861 954 922 ἰδίαν
968 861 1060 929 αὐτούς
1076 859 1210 942 προειπὼν
1225 861 1271 921 καὶ
1283 858 1424 939 ὀνομαστί,
1438 866 1483 920 νῦν
1499 858 1531 918 δν
1548 862 1664 941 συνῆψεν

90 975 151 1013 cum
159 955 220 1014 aliis
225 953 383 1035 jungeretin
390 953 441 1012 hoc
449 953 640 1033 negotioNam
650 951 732 1030 si,ubi
744 951 834 1012 dieen-
851 957 868 1004 Ε
886 957 913 1015 ἐν
930 960 968 1036 τῷ
990 957 1061 1035 αὐτῷ
1076 953 1223 1036 πράγματι.
1245 955 1280 1014 Εἰ
1299 951 1351 1035 γὰρ
1372 952 1437 1012 ὅπου
1461 955 1545 1012 εἰπεῖν
1566 943 1609 1024 ήν,
1621 951 1663 1013 ὅτι

90 1044 156 1103 dum
164 1058 268 1104 tantum
278 1043 835 1124 eratapostolosadsuisse‚ipsosnomina·
887 1049 1020 1128 παρῆσαν,
1048 1049 1107 1105 κατ’
1129 1045 1197 1104 ἰδίαν
1221 1049 1273 1105 τῶν
1306 1044 1460 1106 ἀποστολων
1486 1043 1662 1123 μνημονεύει,

90 1136 139 1195 tim
153 1137 304 1215 recensuit,
319 1136 406 1196 multo
422 1136 509 1216 magis
520 1134 565 1195 hic
577 1135 638 1194 illos
658 1134 835 1194 distinxisset.
888 1140 979 1220 πολλῷ
995 1139 1095 1218 μᾶλλον
1115 1140 1235 1198 ἐνταῦθα.
1262 1136 1362 1211 Σκόπει
1386 1136 1415 1196 δέ
1435 1159 1496 1215 μοι,
1510 1142 1582 1211 πῶς,
1598 1136 1660 1196 ὅταν

7 1237 81 1311 iasio
91 1226 282 1288 Animadverte
301 1239 406 1299 autem,
428 1227 564 1306 quomodo
583 1247 645 1285 cum
663 1240 837 1307 perseverant
888 1234 1106 1313 προσκαρτεροῦσι
1125 1233 1159 1310 τῇ
1175 1231 1278 1304 δεήσει,
1290 1230 1352 1290 ύταν
1364 1229 1471 1309 ἀγάπην
1487 1229 1587 1310 ἔχωσι,
1601 1229 1661 1290 τότε

1 1314 118 1406 ,fin
130 1318 261 1395 oratione,
273 1339 336 1376 cum
346 1319 483 1377 caritatem
497 1333 623 1389 serrant,
639 1331 703 1378 tunc
717 1317 837 1399 Spiritus
889 1321 919 1383 τδ
940 1325 1052 1400 Πνεῦμα
1070 1321 1255 1406 παραγίνεται.
1275 1320 1439 1401 ειἈνέμνησε
1454 1321 1482 1381 δέ
1497 1319 1592 1389 αὐτοὺς
1616 1321 1662 1383 καί

6 1423 32 1466 u.
90 1410 228 1470 adveniat.
245 1413 277 1471 ln
291 1410 449 1469 memoriam
462 1409 518 1469 iltis
531 1423 639 1471 revocat
660 1409 772 1469 alteram
790 1410 836 1469 vi·
889 1413 979 1495 ἐτέρας
998 1415 1101 1496 ὄψεως,
1129 1413 1227 1488 εἰπὼν,
1248 1413 1324 1474 ‘flasi
1348 1412 1438 1497 πυρός.
1460 1412 1508 1480 Ὡς
1533 1419 1586 1494 πῦρ
1609 1412 1662 1494 γδρ

89 1502 207 1579 sionem,
229 1521 291 1560 cum
304 1501 390 1576 dicit,
409 1504 571 1583 Tamquam
584 1505 668 1582 ignis.
683 1503 836 1580 Tamquam
890 1508 972 1588 ἐφοίνη
989 1506 1035 1568 καί
1060 1511 1139 1583 ἐντῇ
1162 1506 1245 1588 βοίτιρ.
1264 1505 1360 1574 Καθὼς
1381 1505 1413 1566 τδ
1435 1507 1548 1584 Πνεῦμα
1575 1504 1661 1566 ἐδίδου

89 1594 161 1674 ignis
171 1594 244 1653 enim
252 1594 380 1675 apparuit
390 1594 417 1653 in
427 1594 505 1654 mbo.
515 1598 608 1657 Prout
622 1594 744 1674 Spiritus
766 1614 835 1653 san·
889 1603 975 1669 αὐτοῖς
991 1600 1209 1681 ἀποφθέγγεσθαι.
1226 1597 1429 1680 Ἀποφθέγματα
1441 1597 1493 1678 γδιρ
1504 1589 1537 1670 ήν
1549 1597 1584 1658 τὰ
1597 1600 1661 1677 παρ’

88 1700 151 1748 ctus
162 1688 254 1745 dabat
266 1686 364 1767 eloqui
375 1687 446 1745 illis.
460 1688 529 1745 Nam
537 1685 644 1764 eloquia
654 1707 747 1744 eorum
757 1687 835 1764 quasi
889 1695 975 1753 αὐτῶν
999 1692 1137 1772 λεγόμενα.
1164 1683 1253 1753 Ἦσαν
1278 1690 1328 1762 δέ,
1353 1690 1448 1773 φησίν,
1472 1694 1499 1750 ἐν
1522 1689 1660 1769 Ἱερουσα-

87 1781 315 1862 apophthegmata
327 1793 410 1840 erant.
419 1781 545 1840 5.Erant
558 1795 657 1844 autem
673 1786 706 1839 in
717 1782 836 1841 Jerusa-
849 1838 874 1878 Μ
888 1784 946 1863 λήμ
959 1792 1141 1853 κατοικοῦντες
1153 1786 1275 1844 Ἰουδαῖοι
1295 1785 1387 1865 ἄνδρες
1407 1783 1536 1852 εὐλαύεῖς.
1548 1783 1596 1851 ,Τδ
1613 1805 1661 1842 κα-

87 1875 144 1932 iem
154 1906 164 1947 ·,
189 1874 291 1953 inquit,
315 1876 482 1934 habitantes
500 1875 599 1934 Judaei
614 1878 675 1933 viri
696 1875 836 1955 religiosi,
853 1896 872 1942 η
889 1886 999 1952 τοικεῑν,
1018 1878 1156 1945 anteacta<
1180 1869 1212 1950 ῆν
1236 1885 1355 1956 σημεῖον.
1381 1878 1457 1949 Πῶς;
1478 1875 1543 1937 Ἀπθ
1564 1872 1659 1936 τοσού-

87 1967 152 2027 Haee
167 1968 300 2027 habitatio
314 1968 423 2048 signum
435 1967 574 2048 religionis
583 1983 650 2028 erat.
664 1968 835 2041 Quomodo?
888 1994 940 2030 των
961 1970 1013 2053 γδιρ
1032 1974 1111 2031 ἐθνῶν
1132 1970 1222 2047 ὄντες,
1249 1969 1296 2029 καί
1315 1968 1445 2051 πατρίδας
1470 1966 1595 2049 ἀφέντες,
1616 1967 1661 2028 καί

87 2060 227 2119 Cumetot
240 2060 394 2120 fladonibus
408 2073 509 2137 essent,
523 2061 652 2142 patriam,
663 2061 773 2139 domos,
789 2083 833 2121 eo-
887 2063 983 2136 οίκίας,
1008 2062 1054 2122 καί
1086 2064 1237 2143 συγγενεῖς,
1266 2061 1351 2142 ᾤκουν
1379 2063 1444 2120 ἐκεῖ.
1473 2050 1563 2119 Ἦσαν
1592 2059 1660 2141 γδρ,

86 2156 180 2231 gnatos
191 2153 368 2234 reliquerant,
383 2168 409 2213 et
429 2154 485 2213 illic
498 2153 670 2215 babitabant.
690 2157 760 2215 Nam
773 2155 830 2214 ait:
886 2153 981 2233 φησίν,
1003 2157 1029 2212 ἐν
1054 2151 1230 2233 Ἰερουσαλήμ
1259 2159 1440 2217 κατοικοῦντες
1464 2149 1590 2210 Ἰουδαῖοι
1615 2151 1661 2210 ἄν·

86 2246 184 2306 Erant
200 2251 233 2305 in
252 2248 418 2306 Jerusalem
438 2247 605 2307 habitantes
631 2249 731 2307 Judaei
738 2293 747 2321 ,
772 2251 833 2306 uiri
885 2246 944 2326 δρες
957 2245 1090 2320 εὐλαύεῑς,
1110 2246 1163 2306 ἀπὸ
1176 2244 1274 2310 παντὸς
1288 2243 1375 2311 ἔθνους
1388 2246 1441 2303 τῶν
1455 2242 1505 2303 aab
1519 2242 1564 2302 τὸν
1578 2243 1661 2324 ούρα-

85 2339 233 2419 religiosi,
247 2362 283 2399 ea
298 2344 377 2398 omni
389 2343 506 2398 natione
512 2385 523 2413 ,
542 2360 609 2433 quae
627 2343 680 2400 sub
696 2341 767 2399 caelo
779 2352 831 2399 est.
884 2336 937 2396 νύν.
949 2335 1096 2416 Γενομένης
1109 2336 1137 2397 δέ
1145 2342 1193 2409 τῆς
1204 2342 1292 2418 φωνῆς
1305 2335 1414 2409 ταύτης,
1425 2336 1537 2406 συνῆλθε
1549 2333 1582 2393 τδ
1591 2335 1662 2405 πλῆ-

84 2431 112 2488 6.
135 2433 232 2490 Faeta
245 2444 343 2490 autern
359 2430 414 2490 hac
425 2451 499 2490 noae
510 2434 645 2491 convenit
659 2433 829 2505 multitudo,
884 2436 939 2501 θος,
964 2429 1010 2489 καί
1032 2428 1171 2509 συνεχύθη.
1186 2428 1298 2502 Ἐπειδὴ
1318 2430 1346 2487 ἐν
1360 2427 1431 2507 οἰκίφ
1446 2425 1549 2508 ἐγένετο
1564 2425 1596 2484 τὸ
1614 2449 1660 2507 γε·

84 2535 113 2581 et
131 2536 227 2583 mente
240 2525 366 2605 confusa
380 2539 431 2583 est.
456 2524 529 2598 Quia
546 2524 575 2583 in
595 2525 676 2584 domo
697 2547 739 2585 res
758 2539 830 2605 gesta
883 2519 1007 2599 νύμινον,
1031 2520 1138 2588 εἰκότως
1164 2519 1255 2590 ἔξωθεν
1279 2520 1448 2600 συνέδραμεν·
1472 2516 1610 2598 Συιεχῦθη
1632 2516 1664 2577 εὖ

83 2629 122 2675 est
130 2661 138 2692 ,
150 2618 213 2698 jure
226 2618 274 2696 qui
293 2618 359 2677 ioris
372 2631 447 2677 erant
460 2617 645 2678 accurrebant.
663 2621 754 2678 Mente
768 2639 832 2677 oon-
883 2615 991 2682 πλῆθος.
999 2611 1036 2673 Τί
1043 2614 1108 2687 ἐστι,
1120 2611 1256 2693 Συνεχύθη
1272 2613 1343 2691 *[τδ
1356 2610 1662 2692 πλῆθος];Ἐταροίχθη,

83 2709 141 2768 fusa
152 2725 191 2769 est
201 2710 358 2770 multitudo.
372 2710 446 2782 Quid
460 2709 683 2790 signifieatillud,
697 2713 832 2794 Cory'usa
883 2704 1038 2784 ἐθαύμασεν.
1056 2695 1124 2765 hirc
1138 2706 1235 2780 δηλῶν,
1245 2704 1287 2766 ὅτι
1296 2704 1442 2783 ἐθαύμαζον
1451 2750 1460 2778 ,
1470 2703 1579 2783 ἐπάγει,
1595 2701 1663 2763 Ὅτι

83 2805 144 2863 est?
155 2805 289 2880 Turbata,
302 2802 433 2864 admirata
447 2817 495 2863 est.
507 2803 614 2863 Deinde
624 2803 832 2864 admirationem
884 2798 980 2871 ἤκουον
996 2789 1032 2864 εἷς
1049 2796 1159 2864 ἕκαστος
1183 2799 1268 2857 sittim
1283 2802 1316 2877 τῇ
1333 2796 1387 2877 ἰδίᾳ
1401 2794 1530 2876 διαλέκτῳ
1543 2792 1661 2853 hubois-

82 2895 158 2954 illam
173 2894 314 2955 declarans
330 2896 368 2956 ita
389 2896 477 2976 pergit
498 2919 505 2953 z
523 2897 670 2975 Quoniam
692 2897 833 2956 audiebat
849 2898 867 2946 13
884 2915 937 2950 των
948 2893 1043 2950 αὐτῶν.
1058 2889 1113 2949 Καὶ
1127 2893 1238 2962 συνῆλθε
1251 2889 1281 2950 τὸ
1294 2891 1406 2961 πλῆθος,
1420 2887 1466 2948 καλ
1478 2887 1544 2969 πρὸς
1553 2884 1662 2955 ἑαυτοὺς

82 2994 281 3071 unusquisque
296 2989 399 3070 lingua
414 3011 469 3049 sua
490 2990 558 3049 ilios
573 2991 731 3071 loquentes.
746 2992 776 3049 ⁷.
792 2994 833 3050 Et
884 2985 1045 3066 ἐλεγον·οιἰκ
1056 2983 1111 3044 idda
1120 2985 1217 3052 πάντες
1230 2975 1302 3046 οὗτοί
1318 2987 1382 3044 εἰσιν
1403 2984 1427 3042 οἱ
1450 2985 1592 3051 λαλοῦντες
1602 2985 1662 3043 Γα-

83 3085 218 3141 convenit
244 3082 421 3152 multitudo,
451 3090 477 3140 at
504 3086 582 3140 inter
609 3102 640 3140 se
668 3084 833 3142 dicebant:
883 3078 1098 3158 tonueritque
1113 3075 1174 3144 τοθς
1188 3077 1349 3143 ἀποστολους
1374 3075 1468 3142 εὐθέως
1487 3074 1588 3155 ἑώρων.
1608 3075 1663 3137 Καὶ

84 3175 191 3235 Nonne
199 3195 265 3233 eece
278 3176 327 3232 isti
337 3192 446 3246 omncs,
461 3177 512 3255 qui
525 3173 695 3255 loquuntur,
713 3175 835 3235 Galilaei
885 3175 957 3244 πῶς,
974 3170 1065 3251 φησίν,
1089 3173 1167 3248 ἡμεῖς
1192 3168 1320 3247 ἀκούομεν
1336 3167 1446 3237 ἕκαστος
1466 3172 1499 3246 τῇ
1518 3167 1571 3249 ίδίφ
1600 3169 1661 3227 δια-

85 3273 181 3326 sunt?
207 3265 252 3326 ud
274 3266 409 3347 apostolos
434 3266 527 3325 statim
550 3266 707 3348 respiciunt.
731 3267 760 3329 8.
792 3271 835 3327 Et
884 3260 970 3341 λε’κτιμ
983 3264 1071 3339 ἡμῶν,
1085 3265 1111 3322 ἕν
1128 3253 1147 3339 h
1163 3261 1347 3342 ἐγεννήθημεν,
1359 3261 1476 3342 Πάρθοι,
1494 3258 1541 3320 καλ
1554 3261 1661 3334 Μῆδοι,

85 3360 229 3439 quomodo
254 3379 306 3418 nos
328 3359 466 3417 audimus
487 3362 687 3440 unusquisque
703 3361 834 3441 lingarum
885 3352 930 3412 nai
944 3355 1104 3430 Ἐλαμῖται,
1127 3354 1173 3412 καί
1195 3357 1219 3413 οἱ
1239 3360 1419 3420 κατοικοῦντες
1433 3351 1483 3424 τήν
1498 3354 1660 3413 Muenna-

86 3465 227 3527 nostram‚
238 3455 340 3533 inqua
350 3455 414 3510 nati
424 3471 524 3511 sumus
534 3459 547 3509 t
559 3454 685 3527 Parthi,
701 3466 730 3513 et
740 3455 832 3528 Medi,
886 3444 965 3523 μίαν,
977 3444 1108 3506 Ἰουδαίαν
1121 3470 1151 3506 τε
1167 3446 1213 3505 καί
1223 3445 1429 3519 Καππαδοκίαν,
1441 3443 1544 3505 Πόντον
1555 3444 1603 3504 καὶ
1612 3441 1661 3518 τήν

86 3558 114 3603 et
133 3546 285 3616 Eiamitae,
308 3557 336 3602 et
351 3548 403 3625 qui
422 3546 560 3602 habitant
577 3546 832 3625 Mesopotamiam,
885 3538 983 3615 Ἀσίαν,
999 3538 1122 3621 Φρυγίαν
1133 3563 1162 3599 τε
1176 3539 1221 3598 καί
1235 3538 1408 3617 Παμφυλίαν,
1418 3536 1552 3617 Αἴγυπτον
1567 3537 1613 3597 καὶ
1627 3534 1661 3596 τὰ

86 3637 223 3695 Jredoeam
242 3648 271 3693 et
286 3635 516 3715 Cappadociam,
533 3637 663 3694 Pontum
673 3649 702 3696 et
713 3637 832 3710 Asiam,
887 3630 954 3712 μίρη
974 3636 1022 3704 τῆς
1042 3630 1145 3705 Λιθύης
1162 3636 1211 3704 τῆς
1223 3631 1292 3691 κατὰ
1312 3630 1445 3713 Κυρήνην,
1460 3629 1505 3690 καὶ
1524 3633 1549 3690 oi
1565 3630 1661 3704 ἐπιδη-

87 3729 134 3787 10.
160 3730 326 3808 Phrygiam
340 3740 367 3786 et
379 3727 613 3807 Pamphyliam,
630 3730 792 3810 AEgrptum
806 3744 835 3791 et
887 3730 994 3803 μοῦντες
1008 3722 1153 3803 Ῥωμαῖοι,
1168 3723 1292 3785 Ἰουδαῖοί
1304 3748 1334 3783 τε
1347 3723 1393 3782 καί
1403 3721 1580 3803 προσήλυτοι,
1591 3726 1662 3805 Κρῆ·

84 3834 184 3901 partes
206 3823 330 3896 Libya,
363 3841 428 3900 qua·
455 3833 497 3879 est
519 3824 600 3880 eirca
623 3823 779 3898 Cyrenen,
807 3838 835 3883 et
885 3841 928 3883 τες
953 3817 998 3878 καί
1023 3817 1151 3900 Ἀραῦες,
1176 3816 1303 3896 ἀκούομεν
1322 3817 1471 3878 λαλούντων
1491 3818 1577 3877 αὐτῶν
1603 3825 1661 3884 ταῖς

87 3917 209 3974 advene
223 3917 364 3990 Romani,
381 3916 430 3972 tt.
456 3913 555 3973 ludaei
569 3935 683 3996 quoque
695 3930 723 3974 et
735 3939 833 3996 prose·
849 3920 868 3968 C
885 3910 1027 3991 ἡμετέραις
1046 3909 1180 3990 γλώσσαις
1198 3909 1232 3971 eb
1258 3913 1386 3990 μεγαλεῖα
1408 3917 1454 3970 τοῦ
1479 3910 1565 3983 Θιυῦ;
1589 3909 1661 3987 Ἐίίς

89 4010 163 4085 lyti,
178 4009 315 4068 Creteset
327 4007 614 4067 Arabessaudimus
625 4028 673 4069 ens
686 4009 836 4091 loquentes
886 4024 983 4061 παντο
1002 4001 1031 4060 δὲ
1050 4002 1164 4079 πάντες,
1190 4003 1236 4062 καλ
1258 4001 1399 4084 διηπόρουν
1420 4001 1485 4083 πρὸς
1514 4002 1659 4076 amittae,

89 4105 196 4160 nostris
211 4101 320 4180 tinguis
342 4099 497 4179 magnalia
516 4099 584 4158 Dei.
607 4103 655 4159 tu.
676 4100 837 4182 Stupebant
885 4092 1017 4171 λέγοντες·
1031 4093 1058 4152 τί
1069 4093 1139 4154 θέλει
1152 4101 1230 4156 τοῦτο
1241 4085 1321 4169 circu
1335 4093 1436 4176 Ι’Ὁρᾷς
1447 4094 1474 4164 ἐξ
1481 4096 1615 4155 ἀνατολῶν
1625 4099 1660 4161 et<

88 4206 186 4252 autem
201 4213 300 4251 omnes
315 4204 343 4250 et
365 4193 571 4263 mirabantur,
586 4192 629 4251 ad
647 4196 771 4252 invicem
791 4195 835 4251 a·-
886 4184 987 4265 δυσμδις
1012 4185 1106 4255 αὐτοὺς
1126 4187 1285 4269 τρέχοντας
1305 4184 1415 4268 Ἕτεροι
1435 4187 1479 4262 δέ,
1497 4186 1579 4268 φησί,
1600 4189 1659 4248 δια·

6 4283 12 4290 ’
89 4298 186 4344 centes
209 4307 217 4340 ι
238 4285 386 4361 Quidnam
405 4284 472 4342 vult
491 4284 546 4343 hac
563 4291 644 4343 esse?
659 4284 760 4345 Viden'
773 4284 835 4345 illos
886 4278 1166 4359 χλευάζοντειέλεγυν·
1185 4279 1309 4358 γλεύκους
1329 4277 1528 4358 μεμεστωμένοι
1544 4280 1619 4340 εἰσίν.

88 4377 124 4436 ab
138 4376 249 4437 Oriente
263 4374 291 4434 in
306 4373 481 4436 Occidentem
494 4375 687 4434 accurrentes?
701 4377 749 4435 15.
768 4377 836 4435 Alii

89 4483 212 4543 autem,
240 4469 356 4547 inquit,
384 4469 538 4527 irridentes
566 4469 730 4541 dicebant,
758 4470 835 4548 Quia

88 4578 185 4624 musto
201 4563 283 4644 pieni
296 4575 374 4622 sunt.

128 4663 156 4719 ἱ).
170 4660 195 4718 Ο
210 4656 347 4717 vesaniam
359 4654 367 4716 ί
383 4677 399 4713 o
412 4654 546 4735 ingentem
561 4656 710 4734 nequitiam
726 4655 733 4718 Ξ
750 4657 835 4736 Atqui
925 4655 963 4716 Ὠ
976 4660 1023 4729 τῆς
1036 4657 1141 4731 ἀνοίας,
1154 4656 1176 4714 b
1189 4661 1236 4728 τῆς
1256 4655 1350 4723 κακίας
1371 4658 1417 4725 τῆς
1443 4657 1552 4727 πολλῆς.
1568 4657 1660 4719 Καίτοι

88 4775 136 4813 nec
147 4767 255 4833 tempus
268 4764 323 4809 erat
338 4747 481 4808 vindemie
497 4772 502 4804 :
518 4748 657 4807 eratenim
673 4750 833 4810 Pentecoste.
887 4749 944 4810 οὐδὲ
959 4747 1049 4827 καιρὸς
1073 4739 1106 4821 ῆν
1129 4738 1202 4814 ούτος
1217 4752 1262 4807 τοῦ
1277 4745 1416 4826 γλεύκους·
1429 4747 1595 4821 πεντηκοστὴ
1609 4747 1660 4828 γδρ

119 4958 131 4995 d
151 4958 198 5021 [D.
213 4969 258 5014 πῶς
269 4962 306 5007 καὶ
321 4963 355 5006 ἀν.
371 4958 495 5015 aiveinis.
510 4954 543 5003 Et
558 4953 622 5004 inira
642 4960 711 5015 οὕτως
728 4960 788 5016 aine,
802 4960 833 5008 διο
914 4945 942 4996 ’λ
959 4955 1031 5006 Unus
1043 4954 1097 5019 [D.]
1116 4941 1169 5025 δμᾷς
1187 4962 1255 5009 πύθιν
1271 4962 1374 5022 καθάπερ
1392 4956 1516 5022 ὐπόπτιροέ
1532 4975 1606 5012 τινες,
1621 4975 1646 5004 τν

85 5042 146 5096 urbe,
162 5043 196 5087 ὅτι
208 5033 396 5102 &septimani
896 5042 1025 5100 οἱκουμένην
1037 5037 1166 5103 διέδραμον,
1180 5039 1253 5102 ἕτεροι
1265 5037 1287 5084 δὲ
1300 5036 1379 5090 αὐτοὺς
1391 5036 1422 5094 δ.,
1435 5048 1511 5098 quam
1522 5031 1655 5083 lectionem

118 5117 128 5139 ⁸
148 5115 153 5176 Ι
170 5122 196 5166 τδ
208 5119 291 5172 πλῆθος
307 5129 365 5162 cum
374 5112 440 5162 desit
449 5108 475 5160 in
486 5112 527 5175 D.,
540 5110 705 5177 inclusimus]
894 5124 1014 5180 sequutus
1025 5123 1062 5164 est
1071 5112 1197 5162 Erasmus.
1209 5113 1279 5177 [Mox
1294 5109 1361 5163 idem
1377 5113 1409 5164 D.
1421 5115 1438 5164 ὧ
1452 5115 1566 5176 areimis
1589 5133 1657 5168 πονη-

115 5209 125 5232 ι
144 5192 235 5255 [ταῦτα
246 5196 338 5335 1λέγουσι
357 5198 411 5260 πρὸς
428 5213 450 5243 τ.
464 5200 487 5242 a.
507 5197 614 5256 iporeae·
628 5199 664 5245 καί
677 5199 845 5252 ίπιαυνάπτοντγ
894 5201 946 5265 pias
958 5200 994 5246 uni
1006 5200 1082 5252 κακίας
1093 5191 1227 5273 inopiam]

82 5284 128 5331 τοῖς
141 5279 203 5337 ἡμεῖς
211 5269 241 5318 D·
656 5264 660 5271 ’
