<?xml version="1.0" encoding="UTF-8"?>
<!DOCTYPE html PUBLIC "-//W3C//DTD XHTML 1.0 Transitional//EN"
    "http://www.w3.org/TR/xhtml1/DTD/xhtml1-transitional.dtd">
<html xmlns="http://www.w3.org/1999/xhtml" xml:lang="en" lang="en">
 <head>
  <title>
</title>
<meta http-equiv="Content-Type" content="text/html;charset=utf-8" />
  <meta name='ocr-system' content='tesseract 3.04.00' />
  <meta name='ocr-capabilities' content='ocr_page ocr_carea ocr_par ocr_line ocrx_word'/>
</head>
<body>
  <div class='ocr_page' id='page_1' title='image "./sanctipatrisnos01chrygoog/sanctipatrisnos01chrygoog_0581.png"; bbox 0 0 3728 5978; ppageno 0'>
   <div class='ocr_carea' id='block_1_1' title="bbox 223 380 1452 454">
    <p class='ocr_par' dir='ltr' id='par_1_1' title="bbox 223 380 1452 454">
     <span class='ocr_line' id='line_1_1' title="bbox 223 380 1452 454; baseline -0.004 0"><span class='ocrx_word' id='word_1_1' title='bbox 223 380 295 454; x_wconf 76' lang='lat'>536</span> <span class='ocrx_word' id='word_1_2' title='bbox 561 405 590 451; x_wconf 89' lang='lat' dir='ltr'>s.</span> <span class='ocrx_word' id='word_1_3' title='bbox 617 403 757 452; x_wconf 81' lang='grc' dir='ltr'>ιοιιιιιιε</span> <span class='ocrx_word' id='word_1_4' title='bbox 784 399 965 454; x_wconf 82' lang='lat' dir='ltr'><strong>cnnrsosr.</strong></span> <span class='ocrx_word' id='word_1_5' title='bbox 996 402 1153 451; x_wconf 79' lang='grc' dir='ltr'>ιιιειιιεν.</span> <span class='ocrx_word' id='word_1_6' title='bbox 1181 396 1452 452; x_wconf 69' lang='lat' dir='ltr'><strong>consuluntur.</strong></span> 
     </span>
    </p>
   </div>
   <div class='ocr_carea' id='block_1_2' title="bbox 220 517 1795 976">
    <p class='ocr_par' dir='ltr' id='par_1_2' title="bbox 220 517 1795 976">
     <span class='ocr_line' id='line_1_2' title="bbox 221 517 1793 608; baseline -0.003 -21"><span class='ocrx_word' id='word_1_7' title='bbox 221 528 251 587; x_wconf 90' lang='lat' dir='ltr'>in</span> <span class='ocrx_word' id='word_1_8' title='bbox 265 527 438 608; x_wconf 69' lang='lat' dir='ltr'><strong>cogitationes</strong></span> <span class='ocrx_word' id='word_1_9' title='bbox 451 525 530 586; x_wconf 82' lang='lat' dir='ltr'><strong>tuas?</strong></span> <span class='ocrx_word' id='word_1_10' title='bbox 540 547 589 585; x_wconf 85' lang='lat' dir='ltr'>cur</span> <span class='ocrx_word' id='word_1_11' title='bbox 602 526 721 586; x_wconf 82' lang='lat' dir='ltr'><strong>tumultu</strong></span> <span class='ocrx_word' id='word_1_12' title='bbox 730 525 850 585; x_wconf 88' lang='lat' dir='ltr'><strong>animum</strong></span> <span class='ocrx_word' id='word_1_13' title='bbox 859 524 966 607; x_wconf 77' lang='lat' dir='ltr'><strong>reples?</strong></span> <span class='ocrx_word' id='word_1_14' title='bbox 1019 525 1062 585; x_wconf 88' lang='grc' dir='ltr'>Ιτί</span> <span class='ocrx_word' id='word_1_15' title='bbox 1074 526 1107 587; x_wconf 73' lang='lat' dir='ltr'><strong>ed</strong></span> <span class='ocrx_word' id='word_1_16' title='bbox 1121 527 1176 586; x_wconf 83' lang='grc' dir='ltr'>άνω</span> <span class='ocrx_word' id='word_1_17' title='bbox 1188 527 1262 586; x_wconf 89' lang='grc' dir='ltr'>κάτω</span> <span class='ocrx_word' id='word_1_18' title='bbox 1274 534 1372 601; x_wconf 76' lang='grc' dir='ltr'>ποιεῑςς</span> <span class='ocrx_word' id='word_1_19' title='bbox 1387 531 1444 594; x_wconf 87' lang='grc' dir='ltr'>πῶς</span> <span class='ocrx_word' id='word_1_20' title='bbox 1457 517 1736 604; x_wconf 78' lang='grc' dir='ltr'>δυνήσῃόιακείμενσς</span> <span class='ocrx_word' id='word_1_21' title='bbox 1749 521 1793 582; x_wconf 79' lang='grc' dir='ltr'>σθ·</span> 
     </span>
     <span class='ocr_line' id='line_1_3' title="bbox 221 615 1795 701; baseline -0.003 -22"><span class='ocrx_word' id='word_1_22' title='bbox 221 640 272 679; x_wconf 89' lang='lat' dir='ltr'>cur</span> <span class='ocrx_word' id='word_1_23' title='bbox 287 633 472 701; x_wconf 77' lang='lat' dir='ltr'><strong>tempestatem</strong></span> <span class='ocrx_word' id='word_1_24' title='bbox 487 618 600 692; x_wconf 85' lang='lat' dir='ltr'><strong>excitas,</strong></span> <span class='ocrx_word' id='word_1_25' title='bbox 613 632 639 678; x_wconf 91' lang='lat' dir='ltr'>et</span> <span class='ocrx_word' id='word_1_26' title='bbox 649 639 692 678; x_wconf 87' lang='lat' dir='ltr'>res</span> <span class='ocrx_word' id='word_1_27' title='bbox 706 639 752 678; x_wconf 84' lang='lat' dir='ltr'><strong>sus</strong></span> <span class='ocrx_word' id='word_1_28' title='bbox 765 618 853 697; x_wconf 81' lang='lat' dir='ltr'><strong>deque</strong></span> <span class='ocrx_word' id='word_1_29' title='bbox 863 618 968 678; x_wconf 82' lang='lat' dir='ltr'><strong>vertis?</strong></span> <span class='ocrx_word' id='word_1_30' title='bbox 982 622 1001 670; x_wconf 82' lang='lat' dir='ltr'><strong>E</strong></span> <span class='ocrx_word' id='word_1_31' title='bbox 1019 641 1086 690; x_wconf 91' lang='grc' dir='ltr'>τως,</span> <span class='ocrx_word' id='word_1_32' title='bbox 1107 620 1243 699; x_wconf 75' lang='grc' dir='ltr'>ἁμαρτιῶν</span> <span class='ocrx_word' id='word_1_33' title='bbox 1264 619 1357 699; x_wconf 81' lang='grc' dir='ltr'>άρεσιν</span> <span class='ocrx_word' id='word_1_34' title='bbox 1378 621 1505 690; x_wconf 76' lang='grc' dir='ltr'>αίτῆσαις</span> <span class='ocrx_word' id='word_1_35' title='bbox 1520 616 1627 697; x_wconf 55' lang='lat' dir='ltr'><strong>lit-etp</strong></span> <span class='ocrx_word' id='word_1_36' title='bbox 1640 624 1696 683; x_wconf 88' lang='grc' dir='ltr'>τοῖς</span> <span class='ocrx_word' id='word_1_37' title='bbox 1709 615 1743 674; x_wconf 87' lang='grc' dir='ltr'>τδι</span> <span class='ocrx_word' id='word_1_38' title='bbox 1758 619 1795 681; x_wconf 82' lang='grc' dir='ltr'>είς</span> 
     </span>
     <span class='ocr_line' id='line_1_4' title="bbox 220 706 1792 792; baseline -0.003 -22"><span class='ocrx_word' id='word_1_39' title='bbox 220 711 701 792; x_wconf 79' lang='lat' dir='ltr'><strong>quomodo&#39;sicaliectuspeccatnrum</strong></span> <span class='ocrx_word' id='word_1_40' title='bbox 710 711 815 770; x_wconf 85' lang='lat' dir='ltr'><strong>veniam</strong></span> <span class='ocrx_word' id='word_1_41' title='bbox 822 723 912 791; x_wconf 85' lang='lat' dir='ltr'><strong>petere</strong></span> <span class='ocrx_word' id='word_1_42' title='bbox 922 731 968 770; x_wconf 87' lang='lat' dir='ltr'>va·</span> <span class='ocrx_word' id='word_1_43' title='bbox 1019 709 1111 778; x_wconf 77' lang='grc' dir='ltr'>αὐτοὺς</span> <span class='ocrx_word' id='word_1_44' title='bbox 1126 709 1164 788; x_wconf 75' lang='grc' dir='ltr'>μὴ</span> <span class='ocrx_word' id='word_1_45' title='bbox 1184 717 1366 791; x_wconf 78' lang='grc' dir='ltr'>συγχωροῦσιν</span> <span class='ocrx_word' id='word_1_46' title='bbox 1381 711 1440 770; x_wconf 79' lang='grc' dir='ltr'>οὐδὲ</span> <span class='ocrx_word' id='word_1_47' title='bbox 1459 708 1534 776; x_wconf 84' lang='grc' dir='ltr'>αθτδς</span> <span class='ocrx_word' id='word_1_48' title='bbox 1548 708 1642 789; x_wconf 76' lang='grc' dir='ltr'>ἀφίησι</span> <span class='ocrx_word' id='word_1_49' title='bbox 1655 706 1691 767; x_wconf 88' lang='grc' dir='ltr'>τδι</span> <span class='ocrx_word' id='word_1_50' title='bbox 1705 708 1792 787; x_wconf 76' lang='grc' dir='ltr'>ἁμαρ</span> 
     </span>
     <span class='ocr_line' id='line_1_5' title="bbox 221 800 1792 883; baseline -0.003 -22"><span class='ocrx_word' id='word_1_51' title='bbox 221 801 315 862; x_wconf 77' lang='lat' dir='ltr'><strong>lebis?</strong></span> <span class='ocrx_word' id='word_1_52' title='bbox 328 803 397 861; x_wconf 88' lang='lat' dir='ltr'>Nam</span> <span class='ocrx_word' id='word_1_53' title='bbox 408 801 432 860; x_wconf 91' lang='lat' dir='ltr'><strong>si</strong></span> <span class='ocrx_word' id='word_1_54' title='bbox 445 804 517 861; x_wconf 90' lang='lat' dir='ltr'><strong>Deus</strong></span> <span class='ocrx_word' id='word_1_55' title='bbox 533 816 640 883; x_wconf 85' lang='lat' dir='ltr'><strong>peecata</strong></span> <span class='ocrx_word' id='word_1_56' title='bbox 663 818 716 861; x_wconf 90' lang='lat' dir='ltr'>non</span> <span class='ocrx_word' id='word_1_57' title='bbox 732 801 845 861; x_wconf 82' lang='lat' dir='ltr'><strong>remittit</strong></span> <span class='ocrx_word' id='word_1_58' title='bbox 861 802 904 877; x_wconf 87' lang='lat' dir='ltr'><strong>iis,</strong></span> <span class='ocrx_word' id='word_1_59' title='bbox 919 802 966 879; x_wconf 89' lang='lat' dir='ltr'>qni</span> <span class='ocrx_word' id='word_1_60' title='bbox 1018 802 1146 880; x_wconf 73' lang='grc' dir='ltr'>πόματα,</span> <span class='ocrx_word' id='word_1_61' title='bbox 1160 812 1213 870; x_wconf 89' lang='grc' dir='ltr'>ταῖς</span> <span class='ocrx_word' id='word_1_62' title='bbox 1230 802 1289 870; x_wconf 80' lang='grc' dir='ltr'>τοὺς</span> <span class='ocrx_word' id='word_1_63' title='bbox 1306 803 1378 863; x_wconf 74' lang='grc' dir='ltr'>οὐδὲν</span> <span class='ocrx_word' id='word_1_64' title='bbox 1394 800 1554 873; x_wconf 76' lang='grc' dir='ltr'>ἠδικηκότας</span> <span class='ocrx_word' id='word_1_65' title='bbox 1569 803 1668 861; x_wconf 82' lang='grc' dir='ltr'>ἀδικεῖν</span> <span class='ocrx_word' id='word_1_66' title='bbox 1689 802 1792 879; x_wconf 76' lang='grc' dir='ltr'>ἐπιχει-</span> 
     </span>
     <span class='ocr_line' id='line_1_6' title="bbox 221 884 1793 976; baseline -0.001 -24"><span class='ocrx_word' id='word_1_67' title='bbox 221 884 275 953; x_wconf 84' lang='grc' dir='ltr'>είίιί</span> <span class='ocrx_word' id='word_1_68' title='bbox 295 893 385 955; x_wconf 77' lang='lat' dir='ltr'><strong>illatas</strong></span> <span class='ocrx_word' id='word_1_69' title='bbox 400 892 513 975; x_wconf 81' lang='lat' dir='ltr'><strong>injurias</strong></span> <span class='ocrx_word' id='word_1_70' title='bbox 526 914 578 954; x_wconf 90' lang='lat' dir='ltr'>non</span> <span class='ocrx_word' id='word_1_71' title='bbox 600 893 749 966; x_wconf 88' lang='lat' dir='ltr'><strong>remittunt,</strong></span> <span class='ocrx_word' id='word_1_72' title='bbox 763 914 846 971; x_wconf 85' lang='lat' dir='ltr'><strong>quam</strong></span> <span class='ocrx_word' id='word_1_73' title='bbox 859 893 968 953; x_wconf 80' lang='lat' dir='ltr'><strong>veniam</strong></span> <span class='ocrx_word' id='word_1_74' title='bbox 1020 902 1093 975; x_wconf 79' lang='grc' dir='ltr'>ροθσι</span> <span class='ocrx_word' id='word_1_75' title='bbox 1105 894 1184 955; x_wconf 85' lang='grc' dir='ltr'>ποίαν</span> <span class='ocrx_word' id='word_1_76' title='bbox 1197 895 1288 976; x_wconf 80' lang='grc' dir='ltr'>αἵρεσιν</span> <span class='ocrx_word' id='word_1_77' title='bbox 1302 893 1397 968; x_wconf 53' lang='lat' dir='ltr'><strong>dolorm</strong></span> <span class='ocrx_word' id='word_1_78' title='bbox 1412 893 1549 974; x_wconf 77' lang='grc' dir='ltr'>Ἐσχιίτης</span> <span class='ocrx_word' id='word_1_79' title='bbox 1559 893 1612 974; x_wconf 81' lang='grc' dir='ltr'>γδρ</span> <span class='ocrx_word' id='word_1_80' title='bbox 1622 900 1701 952; x_wconf 83' lang='grc' dir='ltr'>τοῦτο</span> <span class='ocrx_word' id='word_1_81' title='bbox 1708 915 1793 964; x_wconf 87' lang='grc' dir='ltr'>πονη-</span> 
     </span>
    </p>
   </div>
   <div class='ocr_carea' id='block_1_3' title="bbox 113 981 1792 1066">
    <p class='ocr_par' dir='ltr' id='par_1_3' title="bbox 113 981 1792 1066">
     <span class='ocr_line' id='line_1_7' title="bbox 113 981 1792 1066; baseline 0 -23"><span class='ocrx_word' id='word_1_82' title='bbox 113 1010 117 1018; x_wconf 96' lang='grc'><strong><em>·</em></strong></span> <span class='ocrx_word' id='word_1_83' title='bbox 220 981 298 1043; x_wconf 76' lang='lat' dir='ltr'><strong>dabir</strong></span> <span class='ocrx_word' id='word_1_84' title='bbox 320 982 364 1060; x_wconf 88' lang='lat' dir='ltr'><strong>iis,</strong></span> <span class='ocrx_word' id='word_1_85' title='bbox 380 984 428 1062; x_wconf 91' lang='lat' dir='ltr'>qui</span> <span class='ocrx_word' id='word_1_86' title='bbox 442 984 513 1044; x_wconf 90' lang='lat' dir='ltr'><strong>nihil</strong></span> <span class='ocrx_word' id='word_1_87' title='bbox 533 1006 561 1045; x_wconf 88' lang='lat' dir='ltr'><strong>se</strong></span> <span class='ocrx_word' id='word_1_88' title='bbox 579 983 742 1044; x_wconf 77' lang='lat' dir='ltr'><strong>laedentibus</strong></span> <span class='ocrx_word' id='word_1_89' title='bbox 757 984 855 1044; x_wconf 83' lang='lat' dir='ltr'><strong>damna</strong></span> <span class='ocrx_word' id='word_1_90' title='bbox 870 985 968 1044; x_wconf 81' lang='lat' dir='ltr'><strong>inferre</strong></span> <span class='ocrx_word' id='word_1_91' title='bbox 1020 986 1078 1066; x_wconf 90' lang='grc' dir='ltr'>ρίας</span> <span class='ocrx_word' id='word_1_92' title='bbox 1092 986 1223 1056; x_wconf 80' lang='grc' dir='ltr'>ἀπόδειξις</span> <span class='ocrx_word' id='word_1_93' title='bbox 1232 1010 1247 1024; x_wconf 87' lang='grc'>··</span> <span class='ocrx_word' id='word_1_94' title='bbox 1263 991 1288 1046; x_wconf 80' lang='grc' dir='ltr'>οἱ</span> <span class='ocrx_word' id='word_1_95' title='bbox 1301 992 1414 1046; x_wconf 83' lang='grc' dir='ltr'>τοιοῦτοι</span> <span class='ocrx_word' id='word_1_96' title='bbox 1429 985 1498 1063; x_wconf 82' lang='grc' dir='ltr'>μετδ</span> <span class='ocrx_word' id='word_1_97' title='bbox 1512 991 1557 1046; x_wconf 80' lang='grc' dir='ltr'>τοῦ</span> <span class='ocrx_word' id='word_1_98' title='bbox 1571 983 1696 1044; x_wconf 86' lang='grc' dir='ltr'>διαόόλου</span> <span class='ocrx_word' id='word_1_99' title='bbox 1709 987 1792 1043; x_wconf 83' lang='grc' dir='ltr'>πολε-</span> 
     </span>
    </p>
   </div>
   <div class='ocr_carea' id='block_1_4' title="bbox 172 1076 1793 1897">
    <p class='ocr_par' dir='ltr' id='par_1_4' title="bbox 172 1076 1793 1897">
     <span class='ocr_line' id='line_1_8' title="bbox 222 1076 1792 1160; baseline 0.001 -25"><span class='ocrx_word' id='word_1_100' title='bbox 222 1077 370 1138; x_wconf 80' lang='lat' dir='ltr'><strong>oonantur?</strong></span> <span class='ocrx_word' id='word_1_101' title='bbox 384 1076 459 1137; x_wconf 91' lang='lat' dir='ltr'><strong>lllud</strong></span> <span class='ocrx_word' id='word_1_102' title='bbox 469 1091 539 1136; x_wconf 86' lang='lat' dir='ltr'><strong>certe</strong></span> <span class='ocrx_word' id='word_1_103' title='bbox 549 1091 678 1137; x_wconf 77' lang='lat' dir='ltr'><strong>extreme</strong></span> <span class='ocrx_word' id='word_1_104' title='bbox 689 1076 815 1156; x_wconf 73' lang='lat' dir='ltr'><strong>nequitie</strong></span> <span class='ocrx_word' id='word_1_105' title='bbox 824 1097 967 1156; x_wconf 81' lang='lat' dir='ltr'><strong>argumeu·</strong></span> <span class='ocrx_word' id='word_1_106' title='bbox 1019 1085 1097 1155; x_wconf 73' lang='grc' dir='ltr'>μοῦσι</span> <span class='ocrx_word' id='word_1_107' title='bbox 1117 1079 1165 1152; x_wconf 69' lang='grc' dir='ltr'>τὴν</span> <span class='ocrx_word' id='word_1_108' title='bbox 1187 1079 1365 1152; x_wconf 79' lang='grc' dir='ltr'>Ἐκκλησίαν·</span> <span class='ocrx_word' id='word_1_109' title='bbox 1385 1079 1457 1160; x_wconf 80' lang='grc' dir='ltr'>τάχα</span> <span class='ocrx_word' id='word_1_110' title='bbox 1471 1077 1499 1136; x_wconf 83' lang='grc' dir='ltr'>δὲ</span> <span class='ocrx_word' id='word_1_111' title='bbox 1518 1077 1564 1136; x_wconf 85' lang='grc' dir='ltr'>καλ</span> <span class='ocrx_word' id='word_1_112' title='bbox 1576 1079 1670 1157; x_wconf 88' lang='grc' dir='ltr'>πολλῷ</span> <span class='ocrx_word' id='word_1_113' title='bbox 1683 1087 1773 1157; x_wconf 84' lang='grc' dir='ltr'>χεῖρον</span> <span class='ocrx_word' id='word_1_114' title='bbox 1786 1102 1792 1114; x_wconf 86' lang='lat'><strong>·</strong></span> 
     </span>
     <span class='ocr_line' id='line_1_9' title="bbox 220 1160 1791 1253; baseline 0.001 -27"><span class='ocrx_word' id='word_1_115' title='bbox 220 1180 280 1234; x_wconf 78' lang='lat' dir='ltr'><strong>turn</strong></span> <span class='ocrx_word' id='word_1_116' title='bbox 293 1181 352 1228; x_wconf 86' lang='lat' dir='ltr'><strong>est:</strong></span> <span class='ocrx_word' id='word_1_117' title='bbox 369 1168 416 1248; x_wconf 90' lang='lat' dir='ltr'>qui</span> <span class='ocrx_word' id='word_1_118' title='bbox 439 1168 505 1229; x_wconf 84' lang='lat' dir='ltr'><strong>tales</strong></span> <span class='ocrx_word' id='word_1_119' title='bbox 516 1182 590 1246; x_wconf 90' lang='lat' dir='ltr'><strong>sunt,</strong></span> <span class='ocrx_word' id='word_1_120' title='bbox 611 1190 673 1228; x_wconf 84' lang='lat' dir='ltr'><strong>cum</strong></span> <span class='ocrx_word' id='word_1_121' title='bbox 690 1168 800 1228; x_wconf 88' lang='lat' dir='ltr'><strong>diabolo</strong></span> <span class='ocrx_word' id='word_1_122' title='bbox 816 1168 967 1229; x_wconf 87' lang='lat' dir='ltr'><strong>Ecclesiam</strong></span> <span class='ocrx_word' id='word_1_123' title='bbox 1016 1171 1061 1230; x_wconf 87' lang='grc' dir='ltr'>τὸν</span> <span class='ocrx_word' id='word_1_124' title='bbox 1090 1170 1137 1250; x_wconf 86' lang='grc' dir='ltr'>μέν</span> <span class='ocrx_word' id='word_1_125' title='bbox 1159 1171 1210 1253; x_wconf 79' lang='grc' dir='ltr'>γάρ</span> <span class='ocrx_word' id='word_1_126' title='bbox 1230 1170 1276 1230; x_wconf 86' lang='grc' dir='ltr'>καί</span> <span class='ocrx_word' id='word_1_127' title='bbox 1307 1170 1484 1251; x_wconf 82' lang='grc' dir='ltr'>φυλάττεσθαι</span> <span class='ocrx_word' id='word_1_128' title='bbox 1517 1169 1642 1243; x_wconf 85' lang='grc' dir='ltr'>δυνατὸν,</span> <span class='ocrx_word' id='word_1_129' title='bbox 1671 1160 1791 1228; x_wconf 80' lang='grc' dir='ltr'>σθεοιδέ</span> 
     </span>
     <span class='ocr_line' id='line_1_10' title="bbox 220 1258 1793 1344; baseline 0 -26"><span class='ocrx_word' id='word_1_130' title='bbox 220 1273 387 1341; x_wconf 82' lang='lat' dir='ltr'><strong>oppugnant.</strong></span> <span class='ocrx_word' id='word_1_131' title='bbox 412 1261 536 1322; x_wconf 78' lang='lat' dir='ltr'><strong>Fortasse</strong></span> <span class='ocrx_word' id='word_1_132' title='bbox 559 1283 626 1321; x_wconf 89' lang='lat' dir='ltr'><strong>vcro</strong></span> <span class='ocrx_word' id='word_1_133' title='bbox 646 1261 727 1321; x_wconf 87' lang='lat' dir='ltr'><strong>etiam</strong></span> <span class='ocrx_word' id='word_1_134' title='bbox 750 1261 831 1342; x_wconf 79' lang='lat' dir='ltr'><strong>longe</strong></span> <span class='ocrx_word' id='word_1_135' title='bbox 849 1260 967 1322; x_wconf 87' lang='lat' dir='ltr'><strong>deterius</strong></span> <span class='ocrx_word' id='word_1_136' title='bbox 1017 1271 1181 1344; x_wconf 85' lang='grc' dir='ltr'>προσωπεῖον</span> <span class='ocrx_word' id='word_1_137' title='bbox 1198 1261 1287 1344; x_wconf 84' lang='grc' dir='ltr'>ριλίας</span> <span class='ocrx_word' id='word_1_138' title='bbox 1300 1261 1449 1332; x_wconf 75' lang='grc' dir='ltr'>ὑποδύντες,</span> <span class='ocrx_word' id='word_1_139' title='bbox 1463 1261 1549 1340; x_wconf 73' lang='grc' dir='ltr'>λάθριρ</span> <span class='ocrx_word' id='word_1_140' title='bbox 1559 1260 1609 1331; x_wconf 73' lang='grc' dir='ltr'>τὴν</span> <span class='ocrx_word' id='word_1_141' title='bbox 1624 1258 1712 1341; x_wconf 80' lang='grc' dir='ltr'>πυρδν</span> <span class='ocrx_word' id='word_1_142' title='bbox 1728 1260 1793 1319; x_wconf 82' lang='grc' dir='ltr'>ἀνά-</span> 
     </span>
     <span class='ocr_line' id='line_1_11' title="bbox 221 1351 1792 1435; baseline 0 -25"><span class='ocrx_word' id='word_1_143' title='bbox 221 1351 325 1411; x_wconf 83' lang='grc' dir='ltr'>νινσίιιιιι</span> <span class='ocrx_word' id='word_1_144' title='bbox 335 1362 377 1421; x_wconf 75' lang='lat' dir='ltr'>est</span> <span class='ocrx_word' id='word_1_145' title='bbox 391 1373 400 1410; x_wconf 79' lang='grc' dir='ltr'>ε</span> <span class='ocrx_word' id='word_1_146' title='bbox 414 1374 429 1411; x_wconf 90' lang='lat' dir='ltr'><strong>a</strong></span> <span class='ocrx_word' id='word_1_147' title='bbox 443 1352 551 1413; x_wconf 84' lang='lat' dir='ltr'><strong>diabulo</strong></span> <span class='ocrx_word' id='word_1_148' title='bbox 565 1353 637 1412; x_wconf 88' lang='lat' dir='ltr'><strong>enim</strong></span> <span class='ocrx_word' id='word_1_149' title='bbox 650 1373 745 1413; x_wconf 82' lang='lat' dir='ltr'><strong>cavere</strong></span> <span class='ocrx_word' id='word_1_150' title='bbox 757 1374 919 1435; x_wconf 70' lang='lat' dir='ltr'><strong>possumus,</strong></span> <span class='ocrx_word' id='word_1_151' title='bbox 934 1353 964 1412; x_wconf 92' lang='lat' dir='ltr'><strong>hi</strong></span> <span class='ocrx_word' id='word_1_152' title='bbox 1016 1378 1136 1428; x_wconf 89' lang='grc' dir='ltr'>πτουσιν,</span> <span class='ocrx_word' id='word_1_153' title='bbox 1155 1353 1261 1422; x_wconf 79' lang='grc' dir='ltr'>ίαυτοδς</span> <span class='ocrx_word' id='word_1_154' title='bbox 1283 1354 1425 1435; x_wconf 82' lang='grc' dir='ltr'>προτέρους</span> <span class='ocrx_word' id='word_1_155' title='bbox 1448 1356 1485 1419; x_wconf 84' lang='grc' dir='ltr'>εἰς</span> <span class='ocrx_word' id='word_1_156' title='bbox 1503 1351 1552 1425; x_wconf 67' lang='lat' dir='ltr'>cip</span> <span class='ocrx_word' id='word_1_157' title='bbox 1566 1353 1678 1430; x_wconf 80' lang='grc' dir='ltr'>κάμινον</span> <span class='ocrx_word' id='word_1_158' title='bbox 1689 1352 1792 1430; x_wconf 82' lang='grc' dir='ltr'>ἐμόάλ·</span> 
     </span>
     <span class='ocr_line' id='line_1_12' title="bbox 220 1441 1791 1532; baseline -0.003 -28"><span class='ocrx_word' id='word_1_159' title='bbox 220 1456 311 1504; x_wconf 85' lang='lat' dir='ltr'><strong>autern</strong></span> <span class='ocrx_word' id='word_1_160' title='bbox 322 1443 449 1504; x_wconf 84' lang='lat' dir='ltr'><strong>amicitiae</strong></span> <span class='ocrx_word' id='word_1_161' title='bbox 464 1445 568 1507; x_wconf 82' lang='lat' dir='ltr'><strong>larvam</strong></span> <span class='ocrx_word' id='word_1_162' title='bbox 587 1447 687 1520; x_wconf 82' lang='lat' dir='ltr'><strong>serunt,</strong></span> <span class='ocrx_word' id='word_1_163' title='bbox 709 1445 780 1504; x_wconf 89' lang='lat' dir='ltr'><strong>clam</strong></span> <span class='ocrx_word' id='word_1_164' title='bbox 794 1447 884 1525; x_wconf 80' lang='lat' dir='ltr'><strong>ignem</strong></span> <span class='ocrx_word' id='word_1_165' title='bbox 898 1449 1124 1532; x_wconf 52' lang='lat' dir='ltr'><strong>suc-mime,</strong></span> <span class='ocrx_word' id='word_1_166' title='bbox 1147 1449 1193 1508; x_wconf 85' lang='grc' dir='ltr'>καί</span> <span class='ocrx_word' id='word_1_167' title='bbox 1212 1451 1347 1513; x_wconf 81' lang='grc' dir='ltr'>νοσοῦντες</span> <span class='ocrx_word' id='word_1_168' title='bbox 1366 1445 1440 1505; x_wconf 86' lang='grc' dir='ltr'>νόσον</span> <span class='ocrx_word' id='word_1_169' title='bbox 1457 1448 1486 1504; x_wconf 80' lang='grc' dir='ltr'>οὗ</span> <span class='ocrx_word' id='word_1_170' title='bbox 1500 1445 1578 1522; x_wconf 83' lang='grc' dir='ltr'>μόνω</span> <span class='ocrx_word' id='word_1_171' title='bbox 1597 1446 1740 1516; x_wconf 76' lang='grc' dir='ltr'>ἐλεηθῆναι</span> <span class='ocrx_word' id='word_1_172' title='bbox 1753 1441 1791 1518; x_wconf 75' lang='grc' dir='ltr'>μὴ</span> 
     </span>
     <span class='ocr_line' id='line_1_13' title="bbox 220 1534 1793 1619; baseline -0.003 -23"><span class='ocrx_word' id='word_1_173' title='bbox 220 1534 348 1615; x_wconf 79' lang='lat' dir='ltr'><strong>cendunt,</strong></span> <span class='ocrx_word' id='word_1_174' title='bbox 359 1558 441 1616; x_wconf 85' lang='lat' dir='ltr'><strong>seque</strong></span> <span class='ocrx_word' id='word_1_175' title='bbox 454 1538 557 1619; x_wconf 89' lang='lat' dir='ltr'><strong>primos</strong></span> <span class='ocrx_word' id='word_1_176' title='bbox 581 1537 609 1597; x_wconf 93' lang='lat' dir='ltr'>iu</span> <span class='ocrx_word' id='word_1_177' title='bbox 631 1537 769 1597; x_wconf 84' lang='lat' dir='ltr'><strong>caminum</strong></span> <span class='ocrx_word' id='word_1_178' title='bbox 789 1537 924 1619; x_wconf 88' lang='lat' dir='ltr'><strong>injiciunt,</strong></span> <span class='ocrx_word' id='word_1_179' title='bbox 939 1552 966 1597; x_wconf 86' lang='lat' dir='ltr'>et</span> <span class='ocrx_word' id='word_1_180' title='bbox 980 1551 1001 1595; x_wconf 80' lang='grc' dir='ltr'><strong>Δ</strong></span> <span class='ocrx_word' id='word_1_181' title='bbox 1017 1539 1181 1617; x_wconf 70' lang='grc' dir='ltr'>δυναμένην,</span> <span class='ocrx_word' id='word_1_182' title='bbox 1195 1539 1264 1600; x_wconf 74' lang='grc' dir='ltr'>ἀλλὰ</span> <span class='ocrx_word' id='word_1_183' title='bbox 1276 1539 1322 1598; x_wconf 81' lang='grc' dir='ltr'>καὶ</span> <span class='ocrx_word' id='word_1_184' title='bbox 1334 1537 1415 1597; x_wconf 75' lang='grc' dir='ltr'>πολὺν</span> <span class='ocrx_word' id='word_1_185' title='bbox 1429 1537 1474 1597; x_wconf 88' lang='grc' dir='ltr'>τδν</span> <span class='ocrx_word' id='word_1_186' title='bbox 1487 1537 1592 1616; x_wconf 83' lang='grc' dir='ltr'>γελωτα</span> <span class='ocrx_word' id='word_1_187' title='bbox 1605 1536 1731 1617; x_wconf 75' lang='grc' dir='ltr'>ἔχουσαν.</span> <span class='ocrx_word' id='word_1_188' title='bbox 1756 1534 1793 1593; x_wconf 90' lang='grc' dir='ltr'>Τί</span> 
     </span>
     <span class='ocr_line' id='line_1_14' title="bbox 220 1625 1792 1713; baseline -0.004 -22"><span class='ocrx_word' id='word_1_189' title='bbox 220 1631 316 1692; x_wconf 83' lang='lat' dir='ltr'><strong>morbo</strong></span> <span class='ocrx_word' id='word_1_190' title='bbox 328 1645 498 1713; x_wconf 84' lang='lat' dir='ltr'><strong>premuntur,</strong></span> <span class='ocrx_word' id='word_1_191' title='bbox 517 1632 566 1711; x_wconf 88' lang='lat' dir='ltr'>qui</span> <span class='ocrx_word' id='word_1_192' title='bbox 589 1651 642 1690; x_wconf 88' lang='lat' dir='ltr'>uon</span> <span class='ocrx_word' id='word_1_193' title='bbox 656 1630 737 1691; x_wconf 86' lang='lat' dir='ltr'><strong>modu</strong></span> <span class='ocrx_word' id='word_1_194' title='bbox 753 1631 965 1691; x_wconf 76' lang='lat' dir='ltr'><strong>misericordiam</strong></span> <span class='ocrx_word' id='word_1_195' title='bbox 1017 1629 1069 1711; x_wconf 73' lang='grc' dir='ltr'>γάρ</span> <span class='ocrx_word' id='word_1_196' title='bbox 1080 1631 1193 1711; x_wconf 69' lang='grc' dir='ltr'>ὠχριᾷς,</span> <span class='ocrx_word' id='word_1_197' title='bbox 1207 1629 1264 1690; x_wconf 87' lang='grc' dir='ltr'>είπέ</span> <span class='ocrx_word' id='word_1_198' title='bbox 1276 1654 1319 1707; x_wconf 91' lang='grc' dir='ltr'>μοι</span> <span class='ocrx_word' id='word_1_199' title='bbox 1330 1676 1338 1705; x_wconf 95' lang='grc'>,</span> <span class='ocrx_word' id='word_1_200' title='bbox 1349 1630 1395 1689; x_wconf 86' lang='grc' dir='ltr'>καί</span> <span class='ocrx_word' id='word_1_201' title='bbox 1405 1629 1511 1709; x_wconf 78' lang='grc' dir='ltr'>τρέμεις</span> <span class='ocrx_word' id='word_1_202' title='bbox 1522 1628 1568 1688; x_wconf 86' lang='grc' dir='ltr'>καί</span> <span class='ocrx_word' id='word_1_203' title='bbox 1577 1625 1703 1707; x_wconf 78' lang='grc' dir='ltr'>περιδεὴς</span> <span class='ocrx_word' id='word_1_204' title='bbox 1713 1625 1792 1697; x_wconf 75' lang='grc' dir='ltr'>ἐστη-</span> 
     </span>
     <span class='ocr_line' id='line_1_15' title="bbox 172 1718 1791 1803; baseline -0.004 -20"><span class='ocrx_word' id='word_1_205' title='bbox 172 1762 176 1767; x_wconf 97' lang='grc'>-</span> <span class='ocrx_word' id='word_1_206' title='bbox 218 1742 327 1785; x_wconf 82' lang='lat' dir='ltr'><strong>movere</strong></span> <span class='ocrx_word' id='word_1_207' title='bbox 340 1738 461 1803; x_wconf 81' lang='lat' dir='ltr'><strong>nequeat,</strong></span> <span class='ocrx_word' id='word_1_208' title='bbox 476 1723 616 1784; x_wconf 79' lang='lat' dir='ltr'><strong>sedetiam</strong></span> <span class='ocrx_word' id='word_1_209' title='bbox 628 1722 746 1783; x_wconf 93' lang='lat' dir='ltr'><strong>multum</strong></span> <span class='ocrx_word' id='word_1_210' title='bbox 757 1724 843 1784; x_wconf 89' lang='lat' dir='ltr'><strong>risum</strong></span> <span class='ocrx_word' id='word_1_211' title='bbox 854 1725 962 1785; x_wconf 84' lang='lat' dir='ltr'><strong>excitet.</strong></span> <span class='ocrx_word' id='word_1_212' title='bbox 1017 1722 1122 1796; x_wconf 77' lang='lat' dir='ltr'><strong>xue3rl</strong></span> <span class='ocrx_word' id='word_1_213' title='bbox 1134 1722 1223 1802; x_wconf 86' lang='grc' dir='ltr'>γέγονε</span> <span class='ocrx_word' id='word_1_214' title='bbox 1235 1720 1331 1794; x_wconf 76' lang='grc' dir='ltr'>δεινόν,</span> <span class='ocrx_word' id='word_1_215' title='bbox 1345 1720 1386 1779; x_wconf 86' lang='grc' dir='ltr'>ότι</span> <span class='ocrx_word' id='word_1_216' title='bbox 1396 1719 1670 1801; x_wconf 79' lang='grc' dir='ltr'>λαμπρδςδάδελφδς</span> <span class='ocrx_word' id='word_1_217' title='bbox 1684 1718 1731 1778; x_wconf 84' lang='grc' dir='ltr'>καί</span> <span class='ocrx_word' id='word_1_218' title='bbox 1744 1741 1791 1776; x_wconf 88' lang='grc' dir='ltr'>πε-</span> 
     </span>
     <span class='ocr_line' id='line_1_16' title="bbox 214 1811 1791 1897; baseline -0.007 -18"><span class='ocrx_word' id='word_1_219' title='bbox 214 1813 280 1879; x_wconf 65' lang='lat' dir='ltr'>flu!</span> <span class='ocrx_word' id='word_1_220' title='bbox 293 1815 427 1897; x_wconf 74' lang='lat' dir='ltr'><strong>pallescis,</strong></span> <span class='ocrx_word' id='word_1_221' title='bbox 438 1837 538 1895; x_wconf 83' lang='lat' dir='ltr'><strong>quaeso,</strong></span> <span class='ocrx_word' id='word_1_222' title='bbox 550 1816 652 1890; x_wconf 88' lang='lat' dir='ltr'><strong>tremis,</strong></span> <span class='ocrx_word' id='word_1_223' title='bbox 668 1830 695 1874; x_wconf 89' lang='lat' dir='ltr'>et</span> <span class='ocrx_word' id='word_1_224' title='bbox 708 1815 898 1875; x_wconf 77' lang='lat' dir='ltr'><strong>formidolosus</strong></span> <span class='ocrx_word' id='word_1_225' title='bbox 916 1816 964 1876; x_wconf 72' lang='lat' dir='ltr'>esi</span> <span class='ocrx_word' id='word_1_226' title='bbox 1017 1815 1179 1896; x_wconf 69' lang='grc' dir='ltr'>ριρανλςκαὶ</span> <span class='ocrx_word' id='word_1_227' title='bbox 1186 1815 1458 1892; x_wconf 68' lang='grc' dir='ltr'>ἐὐδόκιμοςςθῦκοῦν</span> <span class='ocrx_word' id='word_1_228' title='bbox 1467 1811 1660 1893; x_wconf 76' lang='grc' dir='ltr'>στερανοῦσθαί</span> <span class='ocrx_word' id='word_1_229' title='bbox 1666 1835 1694 1871; x_wconf 90' lang='grc' dir='ltr'>σε</span> <span class='ocrx_word' id='word_1_230' title='bbox 1702 1811 1791 1870; x_wconf 79' lang='grc' dir='ltr'>δεῖκαὶ</span> 
     </span>
    </p>
   </div>
   <div class='ocr_carea' id='block_1_5' title="bbox 218 1902 1791 1987">
    <p class='ocr_par' dir='ltr' id='par_1_5' title="bbox 73 1902 1791 1987">
     <span class='ocr_line' id='line_1_17' title="bbox 218 1902 1791 1987; baseline -0.002 -23.338"><span class='ocrx_word' id='word_1_231' title='bbox 218 1904 365 1984; x_wconf 83' lang='lat' dir='ltr'><strong>quid&#39;tuali</strong></span> <span class='ocrx_word' id='word_1_232' title='bbox 387 1906 507 1967; x_wconf 81' lang='lat' dir='ltr'><strong>accidit?</strong></span> <span class='ocrx_word' id='word_1_233' title='bbox 520 1907 593 1986; x_wconf 89' lang='lat' dir='ltr'><strong>quod</strong></span> <span class='ocrx_word' id='word_1_234' title='bbox 608 1907 697 1967; x_wconf 83' lang='lat' dir='ltr'><strong>clarus</strong></span> <span class='ocrx_word' id='word_1_235' title='bbox 720 1908 802 1967; x_wconf 81' lang='lat' dir='ltr'><strong>irater</strong></span> <span class='ocrx_word' id='word_1_236' title='bbox 823 1907 869 1987; x_wconf 89' lang='lat' dir='ltr'><strong>sit,</strong></span> <span class='ocrx_word' id='word_1_237' title='bbox 890 1909 963 1987; x_wconf 93' lang='lat' dir='ltr'><strong>quod</strong></span> <span class='ocrx_word' id='word_1_238' title='bbox 1015 1905 1118 1987; x_wconf 78' lang='grc' dir='ltr'>χαίρειν</span> <span class='ocrx_word' id='word_1_239' title='bbox 1127 1906 1172 1966; x_wconf 86' lang='grc' dir='ltr'>καί</span> <span class='ocrx_word' id='word_1_240' title='bbox 1180 1907 1223 1966; x_wconf 81' lang='grc' dir='ltr'>τὸν</span> <span class='ocrx_word' id='word_1_241' title='bbox 1232 1906 1301 1967; x_wconf 81' lang='grc' dir='ltr'>Θεὸν</span> <span class='ocrx_word' id='word_1_242' title='bbox 1309 1904 1434 1978; x_wconf 81' lang='grc' dir='ltr'>δοξάζειν,</span> <span class='ocrx_word' id='word_1_243' title='bbox 1445 1906 1485 1964; x_wconf 89' lang='grc' dir='ltr'>ότι</span> <span class='ocrx_word' id='word_1_244' title='bbox 1495 1904 1526 1962; x_wconf 85' lang='grc' dir='ltr'>τὸ</span> <span class='ocrx_word' id='word_1_245' title='bbox 1534 1903 1612 1981; x_wconf 84' lang='grc' dir='ltr'>μέλος</span> <span class='ocrx_word' id='word_1_246' title='bbox 1623 1903 1653 1961; x_wconf 83' lang='grc' dir='ltr'>τὸ</span> <span class='ocrx_word' id='word_1_247' title='bbox 1664 1902 1709 1962; x_wconf 84' lang='grc' dir='ltr'>σὸν</span> <span class='ocrx_word' id='word_1_248' title='bbox 1718 1904 1791 1979; x_wconf 90' lang='grc' dir='ltr'>λαμ-</span> 
     </span>
    </p>
   </div>
   <div class='ocr_carea' id='block_1_6' title="bbox 212 1993 1790 2728">
    <p class='ocr_par' dir='ltr' id='par_1_6' title="bbox 212 1993 1790 2728">
     <span class='ocr_line' id='line_1_18' title="bbox 217 1993 1788 2082; baseline -0.005 -23"><span class='ocrx_word' id='word_1_249' title='bbox 217 1997 376 2079; x_wconf 64' lang='grc' dir='ltr'>ερίφάίάιιε</span> <span class='ocrx_word' id='word_1_250' title='bbox 394 2014 421 2060; x_wconf 88' lang='lat' dir='ltr'>et</span> <span class='ocrx_word' id='word_1_251' title='bbox 440 1999 591 2082; x_wconf 78' lang='lat' dir='ltr'><strong>probatus?</strong></span> <span class='ocrx_word' id='word_1_252' title='bbox 614 2000 698 2080; x_wconf 78' lang='lat' dir='ltr'><strong>Atqui</strong></span> <span class='ocrx_word' id='word_1_253' title='bbox 712 2015 739 2060; x_wconf 88' lang='lat' dir='ltr'><strong>tc</strong></span> <span class='ocrx_word' id='word_1_254' title='bbox 751 2020 877 2060; x_wconf 89' lang='lat' dir='ltr'><strong>coronam</strong></span> <span class='ocrx_word' id='word_1_255' title='bbox 890 2022 964 2061; x_wconf 85' lang='lat' dir='ltr'><strong>assu·</strong></span> <span class='ocrx_word' id='word_1_256' title='bbox 1014 2002 1081 2080; x_wconf 82' lang='grc' dir='ltr'>πρδν</span> <span class='ocrx_word' id='word_1_257' title='bbox 1092 1997 1294 2080; x_wconf 82' lang='grc' dir='ltr'>καὶπεριρανίς·</span> <span class='ocrx_word' id='word_1_258' title='bbox 1307 1998 1376 2059; x_wconf 85' lang='grc' dir='ltr'>άλλδι</span> <span class='ocrx_word' id='word_1_259' title='bbox 1390 1997 1532 2075; x_wconf 83' lang='grc' dir='ltr'>ἀλγεῖς,ότι</span> <span class='ocrx_word' id='word_1_260' title='bbox 1542 1999 1556 2054; x_wconf 87' lang='grc' dir='ltr'>ό</span> <span class='ocrx_word' id='word_1_261' title='bbox 1566 1996 1634 2062; x_wconf 82' lang='grc' dir='ltr'>Θεὸς</span> <span class='ocrx_word' id='word_1_262' title='bbox 1642 1993 1788 2062; x_wconf 77' lang='grc' dir='ltr'>δοξάζεται.</span> 
     </span>
     <span class='ocr_line' id='line_1_19' title="bbox 212 2086 1790 2175; baseline -0.003 -22"><span class='ocrx_word' id='word_1_263' title='bbox 212 2086 463 2175; x_wconf 53' lang='grc' dir='ltr'>Μηοησίνεί,</span> <span class='ocrx_word' id='word_1_264' title='bbox 486 2092 614 2173; x_wconf 77' lang='lat' dir='ltr'><strong>gaudere,</strong></span> <span class='ocrx_word' id='word_1_265' title='bbox 635 2095 693 2153; x_wconf 85' lang='lat' dir='ltr'><strong>Deo</strong></span> <span class='ocrx_word' id='word_1_266' title='bbox 714 2092 830 2173; x_wconf 83' lang='lat' dir='ltr'><strong>gloriam</strong></span> <span class='ocrx_word' id='word_1_267' title='bbox 851 2093 960 2172; x_wconf 83' lang='lat' dir='ltr'><strong>referre,</strong></span> <span class='ocrx_word' id='word_1_268' title='bbox 1015 2090 1097 2173; x_wconf 73' lang='grc' dir='ltr'>Ὁρᾷς</span> <span class='ocrx_word' id='word_1_269' title='bbox 1116 2099 1167 2153; x_wconf 80' lang='grc' dir='ltr'>ποθ</span> <span class='ocrx_word' id='word_1_270' title='bbox 1183 2092 1262 2151; x_wconf 89' lang='grc' dir='ltr'>τείνει</span> <span class='ocrx_word' id='word_1_271' title='bbox 1284 2095 1298 2150; x_wconf 82' lang='grc' dir='ltr'><strong>ὁ</strong></span> <span class='ocrx_word' id='word_1_272' title='bbox 1319 2091 1451 2167; x_wconf 79' lang='grc' dir='ltr'>πυλεμος;</span> <span class='ocrx_word' id='word_1_273' title='bbox 1475 2089 1544 2149; x_wconf 84' lang='grc' dir='ltr'>Ἀλλ’</span> <span class='ocrx_word' id='word_1_274' title='bbox 1565 2092 1615 2169; x_wconf 66' lang='grc' dir='ltr'>ονἐγ</span> <span class='ocrx_word' id='word_1_275' title='bbox 1626 2086 1668 2146; x_wconf 77' lang='grc' dir='ltr'>ότι</span> <span class='ocrx_word' id='word_1_276' title='bbox 1683 2092 1699 2146; x_wconf 84' lang='grc' dir='ltr'>ό</span> <span class='ocrx_word' id='word_1_277' title='bbox 1712 2086 1790 2159; x_wconf 78' lang='grc' dir='ltr'>Θεὸς,</span> 
     </span>
     <span class='ocr_line' id='line_1_20' title="bbox 215 2177 1789 2266; baseline -0.004 -23"><span class='ocrx_word' id='word_1_278' title='bbox 215 2180 456 2260; x_wconf 76' lang='lat' dir='ltr'><strong>quod-membrum</strong></span> <span class='ocrx_word' id='word_1_279' title='bbox 468 2197 546 2243; x_wconf 91' lang='lat' dir='ltr'><strong>tuum</strong></span> <span class='ocrx_word' id='word_1_280' title='bbox 562 2183 735 2266; x_wconf 87' lang='lat' dir='ltr'><strong>splendidum</strong></span> <span class='ocrx_word' id='word_1_281' title='bbox 749 2199 775 2244; x_wconf 89' lang='lat' dir='ltr'>et</span> <span class='ocrx_word' id='word_1_282' title='bbox 784 2185 891 2244; x_wconf 86' lang='lat' dir='ltr'><strong>illustre</strong></span> <span class='ocrx_word' id='word_1_283' title='bbox 904 2185 941 2245; x_wconf 87' lang='lat' dir='ltr'>sit</span> <span class='ocrx_word' id='word_1_284' title='bbox 954 2207 961 2240; x_wconf 79' lang='grc' dir='ltr'>τ</span> <span class='ocrx_word' id='word_1_285' title='bbox 1014 2184 1104 2263; x_wconf 75' lang='grc' dir='ltr'>φησὶν,</span> <span class='ocrx_word' id='word_1_286' title='bbox 1117 2186 1176 2244; x_wconf 75' lang='grc' dir='ltr'>ἀλλ’</span> <span class='ocrx_word' id='word_1_287' title='bbox 1189 2183 1231 2243; x_wconf 86' lang='grc' dir='ltr'>ότι</span> <span class='ocrx_word' id='word_1_288' title='bbox 1242 2188 1256 2243; x_wconf 83' lang='grc' dir='ltr'>ὁ</span> <span class='ocrx_word' id='word_1_289' title='bbox 1267 2183 1378 2264; x_wconf 82' lang='grc' dir='ltr'>άδελρδς</span> <span class='ocrx_word' id='word_1_290' title='bbox 1392 2182 1535 2250; x_wconf 77' lang='grc' dir='ltr'>δοξάζεται.</span> <span class='ocrx_word' id='word_1_291' title='bbox 1550 2180 1629 2240; x_wconf 85' lang='grc' dir='ltr'>Ἀλλδι</span> <span class='ocrx_word' id='word_1_292' title='bbox 1642 2177 1687 2238; x_wconf 82' lang='grc' dir='ltr'>διδ</span> <span class='ocrx_word' id='word_1_293' title='bbox 1697 2177 1789 2238; x_wconf 78' lang='grc' dir='ltr'>τούτου</span> 
     </span>
     <span class='ocr_line' id='line_1_21' title="bbox 215 2268 1788 2356; baseline -0.004 -22"><span class='ocrx_word' id='word_1_294' title='bbox 215 2271 264 2334; x_wconf 85' lang='lat' dir='ltr'><strong>sed</strong></span> <span class='ocrx_word' id='word_1_295' title='bbox 285 2272 372 2354; x_wconf 81' lang='lat' dir='ltr'><strong>doles,</strong></span> <span class='ocrx_word' id='word_1_296' title='bbox 396 2274 469 2354; x_wconf 92' lang='lat' dir='ltr'><strong>quod</strong></span> <span class='ocrx_word' id='word_1_297' title='bbox 492 2277 566 2335; x_wconf 86' lang='lat' dir='ltr'><strong>Deus</strong></span> <span class='ocrx_word' id='word_1_298' title='bbox 585 2276 762 2355; x_wconf 80' lang='lat' dir='ltr'><strong>glorificetur.</strong></span> <span class='ocrx_word' id='word_1_299' title='bbox 783 2275 883 2338; x_wconf 88' lang='lat' dir='ltr'><strong>Viden’</strong></span> <span class='ocrx_word' id='word_1_300' title='bbox 908 2298 963 2356; x_wconf 92' lang='lat' dir='ltr'><strong>quo</strong></span> <span class='ocrx_word' id='word_1_301' title='bbox 1014 2275 1079 2355; x_wconf 77' lang='grc' dir='ltr'>πρὸς</span> <span class='ocrx_word' id='word_1_302' title='bbox 1091 2277 1136 2336; x_wconf 86' lang='grc' dir='ltr'>τδν</span> <span class='ocrx_word' id='word_1_303' title='bbox 1150 2275 1218 2336; x_wconf 81' lang='grc' dir='ltr'>Θεὸν</span> <span class='ocrx_word' id='word_1_304' title='bbox 1233 2275 1398 2348; x_wconf 76' lang='grc' dir='ltr'>σἰναόαίνειὴ</span> <span class='ocrx_word' id='word_1_305' title='bbox 1414 2273 1492 2342; x_wconf 79' lang='grc' dir='ltr'>δόξα·</span> <span class='ocrx_word' id='word_1_306' title='bbox 1511 2274 1605 2332; x_wconf 80' lang='grc' dir='ltr'>οὐκοῦν</span> <span class='ocrx_word' id='word_1_307' title='bbox 1618 2270 1665 2330; x_wconf 82' lang='grc' dir='ltr'>καλ</span> <span class='ocrx_word' id='word_1_308' title='bbox 1680 2274 1695 2329; x_wconf 84' lang='grc' dir='ltr'>δ</span> <span class='ocrx_word' id='word_1_309' title='bbox 1712 2268 1788 2348; x_wconf 73' lang='grc' dir='ltr'>παρὰ</span> 
     </span>
     <span class='ocr_line' id='line_1_22' title="bbox 214 2361 1789 2449; baseline -0.003 -24"><span class='ocrx_word' id='word_1_310' title='bbox 214 2365 308 2427; x_wconf 80' lang='lat' dir='ltr'><strong>tendat</strong></span> <span class='ocrx_word' id='word_1_311' title='bbox 320 2367 444 2427; x_wconf 73' lang='lat' dir='ltr'><strong>bellum?</strong></span> <span class='ocrx_word' id='word_1_312' title='bbox 454 2371 490 2427; x_wconf 78' lang='lat' dir='ltr'><strong>At</strong></span> <span class='ocrx_word' id='word_1_313' title='bbox 503 2389 556 2428; x_wconf 92' lang='lat' dir='ltr'>uon</span> <span class='ocrx_word' id='word_1_314' title='bbox 568 2367 656 2444; x_wconf 92' lang='lat' dir='ltr'><strong>doleo,</strong></span> <span class='ocrx_word' id='word_1_315' title='bbox 671 2369 786 2449; x_wconf 79' lang='lat' dir='ltr'><strong>inquies,</strong></span> <span class='ocrx_word' id='word_1_316' title='bbox 796 2368 871 2448; x_wconf 93' lang='lat' dir='ltr'><strong>quod</strong></span> <span class='ocrx_word' id='word_1_317' title='bbox 880 2371 963 2447; x_wconf 83' lang='lat' dir='ltr'><strong>Deus,</strong></span> <span class='ocrx_word' id='word_1_318' title='bbox 1015 2372 1061 2428; x_wconf 79' lang='grc' dir='ltr'>σοῦ</span> <span class='ocrx_word' id='word_1_319' title='bbox 1074 2368 1199 2447; x_wconf 80' lang='grc' dir='ltr'>πολιμος.</span> <span class='ocrx_word' id='word_1_320' title='bbox 1218 2367 1287 2427; x_wconf 78' lang='grc' dir='ltr'>Ἀλλ’</span> <span class='ocrx_word' id='word_1_321' title='bbox 1310 2371 1339 2427; x_wconf 83' lang='grc' dir='ltr'>οὐ</span> <span class='ocrx_word' id='word_1_322' title='bbox 1353 2368 1430 2428; x_wconf 78' lang='grc' dir='ltr'>τοῦτό</span> <span class='ocrx_word' id='word_1_323' title='bbox 1444 2391 1477 2445; x_wconf 86' lang='grc' dir='ltr'>με</span> <span class='ocrx_word' id='word_1_324' title='bbox 1490 2370 1584 2440; x_wconf 87' lang='grc' dir='ltr'>λυπεῖ,</span> <span class='ocrx_word' id='word_1_325' title='bbox 1602 2363 1701 2443; x_wconf 80' lang='grc' dir='ltr'>φησὶν,</span> <span class='ocrx_word' id='word_1_326' title='bbox 1721 2361 1789 2422; x_wconf 77' lang='lat' dir='ltr'>eut</span> 
     </span>
     <span class='ocr_line' id='line_1_23' title="bbox 214 2455 1788 2542; baseline -0.004 -24"><span class='ocrx_word' id='word_1_327' title='bbox 214 2455 261 2517; x_wconf 75' lang='lat' dir='ltr'><strong>sed</strong></span> <span class='ocrx_word' id='word_1_328' title='bbox 275 2458 349 2538; x_wconf 86' lang='lat' dir='ltr'><strong>quod</strong></span> <span class='ocrx_word' id='word_1_329' title='bbox 361 2461 443 2520; x_wconf 80' lang='lat' dir='ltr'><strong>frater</strong></span> <span class='ocrx_word' id='word_1_330' title='bbox 453 2460 540 2539; x_wconf 77' lang='lat' dir='ltr'><strong>gloria</strong></span> <span class='ocrx_word' id='word_1_331' title='bbox 550 2460 697 2521; x_wconf 87' lang='lat' dir='ltr'><strong>afficiatur.</strong></span> <span class='ocrx_word' id='word_1_332' title='bbox 713 2463 818 2523; x_wconf 85' lang='lat' dir='ltr'><strong>Verum</strong></span> <span class='ocrx_word' id='word_1_333' title='bbox 833 2462 963 2542; x_wconf 77' lang='lat' dir='ltr'><strong>perluunt:</strong></span> <span class='ocrx_word' id='word_1_334' title='bbox 1015 2458 1050 2518; x_wconf 90' lang='grc' dir='ltr'>δι’</span> <span class='ocrx_word' id='word_1_335' title='bbox 1059 2461 1123 2538; x_wconf 79' lang='grc' dir='ltr'>ἐμοῦ</span> <span class='ocrx_word' id='word_1_336' title='bbox 1134 2461 1178 2520; x_wconf 80' lang='grc' dir='ltr'>τὸν</span> <span class='ocrx_word' id='word_1_337' title='bbox 1188 2460 1257 2521; x_wconf 86' lang='grc' dir='ltr'>Θεδν</span> <span class='ocrx_word' id='word_1_338' title='bbox 1268 2459 1415 2539; x_wconf 82' lang='grc' dir='ltr'>ίόονλόμην</span> <span class='ocrx_word' id='word_1_339' title='bbox 1426 2459 1586 2527; x_wconf 79' lang='grc' dir='ltr'>δοξάζεσθαι.</span> <span class='ocrx_word' id='word_1_340' title='bbox 1595 2458 1700 2517; x_wconf 77' lang='grc' dir='ltr'>Οὐκοῦν</span> <span class='ocrx_word' id='word_1_341' title='bbox 1711 2462 1788 2534; x_wconf 81' lang='grc' dir='ltr'>χαῖρε</span> 
     </span>
     <span class='ocr_line' id='line_1_24' title="bbox 214 2546 1788 2634; baseline -0.004 -24"><span class='ocrx_word' id='word_1_342' title='bbox 214 2547 251 2611; x_wconf 81' lang='lat' dir='ltr'><strong>ud</strong></span> <span class='ocrx_word' id='word_1_343' title='bbox 265 2551 356 2610; x_wconf 82' lang='lat' dir='ltr'><strong>Deum</strong></span> <span class='ocrx_word' id='word_1_344' title='bbox 367 2552 452 2632; x_wconf 78' lang='lat' dir='ltr'><strong>glorio</strong></span> <span class='ocrx_word' id='word_1_345' title='bbox 466 2552 602 2630; x_wconf 80' lang='lat' dir='ltr'><strong>aseendit3</strong></span> <span class='ocrx_word' id='word_1_346' title='bbox 617 2551 730 2634; x_wconf 85' lang='lat' dir='ltr'><strong>proinde</strong></span> <span class='ocrx_word' id='word_1_347' title='bbox 744 2567 771 2613; x_wconf 87' lang='lat' dir='ltr'>et</span> <span class='ocrx_word' id='word_1_348' title='bbox 786 2553 889 2612; x_wconf 87' lang='lat' dir='ltr'><strong>bellum</strong></span> <span class='ocrx_word' id='word_1_349' title='bbox 904 2573 920 2614; x_wconf 89' lang='lat' dir='ltr'><strong>a</strong></span> <span class='ocrx_word' id='word_1_350' title='bbox 934 2568 960 2614; x_wconf 92' lang='lat' dir='ltr'><strong>tc</strong></span> <span class='ocrx_word' id='word_1_351' title='bbox 979 2567 996 2614; x_wconf 82' lang='grc' dir='ltr'><strong><em>Β</em></strong></span> <span class='ocrx_word' id='word_1_352' title='bbox 1015 2553 1213 2631; x_wconf 78' lang='grc' dir='ltr'>εὐδοκιμοῦντος</span> <span class='ocrx_word' id='word_1_353' title='bbox 1223 2558 1270 2611; x_wconf 81' lang='grc' dir='ltr'>τοῦ</span> <span class='ocrx_word' id='word_1_354' title='bbox 1281 2553 1411 2632; x_wconf 66' lang='grc' dir='ltr'>ἀδελφοῦ,</span> <span class='ocrx_word' id='word_1_355' title='bbox 1424 2552 1469 2610; x_wconf 83' lang='grc' dir='ltr'>καὶ</span> <span class='ocrx_word' id='word_1_356' title='bbox 1481 2550 1616 2620; x_wconf 77' lang='grc' dir='ltr'>δοξάζεται</span> <span class='ocrx_word' id='word_1_357' title='bbox 1627 2549 1674 2608; x_wconf 83' lang='grc' dir='ltr'>καί</span> <span class='ocrx_word' id='word_1_358' title='bbox 1687 2546 1732 2606; x_wconf 87' lang='grc' dir='ltr'>διίι</span> <span class='ocrx_word' id='word_1_359' title='bbox 1742 2551 1788 2606; x_wconf 81' lang='grc' dir='ltr'>σοῦ</span> 
     </span>
     <span class='ocr_line' id='line_1_25' title="bbox 212 2637 1787 2728; baseline -0.004 -24"><span class='ocrx_word' id='word_1_360' title='bbox 212 2658 349 2706; x_wconf 84' lang='lat' dir='ltr'><strong>exortum.</strong></span> <span class='ocrx_word' id='word_1_361' title='bbox 363 2649 400 2706; x_wconf 77' lang='lat' dir='ltr'><strong>At</strong></span> <span class='ocrx_word' id='word_1_362' title='bbox 418 2667 471 2706; x_wconf 91' lang='lat' dir='ltr'>non</span> <span class='ocrx_word' id='word_1_363' title='bbox 485 2647 537 2706; x_wconf 91' lang='lat' dir='ltr'>hoc</span> <span class='ocrx_word' id='word_1_364' title='bbox 557 2648 625 2707; x_wconf 89' lang='lat' dir='ltr'><strong>mihi</strong></span> <span class='ocrx_word' id='word_1_365' title='bbox 638 2646 773 2728; x_wconf 86' lang='lat' dir='ltr'><strong>displicet,</strong></span> <span class='ocrx_word' id='word_1_366' title='bbox 786 2647 901 2727; x_wconf 80' lang='lat' dir='ltr'><strong>inquies,</strong></span> <span class='ocrx_word' id='word_1_367' title='bbox 913 2646 961 2708; x_wconf 84' lang='lat' dir='ltr'><strong>sed</strong></span> <span class='ocrx_word' id='word_1_368' title='bbox 984 2666 987 2671; x_wconf 85' lang='lat'>·</span> <span class='ocrx_word' id='word_1_369' title='bbox 1010 2643 1095 2706; x_wconf 78' lang='grc' dir='ltr'>,πάλιν</span> <span class='ocrx_word' id='word_1_370' title='bbox 1119 2649 1133 2704; x_wconf 86' lang='grc' dir='ltr'>ό</span> <span class='ocrx_word' id='word_1_371' title='bbox 1150 2644 1231 2719; x_wconf 88' lang='grc' dir='ltr'>Θεδς,</span> <span class='ocrx_word' id='word_1_372' title='bbox 1245 2643 1291 2704; x_wconf 83' lang='grc' dir='ltr'>καί</span> <span class='ocrx_word' id='word_1_373' title='bbox 1303 2644 1400 2712; x_wconf 89' lang='grc' dir='ltr'>πάντες</span> <span class='ocrx_word' id='word_1_374' title='bbox 1415 2647 1525 2726; x_wconf 79' lang='grc' dir='ltr'>ἐροῦσιν,</span> <span class='ocrx_word' id='word_1_375' title='bbox 1544 2640 1684 2721; x_wconf 78' lang='grc' dir='ltr'>εὐλογητὸς</span> <span class='ocrx_word' id='word_1_376' title='bbox 1695 2643 1710 2697; x_wconf 81' lang='grc' dir='ltr'>ὁ</span> <span class='ocrx_word' id='word_1_377' title='bbox 1721 2637 1787 2705; x_wconf 81' lang='grc' dir='ltr'>Θεὸς</span> 
     </span>
    </p>
   </div>
   <div class='ocr_carea' id='block_1_7' title="bbox 9 2731 1786 2821">
    <p class='ocr_par' dir='ltr' id='par_1_7' title="bbox 9 2731 1786 2821">
     <span class='ocr_line' id='line_1_26' title="bbox 9 2731 1786 2821; baseline -0.005 -24"><span class='ocrx_word' id='word_1_378' title='bbox 9 2790 12 2797; x_wconf 90' lang='grc'>.</span> <span class='ocrx_word' id='word_1_379' title='bbox 124 2788 127 2793; x_wconf 91' lang='grc'><em>.</em></span> <span class='ocrx_word' id='word_1_380' title='bbox 160 2774 165 2785; x_wconf 85' lang='grc'>-</span> <span class='ocrx_word' id='word_1_381' title='bbox 211 2755 263 2821; x_wconf 77' lang='lat' dir='ltr'>per</span> <span class='ocrx_word' id='word_1_382' title='bbox 277 2757 321 2797; x_wconf 89' lang='lat' dir='ltr'><strong>me</strong></span> <span class='ocrx_word' id='word_1_383' title='bbox 344 2736 442 2797; x_wconf 82' lang='lat' dir='ltr'><strong>vellem</strong></span> <span class='ocrx_word' id='word_1_384' title='bbox 455 2739 544 2797; x_wconf 87' lang='lat' dir='ltr'><strong>Deum</strong></span> <span class='ocrx_word' id='word_1_385' title='bbox 564 2737 650 2818; x_wconf 76' lang='lat' dir='ltr'><strong>gloria</strong></span> <span class='ocrx_word' id='word_1_386' title='bbox 673 2737 758 2798; x_wconf 81' lang='lat' dir='ltr'><strong>affici.</strong></span> <span class='ocrx_word' id='word_1_387' title='bbox 782 2738 857 2818; x_wconf 77' lang='lat' dir='ltr'><strong>Ergo</strong></span> <span class='ocrx_word' id='word_1_388' title='bbox 872 2738 959 2819; x_wconf 78' lang='lat' dir='ltr'><strong>gaude</strong></span> <span class='ocrx_word' id='word_1_389' title='bbox 1014 2734 1171 2804; x_wconf 80' lang='grc' dir='ltr'>ὁποιοότους</span> <span class='ocrx_word' id='word_1_390' title='bbox 1194 2734 1262 2816; x_wconf 83' lang='grc' dir='ltr'>ἔχων</span> <span class='ocrx_word' id='word_1_391' title='bbox 1286 2733 1410 2810; x_wconf 84' lang='grc' dir='ltr'>οἰκέτας,</span> <span class='ocrx_word' id='word_1_392' title='bbox 1434 2734 1528 2815; x_wconf 81' lang='grc' dir='ltr'>ρθόνσυ</span> <span class='ocrx_word' id='word_1_393' title='bbox 1548 2733 1646 2798; x_wconf 84' lang='grc' dir='ltr'>παντὸς</span> <span class='ocrx_word' id='word_1_394' title='bbox 1665 2731 1786 2804; x_wconf 85' lang='grc' dir='ltr'>άπηλλα-</span> 
     </span>
    </p>
   </div>
   <div class='ocr_carea' id='block_1_8' title="bbox 116 2820 1786 2912">
    <p class='ocr_par' dir='ltr' id='par_1_8' title="bbox 116 2820 1786 2912">
     <span class='ocr_line' id='line_1_27' title="bbox 116 2820 1786 2912; baseline -0.006 -23"><span class='ocrx_word' id='word_1_395' title='bbox 116 2824 162 2883; x_wconf 74' lang='lat' dir='ltr'><strong>&#39;·-s&#39;</strong></span> <span class='ocrx_word' id='word_1_396' title='bbox 211 2824 326 2912; x_wconf 66' lang='lat' dir='ltr'><strong>florente</strong></span> <span class='ocrx_word' id='word_1_397' title='bbox 335 2829 628 2911; x_wconf 78' lang='lat' dir='ltr'><strong>scatre,etpcrtel)eus</strong></span> <span class='ocrx_word' id='word_1_398' title='bbox 638 2829 847 2910; x_wconf 78' lang='lat' dir='ltr'><strong>glorificabitur,</strong></span> <span class='ocrx_word' id='word_1_399' title='bbox 856 2851 960 2891; x_wconf 72' lang='lat' dir='ltr'><strong>omnes·</strong></span> <span class='ocrx_word' id='word_1_400' title='bbox 1014 2828 1141 2907; x_wconf 86' lang='grc' dir='ltr'>γμίνους,</span> <span class='ocrx_word' id='word_1_401' title='bbox 1155 2836 1210 2896; x_wconf 87' lang='grc' dir='ltr'>τοῖς</span> <span class='ocrx_word' id='word_1_402' title='bbox 1223 2827 1346 2900; x_wconf 72' lang='grc' dir='ltr'>ἀλλήλων</span> <span class='ocrx_word' id='word_1_403' title='bbox 1366 2826 1556 2904; x_wconf 77' lang='grc' dir='ltr'>συνηδομένους</span> <span class='ocrx_word' id='word_1_404' title='bbox 1569 2826 1671 2890; x_wconf 82' lang='grc' dir='ltr'>καλοῖς.</span> <span class='ocrx_word' id='word_1_405' title='bbox 1692 2822 1747 2882; x_wconf 79' lang='grc' dir='ltr'>Καὶ</span> <span class='ocrx_word' id='word_1_406' title='bbox 1760 2820 1786 2879; x_wconf 88' lang='grc' dir='ltr'>τί</span> 
     </span>
    </p>
   </div>
   <div class='ocr_carea' id='block_1_9' title="bbox 9 2874 1786 3000">
    <p class='ocr_par' dir='ltr' id='par_1_9' title="bbox 9 2874 1786 3000">
     <span class='ocr_line' id='line_1_28' title="bbox 9 2874 1786 3000; baseline 0.008 -28"><span class='ocrx_word' id='word_1_407' title='bbox 9 2874 15 2921; x_wconf 85' lang='lat'>&#39;.</span> <span class='ocrx_word' id='word_1_408' title='bbox 210 2935 266 2995; x_wconf 84' lang='lat' dir='ltr'>que</span> <span class='ocrx_word' id='word_1_409' title='bbox 285 2916 386 2992; x_wconf 87' lang='lat' dir='ltr'><strong>dicent,</strong></span> <span class='ocrx_word' id='word_1_410' title='bbox 402 2917 562 2980; x_wconf 88' lang='lat' dir='ltr'><strong>Benedictus</strong></span> <span class='ocrx_word' id='word_1_411' title='bbox 576 2921 659 2997; x_wconf 87' lang='lat' dir='ltr'><strong>Deus,</strong></span> <span class='ocrx_word' id='word_1_412' title='bbox 673 2918 723 2998; x_wconf 89' lang='lat' dir='ltr'>qui</span> <span class='ocrx_word' id='word_1_413' title='bbox 745 2919 811 2979; x_wconf 81' lang='lat' dir='ltr'><strong>tales</strong></span> <span class='ocrx_word' id='word_1_414' title='bbox 825 2919 907 2978; x_wconf 86' lang='lat' dir='ltr'><strong>habet</strong></span> <span class='ocrx_word' id='word_1_415' title='bbox 920 2920 960 2978; x_wconf 79' lang='lat' dir='ltr'>fa-</span> <span class='ocrx_word' id='word_1_416' title='bbox 1014 2919 1084 3000; x_wconf 85' lang='grc' dir='ltr'>λίγω</span> <span class='ocrx_word' id='word_1_417' title='bbox 1107 2920 1151 2980; x_wconf 89' lang='grc' dir='ltr'>τδν</span> <span class='ocrx_word' id='word_1_418' title='bbox 1177 2919 1303 3000; x_wconf 74' lang='grc' dir='ltr'>άδιλρόνς</span> <span class='ocrx_word' id='word_1_419' title='bbox 1338 2922 1372 2980; x_wconf 87' lang='lat' dir='ltr'>El</span> <span class='ocrx_word' id='word_1_420' title='bbox 1395 2916 1446 2998; x_wconf 73' lang='grc' dir='ltr'>γάρ</span> <span class='ocrx_word' id='word_1_421' title='bbox 1469 2917 1515 2976; x_wconf 83' lang='grc' dir='ltr'>καί</span> <span class='ocrx_word' id='word_1_422' title='bbox 1539 2916 1667 2993; x_wconf 69' lang='grc' dir='ltr'>πολέμιος</span> <span class='ocrx_word' id='word_1_423' title='bbox 1688 2905 1720 2986; x_wconf 73' lang='lat' dir='ltr'>{lo</span> <span class='ocrx_word' id='word_1_424' title='bbox 1741 2914 1786 2973; x_wconf 62' lang='lat' dir='ltr'>ml</span> 
     </span>
    </p>
   </div>
   <div class='ocr_carea' id='block_1_10' title="bbox 131 3005 1787 4752">
    <p class='ocr_par' dir='ltr' id='par_1_10' title="bbox 131 3005 1787 4568">
     <span class='ocr_line' id='line_1_29' title="bbox 212 3005 1787 3094; baseline -0.004 -25"><span class='ocrx_word' id='word_1_425' title='bbox 212 3010 312 3089; x_wconf 78' lang='lat' dir='ltr'><strong>mulos,</strong></span> <span class='ocrx_word' id='word_1_426' title='bbox 327 3009 431 3072; x_wconf 88' lang='lat' dir='ltr'><strong>invidia</strong></span> <span class='ocrx_word' id='word_1_427' title='bbox 441 3011 515 3072; x_wconf 88' lang='lat' dir='ltr'><strong>omni</strong></span> <span class='ocrx_word' id='word_1_428' title='bbox 529 3012 637 3088; x_wconf 82' lang='lat' dir='ltr'><strong>liberos,</strong></span> <span class='ocrx_word' id='word_1_429' title='bbox 651 3013 698 3092; x_wconf 92' lang='lat' dir='ltr'>qui</span> <span class='ocrx_word' id='word_1_430' title='bbox 708 3011 744 3071; x_wconf 92' lang='lat' dir='ltr'><strong>de</strong></span> <span class='ocrx_word' id='word_1_431' title='bbox 753 3012 871 3071; x_wconf 85' lang='lat' dir='ltr'><strong>aliorum</strong></span> <span class='ocrx_word' id='word_1_432' title='bbox 881 3010 960 3072; x_wconf 89' lang='lat' dir='ltr'><strong>bouis</strong></span> <span class='ocrx_word' id='word_1_433' title='bbox 1013 3012 1124 3094; x_wconf 79' lang='grc' dir='ltr'>ἐχθρὸς,</span> <span class='ocrx_word' id='word_1_434' title='bbox 1145 3016 1160 3071; x_wconf 85' lang='grc' dir='ltr'>θ</span> <span class='ocrx_word' id='word_1_435' title='bbox 1184 3011 1211 3070; x_wconf 78' lang='grc' dir='ltr'>δὲ</span> <span class='ocrx_word' id='word_1_436' title='bbox 1227 3011 1296 3078; x_wconf 85' lang='grc' dir='ltr'>Θεὸς</span> <span class='ocrx_word' id='word_1_437' title='bbox 1317 3011 1351 3070; x_wconf 91' lang='grc' dir='ltr'>δι’</span> <span class='ocrx_word' id='word_1_438' title='bbox 1371 3012 1451 3071; x_wconf 80' lang='grc' dir='ltr'>αὐτοῦ</span> <span class='ocrx_word' id='word_1_439' title='bbox 1466 3008 1617 3079; x_wconf 80' lang='grc' dir='ltr'>ἐδοξάζετο,</span> <span class='ocrx_word' id='word_1_440' title='bbox 1638 3008 1714 3088; x_wconf 79' lang='grc' dir='ltr'>φίλον</span> <span class='ocrx_word' id='word_1_441' title='bbox 1734 3005 1787 3064; x_wconf 86' lang='grc' dir='ltr'>ίδει</span> 
     </span>
     <span class='ocr_line' id='line_1_30' title="bbox 211 3099 1785 3184; baseline -0.004 -22"><span class='ocrx_word' id='word_1_442' title='bbox 211 3110 308 3163; x_wconf 84' lang='lat' dir='ltr'><strong>mutuo</strong></span> <span class='ocrx_word' id='word_1_443' title='bbox 325 3102 452 3184; x_wconf 76' lang='lat' dir='ltr'><strong>gaudent.</strong></span> <span class='ocrx_word' id='word_1_444' title='bbox 465 3106 502 3165; x_wconf 88' lang='lat' dir='ltr'><strong>Et</strong></span> <span class='ocrx_word' id='word_1_445' title='bbox 515 3103 582 3183; x_wconf 88' lang='lat' dir='ltr'><strong>quid</strong></span> <span class='ocrx_word' id='word_1_446' title='bbox 602 3101 666 3163; x_wconf 91' lang='lat' dir='ltr'><strong>dico</strong></span> <span class='ocrx_word' id='word_1_447' title='bbox 680 3103 813 3164; x_wconf 77' lang='lat' dir='ltr'><strong>fratrem?</strong></span> <span class='ocrx_word' id='word_1_448' title='bbox 834 3104 872 3165; x_wconf 86' lang='lat' dir='ltr'><strong>Si·</strong></span> <span class='ocrx_word' id='word_1_449' title='bbox 887 3103 959 3163; x_wconf 91' lang='lat' dir='ltr'><strong>enim</strong></span> <span class='ocrx_word' id='word_1_450' title='bbox 1013 3103 1175 3176; x_wconf 77' lang='grc' dir='ltr'>ποιήσασθαι</span> <span class='ocrx_word' id='word_1_451' title='bbox 1188 3100 1232 3162; x_wconf 75' lang='lat' dir='ltr'>tu</span> <span class='ocrx_word' id='word_1_452' title='bbox 1244 3110 1336 3163; x_wconf 77' lang='grc' dir='ltr'>τοῦτο·</span> <span class='ocrx_word' id='word_1_453' title='bbox 1350 3101 1383 3162; x_wconf 86' lang='grc' dir='ltr'>σθ</span> <span class='ocrx_word' id='word_1_454' title='bbox 1398 3102 1426 3161; x_wconf 82' lang='grc' dir='ltr'>δὲ</span> <span class='ocrx_word' id='word_1_455' title='bbox 1440 3101 1485 3160; x_wconf 84' lang='grc' dir='ltr'>τὸν</span> <span class='ocrx_word' id='word_1_456' title='bbox 1496 3099 1570 3180; x_wconf 81' lang='grc' dir='ltr'>φίλον</span> <span class='ocrx_word' id='word_1_457' title='bbox 1585 3099 1680 3178; x_wconf 84' lang='grc' dir='ltr'>ίχθρδν</span> <span class='ocrx_word' id='word_1_458' title='bbox 1692 3105 1785 3167; x_wconf 87' lang='grc' dir='ltr'>ποιεῖς,</span> 
     </span>
     <span class='ocr_line' id='line_1_31' title="bbox 212 3182 1786 3275; baseline -0.004 -21"><span class='ocrx_word' id='word_1_459' title='bbox 212 3193 340 3254; x_wconf 82' lang='grc' dir='ltr'>ίιιίιιιίειιε</span> <span class='ocrx_word' id='word_1_460' title='bbox 350 3209 417 3254; x_wconf 86' lang='lat' dir='ltr'><strong>essct</strong></span> <span class='ocrx_word' id='word_1_461' title='bbox 436 3209 461 3254; x_wconf 90' lang='lat' dir='ltr'><strong>ct</strong></span> <span class='ocrx_word' id='word_1_462' title='bbox 475 3194 570 3270; x_wconf 87' lang='lat' dir='ltr'><strong>hostis,</strong></span> <span class='ocrx_word' id='word_1_463' title='bbox 585 3215 616 3254; x_wconf 86' lang='lat' dir='ltr'>ac</span> <span class='ocrx_word' id='word_1_464' title='bbox 626 3196 701 3252; x_wconf 90' lang='lat' dir='ltr'><strong>Deus</strong></span> <span class='ocrx_word' id='word_1_465' title='bbox 714 3215 764 3275; x_wconf 87' lang='lat' dir='ltr'>per</span> <span class='ocrx_word' id='word_1_466' title='bbox 782 3193 860 3253; x_wconf 91' lang='lat' dir='ltr'><strong>illum</strong></span> <span class='ocrx_word' id='word_1_467' title='bbox 872 3194 958 3274; x_wconf 78' lang='lat' dir='ltr'><strong>glori·</strong></span> <span class='ocrx_word' id='word_1_468' title='bbox 1013 3197 1104 3270; x_wconf 78' lang='grc' dir='ltr'>ἐπειδὴ</span> <span class='ocrx_word' id='word_1_469' title='bbox 1123 3201 1138 3256; x_wconf 86' lang='grc' dir='ltr'>ό</span> <span class='ocrx_word' id='word_1_470' title='bbox 1154 3198 1221 3266; x_wconf 87' lang='grc' dir='ltr'>Θεδς</span> <span class='ocrx_word' id='word_1_471' title='bbox 1241 3195 1374 3266; x_wconf 79' lang='grc' dir='ltr'>δοξάζεται</span> <span class='ocrx_word' id='word_1_472' title='bbox 1387 3194 1431 3253; x_wconf 75' lang='grc' dir='ltr'>διδ</span> <span class='ocrx_word' id='word_1_473' title='bbox 1444 3197 1492 3264; x_wconf 76' lang='grc' dir='ltr'>τῆς</span> <span class='ocrx_word' id='word_1_474' title='bbox 1508 3191 1703 3269; x_wconf 80' lang='grc' dir='ltr'>εὐδοκιμήσεως</span> <span class='ocrx_word' id='word_1_475' title='bbox 1716 3182 1786 3250; x_wconf 83' lang='grc' dir='ltr'>ἐκεί-</span> 
     </span>
     <span class='ocr_line' id='line_1_32' title="bbox 212 3283 1783 3368; baseline -0.004 -23"><span class='ocrx_word' id='word_1_476' title='bbox 212 3286 349 3363; x_wconf 85' lang='lat' dir='ltr'><strong>ficaretur,</strong></span> <span class='ocrx_word' id='word_1_477' title='bbox 363 3287 399 3346; x_wconf 93' lang='lat' dir='ltr'>ob</span> <span class='ocrx_word' id='word_1_478' title='bbox 414 3286 444 3346; x_wconf 91' lang='lat' dir='ltr'><strong>id</strong></span> <span class='ocrx_word' id='word_1_479' title='bbox 456 3287 574 3346; x_wconf 90' lang='lat' dir='ltr'><strong>amicum</strong></span> <span class='ocrx_word' id='word_1_480' title='bbox 588 3286 669 3345; x_wconf 93' lang='lat' dir='ltr'><strong>illum</strong></span> <span class='ocrx_word' id='word_1_481' title='bbox 682 3286 734 3345; x_wconf 88' lang='lat' dir='ltr'><strong>tibi</strong></span> <span class='ocrx_word' id='word_1_482' title='bbox 751 3287 836 3345; x_wconf 72' lang='lat' dir='ltr'><strong>locere</strong></span> <span class='ocrx_word' id='word_1_483' title='bbox 847 3302 957 3367; x_wconf 90' lang='lat' dir='ltr'><strong>oporte·</strong></span> <span class='ocrx_word' id='word_1_484' title='bbox 990 3330 994 3334; x_wconf 82' lang='lat'><strong>·</strong></span> <span class='ocrx_word' id='word_1_485' title='bbox 1012 3311 1065 3350; x_wconf 88' lang='grc' dir='ltr'>νσυ.</span> <span class='ocrx_word' id='word_1_486' title='bbox 1084 3289 1141 3350; x_wconf 65' lang='lat' dir='ltr'><strong>tter</strong></span> <span class='ocrx_word' id='word_1_487' title='bbox 1163 3290 1212 3367; x_wconf 86' lang='grc' dir='ltr'>μὲν</span> <span class='ocrx_word' id='word_1_488' title='bbox 1231 3290 1261 3348; x_wconf 85' lang='grc' dir='ltr'>τὸ</span> <span class='ocrx_word' id='word_1_489' title='bbox 1275 3288 1353 3365; x_wconf 85' lang='grc' dir='ltr'>σῶμά</span> <span class='ocrx_word' id='word_1_490' title='bbox 1367 3311 1406 3355; x_wconf 84' lang='grc' dir='ltr'>τις</span> <span class='ocrx_word' id='word_1_491' title='bbox 1421 3284 1569 3368; x_wconf 78' lang='grc' dir='ltr'>θεραπεύσῃ</span> <span class='ocrx_word' id='word_1_492' title='bbox 1584 3285 1614 3343; x_wconf 88' lang='grc' dir='ltr'>τδ</span> <span class='ocrx_word' id='word_1_493' title='bbox 1633 3283 1678 3342; x_wconf 83' lang='grc' dir='ltr'>σὸν</span> <span class='ocrx_word' id='word_1_494' title='bbox 1694 3286 1783 3348; x_wconf 85' lang='grc' dir='ltr'>κακῶς</span> 
     </span>
     <span class='ocr_line' id='line_1_33' title="bbox 211 3373 1785 3463; baseline -0.004 -22"><span class='ocrx_word' id='word_1_495' title='bbox 211 3396 263 3441; x_wconf 85' lang='lat' dir='ltr'><strong>ret.</strong></span> <span class='ocrx_word' id='word_1_496' title='bbox 280 3381 326 3441; x_wconf 83' lang='lat' dir='ltr'><strong>Tu</strong></span> <span class='ocrx_word' id='word_1_497' title='bbox 346 3402 410 3441; x_wconf 77' lang='lat' dir='ltr'><strong>vcro</strong></span> <span class='ocrx_word' id='word_1_498' title='bbox 424 3382 543 3440; x_wconf 89' lang='lat' dir='ltr'><strong>amicum</strong></span> <span class='ocrx_word' id='word_1_499' title='bbox 564 3380 704 3440; x_wconf 84' lang='lat' dir='ltr'><strong>lacis&#39;tibi</strong></span> <span class='ocrx_word' id='word_1_500' title='bbox 727 3381 880 3458; x_wconf 89' lang='lat' dir='ltr'><strong>inimicum,</strong></span> <span class='ocrx_word' id='word_1_501' title='bbox 894 3384 958 3462; x_wconf 89' lang='lat' dir='ltr'><strong>quia</strong></span> <span class='ocrx_word' id='word_1_502' title='bbox 1012 3383 1082 3463; x_wconf 77' lang='grc' dir='ltr'>ἔχον,</span> <span class='ocrx_word' id='word_1_503' title='bbox 1096 3381 1145 3443; x_wconf 79' lang='grc' dir='ltr'>κδν</span> <span class='ocrx_word' id='word_1_504' title='bbox 1159 3382 1250 3463; x_wconf 79' lang='grc' dir='ltr'>ἐχθρὸς</span> <span class='ocrx_word' id='word_1_505' title='bbox 1263 3373 1296 3460; x_wconf 77' lang='grc' dir='ltr'>ᾖ,</span> <span class='ocrx_word' id='word_1_506' title='bbox 1316 3386 1367 3440; x_wconf 87' lang='grc' dir='ltr'>τῶν</span> <span class='ocrx_word' id='word_1_507' title='bbox 1379 3379 1492 3460; x_wconf 80' lang='grc' dir='ltr'>πρώτων</span> <span class='ocrx_word' id='word_1_508' title='bbox 1510 3377 1588 3437; x_wconf 84' lang='grc' dir='ltr'>αὐτὸν</span> <span class='ocrx_word' id='word_1_509' title='bbox 1598 3375 1689 3455; x_wconf 74' lang='grc' dir='ltr'>ἡγόση</span> <span class='ocrx_word' id='word_1_510' title='bbox 1702 3375 1785 3456; x_wconf 72' lang='lat' dir='ltr'><strong>quon</strong></span> 
     </span>
     <span class='ocr_line' id='line_1_34' title="bbox 211 3466 1786 3552; baseline -0.004 -22"><span class='ocrx_word' id='word_1_511' title='bbox 211 3473 286 3531; x_wconf 91' lang='lat' dir='ltr'><strong>Deus</strong></span> <span class='ocrx_word' id='word_1_512' title='bbox 305 3493 354 3552; x_wconf 88' lang='lat' dir='ltr'>per</span> <span class='ocrx_word' id='word_1_513' title='bbox 368 3472 443 3530; x_wconf 89' lang='lat' dir='ltr'><strong>illius</strong></span> <span class='ocrx_word' id='word_1_514' title='bbox 467 3471 539 3531; x_wconf 87' lang='lat' dir='ltr'><strong>clara</strong></span> <span class='ocrx_word' id='word_1_515' title='bbox 563 3485 637 3550; x_wconf 78' lang='lat' dir='ltr'><strong>gesta</strong></span> <span class='ocrx_word' id='word_1_516' title='bbox 660 3470 837 3551; x_wconf 77' lang='lat' dir='ltr'><strong>glorificatur.</strong></span> <span class='ocrx_word' id='word_1_517' title='bbox 851 3472 881 3532; x_wconf 86' lang='lat' dir='ltr'><strong>si</strong></span> <span class='ocrx_word' id='word_1_518' title='bbox 896 3474 958 3551; x_wconf 92' lang='lat' dir='ltr'><strong>quis</strong></span> <span class='ocrx_word' id='word_1_519' title='bbox 1012 3466 1080 3534; x_wconf 76' lang='grc' dir='ltr'>εἶναι</span> <span class='ocrx_word' id='word_1_520' title='bbox 1097 3474 1204 3535; x_wconf 84' lang='grc' dir='ltr'>λοιπόν·</span> <span class='ocrx_word' id='word_1_521' title='bbox 1225 3475 1268 3534; x_wconf 87' lang='grc' dir='ltr'>τδν</span> <span class='ocrx_word' id='word_1_522' title='bbox 1295 3473 1322 3532; x_wconf 84' lang='grc' dir='ltr'>δὲ</span> <span class='ocrx_word' id='word_1_523' title='bbox 1340 3477 1385 3532; x_wconf 83' lang='grc' dir='ltr'>τοῦ</span> <span class='ocrx_word' id='word_1_524' title='bbox 1400 3474 1517 3551; x_wconf 81' lang='grc' dir='ltr'>Χριστοῦ</span> <span class='ocrx_word' id='word_1_525' title='bbox 1541 3470 1571 3529; x_wconf 85' lang='grc' dir='ltr'>τὸ</span> <span class='ocrx_word' id='word_1_526' title='bbox 1586 3473 1665 3546; x_wconf 86' lang='grc' dir='ltr'>σῶμα</span> <span class='ocrx_word' id='word_1_527' title='bbox 1683 3470 1786 3526; x_wconf 83' lang='grc' dir='ltr'>καλλω</span> 
     </span>
     <span class='ocr_line' id='line_1_35' title="bbox 212 3561 1784 3646; baseline -0.004 -22"><span class='ocrx_word' id='word_1_528' title='bbox 212 3584 312 3646; x_wconf 88' lang='lat' dir='ltr'><strong>corpus</strong></span> <span class='ocrx_word' id='word_1_529' title='bbox 326 3578 404 3623; x_wconf 92' lang='lat' dir='ltr'><strong>tuum</strong></span> <span class='ocrx_word' id='word_1_530' title='bbox 418 3585 522 3644; x_wconf 78' lang='lat' dir='ltr'><strong>aegrum</strong></span> <span class='ocrx_word' id='word_1_531' title='bbox 535 3564 680 3639; x_wconf 77' lang='lat' dir='ltr'><strong>curaverit,</strong></span> <span class='ocrx_word' id='word_1_532' title='bbox 691 3564 741 3622; x_wconf 89' lang='lat' dir='ltr'><strong>etsi</strong></span> <span class='ocrx_word' id='word_1_533' title='bbox 761 3563 887 3625; x_wconf 88' lang='lat' dir='ltr'><strong>inimicus</strong></span> <span class='ocrx_word' id='word_1_534' title='bbox 900 3567 958 3626; x_wconf 82' lang='lat' dir='ltr'><strong>sue·</strong></span> <span class='ocrx_word' id='word_1_535' title='bbox 1011 3567 1138 3642; x_wconf 81' lang='grc' dir='ltr'>πίζοντα,</span> <span class='ocrx_word' id='word_1_536' title='bbox 1151 3565 1286 3636; x_wconf 82' lang='grc' dir='ltr'>τουτέστι,</span> <span class='ocrx_word' id='word_1_537' title='bbox 1300 3565 1349 3637; x_wconf 81' lang='grc' dir='ltr'>τὴν</span> <span class='ocrx_word' id='word_1_538' title='bbox 1363 3563 1543 3636; x_wconf 84' lang='grc' dir='ltr'>Ἐκκλησίαν,</span> <span class='ocrx_word' id='word_1_539' title='bbox 1562 3561 1605 3620; x_wconf 83' lang='grc' dir='ltr'>καί</span> <span class='ocrx_word' id='word_1_540' title='bbox 1620 3561 1696 3641; x_wconf 75' lang='grc' dir='ltr'>φίλον</span> <span class='ocrx_word' id='word_1_541' title='bbox 1711 3561 1784 3629; x_wconf 84' lang='grc' dir='ltr'>ὄντα,</span> 
     </span>
     <span class='ocr_line' id='line_1_36' title="bbox 210 3651 1786 3740; baseline -0.003 -25"><span class='ocrx_word' id='word_1_542' title='bbox 210 3653 264 3732; x_wconf 88' lang='lat' dir='ltr'><strong>rit,</strong></span> <span class='ocrx_word' id='word_1_543' title='bbox 279 3654 349 3714; x_wconf 91' lang='lat' dir='ltr'><strong>inter</strong></span> <span class='ocrx_word' id='word_1_544' title='bbox 361 3655 514 3737; x_wconf 80' lang='lat' dir='ltr'><strong>praecipuos</strong></span> <span class='ocrx_word' id='word_1_545' title='bbox 526 3654 714 3714; x_wconf 89' lang='lat' dir='ltr'><strong>amicosillum</strong></span> <span class='ocrx_word' id='word_1_546' title='bbox 726 3668 815 3736; x_wconf 87' lang='lat' dir='ltr'><strong>postea</strong></span> <span class='ocrx_word' id='word_1_547' title='bbox 826 3654 956 3717; x_wconf 83' lang='lat' dir='ltr'><strong>habebis:</strong></span> <span class='ocrx_word' id='word_1_548' title='bbox 975 3672 994 3721; x_wconf 85' lang='lat' dir='ltr'>c</span> <span class='ocrx_word' id='word_1_549' title='bbox 1010 3659 1104 3740; x_wconf 63' lang='grc' dir='ltr'>ἐρθρδν</span> <span class='ocrx_word' id='word_1_550' title='bbox 1117 3664 1188 3740; x_wconf 72' lang='grc' dir='ltr'>ἡγῇ,</span> <span class='ocrx_word' id='word_1_551' title='bbox 1211 3659 1264 3720; x_wconf 84' lang='grc' dir='ltr'>Καὶ</span> <span class='ocrx_word' id='word_1_552' title='bbox 1279 3663 1335 3724; x_wconf 87' lang='grc' dir='ltr'>πῶς</span> <span class='ocrx_word' id='word_1_553' title='bbox 1348 3656 1380 3715; x_wconf 87' lang='grc' dir='ltr'>διν</span> <span class='ocrx_word' id='word_1_554' title='bbox 1400 3656 1495 3738; x_wconf 81' lang='grc' dir='ltr'>ἑτέρως</span> <span class='ocrx_word' id='word_1_555' title='bbox 1514 3655 1558 3714; x_wconf 80' lang='grc' dir='ltr'>τὸν</span> <span class='ocrx_word' id='word_1_556' title='bbox 1579 3653 1645 3733; x_wconf 89' lang='grc' dir='ltr'>πρδς</span> <span class='ocrx_word' id='word_1_557' title='bbox 1659 3651 1704 3711; x_wconf 82' lang='grc' dir='ltr'>τὸν</span> <span class='ocrx_word' id='word_1_558' title='bbox 1718 3654 1786 3733; x_wconf 80' lang='grc' dir='ltr'>Χρι-</span> 
     </span>
     <span class='ocr_line' id='line_1_37' title="bbox 131 3743 1785 3829; baseline -0.004 -21"><span class='ocrx_word' id='word_1_559' title='bbox 131 3782 133 3787; x_wconf 92' lang='grc'><strong><em>·</em></strong></span> <span class='ocrx_word' id='word_1_560' title='bbox 209 3747 291 3808; x_wconf 90' lang='lat' dir='ltr'><strong>illum</strong></span> <span class='ocrx_word' id='word_1_561' title='bbox 305 3768 382 3825; x_wconf 84' lang='lat' dir='ltr'><strong>vero,</strong></span> <span class='ocrx_word' id='word_1_562' title='bbox 399 3748 447 3829; x_wconf 91' lang='lat' dir='ltr'>qui</span> <span class='ocrx_word' id='word_1_563' title='bbox 462 3769 560 3828; x_wconf 85' lang='lat' dir='ltr'><strong>corpus</strong></span> <span class='ocrx_word' id='word_1_564' title='bbox 574 3746 688 3822; x_wconf 83' lang='lat' dir='ltr'><strong>Christi,</strong></span> <span class='ocrx_word' id='word_1_565' title='bbox 702 3747 783 3808; x_wconf 82' lang='lat' dir='ltr'><strong>idest</strong></span> <span class='ocrx_word' id='word_1_566' title='bbox 795 3746 954 3821; x_wconf 82' lang='lat' dir='ltr'><strong>Ecclesiam,</strong></span> <span class='ocrx_word' id='word_1_567' title='bbox 1011 3752 1072 3812; x_wconf 85' lang='grc' dir='ltr'>στὸν</span> <span class='ocrx_word' id='word_1_568' title='bbox 1093 3751 1217 3820; x_wconf 77' lang='grc' dir='ltr'>ἐπεδείξω</span> <span class='ocrx_word' id='word_1_569' title='bbox 1237 3750 1371 3829; x_wconf 69' lang='grc' dir='ltr'>πόλεμον,</span> <span class='ocrx_word' id='word_1_570' title='bbox 1395 3749 1447 3808; x_wconf 87' lang='grc' dir='ltr'>Διίι</span> <span class='ocrx_word' id='word_1_571' title='bbox 1461 3753 1538 3807; x_wconf 71' lang='grc' dir='ltr'>τοῦτο</span> <span class='ocrx_word' id='word_1_572' title='bbox 1558 3746 1608 3805; x_wconf 71' lang='grc' dir='ltr'>κᾶν</span> <span class='ocrx_word' id='word_1_573' title='bbox 1624 3743 1726 3823; x_wconf 85' lang='grc' dir='ltr'>σημεῖά</span> <span class='ocrx_word' id='word_1_574' title='bbox 1745 3769 1785 3811; x_wconf 86' lang='grc' dir='ltr'>τις</span> 
     </span>
     <span class='ocr_line' id='line_1_38' title="bbox 209 3836 1784 3925; baseline -0.006 -22"><span class='ocrx_word' id='word_1_575' title='bbox 209 3854 299 3919; x_wconf 72' lang='lat' dir='ltr'><strong>uruat,</strong></span> <span class='ocrx_word' id='word_1_576' title='bbox 313 3841 433 3902; x_wconf 85' lang='lat' dir='ltr'><strong>amicum</strong></span> <span class='ocrx_word' id='word_1_577' title='bbox 453 3841 515 3918; x_wconf 84' lang='lat' dir='ltr'><strong>tibi,</strong></span> <span class='ocrx_word' id='word_1_578' title='bbox 532 3840 674 3901; x_wconf 82' lang='lat' dir='ltr'><strong>inimicum</strong></span> <span class='ocrx_word' id='word_1_579' title='bbox 694 3840 756 3902; x_wconf 81' lang='lat' dir='ltr'><strong>ideo</strong></span> <span class='ocrx_word' id='word_1_580' title='bbox 775 3842 907 3922; x_wconf 79' lang='lat' dir='ltr'><strong>reputas?</strong></span> <span class='ocrx_word' id='word_1_581' title='bbox 921 3842 958 3902; x_wconf 86' lang='lat' dir='ltr'><strong>Et</strong></span> <span class='ocrx_word' id='word_1_582' title='bbox 1011 3849 1091 3925; x_wconf 78' lang='grc' dir='ltr'>ποιῇ,</span> <span class='ocrx_word' id='word_1_583' title='bbox 1113 3843 1163 3905; x_wconf 73' lang='grc' dir='ltr'>κᾶν</span> <span class='ocrx_word' id='word_1_584' title='bbox 1176 3843 1335 3924; x_wconf 86' lang='grc' dir='ltr'>παρθενίαν,</span> <span class='ocrx_word' id='word_1_585' title='bbox 1349 3841 1398 3900; x_wconf 77' lang='grc' dir='ltr'>κᾶν</span> <span class='ocrx_word' id='word_1_586' title='bbox 1415 3840 1556 3911; x_wconf 90' lang='grc' dir='ltr'>νηστείαν,</span> <span class='ocrx_word' id='word_1_587' title='bbox 1570 3838 1619 3896; x_wconf 84' lang='grc' dir='ltr'>κθν</span> <span class='ocrx_word' id='word_1_588' title='bbox 1634 3836 1784 3919; x_wconf 84' lang='grc' dir='ltr'>χαμευνίαν</span> 
     </span>
     <span class='ocr_line' id='line_1_39' title="bbox 208 3930 1783 4014; baseline -0.004 -20"><span class='ocrx_word' id='word_1_589' title='bbox 208 3934 346 4013; x_wconf 84' lang='lat' dir='ltr'><strong>quomodo</strong></span> <span class='ocrx_word' id='word_1_590' title='bbox 366 3931 455 4014; x_wconf 83' lang='lat' dir='ltr'><strong>possis</strong></span> <span class='ocrx_word' id='word_1_591' title='bbox 468 3930 568 3992; x_wconf 88' lang='lat' dir='ltr'><strong>clarius</strong></span> <span class='ocrx_word' id='word_1_592' title='bbox 589 3944 681 3992; x_wconf 77' lang='lat' dir='ltr'><strong>contre</strong></span> <span class='ocrx_word' id='word_1_593' title='bbox 696 3932 836 3992; x_wconf 85' lang='lat' dir='ltr'><strong>Christum</strong></span> <span class='ocrx_word' id='word_1_594' title='bbox 853 3932 956 3993; x_wconf 87' lang='lat' dir='ltr'><strong>bellum</strong></span> <span class='ocrx_word' id='word_1_595' title='bbox 1010 3936 1186 4011; x_wconf 81' lang='grc' dir='ltr'>ἐπιδείξηται,</span> <span class='ocrx_word' id='word_1_596' title='bbox 1209 3935 1255 3995; x_wconf 78' lang='grc' dir='ltr'>καί</span> <span class='ocrx_word' id='word_1_597' title='bbox 1272 3933 1337 4014; x_wconf 77' lang='grc' dir='ltr'>πρὸς</span> <span class='ocrx_word' id='word_1_598' title='bbox 1349 3932 1409 4000; x_wconf 78' lang='grc' dir='ltr'>τοὺς</span> <span class='ocrx_word' id='word_1_599' title='bbox 1424 3931 1550 4010; x_wconf 80' lang='grc' dir='ltr'>ἀγγέλους</span> <span class='ocrx_word' id='word_1_600' title='bbox 1563 3931 1607 3990; x_wconf 81' lang='grc' dir='ltr'>διδι</span> <span class='ocrx_word' id='word_1_601' title='bbox 1620 3930 1720 4001; x_wconf 80' lang='grc' dir='ltr'>ταύτης</span> <span class='ocrx_word' id='word_1_602' title='bbox 1736 3933 1783 4000; x_wconf 76' lang='grc' dir='ltr'>τῆς</span> 
     </span>
     <span class='ocr_line' id='line_1_40' title="bbox 209 4021 1782 4109; baseline -0.005 -24"><span class='ocrx_word' id='word_1_603' title='bbox 209 4023 366 4106; x_wconf 74' lang='lat' dir='ltr'><strong>suscipere?</strong></span> <span class='ocrx_word' id='word_1_604' title='bbox 389 4022 456 4082; x_wconf 87' lang='lat' dir='ltr'><strong>Ideo</strong></span> <span class='ocrx_word' id='word_1_605' title='bbox 477 4022 528 4082; x_wconf 89' lang='lat' dir='ltr'><strong>etsi</strong></span> <span class='ocrx_word' id='word_1_606' title='bbox 550 4022 613 4101; x_wconf 86' lang='lat' dir='ltr'><strong>quis</strong></span> <span class='ocrx_word' id='word_1_607' title='bbox 633 4022 764 4082; x_wconf 84' lang='lat' dir='ltr'><strong>miracula</strong></span> <span class='ocrx_word' id='word_1_608' title='bbox 790 4036 887 4104; x_wconf 83' lang='lat' dir='ltr'><strong>patret,</strong></span> <span class='ocrx_word' id='word_1_609' title='bbox 906 4024 957 4084; x_wconf 85' lang='lat' dir='ltr'><strong>etsi</strong></span> <span class='ocrx_word' id='word_1_610' title='bbox 1011 4031 1106 4109; x_wconf 76' lang='grc' dir='ltr'>ἀρετῆς</span> <span class='ocrx_word' id='word_1_611' title='bbox 1119 4027 1206 4109; x_wconf 80' lang='grc' dir='ltr'>φθάσῃ</span> <span class='ocrx_word' id='word_1_612' title='bbox 1216 4070 1224 4099; x_wconf 86' lang='grc'>,</span> <span class='ocrx_word' id='word_1_613' title='bbox 1236 4025 1341 4086; x_wconf 90' lang='grc' dir='ltr'>πάντων</span> <span class='ocrx_word' id='word_1_614' title='bbox 1353 4025 1427 4083; x_wconf 88' lang='grc' dir='ltr'>έσται</span> <span class='ocrx_word' id='word_1_615' title='bbox 1439 4023 1616 4103; x_wconf 86' lang='grc' dir='ltr'>ίναγέστερος,</span> <span class='ocrx_word' id='word_1_616' title='bbox 1626 4027 1704 4081; x_wconf 81' lang='grc' dir='ltr'>τοῦτο</span> <span class='ocrx_word' id='word_1_617' title='bbox 1714 4021 1782 4100; x_wconf 84' lang='grc' dir='ltr'>ἔχων</span> 
     </span>
     <span class='ocr_line' id='line_1_41' title="bbox 208 4112 1783 4198; baseline -0.004 -22"><span class='ocrx_word' id='word_1_618' title='bbox 208 4116 396 4198; x_wconf 69' lang='lat' dir='ltr'><strong>virginitatem</strong></span> <span class='ocrx_word' id='word_1_619' title='bbox 412 4129 444 4175; x_wconf 71' lang='lat' dir='ltr'>et</span> <span class='ocrx_word' id='word_1_620' title='bbox 464 4115 600 4197; x_wconf 87' lang='lat' dir='ltr'><strong>jejunium</strong></span> <span class='ocrx_word' id='word_1_621' title='bbox 618 4129 716 4191; x_wconf 78' lang='lat' dir='ltr'><strong>servet,</strong></span> <span class='ocrx_word' id='word_1_622' title='bbox 730 4114 807 4174; x_wconf 88' lang='lat' dir='ltr'><strong>humi</strong></span> <span class='ocrx_word' id='word_1_623' title='bbox 828 4115 958 4192; x_wconf 52' lang='lat' dir='ltr'><strong>cubetot</strong></span> <span class='ocrx_word' id='word_1_624' title='bbox 1009 4120 1041 4180; x_wconf 89' lang='grc' dir='ltr'>τδ</span> <span class='ocrx_word' id='word_1_625' title='bbox 1053 4119 1211 4198; x_wconf 85' lang='grc' dir='ltr'>ἐλάττωμα,</span> <span class='ocrx_word' id='word_1_626' title='bbox 1233 4119 1277 4176; x_wconf 84' lang='grc' dir='ltr'>καί</span> <span class='ocrx_word' id='word_1_627' title='bbox 1293 4122 1386 4196; x_wconf 80' lang='grc' dir='ltr'>μοιχοῦ</span> <span class='ocrx_word' id='word_1_628' title='bbox 1397 4114 1443 4174; x_wconf 81' lang='grc' dir='ltr'>καί</span> <span class='ocrx_word' id='word_1_629' title='bbox 1456 4113 1552 4196; x_wconf 80' lang='grc' dir='ltr'>πόρνου</span> <span class='ocrx_word' id='word_1_630' title='bbox 1569 4114 1615 4173; x_wconf 84' lang='grc' dir='ltr'>καί</span> <span class='ocrx_word' id='word_1_631' title='bbox 1627 4114 1729 4193; x_wconf 77' lang='grc' dir='ltr'>λῃστοῦ</span> <span class='ocrx_word' id='word_1_632' title='bbox 1738 4112 1783 4170; x_wconf 87' lang='grc' dir='ltr'>καί</span> 
     </span>
     <span class='ocr_line' id='line_1_42' title="bbox 209 4204 1425 4293; baseline -0.003 -25"><span class='ocrx_word' id='word_1_633' title='bbox 209 4207 250 4269; x_wconf 84' lang='lat' dir='ltr'><strong>sic</strong></span> <span class='ocrx_word' id='word_1_634' title='bbox 264 4207 301 4268; x_wconf 93' lang='lat' dir='ltr'>ob</span> <span class='ocrx_word' id='word_1_635' title='bbox 321 4211 451 4268; x_wconf 71' lang='lat' dir='ltr'><strong>muntem</strong></span> <span class='ocrx_word' id='word_1_636' title='bbox 463 4204 499 4265; x_wconf 85' lang='lat' dir='ltr'>ad</span> <span class='ocrx_word' id='word_1_637' title='bbox 513 4206 623 4285; x_wconf 78' lang='lat' dir='ltr'><strong>angelos</strong></span> <span class='ocrx_word' id='word_1_638' title='bbox 647 4225 733 4282; x_wconf 86' lang='lat' dir='ltr'><strong>usque</strong></span> <span class='ocrx_word' id='word_1_639' title='bbox 755 4205 907 4286; x_wconf 72' lang='lat' dir='ltr'><strong>perveniat,</strong></span> <span class='ocrx_word' id='word_1_640' title='bbox 933 4208 957 4267; x_wconf 85' lang='lat' dir='ltr'><strong>si</strong></span> <span class='ocrx_word' id='word_1_641' title='bbox 1009 4212 1186 4293; x_wconf 78' lang='grc' dir='ltr'>τυμάωρθχου</span> <span class='ocrx_word' id='word_1_642' title='bbox 1197 4208 1425 4291; x_wconf 85' lang='grc' dir='ltr'>παρανομώτερυς.</span> 
     </span>
     <span class='ocr_line' id='line_1_43' title="bbox 208 4296 957 4375; baseline -0.001 -15"><span class='ocrx_word' id='word_1_643' title='bbox 208 4300 262 4360; x_wconf 86' lang='lat' dir='ltr'>hoc</span> <span class='ocrx_word' id='word_1_644' title='bbox 288 4300 356 4363; x_wconf 83' lang='lat' dir='ltr'><strong>vitio</strong></span> <span class='ocrx_word' id='word_1_645' title='bbox 369 4299 483 4372; x_wconf 78' lang='lat' dir='ltr'><strong>laboret,</strong></span> <span class='ocrx_word' id='word_1_646' title='bbox 503 4297 627 4357; x_wconf 90' lang='lat' dir='ltr'><strong>omnium</strong></span> <span class='ocrx_word' id='word_1_647' title='bbox 650 4296 957 4375; x_wconf 73' lang='lat' dir='ltr'><strong>scelestissimuserit,ct</strong></span> 
     </span>
     <span class='ocr_line' id='line_1_44' title="bbox 208 4389 956 4471; baseline -0.003 -16"><span class='ocrx_word' id='word_1_648' title='bbox 208 4393 324 4470; x_wconf 75' lang='lat' dir='ltr'><strong>moerho,</strong></span> <span class='ocrx_word' id='word_1_649' title='bbox 342 4391 510 4466; x_wconf 74' lang='lat' dir='ltr'><strong>fornicatore,</strong></span> <span class='ocrx_word' id='word_1_650' title='bbox 533 4391 604 4470; x_wconf 84' lang='lat' dir='ltr'><strong>iure,</strong></span> <span class='ocrx_word' id='word_1_651' title='bbox 623 4389 809 4471; x_wconf 85' lang='lat' dir='ltr'><strong>sepulcrorum</strong></span> <span class='ocrx_word' id='word_1_652' title='bbox 831 4390 956 4453; x_wconf 70' lang='lat' dir='ltr'><strong>effusore</strong></span> 
     </span>
     <span class='ocr_line' id='line_1_45' title="bbox 210 4505 296 4568; baseline 0 -22"><span class='ocrx_word' id='word_1_653' title='bbox 210 4505 296 4568; x_wconf 73' lang='lat' dir='ltr'><strong>pejor.</strong></span> 
     </span>
    </p>

    <p class='ocr_par' dir='ltr' id='par_1_11' title="bbox 206 4574 1783 4752">
     <span class='ocr_line' id='line_1_46' title="bbox 247 4574 1783 4660; baseline -0.003 -22"><span class='ocrx_word' id='word_1_654' title='bbox 247 4580 279 4639; x_wconf 89' lang='grc'>6.</span> <span class='ocrx_word' id='word_1_655' title='bbox 302 4575 339 4636; x_wconf 77' lang='lat' dir='ltr'><strong>Et</strong></span> <span class='ocrx_word' id='word_1_656' title='bbox 352 4596 386 4636; x_wconf 80' lang='lat' dir='ltr'>ne</span> <span class='ocrx_word' id='word_1_657' title='bbox 398 4575 461 4656; x_wconf 89' lang='lat' dir='ltr'><strong>quis</strong></span> <span class='ocrx_word' id='word_1_658' title='bbox 470 4597 513 4636; x_wconf 90' lang='lat' dir='ltr'><strong>me</strong></span> <span class='ocrx_word' id='word_1_659' title='bbox 523 4574 645 4652; x_wconf 82' lang='lat' dir='ltr'><strong>damnet,</strong></span> <span class='ocrx_word' id='word_1_660' title='bbox 660 4574 734 4654; x_wconf 88' lang='lat' dir='ltr'><strong>quod</strong></span> <span class='ocrx_word' id='word_1_661' title='bbox 744 4595 801 4635; x_wconf 84' lang='lat' dir='ltr'>rem</span> <span class='ocrx_word' id='word_1_662' title='bbox 814 4575 884 4635; x_wconf 86' lang='lat' dir='ltr'><strong>ultra</strong></span> <span class='ocrx_word' id='word_1_663' title='bbox 897 4599 955 4638; x_wconf 89' lang='lat' dir='ltr'>mo·</span> <span class='ocrx_word' id='word_1_664' title='bbox 1048 4578 1101 4639; x_wconf 81' lang='grc' dir='ltr'>Καί</span> <span class='ocrx_word' id='word_1_665' title='bbox 1125 4578 1168 4639; x_wconf 83' lang='grc' dir='ltr'>ἰ’να</span> <span class='ocrx_word' id='word_1_666' title='bbox 1194 4579 1231 4656; x_wconf 83' lang='grc' dir='ltr'>μή</span> <span class='ocrx_word' id='word_1_667' title='bbox 1252 4603 1292 4646; x_wconf 91' lang='grc' dir='ltr'>τις</span> <span class='ocrx_word' id='word_1_668' title='bbox 1311 4576 1461 4660; x_wconf 77' lang='grc' dir='ltr'>θπερόολὴν</span> <span class='ocrx_word' id='word_1_669' title='bbox 1483 4579 1609 4657; x_wconf 75' lang='grc' dir='ltr'>καταγνῷ</span> <span class='ocrx_word' id='word_1_670' title='bbox 1627 4583 1674 4636; x_wconf 79' lang='grc' dir='ltr'>τοῦ</span> <span class='ocrx_word' id='word_1_671' title='bbox 1692 4574 1783 4654; x_wconf 88' lang='grc' dir='ltr'>λόγου,</span> 
     </span>
     <span class='ocr_line' id='line_1_47' title="bbox 206 4665 1782 4752; baseline -0.004 -21"><span class='ocrx_word' id='word_1_672' title='bbox 206 4670 274 4732; x_wconf 87' lang='lat' dir='ltr'>dom</span> <span class='ocrx_word' id='word_1_673' title='bbox 288 4668 394 4744; x_wconf 85' lang='lat' dir='ltr'><strong>tollam,</strong></span> <span class='ocrx_word' id='word_1_674' title='bbox 408 4665 480 4727; x_wconf 91' lang='lat' dir='ltr'><strong>illud</strong></span> <span class='ocrx_word' id='word_1_675' title='bbox 490 4668 580 4727; x_wconf 87' lang='lat' dir='ltr'><strong>libens</strong></span> <span class='ocrx_word' id='word_1_676' title='bbox 598 4686 648 4726; x_wconf 86' lang='lat' dir='ltr'>vos</span> <span class='ocrx_word' id='word_1_677' title='bbox 667 4667 890 4747; x_wconf 79' lang='lat' dir='ltr'><strong>interrogaverim</strong></span> <span class='ocrx_word' id='word_1_678' title='bbox 904 4670 953 4731; x_wconf 86' lang='lat' dir='ltr'><strong>:Si</strong></span> <span class='ocrx_word' id='word_1_679' title='bbox 1008 4674 1091 4731; x_wconf 82' lang='grc' dir='ltr'>ἐκεῖνο</span> <span class='ocrx_word' id='word_1_680' title='bbox 1108 4668 1139 4729; x_wconf 80' lang='grc' dir='ltr'>δν</span> <span class='ocrx_word' id='word_1_681' title='bbox 1161 4669 1245 4742; x_wconf 82' lang='grc' dir='ltr'>ἡδέως</span> <span class='ocrx_word' id='word_1_682' title='bbox 1259 4668 1368 4752; x_wconf 79' lang='grc' dir='ltr'>ἐροίμην</span> <span class='ocrx_word' id='word_1_683' title='bbox 1391 4675 1468 4748; x_wconf 78' lang='grc' dir='ltr'>ὑμᾶς·</span> <span class='ocrx_word' id='word_1_684' title='bbox 1491 4671 1514 4728; x_wconf 85' lang='grc' dir='ltr'>εί</span> <span class='ocrx_word' id='word_1_685' title='bbox 1528 4676 1580 4748; x_wconf 81' lang='grc' dir='ltr'>πῦρ</span> <span class='ocrx_word' id='word_1_686' title='bbox 1594 4667 1641 4727; x_wconf 81' lang='grc' dir='ltr'>καί</span> <span class='ocrx_word' id='word_1_687' title='bbox 1657 4667 1782 4726; x_wconf 85' lang='grc' dir='ltr'>δίκελλάν</span> 
     </span>
    </p>
   </div>
   <div class='ocr_carea' id='block_1_11' title="bbox 85 4749 1783 4844">
    <p class='ocr_par' dir='ltr' id='par_1_12' title="bbox 85 4749 1783 4844">
     <span class='ocr_line' id='line_1_48' title="bbox 85 4749 1783 4844; baseline -0.005 -21"><span class='ocrx_word' id='word_1_688' title='bbox 85 4796 91 4806; x_wconf 87' lang='grc'><em>·</em></span> <span class='ocrx_word' id='word_1_689' title='bbox 207 4762 270 4844; x_wconf 89' lang='lat' dir='ltr'><strong>quis</strong></span> <span class='ocrx_word' id='word_1_690' title='bbox 282 4761 373 4844; x_wconf 73' lang='lat' dir='ltr'><strong>ignem</strong></span> <span class='ocrx_word' id='word_1_691' title='bbox 387 4768 413 4820; x_wconf 84' lang='lat' dir='ltr'><strong>el</strong></span> <span class='ocrx_word' id='word_1_692' title='bbox 426 4758 547 4840; x_wconf 77' lang='lat' dir='ltr'><strong>ligonem</strong></span> <span class='ocrx_word' id='word_1_693' title='bbox 560 4772 663 4833; x_wconf 81' lang='lat' dir='ltr'><strong>tenens,</strong></span> <span class='ocrx_word' id='word_1_694' title='bbox 677 4758 845 4821; x_wconf 80' lang='lat' dir='ltr'><strong>hancaedem</strong></span> <span class='ocrx_word' id='word_1_695' title='bbox 859 4761 954 4821; x_wconf 81' lang='lat' dir='ltr'><strong>lucen·</strong></span> <span class='ocrx_word' id='word_1_696' title='bbox 1006 4788 1047 4831; x_wconf 88' lang='grc' dir='ltr'>τις</span> <span class='ocrx_word' id='word_1_697' title='bbox 1068 4760 1168 4834; x_wconf 72' lang='grc' dir='ltr'>λαθὼν,</span> <span class='ocrx_word' id='word_1_698' title='bbox 1186 4769 1277 4822; x_wconf 84' lang='grc' dir='ltr'>τοῦτον</span> <span class='ocrx_word' id='word_1_699' title='bbox 1299 4762 1409 4842; x_wconf 74' lang='grc' dir='ltr'>καθῄρει</span> <span class='ocrx_word' id='word_1_700' title='bbox 1423 4761 1468 4820; x_wconf 83' lang='grc' dir='ltr'>καί</span> <span class='ocrx_word' id='word_1_701' title='bbox 1483 4760 1632 4840; x_wconf 76' lang='grc' dir='ltr'>ἐνεπίμπρα</span> <span class='ocrx_word' id='word_1_702' title='bbox 1647 4759 1692 4818; x_wconf 85' lang='grc' dir='ltr'>τδν</span> <span class='ocrx_word' id='word_1_703' title='bbox 1710 4749 1783 4816; x_wconf 71' lang='grc' dir='ltr'>οἷκον</span> 
     </span>
    </p>
   </div>
   <div class='ocr_carea' id='block_1_12' title="bbox 204 4850 1783 5028">
    <p class='ocr_par' dir='ltr' id='par_1_13' title="bbox 204 4850 1783 5028">
     <span class='ocr_line' id='line_1_49' title="bbox 206 4850 1783 4935; baseline -0.007 -18"><span class='ocrx_word' id='word_1_704' title='bbox 206 4855 281 4917; x_wconf 70' lang='lat' dir='ltr'><strong>dunt</strong></span> <span class='ocrx_word' id='word_1_705' title='bbox 295 4874 423 4933; x_wconf 82' lang='lat' dir='ltr'><strong>aramque</strong></span> <span class='ocrx_word' id='word_1_706' title='bbox 440 4851 595 4927; x_wconf 82' lang='lat' dir='ltr'><strong>suffoderet,</strong></span> <span class='ocrx_word' id='word_1_707' title='bbox 608 4873 696 4912; x_wconf 84' lang='lat' dir='ltr'><strong>annon</strong></span> <span class='ocrx_word' id='word_1_708' title='bbox 720 4867 749 4912; x_wconf 88' lang='lat' dir='ltr'>ut</span> <span class='ocrx_word' id='word_1_709' title='bbox 769 4855 915 4935; x_wconf 80' lang='lat' dir='ltr'><strong>sacrilegus</strong></span> <span class='ocrx_word' id='word_1_710' title='bbox 929 4870 955 4916; x_wconf 87' lang='lat' dir='ltr'><strong>ct</strong></span> <span class='ocrx_word' id='word_1_711' title='bbox 969 4872 989 4919; x_wconf 84' lang='lat' dir='ltr'><strong>o</strong></span> <span class='ocrx_word' id='word_1_712' title='bbox 1006 4854 1051 4914; x_wconf 78' lang='grc' dir='ltr'>καί</span> <span class='ocrx_word' id='word_1_713' title='bbox 1068 4853 1142 4912; x_wconf 79' lang='grc' dir='ltr'>τουτί</span> <span class='ocrx_word' id='word_1_714' title='bbox 1155 4852 1323 4912; x_wconf 87' lang='grc' dir='ltr'>κατέσκαπτε</span> <span class='ocrx_word' id='word_1_715' title='bbox 1336 4853 1366 4912; x_wconf 87' lang='grc' dir='ltr'>τὸ</span> <span class='ocrx_word' id='word_1_716' title='bbox 1380 4851 1574 4932; x_wconf 70' lang='grc' dir='ltr'>θυσιαστήριον,</span> <span class='ocrx_word' id='word_1_717' title='bbox 1587 4855 1632 4910; x_wconf 78' lang='grc' dir='ltr'>οὐκ</span> <span class='ocrx_word' id='word_1_718' title='bbox 1647 4850 1677 4907; x_wconf 82' lang='grc' dir='ltr'>διν</span> <span class='ocrx_word' id='word_1_719' title='bbox 1698 4850 1783 4915; x_wconf 81' lang='grc' dir='ltr'>λίθοις</span> 
     </span>
     <span class='ocr_line' id='line_1_50' title="bbox 204 4938 1781 5028; baseline -0.01 -17"><span class='ocrx_word' id='word_1_720' title='bbox 204 4945 331 5011; x_wconf 61' lang='lat' dir='ltr'><strong>sedatus</strong></span> <span class='ocrx_word' id='word_1_721' title='bbox 341 4944 479 5028; x_wconf 82' lang='lat' dir='ltr'><strong>lapidibus</strong></span> <span class='ocrx_word' id='word_1_722' title='bbox 492 4943 671 5004; x_wconf 80' lang='lat' dir='ltr'><strong>obrueretur?</strong></span> <span class='ocrx_word' id='word_1_723' title='bbox 682 4944 758 5018; x_wconf 91' lang='lat' dir='ltr'><strong>Quid</strong></span> <span class='ocrx_word' id='word_1_724' title='bbox 769 4966 843 5025; x_wconf 86' lang='lat' dir='ltr'><strong>vero,</strong></span> <span class='ocrx_word' id='word_1_725' title='bbox 857 4947 880 5007; x_wconf 87' lang='lat' dir='ltr'><strong>si</strong></span> <span class='ocrx_word' id='word_1_726' title='bbox 892 4948 952 5026; x_wconf 89' lang='lat' dir='ltr'><strong>quis</strong></span> <span class='ocrx_word' id='word_1_727' title='bbox 1005 4948 1116 5012; x_wconf 71' lang='grc' dir='ltr'>ἔκαστος</span> <span class='ocrx_word' id='word_1_728' title='bbox 1136 4944 1214 5004; x_wconf 87' lang='grc' dir='ltr'>αθτδν</span> <span class='ocrx_word' id='word_1_729' title='bbox 1238 4944 1333 5004; x_wconf 79' lang='grc' dir='ltr'>ἐόαλλε</span> <span class='ocrx_word' id='word_1_730' title='bbox 1349 4947 1401 5002; x_wconf 83' lang='grc' dir='ltr'>τῶν</span> <span class='ocrx_word' id='word_1_731' title='bbox 1421 4943 1559 5024; x_wconf 83' lang='grc' dir='ltr'>παρόντοιν</span> <span class='ocrx_word' id='word_1_732' title='bbox 1581 4946 1616 5009; x_wconf 81' lang='grc' dir='ltr'>ὡς</span> <span class='ocrx_word' id='word_1_733' title='bbox 1632 4944 1715 5019; x_wconf 80' lang='grc' dir='ltr'>ἐναγῆ</span> <span class='ocrx_word' id='word_1_734' title='bbox 1733 4938 1781 4998; x_wconf 89' lang='grc' dir='ltr'>καί</span> 
     </span>
    </p>
   </div>
   <div class='ocr_carea' id='block_1_13' title="bbox 237 5137 1463 5209">
    <p class='ocr_par' dir='ltr' id='par_1_14' title="bbox 237 5137 1463 5209">
     <span class='ocr_line' id='line_1_51' title="bbox 237 5137 1463 5209; baseline -0.007 -14"><span class='ocrx_word' id='word_1_735' title='bbox 237 5163 249 5188; x_wconf 74' lang='grc' dir='ltr'>ι</span> <span class='ocrx_word' id='word_1_736' title='bbox 265 5143 351 5195; x_wconf 70' lang='lat' dir='ltr'><strong>uteret.</strong></span> <span class='ocrx_word' id='word_1_737' title='bbox 365 5152 387 5198; x_wconf 85' lang='grc' dir='ltr'>τί</span> <span class='ocrx_word' id='word_1_738' title='bbox 398 5152 444 5197; x_wconf 78' lang='grc' dir='ltr'>τίνοι</span> <span class='ocrx_word' id='word_1_739' title='bbox 456 5150 493 5197; x_wconf 79' lang='grc' dir='ltr'>καί</span> <span class='ocrx_word' id='word_1_740' title='bbox 504 5152 567 5197; x_wconf 81' lang='grc' dir='ltr'>κάτω</span> <span class='ocrx_word' id='word_1_741' title='bbox 578 5154 659 5208; x_wconf 70' lang='grc' dir='ltr'>ποιεῖς,</span> <span class='ocrx_word' id='word_1_742' title='bbox 672 5140 747 5196; x_wconf 80' lang='lat' dir='ltr'><strong>male.</strong></span> <span class='ocrx_word' id='word_1_743' title='bbox 1049 5143 1062 5172; x_wconf 57' lang='lat' dir='ltr'><strong>l</strong></span> <span class='ocrx_word' id='word_1_744' title='bbox 1080 5143 1089 5207; x_wconf 96' lang='lat'>[</span> <span class='ocrx_word' id='word_1_745' title='bbox 1102 5146 1216 5209; x_wconf 70' lang='grc' dir='ltr'>εδδθκιμος</span> <span class='ocrx_word' id='word_1_746' title='bbox 1225 5142 1253 5192; x_wconf 76' lang='lat' dir='ltr'>A.</span> <span class='ocrx_word' id='word_1_747' title='bbox 1264 5146 1354 5207; x_wconf 77' lang='grc' dir='ltr'>δόκιμος</span> <span class='ocrx_word' id='word_1_748' title='bbox 1364 5137 1442 5189; x_wconf 83' lang='lat' dir='ltr'><strong>Editi.</strong></span> <span class='ocrx_word' id='word_1_749' title='bbox 1453 5139 1463 5203; x_wconf 91' lang='lat'>]</span> 
     </span>
    </p>
   </div>
   <div class='ocr_carea' id='block_1_14' title="bbox 0 0 1868 5978">
    <p class='ocr_par' dir='ltr' id='par_1_15' title="bbox 0 0 1868 5978">
     <span class='ocr_line' id='line_1_52' title="bbox 0 0 1868 5978; baseline 0 5"><span class='ocrx_word' id='word_1_750' title='bbox 0 0 1868 5978; x_wconf 95' lang='lat' dir='ltr'> </span> 
     </span>
    </p>
   </div>
  </div>
 </body>
</html>
