3728 5978
102 435 145 522 ιή
438 456 468 502 s.
494 457 632 505 roauurs
656 456 839 507 euersosr.
868 460 1022 509 innume.
1049 462 1313 512 cousrmmuor,

95 578 151 636 tius
169 577 299 657 eligeres,
316 577 435 637 otiumne
453 578 522 638 illud
537 579 634 639 timore
653 580 765 661 plenum
778 627 787 659 ,
801 603 836 641 an
890 584 987 656 ἄδηλον
998 591 1044 644 τοῦ
1059 586 1200 664 μέλλοντος
1211 587 1331 666 καθάπερ
1345 578 1415 656 οἶκός
1429 590 1469 658 τίς
1481 593 1538 650 ἔστι
1553 590 1664 671 σαθρὸς,

95 673 215 733 laborem
240 694 287 754 spe
308 673 432 732 fultum?
457 674 498 733 lta
518 688 544 734 et
565 696 637 734 nunc
657 675 745 735 facito.
766 678 837 736 Nam
891 676 932 735 ἀεὶ
943 681 1044 736 πτῶσιν
1055 681 1180 736 ἀπειλῶν·
1192 683 1209 750 ἡ
1223 677 1252 737 dl
1262 678 1372 760 ἐργασία
1382 679 1488 756 edm
1501 680 1579 742 πόνον
1591 683 1667 762 ἔχου-

95 768 227 828 incertum
240 765 309 826 illud
320 769 459 846 futurum,
474 783 515 828 est
526 769 602 847 quasi
619 768 759 830 demusin
777 772 837 830 rui-
891 790 941 843 σα,
956 769 986 829 ιδ
1000 769 1115 851 ἀσφαλὲς
1128 773 1263 849 ἐγγυᾶται.

94 879 157 918 nam
171 879 282 938 vergens
291 883 300 935 3
323 859 370 917 illa
390 880 454 920 vero
468 860 602 941 operatio,
623 861 671 920 etsi
685 861 836 938 laboriosa,

94 951 262 1012 securitatem
280 950 404 1033 spondet.

134 1047 162 1103 7.
184 1046 260 1104 Absit
273 1064 338 1123 ergo
350 1059 381 1103 ut
394 1044 533 1105 intentam
545 1045 839 1106 necessitatemineida·
933 1046 980 1120 Μὴ
1002 1048 1103 1129 γίνοιτο
1118 1047 1166 1127 μὲν
1187 1041 1231 1109 οὖν
1249 1054 1322 1128 ἡμᾶς
1346 1052 1469 1127 ἐμπεσεῖν
1488 1053 1526 1118 εἰς
1549 1052 1667 1129 ἀνάγκην

94 1156 174 1213 mus,
198 1150 227 1195 ut
250 1150 311 1216 post
332 1136 472 1195 lavacrum
496 1157 646 1217 peccemus.
675 1141 799 1198 Attamen
814 1138 838 1197 si
892 1142 1036 1215 τοσαύτην,
1047 1141 1115 1201 ὥστε
1127 1142 1289 1221 ἁμαρτάνειν
1302 1141 1370 1222 μετὰ
1379 1141 1410 1201 τὸ
1420 1142 1545 1224 λουτρόν·
1559 1141 1630 1215 πλὴν
1646 1145 1667 1202 el

95 1227 162 1307 quid
175 1228 263 1287 simile
277 1227 400 1303 accidat,
416 1250 449 1287 ne
465 1228 504 1289 sic
519 1229 632 1308 quidem
654 1229 835 1311 desperemus.
894 1233 939 1294 καί
951 1233 1052 1313 γένοιτό
1064 1258 1090 1293 τι
1104 1241 1228 1307 τοιοῦτον,
1243 1232 1310 1311 μηδὲ
1330 1232 1412 1300 οίίτως
1427 1237 1594 1314 άπογνῶμεν.
1611 1236 1666 1295 Φι-

95 1321 216 1380 Clemens
241 1321 313 1380 enim
336 1334 376 1380 est
400 1321 556 1400 Dominus,
585 1322 736 1401 multasque
762 1322 839 1382 nobis
893 1328 1048 1406 λάνθρωπόι
1069 1331 1139 1388 ἐστιν
1160 1331 1174 1385 θ
1193 1326 1275 1401 Θεδς,
1296 1327 1341 1386 καὶ
1361 1327 1461 1394 πολλὰς
1476 1332 1541 1405 ἡμῖν
1556 1327 1667 1388 δέδωκεν

93 1411 169 1472 dedit
188 1412 352 1472 remissionis
369 1426 460 1492 postea
473 1412 647 1494 impetrandae
665 1414 732 1473 vias.
752 1414 839 1473 Caete-
894 1420 967 1489 θδοὺς
982 1420 1098 1502 ἀφέσεως
1110 1420 1156 1480 καὶ
1171 1418 1238 1499 μετὰ
1252 1425 1346 1478 ταῦτα.
1363 1418 1440 1491 Πλὴν
1455 1419 1547 1502 ὥσπερ
1560 1425 1585 1479 οἱ
1602 1420 1667 1497 μετὰ

94 1526 156 1564 rum
174 1504 244 1564 sicut
256 1504 289 1579 ii,
302 1504 348 1582 qui
361 1518 422 1584 post
436 1505 575 1564 lavacrum
589 1519 714 1586 peccant,
729 1505 839 1585 gravius
894 1514 924 1574 σὺ
942 1514 1050 1595 λαισρὸν
1071 1511 1281 1595 ἁμαρτάνοντες,
1304 1515 1357 1571 τῶν
1378 1511 1585 1591 κατηχουμίνων
1599 1513 1667 1573 κατὰ

94 1597 265 1681 puniuntur,
288 1619 370 1677 quam
398 1597 600 1657 catechumeni:
625 1598 665 1657 sie
678 1597 726 1677 qui
751 1598 839 1657 sciunt
857 1617 875 1665 n
893 1612 971 1667 ταῦτα
984 1608 1083 1685 μᾶλλον
1097 1605 1265 1678 ααλάζονσαι,
1275 1602 1357 1672 οὕτως
1371 1607 1396 1664 οἱ
1409 1603 1518 1677 εἰδότες,
1532 1602 1574 1662 δτι
1589 1627 1668 1682 μεσα-

95 1688 258 1772 poenitentiae
272 1711 328 1749 esse
342 1688 472 1764 remedia,
484 1710 533 1748 nec
545 1689 580 1748 iis
593 1689 633 1748 nti
653 1689 762 1764 volunt,
776 1711 839 1771 gra·
894 1699 966 1768 ναθας
980 1698 1036 1759 ἐστὶ
1051 1699 1193 1779 φάρμακα,
1213 1696 1259 1756 καὶ
1277 1695 1314 1774 μὴ
1332 1696 1448 1762 θέλοντες
1460 1697 1549 1762 αὐτοῖς
1564 1700 1667 1778 κερρῆ-

95 1783 172 1843 viora
185 1783 331 1864 patientur.
351 1782 458 1852 Quanto
471 1781 543 1841 enim
563 1783 649 1862 major
665 1796 705 1841 est
719 1782 769 1841 Dei
783 1783 839 1842 cle-
894 1797 971 1864 σθαι,
984 1790 1159 1872 χαλεπώτερα
1179 1789 1381 1860 θποστήσονται.
1398 1786 1477 1866 Ὀσῳ
1492 1786 1543 1867 γὰρ
1560 1786 1592 1845 ἂν
1607 1791 1669 1846 ἐπι-

95 1875 213 1952 mentia,
228 1888 301 1933 tanto
315 1874 401 1953 magis
422 1871 587 1954 supplicium
604 1886 732 1952 augetur,
748 1875 770 1932 si
785 1895 838 1934 non
894 1884 1011 1960 νσίνησαι
1028 1891 1046 1959 ἡ
1061 1882 1243 1965 φιλανθρωπία
1258 1889 1304 1942 τοῦ
1317 1885 1402 1952 Θεοῦ,
1414 1879 1531 1962 τοσούτῳ
1541 1880 1613 1951 καὶὴ
1625 1878 1669 1938 κά·

96 1964 144 2024 illa
171 1979 200 2024 ut
227 1979 331 2047 oportet
354 1978 472 2023 utamur.
497 1963 572 2038 Quid
592 1963 674 2040 dicis,
695 1985 712 2023 o
731 1964 837 2024 homo?
894 1980 969 2046 λασις
984 1976 1089 2046 αὔξεται
1097 1950 1317 2055 μᾶλλον,ἐθν’μὴ
1329 1977 1364 2041 εἰς
1375 1972 1670 2054 δίυντῇφιλανθρωπίρ

96 2058 193 2119 Tantis
212 2058 308 2139 plenus
330 2059 408 2117 malis
429 2077 461 2115 ac
485 2055 657 2137 deploratus,
672 2056 775 2116 amicus
797 2078 837 2116 re-
894 2068 1067 2153 χρησώμεθα,
1085 2067 1122 2127 Τί
1135 2067 1235 2147 λέγειν,
1247 2066 1387 2148 ἄνθρωπε,
1403 2065 1508 2133 Μισσθς
1522 2065 1559 2124 ὢν
1580 2068 1669 2123 κακῶν

96 2163 174 2232 pente
191 2152 278 2209 sactus
298 2171 338 2225 es,
364 2162 390 2208 et
410 2148 447 2208 ad
463 2148 569 2207 culmen
585 2148 693 2210 honoris
715 2163 838 2226 evectus,
893 2163 1035 2235 ωνωςνων,
1051 2162 1097 2221 νων
1121 2157 1336 2241 ἀασρνωσμένσς,
1354 2158 1446 2240 ἀθρόαν
1470 2157 1559 2237 ἕρέναν
1578 2157 1668 2238 φίλας,

95 2262 149 2301 non
169 2264 205 2302 ex
219 2241 336 2324 propriis
358 2240 516 2317 laboribus,
530 2238 576 2299 sed
590 2260 625 2298 ex
644 2239 715 2299 dono
729 2239 793 2316 Dei,
813 2255 839 2300 et
895 2257 940 2315 ,ων
954 2256 1019 2335 πρὸς
1036 2254 1085 2326 τήν
1106 2252 1232 2312 ἀνωτάτω
1253 2251 1333 2330 σιμήν
1356 2250 1514 2330 domem,
1528 2254 1577 2310 οὖν
1592 2248 1619 2317 ἐξ
1629 2251 1669 2307 ω.

95 2355 189 2393 fflf⁸¹¹⁸
210 2334 244 2394 ld
266 2333 410 2414 Plistinam
434 2352 556 2392 'eversus
574 2353 602 2390 ⁶⁵
624 2331 838 2412 turpitudinem,
895 2347 972 2407 κείων
984 2347 1083 2419 πόνων,
1095 2345 1155 2404 ἀλλ’
1170 2347 1313 2414 {eeteros
1323 2344 1393 2403 Θεοῦ
1404 2341 1576 2424 δωρεᾶς,καὶ
1589 2341 1670 2400 πάλιν

95 2431 201 2515 etiamsi
220 2430 285 2489 binc
306 2428 424 2508 graviter
447 2427 610 2487 cruciandus
628 2427 664 2486 sis
685 2451 691 2482 :
712 2427 759 2487 ille
774 2448 839 2489 vero
895 2440 939 2501 ῥινὶ
961 2438 1010 2512 ‘lt
1023 2438 1153 2518 πμσσέμαν
1174 2439 1317 2507 ἐσανῆλθις
1335 2433 1534 2514 ἀσχημοσύνην,
1550 2433 1597 2492 καὶ
1612 2431 1670 2492 δίον

95 2543 182 2601 neque
206 2522 245 2582 sic
265 2542 376 2581 aversus
396 2533 455 2595 ost,
480 2519 528 2580 sed
548 2518 624 2579 mille
647 2519 742 2579 salutis
762 2541 839 2580 ansas
895 2535 1056 2605 κολασθῆναι
1079 2533 1247 2613 χαλεπῶς·ὁ
1269 2529 1296 2588 δὲ
1319 2527 1376 2587 οὐδὲ
1399 2526 1481 2595 οὕτως
1498 2526 1670 2610 ἀπεστράφη,

95 2613 189 2688 dedit,
206 2634 253 2694 per
267 2633 334 2691 quas
350 2611 452 2671 amicus
462 2612 597 2671 efficiaris.
609 2609 646 2669 Et
658 2610 717 2669 haee
729 2610 840 2690 quidem
857 2645 877 2692 ω
896 2627 954 2687 ἀλλ’
971 2625 1051 2686 ἔδων,
1066 2623 1161 2706 μωρίας
1173 2622 1294 2704 ἀφορμὰς
1308 2619 1439 2700 σωτηρίας
1447 2665 1455 2694 ,
1468 2618 1502 2679 δι’
1513 2611 1551 2679 ὧν
1565 2620 1612 2701 ιω,
1625 2621 1671 2700 μή.

94 2704 159 2764 saeit
172 2707 246 2764 Deus
255 2750 265 2783 ,
287 2719 315 2764 tu
338 2725 402 2767 vero
425 2725 458 2763 ne
474 2704 513 2764 sic
534 2703 645 2782 quidem
664 2703 707 2765 vis
720 2703 840 2765 laborem
895 2722 949 2787 μσς,
964 2718 1019 2778 Καὶ
1030 2722 1045 2777 ὁ
1058 2716 1105 2798 μὲν
1117 2716 1185 2783 θεὸς
1198 2722 1297 2786 σαῡσα,
1314 2713 1345 2774 σὺ
1361 2713 1388 2772 δὲ
1403 2713 1461 2772 οὐδὲ
1475 2711 1558 2781 οὕτως
1576 2713 1672 2782 ἐθέλεις

95 2797 237 2879 suscipere.
265 2797 301 2856 Et
323 2818 376 2875 qna
401 2796 509 2856 tandem
535 2796 614 2859 venia
639 2795 739 2877 dignus
762 2796 839 2857 eris?
895 2820 993 2872 νωννῑνΙ
1008 2811 1062 2872 Καὶ
1079 2810 1155 2876 νωισς
1169 2807 1237 2877 ἄξιαι
1256 2806 1303 2887 ἔσῃ
1318 2804 1476 2885 συγγνώμης
1493 2805 1601 2880 λοιπήν,
1615 2811 1672 2875 πῶς

96 2889 231 2967 quomodo
241 2911 293 2948 non
305 2903 331 2947 te
334 2889 397 2969 jure
406 2888 518 2968 gentiles
528 2887 677 2963 derideant,
687 2909 735 2948 ceu
747 2889 840 2948 lucum
896 2904 925 2966 δὲ
936 2909 984 2966 op,
1000 2904 1106 2973 εἰκότως
1117 2899 1250 2973 Ἔλληνές
1263 2924 1293 2960 σν
1306 2899 1478 2980 μνήσωνται,
1490 2899 1612 2980 καθάπερ
1623 2923 1671 2972 νη.

97 2983 251 3062 quempiam
273 2996 371 3041 temere
390 2982 544 3059 frustraque
561 2982 716 3041 viventem?
729 2985 798 3041 Nam
818 2983 841 3042 si
895 2995 965 3076 ωῆνά
975 3019 1035 3054 ωννν
1045 2998 1130 3064 ζῶντα
1140 2995 1197 3071 αἰνῇ
1209 2991 1255 3050 ml
1269 2989 1371 3069 μάτην;
1387 2990 1421 3047 Et
1431 2986 1606 3070 φὰρδνννων-ή,
1616 3011 1670 3068 φη.

95 3072 179 3152 volet,
191 3070 328 3152 inquiunt,
340 3072 513 3154 philosophia
525 3085 629 3147 vestra,
639 3072 707 3150 quid
717 3073 769 3131 sibi
780 3074 842 3133 vult
895 3086 949 3159 σήν,
964 3093 981 3160 ἦ
996 3089 1060 3167 παρ’
1076 3087 1170 3162 'debu
1185 3081 1340 3164 ριλσσσρία,
1362 3079 1479 3152 δείξατο,
1497 3079 1524 3138 σί
1536 3068 1671 3158 Ιβούλεται

94 3165 142 3224 illa
162 3187 215 3226 non
237 3166 405 3225 initiatorum
425 3157 597 3224 multitudo?
618 3164 748 3224 Praeclara
771 3179 841 3226 certe
894 3183 947 3239 νων
961 3177 1086 3256 ἀμσήσσνν
1101 3178 1132 3236 σὺ
1143 3178 1255 3249 πλῆθος,
1278 3175 1355 3234 Καλὰ
1368 3173 1401 3233 σὰ
1413 3171 1546 3251 μυστήρια
1559 3171 1605 3231 καὶ
1618 3193 1670 3231 ισο-

94 3272 175 3338 atquc
188 3259 335 3339 expetenda
354 3258 483 3339 mysteria
498 3281 505 3316 :
522 3256 568 3317 sed
583 3258 674 3317 nullus
688 3272 839 3340 exspectet,
895 3266 980 3327 θεινά·
996 3267 1054 3326 ἀλλ’
1067 3264 1149 3332 οὐδεὶς
1167 3267 1342 3345 ψυχοββαγῶν
1357 3262 1465 3342 λουτρδν
1480 3259 1670 3340 ”tepescere

94 3365 125 3411 ut
145 3353 265 3411 animam
286 3371 367 3431 agens
386 3351 526 3410 lavacrum
546 3351 669 3432 accipiat.
690 3354 750 3412 Non
768 3354 840 3413 enim
894 3361 936 3418 Οθ
958 3359 1010 3441 γὰρ
1028 3362 1124 3424 ἐκεῖνος
1146 3360 1199 3416 τῶν
1218 3354 1393 3435 μυστηρίωνθ
1407 3354 1514 3435 καιρὸς,
1534 3353 1604 3414 tlte
1619 3359 1671 3413 τῶν

94 3446 285 3527 mysteriorum
297 3459 405 3526 tempus
412 3444 481 3504 illud
492 3458 540 3521 est,
550 3446 839 3506 sedtestamentorum:
895 3452 1043 3522 διαθηκῶν·
1059 3449 1210 3530 μυστηρίων
1224 3447 1252 3507 δὲ
1274 3447 1378 3526 καιρὸς,
1405 3445 1480 3524 ὑγεία
1492 3449 1603 3527 φρενῶν,
1624 3445 1671 3506 καὶ

93 3539 285 3620 mysteriorum
298 3552 388 3597 autem
401 3552 506 3617 tempus
521 3552 560 3596 est
578 3539 677 3599 sanitas
690 3540 838 3617 mentium,
895 3542 1048 3624 σωφροσύνη
1062 3545 1157 3621 ψυχῆς.
1170 3538 1238 3599 Εἰπὲ
1251 3539 1303 3620 γάρ
1315 3561 1376 3617 μοι,
1399 3540 1422 3596 εἰ
1440 3537 1565 3610 διαθήκας
1578 3541 1627 3597 οὐκ
1640 3538 1673 3598 ἄν

93 3645 120 3691 et
141 3632 237 3692 animae
250 3631 434 3711 temperantia.
456 3631 508 3688 Dic
521 3631 594 3690 enim
613 3631 681 3690 mibi
698 3656 705 3688 ι
721 3633 745 3691 si
758 3647 839 3692 testa·
858 3651 877 3698 n
894 3659 934 3702 τις
948 3634 1033 3694 [letto
1048 3632 1117 3692 οὕτω
1142 3631 1305 3708 διακείμενος
1323 3628 1438 3711 γράψαι·
1458 3628 1507 3687 κᾶν
1524 3629 1615 3711 γράψῃ
1629 3629 1672 3704 δὲ,

94 3737 182 3782 menta
200 3744 253 3782 non
270 3721 332 3782 vult
346 3721 407 3800 quis
420 3721 459 3779 sic
472 3722 584 3781 affectus
599 3721 692 3798 edere,
708 3723 756 3782 sed
775 3738 801 3782 et
816 3724 839 3783 si
895 3726 986 3785 δίδωσι
998 3735 1051 3792 τοῖς
1067 3724 1134 3803 μετὰ
1145 3728 1229 3782 ταῦτα
1240 3721 1325 3793 λαβήν
1336 3721 1401 3794 (διά
1412 3721 1464 3802 γάρ
1478 3743 1518 3780 τοι
1538 3722 1673 3783 τοῦτοκαὶ

93 3814 225 3893 ediderit,
241 3836 335 3874 ansam
348 3813 395 3873 dat
405 3826 496 3895 postea
504 3813 633 3894 litigandi
641 3839 651 3893 3
665 3815 779 3895 ideoque
792 3817 838 3895 qui
895 3818 1071 3898 προτάττουσι
1085 3816 1162 3874 ταυτὶ
1172 3815 1206 3874 τὰ
1222 3814 1329 3895 βήματα
1344 3813 1478 3892 λέγοντες·
1493 3812 1534 3872 δτι
1550 3816 1614 3888 ζῶν,
1627 3815 1673 3874 καὶ

94 3921 225 3968 testantur
244 3907 303 3967 haee
324 3905 429 3966 addunt
453 3905 536 3966 verba
563 3929 570 3963 ε
595 3905 657 3986 Ego
679 3909 788 3982 vivens,
813 3922 838 3967 et
894 3915 1006 3991 φρονῶν,
1024 3909 1069 3968 καί
1080 3908 1202 3987 ὑγιαίνων
1215 3905 1372 3978 ἐπισκήπτω
1386 3905 1508 3988 περὶτῶν
1521 3909 1673 3983 ἐμαυτοῦψ·

93 4015 182 4060 mente
196 4001 288 4062 valens
301 4021 361 4059 mea
374 3998 489 4080 dispono
504 4022 511 4055 τ
526 3999 662 4079 quomodo
679 4000 718 4077 is,
731 4000 778 4080 qui
796 4000 839 4060 sui
894 4008 952 4070 πῶς
968 4004 1000 4063 άν
1010 4027 1049 4070 τις
1068 3999 1212 4074 ἐξεστηκὼς
1236 3998 1357 4072 δυνηθείη
1381 3997 1448 4077 μετὰ
1470 3997 1605 4078 άκριάείας
1620 4023 1672 4076 μυ-

94 4113 202 4172 compos
225 4104 350 4167 nonest,
372 4091 608 4171 poteritaccur'ate
626 4093 763 4174 mysteriis
781 4094 838 4153 ini·
895 4101 1103 4176 σιαγωγεῖσθαις
1128 4097 1162 4155 Εἰ
1186 4091 1237 4175 γὰρ
1261 4092 1322 4173 περλ
1355 4095 1486 4170 βιωτικῶν
1506 4093 1673 4174 πραγμάτων

93 4183 178 4244 tiariP
195 4183 225 4243 Si
239 4183 310 4241 enim
332 4181 368 4241 de
384 4183 559 4242 saecularibus
572 4183 653 4242 rebus
674 4204 726 4243 non
748 4184 839 4246 sinunt
896 4189 1077 4270 βουλευομένῳ
1090 4191 1137 4248 οὐκ
1149 4186 1180 4246 διν
1195 4183 1363 4266 θπιτρίψοιεν
1377 4188 1401 4243 οἱ·
1411 4188 1463 4243 τῶν
1473 4181 1568 4251 ἔξωθιν
1581 4184 1672 4263 νόμοι,

94 4290 210 4337 extemm
223 4277 295 4358 leges
308 4276 401 4335 testari
411 4297 488 4352 enm,
501 4276 549 4355 qui
559 4276 670 4336 omnino
683 4291 772 4337 mente
785 4299 838 4338 nou
893 4287 931 4364 τῷ
946 4282 984 4361 μὴ
1001 4284 1102 4364 σφόδρα
1120 4280 1263 4362 ὑγιαίνοντι
1279 4278 1477 4348 διατάττεσθαι,
1489 4277 1633 4338 καὶταῦτα
1644 4282 1671 4338 ἐν

94 4368 200 4451 valeat,
218 4390 281 4427 eum
291 4381 380 4427 tamen
396 4367 431 4426 de
444 4368 500 4427 suis
523 4367 697 4428 saorltatibus
718 4371 840 4451 praeseri·
894 4383 949 4442 τοῑς
964 4379 1044 4434 αὐτοῦ
1067 4372 1191 4452 μέλλοντι
1210 4374 1358 4448 νομοθετεῖν
1370 4392 1377 4405 ·
1391 4373 1447 4437 πῶς
1461 4370 1523 4450 περὶ
1536 4370 1673 4448 βασιλείας

93 4476 190 4543 pturus
208 4461 264 4521 sit:
277 4459 413 4540 quomodo
436 4459 471 4519 de
491 4481 573 4541 regno
599 4462 729 4522 eoelorum
752 4462 840 4543 deque
894 4451 1010 4547 οὐρανῶν
1026 4464 1179 4545 μανθάνων,
1190 4462 1236 4523 καλ
1248 4468 1302 4523 τῶν
1313 4462 1470 4545 empetros
1484 4461 1591 4522 ἐκείνων
1606 4467 1672 4544 ἄνα-

93 4555 197 4616 arcanis
216 4554 271 4614 illis
283 4553 363 4614 bonis
377 4553 517 4613 institutus
537 4554 636 4634 poteris
659 4555 730 4615 clare
748 4558 838 4617 omnia
895 4565 958 4634 θῶν,
978 4557 1077 4638 δυνήσῃ
1095 4558 1184 4636 σαφῶς
1197 4555 1286 4615 πάντα
1298 4560 1389 4634 μαθεῖν
1403 4546 1548 4630 ,πολλάκις
1561 4554 1607 4614 καὶ
1620 4579 1673 4614 πα-

92 4649 207 4726 diseere,
222 4669 284 4707 cum
297 4668 368 4728 saepe
381 4646 416 4705 ob
432 4646 557 4705 morbum
572 4661 659 4706 mente
673 4662 768 4730 captus
781 4650 839 4708 sis?
855 4660 875 4708 θ
896 4651 998 4733 ραπλὴξ
1014 4651 1065 4710 ὑπὸ
1078 4655 1125 4720 τῆς
1142 4648 1291 4729 ἀββωστίας
1300 4647 1451 4728 γενόμενος
1464 4647 1528 4706 πάιε
1539 4645 1567 4706 δὲ
1580 4645 1615 4705 τὰ
1625 4646 1672 4726 βή-

91 4741 261 4821 quandonam
274 4739 356 4800 verba
371 4738 417 4797 illa
436 4738 546 4798 Christo
559 4738 646 4813 dices,
660 4741 838 4821 consepultus
895 4767 967 4822 ματα
984 4746 1071 4802 ἐκεῖνα
1084 4741 1148 4822 πρθς
1162 4740 1207 4799 τδν
1225 4740 1340 4820 Χριστὸν
1361 4744 1445 4820 ἐρεῖς,
1461 4737 1673 4815 συνθαπτόμενος

92 4857 154 4895 cum
169 4835 233 4911 illo,
248 4854 309 4892 eum
322 4832 381 4913 jam
394 4831 559 4910 migraturus
574 4831 633 4889 sis?
646 4834 716 4892 Nam
730 4847 756 4892 et
769 4854 836 4913 ope—
894 4839 965 4915 αὐτῷ
975 4880 983 4910 ,
994 4833 1097 4912 μέλλων
1118 4833 1274 4911 άποπηδᾷνν
1289 4831 1341 4891 Καὶ
1356 4830 1408 4912 γάρ
1429 4830 1475 4890 καὶ
1494 4829 1536 4889 διὰ
1558 4834 1611 4888 τῶν
1625 4829 1669 4911 ἔρ-

92 4926 167 4986 ribns
178 4939 203 4985 et
216 4925 306 4985 verbis
316 4923 499 4984 benevolentia
510 4922 550 4981 illi
562 4922 715 4982 exbibenda
726 4939 774 4983 est.
790 4927 834 4983 Tu
892 4951 956 5007 γων,
969 4926 1014 4986 καλ
1028 4925 1072 4984 διὰ
1085 4928 1137 4984 τῶν
1149 4924 1275 5004 βημάτων
1288 4923 1483 4984 ἐπιδείκνυσθαι
1495 4920 1548 5002 χρὴ
1565 4921 1613 4995 τήν
1624 4923 1671 4981 εὕ-

125 5138 136 5158 ·
154 5119 231 5171 Sat-il.
244 5119 287 5183 [et
299 5120 341 5184 A]
354 5124 411 5187 παρ’
427 5123 487 5185 ὑμῖν.
503 5114 590 5167 blorel.
604 5117 645 5183 [et
656 5118 699 5184 C.]
713 5124 769 5188 παρ’
782 5124 853 5187 ὑμῶν.
937 5121 950 5158 l'
968 5117 1074 5184 [Morel.
1095 5135 1152 5167 cum
1167 5128 1217 5167 vel.
1232 5114 1301 5166 Edit.
1313 5127 1339 5166 el
1356 5117 1387 5165 D.
1400 5121 1519 5181 λαμδάνσι,
1534 5116 1561 5163 Α.
1576 5113 1628 5165 C...
1644 5122 1670 5166 τὸ

92 5203 167 5266 [παρ’
178 5207 241 5265 ἡμῶν
253 5200 283 5249 l).
298 5198 374 5248 Paulo
387 5209 445 5247 ante
460 5195 549 5257 serbe,
559 5208 634 5260 ζῶντα
650 5207 697 5266 ιθιῇ
714 5207 751 5253 καί
767 5207 851 5267 μάτην,
903 5203 996 5258 πλῆθος·
1008 5206 1025 5250 ιθ
1036 5203 1127 5250 καλὰ...
1139 5203 1232 5250 mortua
1242 5200 1350 5262 μηδείς...
1363 5199 1506 5261 lapidantem.
1516 5188 1594 5256 Quod
1607 5209 1668 5243 vero

92 5297 132 5347 ap.
144 5276 219 5331 Savil.
233 5278 302 5331 uncis
312 5276 422 5341 inclusa,
436 5275 527 5330 absunt
537 5273 571 5326 ab
581 5277 608 5326 t.
619 5274 662 5341 C.]
902 5274 1017 5330 eSevilio
1029 5277 1128 5344 repetiit
1137 5273 1227 5329 Menti.
1237 5279 1462 5341 οὐθεὶς-,λαμθανθτω
1473 5272 1597 5325 ooloecum
1607 5276 1668 5341 est]
