3728 5978
568 447 1144 503 1111151111011110111111.
1180 494 1183 499 .
1571 411 1643 532 595

75 583 169 660 μισθὸν
179 585 349 660 artesano,
358 585 426 646 ἀλλὰ
440 587 474 666 τῇ
489 586 623 667 κενοδοξία
635 586 680 646 καὶ
693 586 789 646 σαυτὸν
800 584 848 645 καὶ
898 605 979 663 eques
988 585 1168 665 praestantior,
1178 585 1227 647 sed
1240 607 1443 665 nonnumquam
1466 586 1532 647 binc
1556 590 1644 668 magis

72 674 107 732 eli
126 684 222 751 σαυτοῦ
237 681 324 737 πάντα
338 676 483 745 ἐξέδωκας·
504 677 612 758 κα1γὰρ
627 679 725 738 ἐκεῖθεν
740 678 845 737 ἅπαντα
898 675 1036 756 despectui
1045 677 1168 737 habetur.
1179 677 1262 736 Multi
1274 697 1388 755 namque
1402 677 1484 738 misso
1499 699 1601 738 sessore
1607 678 1644 739 ad

72 773 158 826 ταῦτα
176 768 314 849 ἤρτηνται.
329 769 398 829 Οὐδὲ
412 769 464 850 γὰρ
476 768 557 837 ίππος
576 769 686 849 βελτίων
699 769 731 828 ἂν
743 768 845 849 γένοιτο
898 780 1023 825 ornatum
1036 768 1099 845 equi
1111 768 1203 827 oculos
1216 781 1385 842 convertunt,
1397 789 1499 828 necnon
1509 768 1545 829 ud
1555 771 1643 830 lamu-
1734 776 1738 786 ‘

71 859 138 938 πρὸς
150 859 199 930 τὴν
213 859 309 938 ἀρετὴν
323 863 421 934 αὐτοῦ,
435 862 479 921 τδν
494 861 593 940 κόσμον
605 859 775 942 περιθέμενος
787 864 844 919 τοῦ·
896 858 938 917 105
948 873 1086 937 sequentes
1099 874 1125 919 et
1139 874 1298 941 praeeuntes,
1311 882 1408 940 eosque
1415 861 1463 940 qui
1477 862 1587 922 turbam
1596 862 1643 922 de·

69 974 127 1023 τον,
136 951 195 1010 οὔτε
204 957 218 1011 ὁ
228 952 376 1030 καθήμενος
387 955 430 1011 ἐπ’
445 954 524 1011 αὐτοῦ
535 953 687 1032 ἄνθρωπος,
701 951 760 1010 ἀλλ’
773 951 843 1010 ἔστιν
895 948 1002 1028 pellunt
1016 973 1023 1006 ε
1037 972 1098 1009 eum
1110 973 1173 1011 vero
1180 950 1228 1030 qui
1242 950 1298 1010 illis
1309 951 1425 1032 stipatur
1436 952 1560 1028 oderunt,
1574 966 1600 1013 et
1613 966 1643 1013 ut

71 1040 117 1100 ὅτε
130 1041 175 1101 καὶ
189 1042 352 1123 ἀτιμότερος.
367 1045 466 1104 Πολλοί
481 1043 533 1124 γὰρ
548 1042 655 1123 ἄρίντες
669 1044 713 1102 τδν
728 1039 843 1122 ὀχούμε-
896 1060 1066 1102 communem
1084 1043 1189 1103 hostem
1209 1055 1375 1103 aversantur.
1401 1046 1437 1102 At
1450 1044 1567 1103 noohoe
1579 1065 1644 1105 eou-

71 1155 126 1206 νον,
138 1133 202 1211 πρδς
212 1134 256 1193 τὸν
270 1134 370 1212 κόσμον
381 1141 427 1196 τοῦ
437 1135 519 1194 ἵππου
531 1134 656 1215 τρέπουσι
670 1132 729 1200 τοὺς
742 1135 842 1212 δρθαλ-
896 1131 975 1211 tingit
991 1155 1052 1192 curu
1064 1134 1185 1193 animum
1196 1154 1324 1210 exornas3
1342 1133 1390 1193 sed
1404 1133 1535 1208 homines,
1553 1134 1644 1214 angeli

72 1223 137 1300 μοὺς
144 1270 153 1298 ,
164 1224 210 1283 καὶ
221 1223 282 1292 τοὺς
295 1226 438 1305 ἑπομένους
453 1226 555 1292 οἰκέτας
575 1226 621 1292 καί
635 1223 695 1293 τοὺς
707 1246 842 1303 προηγου-
852 1268 888 1310 ,41
896 1236 923 1281 ct
936 1225 1092 1303 angelorum
1109 1227 1252 1301 Dominus,
1267 1225 1384 1304 denique
1405 1226 1554 1285 omnestibi
1566 1247 1643 1286 coro·

72 1314 167 1392 μένους
180 1315 297 1383 retroire
314 1317 474 1383 σοὸοῦντας·
490 1317 535 1376 τὸν
554 1317 581 1377 δὲ
595 1315 756 1376 ὑπὸτούτου
770 1316 844 1395 δορυ·
861 1324 881 1370 Α
897 1336 960 1373 nam
971 1332 1090 1376 nectunt.
1104 1320 1199 1397 ltaque
1214 1319 1236 1376 si
1245 1318 1360 1397 gloriam
1382 1338 1465 1392 amas,
1484 1318 1519 1376 ab
1538 1318 1572 1377 iis
1582 1339 1642 1398 quae

71 1407 232 1488 φορούμενον
245 1410 291 1468 καί
303 1415 426 1487 μισοῦσι,
437 1408 482 1467 καὶ
494 1407 703 1489 ἀποστρέφονται
712 1412 749 1475 ὡς
758 1407 843 1467 κοινδν
896 1427 968 1466 nunc
977 1409 1042 1468 facis
1057 1410 1167 1487 absiste,
1182 1432 1230 1469 nec
1242 1409 1364 1483 domum,
1377 1410 1425 1469 sed
1438 1410 1643 1469 animamexor-

70 1499 175 1579 ἐχθρόν.
194 1500 263 1559 Ἀλλ’
290 1504 339 1580 οὐχ
363 1501 424 1559 ὅταν
447 1499 495 1571 vlu
519 1499 607 1579 ψυχὴν
628 1502 745 1578 κοσμῇς,
767 1504 844 1557 τοῦτο
895 1522 942 1578 na,
954 1516 985 1562 ut
999 1503 1036 1563 sis
1050 1504 1206 1584 splendidus
1220 1519 1247 1564 et
1268 1504 1391 1564 illustris.
1405 1507 1485 1564 Nunc
1503 1517 1573 1564 certe
1598 1505 1642 1564 ni-

70 1590 226 1668 συμίίαίνει,
243 1590 312 1652 ἀλλὰ
328 1592 373 1650 καλ
384 1591 517 1671 ἄνθρωποι
530 1590 576 1649 καί
588 1590 694 1670 ἄγγελοι
705 1590 752 1648 καὶ
763 1593 778 1648 ὁ
790 1593 842 1647 τῶν
895 1593 935 1651 bil
950 1607 976 1652 te
987 1595 1070 1654 vilius
1079 1596 1169 1667 suerit,
1183 1596 1230 1675 qui
1255 1595 1388 1655 desertam
1411 1596 1495 1655 habes
1510 1595 1639 1676 animam,

70 1681 190 1760 ἀγγέλων
202 1682 355 1754 Δεσπότης,
369 1681 464 1751 πάντες
478 1706 519 1742 σοι
530 1684 574 1742 τὸν
589 1681 714 1760 στέφανον
727 1679 843 1740 πλέκου-
895 1698 921 1744 11
935 1685 1031 1746 demus
1046 1688 1275 1768 pulchritudinem
1299 1700 1422 1748 ostentes.
1438 1688 1468 1747 Si
1482 1710 1547 1749 vero
1566 1688 1641 1749 dicta

70 1796 122 1833 σιν.
136 1771 241 1846 Ὥστε,
256 1777 279 1832 εἶ
302 1773 377 1844 δόξης
392 1777 467 1853 ἐρᾷς,
485 1773 615 1845 ἀπόστηθι
632 1771 732 1831 τούτων
745 1763 782 1830 ὧν
798 1779 842 1833 νῦν
893 1797 953 1835 mea
967 1799 1020 1837 non
1034 1780 1159 1857 sustines,
1175 1779 1238 1838 audi
1252 1780 1320 1859 quid
1330 1793 1486 1840 exterorum
1503 1781 1641 1863 quispiam

68 1874 168 1938 ποιεῖς,
188 1865 233 1924 καλ
246 1865 283 1942 μὴ
297 1864 345 1937 τὴν
367 1865 461 1937 οἰκίαν,
478 1864 547 1924 ἀλλὰ
566 1863 614 1936 τὴν
628 1861 718 1943 ψυχὴν
731 1861 841 1922 καλλώ·
893 1865 995 1942 fecerit,
1012 1882 1038 1928 et
1053 1884 1079 1929 te
1092 1870 1193 1951 pudeat
1202 1871 1247 1931 vel
1259 1883 1358 1930 extera
1371 1871 1558 1952 philosophia.
1573 1875 1640 1932 Nar·
1682 1887 1793 1950 Δήαῑρρῑ

67 1960 147 2029 πιζε,
167 1956 211 2017 ἵνα
223 1957 286 2037 γένη
307 1959 429 2037 λαμπρὸς
442 1956 487 2017 καί
508 1955 671 2038 περιρανής·
691 1959 728 2023 ὡς
746 1960 790 2013 νῦν
811 1977 841 2030 γε
893 1972 970 2019 ratur
984 1960 1094 2021 illorum
1106 1962 1261 2042 quempiam
1281 1962 1309 2020 in
1329 1961 1443 2021 demum
1468 1961 1640 2041 splendidam
1650 1950 1751 1996 historia.
1771 1963 1772 1966 ’

67 2050 144 2108 οὐδέν
157 2073 202 2109 σου
216 2049 311 2128 γένοιτ’
324 2049 354 2107 ἂν
369 2049 549 2130 εὐτελέστερον
560 2048 661 2128 ἐρήμην
675 2047 780 2127 ἔχοντος
793 2047 840 2119 τὴν
892 2050 1005 2128 venisse,
1030 2052 1177 2132 fulgentem
1204 2052 1383 2111 marmoribus
1406 2066 1432 2111 et
1452 2052 1640 2112 columnarum

66 2140 170 2221 ψυχὴν,
192 2143 237 2201 καλ
253 2143 283 2201 τὸ
297 2146 344 2213 τῆς
359 2141 442 2208 οἰκίας
456 2140 670 2222 προόαλλομένου
684 2139 791 2205 καλλος.
807 2142 842 2199 nt
892 2141 1107 2220 pulchritudine,
1121 2164 1184 2202 cum
1198 2156 1288 2201 autem
1300 2142 1487 2223 pavimentum
1500 2142 1583 2203 etiam
1595 2143 1641 2204 11-

67 2233 98 2290 δὲ
112 2234 161 2291 οὐκ
179 2232 260 2313 ἀνέχῃ
276 2239 328 2292 τῶν
341 2236 405 2315 παρ’
419 2235 484 2311 ἐμοῦ
505 2232 664 2311 λεγομένων,
685 2232 797 2291 ἄκουσον
815 2230 841 2290 τί
892 2229 975 2290 disset
989 2233 1123 2312 tapetibus
1135 2235 1259 2309 stratum,
1272 2232 1298 2290 in
1311 2232 1406 2290 faciem
1424 2229 1529 2291 domini
1540 2231 1640 2292 aedium

65 2321 122 2382 τῶν
138 2323 229 2392 ἔξωθέν
254 2348 293 2391 τις
313 2324 436 2398 ἐποίησε,
458 2324 503 2383 καὶ
530 2323 686 2404 αἷσρόνθητι
709 2322 757 2396 τὴν
777 2329 840 2402 γοῦν
892 2324 1047 2405 conspuisse
1060 2325 1278 2407 :improperante
1294 2322 1444 2383 autemillo
1457 2323 1638 2405 respondisse,

64 2414 176 2473 ἐκείνων
190 2416 351 2497 φιλοσοφίαν.
365 2416 478 2496 Λέγεται
499 2417 551 2495 γάρ
574 2439 613 2483 τις
627 2413 733 2474 ἐκείνων
752 2417 788 2482 εἰς
802 2415 839 2474 ol·
892 2415 953 2496 quia
964 2416 991 2475 iu
1004 2417 1079 2477 nulla
1092 2417 1146 2476 alia
1153 2417 1251 2477 domus
1258 2430 1334 2498 purte
1344 2415 1373 2474 id
1382 2416 1468 2474 facere
1474 2415 1583 2493 licebat,
1592 2437 1638 2476 co·

62 2506 127 2566 κίαν
139 2509 264 2591 λαμπρὰν
279 2508 412 2584 εἰσελθὼν,
427 2511 517 2589 πολλῷ
533 2507 581 2587 μὲν
595 2508 838 2586 καταλαμπομένην
856 2508 874 2554 Β
891 2523 982 2568 actum
999 2531 1027 2569 se
1042 2510 1125 2570 tuisse
1141 2509 1232 2572 vultui
1260 2509 1347 2590 ipsius
1362 2508 1433 2567 hanc
1448 2509 1640 2569 contumeliam

62 2600 184 2682 χρυσίῳ,
203 2604 293 2682 πολλῷ
309 2600 337 2661 δὲ
351 2603 366 2632 *
378 2601 618 2680 ἀπαστράπτουσαν
636 2604 675 2681 τῷ
694 2603 747 2658 τῶν
769 2623 837 2680 μαρ-
889 2599 996 2661 inferre.
1010 2602 1110 2664 Viden'
1124 2623 1206 2681 quam
1226 2601 1361 2661 ridiculus
1380 2601 1416 2660 sit
1430 2601 1639 2680 is,.quiexterua

63 2693 160 2774 μᾶρων
174 2693 219 2751 καὶ
234 2696 286 2752 τῶν
301 2691 393 2752 κιόνων
409 2694 519 2764 καλλει,
537 2690 627 2764 ἐπειδὴ
642 2692 687 2751 καὶ
700 2692 731 2751 τὸ
744 2691 837 2772 ἔδαφος
889 2709 976 2767 ornat,
985 2709 1011 2754 et
1020 2718 1103 2775 quam
1116 2694 1191 2777 apud
1206 2716 1297 2755 ornnes
1309 2706 1396 2753 mente
1406 2693 1526 2754 valentes
1537 2693 1638 2777 despe-

61 2775 118 2844 εἷδε
138 2792 272 2866 πανταχοῦ
282 2785 402 2857 τάπητας
423 2784 707 2865 έχονέστορεομένους,
724 2783 836 2858 'eteris
888 2785 945 2844 ctui
970 2785 1121 2846 habeatur?
1137 2786 1173 2845 Et
1188 2786 1299 2864 quidem
1320 2785 1384 2865 jure
1408 2784 1515 2844 merito.
1546 2786 1638 2864 Neque

60 2877 126 2956 otu
141 2878 273 2955 ἐμπτύοαι
291 2882 336 2936 τοῦ
358 2882 406 2949 τῆς
421 2864 505 2943 οἰκίας
518 2875 660 2936 δεσπότου·
682 2866 738 2935 εἶτα
757 2879 836 2955 ἐγκα-
888 2878 961 2936 enim
975 2879 997 2937 si
1008 2879 1079 2957 quis,
1090 2900 1174 2939 uxore
1187 2891 1234 2936 tua
1248 2878 1275 2936 in
1283 2878 1371 2935 lacero
1379 2889 1404 2935 et
1417 2875 1466 2935 vili
1482 2875 1580 2934 habitu
1594 2898 1637 2935 re·

59 2967 190 3045 λοόμενος
213 2971 305 3042 εἰπεῖν,
322 2967 365 3027 διὰ
378 2968 408 3027 τὸ
422 2970 547 3047 μηδαμοῦ
562 2972 609 3039 τῆς
623 2967 706 3034 οἰκίας
727 2967 835 3049 ἑτέρωθι
888 2970 964 3048 licta,
995 2972 1108 3031 ancillas
1135 2970 1278 3053 splendida
1304 2971 1378 3029 vest'e
1396 2967 1587 3047 circumdaret,
1609 2969 1639 3029 id

59 3070 142 3122 τοῦτο
157 3061 251 3131 ἐξεῖναι
273 3067 402 3134 ποιῆσαι,
426 3065 461 3128 εἷς
481 3059 529 3133 τὴν
552 3061 611 3139 ὄψιν
638 3063 836 3140 ἀναγκασθῆναι
888 3084 966 3143 aequo
979 3064 1171 3139 animoserres,
1195 3063 1242 3122 sed
1263 3061 1481 3140 excandesceres,
1494 3060 1576 3141 idque
1590 3084 1638 3144 pro

59 3153 173 3236 ὓῧρίσαι
191 3154 239 3226 τὴν
260 3154 368 3214 ἐκείνου.
392 3153 473 3234 Ὁρᾷς
495 3158 551 3221 πῶς
566 3153 763 3232 καταγελαστος
774 3156 788 3211 ὁ
801 3152 835 3212 τὰ
889 3176 994 3215 summa
1003 3156 1165 3216 contumelia
1175 3156 1296 3215 haberes.
1318 3155 1376 3214 Hoc
1394 3153 1467 3214 etde
1487 3155 1578 3214 anima
1591 3169 1638 3216 tua

59 3247 157 3315 ἔξωθεν
169 3246 342 3313 καλλωπίζων
355 3245 426 3319 ἐστὶ,
438 3245 482 3304 καλ
497 3245 571 3325 παρὰ
584 3254 664 3304 πᾶσιν
675 3243 836 3326 εὐκαταφρό-
889 3247 985 3327 cogita.
1009 3248 1078 3307 Cum
1097 3248 1285 3322 111111111111105,
1304 3247 1503 3328 pavimentum,
1520 3246 1638 3327 supelle-

59 3361 142 3410 νησος
153 3345 207 3404 τοῖς
219 3346 277 3398 νοῦν
297 3337 400 3417 lypum
413 3338 467 3397 Κολ
486 3337 559 3414 μσλο
572 3334 687 3402 εἰκότως.
703 3333 773 3395 Οὐδὲ
783 3334 835 3416 γὰρ
889 3341 980 3399 etilem
988 3356 1014 3400 et
1025 3341 1129 3419 reliqua
1142 3341 1232 3400 omnia
1242 3361 1362 3414 exornes,
1377 3340 1481 3419 largam
1490 3355 1555 3398 vero
1569 3339 1638 3399 elee-

60 3433 86 3487 εἰ
99 3428 148 3501 τὴν
163 3428 279 3490 σύνοικόν
291 3453 330 3497 τις
340 3428 412 3510 ripale
421 3428 469 3500 τὴν
482 3428 531 3500 σλν
541 3427 621 3507 ῥάκια
634 3425 834 3507 Ι’περικεῖσθοια
888 3452 1029 3514 mosynam
1049 3454 1102 3492 non
1129 3453 1231 3513 eroges,
1260 3453 1308 3492 nec
1329 3431 1412 3490 aliam
1435 3431 1638 3513 philosophiam

57 3521 108 3580 καὶ
120 3520 291 3599 ἠμελημένην
306 3512 389 3593 εἶναι,
405 3521 451 3586 τὰς
463 3519 648 3600 θεραπαινίδας
660 3521 774 3599 λαμπρᾷ
787 3542 835 3578 σε·
851 3525 870 3574 C
887 3544 1021 3601 exerceas,
1032 3525 1102 3584 nihil
1113 3524 1200 3598 aliud,
1220 3545 1305 3602 quam
1324 3523 1354 3583 id
1368 3523 1441 3602 quod
1458 3522 1531 3597 dixi,
1548 3523 1635 3601 lacis,

62 3612 170 3695 ριέὅσλε
180 3616 277 3692 στολῇ,
288 3612 379 3694 προίως
390 3612 420 3671 ἂν
431 3612 557 3690 ἤνεγκας,
569 3609 639 3669 ἀλλὰ
649 3609 830 3689 σοροξύνθης,
887 3617 943 3677 imo
957 3617 1099 3699 quidpiam
1115 3618 1194 3698 longe
1207 3617 1327 3697 gravius.
1341 3616 1412 3674 Nam
1423 3614 1551 3674 ancillam
1568 3615 1638 3675 inter

57 3705 108 3764 οισί
120 3704 194 3785 ῧὸριν
213 3705 244 3764 ἂν
258 3706 288 3765 τ“ο
307 3714 419 3786 πρᾶγμα
438 3705 536 3784 ἔφησας
551 3694 617 3762 εἶναι
639 3701 688 3774 τὴν
704 3702 832 3782 ἔσχοίτην·
889 3724 915 3769 et
931 3709 1069 3769 dominam
1089 3709 1197 3768 nullum
1208 3722 1247 3768 est
1259 3707 1414 3784 discrimen,
1433 3707 1505 3766 inter
1518 3706 1637 3766 animam

57 3800 150 3857 Τοῦτο
163 3797 249 3858 τοίνυν
263 3799 310 3857 καλ
327 3799 370 3857 iul
382 3802 430 3869 τῆς
440 3799 527 3877 ψυχῆς
540 3794 655 3874 λογίίον·
666 3793 769 3854 οὍσον
781 3793 833 3876 γὰρ
886 3822 951 3862 vero
964 3815 991 3860 et
1004 3821 1111 3859 carnem
1123 3821 1219 3879 magna
1230 3814 1269 3858 151
1278 3798 1439 3858 differentia.
1464 3797 1547 3872 Quod
1561 3798 1584 3856 si
1598 3798 1636 3857 ita

56 3888 121 3956 robe
134 3889 181 3969 μὲν
198 3890 300 3970 τοίχους
314 3890 359 3949 καὶ
373 3890 402 3948 τὸ
414 3887 506 3969 ἔδονηνος
521 3887 566 3945 ’wi
578 3885 612 3945 rh
626 3886 725 3946 ἕσνσλο
739 3885 784 3943 καλ
798 3884 833 3943 τὰ
886 3906 936 3965 151,
957 3892 1043 3951 multo
1066 3891 1153 3971 magis
1167 3892 1236 3950 inter
1258 3890 1377 3949 animum
1390 3904 1416 3948 et
1429 3889 1553 3966 domum,
1568 3889 1639 3948 inter

57 3984 130 4043 ἄλλο
142 3982 419 4059 ποίντακολλονσίζης,
431 3978 610 4059 ἐλεημοσύνην
623 3978 650 4037 δὲ
663 3978 700 4058 μὴ
712 3977 832 4058 παρέχῃς
885 3983 1003 4042 animam
1018 3997 1045 4042 et
1055 3983 1155 4041 lectum
1167 4003 1198 4039 ac
1212 3979 1425 4062 suppedaneum.
1442 3980 1503 4052 Qua
1519 4001 1583 4059 ergo
1594 3977 1638 4039 di·

56 4078 174 4156 δαψιλῆ,
189 4075 256 4153 μηδὲ
269 4076 317 4147 riv
329 4074 410 4146 ἄλλην
423 4077 507 4153 torp<
517 4069 681 4153 φιλοσοφίαν,
691 4069 763 4129 οὐδὲν
776 4069 833 4128 ἕτο-
885 4098 954 4157 gnus
967 4076 1121 4136 defensione
1145 4073 1240 4148 fueris,
1266 4073 1313 4152 qui
1335 4074 1393 4132 haec
1417 4073 1507 4133 omnia
1523 4086 1637 4153 argento

57 4190 104 4249 ρον
115 4166 132 4238 ἢ
142 4172 218 4226 τοῦτο
229 4177 327 4239 πονεῖς,
338 4168 437 4244 μᾶλλον
451 4164 478 4223 δὲ
490 4165 521 4224 τὸ
534 4165 625 4242 πολλῷ
636 4161 831 4243 χαλεπώτερον·
885 4182 1019 4247 contegas,
1034 4161 1189 4226 1111111110
1204 4164 1324 4244 negligas
1334 4163 1431 4245 pannis
1440 4164 1537 4224 laceris
1555 4185 1634 4247 oper·

56 4263 118 4330 Τῆς
133 4258 181 4338 μὲν
195 4257 247 4342 γὰρ
262 4258 354 4331 δούλης
368 4257 414 4317 tol
428 4260 476 4328 τῆς
491 4255 629 4326 δεσποίνης
643 4253 715 4314 οὐδὲν
736 4253 766 4313 τὸ
782 4252 829 4330 μί·
884 4276 950 4332 tarn,
973 4259 1138 4341 squalidam,
1158 4259 1330 4329 esurientem,
1356 4257 1445 4338 plagis
1464 4258 1601 4334 refertam,
1621 4279 1637 4316 a

54 4377 114 4422 σον,
130 4356 177 4423 τῆς
190 4351 217 4411 δὲ
233 4355 321 4433 ψυχῆς
333 4350 379 4410 καὶ
393 4349 548 4429 τῆσσαρκὸς
560 4347 626 4408 σολὺ
645 4348 676 4406 τὸ
690 4345 830 4428 δνοίηνορον·
884 4354 958 4414 mille
968 4355 1079 4414 canibus
1089 4350 1269 4433 discerptam3
1281 4364 1307 4409 et
1320 4364 1412 4432 postea
1425 4364 1502 4432 putes
1513 4365 1539 4410 te
1552 4350 1638 4431 gloria

55 4448 79 4504 εἷ
97 4443 124 4502 δὲ
146 4449 193 4516 τῆς
211 4444 322 4524 σαρκὸς,
336 4444 426 4522 πολλῷ
442 4444 540 4520 μᾶλλον
555 4445 602 4511 τῆς
616 4442 704 4521 ψυχῆς
724 4438 831 4510 ruffi<
883 4451 957 4511 allici
980 4472 1015 4510 ex
1038 4464 1135 4509 ornatu
1153 4447 1362 4528 circumposito?
1378 4446 1408 4506 id
1431 4446 1505 4526 quod
1524 4467 1637 4507 summae

53 4536 157 4610 οἶνίσςν
171 4537 216 4596 καὶ
229 4541 276 4606 en<
290 4537 376 4615 ψυχῆς
390 4535 436 4593 καὶ
451 4538 498 4604 vlt
512 4532 602 4603 κλίνης
614 4532 658 4591 καὶ
672 4538 717 4590 τοῦ
729 4535 829 4590 imm·
846 4546 865 4593 l)
883 4556 922 4602 est
935 4541 1079 4619 amentiae,
1094 4537 1169 4619 quod
1179 4559 1274 4618 nempe
1289 4558 1351 4596 cum
1365 4535 1518 4613 irrideatis,
1535 4551 1638 4598 coutu-

53 4629 120 4688 δίονι
137 4628 221 4695 Ποίας
234 4619 277 4687 οὖν
299 4627 368 4695 ἄξιος
384 4626 526 4702 οἰσολογίοῑς
546 4625 577 4682 ἂν
592 4623 661 4698 εἴης,
680 4631 765 4684 ταῦτα
779 4621 827 4700 μὲν
883 4635 962 4695 melia
977 4649 1058 4713 atque
1072 4633 1172 4714 probro
1195 4630 1335 4708 alliciaris,
1353 4645 1378 4689 et
1395 4630 1422 4688 in
1439 4629 1555 4691 dedecus
1569 4645 1595 4690 et
1608 4631 1637 4690 in

52 4721 160 4781 deeora
183 4720 298 4804 ἀργυρέην
313 4722 404 4799 πολλῷ
419 4719 597 4799 περιὸοἱλλονν,
611 4715 712 4787 ἔνσίνην
733 4714 762 4774 δὲ
777 4739 827 4773 πί·
881 4743 1033 4787 extremum
1048 4726 1113 4785 hinc
1127 4723 1293 4806 supplicium
1312 4721 1427 4795 incidas,
1448 4721 1476 4781 in
1490 4723 1535 4781 his
1547 4720 1638 4781 adhue

53 4828 149 4906 ριορῶν
165 4818 829 4907 ῥακοδυτοῦσαν,αὐχμῶσαν,πεινῶσαν,τραυμό-
882 4822 932 4881 tibi
957 4822 1073 4902 placeas.
1097 4817 1282 4891 Quamobrem
1300 4836 1349 4874 oro
1378 4829 1405 4874 et
1428 4815 1552 4891 obsecro,
1578 4812 1638 4873 hae

54 4950 108 4985 των
120 4923 261 5005 γέμουσαν,
273 4923 324 4983 ὑπὸ
337 4923 435 5005 μυρίων
448 4920 666 5003 σπαραττομένην
677 4924 771 4991 κυνῶν,
781 4918 828 4979 καὶ
881 4915 971 4975 omnia
988 4913 1135 4994 cogitantes
1160 4911 1203 4971 vel
1217 4930 1276 4970 sero
1293 4908 1405 4968 taudem
1431 4906 1635 4989 resipiscamus,
1726 4951 1730 4960 .

92 5100 104 5125 ⁸
121 5097 313 5170 Ῐάστροῖπτονσαν
326 5101 369 5165 A,]
899 5095 913 5133 ¹³
931 5088 1122 5164 ίπεριθτόλῆσθαι
1135 5089 1165 5138 Α.
1178 5098 1203 5137 11
1216 5100 1303 5152 margo
1314 5081 1404 5148 81111]

91 5196 101 5218 ν
119 5181 182 5229 Erat
199 5178 239 5228 ille
249 5176 397 5244 Aristippus,
412 5175 475 5226 Vide
493 5177 628 5242 Diogenem
645 5176 774 5226 Laertium
793 5174 818 5226 in
902 5188 912 5210 ο
930 5171 971 5222 Sic
984 5171 1042 5225 llss,
1055 5178 1131 5217 reete.
1146 5163 1216 5215 Editi
1227 5170 1282 5218 Σταν
1293 5167 1336 5228 μὲν
1347 5165 1397 5219 τοὺς
1408 5165 1451 5227 μὶν
1462 5166 1559 5225 τοίχους.

59 5257 198 5326 Aristippo.
209 5258 251 5325 [h.
264 5266 415 5326 ίντρωμένους
428 5272 474 5321 [110
486 5255 678 5324 ἱστορημένους]
