3728 5978
497 502 530 550 tu
557 500 665 553 artsr.
695 497 742 549 ιιι
766 498 850 548 tou.
879 498 994 548 uouit.
1018 500 1115 553 xxxi.
1203 498 1206 503 ’
1531 489 1597 560 821

112 627 199 710 φόδρα
210 625 370 699 καταδήλων
381 624 521 706 κερδαίνει.
535 625 589 686 Καί
599 621 804 706 γάρτούἌδλμ
856 620 995 702 negligens
1014 637 1064 702 est,
1084 645 1118 686 ne
1140 625 1176 688 ub
1198 625 1232 687 iis
1252 625 1362 707 quidem
1382 650 1442 708 quae
1462 630 1603 695 manifesta

112 745 158 800 ιμα
173 722 202 782 ού
217 719 311 801 μικρὸν
322 725 394 798 ἡμᾶς
405 719 524 779 παιδεύει
536 717 708 800 φιλοσοφίας,
720 715 805 777 καὶτὸ
856 725 928 789 suut,
943 713 1086 795 quidpiam
1109 715 1238 779 lucratur.
1253 718 1361 779 Etenim
1383 719 1481 781 hdemi
1503 743 1603 785 nomen

113 814 184 880 αιδθς
193 798 312 887 διαίνου,
326 811 371 872 καί
382 817 431 886 τῆς
443 811 565 892 γυναικὸς
578 815 677 883 edric,
691 810 803 870 καὶτῶν
856 829 909 867 nnn
925 809 1031 876 modica
1046 832 1095 871 nos
1104 813 1276 895 philosophia
1289 815 1398 891 imbuit,
1418 817 1536 898 itemque
1550 818 1618 881 filii·

112 933 119 967 ν
133 907 167 967 τὰ
180 904 273 967 πλείω.
293 906 405 965 Πολλῶν
419 903 470 987 γάρ
484 906 541 964 ἐστι
560 903 725 985 πραγμάτοιν
739 907 805 963 tro-
856 901 951 984 ipsius,
962 917 1042 984 atque
1057 903 1162 985 u'xoris,
1174 907 1344 989 aliorumque
1356 910 1488 991 plurium.
1506 912 1604 973 Nomi-

112 1024 160 1062 ιτα
170 997 205 1059 τό
216 997 346 1077 ὀνόματα·
358 997 404 1058 καὶ
414 1000 485 1059 Θεοῦ
495 997 644 1079 εὐεργεσίαν
658 993 704 1055 καί
715 1016 805 1075 γυναι·
856 1013 890 1053 na
901 995 1011 1076 quippe,
1025 997 1175 1058 multarum
1185 1019 1276 1059 rerum
1290 1015 1353 1060 sunt
1368 1016 1541 1062 monumenta
1556 1024 1604 1063 :ac

112 1090 227 1153 ἐίκνυσιν
242 1089 427 1171 εὐχαριστίαν·
444 1089 676 1169 συλλαμάάνοοσαι
687 1085 741 1166 γάρ
752 1084 805 1146 eei
856 1087 907 1146 nei
920 1088 1124 1150 beneficentiam
1137 1091 1336 1174 mulierumque
1349 1094 1498 1174 gratiarum
1513 1079 1602 1157 actiu-

112 1189 140 1244 οὔ
154 1187 225 1246 Θεοῦ
246 1183 364 1264 δωρεᾶς,
387 1181 422 1243 τί
442 1179 537 1242 παιδία
558 1180 693 1263 ὠνόμαζον
712 1169 804 1237 αὗται.
856 1177 917 1240 nem
930 1182 1075 1242 ostendunt
1088 1207 1096 1240 ι
1109 1204 1172 1243 nam
1185 1205 1248 1244 cum
1262 1207 1296 1245 er
1311 1187 1368 1250 Dei
1378 1186 1450 1246 dono
1466 1187 1602 1269 concepis-

112 1328 113 1332 ,
132 1274 160 1337 τί
168 1280 215 1336 νῦν
226 1275 287 1357 περὶ
300 1275 435 1355 ὀνομάτων
447 1277 647 1355 φιλοσοφοῦμεν,
661 1271 839 1350 νοημάτωνο
856 1284 925 1345 seut,
950 1272 1016 1354 ipsae
1037 1273 1104 1334 filiis
1129 1275 1187 1335 suis
1209 1262 1318 1347 nimina
1336 1277 1519 1361 imponebant.
1545 1278 1602 1340 sel

112 1394 163 1432 των
178 1367 374 1448 ᾀμελουμένων,
389 1368 434 1427 καὶ
447 1370 551 1427 πολλῶν
567 1365 625 1426 οὐδὲ
639 1363 673 1426 τά
687 1365 805 1445 ὀνόματα
857 1363 924 1442 quid
933 1386 1005 1425 nunc
1017 1366 1052 1426 de
1062 1367 1461 1452 nominibus'philos'ophamur,
1478 1393 1541 1432 cum
1562 1386 1603 1434 tot

124 1467 176 1522 τῶν
187 1458 453 1544 Ιβιθλίωνθιίδότωνς
474 1457 550 1548 Πλὴν
576 1459 635 1519 ἀλλ’
654 1459 708 1517 οὐδ’
722 1456 806 1524 οθτοις
856 1469 990 1536 unteque
1003 1460 1141 1519 sententia
1153 1461 1334 1542 negligantur,
1346 1478 1370 1524 et
1381 1465 1505 1525 multiue
1513 1464 1602 1546 pomi·

112 1552 218 1635 υρητέον
245 1558 310 1631 ἡμῖν
337 1555 385 1624 τῆς
406 1551 467 1632 περὶ
488 1551 522 1611 τά
545 1554 656 1610 τοιαῦτα
678 1551 803 1622 σπουδῆς.
856 1570 889 1608 tte
900 1549 1008 1627 quidem
1019 1550 1152 1611 librorum
1162 1553 1267 1614 sciant?
1282 1558 1406 1615 Attamen
1417 1579 1471 1617 non
1481 1557 1542 1618 ideo
1552 1578 1602 1619 no·

119 1646 171 1728 γάρ
185 1669 231 1717 σε,
243 1644 308 1726 φησὶ
318 1691 326 1721 ,
336 1644 497 1703 ιιατοάαλεῖν
509 1642 540 1702 τό
553 1642 675 1724 ἀργύριον
687 1642 730 1702 ἐπί
744 1639 805 1708 robe
855 1640 898 1699 his
911 1639 947 1700 ab
960 1641 1119 1723 hujusmodi
1142 1666 1233 1705 rerum
1244 1647 1338 1707 studio
1349 1648 1527 1710 recedendum
1538 1663 1579 1710 est
1592 1671 1600 1708 ι

112 1738 198 1809 eticae.
213 1738 312 1819 Διόπερ
326 1735 375 1796 κάν
390 1736 481 1815 μηθεὶς
493 1740 507 1795 ό
521 1735 712 1817 ὑποδεχόμενος
727 1726 762 1816 ᾗ,
773 1732 804 1794 τό
851 1734 990 1794 Debebas
1001 1738 1092 1810 enim,
1108 1736 1207 1815 inquit,
1222 1753 1376 1819 argentum
1386 1742 1603 1823 deposuissead
1609 1770 1696 1817 mur„
1709 1767 1750 1820 25,

112 1856 119 1890 ν
139 1829 325 1909 restituemini
345 1827 503 1906 δεικνύωμεν
516 1828 588 1888 οὐδὲν
604 1827 726 1908 περιττόν
744 1826 804 1888 οὐδὲ
853 1827 1075 1887 nummularios.
1096 1829 1277 1910 Quapropter,
1300 1831 1406 1892 etiarnsi
1419 1854 1497 1894 nemo
1506 1834 1542 1895 sit
1552 1835 1601 1914 qui
1611 1845 1649 1894 ²⁷·

112 1922 317 2006 ’προφερόμενον
338 1928 396 1988 ταῖς
409 1927 530 2002 γραφαῖς.
545 1918 642 2000 Είγθρ
655 1909 805 2000 μηδὲνεῖχι
851 1917 979 1999 excipiat,
999 1918 1071 1998 quod
1086 1933 1208 1980 nostrum
1221 1936 1261 1990 est
1276 1924 1416 2002 faciamus,
1431 1940 1459 1988 et
1473 1925 1602 1987 ostenda·

112 2014 238 2096 ικέρθος,
260 2013 314 2072 οὐδ’
329 2010 359 2072 ἂν
382 2011 527 2093 προσετέθη
541 2015 574 2092 τῇ
588 2013 729 2091 ἐπιστολῇ,
752 2011 805 2071 οὐδ’
856 2030 917 2069 mus
927 2010 998 2069 nihil
1010 2030 1240 2092 supervacaneum
1259 2016 1303 2075 vel
1320 2016 1420 2077 frustra
1434 2019 1552 2100 proferri
1573 2019 1602 2080 in

112 2110 195 2175 [αῦλος
208 2106 319 2186 ἔγραψεν
339 2104 407 2186 άπερ
427 2101 548 2184 ἔγραψεν.
563 2102 644 2164 Ἀλλόι
667 2100 720 2183 γάρ
738 2101 806 2163 οθτω
853 2101 1011 2183 scripturis.
1036 2104 1095 2164 Nisi
1117 2107 1190 2175 enim
1203 2107 1261 2167 hac
1275 2108 1380 2186 aliquid
1398 2109 1468 2170 lucri
1489 2112 1603 2174 habuis-

112 2201 164 2258 εἰσι
173 2198 299 2277 βάναυσοι
312 2197 358 2258 καί
369 2203 461 2278 χαῦνοι
475 2196 521 2256 καί
537 2200 589 2255 τῶν
612 2199 729 2275 οὐρανῶν
741 2193 806 2255 άνά-
854 2208 922 2272 sent,
938 2194 1068 2275 Epistulae
1078 2194 1181 2277 adjecta
1196 2220 1250 2259 non
1261 2200 1383 2276 fuissent,
1397 2224 1484 2282 neque
1499 2204 1604 2267 Paulus

120 2296 156 2361 ὡς
169 2290 207 2369 μὴ
227 2289 305 2371 μόνον
327 2290 459 2367 ὀνόματα,
474 2286 543 2347 ἀλλὰ
563 2286 609 2347 καὶ
623 2287 755 2368 ὁλόκληρα
768 2280 808 2366 βε·
820 2303 839 2349 1)
854 2286 911 2345 haee
931 2287 1091 2368 scripsisset.
1105 2292 1209 2352 Verum
1221 2291 1332 2372 quidam
1350 2294 1388 2354 its
1398 2310 1466 2356 >sunt
1479 2295 1560 2357 rudes
1571 2285 1604 2358 ης

112 2382 218 2465 περιττὰ
237 2374 303 2441 εἶναι
317 2381 441 2459 νομίζειν,
453 2385 488 2448 ὡς
500 2378 532 2441 τό
545 2380 691 2454 Λευῖτικθν,
711 2382 747 2448 ὡς
760 2377 805 2440 τὸν
855 2377 959 2458 stupidi
982 2379 1106 2459 uelisque
1119 2381 1236 2462 indigni,
1259 2397 1357 2445 utnon
1378 2386 1460 2447 modo
1480 2388 1603 2467 nomina,

112 2487 148 2551 iv,
164 2475 209 2536 καί
221 2473 298 2554 ἕτερα
320 2471 437 2533 πλείονα.
454 2471 533 2532 Ούτω
554 2472 660 2546 κοίτην
679 2471 805 2533 Παλαιθιν
854 2468 900 2529 sed
913 2469 1033 2551 integros
1046 2471 1131 2532 libros
1146 2495 1358 2555 supervacaneos
1383 2499 1440 2539 esse
1452 2479 1556 2557 dicant,
1572 2496 1609 2544 ut.

112 2571 125 2630 λ
137 2574 190 2629 τῶν
205 2566 323 2639 ἀνοήτων
336 2565 474 2635 ἕξέύαλον·
497 2565 542 2625 καὶ
555 2566 607 2646 ὁδῷ
619 2564 805 2646 προόαίνοντις
856 2562 1017 2641 Levitieum,
1045 2565 1160 2624 Librum
1178 2568 1269 2644 Josue,
1286 2569 1408 2650 aliosque
1433 2572 1535 2654 plures.
1557 2574 1604 2637 Sic

112 2663 140 2722 rh
154 2669 272 2740 πονηρᾶς
286 2658 384 2731 ταύτης
405 2657 558 2733 συνηθείας,
581 2656 669 2718 πολλά
691 2656 737 2716 καὶ
757 2662 806 2732 ιη”ς
856 2655 936 2715 etiam
946 2658 1034 2718 Vetus
1046 2659 1250 2720 Testamentum
1260 2663 1340 2723 multi
1355 2664 1509 2747 insipientes
1523 2689 1603 2751 repu-

112 2761 133 2827 ῐς
149 2752 319 2833 περιέκοψαν.
332 2750 413 2811 utut
425 2750 523 2811 τούτων
537 2749 585 2829 μὲν
597 2750 643 2809 άτε
658 2750 806 2828 μεθυόντων
855 2745 982 2808 diaruut:
997 2763 1023 2810 et
1043 2752 1177 2832 progressi
1190 2751 1218 2811 in
1236 2774 1319 2834 prave
1335 2755 1383 2816 illa
1397 2759 1601 2840 consuetudine,

112 2854 120 2921 i
132 2846 212 2928 σαρκὶ
224 2843 329 2913 ζιόντοιν
341 2846 370 2904 ού
386 2843 466 2911 πολύς
477 2849 542 2920 ἡμῖν
556 2847 570 2901 ό
582 2842 676 2921 λόγος·
692 2845 714 2902 ei
726 2841 755 2902 δέ
766 2866 806 2910 τις
856 2840 937 2900 etiam
947 2841 1032 2901 multa
1042 2843 1116 2904 Novi
1125 2845 1291 2905 Testamenti
1302 2846 1541 2913 absciderunt.Sed
1552 2854 1604 2914 ho·

112 2940 182 3022 ιφίας
197 2935 326 3022 ἐραστὴς,
343 2935 389 2996 καλ
402 2938 584 3013 πνευματικῆς
596 2934 748 3015 ἀκροάσεως
762 2933 805 3015 pi·
855 2952 918 2992 rum
933 2932 1057 3012 quidem,
1068 2948 1161 3016 utpote
1176 2937 1313 2998 ebriorum
1324 2954 1350 3000 et
1363 2943 1437 3002 carni
1450 2944 1601 3006 virentium

112 3032 220 3094 ίκουέτω
236 3030 277 3090 ὅτι
289 3031 348 3089 οὐδὲ
361 3028 395 3089 rit
407 3027 491 3107 μικρὰ
505 3029 631 3087 δοκοῦντα
647 3017 714 3086 εἶναι
728 3028 755 3087 ἓν
770 3030 804 3107 τῇ
856 3044 910 3084 non
921 3025 1007 3085 multa
1021 3026 1099 3086 nobis
1114 3028 1185 3088 ratio
1197 3043 1252 3088 est:
1266 3030 1289 3090 si
1299 3032 1360 3110 quis
1373 3054 1438 3095 veru
1449 3035 1484 3096 sit
1505 3037 1601 3117 philu-

112 3132 139 3209 ᾖ,
152 3129 209 3204 εἰκῇ
222 3133 308 3184 κεῖται
315 3122 361 3183 καί
372 3122 469 3200 μάτην,
482 3121 528 3180 καί
541 3118 581 3180 ότι
594 3119 639 3180 καί
652 3118 687 3180 τά
702 3119 805 3181 παλαιά
855 3119 959 3200 sophie
969 3133 1110 3196 amator,et
1117 3121 1266 3202 spiritualis
1278 3126 1414 3188 concionis
1429 3129 1601 3210 amicus,au·

112 3220 182 3301 piper
202 3217 233 3278 τὸ
244 3216 344 3297 κάρδος.
361 3218 455 3275 Ταῦτα
468 3211 520 3295 γάρ
535 3211 624 3273 πάντα
643 3210 722 3274 τύποι
734 3259 743 3288 ,
757 3211 804 3272 καί
819 3215 838 3263 Ε
854 3213 912 3275 diat
921 3235 1006 3295 neque
1019 3237 1124 3295 ea,que
1133 3217 1160 3277 iu
1172 3218 1314 3302 Scriptura
1328 3221 1478 3285 minuscula
1489 3247 1546 3287 esse
1558 3227 1600 3288 vi·

112 3310 240 3374 νουθεσίαν
253 3314 329 3388 ἡμῶν
342 3307 443 3388 ἐγράφη
454 3352 461 3381 ,
473 3304 547 3387 φησί.
559 3305 608 3366 Διὸ
618 3305 664 3365 καὶ
678 3305 803 3386 Τιμοθίφ
853 3306 1062 3386 dentur‚lrustra
1073 3310 1117 3371 tel
1127 3311 1155 3371 in
1169 3334 1275 3390 cassum
1286 3316 1411 3396 jacere,et
1420 3319 1599 3381 veteraetiam

113 3450 122 3474 ‚
144 3402 266 3484 llpo'oese
285 3406 319 3483 τῇ
341 3398 503 3479 ἀναγνώσει,
520 3396 751 3478 τῇπαρακλόσει,
766 3401 804 3468 τίς
854 3403 972 3463 multum
989 3403 1086 3465 afferre
1101 3404 1182 3465 lueri.
1205 3410 1278 3469 Hoec
1295 3412 1367 3471 euim
1381 3415 1599 3497 omniafiguroe
1612 3445 1633 3478 ν.
1645 3430 1700 3478 cor.
1711 3442 1751 3480 νο,

112 3501 156 3557 τῶν
177 3498 299 3556 παλαιῶν
321 3494 398 3553 alsit
422 3491 568 3572 ἀνάγνωσιν
592 3489 734 3570 ίμὸἄλλων
759 3493 803 3571 βῑ-
853 3496 1046 3577 sunt,inquit,
1067 3510 1095 3558 et
1108 3499 1598 3568 adnostraminstitutionemscri-
1611 3507 1649 3541 ¹¹·

113 3635 121 3663 ,
140 3589 277 3672 ἄνθρωπον
291 3591 412 3646 τοσοῦτον
434 3590 539 3662 πνεῦμα
561 3582 676 3664 ἔχοντα,
696 3587 733 3652 ὡς
755 3582 802 3644 καί
849 3603 912 3669 pta.
922 3587 1040 3670 ideoque
1051 3590 1196 3653 Timotheo
1203 3592 1310 3656 dicebat
1326 3618 1333 3654 ι
1347 3596 1480 3659 deiende
1494 3600 1598 3660 lectio-
1611 3559 1674 3670 brt
1674 3573 1705 3603 Μ’
1722 3559 1750 3617 ᾧ

112 3707 150 3743 νια
160 3679 276 3741 ἐλαύνειν
290 3674 450 3757 καὶνεκροῦς
463 3674 581 3759 ἐγείρειν·
590 3674 734 3756 Ἐχώμεθα
748 3674 803 3737 τοί·
853 3684 895 3759 ni,
905 3682 1116 3757 adhortationi,
1130 3683 1166 3745 ad
1177 3699 1299 3747 veterum
1309 3687 1443 3749 librorum
1457 3690 1599 3753 lectionem

112 3780 150 3835 ι’νίν
178 3771 368 3855 προκειμένων.
390 3769 555 3830 Ἀσπάσασθε
581 3767 737 3829 Ἐπαίνετον
756 3768 801 3829 τόν
852 3772 943 3853 ipsum
957 3771 1097 3848 inducens,
1112 3774 1249 3836 homiuem
1268 3792 1373 3838 tantum
1386 3780 1529 3842 habentem
1544 3784 1601 3866 spi-

112 3865 166 3938 ητόν
177 3889 235 3944 μου.
243 3863 328 3933 Ἄξιον
341 3867 456 3924 ἐντεῦθεν
468 3864 542 3935 ἰδεῖν,
556 3865 612 3927 πῶς
626 3861 730 3920 ἑκάστω
742 3859 844 3959 robe⁷2⁸⁶
852 3865 945 3941 ritum,
957 3879 988 3925 ut
1001 3864 1134 3925 daemonia
1148 3868 1256 3949 ejiceret
1272 3885 1297 3929 et
1312 3885 1432 3932 mortuos
1447 3873 1598 3936 suscitaret.

112 3981 151 4027 ους
163 3956 288 4036 άπονάμει
300 3954 439 4036 διαφόρους.
452 3951 522 4013 Οὐδὲ
533 3951 585 4033 γάρ
600 3953 716 4035 μικρὸςο
734 3956 802 4022 τοςθ
818 3975 838 4020 Α
853 3956 995 4037 Proposito
1029 3958 1121 4037 itaque
1149 3973 1239 4019 nostro
1272 3961 1429 4024 bareamus.
1464 3967 1602 4039 Salutate

112 4075 148 4124 ut,
163 4049 231 4111 ἀλλὰ
249 4048 295 4110 καί
308 4036 406 4129 θφόδθα
421 4045 504 4127 μέγα(
522 4046 567 4105 καί
582 4048 681 4118 πολλῆς
705 4049 801 4124 ἀρετῆς
853 4047 1031 4131 Epoenetuni'
1050 4051 1189 4110 &lectum
1201 4074 1305 4113 meum.
1327 4055 1403 4115 Licet
1423 4057 1488 4117 hine
1507 4058 1600 4120 obser·
1680 4121 1681 4125 ,

112 4142 199 4217 ,τικὸς,
215 4142 245 4202 τὸ
258 4142 366 4200 Παῦλον
384 4140 454 4221 ἔχειν
477 4138 624 4218 ἀγαπητὸν,
637 4137 681 4197 τόν
694 4141 743 4198 οθκ
758 4140 801 4198 εί·
852 4161 927 4217 vare,
943 4140 1078 4221 quomodo
1091 4141 1206 4221 singulis
1228 4165 1290 4205 suas
1301 4145 1375 4207 varie
1387 4147 1481 4210 laudes
1504 4150 1598 4212 distri-

112 4237 211 4319 ράριτι,
221 4232 291 4295 etti
300 4230 386 4315 κρίσει
396 4234 489 4311 φιλεῖν.
503 4222 571 4291 Εἶτα
585 4230 630 4290 καὶ
642 4229 707 4290 άλλο
718 4229 801 4312 ἐγκοί-
852 4233 927 4294 butt.
940 4235 1035 4314 Neque
1046 4233 1119 4293 enim
1133 4256 1216 4322 parra
1229 4236 1287 4297 haee
1296 4237 1357 4298 laus
1373 4255 1424 4317 est,
1441 4242 1490 4303 sed
1501 4264 1599 4325 magna

118 4328 170 4396 Ὅς
194 4329 265 4388 ἐστιν
289 4325 398 4406 ἀπαρχὴ
414 4328 462 4397 τῆς
472 4321 597 4404 1Ἀχαίας.
608 4320 647 4381 Ἦ
660 4320 711 4403 γάρ
724 4322 801 4384 τοῦτο’
853 4327 1000 4388 admodum
1022 4342 1048 4387 et
1074 4327 1189 4388 multam
1213 4329 1335 4392 indicans
1354 4334 1495 4413 virtutem,
1524 4338 1599 4418 quud

112 4469 120 4496 ,
135 4422 240 4482 ὅτιτῶν
255 4420 343 4480 ἄλλων
357 4416 480 4478 ἁπάντων
494 4415 664 4495 προεπήδησε
683 4415 728 4474 καὶ
739 4415 799 4476 ἐπί·
854 4422 956 4482 Paulus
978 4421 1058 4481 illum
1071 4421 1201 4483 dilectum
1223 4424 1329 4501 habeat,
1355 4428 1402 4507 qui
1417 4429 1551 4491 nesciebat
1563 4453 1599 4493 ex

112 4538 144 4585 εν,
156 4514 221 4594 ὅπερ
233 4514 262 4572 ού
285 4510 377 4591 μικρὸς
391 4511 514 4583 ἔπαινος,
529 4507 546 4580 ἢ
562 4511 602 4567 ότι
624 4506 732 4568 πάντων
746 4510 798 4569 τῶν
853 4514 946 4594 gratie
973 4515 1083 4591 affectu,
1098 4514 1147 4576 sed
1168 4538 1201 4577 er
1225 4517 1331 4601 judicio
1343 4521 1466 4603 diligere.
1494 4525 1598 4587 Deinde

112 4605 235 4665 ιπλείονα
247 4603 423 4664 ἐπιδείκνυται
436 4600 484 4674 τὴν
496 4601 644 4660 εὐλάύειαν.
656 4600 709 4660 Διλ
722 4607 800 4662 τοῦτο
852 4605 928 4667 aliud
953 4606 1074 4686 sequitur
1106 4608 1275 4690 encomium,
1305 4615 1363 4691 Qui
1392 4629 1435 4675 est
1459 4621 1599 4697 primitiae

112 4745 117 4774 .
131 4697 183 4766 Ὃς
199 4700 270 4757 ἔστιν
284 4695 394 4774 ἀπαρχὴ
408 4698 456 4763 τῆς
468 4692 591 4774 Ἀχαΐας,
608 4697 654 4754 οὐκ
667 4693 799 4773 ἐσίγησεν,
853 4699 989 4760 Achaioe.
1014 4699 1067 4760 Vel
1091 4702 1162 4761 enim
1175 4705 1226 4762 hoc
1248 4704 1326 4782 dicit,
1339 4705 1412 4784 quod
1424 4708 1492 4767 alios
1506 4730 1598 4769 omues

112 4790 189 4864 irio
204 4787 334 4866 κοσμικὴν
351 4786 516 4862 ὑποπτεύσῃς
531 4785 618 4856 δόξαν,
635 4786 703 4846 etit
717 4809 800 4867 προσ·
854 4791 985 4854 credendo
1008 4795 1185 4875 preverterit,
1207 4818 1265 4875 quae
1279 4818 1331 4856 non
1348 4799 1453 4859 modica
1471 4800 1531 4860 laus
1541 4815 1597 4879 est;

112 4920 129 4965 ι,
141 4893 189 4958 Εἰς
210 4888 335 4970 Χριστόν.
350 4890 384 4947 Εἰ
397 4886 449 4969 γάρ
463 4888 490 4945 ἐν
506 4895 559 4954 τοῖς
573 4888 718 4954 πολιτικοῖς
729 4885 801 4967 πρά·
853 4884 898 4946 rel
918 4885 992 4964 quod
1016 4885 1078 4968 plus
1091 4886 1199 4968 pietatis
1219 4888 1385 4967 exhibuerit,
1401 4913 1483 4971 quam
1500 4884 1597 4975 reliqui

112 4980 309 5064 νθπροιτεύων
325 4980 406 5058 μέγας
428 4971 494 5038 εἶναι
516 4980 586 5038 δοκεῖ
603 4976 647 5037 καί
660 4980 795 5059 λαμπρός·
855 4999 956 5038 omues.
989 4977 1053 5039 ideo
1080 5001 1142 5038 cum
1164 4978 1288 5056 dixismt,
1313 4983 1370 5061 Qui
1390 4999 1433 5063 est
1459 4989 1597 5061 primitiae

112 5081 120 5134 i
141 5079 240 5155 μᾶλλον
252 5080 279 5136 ἐν
290 5075 398 5142 τούτοις.
412 5072 491 5133 Ἐπεὶ
504 5071 555 5153 γάρ
570 5070 637 5140 εἰκὸς
657 5063 689 5144 ἦν
709 5072 801 5143 αύτούς
818 5087 836 5136 13
855 5072 991 5154 Aebaiae,
1003 5093 1054 5135 non
1073 5073 1166 5154 tacuit,
1188 5093 1221 5135 ne
1240 5075 1404 5138 mundanam
1422 5081 1597 5162 suspicareris

112 5243 199 5296 atilius
211 5245 235 5295 in
249 5261 327 5312 marg.
339 5245 375 5310 [νῑ
386 5245 425 5309 h]
435 5249 602 5313 προσκείμενον.
