3728 5978
567 523 601 568 tit
628 521 735 571 Entsr.
764 521 810 568 ΑΙ)
835 522 917 570 nott.
947 523 1065 573 notite.
1093 523 1177 572 XXll.

1602 504 1671 601 7ίὸ

101 653 169 721 κῶς,
180 647 281 706 τίσεται
291 647 381 726 σαφῶς
392 637 436 705 διδ
453 648 506 704 τῶν
519 645 695 724 πραγμάτων,
710 644 751 706 ότι
770 645 873 725 μείζους
927 645 1011 705 serios
1020 646 1159 726 percellas,
1172 667 1204 705 uc
1214 667 1263 727 per
1270 666 1350 727 opera
1360 645 1422 707 illos
1433 647 1539 729 docens,
1554 662 1580 710 te
1589 650 1671 712 aliam

101 747 154 800 τῶν
165 738 301 819 παρόντων
313 736 404 817 ἑτέρας
416 735 486 817 ἔχεις
506 736 627 803 ἐλπίδας·
639 739 691 810 ὡς,
706 737 738 795 ἀν
748 743 824 797 τοῦτο
834 736 872 814 μὴ
892 746 909 792 Β
926 750 1035 818 carpere
1061 737 1144 798 viam.
1166 738 1237 798 Nam
1267 736 1289 796 si
1312 752 1339 797 te
1356 737 1455 800 viderit
1469 740 1629 823 gaudentem
1644 757 1670 803 et

102 838 195 911 ποιῇς,
208 828 277 889 ἀλλά
296 828 391 908 κλαίῃς
404 828 555 908 καύὐδύρη,
573 829 651 888 πόθεν
666 829 806 902 δυνήσεται
817 852 873 905 μα·
925 833 1041 892 alacrem
1059 833 1127 892 dum
1148 832 1218 892 male
1243 834 1350 914 paterio,
1372 855 1406 894 ex
1420 835 1501 896 rebus
1519 836 1585 918 ipsis
1601 838 1672 899 clane

101 932 153 985 θεῖν
170 928 279 997 ἐκεῖνος,
299 922 340 981 ὐτι
361 923 451 1002 ἑτέραν
471 921 540 995 ζωὴν
559 921 711 998 ἀναμένεις,
728 920 781 980 Καί
806 919 874 999 μετὰ
929 923 1025 1003 disset,
1054 938 1079 984 te
1100 945 1175 1006 spem
1195 924 1295 985 habere
1309 928 1484 1007 presentibus
1493 930 1574 989 rebus
1584 933 1671 1013 majo·

13 1017 15 1021 ’
101 1018 193 1077 τούτου
215 1015 242 1074 δὲ
260 1015 341 1074 πολιν
355 1015 400 1072 καὶ
414 1012 501 1093 ἕτερον
514 1013 701 1094 κατορθώσεις·
717 1014 749 1072 ἀν
763 1012 815 1093 γάρ
830 1012 872 1093 ίδῃ
927 1039 985 1079 rem
1000 1041 1007 1076 τ
1022 1017 1242 1098 quandoquidem
1262 1019 1286 1078 si
1298 1019 1351 1078 hoc
1364 1040 1416 1078 non
1429 1021 1534 1096 seceris,
1553 1021 1600 1082 sed
1621 1023 1672 1082 fle-

101 1135 132 1170 σε
141 1114 188 1169 οὐκ
202 1111 331 1187 ἀλγοῦντα
350 1114 406 1172 ταῖς
424 1105 540 1186 θόρεσιν,
555 1105 624 1165 ἀλλὰ
638 1104 683 1165 καί
702 1108 873 1185 εὐλογοῦντα,
901 1140 903 1145 ·
927 1111 999 1172 veris
1009 1125 1034 1171 et
1043 1112 1203 1170 lamentatus
1212 1110 1383 1185 fueris,unde
1393 1112 1493 1192 poterit
1507 1113 1555 1173 ille
1564 1115 1671 1175 scirete

101 1202 231 1262 παύσεται
250 1198 373 1258 ἐλαύνων.
392 1196 466 1277 Ὅρα
477 1196 573 1269 τοίνυν,
586 1196 635 1255 dou
646 1201 762 1256 ἐντεῦθεν
772 1196 872 1276 γίνεται
926 1200 1008 1262 aliam
1024 1203 1108 1262 vitam
1124 1202 1298 1283 exspectare?
1313 1201 1395 1260 Aliud
1405 1217 1534 1284 preterea
1547 1218 1618 1265 recte
1630 1206 1670 1266 fa·

101 1294 135 1352 τὰ
149 1292 231 1352 καλά·
246 1289 292 1348 καί
303 1289 344 1348 σοὶ
356 1287 447 1365 μισθὸς
461 1289 556 1365 μείζων
568 1287 786 1368 intempesta<
796 1289 872 1346 ἐλάτ-
926 1307 1000 1353 ctum
1007 1294 1081 1354 edes:
1090 1292 1193 1353 sienim
1204 1307 1230 1352 te
1239 1292 1555 1356 videritdecontumeliis
1566 1295 1671 1357 nondo-

101 1408 164 1455 των,
175 1385 293 1446 κάκεῖνος
308 1379 489 1450 ἀποστήσεται
499 1377 611 1453 διώκων,
621 1378 668 1438 καί
681 1382 696 1437 ὁ
707 1378 775 1445 Θεὸς
795 1379 872 1448 δοξα-
925 1383 1083 1460 lentemsed
1090 1385 1482 1467 benedicentem,persoquendi
1490 1388 1571 1448 finem
1581 1389 1670 1449 saciet.

100 1478 248 1547 σθήσεται,
276 1471 322 1530 καί
351 1469 509 1529 διδασκαλία
529 1474 568 1550 τῷ
594 1470 871 1550 ’πεπλημμελημίνφ
925 1477 998 1540 Vide
1010 1479 1092 1559 igitur
1102 1492 1202 1562 quanta
1228 1478 1293 1537 hinc
1308 1479 1379 1539 hona
1399 1494 1596 1559 emergantret
1616 1481 1670 1541 tibi

99 1568 238 1647 γενήσεται
255 1566 320 1645 πρὸς
333 1563 495 1634 τύσέθειανῆ
511 1561 544 1634 οὴ
560 1562 708 1643 φιλοσοφία.
722 1561 775 1621 Διδι
795 1569 872 1623 τοῦτο
926 1591 1025 1630 merces
1038 1572 1124 1651 major
1145 1583 1172 1630 et
1184 1571 1294 1630 tentatio
1314 1571 1414 1649 minor,
1431 1585 1457 1631 et
1479 1572 1528 1632 ille
1547 1575 1672 1654 persequi

100 1661 159 1741 οὐχί
179 1658 239 1728 τούς
248 1657 401 1739 θόρίζοντας
414 1655 501 1734 μόνον,
515 1653 583 1714 ἀλλά
599 1655 644 1714 καὶ
657 1653 716 1723 τούς
729 1654 872 1725 διώκοντας
929 1661 1053 1736 cassabit,
1064 1675 1090 1720 ct
1106 1663 1181 1723 Deus
1199 1663 1433 1742 glorificabitur,et
1442 1663 1617 1746 philosophia
1625 1680 1672 1726 tua

100 1752 146 1812 καὶ
160 1752 203 1811 διὰ
222 1756 275 1810 τῶν
289 1747 453 1831 πραγμάτων
465 1747 670 1826 ἐπηρεάζοντας,
680 1755 735 1815 τοῖς
748 1747 873 1814 ἐναντίοις
888 1755 907 1803 C
924 1753 1025 1812 erranti
1047 1751 1170 1812 doctrina
1183 1753 1245 1830 erit,
1263 1774 1318 1832 qun
1338 1753 1374 1812 ad
1395 1755 1521 1835 pietatem
1543 1756 1670 1819 ducatur.

101 1844 256 1924 ἀμείόεσθαι
266 1842 394 1902 ἐκελευσε.
406 1839 459 1900 Καὶ
468 1846 513 1898 νῦν
521 1836 570 1916 μὲν
584 1838 678 1905 αὐτοὺς
687 1842 802 1918 εὐλογεῖν
812 1839 872 1900 ἐπί·
924 1843 988 1903 Ideo
1003 1865 1054 1904 non
1078 1845 1239 1905 contumelia
1252 1844 1400 1904 afficientes
1410 1845 1500 1921 modo,
1521 1846 1568 1906 sed
1585 1848 1668 1909 ctiam

100 1936 177 2005 ταξε·
193 1934 290 2017 προϊὼν
302 1933 329 1993 δὲ
339 1932 385 1991 καί
399 1932 482 2011 ἔργοις
494 1936 636 2009 εὐεργετεῖν
650 1939 783 2011 παραινεῖ.
801 1931 872 1992 Χαί-
924 1950 1142 2015 persequenteset
1152 1936 1281 2016 operibus
1294 1949 1427 2011 nocentes,
1433 1927 1512 2017 jubet
1519 1939 1664 2007 contrariis

101 2055 154 2112 ρειν
176 2028 242 2108 μετύ.
257 2025 415 2107 χαιρόντων,
437 2023 483 2083 καὶ
507 2022 607 2082 κλαίειν
629 2023 696 2103 μετὰ
718 2023 870 2084 κλαιόντων.

100 2121 212 2193 Ἐπειδὴ
222 2119 273 2199 γύρ
285 2119 354 2177 ἔστιν
365 2119 505 2194 εὐλογῆσαι
516 2113 573 2194 μὲν,
583 2116 628 2175 καί
640 2115 678 2193 μὴ
689 2123 871 2198 καταρᾶσθαι,

100 2217 115 2244 *
125 2213 162 2291 μθ,
172 2212 223 2291 μὴν
238 2210 265 2279 ἐξ
280 2209 385 2287 ἀγάπης
394 2214 471 2267 τοῦτο
484 2211 607 2279 ποιῆσαι,
623 2207 744 2286 βούλεται
760 2209 806 2268 καί
815 2210 872 2268 δια-

100 2305 283 2386 θερμαίνεσθαι
300 2306 412 2381 iudet-fi
428 2299 511 2380 φιλίφ.
522 2299 570 2358 Διὸ
583 2299 629 2358 καὶ
642 2305 718 2358 τοῦτο
729 2299 871 2379 ἐπήγαγεν,

102 2399 171 2458 ὥστε
181 2395 217 2475 μὴ
230 2396 306 2473 μόνον
318 2397 442 2471 εὐλογεῖν,
456 2389 524 2451 ἀλλά
538 2390 584 2449 καὶ
598 2393 736 2470 συναλγεῖν
747 2391 792 2451 καί
802 2416 870 2468 συμ-

100 2491 224 2569 πάσχειν,
241 2487 289 2545 ιἐί
307 2509 370 2545 ποτε
394 2482 595 2561 ἴδοιμεναύτούς
611 2495 732 2564 συμφορᾷ
758 2506 870 2564 περιπε-

100 2581 201 2646 σόντας.
215 2578 282 2651 Ναί,
295 2576 389 2658 φησίν·
404 2575 473 2635 ἀλλά
487 2575 518 2634 τὸ
537 2573 584 2652 μὲν
595 2578 731 2654 συναλγεῖν
741 2584 794 2643 τοῖς
808 2581 872 2656 θρη-

99 2679 185 2732 νοῦσιν
202 2671 309 2736 εἰκότως
328 2667 450 2736 ἐπέταξε·
461 2668 492 2727 τδ
506 2665 533 2725 δὲ
546 2665 633 2746 ἕτερον
656 2666 683 2724 τί
703 2666 800 2739 δήποτε
813 2667 871 2726 tat-

925 2030 1100 2090 remunerari.
1115 2028 1152 2087 Et
1161 2027 1352 2106 nuncquidem
1371 2029 1427 2089 iilis
1442 2029 1670 2111 benedicerejus·

925 2122 960 2180 sit
967 2145 977 2199 3
1000 2127 1157 2202 progressus
1173 2142 1238 2180 roro
1257 2121 1338 2180 etiam
1361 2122 1487 2202 operibus
1512 2124 1671 2186 benefacere

926 2212 992 2294 ipsis
1006 2212 1140 2272 hortatur.
1160 2212 1208 2272 15.
1229 2213 1366 2272 Gaudere
1380 2235 1446 2272 cum
1459 2217 1669 2294 gaudentibus,

926 2318 954 2364 et
958 2305 1104 2388 jiereeum
1112 2305 1261 2381 flentibus.
1274 2305 1346 2377 Quia
1365 2305 1437 2364 enim
1454 2320 1542 2386 potest
1554 2307 1616 2386 quis
1625 2308 1672 2368 be-

926 2397 1049 2456 nedicere
1057 2411 1080 2456 et
1091 2417 1144 2455 non
1158 2393 1328 2470 maledicere,
1347 2416 1395 2455 nec
1405 2410 1492 2456 tamen
1500 2418 1535 2457 ex
1547 2396 1671 2459 dilectio-

926 2510 960 2548 ne
973 2489 1025 2548 hoc
1042 2489 1138 2564 facere,
1160 2486 1221 2546 vult
1240 2487 1287 2547 ille
1306 2501 1337 2547 ut
1354 2487 1498 2548 dilectione
1513 2489 1669 2550 ardeamus.

926 2582 991 2643 ideo
1004 2581 1073 2642 illud
1091 2579 1223 2656 subdidit,
1249 2593 1279 2640 ut
1298 2602 1351 2640 non
1368 2581 1449 2641 modo
1461 2581 1667 2657 benedicamus,

926 2673 974 2733 scd
987 2687 1013 2733 et
1024 2671 1230 2753 compatiamur,
1240 2672 1263 2730 si
1273 2671 1382 2749 quando
1399 2671 1460 2731 illos
1484 2672 1513 2731 in
1527 2671 1672 2735 calamin-

99 2769 202 2837 λενσεν,
212 2762 360 2840 οὗδένμίγα
371 2761 413 2831 itt
425 2759 558 2836 Καίτθῑγῑ
568 2760 871 2842 ἕκῖῖῖοφῖλθσθφωτὲρντ
888 2779 908 2826 n
925 2779 979 2825 tem
996 2766 1085 2845 lapsos
1097 2763 1248 2824 videamus.
1265 2761 1368 2840 Etiam,
1384 2763 1492 2841 inquies
1512 2789 1519 2822 :
1542 2764 1672 2824 flentibus

98 2859 293 2937 δεῖταιψεχῆς,
312 2855 343 2913 τδ
356 2852 459 2933 χαίρειν
471 2850 538 2929 μετὰ
563 2850 721 2931 χαιρόντων,
733 2855 832 2929 μᾶλλον
852 2852 869 2925 ἢ

97 2948 129 3008 τδ
141 2947 241 3007 κλαίειν
258 2945 326 3024 μετδι
341 2945 496 3004 κλαιόντων.
514 2945 600 3003 Τοῦτο
615 2942 662 3021 μὲν
676 2942 783 3023 γὰρκαὶ
796 2943 872 3025 ἡφύ·

99 3064 139 3108 σις
162 3038 228 3110 αὐτὴ
246 3043 380 3117 κατορθοῖ,
399 3036 444 3095 καί
470 3034 553 3101 οὐδείς
575 3033 644 3093 οὕτω
663 3034 773 3107 λίθινος,
795 3037 822 3103 θς
841 3039 871 3096 οὐ

99 3132 186 3191 κλαίει
197 3132 240 3191 τδν
256 3135 283 3190 ἰν
293 3138 438 3209 συμφοραῖς
451 3128 526 3187 ὄντα·
539 3128 622 3186 ἐκεῖνο
632 3127 660 3186 δὲ
673 3127 794 3206 γενναίας
807 3129 871 3209 σφό-

101 3225 150 3304 δρα
160 3225 243 3283 δεῖται
253 3225 356 3303 ψυχῆς,
366 3219 434 3279 disse
445 3222 483 3300 τῷ
497 3220 677 3297 εὐδοκιμοῦντι
686 3219 722 3298 μὴ
735 3218 813 3298 μόνον
832 3219 870 3298 μὴ

101 3322 213 3396 φθονεῖν,
222 3313 291 3374 ἀλλά
304 3314 349 3371 καί
362 3312 525 3384 συνήδεσθαι.
537 3310 589 3370 nit
599 3319 675 3371 τοῦτο
687 3312 732 3371 καί
745 3313 871 3396 πρότερον

102 3408 166 3467 αὐτὸ
179 3407 303 3466 τέθεικεν.
318 3403 402 3464 Οὐδὲν
413 3403 466 3486 γάρ
480 3399 561 3470 οὐτως
581 3405 687 3481 ἀγάπην
698 3405 821 3484 συνάγει,
836 3409 872 3473 ὣς

102 3498 163 3558 όταν
179 3499 224 3557 καὶ
238 3507 323 3579 χαρᾶς
336 3497 382 3555 καὶ
401 3495 487 3567 λάπης
499 3497 664 3572 κοινωνῶμεν
677 3498 810 3568 ἀλληλοις.
825 3496 871 3569 Μὴ

101 3591 196 3665 τοίνυν,
207 3590 298 3661 ἐπειδὴ
317 3589 408 3668 πόρρω
421 3591 473 3646 τῶν
488 3589 577 3647 δεινῶν
591 3587 667 3655 αὐτθς
686 3587 816 3663 ἕστηκας,
828 3591 874 3650 καί

101 3687 149 3754 τῆς
162 3670 326 3759 συμπαθείας
339 3681 400 3758 μένε
416 3679 504 3746 ἐκτός·
521 3679 566 3738 καὶ
581 3677 632 3760 γὰρ
643 3678 688 3738 καί
701 3686 747 3740 τοῦ
762 3680 874 3754 πλησίον
891 3691 911 3739 E
929 3683 1102 3743 dilectionem
1110 3680 1246 3755 conciliat,
1257 3694 1288 3738 ut
1300 3699 1362 3739 oum
1375 3693 1401 3739 et
1422 3680 1553 3761 gaudium
1567 3695 1594 3741 et
1605 3702 1681 3747 moer

102 3774 229 3841 παθόντος
247 3776 349 3846 κακῶς,
364 3770 452 3843 κοινὴν
466 3771 578 3851 ὀφείλεις
593 3777 725 3831 ποιεῖσθαι
740 3773 788 3845 τὴν
803 3797 875 3853 συμ-

927 2854 1067 2916 condolere
1088 2853 1184 2913 merito
1194 2854 1293 2935 jussit;
1307 2853 1385 2913 aliud
1401 2857 1671 2937 verocurpraeoepit,
1753 2871 1758 2881 '

927 2969 988 3007 cum
1003 2947 1071 3006 nihil
1085 2946 1175 3025 magni
1202 2945 1257 3004 sit?
1279 2945 1361 3024 Atqui
1376 2944 1449 3004 illud
1472 2945 1564 3006 animo
1582 2947 1671 3027 magis

926 3037 1114 3120 philosophico
1123 3058 1193 3117 opus
1203 3035 1293 3112 habet,
1303 3035 1420 3115 gaudere
1428 3057 1524 3118 nempe
1532 3058 1597 3096 cum
1605 3058 1672 3117 gau·

925 3129 1061 3204 dentibus,
1075 3150 1158 3208 quam
1168 3129 1233 3189 llere
1241 3149 1303 3186 cum
1312 3128 1450 3188 flentibus.
1460 3129 1518 3188 Hoc
1526 3129 1599 3189 enim
1612 3129 1672 3211 ipsa

925 3234 1022 3280 natura
1031 3220 1114 3280 efficit
1118 3244 1128 3298 5
1141 3240 1220 3278 nemo
1231 3217 1304 3278 euim
1317 3232 1357 3277 est
1368 3219 1405 3278 ita
1418 3217 1553 3299 lapideus,
1566 3235 1597 3281 ut
1617 3240 1672 3281 non

926 3312 1110 3389 defleateum,
1126 3311 1175 3390 qui
1193 3311 1220 3369 in
1237 3310 1561 3371 calamitatibusversntnr
1575 3311 1669 3371 :illud

928 3419 1017 3464 autem
1042 3402 1161 3484 generosi
1189 3400 1338 3461 admodum
1365 3416 1404 3461 est
1427 3401 1523 3476 animi,
1540 3423 1669 3484 prospere

927 3495 1018 3577 agenti
1028 3516 1082 3555 non
1096 3494 1175 3554 modo
1188 3514 1241 3552 non
1253 3491 1384 3570 invidere,
1396 3492 1445 3552 sed
1457 3492 1538 3554 etiam
1551 3514 1672 3574 congau-

929 3591 1002 3651 dere.
1027 3589 1091 3653 Ideo
1105 3587 1175 3647 illud
1192 3587 1312 3668 primum
1334 3587 1434 3667 posuit.
1457 3587 1534 3648 Nihil
1548 3588 1622 3648 enim
1634 3587 1674 3650 ita

930 3797 1019 3837 rorem
1029 3794 1198 3835 communem
1204 3773 1328 3831 iacimus.
1343 3773 1384 3831 Ne
1393 3771 1490 3852 igitur,
1498 3773 1673 3855 quintupro·

102 3867 194 3948 φοράν.
214 3865 340 3925 Κοινώνει
362 3864 448 3924 τοίνυν
471 3868 523 3922 τῶν
542 3863 729 3942 δακρῦων,ὐνα
750 3866 877 3946 κουφότης
931 3868 1021 3928 cnlab
1035 3866 1163 3926 aerumnis
1173 3885 1212 3937 es,
1224 3863 1330 3923 etiams
1343 3863 1576 3924 commiseratione
1588 3886 1675 3926 semo·

102 3957 150 4030 τὴν
169 3957 298 4035 ἀθυμίαν·
320 3955 440 4015 κοινώνει
462 3964 564 4036 χαρᾶς,
581 3954 625 4015 ἵνα
642 3955 754 4037 ῥιζώσῃ(
769 3956 818 4029 τὴν
831 3962 875 4018 εὐ-

103 4048 243 4129 φροωίνην,
253 4048 299 4107 καὶ
309 4047 394 4127 πάξης
403 4046 450 4120 τλν
459 4047 574 4126 ἀγάπην,
584 4048 630 4106 καὶ
637 4049 689 4128 πρδ
700 4048 799 4108 ἐκείνου
809 4073 875 4110 σαυ-

103 4141 147 4200 τύν
162 4139 317 4221 ὦφελήαης,
334 4139 377 4198 διδ
393 4138 441 4218 μὲν
452 4147 497 4198 τοῦ
514 4138 636 4218 δακρύειν
649 4140 779 4220 ἐλεήμονα
789 4165 874 4202 κατα-

103 4230 245 4300 σκευάζων,
262 4231 305 4290 διὰ
321 4231 348 4289 δὲ
362 4238 407 4290 τοῦ
421 4231 578 4302 συνήδεσθαι
593 4229 686 4310 φθόνου
708 4231 753 4291 καί
771 4236 875 4304 βασκα-

102 4322 159 4390 νίας
178 4325 270 4384 ἑαυτδν
286 4322 458 4406 ἐκκαθαίρων.
475 4322 576 4383 Σκόπει
599 4322 629 4382 δέ
642 4346 687 4402 μοι
700 4325 746 4383 καί
767 4327 797 4386 τθ
811 4329 875 4384 ἀνε-

931 3960 1036 4022 voaris:
1048 3980 1112 4018 nam
1132 3978 1195 4017 cum
1223 3956 1365 4036 proximus
1386 3969 1449 4015 tuus
1474 3957 1545 4016 male
1560 3958 1673 4038 patitur,

930 4072 1100 4114 communem
1110 4051 1197 4109 iacere
1211 4046 1293 4107 debes
1308 4045 1498 4107 calamitatem.
1513 4049 1676 4110 Communes

930 4144 1055 4226 orgotibi
1065 4143 1120 4202 sint
1131 4143 1269 4222 lacrymae,
1277 4153 1309 4199 ut
1320 4140 1459 4200 tristitiam
1470 4140 1545 4202 iilius
1553 4143 1654 4204 alleves
1667 4167 1675 4201 t

930 4256 1071 4297 commune
1091 4232 1233 4313 gaudium,
1246 4245 1277 4290 ut
1291 4230 1390 4291 laetitiae
1413 4230 1516 4292 radices
1536 4254 1632 4314 μοιιεε,
1648 4248 1674 4295 et

931 4327 1104 4388 dilectionem
1117 4324 1271 4401 confirmes,
1286 4335 1313 4381 et
1327 4321 1367 4382 sic
1381 4335 1442 4382 aute
1456 4323 1537 4383 illum
1548 4323 1675 4405 teipsum

103 4415 204 4494 παχθὲς
216 4420 261 4475 τοῦ
284 4415 402 4475 Παύλου.
418 4418 459 4474 Οὐ
473 4415 524 4497 γδρ
539 4405 613 4488 εἶπε,
627 4418 705 4474 λῦσον
716 4416 764 4489 τλν
776 4441 876 4498 συμφο-
929 4418 1050 4503 juvabis,
1059 4416 1127 4477 dum
1140 4436 1188 4497 per
1207 4415 1343 4496 lacrymas
1354 4412 1557 4474 misericordem
1567 4415 1673 4495 reddis,

106 4505 163 4584 ρδν,
176 4505 220 4566 θνα
235 4507 272 4584 μὴ
297 4507 376 4586 λέγῃς
399 4506 526 4573 πολλάκις
543 4506 584 4566 ὅτι
602 4506 749 4581 ἀδύνατον·
764 4509 833 4569 ἀλλά
848 4511 877 4570 τδ
932 4528 959 4573 et
972 4533 1021 4594 per
1039 4529 1181 4569 commune
1201 4506 1332 4588 gaudium
1350 4520 1376 4566 te
1393 4506 1429 4574 ab
1450 4505 1554 4568 invidia
1567 4507 1676 4570 liberas.

105 4597 258 4679 κουφότερον
272 4598 398 4674 ἐπέταξε,
409 4599 454 4658 καί
466 4590 495 4657 οὐ
509 4597 596 4680 κύριος
603 4590 634 4657 εί.
646 4600 704 4659 Κάν
715 4599 767 4681 γὰρ
778 4603 877 4662 ἀνελεῖν
888 4640 923 4680 ⁶3,
933 4606 1070 4667 Observes
1082 4614 1173 4660 autem
1193 4600 1289 4675 velim,
1311 4620 1394 4678 quam
1409 4619 1462 4658 non
1490 4620 1618 4660 onerosus
1643 4602 1679 4660 sit

105 4688 143 4766 μὴ
159 4688 269 4770 δυνηθῇς
288 4690 319 4749 τὸ
337 4691 430 4764 δεινὸν,
444 4689 533 4769 είσαγε
547 4690 663 4772 δάκρυα,
678 4691 724 4751 καὶ
738 4692 768 4752 τδ
788 4696 877 4753 πλεῖον
898 4696 917 4743 Λ
936 4695 1049 4757 Paulus.
1069 4693 1130 4753 Non
1143 4691 1215 4751 enim
1237 4690 1318 4767 dixit,
1336 4690 1418 4750 Solve
1439 4689 1629 4768 calamitatem,
1645 4711 1679 4751 ne

105 4783 219 4849 ἀνεῖλες·
233 4782 282 4840 κάν
299 4781 335 4860 μὴ
351 4784 463 4861 δυνηθῇς
474 4781 586 4852 αὐξῆσαι
597 4782 645 4855 riv
657 4783 810 4864 εὐημερίαν,
825 4784 880 4847 sio·
936 4808 1007 4869 saepo
1015 4786 1091 4845 dicas
1099 4782 1130 4843 id
1138 4783 1197 4842 lieri
1205 4802 1257 4841 non
1267 4802 1360 4861 posse3
1370 4780 1415 4839 sod
1424 4779 1500 4858 quod
1510 4779 1616 4857 facilius
1622 4778 1679 4842 erat

106 4896 153 4951 αγε
175 4872 224 4945 τὴν
238 4872 334 4954 χαρδιν,
346 4874 392 4933 καί
412 4872 512 4946 πολλὴν
523 4873 571 4946 τὴν
585 4875 737 4955 προσθήκην
745 4875 880 4948 ἐποίησας.
938 4875 1076 4958 praecepit,
1091 4888 1118 4934 et
1131 4869 1237 4952 quodin
1251 4868 1378 4929 facultate
1385 4882 1430 4926 tua
1440 4867 1522 4928 situm
1529 4881 1595 4929 erat.
1603 4868 1680 4929 Licet

140 5097 151 5120 ⁸
169 5082 224 5131 Duo
234 5083 293 5132 liss-
307 5089 482 5149 πεπλανημένῳ.
494 5079 552 5150 [Sic
564 5092 589 5130 et
607 5085 635 5135 Α.
649 5095 674 5132 et
688 5099 767 5151 marg.
781 5083 871 5149 Servii,
922 5085 998 5134 etiem
1010 5098 1090 5148 marg.
1106 5078 1196 5145 sivit]

109 5158 184 5226 idque
195 5159 370 5227 Pfaefeflffluffi]
954 5164 969 5202 θ
987 5162 1057 5213 Unus
1064 5157 1155 5212 Codex
1171 5167 1246 5215 ιῖποτι
1258 5158 1350 5222 ῖθοιμιν.
1359 5149 1614 5235 [wetelesheim
1628 5158 1681 5208 ten·

142 5243 152 5261 ⁴
171 5237 216 5305 [Α.
227 5249 261 5304 μὴ
284 5237 456 5308 καῖαραῖσασθαι
477 5244 559 5307 καὶμὴ
570 5249 625 5305 μήν.
639 5240 720 5306 Atque
740 5247 778 5294 καί
798 5238 875 5290 habet
922 5241 986 5306 μιν]

1508 5323 1558 5382 51.
