3728 5978
549 439 583 486 ru
611 437 720 486 nersr.
747 433 794 482 ιιι
820 433 903 482 nou.
931 432 1049 485 nourr·
1080 434 1141 483 κει.
1562 407 1631 508 597

58 557 145 632 ὑμῶν,
162 555 388 639 ἀνεπαχθέστερον
403 560 487 618 ποιῶν
507 557 552 618 τδν
570 559 657 639 λύγον.
684 555 779 619 Καίτοι
798 554 830 614 τὸ
883 573 1024 615 onerosam
1040 554 1166 615 reddens.
1183 553 1266 633 Atqui
1285 550 1356 613 illud
1373 551 1484 632 quidem
1508 551 1632 612 immun-

57 645 107 722 μὲν
122 647 282 725 ἀκαθαρσία,
301 648 332 707 τὸ
350 648 379 707 δί
399 649 543 726 ἁγιασμός·
562 649 655 728 τὸμὲν
670 646 785 726 ἀνομία,
799 645 830 707 τδ
882 643 972 718 ditia,
995 645 1049 705 hoc
1061 666 1126 705 vero
1139 643 1315 704 sanctificatio
1326 667 1337 722 ρ
1350 642 1421 703 illud
1432 642 1570 723 iniquius,
1580 643 1633 704 hoe

57 735 85 796 δί
100 735 264 808 δικαιοσύνη.
286 739 340 803 Καὶ
351 739 391 807 τίς
404 738 486 806 οὕτως
498 739 586 808 ἄθλιος
596 739 642 803 καί
653 736 851 820 ταλαίπωροι,’
883 756 948 797 vero
957 737 1073 817 justitia.
1088 736 1190 815 Ecquis
1207 736 1245 795 ita
1265 735 1346 795 miser
1366 750 1393 795 et
1413 736 1510 797 infelix
1528 749 1578 810 est,
1601 749 1633 796 ut

55 831 92 894 ὡς
104 827 171 906 μηδὲ
181 828 310 901 τοσαύτην
321 832 475 911 εἰσενεγκεῖν
486 831 601 904 σπουδὴν
612 836 645 912 τῇ
657 827 830 909 τοῢΧριστοῢ
883 846 938 885 non
951 840 1053 886 tautam
1073 827 1101 886 in
1115 826 1217 886 Christi
1233 826 1363 887 servitute
1378 848 1473 887 curam
1490 825 1631 907 adhibeat,

57 918 182 999 δουλείᾳ,
205 919 269 991 ὅσην
289 925 323 1000 τῇ
346 926 394 994 τῆς
417 922 549 1002 ἁμαρτίας
564 921 669 985 καὶτοῦ
688 919 844 994 διαύολουι,
883 930 1013 994 quantam
1027 916 1055 976 iu
1068 917 1198 978 servitute
1210 917 1313 998 peccati
1341 931 1367 978 ct
1390 917 1516 978 diaboli?
1539 919 1633 996 ltaque

56 1014 160 1072 Οὐκοῦν
176 1012 288 1072 ἄκουσον
300 1016 353 1072 τῶν
369 1014 444 1089 ἑξῆς,
463 1015 508 1074 καλ
521 1015 578 1095 είσῃ
590 1016 681 1096 copis<
691 1059 701 1088 ,
717 1012 759 1074 ὅτι
772 1009 831 1072 otti
884 1007 950 1068 nudi
960 1009 1110 1088 sequentia,
1122 1023 1149 1069 et
1165 1009 1236 1070 clare
1246 1008 1346 1088 disces,
1355 1031 1403 1070 nos
1412 1030 1446 1070 ne
1456 1010 1508 1070 hoe
1520 1008 1632 1089 quidem

56 1103 89 1162 τδ
103 1103 196 1185 μικρὸν
207 1109 285 1164 τοῦτο
294 1105 457 1186 εἰσφέρομεν.
472 1104 584 1178 Ἐπειδὴ
598 1103 651 1186 γὰρ
660 1105 751 1169 ἁπλῶς
762 1100 831 1160 οὕτω
884 1098 1016 1179 pusillum
1029 1100 1137 1159 afferre.
1152 1100 1224 1173 Quia
1240 1101 1311 1160 enim
1333 1099 1404 1159 illud
1420 1100 1459 1160 ita
1471 1100 1632 1183 simpliciter

55 1195 196 1273 λεγόμενον
210 1195 353 1256 metetur
370 1197 462 1256 πιστὸν
478 1189 614 1257 εἶναιούδὲ
626 1193 830 1275 computemus,
883 1184 1633 1269 fficiummllvldsbatureredibileessenequeecoepte·
1740 1242 1746 1251 .

56 1284 116 1345 οὐδὲ
135 1285 256 1366 ἠνείχετύ
275 1311 315 1356 τις
334 1289 458 1360 ἀκοῦσαι,
478 1287 520 1348 ὅτι
537 1291 565 1347 ού
582 1286 698 1348 δουλεύει
708 1291 831 1347 τοσοῦτον
883 1276 956 1351 hile,
973 1299 1022 1339 nee
1041 1279 1137 1339 audire
1159 1281 1304 1361 quisquam
1326 1280 1512 1360 sustinuisset,
1529 1302 1558 1341 se
1577 1301 1633 1341 non

56 1380 97 1455 τῷ
115 1378 241 1457 Χριστῷ,
266 1375 327 1436 ὅσον
351 1377 487 1439 ἐδούλευσε
508 1383 546 1458 τῷ
566 1377 694 1458 διαύολῳ,
714 1378 757 1436 διὰ
777 1381 832 1436 τῶν
884 1382 990 1430 tantum
1005 1372 1114 1432 Christo
1123 1374 1239 1451 servire,
1250 1387 1382 1454 quantum
1392 1374 1504 1436 servivit
1512 1374 1633 1450 diabulo,

57 1466 118 1538 ἑξῆς
134 1467 198 1525 αύτδ
214 1470 404 1537 κατασκευάζει
426 1468 471 1528 καί
492 1479 562 1529 ποιεῖ
580 1470 686 1545 πιστὸν,
705 1468 754 1542 τλν
771 1471 830 1527 dou·
847 1465 868 1512 Ε
885 1484 920 1523 ex
933 1465 1107 1543 sequentibus
1117 1465 1170 1526 ltoc
1178 1467 1269 1548 ipsum
1279 1468 1377 1548 probat
1389 1482 1416 1528 et
1429 1467 1560 1529 credibile
1569 1466 1632 1528 red·

56 1558 131 1618 λείαν
142 1558 244 1631 ἐκείνην
259 1558 329 1636 ἄγων
344 1561 381 1626 εἰς
392 1559 484 1638 μέσον,
498 1560 544 1620 καί
553 1560 638 1640 λέγων
648 1565 706 1629 πῶς
714 1559 830 1620 ἐδούλευ·
884 1552 938 1632 dit,
951 1555 1111 1615 servitutem
1120 1555 1197 1615 illam
1210 1557 1238 1616 in
1249 1556 1492 1618 mediumaiferens
1499 1603 1510 1636 ,
1524 1572 1552 1618 et
1559 1579 1631 1638 quo·

57 1673 119 1709 σαν.
140 1648 208 1709 Ὅτε
219 1649 270 1730 γὰρ
280 1642 328 1723 ἥτε
339 1651 439 1726 δοῦλοι,
452 1653 531 1732 φησί,
544 1657 593 1725 τῆς
602 1651 743 1732 ἁμαρτίας,
756 1649 831 1711 ἐλεύ-
884 1644 966 1706 modo
977 1646 1128 1722 servierint,
1143 1646 1245 1708 dicens.
1266 1652 1315 1708 920.
1331 1651 1406 1709 Cum
1420 1655 1498 1710 enim
1512 1655 1630 1726 essetis,

58 1744 129 1822 θεροι
139 1731 186 1812 ἦτε
199 1744 233 1821 τῇ
245 1743 408 1822 δικαιοσύνη.
430 1741 468 1803 Ὃ
481 1743 509 1804 δὲ
520 1742 606 1824 λέγει,
619 1741 737 1803 τοιοῦτόν
749 1743 830 1801 ἐστιν·
884 1738 974 1817 inquit
981 1782 991 1815 ,
1004 1742 1202 1820 servipeccati
1215 1784 1226 1813 ,
1241 1741 1326 1800 liberi
1337 1745 1576 1824 eratisjustitioe5
1600 1740 1632 1802 id

57 1836 102 1893 ste
118 1833 144 1890 ἐν
155 1832 269 1913 πονηρία
280 1837 356 1905 ἐζῆτε
365 1834 411 1892 καί
421 1834 529 1914 ἀσεὸείρ
540 1835 586 1894 καί
597 1832 719 1914 ἰσχίτοις
728 1840 830 1907 κακοῖς,
884 1843 924 1890 est
930 1874 941 1907 ,
954 1850 1017 1889 eum
1030 1828 1059 1888 in
1074 1829 1195 1908 nequitia
1208 1830 1356 1909 viveretis,
1379 1833 1407 1891 in
1422 1832 1580 1913 impietate,
1601 1831 1630 1891 in

58 1923 128 2001 μετὰ
140 1922 269 1996 τοσαύτης
285 1927 360 1996 ἐζῆτε
371 1928 420 1996 τῆς
431 1927 563 1998 ὑπακοῆς,
576 1929 612 1993 ὡς
623 1923 705 2003 μηδὲν
716 1922 829 1983 καθολου
884 1920 1066 2000 extremisque
1079 1921 1174 1999 malis,
1189 1935 1262 1982 tanta
1273 1944 1336 1983 cum
1349 1922 1503 1983 ebullientis
1515 1923 1631 1985 viveba-

58 2015 185 2097 πρύπειν
200 2016 291 2075 καλόν.
309 2019 395 2076 Τοῦτο
411 2015 462 2097 γάρ
472 2019 553 2089 ἐστιν,
565 2015 717 2096 Ἐλεύθεροι
730 2007 778 2088 ἦτε
796 2018 829 2093 τῇ
884 2009 939 2086 tis,
952 2022 983 2069 ut
994 2009 1066 2068 nihil
1077 2010 1186 2069 omnino
1198 2010 1263 2071 boni
1274 2012 1408 2091 ageretis:
1430 2011 1480 2071 hoc
1494 2010 1568 2071 enim
1577 2009 1632 2070 sibi

59 2105 211 2185 δικαιοσύνῃ
223 2130 229 2143 ·
243 2106 394 2180 τουτέστιν,
410 2110 459 2168 οὐχ
474 2099 830 2187 ἧςιῦπσςεταγμὲνοιαῦτῇ,
884 2100 945 2161 thll
958 2099 1027 2160 illud
1037 2144 1048 2179 5
1064 2103 1163 2160 Liberi
1182 2106 1406 2184 erallsjlttiilloe
1416 2127 1428 2172 ,⁸
1449 2101 1480 2162 id
1492 2115 1549 2179 εδδ,
1576 2122 1630 2162 non

58 2201 119 2257 ἀλλ’
134 2197 343 2278 ἠλλοτριωμένοι
353 2197 478 2259 καθόλου.
494 2198 565 2258 Οὗδί,
576 2197 628 2278 γὰρ
639 2197 831 2274 dissipem-21⁸<
885 2191 965 2249 eratis
979 2189 1031 2271 ipsi
1045 2191 1174 2272 subjecti,
1190 2192 1238 2252 sed
1254 2192 1363 2252 alienati
1379 2193 1414 2252 ab
1428 2192 1476 2252 ille
1494 2213 1628 2274 proram

58 2289 177 2357 δουλείας
193 2290 237 2350 πδν
257 2289 354 2369 τρόπον
370 2295 403 2368 τῇ
418 2289 569 2370 δικαιοσύνῃ
587 2290 633 2349 καὶ
648 2294 682 2368 τῇ
697 2287 830 2370 ἁμαρτίᾳ,
885 2285 1054 2362 nequeenim
1071 2284 1208 2345 servitutis
1227 2285 1339 2345 modum
1351 2284 1517 2346 dividebatis
1530 2285 1630 2366 partim

58 2384 118 2441 ἀλλ’
133 2378 209 2449 ὅλους
224 2380 330 2450 ἑαυτοὺς
342 2381 510 2458 ἐξεδίδοτετῇ
523 2380 646 2462 πονηρία.
671 2383 774 2441 Οὐκοῦν
785 2376 831 2437 καί
881 2375 1011 2457 justitiae,
1028 2376 1128 2458 partim
1150 2391 1277 2458 peccato,
1304 2376 1351 2437 sed
1368 2398 1418 2438 vos
1437 2391 1508 2439 totos
1520 2377 1631 2438 malitie

56 2480 113 2545 νῦν,
134 2472 225 2545 ἐπειδὴ
249 2473 394 2551 μετίστητε
412 2474 478 2553 πρὸς
499 2472 547 2547 τλν
564 2470 741 2546 δικαιοσύνην,
755 2469 830 2538 δλυυς
884 2465 1033 2527 dedebatis.
1048 2469 1145 2546 ltaque
1154 2481 1180 2527 et
1193 2489 1265 2528 nune
1271 2514 1283 2548 ,
1298 2469 1362 2548 quia
1380 2469 1417 2530 ad
1428 2467 1564 2550 justitiam
1581 2489 1630 2530 vos

57 2563 164 2632 ἑαυτοὺς
180 2564 270 2624 ἔκδοτε
290 2569 323 2644 τῇ
343 2566 441 2645 ἀρετῇ,
455 2564 536 2645 μηδὲν
554 2565 666 2624 καθύλου
676 2568 724 2636 τῆς
735 2560 830 2628 κακίας
840 2615 877 2659 m
884 2557 1080 2630 transtulistis,
1091 2580 1141 2621 vos
1150 2573 1221 2619 totos
1234 2559 1332 2621 virtuti
1343 2559 1458 2640 tradite,
1472 2560 1543 2620 nibil
1555 2580 1631 2642 pror·

56 2655 235 2735 ττρείττοντες,
256 2655 300 2715 ίνα
314 2656 363 2714 κᾶν
374 2655 430 2716 ίσον
442 2655 589 2728 ἐπιδείξητε
601 2657 632 2716 τὸ
644 2653 749 2734 μίτραν.
762 2650 830 2713 Καί·
848 2673 868 2718 Α
884 2673 932 2712 sus
945 2652 1055 2712 melitite
1068 2666 1222 2734 patrantes,
1237 2667 1268 2712 ut
1283 2655 1379 2715 saltem
1388 2675 1480 2736 parem
1495 2653 1631 2714 exhibea·

56 2770 100 2806 τοι
113 2771 143 2827 γε
155 2749 214 2828 οὐχί
224 2753 271 2820 τῆς
283 2747 435 2814 δεσποτείας
446 2747 513 2808 πολὺ
525 2748 556 2807 τὸ
567 2747 646 2826 με’σον
659 2745 748 2825 μόνον,
761 2741 831 2805 ἀλλὰ
885 2743 919 2802 tis
935 2764 1096 2803 mensuram.
1109 2744 1193 2822 Atqui
1207 2765 1259 2804 non
1269 2758 1376 2803 tantum
1386 2743 1502 2804 dominii
1512 2744 1631 2804 multum

57 2841 107 2899 καί
125 2846 173 2913 τῆς
191 2840 309 2908 δουλείας
330 2843 410 2914 αὐτῆς
424 2840 491 2901 πολὺ
507 2841 538 2902 τδ
551 2840 688 2922 διοίρορον·
704 2838 769 2919 ὅπερ
784 2837 831 2897 καί
884 2849 924 2894 est
933 2834 1094 2912 discrimen,
1107 2835 1153 2894 sed
1167 2835 1248 2897 etiam
1264 2836 1404 2896 servitutis
1423 2836 1510 2918 ipsius
1531 2856 1631 2917 magna

57 2932 123 2991 αὐτὸ
144 2933 210 3012 μετὰ
233 2935 334 3004 πολλῆς
348 2935 461 2992 ἀναπλοῑ
475 2938 523 3005 τῆς
537 2931 696 3013 σαφηνείας,
715 2929 759 2990 καλ
776 2928 831 2988 δεί-
885 2938 924 2985 est
941 2925 1105 2986 differentia.
1122 2926 1205 3002 Quod
1229 2941 1255 2987 et
1278 2928 1368 3009 ipsum
1389 2926 1538 2988 admodum
1559 2927 1632 2987 clare

56 3049 149 3085 κνυσεν
164 3025 209 3085 ἐπί
228 3025 282 3084 τίσι
301 3025 361 3084 edre
374 3024 518 3098 ἐδούλευον,
532 3025 577 3085 ἐπὶ
587 3024 642 3084 τίσι
655 3022 684 3083 δί
698 3029 752 3083 νῦν.
776 3021 830 3082 Καὶ
885 3017 1019 3098 explieat,
1040 3017 1211 3098 ostenditque
1230 3018 1258 3078 in
1277 3019 1443 3098 quibusnam
1457 3034 1521 3080 tune
1533 3018 1631 3079 obedi-

55 3115 133 3176 οὔπω
146 3117 217 3195 λέγει
230 3116 279 3190 τὴν
295 3117 397 3196 steen
410 3116 459 3190 τὴν
473 3118 526 3177 ἀπδ
536 3124 581 3177 τοῦ
592 3114 749 3198 πράγματος
758 3137 831 3195 γινο-
884 3124 959 3184 rent,
975 3110 1005 3171 in
1018 3111 1120 3190 quibus
1130 3111 1304 3173 etiamnunc.
1319 3113 1444 3173 Necdum
1460 3127 1550 3173 tamen
1562 3111 1632 3174 dicit
1651 3145 1654 3148 ⁴

57 3208 152 3286 μένην,
175 3208 243 3269 σίλλλ
259 3209 324 3277 τέως
346 3207 394 3282 τλν
416 3209 553 3290 αἰσχύνην.
576 3208 646 3268 Τίνα
664 3209 734 3290 γὰρ,
755 3207 831 3289 ρησλ,
884 3199 1089 3263 damnumindc
1101 3218 1229 3285 partum,
1251 3205 1297 3264 sed
1311 3205 1420 3266 interim
1432 3204 1630 3287 turpitudinem

56 3301 161 3383 καρπὸν
169 3301 253 3382 είχετε
264 3301 324 3360 τότε
334 3300 376 3381 ἐφ’
386 3292 424 3370 οἷς
434 3307 479 3360 νῦν
491 3301 681 3382 ἐπαισχύνεσθε
691 3327 699 3376 5
711 3300 830 3373 ’Τοιαύτη
849 3314 867 3360 Β
884 3294 1015 3355 enuntiat·
1040 3298 1089 3356 ill.
1113 3297 1205 3375 Quem
1226 3301 1306 3357 enim
1320 3299 1460 3380 fructum
1484 3300 1631 3358 habuistis

56 3394 112 3475 γὰρ
127 3386 189 3467 iusi
205 3393 322 3467 δουλεία,
336 3397 372 3462 ὡς
387 3394 432 3454 καί
446 3394 494 3468 τὴν
508 3395 654 3473 ἀνάμνησιν
668 3392 770 3467 ἀὐτὴν
784 3399 829 3453 νῦν
885 3400 955 3447 tune
971 3389 1090 3462 inillis,
1105 3392 1212 3469 quibus
1235 3411 1313 3450 nune
1335 3393 1531 3450 erubescitis?
1554 3389 1632 3450 Talis

57 3487 188 3567 αἰσχύνην
212 3487 309 3568 φέρειν.
341 3489 375 3546 Εἰ
399 3486 427 3547 δὲ
449 3494 466 3560 ἡ
482 3487 629 3566 ἀνάμνησις
648 3486 830 3568 καταισχύνει,
884 3480 957 3540 enim
970 3495 1028 3541 erat
1046 3481 1180 3555 servitus,
1196 3496 1226 3543 ut
1244 3482 1327 3542 etiam
1340 3483 1398 3564 ejus
1412 3483 1630 3544 commemoratio

56 3581 151 3658 πολλῷ
159 3581 263 3655 ’μᾶλλον
276 3583 293 3649 ἡ
305 3577 406 3659 πρᾶξις.
420 3578 506 3638 Ὥστε
518 3581 598 3659 διπλῇ
609 3587 656 3640 νῦν
665 3580 829 3661 ἐκερδοίνετε,
884 3573 1015 3655 pudorem
1029 3577 1132 3636 afferat·
1151 3574 1233 3647 Q¹¹0d
1247 3575 1339 3658 1181118
1352 3575 1570 3637 oemm0m⁰¹³fi0
1581 3597 1630 3656 Pu·

57 3669 106 3728 καὶ
123 3668 318 3747 ἀπαλλαγέντες
330 3676 378 3743 τῆς
394 3671 537 3750 αἰσχύνης,
551 3672 597 3731 καί
613 3671 738 3749 μαθόντες
750 3675 778 3731 ἐν
792 3664 830 3740 οἷς
883 3666 1057 3744 doresfficit,
1070 3669 1257 3747 multomagis
1271 3690 1340 3750 opus
1355 3668 1454 3749 ipsum.
1469 3670 1563 3748 ltaque
1572 3667 1630 3729 du-

56 3753 124 3833 ἧτε·
139 3761 229 3842 ὥσπερ
245 3754 289 3821 οὖν
303 3762 363 3823 τότε
377 3765 457 3843 διπλῇ
476 3763 710 3845 παρεὸλᾶπτεσθε,
724 3766 771 3825 καί
784 3769 830 3825 αἰ·
883 3758 949 3839 plici
963 3759 1043 3818 ¹11de
1057 3781 1129 3818 nunc
1143 3759 1338 3827 11101111151111,
1355 3779 1419 3819 cum
1438 3773 1464 3818 et
1487 3780 1504 3818 1
1527 3759 1631 3840 pudore

57 3852 158 3933 σχύνης
170 3852 230 3922 ἄξια
240 3853 408 3934 πράττοντες,
420 3855 465 3914 καὶ
476 3855 533 3916 οὐδὲ
545 3856 640 3923 εἰδότες
651 3857 829 3937 αἰσχύνεσθαι,
883 3850 991 3910 liberati
999 3851 1070 3930 sitis,
1081 3865 1107 3910 et
1117 3850 1267 3911 didiceritis
1275 3851 1303 3909 in
1315 3851 1415 3930 quibus
1424 3850 1524 3910 eratis:
1536 3871 1630 3929 quem-

57 3944 126 4026 ὅπερ
138 3951 183 4005 τοῦ
195 3945 322 4027 προτέρου
337 3950 423 4024 μεῖζον
434 3938 483 4018 ἦν·
499 3951 557 4006 ἀλλ’
569 3947 642 4026 ὅμως
653 3948 758 4026 ἐμίνετε
771 3951 830 4010 δου·
885 3941 1032 4002 admodum
1067 3942 1150 4001 eliam
1176 3956 1242 4002 tunc
1267 3941 1374 4024 duplici
1408 3941 1508 4001 1111111110
1541 3941 1632 4002 affecti

57 4035 187 4103 λεύοντες.
223 4036 317 4105 Δείξας
337 4039 423 4099 τοίνυν
441 4043 472 4099 ἐκ
493 4038 645 4119 περιουσίας
665 4039 714 4113 τὴν
729 4041 830 4120 βλάὸηυ
884 4035 993 4112 fuistis,
1016 4047 1042 4094 et
1056 4035 1129 4114 quod
1147 4033 1253 4115 pudore
1272 4033 1355 4113 digna
1370 4033 1500 4111 feceritis,
1518 4047 1545 4094 et
1558 4034 1632 4113 quod

58 4130 113 4186 τῶν
127 4128 186 4187 τότε
199 4130 345 4208 γενομένων
364 4130 416 4190 ἀπὸ
427 4133 475 4202 τῆς
489 4130 632 4211 αἰσχύνης,
648 4132 695 4191 καὶ
709 4135 752 4192 ἐπ’
768 4133 832 4193 αὐτὸ
886 4127 1082 4189 ueembscere
1095 4125 1206 4206 quidem
1225 4126 1349 4205 sciretis3
1371 4127 1447 4205 quod
1464 4126 1554 4208 priore
1567 4148 1633 4207 gra-

58 4221 91 4280 τδ
114 4229 226 4301 πρᾶγμα
246 4231 337 4302 χωρεῖ.
360 4224 396 4282 Τί
415 4214 460 4282 σύν
481 4215 514 4295 ἦν
531 4224 561 4283 τὸ
583 4234 711 4304 πρᾶγμα,
726 4224 767 4284 Τὸ
779 4225 832 4305 γὰρ
886 4223 949 4283 vius
976 4234 1038 4280 est:
1059 4235 1177 4280 attamen
1204 4219 1349 4280 servientes
1378 4219 1534 4280 manebatis.
1562 4221 1633 4281 Cum

58 4313 134 4380 τέλος
154 4313 260 4374 ἐκείνων
279 4315 397 4382 θάνατος.
428 4316 540 4390 Ἐπειδὴ
559 4317 645 4397 γδρὴ
668 4317 782 4398 αἰσχύνη
802 4319 831 4380 οὗ
885 4312 1042 4376 ostendisset
1055 4334 1119 4393 ergo
1132 4310 1263 4372 damnum
1276 4311 1507 4394 grandeexgestis
1519 4326 1632 4374 ortuma

59 4405 163 4485 σφόδρα
186 4408 257 4466 δοκεῖ
279 4407 401 4489 ρορτικδν
418 4399 498 4482 εἶναι,
522 4410 566 4468 ἐπὶ
588 4410 618 4469 τδ
636 4409 705 4469 ποίνυ
722 4411 833 4491 ραδερδν
886 4403 1006 4486 pudore,
1023 4405 1057 4462 ad
1068 4404 1155 4484 ipsam
1167 4424 1223 4462 rem
1237 4402 1320 4463 venit.
1335 4403 1469 4475 Quaenam
1481 4402 1529 4463 illa
1547 4404 1631 4463 erat?

59 4497 184 4576 ἔρχεται,
205 4498 249 4557 τὸν
272 4501 383 4560 θάνατον
402 4500 487 4578 λέγω·
509 4501 597 4561 καίτοι
611 4526 640 4581 γε
655 4500 732 4583 ἤρκει
745 4502 791 4562 καί
802 4503 834 4561 τὸ
885 4497 1049 4580 Namfinis
1064 4497 1185 4556 illorum
1198 4515 1275 4555 mors
1293 4511 1347 4556 est.
1366 4495 1437 4568 Quia
1457 4496 1531 4557 enim
1544 4496 1633 4578 pudor

58 4589 207 4667 ἔμπροσθεν
226 4592 372 4672 εἰρημένον.
399 4592 541 4666 Ἐννόησον
555 4594 606 4675 γὰρ
617 4595 667 4667 ὅση
679 4599 726 4668 τῆς
738 4600 834 4662 κακίας
851 4597 869 4646 C
887 4612 939 4651 non
952 4589 1101 4649 admodum
1119 4610 1247 4650 onerosus
1266 4610 1323 4648 csse
1335 4589 1454 4665 videtur,
1467 4587 1503 4648 nd
1516 4587 1547 4650 id
1559 4587 1634 4669 quod

58 4679 241 4758 ἡῦπερύολὴ,
256 4683 320 4741 ὅπου
337 4709 367 4762 γε
390 4685 435 4743 καί
446 4688 493 4755 τῆς
505 4685 832 4769 τιμωρίαςίάπαλλαγίν·
887 4684 970 4744 valde
991 4682 1111 4743 terribile
1135 4696 1174 4743 est
1197 4682 1301 4742 accedit
1313 4729 1322 4759 ‚
1350 4683 1387 4743 ad
1411 4697 1527 4743 mortem
1548 4681 1633 4741 dieo:

58 4794 114 4844 τες,
129 4776 177 4843 τῆς
194 4772 321 4853 αἰσχύνης
337 4775 527 4852 ἀπαλλαγῆναι
537 4781 584 4837 οὐκ
598 4769 677 4858 εἰχον.
693 4781 775 4838 Ποῖον
789 4770 833 4841 σύν
888 4773 1014 4856 quamvis
1027 4774 1092 4834 satis
1101 4788 1168 4835 esset
1181 4774 1226 4851 id,
1240 4773 1315 4854 quod
1331 4775 1407 4855 prius
1418 4774 1522 4834 dictum
1533 4773 1631 4833 iuerat.

59 4863 208 4943 προσδοκᾷς
228 4866 335 4942 μισθὸν,
356 4866 453 4945 ρηοίν,
477 4869 529 4927 οἰπδ
546 4873 594 4938 τῆς
615 4870 751 4951 πράξεως,
771 4871 833 4932 ὅταν
890 4868 1405 4950 Cogitamimquantumessetmalitiae
1418 4867 1635 4946 culmen,quan·

62 4954 115 5012 ἀπὸ
139 4960 187 5027 τῆς
211 4957 318 5034 μνήμης
339 4958 436 5034 μόνης,
460 4960 505 5018 καί
528 4968 612 5022 ταῦτα
635 4967 683 5034 τῆς
704 4964 835 5044 τιμωρίας
891 4962 927 5022 do
941 4986 956 5022 a
970 4962 1104 5044 supplicio
1118 4961 1239 5035 liberati,
1254 4983 1268 5019 a
1281 4959 1383 5041 pudure
1397 4959 1506 5019 liberari
1518 4979 1571 5020 non
1588 4980 1636 5041 po-

96 5184 106 5204 ²
127 5168 135 5231 [
152 5171 180 5218 Α.
192 5179 216 5218 et
228 5186 307 5237 marg.
320 5170 397 5221 Sai’ll.
411 5174 500 5237 αἰπεῖα]
911 5179 923 5215 b
942 5178 984 5241 [Α.
999 5173 1193 5240 ἀπηλλαγμένου]
