3728 5978
381 427 415 474 tu
444 428 533 476 ACTA
559 427 821 477 aros‘rotouuu.
849 429 968 480 stotttt..
996 428 1105 478 XXXV·
1465 430 1536 504 290

102 569 148 609 ινοι
160 548 207 609 τὸν
219 548 331 610 Παῦλον
343 549 390 608 καί
401 549 445 610 τὸν
459 548 554 624 Σίλαν,
565 547 688 611 conseer
703 554 739 620 είς
747 547 785 652 ίέθ
794 553 854 612 lunt
869 565 898 612 et
908 553 1013 623 Silam,
1026 553 1214 612 adduxmnt
1227 551 1367 634 inferum
1379 551 1536 632 adprinoi-

102 664 119 699 ν
138 637 190 700 ἀεὶ
209 636 273 707 soie
293 638 438 721 ἀργοντας,
459 640 506 700 καί
528 641 740 723 προσαγαγόντες
791 665 853 725 pes,
866 646 914 705 20.
925 657 955 705 et
971 645 1193 728 οῘῙενσιιισσγσοε
1203 645 1433 725 magistratibus,
1455 644 1537 702 diae·

102 739 119 799 ῖς
132 738 305 813 στρατηγοῖς,
316 723 400 791 einos·
419 723 490 793 οὗτοι
503 735 528 792 οῖ
542 733 676 814 ἀνὺριοποι
691 734 738 792 ἐκ·
792 749 863 796 runt
878 760 887 792 :
901 739 944 794 Hi
962 738 1095 797 nomines
1113 738 1292 795 conturbant
1313 738 1462 795 civitatem
1484 755 1537 792 no-

102 845 133 883 ιιν
150 827 231 902 ἡμῶν
255 823 305 897 τὴν
323 823 410 898 πόλιν,
423 825 545 884 Ἰουδαῖοι
559 824 738 906 ὑπάρχοντες,
792 841 896 903 stram,
906 849 974 889 cum
984 832 1044 889 sint
1053 828 1163 901 ludaei,
1175 829 1223 886 21.
1239 838 1268 887 et
1280 830 1462 886 annuntiant
1475 847 1537 886 mo·

102 913 249 995 pps'iitmcu
260 914 322 990 ἔθη,
335 915 354 974 ἀ
366 916 415 975 οὑκ
428 914 527 983 ἔξεστιν
538 921 603 994 ἡμῖν
619 917 739 996 παραδέ-
791 941 847 992 res,
866 939 939 1000 quos
955 940 1017 978 non
1032 920 1099 978 licet
1115 921 1196 978 nobis
1209 921 1353 997 suscipere
1366 938 1460 998 neque
1472 938 1536 977 ser-

102 1004 220 1068 Ιδποιεῖν
229 1005 378 1086 Ῥωμαίοις
389 996 457 1066 ούσι.
470 1008 615 1089 Πανταχοῦ
623 1007 658 1068 τά
671 1008 738 1088 χρή·
793 1032 878 1081 vare,
906 1030 973 1070 cum
991 1014 1082 1070 simus
1108 1011 1246 1069 Romani.
1266 1007 1375 1086 Ubique
1401 1006 1536 1067 malorum

102 1120 118 1157 α
132 1103 186 1159 τῶν
199 1103 301 1159 κακῶν.
314 1096 355 1159 Ὦ
369 1103 416 1170 τῆς
429 1098 567 1176 ὠμότητος
580 1104 628 1171 τῆς
638 1099 738 1174 Ἐλλη-
790 1122 877 1162 causa
898 1100 1018 1182 pecunie
1037 1102 1146 1171 sunto
1164 1120 1332 1182 paganorum
1353 1099 1537 1159 inhumanita-

102 1188 201 1251 ύλοντο
212 1192 341 1272 δαιμονᾷν
353 1191 384 1251 τδ
397 1190 532 1270 κοράσιον,
546 1190 615 1253 ὥστε
626 1214 737 1274 χρημα·
790 1193 860 1256 tem!
877 1195 1014 1258 Volebant
1023 1193 1141 1274 puellam
1155 1191 1349 1251 demoniacum
1361 1213 1428 1269 esse,
1445 1206 1477 1251 ut
1488 1213 1536 1274 pe-

102 1280 322 1360 Ἐπιλαὸάμενοι,
343 1281 425 1366 φησὶ,
443 1281 488 1342 τδν
506 1284 614 1343 Παῦλον
628 1283 674 1342 καί
693 1284 738 1344 τὸν
790 1286 883 1346 eunias
891 1285 1056 1366 colligerent.
1067 1285 1338 1366 Apprelrendentes,
1350 1282 1447 1362 inquit,
1456 1286 1536 1344 Pau·

102 1374 192 1455 λιγύν·
215 1363 289 1434 οὑτοι
316 1377 342 1433 ot
369 1374 503 1455 ἄνθρωποι
530 1375 737 1490 ἐκταράσσουσιν
791 1381 853 1439 lum
865 1394 892 1440 et
911 1380 1015 1452 Silam,
1030 1380 1168 1438 dicebant
1183 1401 1193 1435 .·
1209 1380 1251 1436 Hi
1265 1377 1397 1435 immines
1418 1389 1536 1436 contur-

102 1466 203 1527 ·πόλίν»
222 1466 259 1526 Τί
273 1466 444 1540 ποιήσαντες
466 1466 510 1526 διὰ
523 1466 550 1526 τί
571 1489 616 1526 ουν
632 1465 670 1545 μὴ
684 1467 737 1548 πρὸ
791 1474 863 1531 bant
887 1475 1038 1531 civitatem
1063 1483 1204 1531 nostram.
1225 1467 1300 1541 Quid
1324 1467 1449 1528 iacientes
1465 1490 1472 1527 ι
1489 1488 1537 1526 cur

102 1556 205 1619 αιύσατε
213 1583 222 1632 ;
231 1558 372 1633 Ἰουδαῖοι,
383 1559 472 1641 φησὶν,
484 1559 654 1641 ὑπάρχοντες·
670 1558 738 1619 οὑτω
754 1573 772 1619 Β
790 1582 843 1620 nou
852 1576 914 1621 ante
922 1560 1045 1620 traxistis
1057 1560 1121 1619 eos?
1133 1561 1306 1621 iudaicam
1314 1562 1384 1631 sint,
1397 1557 1535 1636 inquiunt:

102 1648 265 1721 όνιόίάλητο.
282 1650 334 1710 Καὶ
348 1649 571 1731 καταγγελλουσιν
585 1651 647 1727 ἔὺη,
661 1651 679 1710 ἀ
691 1655 738 1712 οὐκ
790 1651 827 1712 ita
850 1673 946 1712 nomeu
961 1651 1032 1711 illud
1052 1650 1123 1710 male
1141 1650 1277 1710 audiebat.
1293 1653 1334 1709 Et
1355 1653 1537 1708 annuntiant

102 1741 345 1822 ιῖνπαραδόχεοθαι
360 1742 420 1802 οὐδὲ
433 1751 517 1803 ποιεῖν
528 1741 673 1821 Ῥωμαίοις
688 1731 737 1804 ού·
790 1765 896 1823 mores,
909 1766 981 1827 quos
1005 1764 1064 1804 non
1088 1746 1155 1804 licet
1173 1746 1257 1802 nobis
1276 1746 1536 1823 suscipereneque

102 1832 250 1893 ιαὺοσίοισιν
267 1834 297 1893 τὸ
310 1842 423 1915 πρᾶγμα
433 1833 546 1914 ἤγαγον.
558 1833 612 1893 uu
626 1833 737 1894 συνεπί·
790 1857 917 1911 serrare,
931 1858 999 1898 eum
1009 1841 1106 1897 simus
1127 1838 1262 1895 Romani.
1274 1837 1342 1894 Rom
1355 1833 1383 1892 in
1394 1832 1464 1892 lesu
1472 1854 1535 1892 ma-

102 1922 198 1994 οςαατ’
212 1928 309 1986 αὐτῶν.
322 1922 364 1986 Ὦ
379 1929 428 1996 τῆς
446 1925 568 2006 ἀλογίας·
584 1928 632 1985 ούκ
643 1924 736 1998 tisina-
787 1928 892 2009 jestatis
911 1928 1011 1989 crimen
1035 1941 1154 1990 vertum.
1164 1931 1224 2000 ἀλ.
1244 1928 1285 1986 Et
1299 1925 1392 1986 simul
1404 1929 1537 1985 insurre-

102 2015 233 2077 ιτίδοικσν
254 2014 348 2097 λόγον·
364 2015 451 2077 καίτοι
466 2016 583 2078 τοιούτου
603 2016 737 2095 θαύματος
789 2021 835 2078 sit
853 2022 940 2079 turba
957 2032 1061 2079 eontra
1077 2019 1154 2078 illos.
1168 2019 1193 2080 0
1208 2013 1403 2098 insipientiam!
1413 2017 1473 2076 Nou
1487 2038 1536 2078 ex-

110 2106 736 2192 δίονπροσκονῆοαι,δίονὺςσονιῆραςκαλεύ·
790 2109 954 2188 aminarum,
970 2132 1024 2172 uon
1043 2109 1242 2186 deliberarunt5
1262 2108 1389 2186 quemvis
1409 2129 1440 2168 eo
1462 2107 1537 2168 edito

102 2201 169 2284 ’χειν
187 2204 222 2262 Εἰ
239 2201 292 2285 γάρ
311 2201 440 2284 χρήματα
463 2202 621 2277 ἐύούλεούε,
644 2201 689 2263 διδ
712 2203 738 2263 τί
791 2203 921 2264 miraculo
931 2203 1046 2265 adorare
1060 2216 1201 2285 oporteret,
1215 2216 1241 2262 et
1254 2202 1316 2263 illos
1329 2224 1379 2283 pro
1393 2202 1536 2263 servatori·

102 2296 212 2355 nimiam
237 2294 372 2374 εὑρόντες,
393 2293 432 2374 μὴ
453 2293 629 2376 ἐπεδράμετε;
650 2299 737 2358 Τοῦτο
790 2295 842 2355 bus
851 2295 1012 2356 etbcuefieis
1020 2296 1129 2356 hahere.
1143 2297 1214 2356 Nam
1227 2294 1250 2355 si
1260 2295 1387 2376 pecunias
1395 2294 1536 2368 volebatis,

102 2406 161 2467 ρους
182 2393 270 2458 ποιεῖ’,
284 2385 315 2445 τδ
331 2385 458 2446 δύνασθαι
476 2386 602 2465 δαίμονας
616 2388 737 2448 ἀπιλαύ-
791 2410 839 2448 cur
847 2387 929 2448 tantis
942 2388 1058 2450 inventis
1075 2388 1181 2449 diuitiis
1199 2410 1253 2451 nou
1269 2387 1537 2447 acorrristisiPosse

111 2479 200 2544 αὑτοῖς
211 2475 357 2538 πείὺεσὺαι.
376 2475 445 2537 ’1δοὺ
466 2477 513 2537 καί
533 2487 648 2557 σημεῖα,
660 2478 736 2555 καλή
790 2481 926 2542 demones
939 2482 1042 2563 fugare,
1057 2480 1253 2564 splendidiores
1265 2480 1365 2557 reddit,
1376 2502 1459 2560 quam
1468 2480 1535 2563 ipsis

102 2567 160 2629 nin
177 2568 258 2629 πλέον
271 2567 376 2650 ἴσχυσε.
391 2567 476 2629 Kaloi
489 2571 633 2650 στρατηγοί
646 2575 738 2659 περιρ-
791 2575 987 2656 obtemperare.
999 2575 1070 2635 Ecce
1084 2574 1170 2655 sigua,
1181 2573 1227 2634 sed
1241 2573 1417 2656 pecuniarum
1428 2573 1535 2655 cupidi·

102 2657 136 2721 εὶ
147 2659 245 2740 ἱμάτια
264 2661 362 2735 αὐτῶν,
376 2659 494 2721 ἀκάλευον
510 2661 653 2742 ραόδίζειν·
673 2667 738 2724 πολ·
755 2678 773 2728 c
791 2681 831 2726 tas
849 2666 913 2748 plus
926 2666 1024 2727 valuit.
1035 2668 1077 2727 Et
1097 2670 1297 2747 magistratus,
1312 2669 1409 2726 scissis
1430 2669 1537 2725 tunicis

102 2748 192 2819 “ms
206 2752 295 2821 αὐτοῖς
308 2749 428 2832 πληγὰς,
442 2751 537 2812 litlot
554 2756 590 2822 εἷς
607 2755 737 2835 φυλακὴν,
791 2762 1064 2840 eorum,p‘usserunt
1081 2758 1323 2838 eosuirgiscaedi
1340 2778 1347 2813 ε
1364 2756 1413 2814 95.
1427 2767 1536 2815 etcum
1621 2766 1625 2773 '

102 2852 189 2911 λιπες
200 2847 241 2925 τῷ
254 2844 437 2925 δεσμοφύλακι
453 2847 579 2928 ἀσραλῶς
590 2855 680 2930 τηρεῖν
691 2852 738 2909 αύ-
791 2851 901 2911 multas
921 2854 963 2911 eis
978 2851 1085 2932 plagas
1105 2852 1317 2931 imposuissent,
1331 2851 1472 2907 miserunt
1487 2867 1536 2906 eos

102 2930 141 2997 ιδν
152 2924 198 2994 σύν
210 2937 319 3005 Παῦλος
334 2935 365 2996 ni
377 2946 431 2998 πᾶν
452 2937 608 3021 εἰργάσατο,
633 2939 679 3001 καλ
702 2938 738 3000 τδ
791 2946 823 3001 in
835 2962 991 3015 carcerem,
1002 2945 1203 3023 precipientes
1214 2939 1330 3002 custodi
1341 2951 1372 2997 ut
1382 2939 1538 3018 diligenter

102 3024 200 3101 ιαλτλν
211 3026 397 3088 διδασκαλίαν·
409 3033 462 3090 τῶν
478 3028 506 3091 ii
526 3027 653 3090 κινδύνων
665 3032 710 3092 καὶ
724 3037 740 3092 ό
791 3037 948 3097 custodiret
962 3057 1019 3099 cos.
1034 3039 1128 3115 ltaque
1140 3035 1244 3097 Paulus
1256 3046 1344 3094 totum
1359 3032 1433 3110 iecit,
1446 3047 1472 3092 et
1482 3032 1537 3092 mi-

102 3128 190 3180 νυεεῖ.
209 3119 247 3180 Τί
259 3121 333 3199 ίοτι,
353 3121 528 3194 Διαπονηὺελς
547 3122 738 3200 &illuuiem
790 3129 882 3188 racula
902 3141 929 3188 et
949 3127 1117 3204 doctrinam,
1137 3126 1321 3209 periculorum
1343 3146 1408 3185 vero
1428 3146 1537 3185 oousors

102 3210 217 3295 ²¹?th
236 3211 325 3293 With
347 3211 409 3274 ίδίνν
429 3217 476 3275 ‘⁶05
497 3212 634 3292 δαίμονος,
651 3213 739 3284 aaut<
792 3218 845 3278 luit
853 3219 935 3281 Silas.
945 3219 1022 3293 Quid
1034 3231 1086 3297 est,
1096 3219 1209 3280 Dolens
1219 3230 1318 3279 autem
1328 3216 1537 3277 Paulusilda-

102 3306 199 3386 λλαχῶ
223 3303 312 3384 λέγει·
330 3306 372 3365 Oi
393 3304 445 3388 γάρ
465 3306 544 3367 αὑτοῦ
561 3306 594 3366 τά
616 3306 738 3387 νοήματα
791 3309 887 3389 litium,
898 3311 996 3392 inquit,
1008 3310 1138 3371 demonis
1148 3309 1253 3384 videus,
1262 3322 1293 3369 ut
1304 3308 1361 3390 ipse
1370 3307 1438 3368 alibi
1447 3307 1535 3367 dicit:

102 3395 267 3475 ύΔῑᾶτίμῆ
280 3384 413 3484 timuit*
424 3397 468 3458 τὸν
483 3396 595 3478 δαίμονα
606 3399 737 3475 titana,
791 3405 861 3464 Non
881 3408 960 3464 enim
978 3407 1171 3485 cogitationes
1194 3405 1256 3485 ejus
1280 3406 1460 3483 ignoramus.
1481 3401 1566 3461 cun.
1580 3407 1666 3454 Coum

102 3486 146 3549 νῦν
159 3486 307 3564 detinear,
319 3489 378 3549 ἀλλ’
391 3489 435 3549 ἐπί
448 3489 606 3551 καθοσίωσιν
628 3492 738 3573 τρέπον-
791 3518 843 3564 ιιοιι
854 3497 994 3575 dixerunt,
1010 3500 1167 3561 Damonem
1180 3498 1325 3578 ejecerunt,
1339 3494 1368 3555 in
1379 3497 1468 3555 Deum
1486 3495 1536 3554 im·
1547 3485 1554 3516 ¹
1564 3485 1583 3516 ¹·

102 3600 129 3638 ιιι
141 3581 232 3647 αὑτοῖς
242 3586 320 3640 τοῦτο
338 3571 380 3652 ἦν.
399 3579 594 3642 otterestat
607 3586 738 3666 τοῦλίρι·
790 3586 836 3667 pie
846 3600 970 3667 egcnrut3
983 3585 1031 3646 sed
1042 3585 1142 3646 crimen
1152 3585 1220 3645 laesae
1233 3583 1379 3665 majestatis
1391 3583 1538 3643 intentant?

102 3693 141 3732 rs·
161 3673 222 3733 ota
235 3671 331 3753 ἔγαμεν
354 3671 485 3753 βασιλέα,
507 3676 529 3735 εί
545 3673 583 3753 μὴ
604 3675 736 3757 Καίσαρα.
753 3701 773 3749 1)
791 3678 842 3737 llic
851 3700 879 3738 se
889 3679 976 3740 victos
984 3678 1121 3740 videbant.
1132 3678 1179 3739 Sic
1187 3691 1213 3738 et
1223 3676 1258 3737 de
1272 3677 1380 3736 Christo
1391 3674 1534 3736 dicebaut:

102 3762 155 3824 ισδν
167 3766 251 3824 ποιῦιν
272 3763 397 3844 βασιλέα,
412 3765 542 3846 ἀντιλέγει
555 3770 594 3848 τῷ
607 3768 733 3850 Καίσαρι.
789 3772 1007 3831 Νοιιίιαύοηιιιε
1016 3774 1188 3852 regem,nisi
1201 3771 1356 3831 Cursarem.
1369 3771 1472 3828 Omnis
1484 3772 1610 3849 quiem.
1622 3793 1659 3840 ¹9·

102 3879 123 3915 n
138 3854 250 3932 αὑτούς,
267 3856 356 3939 ρησίν,
372 3861 410 3925 είς
423 3859 552 3939 φυλακήν.
566 3859 654 3929 Πολύς
665 3866 679 3922 ό
691 3866 737 3923 io·
788 3882 820 3920 se
829 3864 1023 3944 regemsacit‚
1036 3863 1212 3920 contradicit
1222 3861 1340 3921 Caesari.
1351 3861 1392 3919 Et
1402 3863 1536 3942 conjece-
1545 3845 1580 3902 ¹4·
1595 3855 1632 3886 ¹²·

102 3947 282 4031 παραγγελίαν
293 3948 416 4021 τοιαύτην
434 3947 563 4031 εῐληράος,
582 3952 737 4014 ίόαλεναύ-
789 3967 856 4014 runt
874 3974 939 4031 eos,
961 3952 1061 4032 inquit,
1078 3958 1109 4012 in
1129 3973 1285 4013 carcerem.
1309 3953 1426 4030 Magnus
1450 3952 1534 4011 furor.

102 4039 273 4122 ίνὶαοιτέραν
284 4042 414 4123 φυλακὴν,
426 4043 472 4103 καί
483 4042 542 4113 τοὺς
553 4046 635 4114 πόδας
650 4050 736 4107 αὐτῶν
790 4048 839 4105 at.
859 4046 997 4123 Quicum
1017 4045 1079 4103 tale
1089 4056 1264 4125 preceptum
1283 4046 1449 4123 accepisset,
1464 4063 1536 4102 con-

102 4155 127 4195 to
140 4135 179 4200 είς
189 4132 313 4202 τδξύλον.
324 4132 414 4216 Ὅροι,
424 4138 544 4204 κάκεῖνος
553 4137 634 4197 πάλιν
645 4137 735 4211 eteris
786 4140 857 4217 p‘eeit
872 4137 942 4197 illos
959 4139 992 4194 in
1005 4139 1173 4195 interiorem
1183 4154 1340 4208 carcerem,
1350 4147 1377 4194 et
1384 4135 1472 4216 pedes
1482 4157 1534 4195 eo-

103 4224 231 4307 φυλσκήν
250 4224 344 4296 αὐτούς
357 4228 477 4304 estsere,
489 4228 534 4287 καὶ
547 4235 623 4289 τοῦτο
636 4232 736 4290 οίκονο-
790 4249 855 4287 rum
872 4231 992 4288 strinxit
1012 4229 1101 4309 ligno,
1115 4225 1201 4305 Vide,
1217 4225 1263 4286 ille
1277 4248 1323 4287 cos
1339 4225 1368 4286 iu
1382 4226 1536 4289 interiorem

102 4315 184 4389 πιδὴ
208 4315 261 4398 γδιρ
280 4323 369 4398 θαῦμα
392 4320 487 4396 ἔμελλε
508 4319 625 4401 γίνεσὺαι
648 4320 736 4401 μέγα,
790 4321 902 4403 conjecit
913 4342 1045 4382 carcerem
1060 4345 1067 4379 :
1082 4336 1109 4380 et
1123 4321 1175 4380 hoe
1188 4341 1224 4380 ex
1239 4319 1411 4402 providentia
1425 4322 1535 4382 sactum.

102 4407 223 4478 ςδτύπος
242 4410 308 4493 πρὸς
324 4409 373 4484 τὴν
388 4412 515 4494 ἀκρόασιν
529 4418 545 4473 ό
561 4412 611 4482 ἔξω
627 4418 675 4488 τῆς
687 4415 736 4474 πό-
790 4416 861 4489 Quia
873 4414 945 4475 cuim
955 4413 1116 4495 miraculum
1124 4436 1252 4495 magnum
1262 4416 1385 4475 futurum
1396 4429 1462 4493 erat,
1475 4416 1535 4476 ido-

102 4525 172 4577 ιται,
186 4507 344 4584 πειρασμῶν
361 4506 564 4586 ἀπηλλαγμένος
584 4507 630 4567 καί
646 4510 736 4570 κινδύ-
789 4530 855 4568 neus
867 4506 943 4568 loeus
959 4508 1066 4568 adrem
1085 4506 1266 4589 evulgandum
1282 4521 1359 4567 extra
1372 4509 1468 4567 urbem
1482 4522 1535 4568 sta-

113 4596 175 4662 πῖνς
192 4596 241 4655 ota
259 4594 412 4678 αἰσχύνεται
427 4596 462 4658 τὰ
474 4599 671 4678 ἐπιτηδεύματα
688 4625 736 4660 κα·
789 4601 893 4677 tuitus,
914 4600 1107 4665 emissionibus
1132 4615 1158 4662 et
1186 4600 1315 4684 periculis
1334 4622 1446 4660 vacuus.
1463 4600 1536 4662 Vide

102 4684 167 4761 ιτὴν
181 4686 303 4769 ἱστορίαν
316 4688 433 4772 γράριον.
448 4690 510 4751 “Aac
528 4692 560 4765 δὴ
579 4692 625 4752 καὶ
641 4692 735 4775 ἀργίας
752 4689 976 4771 Equomodohic
986 4691 1101 4774 scriptor
1111 4691 1202 4753 studia
1220 4713 1356 4752 recensere
1374 4712 1427 4750 non
1437 4691 1534 4751 crube-

102 4780 170 4841 δλαν
183 4788 328 4862 προσεῖχον
342 4791 396 4851 τοῖς
405 4783 572 4863 λεγομένοις
588 4785 633 4844 καί
647 4786 704 4846 οὐδὲ
718 4791 735 4858 ἡ
788 4795 853 4843 scat.
869 4781 948 4843 Certe
955 4804 1017 4842 cum
1025 4784 1101 4863 quies
1114 4797 1192 4862 eset,
1206 4783 1293 4864 magis
1303 4782 1475 4842 attendebant
1488 4784 1535 4860 iis,

102 4897 115 4947 η
135 4873 244 4954 μεγάλη
256 4878 275 4946 ἡ
289 4877 345 4934 τῶν
365 4876 566 4950 Φιλιππησίων.
588 4881 682 4938 Ταῦτα
703 4877 735 4952 δὴ
789 4900 848 4957 qua
868 4876 1047 4936 dicebantur:
1060 4899 1146 4957 ιιινγιιο
1166 4878 1232 4938 urbs
1254 4876 1301 4937 iila
1321 4876 1535 4956 Philippensium

102 4964 143 5024 ιαλ
160 4969 259 5043 ἡμεῖς,
276 4965 380 5043 μηδένα
402 4968 633 5049 ἐπαισγυνώμεὺα.
656 4969 736 5050 Παρά
789 4990 886 5048 magna
900 4980 965 5026 crat.
981 4968 1044 5027 llaec
1057 4981 1083 5027 et
1095 4989 1144 5028 uos
1160 4969 1282 5041 scientes,
1297 4968 1429 5027 neminem
1441 4969 1535 5028 erube-

102 5080 132 5116 ιει
146 5054 269 5135 Πέτρος,
283 5055 358 5138 napi
374 5056 607 5140 1’πορρυροπιύλιδι
621 5062 735 5132 Παῦλος.
790 5082 903 5120 scanrsrs.
915 5060 996 5141 Apud
1008 5059 1153 5121 coriarium
1169 5075 1256 5120 manet
1267 5063 1372 5138 Petrus,
1382 5060 1454 5143 apud
1469 5083 1535 5143 pur-

102 5239 201 5296 &deest
213 5244 242 5293 in
255 5256 317 5293 uuo.
813 5247 826 5286 ¹¹
844 5242 916 5297 Idem
932 5249 1112 5317 πορρηεοπύλιιῖι
1124 5253 1161 5300 καῖ
1173 5252 1221 5316 itae
1234 5257 1296 5313 piru
1307 5251 1403 5308 nata.
