3728 5978
250 423 323 517 514
602 448 631 495 s.
660 447 800 496 sotionis
826 444 1007 496 cunnsosr.
1037 448 1194 500 nncnrnr.
1221 451 1490 503 corrsrnsrrnor.

250 585 414 653 computare,
425 568 582 629 mercenarii
601 571 692 650 potius
705 583 754 648 est,
763 590 846 650 quam
868 570 937 649 grati
957 571 996 630 fa·
1047 573 1093 634 καλ
1107 575 1349 657 ἀκριόαλογεῐσθαι,
1363 582 1494 655 μισθωτοῦ
1507 577 1606 654 μᾶλλον
1617 573 1728 655 ῥήματά
1739 576 1821 643 ἐστιν,

250 663 329 722 muli.
348 664 461 743 Oportet
480 663 553 722 enim
574 663 663 721 omnia
681 677 790 745 propter
805 662 944 722 Christum
957 664 997 722 fa·
1045 664 1236 746 ἢεόγνώμονος
1244 667 1352 728 οἰκέτου.
1368 671 1415 727 Δεῖ
1427 666 1479 748 γὰρ
1489 667 1576 728 πάντα
1590 666 1635 725 διὰ
1648 667 1694 726 τόν
1706 668 1821 748 Χριστὸν

249 776 318 831 rere,
328 776 381 814 non
391 770 502 838 propter
512 758 662 815 mercedem
674 780 680 812 :
694 755 754 815 idco
765 756 838 815 enim
848 755 997 834 gehennam
1047 767 1141 832 ποιεῖν,
1154 760 1184 819 ού
1198 758 1241 818 διδ
1252 760 1295 819 τόν
1307 758 1435 836 Ι’μισθόν
1451 758 1497 819 καλ
1517 758 1569 838 γδιρ
1587 757 1634 818 καλ
1649 757 1758 838 γέενναν
1780 758 1822 816 διό

249 848 429 909 comminatus
449 863 497 923 est,
508 863 534 908 et
556 870 670 929 regnum
688 850 821 930 promisit,
836 862 867 906 ut
885 869 900 907 a
919 849 998 909 nohis
1045 855 1123 910 τοῦτο
1138 851 1282 924 ἠπείλησε,
1295 851 1341 910 καλ
1360 849 1496 929 βασιλείαν
1509 850 1704 929 ἐπηγγείλατο,
1718 848 1763 908 ίνα
1782 872 1823 927 φι-

249 954 393 1001 amaretur.
409 944 536 1001 Amemus
550 941 641 1019 itaque
658 941 737 1000 illum
755 955 785 1000 ut
805 962 896 1000 amare
918 962 996 1022 opor·
1045 944 1127 1013 λ’ἠται
1140 946 1205 1021 παρ’
1226 947 1313 1020 ἡμῶν.
1331 941 1495 1021 Φιλήσωμεν
1508 943 1595 1001 τοίνυν
1609 942 1703 1011 αότδν,
1724 944 1761 1007 ὣς
1781 965 1824 1020 φι·

248 1032 374 1091 ιαῑείιοο
387 1054 483 1112 magna
505 1055 606 1093 merces
620 1047 668 1107 est,
679 1033 730 1092 hoc
748 1054 862 1113 regnum
880 1048 906 1092 et
916 1034 996 1093 volu
1045 1036 1099 1093 λεῖν
1121 1032 1190 1114 χρή·
1214 1041 1291 1094 τουτο
1315 1033 1367 1116 γάρ
1391 1034 1510 1112 όμέγας
1535 1039 1598 1110 μιαθ
1600 1032 1646 1103 hc,
1661 1037 1741 1092 τοῦτο
1769 1034 1821 1109 βα·

156 1142 160 1149 ·
248 1137 318 1227 ptas,
332 1125 383 1184 hoc
397 1125 502 1185 deliciae
516 1141 542 1186 et
556 1127 677 1206 gloriaet
690 1126 787 1201 honor,
803 1127 854 1185 hoc
867 1127 927 1201 lux,
942 1126 1025 1218 hoc,⁸⁷
1028 1125 1132 1216 σιλεία
1157 1126 1202 1184 καλ
1223 1125 1323 1198 ηδονὴ,
1346 1132 1423 1185 τοῦτο
1446 1123 1530 1207 τροφὴ
1556 1124 1602 1184 καὶ
1625 1122 1688 1191 δόξα
1711 1122 1759 1181 καί
1782 1146 1823 1181 τι-

248 1215 379 1277 immensa
403 1218 550 1292 beatitudo,
568 1241 650 1298 quam
667 1240 715 1278 nec
736 1219 821 1278 oratio
844 1219 993 1298 declarare,
1009 1232 1031 1279 A
1047 1217 1099 1293 μὴ,
1119 1220 1196 1275 τοῦτο
1209 1218 1281 1296 φῶς,
1307 1223 1383 1276 τοῦτο
1407 1219 1424 1286 ἡ
1446 1222 1499 1331 'po
1503 1217 1724 1306 ριομακαριότης,
1739 1216 1820 1284 ἦν’
1794 1236 1822 1271 ου

248 1328 297 1367 nec
317 1329 392 1369 mens
406 1331 499 1391 capere
513 1312 606 1391 possit.
621 1315 727 1372 Verum
742 1311 830 1371 nescio
846 1332 899 1390 quo
916 1326 995 1392 pacto
1044 1307 1122 1386 λόγος
1131 1313 1302 1388 παραστῆσαι
1314 1306 1433 1419 δύναται,
1447 1311 1477 1367 οὐ
1490 1330 1548 1375 νους
1559 1305 1732 1366 καταλαύεῐν.
1745 1307 1823 1365 ’Aut

249 1419 278 1458 m
290 1399 447 1480 hujusmodi
459 1423 607 1461 sermonem
620 1401 781 1462 deductus
760 1423 823 1479 snm,
831 1424 876 1480 qui
871 1402 994 1482 aneam
1045 1398 1096 1480 γδιρ
1111 1403 1159 1459 οὐκ
1181 1390 1239 1458 οἶδα
1258 1404 1316 1468 πῶς
1333 1402 1370 1467 είς
1388 1399 1496 1465 τούτους
1509 1397 1673 1479 Ι’παρν’,χθην
1695 1394 1759 1462 τοὺς
1778 1397 1822 1455 λό-

248 1489 382 1565 homines,
396 1515 444 1552 nec
456 1494 638 1575 principatum
649 1516 697 1553 nec
709 1495 824 1573 gloriam
839 1508 996 1574 praesentem
1045 1515 1114 1570 γους,
1128 1490 1276 1573 ἀνθρώποις
1287 1490 1386 1569 μηδὲ
1372 1497 1458 1570 αρχῆς
1478 1489 1525 1550 καλ
1537 1490 1611 1562 δόξης
1628 1494 1823 1568 καταφρονοῦσι

248 1578 434 1660 despicientes,
453 1602 567 1661 regnum
593 1603 709 1663 praesens
732 1596 842 1662 propter
856 1582 994 1641 Christum
1044 1586 1094 1653 τῆς
1104 1583 1240 1663 παρούσης
1254 1583 1298 1642 διὰ
1308 1583 1352 1643 τὸν
1368 1584 1483 1664 Χριστόν
1500 1581 1636 1660 βασιλείας
1649 1579 1768 1640 κελεύων
1778 1604 1824 1640 κα·

247 1669 403 1752 despicere,
416 1672 522 1731 etiamsi
543 1673 584 1731 illi
604 1672 694 1750 magni
708 1685 734 1731 et
751 1672 873 1750 generosi
888 1673 940 1731 viri
960 1673 996 1731 ad
1045 1683 1182 1757 ταφρονεῐν
1195 1698 1202 1712 ·
1216 1673 1305 1734 καίτοι
1317 1698 1347 1753 γε
1368 1678 1394 1734 οἱ
1409 1673 1520 1753 μεγάλοι
1534 1673 1580 1733 καὶ
1596 1681 1713 1751 γενναῖον
1734 1672 1823 1754 ἄνδρες

248 1762 319 1823 hanc
339 1764 439 1824 amoris
459 1786 612 1824 mensuram
631 1764 800 1845 pertigerint.
819 1764 892 1824 Audi
912 1764 996 1844 igitur
1046 1768 1140 1826 ἐκεῖνοι
1160 1764 1205 1825 καλ
1222 1769 1259 1834 εἰς
1272 1767 1393 1825 ταῦτατὸ
1407 1766 1562 1847 μέτροντῆς
1576 1765 1684 1844 ἀγάπης
1697 1763 1821 1844 ἔφθασαν.

249 1859 388 1936 quomodo
406 1863 501 1919 Petrus
516 1882 567 1942 pro
580 1860 628 1920 illo
639 1859 743 1933 ardeat,
757 1861 890 1940 illumque
899 1874 926 1920 et
938 1861 997 1920 ani·
1046 1855 1170 1918 Ἄκουσον
1181 1864 1243 1935 γοῦν
1253 1860 1310 1925 πῶς
1321 1862 1335 1932 ό
1348 1856 1451 1936 Πέτρος
1461 1861 1474 1889 ‘
1483 1857 1545 1936 πελ
1557 1859 1635 1915 αὐτοῦ
1645 1854 1822 1967 παρακαίεταιἰ

249 1973 301 2011 mae
315 1966 342 2012 et
358 1952 422 2012 vitre
441 1974 496 2012 suae
514 1967 540 2013 et
560 1953 686 2013 omnihus
700 1954 832 2034 praeferat
842 1953 879 2012 Et
890 1974 951 2012 cum
962 1953 997 2013 il
1047 1949 1093 2008 καλ
1104 1951 1192 2030 ιθογης
1204 1948 1292 2017 καλ
1264 1953 1333 2020 ζωῆς
1346 1948 1391 2008 καὶ
1404 1949 1511 2008 πάντων
1524 1970 1600 2006 αυτον
1612 1947 1765 2026 προτιθείς
1780 1948 1823 2006 καὶ

11 2086 59 2133 ·„-¹
248 2041 309 2103 lum
318 2045 485 2146 abnegasset,
507 2065 561 2106 non
578 2058 689 2126 propter
699 2045 864 2126 supplicium
872 2046 996 2149 lugebat,
1011 2055 1029 2100 B
1047 2041 1127 2113 ἡνίκα
1143 2039 1211 2100 δὲ’
1183 2042 1261 2102 αυτὸν
1273 2041 1485 2122 ἠρνησατα,οιἰδ
1427 2038 1514 2100 ονδιά
1525 2039 1573 2112 τλν
1589 2041 1700 2099 κόλασιν
1712 2039 1822 2113 ἐπένθει,

112 2120 241 2193 vesitus·
250 2136 297 2194 sed
313 2135 379 2214 quia
392 2135 521 2195 dilectum
535 2146 701 2214 negaverat:
716 2135 792 2238 quod
805 2157 880 2196 omni
872 2136 998 2218 suppli·
1047 2134 1107 2192 ἀλλ’
1123 2130 1262 2202 ἐπειδὴ
1237 2156 1281 2192 τον
1298 2131 1459 2209 ποθούμενον
1478 2130 1627 2211 ἠρνόσατο,
1645 2130 1764 2203 θπάσης
1781 2155 1822 2190 κυ-

97 2211 152 2264 Μ
166 2223 224 2269 Ψ·
251 2247 294 2285 cro
304 2227 449 2287 acerbius
442 2249 493 2308 ipsi
504 2240 570 2287 erat.
582 2226 697 2305 Haecque
707 2247 798 2286 omma
806 2240 867 2286 ante
878 2229 1026 2310 Spiritus
1021 2224 1192 2292 λάοεως’
1164 2229 1236 2284 αυτῶ
1255 2216 1471 2305 πικρότερονῆν.
1485 2223 1538 2283 Καὶ
1552 2230 1636 2283 ταῦτα
1654 2223 1823 2333 ἅπανταπρθ

5 2348 22 2391 ν,
98 2346 170 2395 1...
186 2344 223 2392 2³
251 2320 366 2401 gmtitm
379 2320 522 2381 exhihuit·
515 2341 657 2401 saepeque
670 2319 796 2390 instabat,
808 2320 918 2380 dicens:
912 2323 997 2399 ·Quo
1047 2320 1095 2388 τῆς
1108 2316 1443 2396 ταῦΠνεύματοςχάριτος
1459 2314 1636 2388 ἐπεδείκνυτο,
1648 2314 1695 2374 καλ
1709 2320 1823 2396 σονεγῶς

22 2430 26 2437 ·
87 2406 141 2463 Ἡ·
168 2414 193 2452 ‘¹
216 2405 241 2515 ἓ·
233 2414 401 2473 ὀιιόὶςέεῑ
421 2427 510 2485 antea,
526 2412 582 2470 Ad
601 2433 687 2519 gurm
707 2415 875 2472 ibimuslac
885 2433 989 2482 rursus
1048 2408 1170 2469 ἐπέκειτο
1179 2408 1282 2487 λέγων
1297 2411 1355 2475 Ποῦ
1369 2408 1492 2487 θπάγεις;
1507 2407 1603 2487 καλπρ
1604 2407 1729 2466 δτούτοο
1735 2407 1824 2486 ,Πρός

2 2536 12 2545 =-
25 2508 45 2567 ,ζ
98 2470 195 2593 {⁹15
181 2477 217 2512 u
235 2499 366 2584 Sequar
375 2517 403 2564 te
412 2525 593 2586 quocumque
605 2523 683 2562 teris
697 2503 797 2562 Omnia
810 2524 882 2563 enim
893 2524 951 2585 ipse
964 2504 997 2562 il·
1047 2501 1106 2561 τίνα
1120 2501 1334 2578 ἀπαλευσόμεθα;
1326 2500 1391 2560 καλ
1405 2501 1497 2574 πάλιν,
1508 2499 1693 2572 Ακολοοθνσω
1705 2500 1822 2559 sororio

5 2578 39 2609 ““’“
71 2604 74 2609 “
252 2591 287 2653 lis
296 2606 364 2672 eat,
378 2614 410 2652 ac
428 2609 513 2671 neque
526 2591 622 2651 caelum
636 2611 722 2693 neque
738 2611 851 2671 regnum
870 2592 997 2651 caelorum
1048 2592 1080 2652 διν
1094 2591 1210 2709 ἀπέρχῃ.
1224 2592 1320 2651 Πάντα
1334 2591 1476 2671 γάραότδς
1490 2582 1521 2663 ἦν
1537 2593 1636 2660 αὐτοῖς,
1650 2589 1822 2649 aetolaus

252 2682 352 2770 dilecto
365 2683 548 2787 praferehapt.
564 2684 608 2742 Tu
621 2682 695 2742 enim
709 2683 778 2742 mihi
791 2684 837 2743 illa
852 2684 943 2744 omnia
956 2707 995 2760 es,
1049 2683 1126 2766 ρανὸν
1142 2684 1201 2744 οότε
1223 2683 1407 2798 βρισιλείαν’
1381 2686 1498 2762 οορανῶν
1522 2683 1575 2761 πρό
1590 2687 1636 2741 τοῦ
1661 2680 1822 2759 ποθουμένου

252 2789 351 2855 inquit.
359 2774 397 2834 Et
407 2774 603 2855 quidmiraris,
614 2796 636 2834 sr
630 2775 762 2835 'Petrus
754 2789 791 2835 ita
800 2777 911 2835 affectus
922 2777 996 2836 erat?
1048 2767 1145 2855 “ἦγον.
1161 2774 1248 2836 Σθ’
1214 2800 1266 2854 γαρ
1280 2799 1326 2853 μοι
1338 2774 1426 2835 πάντα
1443 2777 1545 2847 ἐκεῖνα,
1558 2772 1631 2854 φησί.
1648 2774 1745 2834 ίίαλ’
1718 2799 1745 2833 τι
1760 2780 1822 2833 θαυ-

165 2924 171 2937 ,
219 2924 225 2937 ,
252 2869 323 2931 Nam
334 2868 400 2929 audi
411 2868 479 2947 quid
494 2869 625 2950 propheta
636 2867 729 2928 dicat:
745 2870 824 2946 Quid
833 2873 911 2928 enim
924 2872 998 2930 milii
1049 2867 1297 2950 μόζεις,εἰίίέτρος
1310 2867 1379 2927 ούτω
1392 2867 1518 2941 δέκατος
1534 2864 1823 2947 Καλγάρόπροφήτης

253 2975 298 3023 est
307 2962 476 3021 incoeloiet
487 2975 542 3020 ote
552 2960 624 3042 quid
634 2961 719 3045 nolui
733 2982 819 3042 super
830 2963 999 3022 terramild
1049 2960 1199 3022 όκανσοντί
1214 2983 1297 3042 φησι·
1311 2964 1337 3021 's
1339 2959 1347 3017 ί
1361 2959 1413 3041 γάρ
1430 2985 1475 3039 μοι
1489 2959 1604 3038 ὑπάρχει
1616 2963 1644 3018 έν
1656 2962 1695 3038 τῷ
1708 2961 1824 3037 ὠρανῷ,

252 3067 301 3129 est,
311 3074 362 3113 non
372 3075 466 3128 eorum
474 3074 534 3132 quae
546 3074 664 3128 sursum,
673 3074 788 3131 necqnae
798 3054 924 3114 deorsum
936 3069 999 3115 sunt
1049 3054 1095 3115 καλ
1109 3053 1183 3133 παρὰ
1199 3060 1245 3114 σοῦ
1262 3053 1289 3112 τί
1305 3052 1425 3125 ἠθέλησα
1439 3052 1484 3111 ἐπί
1497 3057 1545 3123 τῆς
1558 3055 1621 3131 γῆς,
1634 3049 1673 3110 Ὃ
1686 3051 1717 3110 δὲ
1737 3052 1822 3129 λέγει,

253 3144 331 3206 aliud
344 3146 406 3206 volo
420 3158 515 3227 praeter
528 3159 563 3207 te.
578 3145 636 3206 Hoc
649 3165 725 3204 amor
737 3159 785 3221 est,
798 3147 849 3205 hoc
861 3144 972 3206 dilectio
989 3171 996 3203 ε
1013 3170 1032 3218 c
1048 3144 1165 3204 τοιοῦτόν
1185 3148 1256 3205 ἐστιν
1268 3167 1275 3183 ·
1287 3146 1317 3205 οὗ
1336 3149 1390 3204 τῶν
1408 3144 1478 3215 ἀνω,
1500 3146 1529 3222 οὐ
1553 3146 1606 3202 τῶν
1626 3142 1701 3201 κάτω
1725 3141 1825 3206 οὐδενός

254 3238 277 3298 si
299 3238 337 3297 ita
361 3259 492 3313 amemus,
506 3259 554 3297 nec
574 3237 726 3318 praesentia,
742 3258 788 3295 nec
806 3238 897 3299 sutura
919 3237 1000 3317 quid-
1051 3237 1158 3319 ἐφίεμαι
1173 3238 1273 3319 ἑτέρου,
1287 3239 1345 3298 ἀλλ’
1356 3237 1373 3308 ἦ
1386 3243 1432 3297 σοῦ
1446 3235 1535 3314 μόνον.
1547 3235 1635 3294 Τοῦτό
1654 3237 1727 3294 ἐστιν
1748 3234 1825 3314 ἔρως,

254 3348 337 3405 quam
352 3348 408 3386 esse
421 3348 476 3407 prae
490 3347 581 3384 amore
595 3324 642 3383 illo
656 3324 822 3406 putabimuS,
838 3339 864 3384 et
876 3325 940 3385 hinc
955 3347 1000 3385 rc·
1050 3337 1126 3390 τοῦτο
1136 3328 1229 3410 φιλία·
1243 3329 1273 3388 ἂν
1288 3328 1357 3389 ούτω
1371 3328 1523 3409 φιλήσωμεν
1534 3369 1541 3396 ,
1553 3329 1582 3385 οὐ
1597 3326 1765 3408 τοπαράπαν
1780 3326 1825 3404 μό

253 3441 338 3501 gnum
361 3441 565 3498 consequemur,
581 3420 609 3478 in
627 3419 686 3499 ojus
708 3440 799 3479 amore
821 3419 949 3482 laetantes.
963 3420 999 3480 Et
1049 3446 1109 3495 νον,
1125 3424 1184 3482 ἀλλ’
1209 3421 1269 3481 ούδέ
1288 3420 1323 3481 τὰ
1344 3421 1476 3500 μέλλοντα
1487 3420 1552 3501 πρὸς
1571 3419 1602 3478 τὸ
1615 3419 1725 3499 φίλτρον
1744 3421 1825 3478 ἐκεῖνο

252 3510 401 3589 quomodo,
420 3511 536 3589 inquies,
551 3510 603 3569 hoc
625 3510 696 3568 erit?
712 3510 741 3569 si
765 3511 911 3614 cogitemus
933 3535 1000 3591 quo·
1050 3514 1206 3593 ἡγησόμεθά
1218 3539 1245 3573 τι
1257 3504 1340 3587 εἶναι,
1354 3515 1399 3572 καλ
1409 3512 1457 3586 τὴν
1480 3511 1617 3590 βασιλείαν
1630 3514 1748 3570 ἐντεῦθεν
1763 3535 1824 3590 καρ-

254 3602 422 3662 modoillum
434 3601 593 3661 contumelia
609 3602 776 3661 affecerimus
789 3616 848 3682 post
860 3604 1000 3664 innumera
1051 3604 1208 3684 πωσόμεθα,
1225 3609 1401 3686 ἐντρυφῶντες
1423 3608 1550 3683 αὐτοῦτῇ
1574 3602 1678 3682 ἀγάπη.
1704 3604 1759 3663 Καὶ
1772 3609 1825 3669 πῶς

255 3696 352 3755 collata
370 3695 529 3776 hona,1pse
545 3716 609 3754 sero
622 3694 753 3753 hortando
766 3697 998 3776 perseveraverit.
1052 3700 1128 3759 ἔσται
1150 3704 1236 3773 τοῦτο,
1251 3697 1367 3777 ίφησίν,
1388 3700 1422 3756 Εἰ
1439 3696 1594 3773 ἐννοησομεν
1617 3695 1731 3762 ποσάκις
1751 3696 1825 3755 αὐτόν

253 3789 359 3869 quoties
373 3788 451 3847 illum
465 3802 660 3869 praetereamus,
678 3809 736 3869 ipse
748 3810 812 3847 vero
827 3810 875 3848 nos
886 3811 938 3849 non
953 3811 1000 3850 ne·
1051 3791 1111 3850 θύι
1087 3791 1190 3871 ρίζομεν
1205 3788 1272 3867 perd
1288 3789 1370 3869 μυρία
1382 3788 1478 3867 ἀγαθδι,
1496 3789 1573 3852 αὐτὸς
1585 3785 1612 3845 δὲ
1630 3789 1727 3858 ἔστηκε
1740 3811 1827 3869 παρα-

255 3876 352 3986 gligat‚
368 3880 550 3941 sedaccnrrat
563 3893 589 3939 et
601 3879 703 3938 alliciat
715 3893 797 3959 atque
810 3880 998 3942 adsetrahat.
1051 3885 1140 3942 καλων
1146 3925 1157 3952 ,
1181 3881 1274 3947 ὁσάκις
1301 3881 1379 3941 αότδν
1401 3880 1622 3961 παρατρέχομεν,
1646 3880 1724 3948 αὐτὸς
1747 3879 1776 3939 δέ
1798 3883 1825 3939 οὗ

255 3976 284 4035 si
297 3975 368 4034 enim
389 3976 447 4034 haec
463 3987 489 4033 ct
502 3973 603 4033 similia
617 3972 838 4052 cogitaverimus,
854 3973 928 4033 hunc
940 3998 1000 4036 suc·
1052 3983 1167 4056 παρορᾷ,
1186 3975 1245 4032 ἀλλ’
1261 3972 1396 4053 ἐπιτρέχει
1406 3973 1452 4031 καλ
1468 3971 1607 4052 ἐφέλκεται
1627 3971 1673 4031 καλ
1687 3972 1755 4051 πρὸς
1766 3976 1826 4031 ἑαυ-

219 4078 226 4095 ·
255 4068 368 4130 reudere
385 4088 506 4127 amorem
518 4065 676 4147 poterimus.
689 4067 759 4138 Nam
775 4066 798 4126 si
812 4067 858 4145 qui
875 4066 911 4125 ita
929 4083 1001 4128 amat
1051 4067 1095 4125 τὸν
1107 4068 1261 4126 ἐπισπᾶται.
1272 4064 1319 4124 Ἂν
1331 4063 1381 4145 γδιρ
1395 4068 1480 4124 ταῦτα
1493 4062 1583 4123 καὶτὰ
1594 4071 1704 4123 τοιαῦτα
1716 4063 1826 4144 λογισύν

255 4176 325 4222 esset
344 4161 427 4220 homo
446 4159 521 4233 vilis,
535 4158 583 4237 qui
599 4179 665 4218 vero
685 4157 723 4217 ita
737 4172 842 4217 amatur
854 4180 903 4218 rex
920 4175 1036 4235 esse13n
1054 4163 1134 4237 μεθα,
1155 4156 1321 4234 δυνησόμεθα
1339 4157 1384 4215 τὸν
1403 4157 1483 4216 πόθον
1499 4154 1600 4235 ἀνάψαι
1611 4161 1714 4214 τοῦτον.
1731 4158 1765 4214 Εἰ
1779 4155 1827 4235 γάρ

256 4273 345 4312 nonne
369 4253 416 4312 hic
447 4251 547 4310 amoris
572 4248 787 4330 magnitudinem
814 4255 1002 4312 revereretur?
1054 4250 1189 4329 ἅνθρωπος
1209 4239 1359 4320 torellelis
1380 4252 1394 4307 ό
1413 4247 1482 4306 οὕτω
1503 4249 1602 4328 φιλῶν,
1626 4245 1750 4325 βασιλεὺς
1770 4249 1828 4306 δὲό

258 4348 336 4405 (lente
359 4344 490 4404 maxime.
501 4344 570 4402 Cum
591 4362 656 4401 vero
677 4355 778 4413 contra,
790 4341 934 4403 ineffabilis
954 4346 1000 4405 illa
1053 4341 1124 4400 οὕτω
1138 4340 1360 4421 postponenti
1373 4339 1403 4398 δν
1422 4338 1521 4419 ᾐδέσθη
1536 4342 1654 4419 ’τῷτοῦ
1669 4339 1769 4418 ἔρωτος
1782 4363 1827 4418 με·

258 4434 432 4518 pulchritudo
442 4449 468 4494 et
476 4434 562 4514 gloria
574 4448 600 4494 et
609 4433 715 4493 divitie
725 4435 794 4514 ejus,
801 4434 849 4512 qui
860 4457 908 4495 nos
917 4451 1000 4512 amat,
1053 4433 1136 4512 γέθει;
1150 4431 1258 4513 Σφόδρα
1274 4432 1322 4510 μέν
1333 4422 1387 4492 τόν.
1399 4431 1486 4492 Ὅταν
1501 4431 1529 4490 δὲ
1544 4431 1694 4490 τούναντίον
1709 4455 1737 4490 τι
1748 4424 1777 4512 ᾖ,
1786 4433 1829 4491 καὶ

259 4525 399 4600 talessiut,
409 4545 457 4584 nos
469 4544 534 4584 vero
547 4522 698 4583 admodum
710 4522 789 4598 viles,
801 4524 936 4602 quomodo
946 4546 1001 4586 non
1054 4525 1154 4605 ἄφατον
1166 4523 1213 4602 μὲν
1227 4527 1311 4584 ἐκεῖνο
1325 4524 1356 4586 τὸ
1368 4524 1464 4591 κάλλος
1474 4523 1519 4583 καλ
1531 4528 1547 4595 ἡ
1559 4522 1621 4591 δόξα
1632 4523 1679 4582 καλ
1693 4529 1708 4583 ό
1718 4525 1830 4591 πλοῦτος

258 4619 335 4679 mille
345 4615 487 4700 suppliciis
496 4613 572 4695 digni
580 4615 720 4688 fuerimus,
728 4613 766 4673 ita
776 4615 845 4674 viles
855 4629 881 4675 et
891 4617 999 4698 abjecti,
1053 4621 1099 4676 τοῦ
1114 4617 1250 4696 φιλοῦντος
1260 4621 1342 4694 ἡμᾶς,
1354 4619 1431 4693 ἡμῶν
1445 4614 1473 4674 δὲ
1491 4614 1577 4688 πολλὴ
1596 4615 1763 4690 ἡεύτέλεια,
1776 4622 1830 4683 πῶς

258 4708 306 4788 qni
319 4729 335 4766 a
348 4720 422 4767 tanto
434 4719 460 4765 et
472 4718 525 4764 tam
537 4701 696 4762 admirando
708 4723 789 4784 supra
803 4703 915 4764 modum
929 4727 1001 4765 ama·
1054 4707 1113 4787 or’rgl
1129 4705 1223 4787 μυρίας
1243 4709 1323 4786 ἐσμὲν
1344 4708 1477 4776 κολάσεως
1498 4706 1565 4775 όξιοι
1582 4708 1607 4764 οἱ
1623 4704 1707 4774 οὕτως
1720 4710 1831 4771 εὐτελεῖς

259 4822 331 4871 titur,
341 4813 367 4859 et
380 4798 455 4858 illius
470 4815 589 4855 amorem
600 4793 639 4853 sic
652 4792 849 4873 repudiamus?
864 4796 914 4855 llle
926 4799 1001 4858 nullo
1055 4802 1101 4860 καὶ
1112 4799 1321 4881 ἀπερριμμένοι,
1333 4800 1406 4881 παρὰ
1424 4799 1540 4860 τοιούτου
1561 4798 1676 4876 μεγάλου
1698 4800 1745 4858 καλ
1766 4805 1830 4858 θαν-

294 4977 307 5014 ¹·
324 4976 333 5041 ί
344 4980 432 5040 μισθὸν,
443 4976 504 5024 ἀλλὰ
512 4973 540 5023 δι’
553 4975 620 5022 αὐτόν
631 4969 661 5022 A.
674 4979 700 5018 et
711 4983 791 5035 marg.
802 4968 880 5022 Sevil.
894 4970 904 5036 ]
1066 4974 1184 5040 junctum
1195 4970 1300 5039 legimns
1309 4970 1383 5034 inire,
1396 4973 1503 5023 ctTom.
1512 4975 1538 5031 4,
1546 4988 1572 5037 p.
1585 4972 1642 5036 542,
1652 4972 1798 5035 A,etT0m.
1807 4971 1829 5032 θ,

294 5071 304 5093 ·
321 5053 393 5112 Αίίὶἡ
405 5056 495 5117 μεγάλη
515 5058 666 5119 μακαριότης.
680 5046 737 5112 [Sic
752 5048 780 5097 Α.
794 5059 820 5098 et.
836 5067 915 5117 marg.
931 5050 1019 5117 Sevil„
1070 5069 1095 5118 p.
1108 5053 1168 5117 470,
1181 5053 1209 5101 Β.
1217 5053 1227 5117 ]

262 5145 290 5184 nt
300 5129 426 5198 scripsisse
439 5128 593 5194 suspicemur
606 5127 686 5191 ipsum
696 5123 787 5193 Chrys.
798 5126 808 5195 J
1104 5130 1243 5195 [όγουντο
1253 5131 1282 5179 Α
1295 5141 1320 5179 et
1329 5145 1407 5195 marg.
1418 5129 1466 5181 San·
1470 5125 1495 5178 il.
1505 5124 1658 5194 Siclcgimns
1668 5125 1746 5192 parile
1753 5139 1817 5193 post
1822 5124 1830 5194 ]

296 5210 511 5281 θλίλλπροέχθην.
1105 5209 1115 5239 ⁴
1134 5211 1183 5288 [φα
1179 5217 1269 5273 σι’,ίνν
1257 5210 1411 5276 νοήσωμενλ.
1421 5206 1431 5277 ]

296 5294 390 5361 ’[πιρί
401 5287 609 5356 ignoratA.Cnm
624 5283 729 5352 simplici
739 5283 849 5353 genitivo
861 5283 1021 5359 hocvrrhum
1105 5288 1227 5353 ’ῦῘτδτα
1216 5295 1322 5359 ερωτα·
1332 5294 1427 5355 μέγεθος
1441 5287 1470 5336 h.
1480 5298 1595 5353 ctnrarg.
1607 5282 1685 5336 Seril.
1689 5286 1798 5351 ,rectr.]
