3742 5970
219 413 300 512 690⁴
560 432 590 480 s.
618 430 758 480 ιοιιιιιισ
783 429 965 480 euersosr.
993 429 1151 483 ιιισιιιιιν.
1178 436 1451 490 consummor.

219 565 265 626 hic
277 564 352 636 lacit,
367 576 393 623 et
405 562 523 624 ostendit
541 563 704 646 philosopha
726 579 815 628 mente
827 586 895 647 opus
906 585 964 626 esse
1021 573 1104 630 ταῦθα
1114 579 1194 647 ποιεῖ,
1202 573 1249 633 καί
1255 573 1387 634 δείκνυσιν
1395 574 1436 636 δτι
1445 573 1582 656 γνιλσσδρω
1590 576 1650 639 tm

219 661 362 739 animoque
377 678 475 738 magno
485 657 556 718 etad
566 659 662 718 celum
672 661 826 741 attingente.
837 660 965 721 Necsim·
1020 659 1066 719 καλ
1079 662 1187 741 γνώμης
1196 664 1394 746 οὗρανομήκσυς
1404 665 1474 733 τινὸς
1486 665 1533 725 καὶ
1542 667 1650 747 μεγάλης

219 750 416 832 pliciterdixit,
423 752 469 809 Ne
479 752 590 810 dixeris
595 775 607 820 ;
618 749 676 827 sed,
688 753 731 812 Ne
740 754 849 812 dixeris
859 755 892 810 in
902 771 965 810 eor·
1020 744 1093 828 clare,
1108 756 1145 834 μὴ
1156 757 1233 837 είπῃς
1245 759 1350 831 ἅπλῶς,
1363 758 1452 833 ἀλλὰ,
1466 758 1514 833 Μὴ
1525 759 1596 839 είπῃς
1606 762 1650 821 tit

176 853 182 864 '
220 848 318 905 detuo
325 868 337 914 ,·
353 843 383 902 id
396 856 447 918 est,
458 844 591 903 Dubitare
604 865 637 903 ue
658 844 820 925 cogitaveris
840 843 962 924 quidem,
1021 848 1226 923 σου·τωτίστι,
1240 847 1310 926 μηδδ
1325 848 1451 931 ἐννοήσῃς
1464 849 1650 931 ἀμριὸαλλεινι

219 957 269 995 nec
282 936 352 995 intra
363 933 481 1012 tedicas,
495 934 529 994 Et
539 935 587 1013 qui
602 948 690 1016 potest
702 936 755 995 hoc
764 934 843 995 fierit
856 934 964 1011 Viden',
982 945 1001 991 Ε
1020 937 1089 997 κατὰ
1111 940 1229 1014 σεαυτὸν,
1254 940 1301 999 καὶ
1325 945 1384 1008 πῶς
1405 947 1485 1001 τοῦτο
1499 940 1650 1017 δυνατόνςλλ

223 1027 277 1086 Ιιοο
287 1028 407 1087 maxime
429 1048 485 1086 esse
498 1026 563 1087 fidei
582 1029 734 1110 proprium,
746 1043 780 1088 ut
790 1027 884 1089 infima
897 1028 965 1088 reli-
1019 1032 1096 1088 τοῦτο
1117 1030 1235 1108 μάλιστα
1250 1030 1366 1100 πίστεως
1385 1030 1464 1104 ίδιον,
1483 1030 1530 1091 καί
1540 1031 1587 1105 τλν
1607 1033 1650 1095 eir

219 1134 263 1180 cta
278 1120 378 1200 quavis
390 1118 592 1197 consequentia,
607 1119 680 1199 quod
694 1141 778 1202 supra
788 1136 914 1181 naturam
927 1132 967 1180 est
1020 1120 1174 1180 ἀκολουθίαν
1188 1121 1302 1202 ἀφέντας
1321 1123 1353 1183 τδ
1368 1124 1435 1205 ὑπὲρ
1446 1120 1524 1204 φύσιν
1537 1127 1650 1201 lencm

172 1274 183 1289 γ
219 1213 399 1293 perquiratur,
410 1225 438 1271 et
450 1213 548 1293 rejecta
559 1211 762 1272 ratiociniorum
776 1211 965 1288 infirmitate,a
1019 1214 1123 1290 γισμῶν
1140 1211 1276 1272 ἀσθένειαν
1291 1212 1490 1288 ίκὸιίλλονπας,
1515 1214 1568 1274 dri
1590 1218 1650 1288 τῆς·-

220 1304 271 1363 Dei
290 1304 409 1385 potentia
424 1304 515 1364 omnia
531 1303 821 1383 admittamusldtqui
841 1323 893 1362 non
907 1303 966 1363 haec
1020 1301 1155 1381 δυνάμεως
1180 1303 1227 1364 καλ
1249 1305 1355 1365 ἅπαντα
1375 1306 1590 1388 ταραδίγεσδσις
1611 1306 1650 1369 dd

220 1396 308 1455 solum
319 1395 444 1456 dicebant
454 1396 553 1473 ludet,
566 1396 612 1457 sed
623 1395 695 1475 quod
710 1395 876 1477 impossibile
885 1395 921 1454 sit
930 1414 966 1455 ex
1020 1399 1105 1453 ταῦτα
1119 1395 1208 1474 ἔλεγον
1224 1395 1347 1456 ’ίσνδαῑοι
1358 1396 1447 1474 μόνον,
1463 1400 1522 1458 ἀλλ’
1535 1397 1575 1459 δτι
1596 1401 1650 1460 ott

220 1488 439 1570 fidejustilicari.
456 1488 557 1548 Paulus
571 1510 636 1549 vero
648 1488 718 1548 illud
731 1487 965 1548 adaliudsactum
1021 1483 1135 1554 relucente
1159 1487 1342 1558 δικαιωθῆναι.
1367 1486 1438 1548 Ἀλλ’
1467 1489 1545 1557 edel<
1564 1489 1650 1572 ἐρ’ίιῃ

219 1579 296 1656 dicit,
307 1593 336 1639 ut
346 1580 564 1641 cumosteuderit
574 1579 611 1639 ita
621 1600 749 1659 magnum
759 1599 828 1652 esse,
842 1592 874 1638 ut
885 1579 966 1639 etiam
1021 1575 1080 1654 ἅγιι
1089 1576 1119 1636 τδ
1132 1578 1316 1656 γεγενημένα,
1329 1577 1390 1654 ίνα,
1403 1578 1468 1640 ὅταν
1482 1580 1554 1662 δείξῃ
1576 1581 1650 1662 piper

219 1694 282 1733 cum
294 1674 395 1732 factum
410 1673 502 1749 suerit,
513 1673 569 1732 lide
579 1693 648 1754 opus
665 1672 772 1748 haheat,
781 1672 854 1753 juste
867 1671 966 1732 videa·
1020 1669 1057 1734 ὧι
1072 1668 1117 1727 καὶ
1132 1668 1201 1745 μετὰ
1213 1669 1243 1729 τὸ
1256 1673 1412 1750 γεγενῆσθαι
1425 1671 1543 1740 πίστεως
1555 1672 1650 1735 mette

219 1777 265 1823 tur
278 1764 333 1824 illis
347 1785 473 1824 coronam
487 1778 599 1824 nectere.
613 1764 710 1825 Utitur
723 1777 813 1824 autem
831 1763 921 1824 verbis
932 1786 968 1824 ex
1021 1757 1103 1827 selus
1116 1759 1177 1840 δόξῃ
1191 1760 1291 1830 τούτοις
1304 1762 1349 1822 τδν
1363 1762 1493 1844 στέφανον
1507 1765 1650 1827 attrecta

219 1854 311 1917 Veteri
326 1856 499 1914 Testamento
520 1854 661 1931 desumtis,
683 1874 779 1913 curans
802 1873 918 1933 semper,
937 1866 967 1913 ut
1020 1875 1065 1910 ται
1079 1851 1181 1935 ῥήμασι
1195 1862 1251 1923 τοῖς
1264 1857 1340 1935 ἐντῇ
1357 1857 1468 1936 Παλαιᾷ
1478 1857 1616 1937 κειμένοις,
1629 1878 1650 1920 ιι

217 1945 253 2005 de
267 1945 385 2006 novitate
396 1944 466 2004 etde
475 1964 566 2026 pugna
578 1958 671 2004 contra
681 1945 771 2023 legem
780 1942 899 2003 accerseri
911 1964 962 2002 non
974 1985 1012 2026 ,ῃ
1022 1942 1064 2003 ἀεὶ
1077 1945 1110 2003 τὰ
1125 1946 1174 2015 τῆς
1194 1947 1364 2026 καινοτομίας
1376 1947 1424 2007 καλ
1441 1952 1491 2022 τῆς
1510 1951 1575 2030 πρδς
1591 1948 1650 2011 tadi

218 2040 314 2121 possit.
325 2039 407 2111 Quod
420 2038 492 2097 enim
504 2038 551 2098 hic
564 2037 598 2096 de
613 2037 667 2096 sude
680 2037 758 2114 dicit,
774 2034 811 2096 de
830 2051 966 2118 praecepto
986 2042 1004 2087 Δ
1020 2036 1177 2115 ἐγκλήματα
1191 2038 1448 2120 διαριιίγειν.’λ’σῦτο
1457 2041 1521 2125 γὰρ,
1531 2040 1650 2123 δπιρλιί

218 2129 286 2190 dicit
306 2130 362 2189 illis
381 2132 492 2210 Moyses
497 2152 507 2208 ς
520 2128 663 2188 osteudens
682 2129 755 2211 ipsos
776 2128 893 2188 multae
907 2129 965 2187 Deo
1020 2128 1106 2188 ταῦδσί
1119 2151 1184 2209 φησι
1189 2174 1198 2204 ,
1211 2131 1273 2210 περὶ
1284 2136 1333 2204 τῆς
1344 2133 1454 2204 ἐντολῆς
1467 2134 1555 2203 αὐτοῖς
1566 2132 1650 2214 λίγα]

218 2222 350 2303 accepisse
367 2221 508 2282 beneficia.
521 2222 581 2280 Nou
598 2235 639 2281 est
652 2221 723 2280 enim
735 2218 810 2299 quod
823 2218 910 2293 dicas,
922 2219 965 2277 in-
1021 2221 1121 2290 δεικνὺς
1140 2220 1181 2284 δτι
1194 2225 1296 2296 πολλῆς
1312 2224 1471 2297 ἀπήλαυσαν
1486 2227 1579 2306 ’παρδ
1590 2232 1650 2288 ταδί

218 2316 287 2394 quit,
297 2315 372 2394 quod
383 2312 417 2373 ad
429 2314 527 2372 caelum
537 2313 572 2372 sit
584 2312 792 2389 ascendendum,
801 2325 827 2371 et
836 2331 966 2390 maguum
1021 2312 1178 2392 εὐεργεσίας.
1196 2315 1237 2374 Οὐ
1258 2315 1312 2395 γὰρ
1326 2315 1398 2374 ἔστιν
1420 2320 1517 2391 εἰπεῖν,
1530 2319 1615 2399 ρησλν,
1629 2318 1650 2380 ίι

218 2407 330 2488 pelagm
350 2403 549 2485 trajiciendum,
564 2418 595 2464 ut
607 2418 671 2463 tnnc
684 2403 810 2462 mandata
827 2402 967 2482 accipian·
1019 2403 1128 2482 οὗρανδν
1143 2405 1276 2478 ἀναὸἥναι
1286 2407 1325 2466 δεῖ
1334 2406 1381 2466 καί
1392 2407 1511 2487 πέλαγος
1520 2410 1650 2491 διαδῆνσιρ

220 2496 343 2557 ιιιιιοοιί
364 2517 424 2575 quae
440 2495 477 2554 ita
498 2516 597 2577 magna
615 2495 763 2576 graviaque
787 2507 860 2567 scrut,
876 2493 966 2552 facilia
1019 2495 1079 2553 τότε
1091 2495 1183 2555 λαθεῖν
1196 2496 1244 2564 τὰς
1265 2497 1388 2565 ίντσλσίς·
1407 2499 1478 2559 α’λλδ
1496 2499 1533 2560 sd
1546 2501 1650 2581 οδσυῃιι

219 2589 298 2651 nobis
310 2592 385 2649 Deus
405 2587 537 2648 reddidit.
553 2587 631 2663 Quid
644 2585 771 2673 yerosibi
790 2585 851 2647 vult
870 2584 940 2644 illud
956 2610 964 2643 ι
1020 2585 1156 2666 ὑπέρογκα
1170 2586 1266 2647 εὔκολα
1283 2592 1348 2667 ἡμῖν
1361 2590 1485 2664 ἐποίησεν
1501 2592 1604 2661 δΘιίς
1614 2590 1647 2653 ‘ll

220 2687 318 2765 Prope
332 2696 361 2743 te
373 2684 500 2741 υσνίιοια
509 2688 573 2741 est?
584 2682 687 2761 Nempe
698 2678 778 2738 facile
789 2692 848 2739 est:
861 2698 925 2737 nam
938 2677 966 2737 in
1021 2675 1119 2757 Ἐγγδς
1128 2685 1174 2739 σοῦ
1182 2679 1212 2739 τδ
1224 2679 1367 2762 ρῆμάέστι
1375 2683 1547 2759 ςΤουτίστιν,
1560 2682 1650 2746 einoldi

220 2789 309 2836 mente
321 2788 346 2834 et
360 2773 388 2834 in
401 2773 494 2854 lingua
505 2786 549 2832 tua
561 2771 614 2832 sita
626 2785 665 2831 est
676 2771 760 2831 salus.
775 2771 835 2830 Non
849 2789 918 2850 opus
928 2781 968 2827 ert
1021 2769 1120 2849 γδρτῇ
1135 2768 1237 2851 διανοίῃ
1258 2794 1305 2833 σου
1319 2774 1365 2833 καλ
1384 2778 1420 2855 τῇ
1444 2774 1556 2858 γλιίσσῃ
1570 2782 1587 2851 ἡ
1599 2800 1650 2839 ur

220 2881 251 2927 ut
262 2868 375 2947 longum
392 2866 442 2926 iter
455 2864 629 2946 suscipiatur,
642 2864 686 2924 vel
709 2879 740 2924 ut
753 2863 867 2946 pelagus
890 2865 966 2946 traji-
1022 2858 1126 2940 μακρδιν
1141 2861 1200 2921 δδδν
1223 2862 1395 2941 βαδίσαντας,
1414 2866 1475 2926 etot
1488 2867 1650 2949 πίλαγσςσλι

221 2960 317 3035 cietur,
334 2959 378 3020 vel
392 2970 495 3017 montes
519 2970 681 3037 superentur
705 2955 869 3016 adsalutem
889 2957 965 3016 obti-
1021 2950 1080 3012 ὠδὲ
1090 2952 1138 3033 ὄρη
1148 2953 1422 3034 παρελθόντας,οίτω
1432 2959 1472 3018 δεῖ
1479 2962 1650 3033 audivero}

221 3051 337 3111 neudnm
345 3074 354 3127 ;
368 3049 416 3110 sed
428 3049 477 3108 etsi
490 3048 573 3108 limen
587 3047 736 3129 transgredi
750 3048 831 3122 uelis,
841 3047 904 3108 licet
914 3048 966 3107 tibi
984 3057 1003 3106 Β
1022 3043 1100 3115 αὐτὸν
1114 3046 1246 3125 βουληθῇς
1259 3049 1407 3127 ὑπιρδῆναι
1426 3050 1472 3110 τδν
1485 3053 1570 3127 αιἰδδν,
1591 3052 1650 3125 ἦσαν

220 3143 302 3203 etiam
314 3140 390 3201 domi
402 3139 506 3200 sedenti
520 3139 634 3201 salutem
646 3139 762 3199 nancisci
779 3137 879 3198 :inore
887 3139 966 3220 quip-
1020 3135 1088 3195 οίκσι
1099 3136 1242 3218 καθημένῳ
1261 3143 1395 3211 σωθῆναι·
1411 3144 1440 3201 ἐν
1451 3142 1506 3225 γὰρ
1517 3147 1557 3224 τῷ
1567 3145 1650 3225 reipsa

221 3258 255 3315 pe
268 3249 294 3295 et
309 3235 337 3293 in
353 3233 433 3293 cordo
448 3246 494 3292 tuo
505 3232 600 3291 salutis
612 3252 692 3291 causa
703 3245 750 3290 est.
763 3231 870 3292 Deinde
879 3232 967 3290 aliun·
1020 3229 1049 3285 ἐν
1060 3232 1093 3308 τῇ
1104 3229 1201 3310 καρδιῃ
1215 3252 1271 3288 εστι
1286 3255 1334 3303 της
1354 3235 1490 3317 σωτηρίας
1503 3242 1521 3309 ἡ
1536 3236 1642 3319 ἀφορμή.

221 3327 256 3386 do
277 3326 384 3385 facilem
406 3323 471 3383 fidei
495 3344 644 3382 sermonem
669 3322 789 3387 efficiens
812 3324 860 3399 ait,
882 3325 968 3402 Quod
1021 3317 1145 3398 ἑτέρωθεν
1158 3319 1265 3381 εὔκολον
1277 3326 1362 3383 ποιῶν
1375 3326 1421 3385 τδν
1430 3332 1479 3400 τῆς
1489 3327 1650 3411 πίστεωςλίγ

223 3422 305 3478 Deus
327 3419 412 3476 illum
435 3419 620 3497 suscitaverit
647 3437 684 3474 ex
712 3419 843 3474 rnortut‘s.
873 3415 966 3494 Cogita
1022 3409 1063 3469 ὅτι
1074 3409 1109 3469 Ὁ
1122 3411 1190 3479 Θεδς
1210 3413 1287 3472 αὐτὸν
1299 3414 1404 3496 ἤγειρεν
1420 3421 1573 3502 ἐκνεκρῶν.
1587 3420 1650 3482 'Erit

222 3511 295 3570 enim
308 3508 452 3569 excitantis
467 3507 637 3585 dignitatem,
645 3521 674 3566 et
687 3508 790 3567 nullam
800 3505 906 3570 ridebis
917 3508 968 3567 hac
1021 3502 1051 3561 τὸ
1062 3500 1165 3581 ἀξίωμα
1176 3510 1221 3563 τοῦ
1232 3506 1405 3584 ποιήσαντος,
1419 3509 1465 3568 καί
1476 3512 1564 3572 οὐκέτι
1574 3513 1650 3594 &petel

221 3604 250 3663 iu
265 3625 294 3663 re
310 3600 508 3661 difficultatem.
521 3599 701 3678 ltaquequod
714 3599 840 3659 Christus
861 3600 897 3659 sit
911 3601 968 3659 Do·
1023 3595 1145 3673 οὐδεμίαν
1161 3598 1240 3679 ἐντῷ
1263 3598 1412 3679 πράγματι.
1429 3606 1547 3680 Οὐκοῦν,
1559 3605 1650 3684 &epla

222 3695 323 3765 minus,
337 3715 373 3753 ex
387 3691 579 3752 resurrectione
598 3691 689 3771 palam
706 3705 765 3751 est:
781 3690 811 3750 id
825 3691 897 3770 quod
914 3692 967 3751 ini·
1025 3708 1092 3766 ptos,
1103 3689 1134 3745 ἐκ
1152 3689 1201 3757 τῆς
1216 3688 1384 3757 ἀναστάσεως
1397 3693 1491 3764 δῆλον·
1507 3695 1579 3756 δκαὶ
1591 3694 1650 3778 apt

72 3804 140 3848 ιιωη.
154 3818 173 3850 ι.
188 3802 210 3866 4.
223 3793 260 3853 tio
274 3791 394 3873 epistolar
417 3789 508 3849 dixit:
524 3788 581 3865 Qui
594 3789 849 3869 proedefinitusest
869 3790 968 3848 Filius
1024 3780 1165 3850 ἕπῑστῡλῆς
1180 3778 1270 3859 ἔλεγε·
1283 3783 1340 3841 Τοῦ
1355 3784 1505 3862 ὁρισθέντος
1517 3790 1581 3847 lton
1597 3792 1650 3850 Θια·

221 3888 280 3946 Dei
292 3906 329 3943 ex
352 3885 564 3943 resurrectione
576 3894 755 3940 mortuorum
769 3880 863 3960 :quod
876 3895 967 3941 autem
1003 3928 1008 3937 .
1024 3870 1141 3939 στάσεως
1154 3876 1252 3951 νεκρῶν
1265 3896 1273 3911 ·
1288 3873 1330 3934 ὅτι
1344 3873 1372 3935 δὲ
1386 3877 1463 3949 καὶὴ
1480 3881 1650 3950 ἅναίστασιιὲ

221 3979 281 4059 ipsa
291 3973 450 4036 resurrectio
460 3973 549 4033 facilis
559 3972 604 4046 sit,
617 3973 743 4055 exipsius
753 3974 906 4034 suscitantis
914 3976 969 4034 lor·
1023 3966 1071 4033 τῆς
1083 3968 1130 4021 τοῦ
1140 3963 1299 4036 πθῑίῦανῖῡς
1309 3967 1400 4045 luit<
1410 3972 1650 4034 ἅποδὲδεικταικαί·

220 4070 337 4130 titudine
351 4083 488 4128 ostensum
501 4081 542 4127 est
554 4067 589 4125 iis
600 4066 692 4141 etiam,
707 4069 754 4146 qui
766 4066 915 4127 admodum
926 4067 966 4127 iu·
986 4073 1005 4121 c
1024 4054 1073 4134 δρα
1087 4055 1277 4116 διαπιστσῦσιν.
1292 4050 1434 4120 'unvair
1448 4062 1497 4122 καί
1510 4066 1601 4141 μειῖων
1613 4066 1650 4138 ll

221 4163 324 4223 creduli
331 4175 402 4223 sunt.
411 4162 481 4220 Cum
488 4179 552 4238 ergo
559 4163 647 4243 major
658 4160 763 4240 justitia
776 4160 811 4218 sit
826 4160 927 4221 etlevis
942 4175 969 4220 ct
1024 4146 1069 4205 ml
1083 4146 1166 4226 κούφη
1181 4146 1227 4206 “l
1241 4150 1454 4231 ῑῦπαρᾶδῑκτος,
1466 4156 1513 4214 καὶ
1525 4158 1608 4227 ἄλλως
1619 4158 1650 4218 διι

221 4267 347 4334 susceptu
359 4254 456 4328 facilis,
467 4265 494 4311 et
506 4250 616 4312 aliunde
626 4251 770 4333 justificari
780 4273 858 4312 nemo
867 4253 967 4333 possit:
1025 4236 1062 4316 μὴ
1077 4229 1109 4315 ll
1123 4242 1170 4298 οὐκ
1181 4239 1295 4319 ἐσχάτης
1305 4244 1467 4321 φίλονῑῑκίας
1477 4247 1511 4306 τὸ
1522 4257 1575 4317 τοῖς
1586 4249 1650 4310 ἄδικ’

221 4361 310 4400 annon
323 4354 449 4399 extremm
462 4340 640 4399 contentionis
651 4354 731 4415 esset,
744 4340 777 4398 iis
789 4341 891 4400 relictis
909 4363 969 4420 quae
1023 4337 1132 4410 gttpeitt,
1147 4330 1181 4390 τί
1195 4331 1291 4390 timi&
1302 4333 1415 4413 ἀφέντας
1425 4335 1472 4396 καί
1487 4339 1579 4420 belim
1593 4342 1650 4421 0⁵1

220 4435 311 4496 facilia
322 4447 395 4509 sunt,
406 4433 587 4514 impossibilia
596 4434 707 4514 aggredi
716 4435 730 4493 ἱ)
740 4436 834 4513 Neque
843 4435 914 4494 euim
926 4436 970 4495 di·
1025 4422 1056 4481 ἃ*
1070 4425 1162 4499 ‘imit’
1176 4423 1217 4483 &⁸
1231 4428 1267 4492 ὥς
1283 4427 1406 4506 φορτικὸν
1425 4429 1457 4490 τὸ
1472 4443 1585 4513 πρᾶγμα
1596 4457 1650 4517 ιιιιριΙ

221 4550 280 4589 cere
293 4527 405 4609 possint,
418 4547 446 4586 se
462 4547 520 4585 rem
538 4540 633 4608 utpote
648 4547 787 4589 onerosam
804 4529 914 4592 missam
929 4531 970 4593 fe·

221 4641 295 4682 cisse.

260 4728 289 4787 5.
305 4724 404 4788 Viden’
424 4722 561 4803 quomodo
580 4724 643 4784 illos
662 4723 699 4785 ab
716 4725 792 4786 omui
813 4729 894 4788 venia
913 4731 969 4811 pri·
1064 4723 1141 4801 Είδες
1163 4736 1220 4800 πῶς
1242 4733 1331 4808 παίσῃς
1353 4736 1448 4808 αὐτοὺς
1469 4740 1608 4826 ἀποστερεῖ
1620 4764 1650 4801 ω

221 4820 286 4880 vet?
300 4818 362 4891 Qua
375 4817 449 4877 enim
464 4816 618 4877 defensione
630 4815 708 4897 digni
723 4818 837 4896 lumine,
850 4821 873 4880 si
895 4822 970 4901 quod
1024 4823 1108 4893 Ποίας
1115 4823 1166 4907 γδιρ
1176 4825 1206 4884 διν
1216 4816 1265 4886 εἶεν
1274 4829 1417 4909 ἀπολογίας
1426 4829 1504 4908 ἄξιοι,
1512 4835 1542 4895 τδ
1552 4837 1650 4916 μὲνγαρι

221 4909 358 4970 onerosius
371 4924 398 4969 et
407 4903 483 4989 qnod
495 4908 566 4968 nihil
577 4907 700 4989 perficiat
711 4909 822 4991 eligant,
837 4912 885 4972 illo
898 4934 968 4995 prar-
1024 4916 1143 4995 ἑλόμενοι
1156 4915 1201 4977 καὶ
1213 4918 1354 4996 ἀνήνυτον,
1371 4924 1589 5005 παραδραμόντες
1605 4925 1650 4987 δίς

160 5030 166 5039 ·
221 5001 343 5062 termissc
352 5000 425 5081 quod
438 5001 499 5062 leve
507 5013 547 5077 eat
556 5013 583 5060 et
594 5000 780 5062 illis·saltttcm
793 5003 859 5064 dure
871 5008 967 5086 possit,
1024 5009 1068 5068 καὶ
1093 5008 1233 5086 δυνάμενον
1256 5010 1348 5078 αὐτοὺς
1377 5016 1479 5090 σῶσαι,
1501 5022 1604 5080 κάκεῖνα
1622 5042 1650 5080 ιι

255 5204 265 5228 ·
282 5187 324 5240 Sic
336 5189 395 5242 llos.
411 5188 479 5240 Editi
491 5206 551 5242 vero
564 5198 615 5261 πιμὶ
627 5192 667 5244 rit
680 5199 737 5254 dion,
754 5191 825 5242 male.
