3728 5978
564 428 597 475 ιιν
625 427 732 477 nuiss.
761 426 807 474 au
834 427 917 475 nou.
945 427 1063 478 nouit.
1091 432 1129 480 11.
1558 413 1628 506 485

62 577 111 624 νην
128 555 159 613 οὐ
175 552 234 628 σλν,
245 551 313 615 ἀλλὰ
328 555 412 626 Θεοῦ,
425 552 471 612 καί
488 551 518 611 τὸ
532 551 641 633 δαψιλὲς
652 553 734 623 αι’πῆς
747 550 793 611 καὶ
804 549 836 611 rh
886 571 974 611 sermo
981 551 1162 630 videturesse,
1168 554 1242 634 quod
1250 555 1383 635 moechus,
1389 555 1631 638 mollis,scpulc1o·

62 645 170 706 εὔκολον
184 645 369 722 αἰνιττόμενος.
381 646 422 704 Οὐ
437 644 489 725 γὰρ
503 642 530 712 ἐξ
549 643 666 724 ἱδρώτων
683 643 729 703 καὶ
748 642 835 703 πόνων
887 665 950 705 rum
963 646 1083 724 effossor,
1090 648 1282 729 praestigiator,
1296 649 1435 710 confestim
1448 669 1503 711 non
1517 650 1598 712 modo
1614 673 1630 712 a

63 736 148 808 aiz-b
162 741 314 818 κατορθοῖς,
325 737 382 796 ἀλλ’
396 736 449 795 ἀπὸ
468 741 516 808 τῆς
535 735 634 795 ἄνωθεν
648 736 747 816 δωρεᾶς
767 735 837 812 λαμ·
888 738 1024 819 supplicio
1035 739 1176 821 eripiatur,
1189 739 1237 801 sed
1251 741 1331 801 etiam
1339 741 1431 822 justus
1440 741 1498 820 liat,
1508 742 1629 823 etjustns

62 827 168 901 ὅάνεις,
190 828 218 886 ἓν
241 826 319 906 μόνον
348 826 477 908 εἰσφέρων
500 823 610 902 οίιιοθεν,
632 826 663 886 τὸ
684 829 835 886 πιστεῦσαι.
843 870 880 915 ,γρ
888 850 1014 911 suprema
1027 829 1275 913 justitia5aVeteri
1289 835 1462 896 Testamento
1481 854 1632 897 sermonem

61 911 146 993 Εἶτα,
160 919 250 992 ἐπειδὴ
269 920 392 988 ἀπίθανος
404 925 417 979 θ
433 919 510 998 λόγος
522 910 589 978 εἶναι
602 918 699 993 ἐδόκει,
711 922 733 979 εἰ
746 922 761 977 θ
776 943 836 998 μοι·
851 927 873 974 Α
888 921 1039 1000 confirmat,
1052 945 1084 983 ac
1094 924 1183 1006 primo
1195 923 1306 1004 quidem
1325 926 1405 987 brevi
1420 924 1495 987 dicto
1516 927 1633 988 immen-

62 1013 113 1094 χὀς
125 1014 171 1072 ιιαλ
188 1012 321 1091 ριαλααθς,
335 1012 382 1073 καὶ
402 1011 576 1092 τομὸωρύχος
594 1011 639 1071 καλ
660 1011 723 1091 γόης
744 1011 836 1093 ἀθρόον
886 1031 949 1071 sum
965 1011 1140 1071 historiarum
1160 1013 1272 1094 pelagus
1295 1013 1394 1075 intueri
1418 1015 1521 1076 valenti
1535 1016 1636 1098 aperit..

63 1106 126 1186 οὐχθ
138 1106 271 1172 κολάσεως
284 1105 481 1164 ἀπαλλάττεται
497 1103 585 1181 μόνον,
597 1101 666 1162 ἀλλὰ
679 1102 725 1164 καί
738 1103 838 1169 δίκαιος
887 1103 957 1162 Cum
970 1102 1083 1163 dixisset
1095 1104 1178 1179 enim,
1194 1107 1243 1164 Ex
1246 1105 1314 1186 fide
1326 1110 1358 1164 in
1360 1107 1467 1188 fidem,
1481 1108 1632 1168 auditorem

64 1200 182 1280 γίνεται,
201 1198 247 1258 καὶ
261 1197 360 1265 δίκαιος
380 1196 431 1268 τὴν
444 1195 572 1256 ἀνωτάτω
592 1195 768 1270 δικαιοσύνην,
783 1194 837 1255 einh
886 1195 989 1256 remisit
998 1194 1033 1255 ad
1043 1196 1281 1276 (pronomiasillas,
1291 1218 1307 1256 a
1316 1200 1374 1258 Deo
1387 1198 1415 1258 in
1427 1200 1521 1263 Veteri
1535 1202 1631 1260 Terta·

63 1298 113 1364 τ-ῆς
126 1295 248 1359 Παλαιᾶς
267 1298 407 1351 πιστοῦται
430 1288 474 1347 τὸν
494 1288 579 1368 λόγον.
592 1289 646 1350 Καὶ
663 1293 767 1372 πρῶτον
788 1287 837 1365 μὲν
888 1303 977 1349 mento
987 1291 1080 1366 lactas,
1092 1311 1159 1369 quas
1171 1289 1207 1349 ad
1216 1290 1549 1370 Hebraeosscribcns,cum
1562 1294 1633 1354 mul·

65 1391 163 1467 βραχεῖ
176 1384 275 1464 ῥήματι
288 1381 403 1461 πέλαγος
414 1384 534 1462 ἱστοριῶν
546 1380 642 1462 ἀχανὲς
654 1378 838 1461 τῷδυναμὲνιρ
887 1395 914 1441 ta
926 1381 1056 1462 sapientia
1070 1394 1187 1459 enarrat,
1201 1395 1283 1459 atque
1296 1381 1378 1441 etiam
1397 1396 1460 1442 tunc
1474 1397 1499 1443 et
1510 1385 1594 1465 justos
1605 1400 1632 1446 et

65 1475 174 1554 βλέπειν
189 1474 406 1535 ἀναπετάννυσιν.
420 1471 512 1533 Εἰπὼν
526 1473 593 1553 γὰρ,
607 1472 658 1532 Ἐκ
672 1470 787 1538 πίστεως
799 1473 838 1537 είς
886 1473 1204 1556 peccatoresjustificatos
1215 1473 1330 1533 ostendit
1341 1497 1347 1531 :
1360 1490 1523 1556 quapropter
1535 1492 1561 1537 et
1576 1479 1632 1538 Ra·

63 1569 166 1643 πίστιν,
186 1567 345 1649 παρέπεμψε
369 1567 414 1627 τὸν
443 1565 576 1648 ἀκροατὴν
600 1565 644 1625 ἐπί
667 1566 714 1633 τὰς
735 1568 837 1625 οἶκονο-
887 1567 922 1625 ab
932 1580 958 1625 et
968 1566 1107 1626 Abrabam
1117 1567 1285 1628 memoravit.
1293 1570 1387 1627 Postea
1400 1582 1501 1646 autem,
1510 1592 1573 1631 cum
1586 1570 1631 1631 hic

64 1663 129 1739 μίας
151 1668 197 1720 τοῦ
220 1664 290 1721 Θεοῦ
304 1661 351 1728 τὰς
373 1663 399 1719 ἐν
425 1664 458 1738 τῇ
488 1661 596 1738 Παλαιᾷ
610 1656 783 1738 ’γενομένας
807 1657 838 1725 θς
887 1656 976 1715 solum
989 1655 1018 1715 id
1033 1654 1313 1731 subindicasset(nam
1327 1655 1362 1715 ad
1377 1657 1458 1717 aliam
1469 1661 1631 1740 contempla-

64 1753 201 1835 Ἐεἷραίοις
212 1753 372 1813 ἐπιστελλων
387 1750 454 1830 μετὰ
469 1753 569 1822 πολλῆς
580 1749 711 1831 ἐξηγεῖται
731 1755 778 1822 τῆς
794 1774 838 1810 σο-
888 1748 988 1808 tionem
995 1769 1075 1809 cursu
1085 1748 1172 1809 veloci
1187 1748 1328 1807 festinabat
1335 1755 1376 1824 ),a
1388 1751 1527 1832 prophetis
1536 1774 1631 1813 rursus

65 1846 143 1928 φίας,
159 1845 278 1914 καὶτοὺς
293 1845 409 1912 δικαίους
432 1844 478 1904 καθ
501 1841 561 1909 τοὺς
584 1840 758 1922 ἁμαρτωλοὺς
770 1838 838 1903 οὕτω
887 1844 1003 1904 sermoni
1017 1843 1100 1904 fidem
1109 1842 1244 1917 conciliat,
1253 1844 1281 1903 iu
1295 1845 1416 1904 medium
1427 1845 1564 1907 adducens
1577 1849 1631 1907 lla-

65 1938 253 2006 δικαιωθέντας
273 1937 387 1997 δείκνυσι
410 1935 455 1995 κοιλ
475 1933 550 1994 τότε·
570 1932 669 1994 dilatati
684 1939 732 2006 τῆς
751 1933 840 1994 ‘Peto
854 1946 871 1993 Β
887 1938 974 1997 bacuc
993 1937 1152 1996 clamantem
1176 1949 1202 1994 et
1222 1934 1364 2012 dicentem,
1373 1956 1426 1996 non
1449 1959 1527 2019 posse
1539 1938 1632 2000 vivere

66 2032 113 2090 καλ
133 2037 179 2089 τοῦ
196 2028 317 2112 ἐθὸραᾶιμ
330 2027 533 2106 ἐμνημόνευσεν.
549 2024 663 2086 Ἔπειτα
679 2026 706 2085 δὲ
728 2030 839 2087 ἐνταῦθα
889 2051 951 2089 eum
963 2028 1010 2109 qui
1020 2029 1142 2091 victurus
1152 2027 1256 2105 est-nisi
1271 2049 1317 2108 per
1331 2028 1423 2090 fidem.
1434 2030 1505 2091 Nem
1516 2031 1631 2105 luetur,

65 2123 232 2201 αἰνιξάμενος
256 2121 320 2181 αὐτὸ
341 2121 419 2199 μόνον
433 2118 497 2199 (καὶ
511 2116 562 2199 γὰρ
584 2120 624 2198 ἐφ’
639 2117 726 2198 ἕτερον
748 2117 839 2200 ἔτρεχε
889 2123 1101 2202 inquit,exs1de
1113 2126 1206 2198 viret,
1213 2122 1247 2181 de
1260 2123 1352 2181 futura
1363 2122 1475 2202 loquens
1483 2122 1547 2185 vita.
1559 2124 1630 2198 Quia

63 2214 209 2295 ossifragis,
223 2214 268 2272 καὶ
289 2216 477 2291 κατεπεῖγον),
493 2210 546 2269 ἀπὸ
563 2214 616 2268 τῶν
629 2213 773 2290 προφητῶν
786 2210 839 2269 πά·
887 2214 960 2274 enim
972 2234 1032 2291 quae
1040 2217 1113 2272 Deus
1122 2212 1261 2293 elargitur,
1273 2234 1379 2273 omnem
1389 2215 1576 2294 cogitationem
1586 2238 1633 2278 su·

63 2313 106 2366 λιν
119 2312 259 2367 πιστοῦται
278 2307 323 2365 τὸν
339 2306 426 2384 λόγον,
440 2303 508 2362 ι’τὸν
521 2301 677 2380 Ἀμὸακοθμ
698 2305 735 2370 είς
757 2301 837 2380 μέσον
886 2322 990 2389 perant,
996 2309 1058 2389 jure
1071 2305 1126 2366 fide
1138 2306 1354 2388 opushabemus.
1366 2308 1419 2370 Vir
1432 2321 1523 2367 autem
1535 2309 1631 2391 pervi-

62 2401 191 2480 παράγων
206 2403 308 2479 βαῖιντα
320 2399 365 2459 καὶ
377 2397 503 2477 λέγοντα,
514 2395 555 2454 ὅτι
568 2394 627 2456 οὐδὲ
641 2393 679 2454 ἔνι
693 2395 779 2461 ἄλλως
790 2398 837 2475 ζῇν
887 2423 947 2474 cax,
959 2414 1106 2462 contemtor
1112 2414 1138 2460 et
1151 2399 1362 2480 arrogans,nihil
1369 2398 1497 2481 perficiet.
1508 2399 1630 2460 Audiant

60 2495 107 2555 τὸν
123 2494 254 2572 μέλλοντα
274 2491 412 2564 ζήσεσθαι,
425 2491 483 2549 ἀλλ’
499 2488 517 2560 ἢ
532 2487 576 2546 διὰ
592 2487 714 2554 πίστεως.
730 2487 764 2547 Ὁ
785 2487 837 2568 γὰρ
885 2493 1003 2552 haeretici
1013 2491 1182 2574 spiritualem
1195 2512 1299 2552 vocem.
1311 2491 1389 2550 Talis
1397 2503 1437 2551 est
1448 2492 1520 2551 enim
1528 2491 1630 2572 cogita·

61 2588 177 2657 δίκαιος,
192 2584 280 2665 φησὶν,
297 2588 327 2644 ἐκ
347 2582 461 2648 πίστεως
476 2581 600 2653 ζήσεται,
622 2580 684 2661 περὶ
702 2583 750 2652 τῆς
772 2582 837 2658 μελ·
884 2586 990 2644 tionum
1003 2597 1098 2644 natura
1113 2583 1291 2664 :labyrintho
1305 2582 1414 2642 cuidam
1436 2597 1462 2643 et
1473 2583 1580 2666 griphis
1593 2583 1630 2643 si·

59 2679 158 2750 λούσης
175 2677 260 2756 λέγων
274 2681 351 2748 ζωῆς.
362 2674 473 2746 Ἐπειδὴ
491 2674 544 2755 γὰρ
559 2673 626 2754 άπερ
641 2677 655 2731 θ
668 2670 736 2739 Θεθς
758 2672 835 2754 χοιρί-
885 2678 958 2737 milis
969 2691 1018 2752 est,
1028 2678 1136 2736 nullum
1147 2677 1229 2735 finem
1249 2675 1363 2754 habens,
1380 2697 1428 2736 nec
1438 2677 1527 2737 sinens
1538 2675 1567 2736 iu
1583 2697 1631 2758 pe·

59 2775 152 2845 ζετοιι,
168 2769 256 2829 πάντα
277 2765 430 2847 θπερὸαίνει
446 2764 583 2843 λογισμὸν,
599 2764 706 2832 είκίεως
719 2764 834 2832 πίστεως
883 2784 925 2830 tra
933 2770 1120 2851 cogitationem
1131 2767 1284 2845 consistere,
1302 2768 1521 2850 principiumque
1529 2768 1632 2828 habeus

58 2866 125 2938 νίμῖν
136 2863 184 2919 δεῖ·
199 2859 233 2919 ‘0
247 2859 275 2919 il
290 2858 478 2935 ειιαεοιιίμενος
490 2856 536 2914 κοιλ
554 2854 753 2937 καταφοονηεθς
765 2854 831 2937 αἰνθρ
882 2864 918 2923 ab
926 2863 1087 2944 arrogantia.
1108 2863 1178 2921 Cum
1187 2861 1259 2920 enim
1272 2859 1371 2942 pudeat
1391 2861 1454 2921 illos
1462 2861 1546 2921 fidem
1557 2860 1631 2922 aeci-

59 2955 105 3014 καλ
121 2954 225 3022 ἀλαζὼν
238 2953 310 3012 οὐθὲν
330 2956 358 3011 οὐ
374 2952 411 3030 μὴ
427 2960 544 3032 περανεῐ.
562 2949 741 3009 Ἀκουέτωσαν
755 2950 778 3008 οἱ
790 2951 832 3008 αἱ·
882 2978 955 3038 pere,
969 2955 1155 3018 nevideantur
1168 2955 1291 3035 ignorare
1307 2954 1432 3032 caelestia,
1445 2975 1502 3014 sese
1515 2953 1542 3013 in
1553 2953 1628 3013 mille

59 3046 159 3128 ρετικοί
177 3051 224 3118 τῆς
237 3049 418 3124 πνευματικῆς
438 3047 533 3124 φωνῆς·
549 3041 666 3114 Τοιαίεη
682 3040 734 3121 γὰρ
747 3045 764 3112 ἡ
778 3046 831 3101 τῶν
847 3049 865 3097 C
882 3045 1073 3126 cogitationum
1088 3043 1228 3125 puls-'erem
1242 3040 1398 3123 conjiciunt.
1411 3043 1497 3120 Itane,
1509 3042 1591 3102 miser
1603 3056 1631 3101 et

56 3144 194 3220 λογισμῶν
208 3138 298 3218 φύσις·
313 3136 463 3219 λαὸυρίνθῳ
482 3134 533 3194 τινὶ
551 3133 595 3194 καὶ
615 3132 717 3214 γρίφοις
737 3131 830 3206 ἔοικεν,
881 3137 986 3213 infelix,
1000 3151 1080 3216 atque
1098 3135 1211 3195 infinitis
1224 3134 1324 3214 dignus
1337 3134 1477 3216 lacrymis,
1488 3134 1511 3194 si
1529 3135 1589 3214 quis
1598 3149 1625 3195 tc

57 3232 133 3291 οὐδὲν
155 3232 270 3308 οὐθαμοῦ
281 3229 355 3295 τελος
369 3226 479 3309 ἔχουσα,
501 3226 560 3286 οὐδὲ
582 3231 688 3306 ἀφιεῖσα
701 3224 746 3284 τθν
759 3227 831 3306 λογι·
882 3231 1034 3310 interroget,
1053 3226 1188 3308 quomodo
1202 3228 1298 3287 carlum
1314 3229 1415 3289 lactum
1434 3228 1478 3302 sit,
1494 3227 1629 3307 quomodo

56 3326 124 3402 σγιὸν
139 3324 246 3385 ἱστάναι
262 3323 306 3382 ἐπὶ
316 3328 363 3394 τῆς
374 3321 486 3402 πέτρας,
498 3319 543 3378 καὶ
561 3317 608 3391 τὴν
624 3316 709 3397 ἀρχὴν
723 3317 749 3386 ἐξ
763 3321 830 3377 ἀλα·
881 3338 951 3384 terra
957 3346 966 3401 3
982 3321 1049 3402 quid
1060 3320 1122 3380 dico
1139 3320 1235 3379 eaelum
1245 3332 1271 3378 et
1287 3319 1405 3379 terram?
1415 3319 1552 3398 quomodo
1572 3320 1631 3401 ipse

56 3417 156 3488 ζονείας
174 3417 355 3495 λαμὸάνουσα.
377 3413 566 3493 Αἰσγυνόμενοι
580 3412 630 3490 γὰρ
643 3409 704 3471 “inl
724 3413 762 3491 τῷ
777 3435 830 3470 πα·
881 3431 959 3483 uatus
973 3417 1020 3494 sis,
1035 3413 1171 3494 quomodo
1185 3413 1301 3472 nutritus
1315 3426 1341 3472 ct
1354 3425 1461 3489 auctus,
1476 3434 1528 3472 non
1539 3427 1566 3474 te
1578 3435 1631 3494 pu-

57 3511 216 3592 ραδίχεσθαι
229 3509 317 3568 πίατιν
332 3507 376 3566 κοιλ
387 3508 471 3566 δοκεῖν
486 3507 587 3584 οἰγνοεῖν
604 3503 638 3564 είι
653 3502 778 3583 οὖροίνιοιν
793 3506 829 3571 είς
880 3509 925 3569 det
944 3506 1120 3589 ignorantiae?
1143 3505 1167 3565 si
1184 3527 1249 3565 vero
1265 3504 1299 3564 de
1314 3504 1461 3584 Unigenito
1477 3526 1564 3566 sermo
1580 3505 1626 3583 sit,

55 3603 189 3684 κονιορτὸν
217 3599 324 3666 ἑαυτοὺς
353 3598 452 3680 μορίων
483 3598 617 3675 λογισμῶν
642 3595 829 3673 ἕμὸοίλλοοοιν·
879 3600 1278 3686 praepudoreteinbarathrum
1285 3598 1411 3681 perniciei
1421 3598 1543 3680 conjicis,
1554 3597 1629 3678 quod

54 3686 140 3766 Εἶτα,
150 3693 224 3752 ἄθλιε
237 3692 283 3751 καλ
293 3690 446 3769 ταλαίπωρε
460 3688 505 3748 κοιλ
517 3687 617 3767 μορίων
633 3687 687 3756 οίίιε
701 3686 829 3765 δακρύων,
879 3710 906 3756 te
915 3695 1059 3775 indignum
1068 3707 1145 3774 putes
1159 3714 1212 3751 non
1221 3691 1310 3751 omnia
1319 3690 1406 3750 scire?
1421 3691 1506 3771 Atqui
1517 3690 1630 3771 indigna

56 3788 88 3844 ἂν
105 3785 151 3865 μέν
167 3785 207 3852 τίς
227 3807 257 3843 οε
279 3784 387 3864 ἔρηται,
406 3787 463 3849 πῶς
486 3785 500 3840 ὅ
514 3781 619 3863 οὐρανὸς
635 3779 750 3858 pipern,
764 3779 827 3839 ‘ml
879 3787 969 3869 potius
983 3808 1024 3844 res
1034 3799 1072 3844 est
1084 3783 1218 3843 contentio
1231 3795 1257 3841 ct
1270 3781 1457 3862 intempestiva
1470 3780 1622 3840 euriositas.

58 3881 116 3943 πῶς
137 3881 219 3955 bril·
234 3875 260 3934 τί
273 3875 343 3956 λέγω
365 3875 409 3933 τὸν
432 3873 539 3951 οὐρανὸν
557 3872 603 3932 καί
623 3871 670 3945 τνλν
695 3876 759 3952 γῆνς
771 3874 827 3939 πῶς
880 3878 987 3958 Ecquid
995 3876 1029 3936 dc
1040 3876 1213 3956 dogmatibus
1229 3874 1343 3953 loquor?
1355 3873 1400 3937 Ex
1413 3872 1625 3953 praesentisvitae

57 3970 137 4036 αὐτὸς
158 3969 284 4050 ἐτάχθης,
305 3974 360 4035 πῶς
376 3967 490 4047 ἐτράφης
510 3966 555 4025 καθ
575 3964 703 4039 ηὐξήθης,
717 3969 763 4026 οὐκ
787 3969 828 4025 αἱ·
881 3969 1001 4049 nequitia
1021 3988 1074 4027 non
1090 3968 1144 4026 alio
1159 3965 1239 4025 modo
1254 3965 1411 4038 liberamur,
1424 3983 1506 4042 quam
1524 3985 1572 4043 per
1586 3963 1625 4021 ti-

58 4063 145 4144 σγθνῃ
164 4062 213 4134 τλν
227 4063 347 4141 ἄγνοιαν;
363 4060 408 4120 ἐὰν
424 4060 451 4119 δὲ
472 4060 591 4139 περὶτοῦ
607 4054 769 4139 Μονογενοῦς
786 4058 830 4138 γί-
845 4060 864 4105 ί)
880 4062 953 4122 dem.
970 4060 1016 4121 Sic
1026 4080 1116 4118 omnes
1130 4057 1212 4138 prisci
1223 4056 1263 4114 illi
1275 4056 1328 4116 viri
1343 4056 1472 4129 claruere,
1490 4054 1529 4113 sie
1539 4053 1629 4113 rlbra-

56 4134 136 4227 νηταί
158 4179 199 4222 τις
222 4153 313 4234 λόγος,
327 4155 360 4211 δι’
375 4149 504 4231 αἰσχύνην
526 4154 563 4217 εἰς
585 4150 716 4232 βάραθρον
737 4151 828 4210 ἑαυτὸν
882 4155 954 4229 ham,
969 4152 1008 4212 sic
1025 4153 1110 4228 Isaac,
1123 4148 1253 4210 sicJacob
1264 4171 1273 4225 3
1286 4147 1325 4207 sic
1341 4160 1367 4206 et
1377 4145 1507 4205 meretrix
1516 4144 1629 4205 salutem

56 4248 200 4326 ἒμόίλλεις
212 4244 345 4312 ἀπωλείας
355 4290 362 4319 ,
374 4243 477 4311 αἰνοίίιον
498 4247 601 4323 σεαυτῷ
614 4242 726 4320 νομίζων
740 4242 770 4301 τὸ
790 4241 827 4321 μθ
882 4258 1043 4324 consequuta
1057 4256 1107 4314 est,
1119 4255 1145 4301 ct
1155 4242 1182 4302 in
1195 4240 1288 4302 Veteri
1299 4253 1324 4298 et
1335 4239 1362 4298 in
1376 4240 1456 4298 Novo
1471 4241 1628 4299 Testamen-

56 4340 144 4399 πάντα
165 4336 275 4412 είδὲνοιῑὶ
289 4336 341 4396 Καί
352 4334 404 4413 μὴν
420 4334 525 4404 οίνοῖἷιον
537 4340 554 4405 θ
567 4334 727 4414 φιλονεικία,
740 4332 785 4392 καί
799 4333 829 4392 τὸ
882 4354 918 4400 to.
944 4339 1014 4397 Nam
1028 4339 1066 4394 ait
1078 4359 1084 4392 :
1096 4335 1172 4393 Fide
1198 4335 1282 4392 Raab
1304 4335 1441 4391 meretrix
1467 4352 1527 4390 non
1542 4334 1629 4410 periit
1642 4345 1779 4394 Hauriat.

55 4440 286 4517 πολυπραγμονεῖν
308 4435 433 4515 ἀκαίρως.
448 4434 501 4493 Καὶ
523 4434 548 4492 τί
562 4433 632 4515 λέγω
647 4434 708 4515 περὶ
730 4433 828 4512 δογμά-
874 4453 941 4493 cum
966 4426 1136 4504 incredulis,
1165 4424 1364 4505 exploratores
1391 4427 1549 4504 excipiens.
1569 4423 1628 4483 Non

90 4648 100 4672 ε
118 4633 175 4682 Duo
186 4633 243 4683 llas.
254 4634 322 4698 [cum
335 4634 364 4682 l.
373 4644 399 4682 ct
412 4649 489 4698 marg.
503 4629 592 4696 Savil]
605 4639 724 4697 γινομένας
737 4635 815 4689 οὕτως.
900 4643 910 4666 ε
929 4636 1072 4691 καςσιλρισνος
1082 4639 1112 4674 ex
1123 4629 1259 4688 κατσίομαι,
1272 4636 1333 4671 τοοο
1352 4635 1421 4683 rora,
1432 4635 1487 4685 quae
1497 4616 1566 4684 apud
1578 4619 1631 4668 lla·

54 4709 209 4779 ᾰςὲὃραῖοις,
220 4724 269 4762 etc.
279 4711 348 4779 [hlox
361 4715 479 4769 Μεικνύς
491 4726 536 4774 pro
549 4713 649 4762 δείκνυσι.
667 4707 737 4759 Infra
750 4706 817 4758 idem
867 4702 947 4755 bacuc
964 4701 1054 4771 legitur
1072 4721 1095 4752 c.
1111 4705 1136 4764 ²,
1151 4719 1177 4752 ν.
1196 4703 1221 4761 5,
1238 4697 1363 4767 significat
1379 4709 1553 4764 arrogantem,
1570 4713 1629 4762 per·

53 4805 80 4844 et
94 4808 173 4857 marg.
186 4789 264 4842 Savil.
277 4802 359 4859 πόρνης
370 4805 417 4854 pro
429 4784 513 4852 iate]
867 4786 993 4849 mercem,
1015 4781 1161 4833 insolentem
1181 4779 1273 4834 virum.
1293 4777 1365 4828 Inlra
1388 4783 1513 4846 λαθνρῖνθφ
1533 4782 1576 4829 τινι
1592 4784 1630 4829 καὶ

89 4873 101 4909 ¹³
119 4872 176 4919 Duo
187 4871 246 4919 ltin.
261 4869 341 4919 nostri
353 4877 391 4921 τὸν
410 4865 548 4934 litterarii,
560 4865 629 4918 Edit}
647 4873 685 4920 τὸν
704 4877 817 4939 leporius,
867 4871 961 4934 γρίφοις·
974 4873 1053 4931 Γμῖφοι
1071 4858 1197 4927 Significat
1212 4855 1316 4925 aenigmtt
1335 4854 1374 4907 Vel
1390 4869 1531 4905 mmmm
1546 4851 1630 4919 iml'll·

52 4947 136 4998 male:
151 4964 209 4997 nam
220 4946 262 4996 hic
274 4948 375 5013 respicit
386 4945 582 5013 Chrysostomus
591 4945 674 4995 locum
684 4944 754 4995 illum
765 4949 817 4997 lla-
866 4944 953 4992 citum.
965 4937 1076 5004 Griphus
1088 4938 1136 4990 hoc
1146 4954 1219 4989 sensu
1230 4934 1320 5003 legitur
1329 4931 1397 5000 apud
1408 4930 1499 4983 Aulum
1510 4928 1628 4985 Gellium.

53 5026 136 5076 bacuo
153 5023 282 5090 prophetae
292 5028 317 5087 2,
326 5027 354 5076 4:
367 5031 379 5076 θ
390 5029 413 5076 δὲ
425 5029 507 5081 δίκαιός
517 5046 562 5089 μου
574 5031 598 5075 ir
611 5030 704 5082 πίστεως
713 5034 814 5086 ζήσεται.
865 5020 939 5085 [Mox
951 5021 980 5069 Α.
994 5022 1055 5070 οὐδὲν
1066 5023 1091 5069 οὖ
1100 5027 1134 5084 μὴ
1144 5013 1254 5088 περαίνω]

53 5106 185 5169 Interpres
198 5101 471 5170 vetuslegittpamtp.
485 5103 601 5172 [Σορονίαν
610 5104 650 5163 A,
661 5113 686 5151 et
696 5100 762 5153 idem
775 5121 816 5153 su·
899 5098 912 5138 ιί
930 5095 977 5146 atii
986 5104 1023 5151 tal
1034 5107 1069 5150 το.

53 5200 99 5247 pra
113 5190 151 5234 κατ’
163 5193 220 5246 post
232 5189 341 5252 θεώρημα
359 5182 476 5246 omittis]
489 5178 587 5230 Ibidem
605 5182 664 5231 Mtte.
679 5185 731 5233 ἀλλ’
744 5188 757 5241 ἡ
770 5185 814 5244 διά,
898 5185 908 5208 ‘
925 5172 972 5225 Alli
984 5181 997 5234 ἦ
1009 5188 1055 5233 πίεν
1068 5180 1082 5233 θ
1094 5184 1131 5236 Ἰἥ-

53 5258 145 5311 melius
161 5276 237 5326 quam
249 5266 318 5327 prins
330 5257 399 5310 Editi
410 5265 472 5311 ἀλλὰ
484 5263 529 5311 δια.
