3728 5978
74 411 119 503 76
403 427 433 474 s.
461 422 596 472 sonuurs
624 417 806 469 ciiursosr.
836 418 993 467 ancirana.
1020 418 1287 468 cousraurmon.

73 587 101 624 sa
117 574 206 621 :staut
220 560 248 620 in
269 559 345 618 nobis
358 578 406 617 ceu
424 554 507 636 spinae
520 553 688 635 perjurium,
701 549 813 610 menda-
868 573 946 610 κασιν
969 555 995 611 ἐν
1017 555 1082 629 ἡμῖν
1105 552 1225 631 καθάπερ
1245 549 1362 611 ’ἄκανθαι
1383 548 1517 630 ἐπιορκία,
1537 549 1644 627 ψεῦδος,

71 655 199 730 dacium,
212 651 369 728 simulatio,
386 649 485 725 dolus,
502 645 630 725 nequitia,
648 643 814 717 convicium,
832 661 851 707 lt
868 642 1019 725 ὑπόκρισις,
1042 641 1131 717 δολος,
1147 641 1307 722 κακουργία,
1327 640 1457 724 λοιδορία,
1474 639 1644 718 σκώμματα,

72 760 226 819 scommata,
240 744 328 820 risus,
342 740 520 822 turpiloquia,
535 737 711 798 scurrilitates
725 760 732 793 :
748 757 814 795 rnr-
869 737 1069 817 γελωτοποιίαι,
1093 736 1290 818 αἰσχρολογίαι,
1310 733 1491 817 εύτραπελίαι·
1514 733 1596 792 πάλιν
1617 733 1644 788 ἰν

72 859 119 897 sus
133 858 164 895 ex
181 837 263 895 altera
277 847 363 914 parte,
385 831 520 906 avaritia,
533 830 646 912 rapina,
661 828 814 910 injustitia,
871 831 944 913 ἄλλῳ
958 829 1033 912 μέρει
1047 830 1196 906 πλεονεξία,
1213 828 1336 910 ἁρπαγή,
1346 827 1452 902 ἀδικία,
1465 823 1643 907 συκοφαντία,

73 926 260 1010 sycophantia,
282 923 402 1000 insidiae3
425 924 578 1003 iterumque
600 919 814 1004 coucupiscentia
871 915 1645 1002 ἐπιύουλαί·πόλινἰπιθυμίαπονηρθ,θκαθαρσία,ἀσίλ-

73 1021 154 1097 mala,
173 1015 358 1094 immunditia,
381 1014 511 1092 lascivia,
534 1013 690 1091 lemicatio,
709 1012 815 1073 adulte·
870 1037 943 1095 γεια,
965 1014 1090 1096 πορνεία,
1106 1015 1228 1096 μοιχεία·
1250 1014 1330 1074 πολιν
1350 1011 1458 1093 φθόνος,
1481 1007 1645 1081 ζηλοτυπία,

71 1111 161 1186 rium;
174 1130 206 1169 ac
222 1130 346 1183 narsum,
364 1106 479 1185 invidia,
491 1107 644 1190 relotypia,
662 1106 714 1185 ira,
726 1107 812 1182 furor,
870 1106 949 1186 ὀργή,
965 1108 1060 1187 θυμὸς,
1077 1105 1254 1187 μνησικακία,
1266 1104 1452 1176 ἀνταπόδοσις,
1469 1098 1644 1182 βλασφημία,

71 1201 231 1284 injuriarum
250 1198 416 1277 recordatio,
436 1197 577 1276 vindicta,
590 1198 770 1280 blasphemia,
788 1211 815 1257 et
871 1199 953 1280 μυρία
978 1207 1101 1260 τοιαῦτα·
1116 1200 1147 1260 δν
1169 1199 1205 1260 τθι
1224 1200 1341 1283 πρότερα
1361 1194 1584 1276 κατορθώσωμεν,
1598 1194 1646 1250 οἰκ

71 1294 211 1353 innumera
223 1291 288 1352 talia
299 1316 306 1349 ε
318 1290 341 1350 si
352 1291 443 1372 priora
458 1304 528 1351 recte
538 1291 683 1371 egerimus,
696 1310 750 1350 non
767 1289 814 1348 illa
871 1295 958 1353 ἐκεῖνα
972 1291 1051 1373 μόνον
1065 1292 1253 1375 κατώρθωται,
1274 1290 1343 1351 ἀλλὰ
1368 1291 1401 1349 δι’
1420 1286 1527 1348 ἐκείνων
1539 1283 1586 1344 καλ
1611 1283 1645 1343 τὰ

71 1387 171 1464 solum,
184 1385 231 1445 sed
248 1383 329 1444 etiam
344 1382 490 1464 posteriora
505 1396 693 1461 exsequemur.
709 1381 817 1440 Fortior
872 1383 941 1463 μετὰ
952 1389 1044 1445 ταῦτα.
1058 1384 1237 1468 ’ἰσχυρότερος
1250 1382 1301 1463 γθρ
1315 1381 1416 1463 γίνεται
1436 1378 1529 1438 λοιπδν
1543 1380 1558 1435 ό
1570 1379 1646 1454 λογι-

72 1477 144 1536 euim
163 1474 254 1536 evadit
269 1474 374 1534 animus
395 1472 431 1532 ad
449 1487 544 1533 catera
562 1472 714 1537 evertenda.
729 1472 817 1534 Verbi
871 1478 938 1556 σμδς
960 1477 1025 1557 πρδς
1048 1477 1098 1551 τήν
1119 1476 1224 1536 ἐκείνων
1247 1473 1407 1554 ἰνατροπήν.
1424 1463 1503 1544 Οἶον,
1526 1467 1645 1528 θπολλθι

71 1570 158 1650 gratia
171 1569 219 1648 qui
232 1568 350 1627 multum
357 1567 474 1648 juravit,
482 1566 505 1626 si
515 1567 587 1626 bunc
597 1566 745 1626 satanicum
757 1585 817 1623 mo-
870 1568 951 1648 ὀμνθς
972 1567 1003 1628 θν
1024 1569 1134 1651 περιελη
1150 1566 1181 1626 σθ
1201 1561 1555 1634 σατανικθνίθοςτοῦτο,ὠ
1569 1564 1646 1618 τοῦτο

71 1682 128 1720 rem
138 1661 173 1721 de
187 1660 275 1720 medio
288 1661 373 1735 tollat,
390 1681 443 1719 nou
454 1659 506 1719 boc
520 1659 609 1718 solum
620 1672 691 1718 recte
703 1657 816 1740 peregit,
834 1671 853 1718 c
872 1660 950 1738 μόνον
964 1665 1035 1741 αὐτῷ
1055 1659 1247 1742 κατώρθωται,
1271 1655 1340 1718 ἀλλὰ
1354 1655 1400 1714 καί
1420 1653 1498 1734 ἑτέρα
1520 1648 1645 1711 εἰλόόεισ

71 1753 119 1812 sed
136 1767 163 1813 et
175 1753 228 1812 alia
244 1752 330 1833 pietas
349 1751 459 1811 inducta
481 1752 541 1811 erit.
552 1752 651 1813 Nullus
669 1751 741 1810 enim
762 1772 815 1810 non
870 1753 1035 1824 ἐπεισῆκται.
1048 1751 1141 1818 Οὐδείς
1154 1748 1215 1832 γὰρ,
1226 1741 1311 1829 οἶμαι,
1321 1752 1373 1808 τῶν
1384 1743 1592 1824 οἰκόμνυόντων
1607 1744 1647 1800 εἰ·

68 1845 219 1925 jurantium
232 1845 312 1904 facile
326 1845 400 1904 volet
417 1844 494 1903 aliud
507 1844 610 1903 malum
623 1842 747 1924 operari;
769 1842 816 1903 sed
870 1843 954 1913 κόλως
967 1844 1072 1917 θελήσει
1086 1844 1152 1904 ἄλλο
1161 1868 1187 1903 τι
1201 1842 1299 1925 πρᾶξαι
1310 1838 1435 1923 πονηρόν,
1450 1837 1520 1898 ἀλλὰ
1533 1834 1582 1908 τήν
1595 1835 1646 1906 ήδη

71 1957 154 2016 quam
164 1949 322 2015 assequutus
333 1949 372 1995 est
386 1934 513 1996 virtutem
531 1935 705 1995 reverebitur.
716 1934 815 2007 Quem·
871 1942 1081 2018 κατορθωθεῖσαν
1098 1936 1195 2017 ἀρετήν
1213 1934 1428 2016 αἰσχυνθήσεται.
1450 1931 1581 2010 Καθάπερ
1597 1928 1648 2009 γθρ

71 2029 219 2089 admodum
228 2029 299 2088 enim
314 2027 360 2107 qui
370 2027 487 2109 pulchra
496 2041 570 2089 veste
582 2026 717 2104 induitur,
723 2027 816 2087 erube-
871 2033 981 2110 θρορῶν
995 2028 1100 2109 ἱμάτιον
1113 2027 1195 2088 καλὸν
1210 2027 1365 2108 αἰσχύνεται
1376 2024 1497 2105 βορόόρῳ
1511 2019 1650 2103 ίγκυλίσαι

70 2123 121 2182 scit
134 2144 162 2182 se
175 2123 202 2182 in
213 2123 272 2182 luto
285 2123 425 2189 uolutare:
437 2121 476 2181 sic
489 2134 516 2181 et
528 2120 582 2180 ille.
597 2120 669 2180 Hinc
681 2134 772 2180 autem
785 2143 816 2181 eo
871 2121 976 2182 ἑαυτόν·
998 2122 1066 2181 ούτω
1086 2121 1118 2195 δὴ
1139 2121 1184 2181 καί
1202 2112 1283 2188 οὗτος.
1299 2119 1363 2180 Ἀπό
1383 2117 1412 2178 ὀί
1427 2115 1520 2178 τούτου
1538 2113 1597 2188 ήξιι
1611 2115 1648 2179 εἰς

71 2216 169 2292 veniet,
179 2229 209 2274 ut
223 2236 276 2274 uon
292 2215 432 2287 irascatur,
445 2234 530 2293 neque
550 2213 738 2273 coutumeliam
751 2215 817 2273 inse-
871 2214 902 2274 τδ
921 2215 958 2295 μή
974 2214 1138 2295 ὀργίζεσθαι,
1156 2214 1223 2293 μηδὲ
1237 2212 1360 2287 τύπτειν,
1378 2211 1444 2290 μηδί
1460 2206 1585 2290 septen.
1602 2202 1647 2265 Ἂν

72 2320 122 2366 rat.
145 2307 174 2367 Si
188 2327 304 2385 namque
318 2305 400 2365 semel
414 2326 498 2386 parva
519 2319 644 2385 operatus
663 2300 817 2384 fuerit,lo·
872 2307 923 2390 γθρ
951 2305 1022 2376 ἅπαξ
1043 2307 1077 2367 τὰ
1103 2306 1187 2389 μικρθ
1209 2305 1379 2388 κατορθώσῃ,
1396 2302 1427 2362 σθ
1448 2311 1502 2362 πᾶν
1526 2300 1647 2372 ήνυσται.

46 2442 50 2451 -
73 2414 130 2459 tum
140 2400 289 2480 perfectum
301 2412 350 2458 est.
363 2399 440 2479 Saepe
449 2411 539 2458 tamen
560 2397 724 2457 contrarium
745 2397 818 2458 acci·
872 2398 1018 2479 Συμόαίνει
1041 2399 1068 2458 δὲ
1085 2397 1233 2465 1’πολλιίκις
1249 2398 1294 2456 καλ
1308 2395 1339 2455 τδ
1355 2393 1480 2465 ἐναντίον,
1497 2390 1574 2460 όπαξ
1594 2413 1648 2449 κα·

72 2493 124 2567 dit,
140 2508 170 2552 ut
182 2493 229 2572 qui
241 2493 323 2553 semel
338 2493 405 2552 bene
418 2491 520 2573 operati
539 2491 602 2569 sint,
618 2513 652 2552 er
663 2491 771 2573 ignavia
788 2493 818 2552 in
871 2490 1056 2573 τσρθώσαντσίς
1073 2514 1101 2550 τι
1116 2490 1197 2550 παλιν
1212 2489 1265 2548 ἀπὸ
1279 2486 1406 2571 ῥᾳθυμίας
1418 2492 1473 2552 τοῖς
1487 2485 1578 2549 αότοῑς
1597 2504 1647 2540 πε-

72 2584 166 2646 cadem
186 2584 323 2660 recidant,
337 2584 374 2644 ita
388 2597 418 2642 ut
437 2582 536 2643 deinde
547 2582 684 2643 emendari
697 2586 752 2644 lere
767 2605 815 2644 ne·
873 2595 999 2669 ριπεσεῑν,
1017 2590 1053 2655 ώς
1068 2589 1098 2646 ἐκ
1116 2584 1209 2646 τούτου
1229 2583 1274 2643 καί
1294 2586 1330 2651 εἰς
1348 2581 1474 2640 ἀδύνατον
1489 2581 1647 2659 περιστῆναι

1 2693 163 2758 mqueat.
188 2677 316 2759 Exempli
338 2698 441 2737 causa:
466 2676 554 2756 legem
577 2676 655 2736 nobis
678 2677 818 2758 posuimus
836 2689 856 2735 b
872 2678 962 2738 λοιπὸν
975 2677 1005 2737 τὸ
1018 2688 1138 2759 πρᾶγμα.
1151 2669 1230 2751 olo,
1242 2675 1373 2753 ἐθήκαμεν
1388 2675 1490 2739 ίαυτοῖς
1499 2669 1581 2748 νόμον
1591 2666 1647 2746 1ἰμὴ

11 2782 57 2820 ⁰¹⁸·
75 2791 127 2830 non
138 2769 261 2852 jurandi,
276 2768 311 2829 ad
322 2784 377 2829 tres
389 2781 537 2848 quatuorve
552 2766 610 2828 dies
623 2767 652 2827 id
662 2769 819 2830 observavi·
873 2769 996 2848 ὀμνύναι,
1014 2769 1228 2853 κατωρθώσαμεν
1246 2766 1348 2848 ἡμέρας
1360 2772 1429 2845 τρεῖς
1449 2761 1466 2834 ή
1484 2761 1531 2821 καί
1548 2759 1648 2820 τίσσα-

75 2885 156 2941 mus;
175 2877 237 2944 post
251 2863 309 2922 haec
323 2884 351 2921 re
362 2862 490 2942 quapiam
502 2875 622 2941 urgente,
638 2876 725 2922 totum
738 2862 820 2922 colle·
875 2887 933 2945 ρας·
958 2865 1015 2941 μετ’
1031 2862 1131 2929 ἐκείνας
1146 2864 1181 2928 εἰς
1194 2860 1310 2939 ἀνάγκην
1328 2855 1528 2937 περιπεσόντες,
1540 2853 1573 2913 τὸ
1586 2853 1649 2912 συλ-

75 2968 149 3014 ctum
159 2955 264 3013 lucrum
275 2953 470 3034 dispersimus5
481 2965 561 3031 atque
568 2953 677 3012 demum
686 2954 714 3012 in
726 2954 819 3032 segni-
873 2953 967 3034 λεχθὲν
978 2955 1068 3036 κέρδος
1082 2956 1152 3013 ἅπαν
1168 2952 1380 3032 ἰσκορπίσαμεν·
1394 2952 1431 3016 εἰς
1447 2945 1580 3029 ῥαθυμίαν
1592 2948 1649 3004 λοι-

76 3047 141 3106 tiem
160 3061 186 3107 et
205 3045 417 3125 desperationem
437 3044 604 3122 incidimus,
622 3046 660 3103 ita
674 3059 703 3104 ut
725 3046 819 3105 eadem
874 3046 923 3105 πδν
940 3045 1106 3124 ἐμπίπτομεν
1120 3046 1166 3104 καί
1183 3043 1347 3123 ἀπόγνωσιν,
1362 3046 1397 3109 ὡς
1410 3040 1478 3120 μηδὲ
1495 3041 1551 3098 τῶν
1563 3040 1648 3098 αὐτῶν

76 3137 175 3197 deiude
197 3135 306 3217 aggredi
330 3135 465 3212 uolimns3
486 3149 512 3194 et
530 3136 594 3215 jure
612 3134 731 3213 quidem.
749 3138 820 3195 Nam
875 3137 992 3217 ἅψασθαι
1008 3140 1167 3217 βουληθῆναι
1180 3137 1274 3197 πόλιν·
1296 3136 1342 3196 καλ
1366 3134 1481 3202 εἰκότως.
1495 3132 1531 3192 Ὁ
1552 3131 1605 3212 γάρ
1622 3153 1648 3186 τι

79 3230 126 3309 qui
144 3228 249 3308 aliquid
263 3227 408 3287 aedilicavit
427 3225 500 3305 sibi,
520 3227 543 3286 si
559 3226 708 3308 collapsum
728 3226 821 3287 videat
874 3228 1049 3307 οἰκοδομήσας
1063 3233 1161 3310 ἑαυτῷ,
1175 3220 1233 3288 εἶτα
1254 3227 1314 3288 ἰδών
1335 3225 1520 3308 καθῃρημίνυν
1534 3225 1566 3284 τό
1579 3227 1646 3284 elao-

78 3321 243 3396 editicium,
260 3322 318 3402 jam
337 3318 444 3400 segnior
461 3332 502 3378 est
519 3318 555 3377 ad
574 3339 668 3378 rursus
686 3319 821 3379 aedifican·
875 3319 998 3398 δόμημα,
1010 3321 1184 3402 ῥᾳθυμότερος
1200 3321 1274 3381 ἔσται
1287 3320 1347 3401 περὶ
1358 3319 1389 3379 τδ
1401 3319 1482 3378 πόλιν
1491 3318 1646 3396 οἰκοδομεῖν.

78 3409 154 3471 dum.
171 3416 205 3471 Αι
222 3433 255 3470 ue
269 3424 333 3469 tunc
351 3408 462 3488 quidem
474 3421 578 3488 oportet
597 3406 712 3487 segniter
731 3429 820 3489 agere,
875 3415 945 3474 Ἀλλ’
957 3418 986 3474 ού
1001 3416 1039 3474 δεῖ
1055 3419 1177 3495 ῥᾳθυμεῖν
1188 3411 1247 3474 οὐδὲ
1259 3413 1354 3479 oileus<¹
1369 3412 1438 3472 ἀλλὰ
1448 3412 1530 3472 πσίλιν
1543 3410 1648 3493 ἔχεσθαι

78 3505 127 3564 sed
139 3505 168 3565 iel
181 3524 274 3564 rursus
287 3500 406 3560 studiose
415 3498 534 3578 aggredi.
876 3512 924 3581 τῆς
935 3510 1058 3580 σπουδῆς,

119 3597 147 3656 5.
169 3597 303 3654 Ponamus
317 3592 406 3670 itaque
421 3590 498 3649 nobis
518 3589 689 3668 quotidianas
704 3591 774 3671 loges
793 3608 819 3654 ct
838 3619 857 3666 Ε
916 3605 1014 3681 Θῶμεν
1029 3600 1113 3662 τοίνυν
1132 3604 1234 3666 ἑαυτοῖς
1254 3599 1348 3677 νόμους
1364 3597 1569 3680 καθημτρτντός·
1583 3597 1647 3663 τέως

78 3710 93 3747 a
115 3688 239 3748 facilibus
261 3685 444 3766 incipiamus:
456 3684 669 3765 juramentorum
690 3686 818 3765 frequen-
877 3696 929 3757 ἀντὶ,
939 3700 990 3755 τῶν
1003 3694 1117 3754 stamme
1132 3690 1287 3775 ἀρξώμεθα·
1302 3690 1489 3773 τττριιςόιρωμτυ
1507 3693 1587 3770 ἡμῶν
1600 3689 1648 3764 τὴν

79 3780 145 3840 tiam
162 3778 364 3856 abscindamus,
380 3777 486 3836 frenum
509 3776 678 3858 imponamus
696 3778 817 3860 linguae:
875 3788 1034 3872 τολνορχίτν
1064 3792 1110 3848 τοῦ
1143 3784 1286 3862 στόματος,
1311 3783 1419 3865 χαλινὸν
1449 3787 1584 3862 ἐτνθῶμτν
1615 3786 1647 3862 τῇ

79 3893 156 3932 nemo
172 3893 220 3954 per
233 3870 412 3951 Deumjuret.
426 3869 525 3929 Nullus
540 3869 586 3928 hic
601 3884 706 3929 sumtus
720 3885 768 3948 est,
779 3873 818 3933 la·
876 3880 997 3962 γλώττῃ,
1010 3880 1101 3960 μηδεὶς
1116 3877 1219 3956 ὀμνύτω
1229 3877 1274 3937 τὸν
1285 3876 1363 3937 Θεόν.
1375 3878 1434 3935 Oba
1452 3875 1524 3936 ἔστιν
1539 3880 1647 3936 ἐνταῦθα

79 3965 129 4024 bor
139 3965 240 4041 nullus,
252 3986 304 4024 nou
317 3963 446 4023 diuturna
457 3962 614 4043 meditati03
626 3964 726 4024 suflicit
736 3965 816 4040 uelle,
876 3970 993 4045 δαπσίνη,
1008 3975 1056 4031 οἰκ
1069 3971 1139 4031 ἔστιν
1151 3973 1261 4029 ἐνταῦθα
1273 3969 1401 4046 κύματος,
1415 3970 1462 4028 οὐκ
1476 3967 1549 4029 ἔστιν
1559 3973 1647 4029 ἐνταῦ-

79 4072 106 4118 ct
123 4073 208 4118 totum
232 4059 379 4139 perfectum
394 4072 433 4118 est
450 4081 457 4115 ι
472 4079 534 4117 nam
558 4059 757 4120 consuetudinis
777 4082 820 4120 res
875 4067 908 4123 θα
915 4062 1010 4144 χρόνου
1026 4061 1131 4142 μελέτη·
1150 4065 1225 4144 ἀρκεῖ
1241 4063 1359 4135 θελῆσαι,
1373 4059 1419 4120 καί
1435 4059 1467 4120 τδ
1479 4070 1534 4120 πᾶν
1545 4062 1646 4142 γέγονε·

80 4166 130 4212 est.
147 4151 238 4212 Etiam
254 4148 301 4211 oro
315 4166 341 4210 et
354 4152 474 4224 obsecro,
488 4151 569 4210 talem
583 4173 676 4210 curam
692 4152 820 4212 adhibeat·
874 4157 1010 4231 συνηθείας
1023 4155 1074 4237 γὰρ
1091 4155 1121 4214 τό
1145 4153 1257 4236 πρᾶγμά
1271 4153 1353 4214 “aare
1368 4152 1422 4213 Ναί
1436 4149 1588 4235 παρακαλῶ
1604 4156 1649 4216 καί

80 4268 149 4306 mus.
157 4245 218 4321 Dic,
233 4266 331 4324 quaeso,
345 4243 423 4319 mihi,
435 4244 457 4302 si
481 4243 608 4324 pecunias
628 4244 727 4303 inferre
735 4246 820 4324 jube·
875 4249 977 4329 δέομαι,
992 4247 1107 4320 σπουδήν
1119 4247 1241 4320 τοιαύτην
1255 4246 1530 4328 εἰσενέγκωμεν.Εἰπὲ
1541 4248 1575 4323 δή
1590 4273 1648 4330 μοι,

80 4360 147 4416 rem,
158 4359 247 4398 annon
260 4335 363 4418 sin'guli
372 4358 421 4418 pro
434 4336 540 4419 viribus
553 4336 677 4395 alacriter
689 4338 820 4398 conferre·
837 4391 861 4431 ⁶7
876 4345 898 4402 εἰ
913 4343 1040 4424 χρήματα
1054 4340 1178 4417 ἐκέλευσα
1196 4342 1362 4420 εἰσενεγκεῖν,
1382 4341 1430 4399 οἰκ
1451 4337 1483 4398 δν
1506 4341 1650 4422 προθύμως

81 4431 136 4491 tis?
149 4431 179 4493 si
192 4453 235 4490 me
249 4431 277 4491 in
288 4430 416 4490 extremis
431 4427 559 4511 perieulis
574 4429 712 4500 rideretis,
731 4451 819 4492 annon
838 4448 858 4497 Α
876 4436 985 4503 ἕκαστος
997 4433 1032 4493 τὰ
1045 4433 1114 4493 κατὰ
1132 4431 1242 4511 δύναμιν
1256 4431 1443 4506 συνεύαλεσθε;
1458 4430 1484 4492 εί
1497 4456 1532 4510 με
1552 4435 1649 4493 ἰνκιν·

79 4523 207 4585 decarne
225 4537 312 4584 vestra
329 4523 447 4583 excisam
466 4535 581 4604 partem,
596 4522 620 4582 si
635 4521 692 4582 fieri
714 4538 817 4604 posset,
876 4527 958 4596 δύνοις
970 4530 1069 4608 ἑωρᾶτε
1082 4533 1136 4593 τοῖς
1150 4523 1284 4606 ἐσριίτοις,
1298 4527 1345 4585 οἰκ
1358 4523 1388 4584 ἂν
1401 4524 1446 4584 καλ
1462 4524 1516 4584 σίπδ
1531 4530 1649 4608 τῆςσαρ

80 4617 201 4678 daretis?
215 4620 245 4678 ln
259 4639 357 4698 magno
377 4637 449 4676 nunc
465 4637 525 4675 sum
540 4615 672 4697 periculo,
693 4617 731 4675 ita
747 4631 776 4676 ut
797 4617 819 4676 si
876 4620 935 4694 κδς,
950 4618 975 4678 εί
984 4642 1014 4698 γε
1024 4609 1077 4678 οίύν
1093 4641 1122 4676 τε
1141 4609 1183 4690 ἦν,
1200 4616 1374 4695 ἀποτεμόντες
1385 4616 1455 4676 ἔδοτε
1472 4617 1520 4689 ἄνς
1536 4617 1585 4678 Ἐν
1597 4642 1650 4677 κιν-

81 4711 109 4772 iu
123 4734 228 4773 carcere
241 4733 335 4787 essem,
350 4711 372 4772 si
386 4709 461 4771 mille
473 4711 566 4793 plagas
576 4709 750 4790 excepissem‚
763 4710 820 4769 siin
875 4711 943 4792 δύνῳ
958 4710 1003 4769 καί
1016 4717 1059 4769 νῦν
1078 4710 1132 4788 εἰμί
1147 4709 1192 4769 καί
1202 4711 1308 4789 πολλῷ,
1319 4709 1365 4768 καί
1384 4711 1420 4776 a<
1440 4707 1471 4768 θν
1484 4713 1507 4769 εἰ
1521 4710 1568 4769 καί
1583 4709 1649 4790 peel

114 4913 128 4950 b
145 4912 217 4963 Unus
227 4909 291 4962 Cod.
303 4915 410 4970 πολλάκις
422 4918 458 4964 καὶ
469 4916 577 4974 τοιοῦτον,
586 4912 630 4962 οἷον
645 4915 707 4970 ἅπαξ
721 4915 839 4978 κατορθώ-
887 4908 978 4958 scimus
991 4906 1285 4972 constantinopolitanos
1297 4906 1355 4957 huic
1363 4907 1438 4959 fuisse
1448 4908 1511 4961 vitio
1523 4921 1646 4972 aestimes,

82 5016 172 5052 σκντας.
888 4986 913 5037 ἰώ
926 4986 994 5052 quod
1007 4988 1082 5037 etiam
1095 4988 1120 5036 iu
1133 4985 1293 5052 sequentibus
1305 4985 1389 5037 sidere
1400 4999 1446 5038 est.

114 5086 125 5109 e
143 5079 180 5130 τιν,
192 5073 296 5135 ὀμνύναι,
307 5064 501 5134 conjurandum
513 5082 573 5115 esse.
584 5066 680 5115 Contra
696 5065 838 5131 juramenta
922 5065 936 5105 ἆ
953 5068 1022 5118 Unus
1034 5064 1121 5118 Codex
1136 5074 1191 5120 ίστι.
1205 5070 1237 5120 διδ
1250 5072 1386 5137 παρακαλῶ·
1405 5066 1482 5122 Savit.
1499 5076 1556 5123 ιστι.
1571 5090 1644 5138 παρα·

81 5151 213 5214 saepissime
224 5150 388 5198 concionatus
398 5158 436 5197 est
447 5143 655 5212 Chrysostomus,
667 5156 695 5193 ut
705 5142 788 5194 uidere
800 5156 838 5195 est
887 5151 956 5199 καλῶ.

81 5228 107 5278 in
123 5226 241 5279 llousiliis
252 5225 284 5277 ad
297 5224 472 5288 antiochenos,
484 5225 559 5272 Tem.
571 5225 595 5285 2,
605 5234 630 5272 et
638 5219 707 5275 alibi.
722 5219 787 5273 llinc
800 5220 838 5273 di-
