3742 5970
231 2982 266 3044 ις.

376 474 446 572 752
715 493 745 540 s.
772 490 914 541 soaums
939 489 1122 539 crrnrsosr.
1151 486 1310 536 ancmne.
1337 484 1611 537 consummator.

374 620 417 699 gis
436 620 480 690 iis,
507 617 554 696 qui
574 614 773 677 nosbcncliciis
794 628 901 693 ornant,
933 614 1118 694 obtemperare
1171 610 1343 692 χρὴ,πυλλῷ
1360 611 1461 689 μᾶλλον
1472 619 1528 678 τοῖς
1540 613 1700 691 ιύιργττούσι
1708 609 1798 677 πάνυ*

373 710 507 770 convenit.
525 707 580 768 sed
600 707 653 765 hoc
669 705 780 785 quidem
797 705 826 765 in
847 706 902 765 fine
920 703 1119 765 adhortationis
1172 703 1241 776 ήκει.
1254 702 1335 762 Ἀλλὰ
1347 707 1425 762 τοῦτο
1442 701 1492 780 μὲν
1501 702 1569 782 πρὸς
1585 700 1699 783 τῷτάλιι
1711 707 1798 789 vitup

372 804 449 884 ponit
460 827 466 862 :
479 801 578 859 interea
591 821 655 861 vcro
669 799 715 857 illa
730 820 781 858 noo
796 813 886 858 movet
897 797 1047 873 ratiocinia,
1058 818 1119 876 quae
1173 793 1276 866 τίθησι·
1291 793 1357 861 τέως
1371 791 1399 854 dl
1423 797 1454 853 ού
1467 793 1576 863 τούτους
1588 801 1655 853 κινεῖ
1667 792 1720 861 τὼς
1729 797 1798 880 lum

372 893 454 967 dixit,
478 891 526 951 sed
539 912 580 964 ca,
598 911 658 969 qua,
675 911 711 948 cx
725 888 818 949 debito
838 888 950 948 obedire
963 889 1069 970 jubent.
1083 887 1121 947 Et
1139 898 1157 945 B
1175 876 1257 956 εἶπον,
1266 885 1335 945 ἀλλὰ
1343 885 1403 952 τοὺς
1413 885 1484 945 κατὰ
1494 888 1603 967 ὀφειλὴν
1610 885 1798 955 κιλιύονταςεῶις

371 983 512 1043 ostendens
542 982 594 1041 hoc
616 981 742 1041 ommlrus
769 980 909 1061 imperari,
937 979 1121 1041 sacerdotibus
1175 979 1229 1040 Καὶ
1245 977 1359 1051 δεικνὺς,
1372 977 1414 1037 ύτι
1423 987 1491 1038 πᾶσι
1508 984 1593 1037 ταῦτα
1603 978 1797 1055 diacrinomeni

372 1075 453 1133 ctiam
468 1087 494 1133 et
508 1072 658 1149 monachis,
679 1093 727 1132 nec
741 1072 917 1131 saecularibus
936 1086 1050 1148 turtum,
1069 1071 1122 1131 hoc
1175 1071 1222 1130 καὶ
1235 1080 1379 1150 μαναχοῐς,
1389 1071 1514 1151 ούχλτοῐς
1524 1074 1657 1149 βιωτικοῖς
1667 1069 1798 1157 μόναςέιςρ

372 1167 408 1225 ab
423 1165 536 1226 exordio
551 1165 678 1238 declarat,
693 1164 803 1224 dicens:
817 1167 919 1226 Omnis
929 1170 1033 1225 anima
1042 1178 1121 1245 pote·
1174 1161 1239 1221 αὐτὸ
1249 1165 1329 1234 δῆλον
1343 1162 1477 1235 ἐποίησεν,
1492 1160 1562 1220 ούτω
1571 1159 1670 1239 λέγων·
1682 1163 1747 1221 Πᾶσα
1759 1165 1798 1247 γαρ

371 1263 499 1320 statibus
507 1259 803 1319 sublimibussubdita
809 1263 860 1328 sit,·
870 1260 919 1318 ctsi
931 1259 1068 1341 apostolus
1075 1259 1121 1336 sis,
1175 1252 1243 1322 αίαις
1255 1253 1447 1333 ὑπερεχούσαις
1460 1253 1662 1313 ῦποτοοοίοθιιι·
1678 1253 1721 1311 νῦν
1729 1253 1798 1317 ἀνύσω

373 1351 424 1410 ctsi
432 1350 595 1429 evangelista
604 1348 775 1429 etproplreta,
783 1349 831 1407 etsi
840 1348 932 1427 quivis
941 1350 1011 1410 alius
1020 1374 1027 1408 τ
1036 1372 1122 1428 neque
1174 1343 1223 1403 ιιῦιν
1233 1342 1441 1423 ιῦογγελιοιὴς,
1455 1344 1506 1404 ιιᾶν
1514 1343 1669 1425 προφήτης,
1680 1342 1798 1405 κῦνὸστιιιὶ

373 1443 446 1501 cuim
456 1442 514 1501 haec
524 1441 655 1521 subjectio
664 1441 792 1522 pictatem
803 1441 945 1501 subvertit.
953 1443 1010 1502 Nec
1019 1442 1124 1523 simpli·
1174 1433 1225 1513 γάρ
1237 1433 1379 1515 ἀνατρέπει
1387 1434 1436 1507 τλν
1445 1435 1581 1496 stettein
1593 1434 1682 1506 αύτηὴ
1690 1437 1798 1515 ύτοτσγῌ

373 1539 440 1598 citer
454 1536 536 1611 dixit,
556 1535 685 1612 obediat,
698 1536 758 1612 scd,
776 1535 892 1597 Subdita
909 1537 953 1596 sit.
968 1536 1018 1597 Est
1032 1551 1122 1596 autem
1175 1517 1498 1599 ἇπῦιῗνιιῖπνννῑῑῦὲοθων
1509 1525 1798 1599 ἄλλ’νὙπνῐνννὲΜ

373 1625 461 1705 prima
474 1624 594 1684 defensio
607 1624 667 1683 talis
681 1623 888 1699 constitutionis,
902 1645 962 1703 qua
973 1641 999 1686 et
1012 1647 1075 1686 cum
1088 1626 1122 1684 fi·
1175 1641 1219 1677 τον
1236 1618 1370 1696 δικαίωμα
1381 1623 1428 1691 τῆς
1439 1617 1564 1691 τοιοῦτος
1574 1619 1798 1696 νομοθιοίοτ,ιιλλι

374 1716 482 1776 delibus
495 1716 644 1775 ratiociniis
654 1715 788 1791 convenit,
798 1715 898 1795 quoda
908 1716 1033 1776 Deolraec
1047 1739 1122 1798 prae-
1175 1709 1275 1791 epiros
1285 1710 1524 1792 ttwtttitssltttttpd
1534 1716 1580 1770 τοῦ
1592 1714 1661 1773 Θεοῦ
1671 1712 1798 1771 tumultur

375 1808 557 1889 ceptaluerint
566 1832 572 1864 ε
581 1811 650 1867 Non
660 1821 703 1867 est
713 1811 937 1887 enimpotestas,
951 1807 1051 1888 inquit,
1067 1813 1124 1868 nisi
1140 1811 1159 1859 C
1175 1802 1217 1861 Οὗ
1231 1801 1283 1881 γάρ
1298 1804 1368 1861 ἔστιν
1379 1801 1501 1876 ἕξονοῖο,
1515 1803 1608 1883 φησιν,
1621 1805 1644 1861 tl
1654 1800 1689 1879 μὴ
1701 1802 1798 1863 ιἰιιῦννῦῦ

375 1921 394 1958 a
403 1901 476 1958 Deo.
489 1898 565 1970 Quid
576 1898 645 1957 dicis
655 1903 668 1960 l
678 1897 800 1957 omnisne
819 1899 968 1981 princepsa
980 1902 1038 1960 Deo
1049 1901 1123 1960 ordi-
1175 1892 1260 1973 λέγει(
1271 1919 1278 1964 ;
1292 1903 1343 1960 πᾶς
1356 1885 1400 1954 οῦν
1414 1894 1505 1976 ἅρχων
1518 1895 1573 1955 ἀπὸ
1581 1902 1629 1955 τοῦ
1638 1897 1702 1955 Θεοῦ
1714 1892 1798 1976 atgaft

374 1991 527 2050 natusest?
550 1992 610 2051 Non
623 1991 674 2049 lroc
688 1991 760 2067 dico,
783 1989 871 2069 inquit
885 2015 891 2047 :
906 2013 991 2071 oeque
1004 1993 1077 2052 enim
1089 1993 1124 2055 dc
1175 1987 1216 2045 013
1234 1991 1312 2046 τοῦτο
1326 1986 1411 2064 λέγω,
1424 1986 1517 2067 φηοίν·
1531 1986 1591 2047 east
1605 1986 1657 2068 adp
1669 1986 1798 2067 aspiciunt

375 2082 489 2162 singulis
503 2083 673 2165 principibus
688 2084 754 2143 mihi
770 2104 842 2144 nunc
855 2106 943 2145 sermo
955 2100 1006 2159 est,
1023 2087 1071 2146 scel
1088 2088 1124 2148 dc
1175 2100 1236 2137 W
1257 2078 1393 2157 ἀρχόντων
1406 2078 1507 2157 &litos
1517 2101 1563 2156 μοι
1576 2083 1633 2151 νῦν,
1654 2078 1717 2138 “m
1731 2077 1798 2157 *llll

374 2196 404 2237 re
417 2175 484 2256 ipsa.
503 2176 573 2235 Nam
586 2174 659 2253 quod
676 2175 844 2258 principatus
856 2177 923 2255 sint,
945 2191 972 2238 ct
983 2179 1057 2257 quod
1076 2180 1123 2239 alii
1175 2168 1339 2248 πράγματος·
1352 2169 1454 2252 Titii?
1466 2170 1551 2251 appla
1563 2161 1643 2246 εἶναι,
1657 2172 1700 2230 καὶ
1713 2167 1798 2248 wlttlt

375 2266 516 2347 imperent,
536 2266 584 2325 alii
596 2267 710 2347 subjecti
725 2268 791 2342 sint,
814 2289 898 2347 neque
913 2269 1003 2329 omnia
1017 2292 1078 2330 casn
1092 2292 1124 2330 ac
1174 2262 1234 2331 τοῦς
1245 2261 1272 2323 δὲ
1287 2262 1433 2344 ἄρχεσθαι,
1444 2263 1490 2322 καὶ
1500 2263 1569 2342 μηδὲ
1583 2262 1798 2333 tamenta-tta

375 2368 473 2413 temere
494 2355 625 2431 scrantur,
643 2354 751 2435 populis
773 2355 850 2434 quasi
867 2355 996 2416 ssuctibus
1015 2358 1078 2417 hinc
1098 2373 1125 2418 et
1174 2354 1314 2436 φέρεσθαι,
1328 2352 1419 2434 ὥσπερ
1443 2355 1569 2433 κυμάτων
1583 2359 1648 2434 τῇδε
1668 2356 1798 2416 sarmit

375 2443 439 2504 inde
450 2445 629 2521 circumactis,
641 2445 742 2506 divinae
755 2468 812 2506 esse
822 2446 959 2527 sapientiae
971 2448 1043 2508 dico.
1060 2450 1124 2510 ldeo
1174 2445 1383 2527 περιαγομένων,
1397 2450 1502 2518 τῆςτῶ
1516 2434 1798 2530 Θεῶὶσορίαςέργυιιῖι

376 2559 429 2595 non
450 2536 543 2595 dixit:
557 2539 617 2596 Non
636 2537 710 2596 cnim
731 2552 772 2598 est
794 2539 918 2619 princeps
937 2540 990 2599 nisi
1007 2563 1021 2599 a
1047 2544 1121 2621 Deo;
1176 2535 1227 2595 Διὰ
1241 2543 1318 2596 τοῦτο
1333 2542 1380 2596 οὐκ
1398 2528 1485 2598 εἶπεν·
1497 2542 1526 2600 ού
1540 2539 1593 2621 γάρ
1606 2540 1798 2621 ἐστινάρχωῗ

377 2628 424 2687 scd
445 2628 479 2688 de
501 2628 604 2709 reipsa
620 2630 740 2708 loquitur
760 2630 873 2691 dicens:
893 2634 964 2691 Non
984 2638 1062 2693 enim
1081 2649 1125 2695 est
1175 2628 1339 2702 Θευῦ,ἀλλὰ
1348 2629 1409 2710 περὶ
1420 2636 1465 2690 τοῦ
1475 2631 1634 2711 πράγμοτοι
1643 2631 1798 2711 διολὲνῑιονλ

375 2733 506 2801 potestas
520 2726 577 2781 nisi
587 2744 606 2780 a
617 2724 682 2781 Deo
696 2746 704 2778 :
718 2744 784 2803 qrtae
795 2744 867 2782 vero
878 2737 946 2783 sunt
956 2738 1124 2805 potestates,
1176 2722 1227 2801 γάρ
1242 2723 1311 2780 ἔστιν
1328 2719 1432 2789 ἕξονοῖιι
1446 2725 1469 2781 εἶ
1484 2722 1521 2801 μὴ
1540 2722 1592 2782 ‘utri
1606 2725 1691 2784 Θεοῦ·
1704 2728 1730 2783 οἱ
1741 2710 1798 2783 llll

378 2837 398 2874 a
407 2817 472 2874 Deo
484 2817 714 2875 ordinatoesunt.
727 2816 773 2877 Sic
784 2830 810 2876 et
823 2838 885 2876 cum
897 2818 1009 2896 quidam
1019 2822 1125 2902 sapiens
1142 2833 1161 2879 n
1177 2813 1232 2873 olet
1245 2814 1298 2873 ὓπῦ
1316 2816 1387 2874 Θεοῦ
1401 2815 1561 2894 τεταγμέναι
1577 2815 1653 2876 εἰσίν.
1666 2814 1798 2899 Oituacll

131 2942 138 2957 ·
226 2923 299 2966 nmo,
315 2931 351 2979 ις.
377 2906 454 2981 dicit,
469 2907 501 2965 A
515 2909 580 2966 Deo
593 2910 754 2987 adaptatur
765 2913 831 2967 viro
846 2909 952 2968 mulier
956 2935 970 2982 ,·
983 2912 1034 2972 hoc
1047 2911 1125 2987 dicit,
1177 2929 1217 2973 τις
1238 2906 1333 2986 walt,
1357 2906 1397 2966 ὅτι
1409 2907 1490 2987 ssepa
1503 2907 1603 2990 Κυρίου
1626 2909 1798 2990 ἇρμάζιττιάν

378 2995 442 3074 quia
463 2995 571 3076 nuptias
590 2996 666 3055 Deus
681 2996 829 3071 constituit,
851 3018 905 3056 non
921 2999 986 3078 quia
1004 3000 1125 3081 singulos
1177 3003 1254 3058 τοῦτο
1264 2998 1351 3078 λέγει,
1366 2998 1407 3058 ὅτι
1422 2999 1466 3058 τὀν
1480 2999 1566 3080 γάμον
1579 3005 1594 3060 ὁ
1607 3000 1677 3067 Θεὸς
1693 3000 1798 3073 ἐποίησιν

379 3087 425 3164 qui
451 3086 576 3145 mulieres
593 3086 697 3146 ducunt
721 3089 779 3168 ipsc
801 3089 971 3169 conjunxerit
995 3115 1002 3148 ι
1026 3094 1125 3153 multos
1178 3088 1289 3149 ἕκαστον
1302 3089 1422 3149 συνιόντα
1446 3091 1550 3169 γυναικὶ
1577 3091 1656 3160 οὗτὸς
1676 3092 1798 3152 cutim·

379 3173 481 3253 quippe
500 3172 634 3249 videmus,
651 3174 698 3252 qui
715 3175 785 3233 male
805 3189 832 3234 ct
849 3196 901 3235 non
919 3198 954 3238 cx
968 3180 1125 3260 nuptiarum
1178 3184 1280 3262 ὁρῶμεν
1294 3181 1406 3248 πολλοὺς
1420 3181 1462 3241 ἐπὶ
1477 3186 1552 3262 κακῷ
1564 3183 1610 3241 καὶ
1627 3184 1658 3242 ού
1673 3181 1798 3265 νύγωργάρι

379 3264 437 3341 lege
450 3266 614 3345 junguntur,
641 3267 791 3345 nequchoc
807 3269 865 3327 Deo
889 3269 1122 3350 imputaverimus.
1179 3298 1226 3340 τας
1236 3273 1376 3347 ἀλλήλοις,
1392 3273 1437 3331 καὶ
1451 3277 1498 3333 οὐκ
1512 3273 1542 3333 ἂν
1557 3279 1597 3354 τῷ
1608 3278 1673 3356 Θεῷ
1684 3278 1798 3355 τοῦπολαγ

228 3375 314 3421 arant,
331 3388 368 3434 ¹9·
380 3353 434 3412 Sed
448 3353 522 3432 quod
540 3354 663 3414 Christus
682 3356 738 3436 ipsc
751 3355 841 3415 dixit:
855 3358 912 3435 Qui
916 3360 996 3438 fecit
1011 3363 1048 3418 ab
1063 3365 1124 3418 im'-
1179 3364 1249 3424 Ἀλλ’
1264 3364 1414 3444 ύπιραύτὸς
1426 3364 1528 3443 ἔλεγεν·
1543 3365 1578 3426 Ὁ
1590 3368 1705 3439 ποιήσας
1720 3367 1798 3447 ἐξάγαγ’

227 3438 283 3494 ts.

380 3450 431 3515 tiu,
451 3445 615 3503 masculum
631 3447 812 3527 etseminam
818 3449 897 3526 jecit
912 3468 959 3507 eos
965 3473 978 3518 ;
993 3463 1020 3508 et
1035 3453 1121 3522 (lixit,
1179 3457 1223 3515 καὶ
1235 3460 1299 3529 θῆλυ
1314 3456 1437 3527 ἐποίησεν
1448 3457 1555 3524 αύτούς·
1571 3458 1618 3517 καὶ
1634 3450 1715 3533 εἶπεν,
1725 3458 1798 3518 ’tltrlr

230 3538 450 3606 cen.2.2t.ldeo
476 3536 621 3615 relinquet
638 3539 725 3594 homo
747 3550 862 3616 patrem
889 3551 917 3595 et
937 3553 1072 3614 matrem,
1096 3557 1125 3601 et
1177 3550 1296 3629 ταλείψει
1306 3550 1441 3631 ἄνθρωπος
1452 3549 1495 3608 τὸν
1509 3552 1614 3631 πατέρα
1625 3556 1706 3610 αὑτοῦ
1718 3550 1798 3625 sciris

379 3629 541 3686 adhaerebit
559 3631 645 3685 uxori
658 3648 719 3686 suoe
732 3651 740 3682 .·
753 3628 811 3685 hac
829 3649 936 3706 quoquc
954 3632 1059 3711 sapiens
1079 3635 1126 3694 illc
1177 3641 1223 3699 καὶ
1237 3641 1498 3724 προσκολληθήσεται
1509 3642 1575 3722 πρὸς
1589 3642 1638 3715 τὴν
1653 3644 1798 3722 γυναῖκατύι

378 3720 556 3798 interpretans
566 3716 673 3776 dicebat
686 3743 692 3775 ε
704 3717 768 3796 quia
781 3719 852 3777 enim
867 3720 975 3780 honoris
986 3725 1125 3801 aequalitas
1179 3733 1223 3791 καλ
1239 3737 1253 3791 ὁ
1267 3733 1344 3813 σορὸς
1354 3738 1450 3800 ἐκεῖνος
1461 3734 1612 3814 ἑρμηνεύων
1622 3736 1720 3814 ἔλεγεν.
1734 3734 1798 3795 'Em

378 3811 481 3869 bellum
507 3831 576 3890 saepc
604 3808 719 3887 inducit,
750 3811 849 3870 multos
869 3810 933 3871 lecit
959 3814 1125 3896 principatus
1143 3838 1162 3886 Ε
1178 3824 1304 3902 ὁμότιμον
1324 3827 1415 3905 μάχην
1429 3827 1578 3894 ’πολλάκις
1596 3824 1798 3905 εἰσάγει,πολλδ

379 3903 532 3981 multasque
553 3902 742 3982 subjectiones,
767 3915 796 3961 ut
812 3903 865 3963 vici
880 3918 906 3963 ct
921 3906 1053 3987 mulieris,
1073 3911 1126 3969 filii
1177 3914 1225 3982 τάς
1238 3913 1321 3996 ἀρχάς
1341 3894 1386 3975 καλ
1399 3915 1446 3984 τάς
1466 3917 1616 3998 ύποταγάς,
1628 3910 1682 3978 οἷον
1695 3922 1729 3986 ύις
1740 3915 1798 3997 ἂνδρλ

380 4012 406 4056 ct
427 3997 522 4079 patris,
550 3997 621 4055 senis
634 4008 660 4054 et
676 3996 797 4076 junonis,
814 3998 886 4057 servi
900 4013 926 4059 et
938 4000 1036 4075 liberi,
1050 4004 1127 4083 prin·
1177 4008 1281 4080 ναικὸς,
1302 4011 1338 4074 ύις
1364 4007 1456 4075 παιδὸς
1477 4008 1523 4068 καὶ
1548 4010 1666 4091 πατρὸς,
1690 4016 1724 4079 ὡς
1743 4030 1798 4092 spu

381 4090 450 4171 cipis
463 4104 489 4148 ct
500 4088 612 4164 subditi,
625 4088 742 4149 doctoris
756 4105 783 4149 et
796 4089 936 4172 discipuli.
953 4093 1060 4173 Ecquid
1076 4097 1125 4156 mi-
1177 4102 1248 4175 νέου,
1259 4106 1294 4169 ὡς
1309 4102 1399 4162 δούλου
1413 4102 1458 4161 καὶ
1472 4103 1625 4185 ἐλευθέρου,
1644 4109 1681 4173 ὡς
1699 4106 1798 4185 ἄρχοντα

380 4187 449 4245 raris
469 4184 544 4264 quod
574 4186 625 4244 hoc
648 4184 676 4243 in
700 4185 857 4245 hominibus
884 4188 987 4263 fccerit,
1018 4191 1126 4269 quando
1177 4193 1351 4274 χυμένου,ὡς
1366 4194 1525 4254 διδασκάλω
1539 4196 1586 4255 καὶ
1601 4178 1798 4274 patronati}

381 4279 504 4358 idipsum
522 4278 549 4336 in
564 4299 675 4358 corpore
687 4279 758 4337 lecit.
780 4281 874 4357 Neque
887 4281 960 4340 enim
978 4282 1025 4341 hic
1037 4286 1127 4344 omnia
1180 4289 1231 4353 ζεις
1251 4284 1295 4344 ἐπὶ
1307 4289 1359 4344 τῶν
1371 4286 1527 4366 ἀνθρώπων,
1541 4285 1608 4346 ὅπου
1618 4312 1649 4367 γε
1663 4288 1708 4347 καὶ
1722 4288 1798 4347 ἔπλετ’

381 4366 456 4446 paris
467 4366 578 4423 honoris
591 4366 663 4441 lecit,
684 4364 731 4424 sed
745 4366 796 4424 hoc
808 4367 908 4440 minus,
926 4369 995 4428 illud
1009 4373 1126 4451 melius,
1180 4376 1211 4435 τὸ
1224 4376 1286 4435 αὐτὸ
1298 4383 1375 4436 τοῦτο
1387 4376 1539 4449 πεποίηκεν.
1554 4377 1627 4438 Οὐδὲ
1639 4379 1691 4460 γάρ
1705 4382 1798 4439 ἐνταῦθα

381 4471 407 4515 ct
420 4457 474 4515 alia
487 4457 628 4537 imperare,
641 4456 693 4515 alia
704 4457 812 4516 subdita
825 4480 882 4518 esse
889 4461 981 4539 jussit.
997 4465 1029 4521 ln
1041 4465 1128 4525 brutis
1180 4466 1268 4526 πάντα
1277 4467 1433 4548 εἰργάσατο,
1447 4468 1516 4527 ἀλλὰ
1526 4470 1557 4528 τὸ
1567 4468 1616 4548 μὲν
1626 4468 1798 4542 tremat

382 4566 490 4626 quoque
502 4545 623 4627 idipsum
635 4545 729 4605 videre
743 4561 792 4622 est,
807 4562 838 4607 ut
851 4549 878 4607 in
890 4550 999 4630 apibus,
1017 4555 1044 4612 in
1057 4557 1130 4634 grui·
1174 4560 1376 4634 κατεσκεύασε,
1398 4561 1443 4619 καὶ
1462 4560 1496 4619 τά
1512 4560 1560 4639 μὲν
1582 4561 1676 4642 ἄρχειν
1689 4567 1739 4622 τῶν
1752 4562 1798 4640 pali

382 4641 445 4715 bus,
462 4639 489 4698 in
506 4638 634 4719 gregibus
652 4638 748 4698 ovium
768 4641 924 4719 agrestium.
947 4645 1039 4725 Neque
1055 4653 1310 4736 ιαατογγγᾶρχεσθαι
1322 4652 1500 4725 ἐποίησεΚαλ
1512 4656 1538 4712 ἓν
1550 4661 1605 4721 τοῖς
1616 4651 1798 4733 ἀλόγοιςδλτλι

382 4732 434 4794 ltoc
446 4733 518 4792 bono
538 4729 632 4791 ordino
645 4731 782 4812 privatum
795 4746 849 4807 est;
872 4732 918 4792 sed
931 4748 958 4794 et
972 4736 1030 4796 illic
1044 4743 1129 4800 multa
1146 4745 1166 4791 Α
1181 4745 1231 4803 ἴδοι
1242 4770 1281 4812 τις
1295 4743 1335 4818 ἂν,
1346 4749 1382 4812 ὡς
1393 4747 1419 4802 ἒν
1430 4754 1489 4812 ταῖς
1499 4744 1654 4822 μελίσσαις,
1668 4750 1703 4813 ὡς
1713 4750 1738 4806 ἐν
1750 4752 1797 4811 τοῖς

382 4825 499 4905 piscium
517 4845 614 4904 genera
632 4824 683 4882 sub
701 4844 755 4882 uno
775 4823 935 4885 ordinantur
955 4841 981 4887 et
998 4830 1126 4911 militant,
1182 4840 1217 4903 ὡς
1237 4839 1263 4895 ἐν
1275 4843 1331 4902 ταῖς
1347 4836 1453 4916 ἀγελαις
1466 4840 1520 4895 τῶν
1530 4836 1631 4920 ἀγρίων
1648 4836 1798 4918 προύάτυν]

383 4931 408 4975 ct
422 4917 460 4976 sic
472 4918 566 4996 longas
579 4916 806 4996 peregrinationes
818 4919 977 5000 suscipiunt.
993 4925 1063 4982 Nam
1080 4927 1127 4987 ubi
1183 4927 1303 4987 θάλασσα
1317 4928 1414 5000 ταύτης
1440 4927 1580 5008 ἐστέρηται
1606 4934 1656 5002 τῆς
1684 4927 1798 5001 εὐταξίας,

383 5008 473 5069 nullus
490 5008 659 5089 principatus
673 5022 721 5085 est,
743 5009 845 5088 ubique
861 5010 964 5072 malum
980 5027 1006 5073 ct
1019 5031 1128 5096 portur·
1184 5025 1238 5080 ἐκεῖ
1259 5019 1347 5081 πολλά
1367 5024 1419 5081 τῶν
1435 5025 1517 5099 γενῶν
1530 5024 1575 5102 ὑφ’
1593 5023 1633 5081 ἑνὶ
1659 5024 1798 5084 τάττεταιτ

416 5244 426 5267 ι
446 5227 491 5277 ιιι
504 5234 598 5287 ,τινι-ι.
612 5230 663 5294 [sa
678 5231 720 5294 ι]
