3728 5978
546 531 548 534 v
586 459 619 506 ιιι
647 457 755 507 nnrsr.
786 456 831 503 nn
856 457 939 505 non.
968 456 1087 505 nomn.
1115 457 1189 506 xxi.
1574 435 1668 528 '943

100 579 227 663 ροδίδως,
242 581 392 662 Εὐλογητδς
406 573 444 659 el,
464 581 559 664 Κύριε·
571 581 656 655 πόσης
666 578 871 662 ταπεινοφροαύ-
890 598 909 645 c
926 577 1086 640 Benedictus
1093 600 1129 655 es,
1140 577 1264 654 Domine,
1274 574 1669 656 qnantaehumilimtigquantae

98 701 164 747 νης,
186 674 270 746 πόσης
292 674 458 743 ἀνεξικακίας
478 678 493 708 *
503 673 651 753 ὑπόδειγμα
673 672 738 750 ἡμῖν
750 673 870 746 ἔδωκας,
925 671 1059 749 patientiae
1067 670 1221 751 exemplum
1233 669 1310 729 nobis
1319 669 1441 730 dedisti?
1456 667 1585 749 Sederga
1595 668 1669 727 hunc

98 766 250 846 Ἀλλδιπρδς
263 766 310 845 μὲν
322 771 419 827 ἐκεῖνον
429 766 498 826 ellac>
508 789 515 803 ·
527 767 592 847 πρδς
602 766 630 826 δὲ
641 763 701 833 τούς
715 765 871 832 ἐπελθόντας
926 761 964 819 ita
975 783 1004 822 se
1017 763 1116 843 gessit:
1132 777 1160 823 at
1180 783 1246 843 erga
1260 762 1333 840 illos,
1356 761 1405 841 qui
1426 783 1489 822 cum
1502 762 1620 822 fustibus
1641 773 1668 820 et

98 857 166 936 μετδι
182 856 265 925 ξύλων
280 859 326 917 καί
339 863 480 941 μαχαιρῶν
495 864 545 940 οθχ
558 857 637 919 οὕτω.
653 858 708 919 Καί
730 857 757 916 τί
774 855 867 936 γίνοιτ’
925 853 1025 932 gladiis
1043 853 1217 931 invadebant,
1231 874 1284 914 non
1296 854 1344 917 ita.
1357 853 1435 926 Quid
1450 852 1523 913 enim
1542 872 1668 914 mansue·

32 984 41 998 ι
97 947 128 1006 ἂν
145 947 313 1028 ἡμερώτερον
333 955 385 1010 τῶν
401 950 528 1031 ῥημάτων
547 955 599 1011 τῶν
614 948 660 1010 καί
678 950 743 1031 πρδς
757 947 870 1015 ἐκείνους
925 944 979 1004 rius
989 946 1090 1023 verbis,
1102 946 1178 1025 queis
1191 946 1252 1006 illos
1261 946 1416 1026 alloquutus
1427 945 1567 1006 esthum
1578 958 1667 1026 posset
1716 959 1720 967 '

96 1038 258 1120 εἰρημένων,
280 1041 430 1119 Δυνάμενος
453 1041 505 1123 γὰρ
528 1041 620 1109 αὐτούς
637 1041 730 1123 ἀθρόον
744 1039 871 1120 άρανίσαι
924 1035 986 1097 illos
1008 1053 1116 1121 repente
1136 1039 1237 1120 delere,
1258 1038 1310 1098 hoc
1323 1037 1434 1117 quidem
1451 1059 1505 1097 non
1526 1038 1598 1114 fecit,
1619 1037 1666 1097 sed

95 1130 211 1203 πάντας,
225 1131 324 1191 τούτων
343 1131 390 1210 μὲν
407 1132 530 1203 ἐποίησεν
547 1130 633 1207 οὐδὲν,
649 1135 825 1212 ἐντρεπτικῶς
841 1129 869 1190 dl
924 1129 1043 1190 modeste
1057 1131 1204 1192 illisrerba
1214 1131 1249 1190 ad
1260 1131 1392 1212 pudorem
1405 1129 1559 1190 inducentia
1573 1143 1667 1211 protu-

96 1226 184 1290 αὐτοῖς
195 1224 344 1303 διαλέγεται
353 1225 451 1306 λέγων·
463 1225 500 1285 Τί
510 1224 646 1298 ἐξήλθετε,
658 1227 694 1291 ὡς
705 1223 749 1282 ἐπί
758 1221 869 1303 ληατλν,
923 1221 957 1279 lit
969 1244 976 1280 ι
996 1223 1200 1300 Quidexr'istr‘s,
1217 1227 1302 1303 quasi
1313 1223 1508 1282 collatronem
1517 1242 1583 1282 crem
1593 1223 1666 1302 gla-
1675 1241 1762 1286 narrt.
1777 1239 1816 1286 αθ.

98 1315 165 1392 μετδι
175 1319 314 1396 μαχαιρῶν
325 1317 371 1375 καὶ
382 1315 479 1391 ξύλων,
490 1316 543 1376 Καὶ
558 1315 635 1397 ῥίψας
645 1313 738 1383 αύτοδς
747 1314 870 1386 ὑπτίαις,
924 1313 982 1372 dtis
994 1327 1023 1373 et
1029 1317 1181 1395 fustibus?
1191 1315 1228 1374 Et
1238 1336 1301 1374 cum
1312 1315 1375 1373 illos
1382 1314 1493 1395 supinos
1502 1313 1666 1394 conjecisset,
1676 1301 1715 1348 ⁵⁵·

96 1407 189 1480 ἐπειδὴ
211 1408 301 1486 ἔμενον
327 1412 562 1484 άναισθητοῦντες,
585 1407 653 1467 ἑκὼν
677 1406 759 1466 πάλιν
775 1408 867 1467 ίαυτδν
925 1424 1078 1485 quanquam
1089 1407 1166 1485 qnasi
1178 1408 1321 1466 sinesensu
1333 1427 1464 1484 mansere,
1476 1421 1565 1466 tamen
1578 1406 1666 1471 libens
1716 1477 1718 1482 ,

95 1498 224 1572 ἐξεδίδου,
234 1501 278 1558 καί
289 1501 410 1581 ἠνείχετο
421 1500 723 1583 δεσμδιπεριύάλλοντας
734 1503 801 1580 δρῶν
812 1508 869 1566 ταῖς
886 1513 906 1560 1)
923 1496 970 1557 ἰΗε
982 1500 1101 1581 seipsum
1115 1499 1283 1578 tradidit,.et
1292 1500 1420 1560 sustinuit
1433 1499 1530 1560 videns
1548 1498 1665 1561 vinculis
1734 1529 1738 1535 ·

96 1591 185 1670 ἁγίαις
203 1592 294 1672 χερσί,
318 1593 459 1671 δυνάμενος
480 1598 545 1672 ὁμοῦ
571 1591 659 1652 πάντα
673 1593 802 1663 κλονῆσαι
822 1591 869 1652 καί
921 1590 1066 1671 constringi
1075 1605 1179 1650 sanctas
1188 1612 1294 1670 manus,
1305 1611 1368 1650 cum
1376 1604 1465 1672 posset
1473 1590 1563 1650 omnia
1573 1612 1666 1652 move·

99 1684 174 1762 ῥῖψαι
192 1683 275 1742 κάτω.
293 1684 373 1745 utta
396 1683 427 1745 σύ
455 1684 500 1745 καί
527 1684 596 1763 μετὰ
616 1691 701 1746 ταῦτα
725 1683 868 1763 ἀγριαίνει,
920 1699 950 1740 re
964 1701 995 1739 ac
1018 1695 1194 1762 prosternere.
1211 1681 1266 1744 scd
1290 1694 1319 1740 tu
1341 1694 1432 1762 postea
1454 1682 1550 1743 ferocis
1571 1696 1666 1742 eonem

97 1773 163 1854 πρδς
175 1775 219 1835 τὸν
233 1774 342 1849 πένητα.
354 1775 449 1836 Καίτοι
463 1801 493 1857 γι
506 1780 530 1837 τί
547 1779 592 1835 καί
605 1775 704 1857 μυρίων
720 1777 790 1836 ἐστίν
805 1776 868 1837 ἔνυ-
920 1793 1074 1852 pauperem.
1095 1773 1178 1852 atqui
1190 1771 1295 1832 etiamsi
1308 1773 1439 1832 sexcentis
1451 1774 1588 1834 obnoxius
1598 1787 1667 1834 esset

13 1941 15 1944 .
95 1891 145 1947 χος
157 1872 256 1941 κακῶν,
270 1874 287 1941 ἡ
301 1868 386 1928 ἔνδεια
397 1869 552 1948 καίόλιμδς
564 1868 643 1927 ίκανδ
654 1869 703 1942 ‘rip
713 1868 752 1947 μὴ
767 1869 867 1950 σφόδρα
921 1864 1078 1943 sceleribus,
1089 1879 1191 1945 egestas
1213 1878 1239 1926 et
1252 1866 1335 1924 famer
1350 1880 1456 1946 possent
1469 1867 1599 1944 animum,
1612 1867 1665 1926 nisi

97 1958 297 2039 πεπωρωμένην
320 1960 508 2040 καταμαλάξαι
531 1961 628 2042 ψυχήν.
645 1959 684 2020 Σθ
704 1960 732 2020 δὲ
753 1959 868 2034 ίστηαας
922 1956 1070 2025 admodum
1086 1957 1230 2018 induratus
1241 1970 1319 2030 esset,
1340 1958 1454 2020 llectere.
1469 1958 1594 2019 Turno
1611 1973 1665 2019 slas

98 2050 337 2130 ἐκτεθηριωμίνος,
359 2051 405 2111 καί
427 2053 539 2113 λεόντων
566 2050 728 2131 μιμούμενος
754 2051 869 2130 θυμούς·
922 2049 1058 2128 efferatus,
1073 2063 1100 2110 et
1120 2050 1204 2110 leonis
1223 2050 1342 2110 furorem
1360 2049 1487 2110 imitans:
1501 2073 1666 2132 quamquam

98 2142 185 2201 καίτοι
202 2167 232 2222 γε
253 2145 346 2202 ἐκεῖνοι
361 2146 409 2203 οὐκ
424 2144 455 2203 όν
474 2167 539 2204 ποτε
560 2147 660 2225 νεκρῶν
678 2143 869 2224 άπαγεύσαιντο
922 2141 965 2200 illi
979 2162 1118 2220 nunquam
1132 2156 1301 2202 mortuorum
1313 2162 1425 2223 corpora
1435 2141 1664 2223 degustaverun15

97 2236 244 2314 σωμάτων·
264 2234 296 2295 σὺ
316 2235 344 2294 δδ
359 2235 492 2305 τοσούτοις
506 2241 573 2317 δρῶν
588 2235 807 2319 τεταριχευμίνον
822 2234 869 2297 οια-
923 2246 953 2292 lu
966 2253 1031 2294 vero
1046 2232 1110 2293 licet
1123 2233 1217 2301 videas
1230 2233 1310 2293 tantis
1319 2233 1469 2294 consectum
1479 2234 1569 2311 malis,
1575 2237 1664 2317 jacen·

98 2336 171 2400 κοῑς,
184 2327 352 2406 ἐπεμθαίνεις
363 2325 490 2410 κειμένῳ,
503 2329 566 2389 Ικαλ
580 2329 739 2411 σπαράττεις
749 2329 781 2389 τδ
790 2332 869 2408 σῶμα
923 2324 1144 2399 teminvadi8,et
1157 2346 1255 2407 corpus
1273 2347 1322 2408 per
1335 2326 1511 2386 contumelias
1523 2326 1666 2411 discerpis,
1766 2393 1769 2399 ,

100 2418 144 2478 διδι
157 2423 209 2477 τῶν
224 2417 334 2499 θύρσων,
349 2420 395 2478 καί
414 2424 535 2500 χειμῶνα
548 2420 591 2480 ἐπί
604 2426 718 2501 χειμῶνι
732 2422 869 2502 συνάγεις,
923 2431 1109 2498 ῑθῐΠΡθθῖθίθΗὶ
1124 2418 1274 2499 ἲθωρθῦίὸίῐ
1294 2417 1385 2497 addis,
1402 2433 1483 2497 alque
1494 2440 1557 2479 1111111
1570 2420 1619 2498 qul
1631 2419 1667 2481 ad

100 2510 146 2570 καί
160 2509 205 2569 τδν
224 2513 260 2578 εἰς
279 2510 375 2589 λιμένα
389 2511 574 2592 καταφυγόντα
590 2512 711 2594 σκοπέλῳ
723 2513 870 2595 προσμάξαι
924 2525 1033 2592 portum
1050 2511 1182 2592 confingit,
1201 2511 1230 2571 in
1248 2511 1390 2594 scopulum
1408 2510 1535 2593 impelllS,
1556 2513 1667 2574 naufra-

99 2611 199 2673 ποιεῖς,
215 2602 261 2661 καί
277 2602 399 2683 ναυάγιον
414 2603 510 2691 ἐργάζῃ
525 2607 577 2662 τῶν
588 2607 614 2663 ἐν
629 2607 664 2684 τῇ
678 2605 799 2683 θαλάσσῃ
821 2629 871 2686 χα·
888 2614 907 2662 Ε
925 2603 1056 2683 giumque
1079 2603 1161 2663 infers
1185 2605 1297 2665 marinis
1319 2605 1467 2685 naufragiis
1479 2657 1482 2662 .
1493 2606 1613 2686 gravius.
1632 2606 1669 2668 Et

99 2692 256 2774 λεπώτερον.
271 2695 325 2755 Καί
337 2700 393 2763 πῶς
417 2698 483 2776 ἐρεῖς
495 2699 534 2775 τῷ
548 2699 625 2775 Θεῷ,
637 2695 743 2767 ἐλέησόν
761 2722 810 2775 με,
826 2698 871 2757 καλ
925 2696 1061 2774 quomodo
1069 2695 1143 2757 dices
1156 2698 1224 2773 Deo,
1236 2695 1365 2756 Miserere
1374 2697 1484 2756 mei?·et
1491 2699 1598 2758 reniam
1607 2720 1668 2780 pec·

98 2786 300 2866 ἁμαρτημάτων
316 2792 397 2857 αἰτεῖς
417 2786 595 2870 συγχώρησιν,
617 2787 661 2847 τδν
684 2787 758 2848 οὐδὲν
779 2791 871 2872 ἁμαρ·
925 2800 1047 2847 catorum
1059 2787 1191 2868 postulas,
1216 2786 1282 2846 dum
1297 2787 1374 2846 illurn
1390 2789 1551 2848 contumelia
1571 2791 1668 2867 afliciS,

98 2877 314 2960 τόνταὺὅρίζων,
339 2881 385 2939 καί
398 2875 474 2953 δίκην
496 2879 563 2963 ὑπὲρ
587 2883 666 2960 λιμοῦ
685 2882 731 2941 καί
755 2882 872 2962 ἀνάγκης
925 2878 972 2957 qul
986 2877 1339 2960 contraleniltllpcccavil‚
1355 2879 1539 2941 elobfamem
1554 2894 1678 2942 tantam-t

99 2971 229 3044 τοσαύτης
243 2973 373 3044 ἀπαιτῶν,
382 2973 428 3031 καί
438 2970 472 3030 τὰ
485 2971 564 3052 θηρία
576 2971 681 3032 ἅπαντα
693 2973 871 3054 ἀποκρύπτων
927 2990 979 3049 que
992 2970 1175 3057 necessitatem
1189 2992 1281 3052 poenas
1294 2971 1401 3051 repetis,
1416 2973 1485 3032 seras
1502 2993 1595 3034 ornnes
1607 2996 1669 3034 eru·

99 3069 133 3144 τῇ
147 3063 285 3141 ὠμότητι,
298 3063 405 3124 Ἐκεῖνα
421 3064 468 3143 μὲν
482 3064 533 3146 γδιρ
542 3109 550 3137 ,
559 3066 729 3146 τῆςγαστρδς
741 3090 873 3147 καταναγ·
926 3062 1038 3123 delirate
1047 3064 1197 3144 superans?
1212 3063 1270 3122 lllae
1283 3064 1356 3123 enim
1368 3078 1478 3144 cogente
1490 3079 1591 3141 ventre,
1601 3088 1669 3148 pro-

100 3155 246 3229 καζούσης,
261 3156 373 3216 ἅπτεται
391 3162 439 3229 τῆς
459 3160 545 3225 αθτοῐς
557 3159 745 3238 νενομισμένης
758 3166 872 3243 τροφῆς·
925 3154 1017 3237 ,νείατα
1045 3155 1099 3214 sibi
1125 3155 1217 3214 cibum
1246 3155 1400 3236 arripiunt:
1421 3169 1451 3215 tu
1475 3177 1540 3218 vero
1565 3159 1670 3222 nemine

100 3247 133 3308 σθ
144 3248 188 3321 δὲ,
201 3248 303 3316 ούδενδς
317 3249 445 3316 ὠθοῦντος
457 3249 516 3309 οὐδὲ
525 3250 779 3330 καταναγκάζοντος,
793 3277 871 3313 κατε.
925 3247 1079 3328 impellente
1089 3247 1133 3307 rel
1141 3261 1262 3327 cogente,
1274 3248 1384 3308 fratrem
1394 3249 1519 3322 devoras,
1532 3252 1668 3330 mordens,

101 3338 181 3407 αθίεις
198 3339 241 3397 τδν
261 3340 382 3419 άδελρδν,
403 3339 513 3413 δάκνων,
533 3340 704 3420 σπαράττων,
725 3346 748 3401 εί
768 3344 814 3403 καί
833 3341 871 3423 μὴ
926 3339 1081 3421 discerpens
1091 3363 1100 3417 ,
1114 3339 1137 3399 si
1151 3361 1204 3399 non
1215 3340 1353 3419 dentibus,
1366 3355 1395 3400 at
1406 3342 1496 3402 verbis
1506 3363 1596 3403 morsu
1606 3366 1670 3426 gra-

100 3440 155 3498 τοῖς
173 3433 285 3501 ὀδοῦσιν,
304 3431 373 3490 ἀλλὰ
396 3433 496 3512 ῥήμασι
511 3433 654 3513 δηγμάτων
666 3436 872 3517 χαλεπωτέροις.
882 3475 919 3514 ⁶„
927 3433 1058 3493 rioribus.
1091 3432 1236 3508 Quomodo
1273 3456 1337 3514 ergo
1369 3456 1473 3495 sacram
1506 3436 1671 3501 oblationem
1782 3464 1784 3468 ⁴

101 3526 165 3591 Πῶς
187 3513 230 3583 oliv
245 3522 305 3603 δέξῃ
318 3522 368 3594 την
382 3523 453 3604 ίερδν
471 3524 633 3605 προσρυρδιν,
649 3525 757 3604 αίμασιν
773 3530 873 3609 άνθρω·
891 3531 911 3577 Α
927 3546 1025 3602 sumes,
1048 3525 1096 3604 qui
1120 3524 1240 3584 humano
1264 3526 1394 3606 sanguine
1421 3527 1541 3608 linguam
1567 3528 1675 3611 tingis?
1716 3577 1720 3583 -

101 3615 186 3683 πίνοις
204 3615 318 3696 ροινιξας
339 3615 387 3688 alu
406 3619 545 3694 γλῶτταν,
558 3618 638 3686 ’πῶς
659 3618 736 3687 δίδως
757 3621 873 3700 εἰρήνην,
927 3615 1062 3695 quomodo
1074 3637 1169 3697 pacem
1182 3615 1241 3689 daS,
1264 3617 1374 3677 dumos
1392 3618 1464 3678 bello
1479 3619 1591 3701 plenum
1608 3623 1670 3682 est?

102 3708 219 3787 πολέμου
230 3708 338 3788 γέμοντι
351 3708 482 3787 στόματι,
495 3711 551 3776 πῶς
562 3707 589 3768 δὲ
601 3715 661 3789 γοῦν
673 3714 802 3786 αἰσθητῆς
811 3718 874 3774 ἀπα
927 3707 1063 3787 quomodo
1071 3708 1192 3768 sensibili
1205 3709 1265 3768 cibo
1276 3710 1383 3783 frueris,
1396 3709 1463 3770 dum
1476 3725 1581 3772 tanturn
1594 3712 1672 3775 virus
1685 3782 1692 3792 ι

101 3799 205 3868 λαύσεις
218 3805 334 3882 τρορῆς,
347 3802 385 3860 ίδν
398 3806 520 3860 τοσοῦτον
532 3800 665 3881 συνάγων,
677 3805 718 3863 Οὐ
726 3805 874 3884 διορθοῦται
928 3801 1060 3880 colligis?
1073 3802 1096 3861 N
1099 3821 1133 3860 on
1143 3802 1294 3882 paupertati
1305 3803 1507 3864 subrenisecur
1516 3805 1597 3865 etiam
1608 3827 1672 3866 con·

103 3890 272 3964 τὴνπενίαν·
288 3890 316 3950 τί
329 3891 374 3950 καί
385 3891 542 3966 ἐπιτρίύεις,
556 3896 603 3952 οὐκ
617 3897 724 3974 άνιστᾷς
735 3896 873 3974 κείμενον·
928 3892 1011 3951 teris?
1020 3911 1073 3949 non
1084 3891 1165 3970 erigis
1173 3892 1304 3971 jacentem
1313 3915 1320 3950 ι
1329 3913 1377 3952 cur
1384 3893 1463 3953 illum
1470 3895 1551 3955 etiam
1562 3895 1671 3975 dejicis?

103 3981 131 4040 τί
141 3982 186 4041 καλ
197 3981 387 4056 καταύαίλλεις,
399 3987 446 4043 οὐκ
460 3985 574 4064 ἀναιρεῖς
582 3984 631 4057 την
646 3986 760 4065 ἀθυμίαν
771 4011 778 4025 ·
789 3987 816 4047 τί
829 3989 874 4049 καλ
928 4005 981 4043 non
994 3983 1068 4042 tollis
1088 3983 1241 4043 tristitiam:
1256 4005 1304 4044 cur
1329 4005 1410 4064 auges
1433 3986 1533 4047 illam?
1549 4007 1603 4049 non
1623 3988 1672 4050 das

85 4085 88 4091 '
104 4074 256 4148 ἐπιτείνεις,
270 4077 300 4133 οὐ
315 4075 391 4142 δίδως
404 4075 548 4156 χρήματα·
560 4073 587 4134 τί
598 4077 643 4136 καί
655 4077 770 4158 Ιύύρίζεις
782 4079 874 4160 ῥήγεα,
928 4075 1076 4157 pecunias:
1094 4095 1143 4133 cur
1155 4075 1245 4133 verbis
1264 4077 1455 4137 contumeliam
1479 4078 1585 4140 infers?
1609 4083 1672 4142 Non

104 4190 163 4240 σιν,
177 4167 236 4226 Οὔκ
247 4166 363 4238 ἤκουσας
376 4167 439 4238 όοην
452 4168 554 4228 διδόασι
564 4166 639 4241 δίκην
651 4171 675 4229 oi
689 4168 727 4247 μὴ
738 4171 875 4251 τρέρηυςςς
928 4164 1029 4225 audisti
1042 4178 1154 4244 quantas
1174 4186 1267 4247 poenas
1280 4166 1345 4226 dent
1357 4166 1389 4241 ii,
1407 4167 1455 4246 qui
1474 4190 1605 4251 pauperes
1618 4193 1672 4234 non

103 4256 163 4325 τοὺς
173 4256 301 4331 πένητας,
310 4257 396 4325 ποίαις
406 4258 546 4338 τιμωρίαις
559 4260 793 4336 καταδικάζονται,
804 4264 875 4345 Πορ-
928 4258 1022 4318 alunt?
1035 4256 1135 4335 quibus
1147 4256 1309 4317 damnentur
1323 4259 1490 4340 suppliciis?
1503 4266 1557 4339 110,
1571 4263 1670 4344 inquit,
1683 4290 1767 4336 Μαιηη,
1783 4291 1822 4338 25,

105 4349 193 4409 εύεσθε
202 4347 263 4428 γὰρ,
274 4348 363 4429 φησίν,
374 4353 410 4415 εἰς
420 4348 451 4408 τδ
458 4358 510 4431 πῦρ
517 4351 548 4410 τδ
558 4350 754 4431 ἡτοιμασμένον
767 4356 805 4432 τῷ
816 4355 875 4414 δια·
929 4358 961 4413 in
973 4357 1070 4434 ignem
1083 4364 1222 4412 oetmnum
1233 4367 1372 4434 paratum
1386 4357 1506 4417 diabolo
1519 4371 1547 4420 et
1559 4350 1721 4442 angelisl¹·

105 4439 231 4520 coaptat
242 4449 296 4506 τοῖς
309 4439 428 4520 αἰγγελοις
440 4443 528 4502 αὐτοῦ.
540 4445 573 4502 Εἰ
585 4434 630 4501 ούν
650 4447 675 4504 oi
686 4442 723 4522 μὴ
738 4445 876 4527 τρέφοντες
929 4447 1001 4528 ejus.
1014 4444 1044 4506 Si
1052 4465 1115 4525 ergo
1126 4444 1236 4522 quinon
1247 4446 1370 4506 nutriunt
1381 4461 1436 4520 eos,
1451 4446 1489 4510 ita
1499 4450 1673 4532 damnantur,

106 4529 174 4590 ούτω
192 4532 425 4605 καταδικάζονται,
439 4532 516 4593 ιτίνα
537 4532 651 4594 δώσουσι
671 4533 745 4608 δίκην
763 4540 788 4595 ol
807 4537 875 4615 μετὰ
893 4560 911 4607 B
930 4557 997 4615 quas
1004 4556 1096 4616 poenas
1109 4534 1214 4594 dabunt
1223 4535 1254 4611 ii,
1266 4537 1312 4614 qui
1322 4558 1374 4597 non
1382 4532 1463 4600 modo
1474 4561 1528 4602 non
1537 4544 1672 4625 nutriunt,

106 4627 152 4681 τοῦ
167 4621 204 4701 μὴ
215 4622 317 4705 *pictur
338 4622 383 4682 καί
405 4623 567 4704 &pliorem
580 4626 666 4700 πόσην
681 4625 876 4700 θποατήσονται
930 4628 978 4689 sed
992 4642 1018 4688 et
1036 4627 1104 4709 ipsis
1119 4628 1294 4690 contumelias
1309 4631 1450 4692 inserunt?
1461 4654 1516 4713 qno
1530 4636 1674 4717 supplicio,

106 4713 224 4783 κολααιν,
239 4714 324 4785 πόσην
337 4714 457 4794 γέενναν,
471 4714 521 4774 'lv'
537 4707 580 4775 ούν
596 4717 633 4796 μὴ
648 4723 764 4778 τοσαῦτα
775 4718 875 4800 ἐξάψαι·
930 4742 984 4800 qua
996 4719 1117 4800 gehenna
1132 4740 1186 4779 non
1196 4721 1366 4782 afficientur?
1380 4727 1421 4784 Ne
1435 4745 1499 4804 ergo
1513 4740 1586 4786 tanta
1597 4729 1675 4803 nobie

107 4829 156 4883 μεν
171 4807 230 4864 καθ’
241 4807 341 4864 ἑαυτῶν
355 4803 426 4866 κακδι
433 4848 442 4881 ,
455 4804 505 4873 ἕως
517 4807 596 4887 ίσμίν
611 4808 711 4890 κύριοι,
726 4810 771 4870 καί
784 4812 815 4871 τδ
827 4836 876 4872 πο·
931 4811 1106 4874 incendamus
1116 4812 1187 4874 mala
1197 4836 1204 4870 τ
1213 4813 1298 4873 donec
1308 4813 1420 4873 saertltas
1430 4827 1479 4894 est,
1490 4816 1592 4877 malum
1601 4818 1675 4879 lrunc

888 4926 891 4932 .
1497 4931 1516 4962 ι
1630 4939 1631 4944 1

142 5008 212 5073 ¹[A.
224 5019 250 5058 et
262 5024 342 5074 marg.
356 5008 434 5060 Saril.
448 5014 624 5080 ὑποδείγματα]
706 4989 713 5009 i
807 5007 812 5014 ’
948 5015 1171 5082 *[πῶςδώσιιςαα
1186 5023 1261 5082 γάμων
1279 5027 1312 5083 τῷ
1331 5021 1674 5082 στόματιῑπῶςδίτῆςαίαθη-

142 5100 154 5123 ·
172 5086 226 5137 Duo
237 5087 297 5135 Mss.
312 5088 357 5152 [Α.
371 5100 396 5138 et
413 5107 493 5158 marg.
508 5090 577 5142 Saril
591 5094 645 5157 ]καί
663 5097 796 5165 δαρδάπτιις
808 5105 866 5151 τὸ...
916 5099 970 5161 τῆς,
980 5099 1009 5149 Α.
1021 5106 1048 5145 et
1062 5110 1142 5160 marg.
1153 5090 1242 5160 Sacili

110 5168 211 5230 ακοπίλῳ
222 5173 372 5234 προσαράξας.
950 5191 959 5214 ¹
978 5170 1066 5224 Morel.
1079 5179 1129 5225 τίνα
1143 5175 1221 5224 διδοῦσι
1236 5174 1306 5227 δίκην.

252 5267 325 5303 rom.
351 5268 393 5303 rx,
1494 5254 1529 5313 51
