3728 5978
620 510 655 556 rr
683 506 793 556 errsr.
820 505 868 553 an
893 503 977 553 aon.
1005 502 1124 552 nourr.
1152 499 1237 550 xxn.
1634 485 1706 579 749

130 632 176 692 τὸν
188 631 255 711 ἀίρα
277 635 366 691 κενοῦν
383 629 430 703 τὴν
445 629 565 708 δύναμιν.
579 628 660 690 Ούτω
678 628 730 709 γδρ
752 628 812 690 ούτε
828 627 904 695 αύτδς
960 625 1044 684 ctoria
1063 638 1112 686 est
1131 623 1214 706 Pugil
1231 622 1303 683 enim
1316 621 1403 703 magis
1421 622 1518 701 vineit,
1531 643 1583 683 non
1599 645 1662 684 cum
1675 645 1703 685 se

128 723 312 801 πληγήσεται,
329 721 450 782 κάκείνου
465 720 542 782 λύσει
557 721 605 795 τὴν
621 720 697 802 ἰσχύν
710 721 828 782 ἅπασαν·
842 720 856 780 δ
870 717 902 792 δὴ
960 717 1069 798 subjicit
1080 717 1116 778 ad
1129 717 1224 798 plagas
1236 714 1411 797 recipiendas,
1424 714 1471 775 sed
1480 715 1589 794 quando
1597 716 1702 797 erigens

129 815 176 872 καὶ
187 815 230 873 ἐπί
248 819 301 874 τῶν
315 813 413 897 ύύρεων
428 811 536 892 γίνεται.
552 813 640 874 Ὅταν
656 813 704 892 μὲν
717 812 768 895 γὰρ
781 811 902 892 άνθνύρί-
960 809 1088 890 seipsum,
1098 807 1126 868 id
1136 809 1194 888 agit
1204 806 1547 869 utadversariusinaerem
1555 807 1613 870 Vim
1624 829 1702 872 suam

129 930 192 983 σῃς,
201 905 317 978 ἡττήθης
328 909 378 986 οὐχ
388 905 440 965 ύπδ
455 904 607 987 ἀνθρώπου,
618 908 686 976 ἀλλ’,
698 904 764 985 ὅπερ
774 904 844 966 ἐστίν
859 905 903 962 αῖ·
959 900 1137 962 είΐιιιιιίαι.1ιε
1147 896 1220 961 enim
1232 901 1290 982 ipse
1299 899 1394 981 plagas
1407 920 1461 958 non
1474 899 1599 980 accipiet,
1607 913 1633 960 et
1642 901 1702 981 ejus

130 998 282 1079 σγρύτερον,
292 999 343 1057 ὑπὸ
353 998 453 1066 πάθους
468 998 636 1079 ἀνελευθέρου
651 1003 698 1057 τοῦ
719 1003 801 1076 θυμοῦ
824 1021 904 1068 κινη-
919 994 940 1051 u
955 993 1029 1054 vires
1041 993 1188 1054 dissolvet:
1198 992 1229 1053 id
1240 992 1316 1072 quod
1328 992 1410 1052 etiam
1421 991 1449 1050 in
1458 992 1629 1053 contumeliis
1640 1014 1702 1055 eve·

131 1090 198 1157 θείς·
214 1088 245 1147 δν
259 1088 424 1168 δὲσιγιίσῃς,
439 1089 485 1148 καί
505 1089 644 1163 ἐνίκησας,
659 1090 704 1149 καί
722 1088 854 1162 σἀπονητί
874 1087 905 1148 rb
956 1087 1006 1147 nit.
1024 1090 1094 1148 Nam
1114 1109 1175 1147 cum
1199 1085 1391 1148 contumeliam
1406 1084 1567 1145 contumelia
1580 1085 1699 1167 repellis,

131 1180 258 1262 τρόπαιον
272 1181 455 1254 ἔοτησσς,καί
469 1181 576 1260 μυρίους
590 1181 656 1250 ἕξεις
673 1181 733 1249 τοὺς
747 1185 906 1262 στεφανοῦν-
956 1193 1135 1261 superatuses
1148 1176 1520 1255 nonabhomine,sedquod
1534 1176 1640 1257 turpius
1651 1189 1701 1253 est,
1740 1246 1748 1260 γ

132 1296 194 1345 τας,
206 1274 253 1333 καί
265 1277 312 1344 τῆς
321 1274 451 1354 λοιδορίας
461 1272 491 1331 τδ
501 1274 593 1352 ψεῦδος
605 1272 859 1351 καταγινοίοκοντας.
871 1270 905 1332 Ὁ
957 1271 992 1331 ab
1003 1271 1130 1331 illiberali
1142 1273 1255 1332 affectu:
1266 1269 1364 1332 sivero
1379 1282 1475 1345 taceas,
1490 1268 1588 1346 vicIsti,
1603 1289 1635 1328 ac
1643 1268 1702 1330 sine

134 1363 183 1440 μὲν
199 1364 251 1444 γδρ
265 1364 418 1444 ἀντιλέγων,
432 1369 467 1432 ὡς
481 1364 638 1442 δακνόμενος
659 1369 775 1445 ἀντερεῖν
788 1365 907 1423 saxeos
937 1363 1050 1424 ‘labore
1075 1378 1204 1446 tropeum
1236 1360 1356 1434 erexisti,
1388 1361 1597 1439 innumerosque
1622 1360 1701 1421 habe

134 1456 162 1516 δὲ
186 1457 357 1535 δακνόμενος,
371 1455 494 1516 ύπύνοιαν
505 1455 619 1536 παρέχει
637 1462 682 1516 τοῦ
696 1455 840 1516 συνειδέναι
853 1466 907 1523 τοῖς
958 1458 1001 1518 bis
1020 1471 1047 1518 te
1071 1479 1169 1520 corona
1191 1459 1339 1533 donantes,
1360 1469 1387 1517 et
1413 1456 1530 1520 convicii
1557 1456 1702 1519 salsitatem

133 1548 383 1628 λεγομένοις·ἃνδὲ
400 1549 648 1630 καταγελάσῃς,τῷ
667 1547 907 1630 γὶλωτιτὴνκιτθ
958 1549 1127 1612 damnantes.
1148 1553 1219 1611 Nam
1234 1550 1283 1630 qui
1300 1547 1469 1627 contradicit,
1492 1550 1570 1628 quasi
1587 1569 1623 1609 ex
1638 1568 1702 1609 con-
1734 1581 1737 1585 <

134 1647 232 1700 σαυτοῦ
251 1644 337 1722 ψῆφον
351 1640 482 1708 ἐξελυσας.
497 1641 550 1700 Καί
565 1644 588 1699 εἰ
604 1640 691 1719 βούλει
712 1645 783 1721 σαφῆ
803 1644 856 1699 τῶν
867 1642 907 1699 εί·
959 1644 1025 1706 vicii
1049 1666 1140 1705 morsu
1154 1643 1335 1705 contradicere
1350 1641 1478 1722 videtur,
1497 1661 1701 1722 cumquernor-

136 1732 256 1813 ρημένιον
265 1731 395 1800 ἀπόδειξιν
406 1731 508 1805 λαθεῖν,
519 1733 596 1792 αὐτὸν
605 1731 738 1814 ἐρώτησον
748 1733 794 1792 τὸν
805 1733 908 1812 ίχθρὸν,
960 1756 1021 1795 sum
1040 1736 1146 1813 sentiat,
1156 1734 1334 1816 suspicionem
1354 1735 1467 1814 prabet,
1481 1731 1555 1811 quod
1568 1733 1604 1791 sit
1615 1731 1703 1791 dictu

134 1823 200 1884 πύτε
222 1826 322 1901 μᾶλλον
347 1827 441 1903 σἰλγεῖ,
469 1824 531 1884 ὅταν
557 1823 710 1907 θερμανθείς
730 1823 909 1904 ἅνθυύρίσῃς,
960 1847 1023 1885 rum
1037 1828 1278 1887 conscius:sivero
1298 1825 1434 1903 deriseris,
1449 1846 1483 1884 ex
1496 1825 1553 1883 risu
1566 1825 1703 1884 calculum

133 1915 151 1987 ἢ
167 1917 228 1975 ὅταν
252 1917 399 1995 ὑθρίζοντος
421 1917 622 1996 καταγελάσῃς·
646 1917 693 1977 καί
710 1922 788 1976 τοῦτο
810 1914 908 1995 ἀκούσῃ
925 1924 944 1972 B
961 1931 987 1977 et
997 1917 1135 1999 judicium
1150 1932 1242 1979 contra
1259 1932 1287 1980 te
1307 1917 1394 1977 latum
1414 1915 1531 1978 solvisti.
1548 1914 1585 1975 Et
1598 1915 1622 1974 si
1634 1915 1704 1976 velis
1775 1963 1777 1967 .

135 2009 247 2085 μᾶλλον·
259 2008 329 2067 Οὐδὲ
341 2007 393 2089 γὰρ
403 2007 485 2076 οὗτος
500 2008 593 2080 ditm
604 2012 641 2088 τιῖι
653 2007 690 2086 pl
701 2006 863 2089 ίὸρίίιοθαι,
873 2011 910 2074 ὡς
960 2012 1061 2072 claram
1070 2011 1205 2072 dictorum
1212 2011 1464 2073 demonstrationem
1474 2009 1708 2091 accipere,.ipsum

135 2100 259 2160 δάκνεται
270 2105 307 2181 τῷ
325 2101 362 2179 μὴ
377 2100 502 2161 δύνασθαί
515 2124 562 2160 σου
573 2101 763 2161 καθάπτεσθαι.
777 2103 839 2180 Οὐχ
848 2105 910 2181 ὁρᾷς
960 2104 1102 2164 inimicum
1115 2105 1259 2185 interroga,
1266 2103 1374 2183 quando
1385 2104 1471 2184 magis
1483 2103 1583 2181 doleat,
1595 2123 1630 2162 an
1641 2123 1705 2162 eum

135 2191 196 2260 τους
217 2193 409 2271 θυμουμένους,
425 2194 465 2254 ὅτι
490 2199 543 2253 τῶν
556 2192 630 2253 ἰδίων
643 2195 754 2271 πληγῶν
773 2195 803 2253 οὐ
826 2191 908 2252 πολύν
917 2246 953 2289 Μ
960 2197 1058 2257 καίτοι
1076 2198 1264 2258 contumeliam
1289 2196 1411 2258 vicissim
1435 2195 1572 2276 rependis,
1587 2216 1622 2254 an
1641 2215 1705 2254 eum

137 2285 288 2363 ποιούμενοι
302 2284 389 2364 λόγον,
408 2285 565 2365 ἐπέρχονται
580 2284 650 2364 ῥύμῃ
664 2287 766 2365 πολλῇ,
776 2285 822 2344 καί
841 2288 909 2343 ουῶν
925 2301 945 2347 Α
962 2291 1158 2352 conviciantem
1165 2289 1373 2368 derideszatque
1381 2289 1433 2349 hoc
1442 2302 1607 2370 postremum
1618 2289 1705 2370 magis

137 2375 237 2457 ἀγρίων
255 2386 341 2457 χεῖρον
355 2376 389 2436 td
409 2383 454 2435 roo
475 2378 587 2449 πλησίον
602 2380 738 2450 ζητοῦντες
752 2376 911 2456 τραύματι,
961 2385 1065 2446 audies.
1080 2389 1174 2466 Neque
1187 2385 1259 2448 enim
1279 2398 1383 2445 tantum
1396 2384 1484 2465 placet
1493 2383 1558 2466 ipsi,
1574 2383 1648 2464 quod
1663 2383 1705 2446 ri-

137 2470 184 2528 καὶ
201 2470 267 2549 πρὸς
277 2469 304 2529 tr
319 2476 395 2529 ταῦτα
409 2470 591 2551 ὁρῶντες,καὶ
603 2469 695 2530 τούτου
713 2471 812 2547 μᾶλλον
823 2468 910 2541 ὄντος,
961 2477 1054 2538 cissim
1080 2478 1202 2539 convicia
1225 2498 1278 2538 non
1295 2498 1419 2559 reponas,
1439 2490 1571 2557 quantum
1597 2476 1706 2537 merde-

136 2560 153 2632 ἢ
167 2566 213 2621 τοῦ
225 2561 388 2640 φυλάξασθαί
406 2585 433 2618 τι
445 2567 537 2621 παθεῖν
547 2587 555 2636 ;
565 2559 652 2621 Ὅταν
662 2553 716 2636 οὖν,
739 2550 770 2620 ού
793 2561 911 2639 μάλιστα
961 2583 1018 2648 mr,
1028 2569 1104 2650 quod
1118 2591 1170 2629 non
1181 2569 1266 2650 possit
1278 2584 1305 2630 te
1316 2591 1495 2631 commovere,
1503 2571 1564 2630 Non
1576 2561 1707 2631 eidesfu.

135 2655 266 2732 ἐπιθυμῇ,
288 2653 380 2714 τούτου
405 2655 523 2733 μάλιστα
547 2653 730 2735 ἆπυοτομνίαῃς
749 2651 843 2727 οὗτοι,
864 2657 911 2712 τοῦ
961 2683 1024 2721 rore
1045 2662 1162 2743 percitos
1183 2661 1315 2738 homines,
1334 2661 1381 2740 qui
1405 2662 1500 2743 plagas
1517 2675 1638 2743 acceptas
1652 2682 1706 2721 non

136 2747 234 2813 παντὸς
255 2746 452 2829 ἇποοτίμηοας,
471 2745 646 2820 ἕίευτίλιοοις,
660 2753 672 2780 ⁸
686 2747 731 2806 καί
749 2744 848 2814 idaia<
868 2745 912 2805 ab·
964 2753 1082 2813 multum
1095 2768 1230 2832 curantes,
1241 2753 1344 2834 impetu
1362 2774 1460 2833 magno
1474 2752 1582 2812 irruunt
1600 2767 1627 2812 et
1644 2753 1711 2833 plus

137 2837 349 2916 καταφρύνητον,
366 2839 412 2896 καί
433 2837 537 2898 παιδίον
552 2839 652 2915 μᾶλλον
666 2835 683 2908 ἢ
698 2837 795 2918 ἄνδρα,
816 2836 862 2897 trel
880 2834 912 2897 db
963 2868 1045 2926 quam
1059 2868 1119 2906 sues
1129 2859 1245 2928 agrestes
1258 2845 1377 2928 pl'Olel
1390 2846 1503 2906 vulnera
1515 2860 1649 2924 qum-unt,
1663 2859 1705 2906 at.

88 2972 93 2983 .
139 2928 187 3006 μὲν
199 2927 341 3009 φιλοσόφου
355 2932 441 3010 ψῆφον
455 2928 555 3001 habebit,
567 2930 663 2988 ἐκεῖνον
677 2926 704 2988 dd
721 2926 811 3010 θηρίου
825 2950 912 2998 πονη-
965 2959 1017 3017 que
1029 2936 1066 2997 ad
1080 2938 1133 2998 hoc
1146 2958 1233 2998 unum
1254 2936 1413 3019 respiciunt,
1428 2936 1534 3016 hocque
1554 2936 1643 3018 magis
1660 2958 1707 2996 cu.

139 3028 185 3099 μου
200 3020 260 3095 δόξῃ
285 3021 466 3101 πιμιύοίλλυυν.
488 3023 576 3080 Τοῧτο
594 3019 640 3080 καί
658 3021 684 3078 ἕν
707 3024 746 3100 τῷ
768 3017 913 3078 τύπτεσθαι
964 3039 1035 3103 rant,
1059 3047 1141 3103 quam
1165 3038 1279 3087 caveant
1301 3046 1335 3084 ne
1355 3024 1411 3084 sibi
1435 3025 1536 3087 vulnus
1558 3024 1707 3085 inferatur?

138 3116 267 3191 ποιῶμεν,
277 3112 324 3173 καί
333 3112 395 3173 διαν
408 3112 564 3193 βουλώμεθα
570 3111 688 3188 τύπτειν,
702 3113 741 3191 μὴ
752 3112 915 3174 ἀντιτύπτω-
966 3112 1084 3188 Quando
1091 3114 1175 3194 igitur
1187 3114 1266 3173 illum
1277 3135 1306 3174 ea
1316 3135 1345 3172 re
1354 3113 1456 3195 privas,
1469 3133 1553 3193 quam
1564 3113 1622 3194 ipse
1632 3134 1708 3173 sum·

140 3227 197 3282 μεν.
209 3203 290 3263 Ἀλλὰ
312 3203 401 3283 βούλει
428 3205 534 3286 καιρίαν
548 3205 636 3264 δοῦναι
658 3205 763 3285 πληγήν
770 3228 780 3282 3
794 3204 913 3285 Στρίψον
965 3226 1074 3287 mopere
1087 3206 1172 3287 eupit,
1185 3207 1259 3267 omui
1267 3205 1326 3288 jam
1339 3219 1431 3287 optata
1449 3227 1478 3265 re
1491 3204 1616 3286 privasti,
1630 3205 1717 3286 deje-v

139 3300 211 3376 αὐτῷ
225 3296 270 3355 καί
284 3296 332 3370 τὴν
348 3298 432 3370 ἄλλην
447 3298 573 3377 σιαγόνα,
589 3297 634 3357 καί
647 3297 749 3376 μυρίοις
758 3299 834 3358 αὐτὸν
846 3297 915 3370 πλή·
929 3309 947 3356 Β
966 3299 1037 3375 cisti,
1058 3313 1193 3362 contemtu
1212 3300 1331 3380 dignum
1354 3299 1505 3376 ostendisti,
1522 3313 1550 3359 et
1562 3299 1718 3380 puerulum

140 3386 191 3456 ξεις
203 3387 361 3468 τραύμασιν.
375 3391 411 3449 οί
431 3388 483 3469 γὰρ
504 3395 656 3470 κροτοῦντες
680 3389 726 3449 καί
740 3391 916 3470 θαυμάζοντες
965 3392 1052 3472 magis
1071 3414 1153 3472 quam
1172 3392 1279 3460 virum:
1292 3404 1320 3452 et
1343 3404 1373 3451 tu
1393 3390 1549 3472 philosophi
1566 3391 1708 3462 ¹caleulum
1811 3459 1812 3462 γ

140 3483 192 3537 τῶν
204 3481 400 3540 καταλευύντων
411 3481 476 3540 εἰσὶν
491 3484 563 3562 αύτῷ
586 3480 782 3562 χαλεπώτεροι·
804 3481 849 3541 καί
862 3479 915 3560 πρὸ
964 3485 1079 3566 adeptus
1091 3507 1129 3558 es,
1147 3485 1189 3544 illi
1205 3506 1269 3547 vero
1292 3485 1370 3544 male
1392 3485 1484 3547 bestie
1502 3485 1604 3546 samam
1615 3485 1708 3547 conci-

139 3571 245 3631 ἐκείνων
254 3573 285 3631 τὸ
292 3572 405 3637 συνειδὸς
415 3574 494 3631 αὐτοῦ
508 3572 722 3650 καταγνώσεται,
730 3573 776 3634 καί
788 3573 915 3651 μεγίστας
964 3577 1047 3640 liasti.
1061 3575 1136 3638 Illud
1145 3590 1172 3638 et
1183 3598 1246 3638 cum
1256 3577 1440 3654 verberamur,
1454 3578 1584 3645 [aciamus
1596 3577 1637 3638 tsi
1648 3598 1709 3639 ver·

141 3663 218 3722 αιλτὸν
233 3663 377 3735 ἀπαιτήσει
391 3663 482 3738 δίκαι,
496 3664 541 3724 καὶ
555 3668 590 3731 ὡς
600 3664 634 3724 τὰ
645 3666 745 3746 ἔσχατα
756 3664 857 3736 παθὼν,
872 3663 915 3725 σθ-
964 3668 1361 3748 berarevelimus‚nevicissim
1370 3667 1661 3732 verberemussedvis
1671 3668 1708 3730 le

139 3780 192 3823 τους
203 3755 358 3838 ἐρυθριάσας
372 3756 551 3837 ἅνοχυιριίοοι·
570 3759 603 3816 El
619 3756 647 3817 δὲ
658 3757 704 3816 καί
717 3756 767 3828 τὴν
777 3755 851 3838 παρὰ
862 3759 913 3814 τῶν
965 3762 1047 3821 θείειν
1056 3761 1154 3821 inferre
1161 3760 1289 3841 plagam?
1299 3763 1383 3822 Verte
1393 3759 1436 3819 illi
1445 3761 1557 3820 alteram
1567 3745 1709 3820 maxillam

141 3849 247 3907 πολλῶν
261 3852 346 3919 ζητεῖς
357 3847 444 3922 δόξαν,
458 3849 503 3908 καί
518 3848 617 3921 ταύτης
631 3847 768 3929 ἀπολαύσῃ
781 3848 914 3927 μειζόνως.
965 3869 991 3913 ει
1002 3854 1078 3914 mille
1087 3854 1166 3913 illum
1174 3852 1334 3914 vulneribus
1344 3851 1566 3912 confodiesNam
1575 3851 1709 3932 quiplau·

142 3940 197 3999 Καί
210 3939 298 4008 ἄλλοις
312 3941 359 4019 μὲν
368 3939 421 4022 γὰρ
434 3941 498 4021 προς
512 3942 572 4009 τοὺς
584 3945 672 4010 κακῶς
685 3943 837 4022 πάσχοντας
851 3940 915 4020 ἔχο·
966 3946 1035 4005 dunt
1042 3959 1069 4004 et
1076 3945 1217 4019 miramur,
1225 3942 1362 4024 graviores
1370 3943 1412 4002 illi
1418 3956 1482 4003 sunt
1492 3964 1573 4022 quam
1583 3943 1607 4003 si
1618 3943 1710 4025 ipsum

145 4029 193 4106 μέν
211 4055 272 4089 τινα
286 4031 467 4109 συμπάθειαν·
490 4033 553 4093 ὅταν
573 4032 600 4091 δὲ
622 4033 689 4112 μηδὲ
712 4033 916 4100 ἀντιτάττοντας
967 4037 1162 4120 ίορίιίεοοιιιιει
1173 4051 1234 4096 ante
1245 4035 1306 4095 illos
1319 4035 1400 4095 etiam
1413 4035 1649 4096 conscientiarum
1661 4035 1710 4096 da·

144 4123 252 4200 ἴδοιμεν,
266 4122 334 4182 ἀλλὰ
355 4125 401 4184 καί
424 4124 530 4193 ἑαυτούς
544 4126 709 4202 extitisset,
722 4129 770 4187 ούκ
793 4128 915 4204 ἐλεοῦμεν
966 4130 1082 4203 mnabit,
1091 4143 1117 4190 et
1130 4128 1263 4189 maximas
1273 4140 1373 4208 repetet
1387 4146 1489 4209 pesnas,
1499 4141 1526 4187 et
1538 4148 1570 4187 ac
1583 4126 1606 4189 si
1620 4141 1710 4188 extre·

144 4214 232 4292 μόνον,
246 4216 314 4276 ἀλλὰ
326 4216 372 4276 καί
385 4217 560 4296 θαυμάζομεν.
681 4253 684 4258 -
948 4212 951 4218 ’
966 4244 1010 4283 ma
1025 4243 1119 4303 passus
1133 4233 1212 4297 esset,
1228 4218 1268 4279 sic
1282 4219 1440 4279 erubescens
1452 4218 1587 4281 abscedet.
1601 4218 1631 4280 Si
1645 4239 1710 4281 vero

966 4315 1082 4395 gloriam
1094 4313 1168 4394 apud
1187 4311 1289 4372 multos
1308 4310 1418 4390 queris,
1430 4310 1483 4371 hae
1503 4332 1609 4392 quoque
1623 4310 1717 4393 magis,

965 4407 1072 4468 haeris
1085 4408 1157 4466 Nam
1175 4419 1202 4465 et
1215 4403 1336 4484 alioquin
1354 4424 1417 4484 erga
1437 4403 1509 4482 illos,
1517 4407 1570 4485 qui
1579 4405 1650 4466 male
1658 4426 1710 4487 pa·

966 4498 1175 4579 tiuhtur,aliqua
1185 4516 1327 4559 moremur
1340 4495 1584 4559 cominiseratione:
1596 4512 1622 4558 et
1629 4518 1712 4578 quan·

967 4591 1004 4652 do
1018 4590 1142 4656 videmus
1157 4589 1220 4650 illos
1234 4609 1291 4649 sese
1312 4609 1365 4649 non
1381 4587 1553 4667 ulciscentes,
1573 4590 1621 4650 sed
1642 4588 1716 4650 adeo

967 4699 1061 4766 sponte
1070 4706 1099 4744 se
1109 4695 1286 4765 exponentes,
1302 4702 1356 4741 non
1371 4681 1452 4742 ιιιοιίο
1467 4681 1709 4760 commiseratione,

967 4776 1013 4836 sed
1025 4776 1106 4836 etiam
1115 4774 1293 4835 admiratione
1303 4772 1399 4854 dignos
1407 4772 1548 4833 hahemus.

185 4864 237 4925 Διδ
249 4862 335 4924 ταῦτά
353 4887 398 4942 μοι
409 4867 453 4923 νῦν
467 4864 611 4943 ἀνοιμῶὶαι
623 4867 733 4944 ἔπεισιν,
749 4868 791 4931 ὅτι
804 4873 829 4930 οί
843 4873 951 4935 δυνά-ο
1007 4871 1037 4929 ί.
1061 4869 1126 4929 ldeo
1140 4869 1199 4950 jam
1221 4887 1272 4947 ego
1288 4887 1356 4947 pene
1379 4865 1535 4945 ingemiseo,
1563 4866 1638 4946 quod
1662 4868 1710 4948 qui

147 4980 222 5033 μενοι
237 4958 282 5016 καί
295 4955 328 5015 τδι
342 4956 459 5037 παρόντα
474 4956 554 5037 ἔχειν,
572 4962 595 5018 εἷ
608 4963 661 5019 τῶν
675 4967 721 5021 τοῦ
735 4965 852 5047 Χριστοῦ
873 4968 918 5027 νό-
969 4985 1106 5046 possemus
1120 4975 1145 5021 et
1165 4958 1342 5043 praesentihus
1355 4957 1448 5039 potiri,
1468 4957 1491 5018 si
1514 4958 1618 5020 Christi
1638 4961 1711 5041 leges

150 5072 206 5123 μων
220 5047 348 5129 ἠκούομεν
365 5052 400 5115 ὡς
415 5051 507 5131 ἐχρῆν,
516 5050 562 5108 καί
576 5053 628 5111 τῶν
643 5052 792 5129 μελλόντων
808 5060 917 5138 ἐπιτυγ-
961 5071 991 5118 ut
1004 5078 1053 5138 par
1068 5069 1107 5116 est
1121 5054 1290 5142 audiremus,
1312 5065 1339 5112 ot
1352 5051 1443 5113 sutura
1463 5052 1543 5113 etiarn
1561 5055 1707 5136 consequi,

182 5245 191 5267 ι
210 5226 251 5278 Sic
262 5229 322 5280 δίκε.
334 5227 403 5280 Editi
414 5246 474 5280 vero
486 5238 525 5283 καὶ
535 5240 580 5285 &rit
593 5241 651 5294 νίκης
662 5258 696 5290 τε.
959 5237 1036 5292 sarit.
1047 5242 1100 5292 ἀλλ’
1112 5245 1131 5291 εί
1141 5234 1239 5304 βούλει]

184 5323 194 5346 ⁸
213 5308 284 5360 Unus
302 5307 389 5361 Codex
399 5311 435 5375 [et
452 5312 494 5377 h]
506 5318 543 5365 καί
561 5315 639 5374 δείξας.
653 5311 741 5382 [Infra
754 5316 782 5368 Λ.
795 5327 820 5367 et
833 5333 913 5387 marg.
