3728 5978
549 531 582 575 ΙΝ
608 531 716 578 netsn.
745 530 791 577 dl)
816 529 899 577 nott.
928 528 1048 576 nontin.
1076 528 1174 576 xvnt.
1223 528 1226 535 ’

1572 533 1633 601 70¹

69 654 236 732 ἔμπροσθεν·
253 656 283 714 τὸ
302 655 329 714 δὲ
342 655 487 715 ἐκπετάσει
501 657 547 724 τὰς
562 669 671 739 χεῖρας,
687 661 718 720 τδ
731 659 841 719 καλέσαι
858 663 878 708 l>
896 656 1001 717 Deinde
1014 655 1155 719 ostendens
1179 655 1217 729 id,
1234 654 1307 734 qnod
1321 656 1423 714 sactum
1436 657 1595 735 fuerat,non
1605 678 1641 720 ex

68 746 116 804 καλ
127 747 326 806 ἐπισπάσασθαι
339 748 384 807 καί
402 751 587 828 παρακαλέσαι
606 754 689 824 δηλοῖ.
705 742 773 811 Elea
789 753 842 811 δει-

68 838 132 906 κνθς
145 839 175 897 τὸ
188 838 310 916 ἔγκλημα
324 840 394 898 άπαν
409 840 515 900 ἐκείνων
534 842 572 917 δν,
594 843 674 922 φησὶ,
695 842 766 922 Πρὸς
779 844 842 903 λαὸν

68 933 228 989 ἀπειθοῦντα
237 930 282 988 καί
296 930 472 1011 ἀντιλέγοντα.
532 965 538 975 ·

114 1663 190 1742 lite<
200 1675 270 1747 πόση
284 1681 300 1748 ἡ
316 1677 477 1760 κατηγορία,
491 1668 575 1738 (λθτοι
587 1677 635 1756 μὲν
649 1678 700 1763 γάρ
710 1679 769 1739 οὐδὲ
788 1703 844 1738 πα-

73 1769 230 1846 ρακαλοῦντι
241 1768 410 1840 ἐπείσθησαν,
426 1769 550 1829 ἀλλὰκαὶ
562 1772 693 1843 ἀντεῖπον,
704 1771 749 1830 καί
760 1776 844 1830 ταῦτα

71 1861 121 1937 οὐχ
135 1858 224 1932 άπαξ,
239 1864 268 1920 οὐ
282 1860 337 1930 δὶς,
348 1864 377 1920 οὐ
392 1861 468 1942 τρίς,
486 1861 554 1921 ἀλλὰ
569 1861 614 1921 καὶ
633 1860 676 1923 διδ
687 1865 785 1930 παντὸς
798 1870 844 1923 τοῦ

71 1950 167 2027 χρόνου
181 1957 263 2010 ταῦτα
275 1960 398 2012 ποιοῦντα
410 1958 536 2032 δρῶντες·
553 1953 636 2035 ἕτεροι
649 1954 676 2016 δέ
690 1959 714 2015 οἱ
725 1955 844 2034 μηδέπο-

71 2064 101 2098 τε
129 2045 207 2102 αὐτὸν
226 2044 368 2122 ἐγνωκότες
391 2045 505 2125 ἴσχυσαν
534 2048 612 2106 αὖτθν
637 2048 843 2108 ἐπισπάσασθαι.

896 750 951 810 sola
967 750 1016 809 Dei
1040 748 1126 829 qratia
1144 770 1209 826 esse,
1228 749 1275 810 sed
1298 749 1378 809 etiam
1399 771 1434 808 ex
1456 749 1640 815 accedentianh

895 842 1032 901 voluntate
1037 865 1046 917 ;
1061 855 1090 900 ut
1103 841 1184 900 etiam
1205 841 1316 901 illorum
1338 841 1440 922 lapsus,
1453 863 1489 909 ca
1502 841 1644 903 nonohse⁴

896 934 1037 1012 quentium
1061 935 1237 1009 contentione,
1259 933 1323 994 audi
1347 934 1415 1013 qnid
1441 928 1552 1023 adjiciat
1565 959 1574 994 ε
1588 937 1644 997 Aa
1716 940 1718 950 '

896 1027 1038 1086 lsraelem
1048 1047 1121 1085 uero
1135 1027 1229 1088 dicit:
1248 1028 1322 1086 Tota
1337 1028 1385 1084 die
1398 1028 1644 1106 expendimeirtta

898 1139 978 1178 meas
989 1121 1031 1178 ad
1041 1118 1180 1200 populum
1194 1138 1254 1179 uon
1269 1120 1433 1178 credentem
1445 1132 1473 1178 et
1494 1118 1644 1181 comdi-

897 1222 1010 1269 contem
1016 1234 1028 1279 ,·
1049 1209 1122 1269 diem
1134 1209 1179 1269 hic
1204 1223 1292 1269 totum
1306 1208 1473 1290 praeteritum
1485 1223 1592 1291 tempus
1601 1210 1645 1271 di·

898 1320 973 1377 ecns;
984 1300 1137 1381 expandere
1154 1321 1250 1361 manus
1272 1314 1374 1374 autem,
1392 1321 1497 1377 uocare,
1510 1301 1646 1363 attrahere

898 1405 923 1450 et
937 1392 1073 1452 exhortari
1097 1391 1239 1472 signifieat.
1267 1391 1381 1468 Deinde,
1403 1391 1547 1455 ostendens
1556 1406 1647 1454 totum

899 1485 1000 1544 crimen
1026 1505 1119 1544 eorum
1139 1505 1204 1561 ease,
1217 1484 1265 1562 nit,
1280 1483 1336 1544 Aa
1345 1484 1485 1567 ροριιέιιπι
1494 1518 1497 1523 ·
1507 1504 1567 1545 ποτε
1580 1505 1646 1545 cre

899 1577 1014 1634 dentem
1025 1589 1053 1638 et
1067 1577 1324 1639 contradicentem.

939 1672 966 1728 5.
984 1669 1087 1731 Viden’
1107 1683 1206 1748 quanta
1222 1670 1256 1729 sit
1267 1669 1420 1730 accusatio?
1434 1668 1470 1729 lli
1489 1668 1647 1748 nequidem

899 1762 1005 1821 vocanti
1019 1763 1161 1841 obsequuti
1172 1775 1251 1839 εστι,
1262 1761 1309 1820 sed
1319 1775 1345 1820 et
1354 1760 1584 1833 contradixerunt,
1593 1780 1646 1820 non

897 1853 991 1928 semel,
1003 1875 1057 1913 non
1069 1854 1124 1930 bis,
1140 1874 1194 1912 non
1211 1868 1261 1928 ter,
1281 1853 1329 1911 sed
1354 1852 1427 1911 omni
1440 1865 1568 1933 tempore,
1578 1851 1645 1911 dum
1711 1900 1717 1909 .

897 1945 954 2005 haec
969 1945 1110 2005 facientem
1124 1942 1247 2005 viderent
1259 1943 1324 2003 :alii
1336 1965 1411 2023 vero,
1433 1945 1480 2023 qui
1496 1941 1643 2024 numquam

897 2037 987 2117 ipsum
1009 2051 1151 2109 noverant,
1165 2050 1311 2117 potuerunt
1327 2037 1417 2120 ipsum
1430 2036 1574 2097 attrahere.
1588 2035 1645 2096 Sed

72 2132 142 2191 Ἀλλ’
155 2138 184 2193 οὐ
194 2136 280 2214 λέγει,
291 2134 332 2195 ότι
342 2137 417 2195 αὐτοὶ
427 2141 540 2217 ἴσχυσαν
550 2139 625 2197 αὐτδν
637 2138 844 2216 ἐπισπάσασθαι,
862 2140 880 2186 Ε
898 2149 950 2187 ¹1⁰ss
971 2129 1050 2202 dicii,
1073 2128 1146 2207 quod
1163 2129 1214 2209 lpsl
1229 2128 1365 2209 potuerint
1384 2130 1473 2187 Deum
1493 2128 1645 2203 ”trahem

71 2225 143 2283 ἀλλὰ
154 2232 285 2308 καθαιρῶν
301 2228 346 2287 καί
361 2232 414 2287 τῶν
429 2228 455 2297 ἐξ
474 2231 553 2288 ἐθνῶν
568 2230 601 2290 rh
616 2231 787 2311 φρονήματα,
800 2230 845 2288 καλ

72 2317 176 2386 δεικνθς
189 2318 237 2391 τὴν
251 2323 329 2380 αὐτοῦ
342 2322 421 2401 χάριν
436 2321 466 2381 τδ
482 2330 533 2380 πᾶν
555 2320 737 2402 ἐργασαμένην
757 2322 846 2403 φησὶν,

71 2408 117 2467 ὅτι
136 2409 207 2487 Ἐγὼ
221 2411 339 2492 ἐμφανὴς
350 2412 488 2490 ἐγενόμην,
503 2413 548 2472 καί
559 2412 631 2491 Ἐγὼ
646 2413 761 2493 εθρέθην.
774 2413 846 2471 Οὐκ-

72 2505 119 2560 οῦν
133 2501 203 2560 κενοί
214 2502 321 2562 πάντων
337 2505 446 2575 ἐκεῖνοι,
464 2504 556 2584 φησίνς
569 2506 717 2583 Οὐδαμῶς,
731 2504 800 2564 ἀλλὰ
813 2505 847 2563 ad

73 2593 213 2671 εὑρεθέντα
227 2593 318 2652 λαθεῖν
341 2595 386 2653 καί
410 2596 443 2655 ed
462 2596 575 2675 φανέντα
596 2599 756 2678 ἐπιγνῶναι,
771 2601 848 2657 τοῦτο

71 2688 139 2765 παρ’
151 2688 251 2744 ἑαυτῶν
264 2685 429 2765 εἰσήνεγκαν.
448 2678 516 2746 Εἶτα
526 2686 568 2746 ἵνα
584 2687 621 2766 μὴ
634 2689 746 2768 λέγωσιν
756 2679 846 2762 οὗτοι,

72 2776 120 2835 διὰ
141 2774 169 2834 τί
190 2768 233 2836 οὖν
249 2777 294 2836 καὶ
308 2782 372 2855 ἡμῖν
395 2779 512 2858 ἐμφανὴς
531 2783 578 2839 οὐκ
600 2780 702 2859 ἐγένου,
719 2781 749 2839 τὸ
768 2779 847 2839 πλέον

71 2866 165 2926 τούτου
180 2867 291 2943 τίθησιν,
306 2869 347 2928 ότι
356 2871 385 2929 οὐ
399 2869 476 2947 μόνον
488 2869 606 2948 ἐμφανὴς
626 2871 762 2950 ἐγενόμην,
778 2869 848 2931 άλλδ

71 2958 120 3017 καλ
135 2959 282 3040 παρέμεινα
294 2961 342 3027 τὰς
352 2969 444 3042 χεῖρας
459 2962 638 3030 άνοιιτεταννθς
662 2962 707 3022 καί
724 2985 848 3043 παρακα·

898 2223 945 2282 sod
961 2244 1066 2301 eorum,
1080 2222 1127 2301 qui
1152 2242 1187 2282 ex
1209 2222 1334 2301 gentihus
1356 2234 1443 2299 erant,
1464 2222 1565 2281 fastum
1578 2221 1647 2303 deji-

899 2315 981 2393 ciens,
993 2327 1019 2374 et
1030 2313 1170 2376 ostendens
1184 2312 1299 2392 gratiam
1313 2312 1398 2393 ipsius
1412 2326 1495 2371 totam
1510 2319 1647 2392 operatam

900 2427 965 2485 esse,
979 2406 1017 2466 ait
1028 2430 1034 2464 ι
1047 2409 1112 2487 Ego
1129 2409 1304 2486 conspicuus
1316 2407 1422 2486 sactus
1436 2424 1512 2478 sum,
1529 2417 1566 2484 et,
1582 2407 1649 2485 Ego

901 2503 1036 2557 inventus
1049 2517 1123 2558 sum.
1138 2496 1213 2577 Ergo
1231 2496 1285 2573 illi,
1303 2495 1421 2574 inquies,
1435 2496 1545 2556 omnino
1567 2517 1637 2558 vaeu

902 2591 983 2649 sunt?
992 2590 1121 2650 Minime:
1134 2610 1196 2649 nam
1207 2589 1278 2668 quod
1294 2611 1325 2648 ea
1337 2610 1396 2667 quae
1410 2589 1518 2651 inventa
1531 2601 1594 2649 sunt
1605 2609 1650 2648 ac·

904 2682 1033 2764 ceperint,
1050 2695 1076 2741 et
1085 2704 1145 2761 quae
1155 2695 1339 2763 apparuerunt
1358 2681 1531 2761 agnoverint,
1551 2681 1603 2740 hoc
1615 2700 1651 2741 ex

904 2796 931 2834 se
951 2774 1108 2834 attulerunt.
1126 2773 1229 2834 Deinde
1249 2794 1282 2832 nc
1304 2773 1333 2832 hi
1355 2772 1486 2851 dicerent,
1509 2773 1565 2832 Gur
1586 2792 1651 2852 crgo

905 2888 956 2926 non
981 2866 1058 2926 nohis
1068 2866 1230 2947 conspicuus
1243 2866 1329 2925 factus
1343 2865 1392 2924 es?
1404 2864 1478 2944 quod
1496 2866 1584 2948 majus
1600 2865 1652 2925 illo

904 2970 943 3017 cst
955 2957 1032 3038 ponit
1042 2980 1049 3013 ι
1058 2958 1119 3016 Non
1135 2955 1216 3016 modo
1235 2956 1396 3037 conspicuus
1415 2957 1502 3016 factus
1515 2977 1588 3035 snm,
1601 2955 1649 3017 sed

71 3054 137 3121 λῶν,
152 3052 251 3131 πατρὸς
270 3052 442 3134 φιλοστόργου
456 3052 501 3111 καλ
518 3054 617 3131 μητρθς
633 3051 786 3136 φιλόπαιδος
800 3078 847 3128 κη.
858 3099 894 3140 ,3,
904 3047 985 3107 etiam
1005 3048 1172 3129 perseveravi
1188 3068 1284 3106 manus
1297 3045 1442 3106 extendens
1456 3060 1482 3107 et
1493 3047 1649 3122 exhortans,

72 3143 197 3220 deponitur
211 3142 430 3222 έπιδεικνυμένος.
446 3143 520 3224 Ὅρα
542 3148 598 3213 πῶς
614 3146 780 3226 σαφεστάτην
794 3150 847 3208 τῶν
866 3152 885 3198 Α
904 3139 1008 3224 linterni
1018 3138 1118 3198 amoris
1132 3152 1158 3198 et
1168 3151 1294 3198 maternae
1308 3138 1462 3199 dilectionis
1471 3159 1563 3199 curam
1573 3137 1652 3199 exhi·
1752 3166 1756 3171 ¹

71 3234 223 3317 ἔμπροσθεν
238 3233 452 3314 διαπορηθέντων
467 3236 592 3296 ἁπάντων
611 3236 660 3310 τὴν
682 3236 758 3297 λθσιν
779 3236 848 3309 ἐπέρ·

71 3350 155 3406 γαγε,
169 3326 253 3396 δείξας
265 3333 311 3400 τῆς
321 3327 434 3407 γνώμης
440 3331 525 3387 αὐτῶν
537 3329 585 3401 τλν
596 3328 731 3389 ἀπώλειαν
741 3330 848 3409 γενομέ-

72 3442 133 3491 νην,
152 3419 197 3477 καί
216 3423 251 3487 ὡς
272 3420 399 3478 πάντοθεν
420 3419 520 3488 ἀνάξιοι
536 3421 693 3501 συγγνώμης
710 3423 769 3481 εἶσί.
795 3422 849 3484 Καί

72 3509 127 3588 γάρ
139 3509 184 3569 καλ
198 3509 356 3576 ἀκούσαντες
369 3511 414 3569 καλ
428 3511 568 3583 νοήσαντες
583 3512 617 3572 τθ
629 3513 776 3592 λεγόμενα,
791 3515 849 3574 οὐδὲ

72 3601 158 3668 οὕτως
172 3601 352 3673 ἐόουλήθησαν
367 3606 530 3684 προσελθεῖν.
548 3603 602 3663 Καὶ
623 3605 654 3665 τὸ
675 3604 742 3664 πολὺ
755 3606 848 3682 πλέον,

72 3692 117 3751 ότι
128 3695 157 3752 οὐ
169 3693 246 3769 μόνον
261 3696 372 3753 α’κοῦσαι
386 3693 477 3762 αὐτοὺς
489 3702 572 3755 ταῦτα
581 3696 713 3770 ἐποίησεν,
725 3697 783 3758 οὐδὲ
799 3698 847 3776 μό-

73 3808 119 3842 νον
141 3790 247 3857 νοῆσοιι,
269 3785 336 3843 ἀλλὰ
351 3786 396 3844 καὶ
409 3788 424 3847 θ
437 3787 543 3865 μείζονα
557 3787 633 3867 impin
655 3787 711 3868 ἐχει
730 3790 795 3870 πρὸς
819 3790 850 3849 τδ

73 3878 219 3958 διεγεῖραι,
238 3876 283 3935 καλ
299 3881 506 3956 φιλονεικοῦντας
526 3880 572 3938 καί
594 3881 777 3960 ἀντιλέγοντας
792 3884 849 3941 ἐπι·

75 3969 247 4043 σπάσασθαι,
271 3971 415 4031 καὶτοῦτο
435 3972 592 4051 προσέθηκε.
612 3974 693 4032 Ποῖον
710 3973 742 4045 δὴ
757 3983 850 4049 τοῦτος

74 4064 118 4121 Τὸ
138 4063 302 4143 παρακνίσαι
322 4063 415 4132 αὐτοὺς
433 4066 479 4124 καλ
495 4067 697 4146 παραζηλῶσαι.
712 4063 784 4127 'lose
798 4067 850 4150 γδιρ

74 4160 124 4213 τοῦ
138 4156 235 4221 πάθους
257 4154 304 4227 τὴν
325 4158 478 4235 τυραννίδα,
493 4157 538 4216 καί
549 4157 614 4230 όοην
631 4157 686 4237 ἔχει
703 4158 751 4231 rhu
775 4159 849 4240 λσρθν

74 4253 124 4319 τῆς
147 4246 335 4320 ζηλοτυπίαςη
352 4249 426 4329 φόσις
445 4250 510 4331 πρὸς
533 4251 564 4309 τδ
586 4253 663 4310 λῦσαι
688 4251 850 4330 φιλονεικίαν

904 3235 979 3295 bens.
991 3229 1072 3296 Vide
1085 3256 1166 3314 qnam
1187 3234 1288 3294 claram
1311 3234 1506 3295 difficultatum
1528 3236 1652 3296 omnium

904 3327 1027 3409 priorum
1040 3328 1200 3388 solutionem
1214 3327 1352 3402 attulerit,
1375 3327 1515 3388 ostendens
1531 3349 1566 3388 ex
1585 3328 1651 3388 illo-

905 3416 966 3479 runi
978 3421 1116 3481 voluntate
1126 3420 1272 3501 perniciem
1286 3420 1353 3500 ipsis
1365 3418 1515 3499 advenisse,
1527 3430 1553 3480 et
1564 3421 1653 3481 omni·

905 3513 1025 3574 novenia
1034 3512 1233 3592 indiguosesse.
1244 3511 1353 3571 Etenim
1366 3511 1467 3572 auditis
1476 3512 1558 3572 etiam
1568 3527 1595 3573 et
1609 3515 1656 3573 in:

905 3604 1017 3664 tellectis
1030 3605 1064 3664 iis
1073 3596 1132 3684 quae
1145 3604 1218 3664 dieta
1232 3616 1305 3677 sunt,
1319 3623 1404 3682 neque
1418 3603 1457 3663 sic
1467 3603 1595 3664 accedere
1606 3626 1653 3665 vo·

904 3697 1023 3756 luerunt.
1036 3697 1072 3756 Et
1081 3695 1155 3775 qnod
1169 3696 1256 3755 multo
1276 3696 1364 3775 majus
1379 3709 1429 3771 cst,
1441 3716 1493 3756 non
1507 3695 1591 3755 modo
1603 3717 1651 3755 cu·

905 3790 984 3864 ravit,
997 3804 1027 3849 ut
1041 3790 1088 3849 illa
1109 3789 1235 3848 audirent
1254 3802 1280 3846 et
1294 3787 1492 3868 intelligerent,
1507 3787 1555 3848 sed
1569 3788 1651 3848 etiam

904 3881 932 3940 id
957 3880 1066 3960 adjecit,
1088 3879 1163 3959 qnod
1187 3878 1274 3957 magis
1297 3891 1403 3959 poterat
1425 3879 1603 3938 contentiosos
1625 3893 1651 3939 et

904 3970 1114 4031 contradicentes
1146 3970 1287 4030 attrahere.
1315 3968 1461 4041 Quodnam
1488 3969 1560 4030 illud
1588 3971 1651 4030 est?

905 4061 988 4137 Quod
1012 4082 1057 4121 eos
1082 4073 1213 4142 pungeret
1237 4072 1263 4118 et
1287 4058 1324 4118 ad
1352 4060 1551 4119 emulationem
1584 4080 1651 4142 pro-

905 4168 1021 4216 vocaret.
1043 4153 1137 4214 Nostis
1159 4153 1232 4211 enim
1257 4151 1339 4232 hujus
1366 4152 1652 4235 passionistyranni-

904 4247 976 4325 dcm,
989 4260 1015 4307 ct
1028 4259 1157 4325 quantam
1171 4244 1227 4306 vim
1241 4244 1339 4303 habeat
1361 4245 1540 4306 aemulationis
1555 4261 1651 4308 natura

76 4341 193 4413 ἅπασαν,
208 4340 253 4399 καί
273 4341 333 4408 τοὺς
357 4342 580 4409 ἀναπετττωκότας
600 4344 782 4414 διαναστῆσαι.
798 4345 852 4404 Καί
869 4359 887 4405 n
905 4341 941 4401 ad
953 4340 1147 4401 contentionem
1171 4359 1276 4398 omnem
1296 4337 1452 4398 solvendam
1466 4352 1494 4399 et⁴
1505 4339 1542 4400 ad
1561 4340 1651 4423 lapsos

76 4431 104 4490 τί
119 4433 157 4490 δεῖ
170 4431 256 4510 λέγειν
270 4436 311 4492 ἐπ’
328 4432 473 4515 ἀνθρώπων
491 4441 584 4507 τοῦτο,
605 4435 670 4495 δπου
689 4459 718 4516 γε
741 4436 786 4494 καλ
808 4437 851 4496 ἐπὶ

78 4522 182 4603 ἀλόγων
193 4525 238 4584 καὶ
258 4524 301 4584 ἐπὶ
317 4530 364 4597 τῆς
377 4526 483 4597 ἡλικίας
503 4532 550 4598 τῆς
566 4527 652 4606 ἀώρου
666 4532 719 4587 τῶν
738 4529 851 4588 παιδίων

77 4614 180 4687 πολλὴν
191 4614 238 4686 τλν
251 4616 359 4695 δύναμιν
381 4617 576 4691 ἐπιδείκνυται;
599 4620 653 4678 Kal
676 4621 727 4703 γάρ
747 4621 850 4680 παιδίον

77 4706 207 4774 πολλάκις
218 4708 454 4789 παρακαλούμενον
464 4708 511 4786 μὲν
524 4713 571 4770 οὐκ
579 4700 632 4778 εἶξε
642 4713 680 4792 τῷ
690 4712 783 4791 πατρί,
793 4714 850 4771 ἀλλ’

77 4799 167 4876 ἔμεινε
180 4801 357 4877 φιλονεικοῢν·
373 4800 461 4879 ἑτέρου
477 4800 504 4861 δέ
519 4803 722 4882 θεραπευθέντος
736 4804 854 4880 παιδίου,

79 4890 125 4948 κοιλ
140 4889 177 4968 μὴ
191 4890 352 4969 καλούμενον
367 4894 499 4962 ἐπανῆλθε
513 4894 577 4974 πρδς
597 4893 657 4963 τοὺς
670 4895 782 4963 κόλπους
794 4895 853 4965 τοὺς

80 4981 237 5061 πατρικοὺς,
263 4983 307 5041 καὶ
336 4985 401 5063 ὅπερ
426 4986 473 5042 οὐκ
497 4984 602 5064 ἴσχυσεν
629 4990 646 5055 ἡ
673 4986 850 5067 παράκλησις,

80 5078 158 5131 τοῦτο
180 5075 330 5146 ἐποίησενή
344 5074 540 5154 παραζήλωσις.
562 5079 648 5136 Τοῦτο
665 5076 751 5137 τοίνυν
774 5079 819 5137 καλ
840 5084 854 5139 ὁ

81 5165 150 5233 (θεὸς
166 5167 298 5237 ἐποίησεν.
322 5169 362 5227 Οὐ
384 5167 435 5250 γάρ
458 5170 622 5247 παρεκάλεσε
644 5171 733 5248 μόνον,
749 5172 794 5230 καὶ
808 5173 855 5241 al<

82 5266 174 5339 χεῖρας
195 5258 358 5333 ἐξεπέτασεν,
379 5261 447 5319 ἀλλὰ
472 5260 566 5320 καὶτὸ
589 5267 636 5334 τῆς
654 5263 812 5337 ζηλοτυπίας
828 5267 854 5324 ἐν

905 4431 1054 4513 erigendos.
1061 4429 1168 4511 Ecquid
1177 4432 1229 4491 hoc
1237 4430 1273 4490 de
1281 4431 1437 4491 hominihus
1446 4430 1652 4512 dicatur,quan··

906 4527 942 4585 do
963 4539 989 4585 et
1006 4525 1033 4584 in
1047 4524 1136 4585 brutis
1158 4538 1184 4583 ct
1204 4523 1232 4582 in
1255 4523 1360 4582 tenellis
1375 4524 1523 4585 infantibus
1536 4525 1650 4585 multam

905 4619 964 4678 vim
978 4618 1107 4678 exhibet?
1117 4616 1227 4676 Etenim
1239 4616 1345 4697 puellus
1359 4637 1430 4698 saepe
1440 4617 1559 4676 hortanti
1580 4618 1651 4698 patri

906 4733 958 4771 non
969 4711 1058 4786 cessit,
1064 4709 1113 4792 sed
1120 4709 1301 4769 contentiosus
1313 4708 1422 4784 mansit3
1434 4730 1496 4768 cnm
1508 4721 1598 4768 autem
1609 4708 1651 4769 vi·

905 4804 1045 4865 dotalium
1063 4802 1207 4884 puerulum
1228 4802 1329 4875 curari,
1350 4815 1414 4860 tunc
1427 4822 1475 4861 nec
1487 4815 1599 4863 vocatus
1615 4801 1651 4862 ad

905 4910 1046 4977 paternum
1060 4896 1149 4955 sinum
1165 4893 1253 4968 venit,
1268 4906 1294 4951 et
1313 4891 1387 4970 quod
1397 4912 1496 4952 vocans
1507 4906 1584 4973 pater
1596 4913 1652 4954 non

906 4988 1004 5068 poterit,
1017 4986 1045 5046 id
1056 4987 1191 5045 aemulatio
1207 4985 1279 5067 lacit.
1291 4984 1348 5042 Hoc
1361 4983 1444 5063 igitur
1458 4986 1531 5044 Deus
1544 5007 1651 5064 quoquc

906 5080 980 5140 lecit.
991 5082 1086 5157 Neque
1099 5078 1171 5137 enim
1185 5076 1273 5136 solum
1287 5075 1443 5154 advocavit,
1459 5089 1484 5135 ct
1496 5097 1591 5137 manus
1602 5097 1650 5138 ex·

908 5171 1003 5247 tendit,
1023 5170 1071 5230 sed
1096 5170 1178 5230 etiarn
1196 5167 1374 5227 emulationis
1400 5167 1428 5226 in
1452 5167 1506 5228 illis
1523 5169 1651 5230 allectum

909 5264 1006 5342 movit,
1031 5263 1109 5340 longe
1135 5260 1275 5320 inferiores
1297 5259 1422 5339 ipsis(id
1443 5259 1515 5338 quod
1534 5262 1654 5323 maxime

85 5351 172 5415 αὐτοῖς
189 5349 304 5431 διήγειρε
325 5350 422 5428 πάθος,
444 5351 502 5419 τοὺς
523 5354 615 5433 πολλῷ
638 5355 857 5436 καταδεεστέρως
873 5368 892 5419 c
910 5353 1107 5437 aemulationem
1132 5357 1237 5428 mouet)
1252 5349 1434 5428 introducens,
1461 5373 1512 5412 non
1534 5353 1562 5413 in
1583 5352 1656 5415 bona
