3728 5978
234 389 306 463 532
581 415 611 462 S.
638 414 778 464 JOANMS
797 414 980 466 CHRYSOST.
1009 415 1166 467 tuentur.
1194 416 1465 469 consulumue.
1561 402 1569 421 ⁴

234 538 288 600 boo
302 551 351 617 etl,
364 551 475 621 propter
488 539 732 600 mortificationem.
745 542 806 602 Nou
820 541 893 602 enim
906 541 977 602 ultra
1030 543 1118 623 ὑγείας
1131 543 1205 612 ἐλπίς
1219 535 1261 620 ἦν,
1288 547 1347 605 ἀλλ’
1373 545 1465 627 ὥσπερ
1486 549 1567 624 σῶμα
1591 547 1744 628 παραλνθδν
1762 555 1807 621 τῆς

235 652 296 712 spes
306 631 426 692 sanitatis
439 644 516 709 erat;
531 632 578 692 scd
594 633 673 712 quasi
685 653 784 715 corpus
798 634 978 716 paralyticum
995 644 1013 691 Β
1030 634 1128 695 άνωθιν
1140 637 1224 696 ἐδεῖτο
1241 637 1348 718 χειρός·
1374 637 1444 698 οῦτοι
1459 637 1505 697 καί
1517 642 1535 710 ἡ
1547 637 1623 718 ψυχὴ
1638 645 1806 718 ναρινθιῑσα.

235 744 350 806 superna
364 723 459 803 egebat
478 745 580 784 manu:
599 725 640 785 sic
657 738 683 785 et
700 725 792 786 anima
806 726 975 786 mortificata.
1032 725 1129 787 Καίτδ
1142 726 1174 800 δὴ
1194 727 1392 809 χαλεπώτερον,
1414 728 1480 812 ὅπερ
1498 734 1524 789 ἐν
1540 729 1615 799 τάξει
1629 729 1684 800 θεὶς
1704 732 1806 806 αἰτίοις,

131 854 140 867 .
234 812 370 895 Quodque
379 815 489 896 grauius
502 830 553 894 est,
564 830 590 876 et
602 816 679 898 quod
692 816 720 877 in
734 838 815 878 causa
828 838 885 878 csse
900 817 978 895 dicit,
1032 817 1146 879 δείκνυσι
1162 822 1250 898 μεῖζον
1274 819 1302 880 δν
1328 820 1515 902 οἰοιτηγόρημα.
1536 821 1574 882 Τί
1596 822 1626 881 δὲ
1640 821 1720 882 ταῦτά
1739 826 1808 898 loru

235 902 364 990 majorem
379 908 574 969 accusationem
585 909 682 969 mereri
691 909 807 969 indicat.
819 909 896 986 Quid
908 909 979 970 illud
1031 911 1072 970 Τδ
1091 913 1119 971 ἓν
1140 934 1174 993 τη
1189 914 1272 992 ἀνοχῇ
1286 918 1333 972 τοῦ
1354 916 1425 974 Θεοῦ
1439 914 1488 985 τὴν
1502 914 1616 993 πάρεσιν
1637 918 1806 993 γεγενῆσθαι.

235 1001 294 1061 est?
307 1000 391 1076 Quod
402 1000 430 1061 in
446 1001 588 1062 tolerantia
601 1003 652 1062 Dei
665 1003 712 1062 illa
723 1003 844 1064 remissio
855 1005 923 1064 iacta
933 1003 978 1064 sit.
1031 1002 1102 1063 Οὐδὲ
1112 1002 1166 1086 γὰρ
1180 1003 1211 1062 διν
1220 1003 1309 1086 ἔχοιτε
1321 1008 1414 1080 εἰπεῖν,
1427 1005 1515 1085 φησίν,
1526 1004 1568 1064 ὅτι
1581 1009 1631 1066 οὐκ
1641 1006 1807 1067 laetabere

233 1094 327 1174 Neque
335 1094 409 1154 enim
419 1093 510 1154 dicere
525 1095 645 1177 potestis,
662 1095 760 1176 inquit,
773 1117 823 1158 vos
834 1116 888 1156 non
901 1096 978 1155 mul·
1032 1096 1131 1168 πολλῆς
1143 1097 1241 1176 ἀνοχῆς
1254 1096 1300 1155 καί
1320 1095 1509 1176 χρηστότητος.
1525 1097 1565 1156 Τὸ
1580 1098 1627 1171 δὲ,
1640 1096 1691 1157 Ἐν
1712 1103 1752 1179 τῷ
1765 1107 1806 1160 νῦν

233 1197 292 1245 tam
300 1184 472 1247 tolerantiam
480 1208 512 1246 ac
520 1187 716 1269 benignitatem
725 1201 817 1248 nactos
828 1209 895 1248 esse.
905 1186 979 1248 Illud
1032 1190 1133 1268 καιρῷ,
1148 1187 1196 1260 την
1208 1187 1310 1259 πολλὴν
1321 1188 1466 1257 δεικνύντος
1479 1190 1549 1248 ἐστίν
1559 1188 1685 1269 *ἀνοχὴν
1704 1190 1752 1250 καὶ
1769 1215 1809 1272 φι-

233 1289 344 1358 autem,
364 1282 401 1338 In
412 1285 551 1360 prasenti
563 1293 702 1361 tempore,
715 1282 781 1362 ejus
794 1295 844 1357 cst,
860 1280 909 1361 qui
922 1301 980 1341 ma·
1032 1279 1279 1362 lavdpeorrlou.⁰0·re
1290 1279 1344 1360 γδρ
1359 1279 1581 1360 άπεγνάσθημεν,
1596 1282 1674 1362 φησί,
1688 1282 1736 1342 καὶ
1747 1307 1807 1343 και-

233 1391 316 1450 gnam
327 1372 495 1432 tolerantiam
509 1387 534 1432 et
548 1373 745 1434 humanitatem
758 1374 893 1434 exhibuit.
909 1377 980 1435 Cum
1034 1370 1077 1452 ρθς
1087 1371 1243 1452 ἀποφάσεως
1253 1363 1296 1446 ἦν,
1310 1373 1356 1431 καί
1369 1372 1470 1447 ηὐξήθη
1486 1373 1520 1434 et
1530 1372 1617 1444 κακά,
1631 1375 1680 1434 καί
1693 1375 1810 1457 ίτιληράι-

233 1462 307 1522 mim
328 1463 356 1523 in
373 1463 587 1546 desperationem
609 1465 662 1525 acti
682 1487 808 1544 msemus,
828 1465 927 1546 inquit,
948 1487 980 1525 ac
1034 1468 1117 1536 θησαν
1132 1467 1159 1523 αἱ
1172 1462 1318 1544 ἁμαρτίαι,
1336 1465 1398 1525 τότε
1408 1465 1456 1538 την
1471 1470 1564 1526 ἑαυτοῦ
1579 1465 1694 1546 δύναμιν
1706 1469 1808 1528 ἐπιδεί-

234 1554 371 1616 sententiae
384 1569 490 1638 tempus
502 1555 617 1636 adesset,
629 1557 755 1636 malaque
764 1571 842 1616 aucta
854 1571 940 1617 essent
948 1578 981 1617 ae
996 1558 1015 1606 C
1034 1554 1112 1628 ξατο,
1132 1555 1176 1614 ίνα
1191 1555 1278 1635 μάθῃς
1290 1556 1360 1629 τόση
1382 1560 1445 1637 παρ’
1463 1561 1536 1638 αὐτῷ
1548 1561 1597 1629 τῆς
1609 1559 1780 1632 δικαιοσύνης
1792 1567 1807 1631 ἡ

234 1662 343 1730 peccata
358 1649 395 1710 ad
413 1651 553 1728 cumulum
567 1650 771 1714 ascendissent:
790 1665 855 1711 tunc
872 1652 981 1734 illepo-
1033 1645 1182 1727 περιουσία.
1200 1646 1334 1726 Οῦδὲγδρ
1348 1650 1375 1708 ἐν
1388 1650 1458 1728 ἀρχῇ
1479 1649 1618 1727 γενόμενον
1639 1657 1721 1711 τοῦτο
1744 1650 1809 1710 οὕτω

235 1754 359 1802 testatem
379 1764 456 1802 suam
478 1742 621 1816 exhibuit,
641 1758 672 1803 ut
687 1741 775 1804 discos
793 1758 892 1823 quanta
907 1744 982 1826 apud
1035 1739 1186 1818 θαυμαστὸν
1199 1738 1229 1797 δν
1243 1739 1326 1820 ἐφάνη
1340 1740 1385 1799 καὶ
1397 1740 1554 1823 παράδοξον,
1566 1745 1603 1810 o<
1612 1747 1671 1816 νῦν,
1684 1740 1745 1802 ’ὅτε
1755 1744 1809 1803 πύ-

234 1831 317 1892 illum
339 1834 375 1894 sit
388 1833 501 1914 justitia·
515 1836 601 1915 copia.
620 1837 714 1915 Neque
725 1836 799 1895 enim
814 1836 883 1897 illud
891 1883 901 1916 ,
915 1838 938 1897 si
953 1837 981 1897 in
1036 1852 1084 1905 σης
1097 1830 1215 1913 ίατριίιις
1229 1831 1375 1912 ἐξηλέγχθη
1385 1832 1489 1912 τρύπσς.
1501 1836 1560 1895 Ποῦ
1570 1825 1648 1908 οὖνὴ
1665 1835 1808 1917 καύχησις;

236 1924 372 2010 principio
393 1927 494 1986 factum
508 1927 613 2003 luisset,
627 1942 683 1987 tam
702 1927 802 1988 mirum
824 1950 856 1989 ac
873 1943 983 2011 stupen—
1034 1922 1222 1999 Ἐίεκλείοῦη,
1235 1923 1311 2004 φησί.
1338 1922 1391 1983 Διδι
1413 1925 1490 1985 ποίου
1510 1925 1611 2004 νόμους
1633 1931 1691 1985 τῶν
1712 1928 1807 2008 ippum

236 2018 304 2079 dum
317 2018 408 2079 νὶοιιιιι
418 2020 521 2100 diisset,
533 2035 563 2081 ut
572 2042 654 2099 nunc,
670 2043 732 2082 cum
743 2020 883 2082 medicinae
894 2024 982 2095 omnis
1035 2017 1121 2098 Οὐχί,
1136 2015 1206 2077 ἀλλὰ
1228 2014 1272 2075 διδ
1297 2014 1379 2094 νόμου
1393 2015 1515 2084 πίστεις.
1536 2016 1626 2085 Πιλύς
1644 2023 1659 2079 θ
1679 2018 1753 2096 ιἰγύιν
1773 2025 1808 2100 τῷ

235 2108 333 2171 modus
347 2125 488 2193 superatus
505 2126 554 2175 cst.
573 2116 621 2174 27.
641 2115 699 2173 Ubi
714 2118 805 2194 igitur
819 2116 980 2196 gloriatio?
1034 2109 1135 2190 Παύλῳ
1153 2108 1249 2183 δεῖξαι,
1271 2107 1313 2167 ὅτι
1325 2116 1448 2169 τοσοῦτον
1466 2114 1484 2182 ἡ
1508 2109 1598 2178 πύστις
1612 2111 1736 2192 ίσχοσεν,
1751 2111 1807 2171 ὅσον

238 2202 376 2264 Exclusa
389 2217 443 2283 est,
461 2203 558 2283 inquit.
576 2207 639 2265 Per
654 2227 745 2287 quam
759 2206 850 2287 legem
859 2209 981 2290 Psacto-
1033 2199 1093 2262 αθδί
1105 2201 1254 2282 ἐφαντάσθη
1268 2199 1332 2259 ποτὲ
1347 2204 1361 2259 δ
1376 2201 1464 2280 νόμος.
1478 2202 1588 2276 Ἐπειδὴ
1603 2202 1656 2284 γδρ
1672 2194 1757 2277 εἶπεν,
1770 2204 1807 2264 δτι

234 2296 400 2355 romanon
408 2319 421 2365 ,·
435 2296 489 2355 sed
493 2319 548 2377 per
558 2298 653 2380 legem
665 2298 747 2379 fidei.
763 2284 928 2381 Magnopere
940 2300 981 2359 la-
1034 2296 1131 2354 δικαιοῑ
1147 2298 1162 2353 δ
1178 2294 1246 2361 Θεδς
1265 2292 1311 2353 τὸν
1322 2293 1459 2373 ἄνθρωπον
1475 2295 1528 2354 ἀπὸ
1540 2298 1589 2365 τῆς
1600 2294 1738 2369 πίστεως,
1749 2299 1806 2355 ἐπι-

233 2385 314 2446 borat
329 2388 431 2448 Paulus
445 2401 475 2446 ut
489 2389 621 2468 ostendat,
633 2403 739 2449 tantum
756 2388 876 2451 valuisse
885 2390 980 2469 fidem,
1034 2386 1201 2464 >lapidasses
1217 2393 1264 2446 τοῦ
1275 2384 1356 2464 νόμου
1367 2388 1457 2446 πάλιν.
1471 2385 1526 2446 Καί
1544 2391 1574 2447 οῦ
1591 2387 1684 2466 λέγει,
1703 2392 1756 2448 τοῦ
1766 2380 1806 2448 οὗν

236 2491 370 2557 quantum
398 2478 443 2538 lex
469 2501 618 2559 numquam
642 2480 687 2540 vel
713 2479 863 2562 imaginari⁴
882 2482 981 2563 potuit.
1034 2478 1068 2538 τὰ
1080 2477 1275 2559 κατορθώματα
1288 2482 1341 2538 τῶν
1351 2477 1805 2561 Ἰοοδαίωνςποῦηδικοιοπραγία;

235 2569 384 2651 Postquam
394 2569 467 2630 enim
478 2570 560 2646 dixit,
575 2571 650 2652 qnod
661 2574 734 2633 Deus
747 2573 885 2633 hominu
895 2574 981 2655 justi-
997 2583 1017 2630 Ι)
1035 2569 1117 2645 ἀλλὰ,
1131 2572 1190 2631 Ποῦ
1202 2576 1219 2644 η
1232 2569 1379 2650 καύχησις;
1393 2575 1530 2652 πανταχοῦ
1543 2568 1644 2638 δεικνὺς
1655 2574 1805 2652 μεγαληγο-

117 2725 126 2736 ,
236 2659 299 2720 iicet
320 2661 515 2743 afidq'legem
532 2684 628 2723 rursus
643 2665 764 2724 assumit.
782 2667 877 2745 Neque
889 2666 981 2728 dieite
1035 2667 1143 2744 ροῦντας
1156 2661 1235 2742 μόνον
1250 2665 1287 2730 ὡς
1308 2660 1387 2721 πλέον
1405 2685 1432 2721 τι
1452 2666 1504 2720 τῶν
1518 2662 1606 2721 ἄλλων
1621 2662 1807 2743 ἱχοντας,καί

236 2752 296 2815 Ubi
308 2774 374 2835 ergo
388 2755 519 2835 preclara
529 2755 688 2816 ludaeorum
697 2757 798 2838 opera?
810 2756 858 2815 ubi
867 2757 982 2839 justitiae
1034 2755 1117 2834 μηδὲν
1131 2753 1358 2833 ἔπιδιιιινομάνους
1371 2752 1457 2834 ἔργον.
1477 2753 1531 2813 Καὶ
1546 2751 1637 2827 εἰπὼν,
1651 2756 1711 2815 Ποῦ
1735 2745 1805 2827 oiri

186 2836 195 2844 .
235 2848 480 2925 exercitionem,
493 2851 983 2931 Ubigloriatio?ubiqneostendens
1032 2846 1232 2929 καύχησιςγοῦκ
1256 2838 1338 2919 εἶπεν,
1363 2845 1495 2926 ἠφανίσθη
1519 2844 1564 2903 καὶ
1584 2844 1711 2906 ἀπώλετο
1718 2849 1807 2921 ,’άλλ’,

235 2941 367 3004 illossese
375 2944 519 3024 magnifice
526 2945 668 3026 jactantes,
682 2945 761 3024 quasi
774 2944 840 3025 quid
855 2946 917 3026 plus
930 2945 983 3007 hn-
1033 2939 1214 3012 Ἔίεκλείσθη,
1229 2940 1294 3022 ὅπερ
1306 2937 1430 3019 ἀκαιρίας
1445 2937 1545 3016 μᾶλλόν
1556 2941 1641 2998 ἐστιν·
1655 2939 1746 3000 alaier
1760 2940 1807 3020 γδρ

234 3032 331 3123 beraut
352 3056 435 3115 quam
452 3036 514 3112 alii3
532 3035 580 3096 sed
592 3037 701 3096 nullum
717 3058 786 3118 opus
800 3037 929 3118 prolerre.
946 3041 984 3098 dc
1034 3028 1090 3111 ύχιι
1113 3032 1213 3112 καιρόν.
1229 3029 1336 3113 Ὥσπερ
1362 3028 1414 3111 γλρ
1435 3034 1484 3101 τῆς
1506 3029 1617 3111 κρίσιος
1639 3031 1804 3104 ἐπιστάσης,

237 3145 302 3185 eum
314 3124 450 3185 dixisset:
467 3127 524 3187 Ubi
537 3147 605 3208 ergo
622 3128 784 3209 gloriatio?
801 3148 855 3186 non
872 3149 983 3210 respon·
1033 3122 1120 3183 οὗκίτι
1144 3124 1235 3204 καιρδν
1262 3123 1367 3205 ἔχουσιν
1396 3126 1421 3182 ol
1447 3127 1609 3202 μετανοῆσαι
1636 3124 1806 3203 βουλόμενοι·

237 3217 280 3279 dit
293 3243 301 3278 ι
315 3219 450 3279 abscessit
462 3233 487 3279 et
502 3220 584 3301 periit
589 3244 599 3298 ς
613 3220 671 3294 sed,
685 3222 819 3282 Exclusa
830 3235 874 3283 est
890 3221 983 3302 :quod
1034 3214 1102 3274 oleo
1117 3215 1162 3275 καὶ
1183 3222 1230 3288 τῆς
1255 3215 1411 3296 ἀποφάσεως
1433 3214 1612 3294 ἐξενεχθείσης
1633 3216 1742 3287 λοιπὸν,
1765 3217 1806 3275 καί

238 3326 315 3373 extra
326 3327 433 3395 tempus
448 3335 529 3373 suum
541 3335 597 3374 esse
617 3313 740 3390 denotat;
752 3335 805 3374 non
823 3315 895 3374 ultra
910 3316 983 3378 enim
1034 3307 1140 3367 τύντονν
1159 3307 1308 3385 μτλλύντονν
1329 3307 1512 3379 ύτολλνούοῑν
1527 3307 1573 3366 μού
1592 3309 1805 3390 παραγενομένου

238 3417 345 3486 tempus
354 3406 413 3486 ejus
423 3418 472 3466 est.
487 3408 527 3466 Ut
544 3405 616 3466 enim
633 3404 794 3466 adveniente
812 3406 914 3486 judicio
930 3393 983 3467 non
999 3410 1019 3458 F-
1034 3405 1080 3459 τοῦ
1090 3403 1174 3458 τοῦτο
1186 3399 1278 3479 χύριτι
1291 3398 1395 3466 λύοντος
1412 3397 1446 3458 τύ
1460 3398 1552 3471 δεινὰν
1568 3399 1656 3460 οὖνέτι
1669 3401 1764 3479 λοιμον
1774 3392 1807 3459 τί·

239 3494 310 3557 oltra
329 3509 437 3578 tempus
457 3496 559 3556 babent
580 3496 617 3572 ii,
637 3498 684 3587 qui
704 3498 889 3579 poenitentiam
908 3520 985 3580 agere
1035 3514 1083 3573 χον
1095 3493 1188 3551 ἐκεῖνοι
1198 3490 1378 3570 προὸαλίσθαι
1391 3490 1440 3562 τὴν
1452 3489 1504 3550 ἀπὸ
1514 3496 1559 3550 τοῦ
1569 3491 1651 3569 νόμω
1661 3493 1807 3572 διόρθωσιν.

237 3587 339 3649 vellem
353 3615 362 3649 t
376 3588 416 3648 sie
427 3590 555 3649 sententia
570 3591 680 3649 demum
692 3591 807 3671 prolata,
818 3613 880 3651 cum
894 3614 985 3652 omnes
1035 3586 1070 3645 El
1080 3581 1408 3665 γύρὲχρῆνίσχνμίζτσθοι
1418 3583 1533 3658 τούτοις,
1542 3583 1594 3663 τρο
1604 3587 1653 3655 τῆς
1663 3584 1808 3666 πσραισίιις

238 3679 354 3761 perituri
373 3694 468 3757 essent,
484 3680 584 3760 illeque
598 3680 759 3758 advenisset,
779 3683 826 3762 qui
846 3683 916 3743 mala
936 3684 984 3744 illa
1036 3680 1135 3757 ἓχρῆν*
1155 3675 1273 3743 ἒλύύντος
1295 3675 1322 3736 δὲ
1336 3682 1381 3735 τοῦ
1398 3675 1441 3735 δύο
1455 3681 1502 3748 τῆς
1528 3674 1641 3743 πίστεως
1660 3675 1807 3751 σύνζοντος,

238 3793 289 3853 per
310 3773 428 3853 gratiam
451 3773 606 3834 sublaturus
625 3789 697 3852 erat;
718 3797 772 3836 non
786 3777 857 3838 ultra
878 3784 985 3860 tempus
1036 3767 1152 3849 ύνηίρητο
1164 3767 1339 3827 λοιττονύτῶν
1351 3766 1459 3848 σἰγιύνιον
1471 3765 1626 3847 saepia-d<
1646 3765 1700 3848 td?
1721 3771 1809 3840 ἕληλο·

238 3863 392 3927 laabuerunt
407 3865 461 3945 illi,
485 3880 515 3926 ut
532 3867 745 3927 emendationem
765 3891 800 3929 ex
814 3869 873 3950 lege
884 3871 984 3930 iacien-
1036 3859 1140 3939 γμὲνονν
1158 3860 1293 3931 ἇττύντονν,
1308 3858 1423 3939 ούτοντῇ
1439 3858 1532 3940 χάριτι
1543 3857 1630 3927 ούίτι·
1646 3859 1697 3919 Διὸ
1710 3860 1756 3919 κτλ
1767 3868 1808 3921 νῦν

238 3957 304 4021 dam
316 3961 501 4022 obtenderent.
513 3962 543 4024 si
556 3962 629 4023 enim
641 3964 804 4045 oportuisset
816 3966 861 4025 his
872 3987 900 4026 se
915 3988 984 4027 con·
1037 3944 1127 4025 θλθτνν
1141 3951 1185 4011 ἵνα
1197 3950 1234 4029 μὴ
1255 3951 1380 4030 λέγων·
1397 3956 1423 4012 3*
1440 3954 1510 4032 ‘llil
1528 3950 1761 4031 supertiam,
1771 3952 1810 4011 ὅτ*

238 4053 359 4133 firmare,
372 4053 401 4113 id
415 4067 476 4114 ante
496 4053 645 4115 adrentum
659 4055 718 4136 ejus
731 4057 833 4117 iactum
845 4059 963 4140 oportuit
977 4082 984 4115 ι
1037 4043 1146 4104 δννοτον
1168 4035 1200 4116 ἦν
1223 4041 1267 4103 δύο
1290 4043 1371 4122 νόμον
1385 4048 1519 4115 σονθῆνοοι
1541 4042 1586 4102 ml
1601 4043 1693 4112 ττύνοτς
1707 4044 1810 4111 οἰκείοις

238 4145 362 4206 veniente
373 4159 464 4205 autem
478 4145 536 4222 illo,
554 4148 601 4226 qui
616 4169 664 4228 per
678 4146 760 4207 fidem
778 4164 875 4229 servat,
895 4151 986 4211 subla·
1037 4134 1288 4218 νοούνοοτομθύνμοοῑ·
1299 4136 1408 4208 Τούτην
1421 4126 1465 4195 ούν
1476 4135 1653 4212 ἕτοοτομίίονν
1664 4139 1752 4196 οὔτῶν
1763 4137 1810 4209 rip

239 4252 299 4299 tum
328 4238 438 4300 tandem
461 4244 518 4300 crat
541 4241 718 4301 tutaminum
737 4256 843 4325 tempus
864 4268 871 4301 ι
894 4227 1238 4327 ιιιροιοηωοῖνοῑοίοντῖονι
1250 4226 1337 4306 ὲ’μονντ
1350 4228 1444 4310 χρόνον
1457 4226 1550 4301 τολὺν,
1564 4226 1634 4287 ‘im
1647 4227 1811 4305 μῑτύτοδνύ

239 4331 312 4392 enim
328 4333 472 4392 confutatis
485 4334 620 4410 emollius,
631 4334 670 4394 sic
680 4357 729 4415 per
739 4336 855 4417 gratiam
871 4339 986 4398 salntem
1003 4336 1023 4383 Α
1037 4320 1143 4381 πάντων
1154 4322 1309 4400 ἐλεγχθῆναι
1319 4325 1408 4401 σαφῶς
1419 4324 1465 4380 οὐκ
1475 4324 1619 4401 ἀρκοῦντας
1630 4322 1745 4396 ἑαυτοῖς,
1754 4320 1812 4381 τότε

238 4423 294 4484 dat.
309 4423 481 4506 Quapropter
495 4446 567 4485 nunc
577 4425 717 4502 illevenit,
727 4441 758 4486 ut
772 4448 805 4488 ne
813 4427 943 4507 dicerent,
954 4431 985 4491 Si
1038 4418 1122 4475 σῶοον
1132 4412 1176 4474 δύο
1189 4416 1236 4484 τῆς
1250 4416 1328 4473 αὐτοῦ
1338 4413 1455 4495 χάριτος.
1469 4412 1517 4472 Διὸ
1528 4410 1572 4470 καί
1584 4412 1711 4492 ἀνωτέρω
1719 4412 1812 4492 λέγων,

238 4515 267 4577 in
281 4516 417 4599 principio
431 4518 558 4593 venisset,
574 4519 694 4600 potuisse
714 4519 774 4579 fieri
789 4534 821 4580 ut
833 4544 882 4603 per
899 4523 987 4604 legem
1039 4507 1086 4574 El<
1099 4505 1204 4574 ίνδτνίῑν
1224 4509 1272 4577 τῆτ
1285 4504 1471 4580 δολονοούντιτι
1487 4505 1632 4585 isitii&
1644 4503 1694 4563 Ἐν
1708 4509 1747 4586 τῷ
1769 4510 1812 4563 νῦν

237 4608 312 4670 salus
325 4608 493 4670 obtineretur
511 4609 630 4692 propriis
649 4610 789 4671 laboribus
803 4627 829 4672 et
844 4614 983 4695 operibus.
1037 4603 1132 4682 λοιμῷ·
1159 4600 1194 4659 El
1218 4597 1246 4658 δὲ
1269 4597 1428 4675 ἀντολέῖονὲν
1450 4621 1532 4671 τινες,
1558 4596 1654 4656 relabi
1684 4602 1813 4669 τοιοῦτον,

237 4701 315 4763 liano
324 4702 409 4784 igitur
424 4702 536 4763 illorum
553 4701 749 4784 impudentiam
770 4706 910 4786 cohibens,
922 4709 985 4770 diu·
1037 4691 1128 4771 ‘imit
1147 4692 1178 4750 ἂν
1197 4691 1222 4751 ‘l
1233 4714 1273 4758 τίς
1287 4691 1392 4769 psqalie
1405 4687 1569 4771 ἡμαρτηκὼς
1581 4688 1628 4747 καλ
1643 4689 1682 4767 μθ
1698 4691 1814 4763 δνντιθτὶς

236 4809 318 4858 turno
328 4810 449 4878 tempore
458 4794 577 4871 distulit,
589 4796 628 4856 ita
641 4810 672 4856 ut
681 4811 824 4878 postquam
836 4821 884 4881 per
894 4801 985 4861 omnia
1024 4783 1255 4861 ’ἆπθλνῦίοαοθαν
1267 4785 1293 4841 ἕν
1309 4783 1491 4862 immitit,
1505 4780 1575 4841 ἀλλὰ
1587 4782 1757 4864 mummi<
1771 4783 1815 4841 καὶ

234 4886 433 4970 deprehensum
448 4901 515 4948 esset
533 4887 608 4969 ipsos
624 4909 677 4948 non
698 4888 752 4949 sibi
768 4891 901 4968 sufficere,
920 4906 985 4953 tuno
1038 4884 1195 4953 κολάζεσθαι
1212 4882 1326 4962 μύλλων,
1337 4873 1394 4941 tlte
1408 4883 1461 4942 ύτύ
1475 4884 1574 4964 δωρεᾶς
1589 4885 1732 4961 βασιλικῆς
1747 4887 1813 4962 aiat·

236 5002 286 5062 per
305 4983 420 5062 gratiam
438 5004 516 5042 suam
532 4982 648 5042 salutem
666 4981 722 5043 illis
736 4982 820 5046 daret.
840 4984 905 5047 idco
923 5008 984 5046 cum
1039 4986 1107 5061 θείς,
1121 4985 1309 5066 άναιοχυντοίη
1322 4982 1389 5062 μετὰ
1402 4983 1449 5055 τὴν
1464 4983 1555 5065 άφεσιν
1568 4982 1758 5063 καυχώμενος,
1771 4985 1813 5042 καὶ

274 5184 285 5210 ¹
303 5183 312 5247 [
326 5186 417 5250 δύναμιν
427 5183 455 5236 Α.
469 5195 494 5234 et
506 5200 584 5250 marg.
600 5181 675 5236 Savil.
688 5185 696 5250 ]
1081 5201 1092 5225 ο
1110 5186 1181 5238 Unus
1192 5186 1229 5250 [et
1241 5186 1282 5252 b]
1295 5193 1333 5240 δτι
1345 5198 1389 5246 πᾶς
1398 5193 1497 5255 ίατριίας
1509 5190 1634 5251 δξηίίγχθη
1643 5195 1733 5254 τρόπος.
