3728 5978
119 419 189 494 256
457 442 488 490 S.
514 439 654 490 toxttttts
679 439 863 488 CHRYSOST.
892 439 1047 487 Attamen.
1074 437 1346 487 constxttxtttor.

122 616 1556 648 m

350 793 508 854 nomin
528 790 624 852 xxx.
714 761 717 765 ’
1165 791 1341 873 ,oman
1360 787 1393 850 x.
1472 799 1480 810 ·

118 977 188 1037 Gar.
202 975 282 1038 XIII.
292 999 322 1038 v.
334 980 576 1038 anduennium
586 989 686 1037 antem
696 977 859 1057 illis,roga·
913 973 1053 1044 Ἐξιάντων
1066 975 1093 1034 δὲ
1108 978 1209 1065 αὐτῶν,
1222 975 1386 1058 παρεκσλσυν
1400 978 1438 1042 εἰς
1451 975 1483 1035 τδ
1504 997 1556 1053 μετ

159 1073 232 1130 bant
248 1084 280 1130 ut
294 1074 428 1150 sequenti
447 1072 570 1130 sabbato
593 1070 782 1151 loquerentur
803 1070 861 1127 sibi
994 1066 1073 1127 ύατον
1085 1070 1233 1140 λαληθῆναι
1247 1071 1334 1136 αὐτοῖς
1344 1067 1379 1127 sb
1393 1066 1503 1148 ῥήματα
1513 1073 1556 1126 sai

157 1165 252 1221 verba
259 1163 331 1222 baec.

158 1349 186 1404 1.
207 1346 338 1409 Vidistin’
351 1346 429 1405 Pauli
444 1345 635 1427 prudentiam?
646 1345 707 1404 Non
722 1356 787 1404 tunc
799 1357 859 1402 tan-
956 1333 1032 1411 Είδες
1048 1348 1094 1403 τοῦ
1114 1344 1221 1406 Παύλου
1235 1344 1283 1421 τήν
1302 1345 1420 1420 σύνεσιν;
1433 1342 1507 1425 Οῦχί
1528 1347 1556 1401 τά

118 1438 216 1497 tumin
224 1437 402 1498 admiratione
411 1437 613 1514 suit,sedetiam
624 1436 723 1497 iterum
733 1434 862 1495 audiendi
878 1445 897 1493 c
917 1437 1005 1516 μάσθη
1030 1437 1123 1515 μόνον,
1143 1438 1212 1500 ἀλλά
1233 1440 1278 1500 καί
1295 1438 1437 1518 ἐπιθυμίαν
1459 1440 1549 1505 αὐτοῖς

118 1529 282 1590 desiderium
292 1528 406 1588 immisit
416 1528 480 1603 illis,
496 1549 557 1586 cum
570 1527 671 1586 semina
681 1526 806 1606 quaedam
817 1525 860 1585 in-
916 1527 1037 1587 ἐνέύαλεν
1056 1528 1221 1610 ἀκροάσεως,
1236 1529 1318 1591 εἰπών
1331 1554 1391 1589 τινα
1407 1528 1551 1610 σπέρματα

115 1622 223 1702 jecisset
231 1645 262 1682 ac
273 1619 394 1680 nondum
404 1619 573 1693 absolvisset,
582 1639 667 1698 neque
676 1617 768 1678 verbIs
781 1618 861 1676 linem
917 1618 1044 1687 ἐπιλύσας
1068 1619 1135 1698 μηδὲ
1157 1620 1300 1690 ἐπεξελθὼν
1329 1625 1368 1703 τῷ
1392 1621 1480 1702 λύγῳ,
1499 1619 1556 1681 ὥστ

118 1714 231 1792 fecisset,
239 1728 269 1773 ut
282 1714 343 1774 illos
359 1712 412 1773 sibi
426 1711 578 1772 conciliaret
595 1731 627 1769 ao
639 1709 783 1770 benevolos
799 1707 863 1771 red-
916 1711 1072 1789 ἀπαρτίσαι,
1086 1711 1131 1770 καὶ
1145 1714 1279 1773 οἰκειῶσαι
1294 1715 1389 1794 ἑαυτῷ,
1403 1712 1449 1772 καλ
1465 1710 1502 1792 μή
1516 1736 1556 1793 χα

119 1810 203 1887 deret,
217 1831 301 1890 noque
314 1809 405 1869 omnia
419 1807 502 1867 simul
513 1803 659 1886 ingerendo
676 1824 801 1863 nauseam
814 1825 863 1885 pa·
917 1803 1079 1884 ἐργάσασθαι
1097 1808 1136 1886 τῷ
1157 1804 1244 1864 πάντα
1265 1805 1357 1887 ἀθρόον
1381 1808 1416 1873 εἰς
1428 1803 1477 1873 ab<
1490 1803 1556 1864 ἐκιίν

120 1916 197 1961 reret.
212 1902 327 1961 Dixerat
343 1925 349 1958 ε
368 1903 509 1961 Remissio
521 1910 708 1979 peecatorum
720 1917 774 1976 per
784 1897 863 1955 bunc
916 1894 1011 1976 ψυχάς.
1025 1887 1123 1970 Εἶπεν,
1136 1894 1176 1955 ὅτι
1185 1895 1290 1978 'Aptata
1304 1897 1442 1978 ἁμαρτιῶν
1456 1897 1500 1956 διδ
1514 1897 1556 1957 τοί

119 1989 563 2070 uobisannuntiatur5qnomodo
571 2003 730 2064 autemnon
743 1987 863 2047 declara·
917 1986 1143 2066 καταγγέλλεται·
1157 1989 1187 2048 ab
1198 1989 1225 2048 δὲ
1235 1994 1302 2063 πῶς,
1316 1993 1363 2050 οῦκ
1375 1991 1502 2063 ἐδήλωσε.
1519 1991 1556 2049 Mt

119 2085 170 2145 rit.
185 2086 248 2145 Post
263 2086 320 2145 baec
339 2085 437 2144 iterum
455 2082 497 2143 sui
520 2081 606 2163 ipsius
625 2080 787 2140 mentionem
800 2080 864 2139 iacit
917 2078 1026 2139 Ιλοιπὸν
1044 2080 1121 2149 αὐτὸς
1135 2083 1230 2142 ἑαυτοῦ
1245 2081 1404 2161 μνημονεύει
1416 2081 1556 2164 apinam*

119 2178 248 2258 primum.
263 2176 362 2238 Viden'
378 2189 478 2257 quanta
499 2174 647 2234 alacritas?
663 2174 865 2255 Sequebantur
916 2171 1081 2254 προθυμίαν,
1100 2172 1165 2249 ὅση,
1177 2174 1352 2235 ’Πκολούθουν
1375 2178 1476 2248 αὐτοῖς,
1494 2178 1556 2255 ppei

119 2267 191 2345 illos,
207 2269 304 2349 inquit.
315 2269 371 2328 Gur
384 2269 446 2328 illos
455 2287 508 2327 non
522 2267 611 2327 statim
622 2265 790 2347 baptizavit?
802 2266 863 2324 Non
917 2262 1009 2331 αὐτοὺς
1020 2267 1068 2324 οὐκ
1081 2265 1223 2326 ἐάάπτισεν
1237 2267 1350 2341 εὐθέως,
1363 2271 1422 2328 Οὔκ
1435 2258 1468 2340 ήν
1481 2269 1556 2348 καιρί

80 2432 85 2441 Ι
120 2377 175 2424 orat
191 2377 296 2444 tempus
308 2387 314 2421 :
326 2362 487 2445 persuadere
502 2360 652 2442 oportebat,
665 2373 697 2418 nt
716 2357 790 2417 firmi
806 2380 863 2418 ma·
880 2360 899 2407 1)
917 2356 969 2416 ἔδει
982 2355 1051 2416 ὥστε
1066 2359 1180 2438 βεύαίως
1199 2358 1332 2438 ἐμμένειν.
1347 2359 1479 2431 Δυθείοης
1496 2356 1525 2420 δὲ
1546 2384 1556 2419 ι

120 2470 220 2516 nerent.
230 2457 280 2516 lb.
290 2457 420 2534 Cumque
432 2456 555 2512 dimissa
562 2464 637 2511 esset
647 2471 812 2532 synagoga,
820 2471 864 2517 se·
916 2451 1023 2528 γωγῆς,
1044 2449 1225 2523 ἠκολούθησαν
1243 2451 1337 2512 πολλοὶ
1356 2455 1411 2511 τῶν
1426 2451 1556 2512 Ἰουδαίων

120 2551 204 2629 quuti
222 2560 290 2608 sunt
307 2546 392 2605 multi
405 2546 576 2604 Judoeorum
589 2555 617 2602 et
636 2542 795 2602 colentium
808 2543 864 2601 nd-
918 2540 1068 2619 calepinus
1080 2542 1252 2625 προσηλύτων
1266 2546 1305 2625 τῷ
1320 2543 1419 2625 Παύλῳ
1433 2543 1478 2604 καί
1492 2547 1532 2626 τῷ
1548 2546 1556 2604 l

121 2662 262 2701 venarum
277 2639 408 2700 Paulum
421 2651 450 2697 et
465 2638 638 2696 Barnabam
651 2657 659 2691 .·
673 2639 724 2716 qui
740 2635 862 2716 loquen-
916 2631 1008 2702 οἵτινες
1019 2637 1227 2714 προσλαλοῦντες
1242 2636 1339 2705 αὐτοῖς,
1351 2634 1454 2696 ἔπειθον
1465 2658 1556 2716 προσμ

120 2746 163 2792 tes
174 2734 339 2793 suadebant
357 2734 409 2806 eis,
420 2742 454 2789 ut
471 2739 623 2788 manerent
634 2729 666 2785 in
682 2731 782 2807 gratia
796 2727 862 2786 Dei.
917 2725 978 2793 τοὺς
989 2729 1024 2806 τῆ
1035 2725 1128 2809 χάριτι
1141 2733 1186 2786 τοῦ
1201 2730 1282 2789 Θεοῦ.
1303 2729 1352 2809 Τῷ
1365 2751 1394 2786 τε
1413 2727 1550 2809 ἐρχομίνρ

118 2826 168 2884 ll.
178 2827 315 2902 Sequenti
326 2844 397 2883 vero
413 2824 538 2883 sabbato
550 2841 624 2900 pene
640 2821 864 2879 universncioi-
918 2820 1011 2900 σχεδὸν
1023 2829 1097 2879 πάσα
1111 2824 1129 2891 ή
1141 2819 1217 2889 πόλις
1229 2820 1346 2900 συνήχθη
1360 2822 1472 2880 ἀκοῦσαι
1493 2821 1539 2881 τὸν
1553 2822 1556 2879 j

120 2932 167 2977 tas
180 2921 315 2976 convenit
329 2917 432 2976 andire
445 2917 567 2973 verbum
579 2913 647 2971 Dei.
659 2913 710 2972 45.
727 2914 864 2971 thentes
918 2914 997 2972 Θεοῦ.
1009 2909 1118 2980 Ἰδόντες
1127 2910 1154 2970 δὲ
1166 2916 1190 2973 σί
1202 2911 1325 2973 Ἰουδαῖοι
1335 2911 1394 2978 τοὺς
1403 2911 1508 2992 ὄχλους,
1521 2915 1556 2973 tn?

119 3023 218 3069 autem
235 3013 334 3069 turbas
344 3009 454 3079 Iudai,
465 3007 569 3087 repleti
585 3018 652 3064 sunt
663 3005 738 3077 zelo,
750 3019 777 3064 et
790 3025 864 3064 con·
918 3004 1005 3079 ζήλου,
1016 3002 1062 3061 καί
1072 3002 1209 3085 ἀντέλεγον
1220 3013 1274 3071 τοῖς
1287 3004 1339 3065 ύπδ
1350 3011 1395 3065 τοῦ
1405 3006 1516 3064 Παύλου
1529 3005 1556 3063 λε

120 3102 304 3159 tradicebant
317 3103 364 3171 iis,
378 3119 443 3180 qua
457 3118 476 3156 a
487 3097 585 3156 Paula
595 3098 778 3169 dicebantur,
791 3116 864 3154 con-
919 3094 1096 3174 ἀντιλέγοντες
1115 3096 1161 3156 καί
1186 3099 1410 3177 βλασφημοῦντες.
1431 3094 1506 3178 Ὅρα
1527 3094 1556 3168 st,

121 3194 297 3251 tradicentes
319 3205 348 3251 et
370 3190 615 3270 blasphemantes.
626 3187 699 3250 Vide
718 3187 863 3267 nequitiam
917 3186 1102 3266 πληττομένην
1122 3191 1149 3247 ἐν
1162 3191 1201 3269 τῷ
1214 3187 1339 3260 πλήττειν
1357 3187 1469 3268 ἐτέρους.
1486 3189 1556 3247 Τοῦτ

119 3285 283 3365 percussam,
298 3283 365 3342 dum
384 3281 452 3341 alins
464 3281 590 3362 percutit.
602 3279 660 3340 Hoc
677 3280 750 3362 ipsos
767 3280 864 3340 clario·
882 3280 901 3328 Ε
921 3277 1013 3347 αὐτοὺς
1031 3279 1115 3338 ἐποίει
1133 3281 1286 3361 λαμπροὺς,
1304 3279 1335 3338 sb
1349 3280 1495 3359 ἀντιλέγειν
1511 3282 1555 3339 las

120 3398 162 3437 res
176 3376 317 3454 reddebat,
330 3374 403 3454 quod
418 3374 459 3433 illi
471 3373 694 3433 contradicerent.
708 3373 801 3432 Primo
812 3373 866 3432 ita-
920 3372 968 3451 μὲν
981 3362 1025 3431 ούν
1038 3375 1142 3455 πρῶτον
1158 3371 1305 3452 αὐτόματοι
1317 3373 1515 3453 παρεκάλεσαν.
1532 3372 1556 3434 Ἀ

120 3492 229 3548 qnesua
243 3483 337 3551 sponte
348 3469 486 3548 rogabant.
502 3468 755 3540 Contradieentes,
767 3467 864 3546 inquit,
918 3490 977 3536 τες,
996 3466 1074 3546 φησὶ,
1089 3465 1135 3525 καί
1151 3468 1377 3545 βλασφημοῦντες.
1390 3461 1428 3525 Ὦ
1449 3469 1497 3536 τῆς
1519 3468 1556 3524 ίτσ

120 3572 149 3616 et
156 3559 399 3639 blasphemantes.
412 3557 436 3614 0
447 3552 821 3637 petulantiamlpropterquae
831 3556 865 3615 il·
918 3560 957 3640 ἐρ’
971 3549 1008 3626 οἷς
1032 3557 1122 3626 αὐτοὺς
1140 3557 1316 3638 ἀποδέχεσθαι
1335 3556 1403 3632 ἔδει,
1424 3561 1449 3617 σί
1469 3556 1497 3616 δέ
1514 3559 1556 3641 ἀν

119 3653 161 3711 los
175 3651 326 3731 approbare
344 3650 494 3731 oportebat,
509 3663 618 3729 propter
631 3670 661 3707 ea
675 3649 717 3708 illi
729 3650 865 3710 contradi·
918 3651 1172 3733 Παρρησιασάμενοι
1186 3649 1213 3709 δὲ
1226 3654 1240 3708 b
1254 3650 1361 3719 Παῦλος
1370 3650 1417 3710 καί
1429 3651 1556 3733 δΠαρνάί

121 3757 193 3804 eunt.
203 3745 252 3803 to.
265 3745 291 3801 T
291 3764 347 3801 tanc
357 3755 528 3801 constanter
536 3742 651 3799 Paulus
665 3754 693 3800 et
707 3743 864 3809 Barnabas
918 3748 980 3824 ὑμῖν
995 3735 1026 3816 ήν
1047 3745 1187 3822 ἀναγκαῖον
1203 3747 1308 3824 πρῶτον
1328 3744 1476 3815 λαληθῆναι
1492 3741 1537 3802 τδν
1554 3744 1556 3752 ”

119 3839 257 3896 dixeram
268 3860 276 3893 :
289 3838 376 3894 Vobis
392 3836 542 3914 oportebat
556 3837 682 3912 primum
703 3834 785 3914 loqui
796 3855 865 3895 uer·
918 3841 1006 3898 Θεοῦ·
1026 3834 1116 3907 ἐπειδὴ
1141 3834 1169 3894 δέ
1189 3839 1336 3895 ἀπωθεῖσθε
1358 3835 1452 3908 αῦτδν,
1467 3836 1515 3895 καλ
1536 3839 1556 3896 α’

120 3933 187 3988 bum
197 3930 329 3999 Dei;sed
338 3931 479 4007 quoniam
493 3927 634 4006 repellitis
648 3927 736 4003 illud,
748 3940 777 3985 et
790 3928 865 3985 indi·
919 3930 1021 4013 κρίνετε
1041 3927 1148 3996 ἑαυτοὺς
1169 3931 1217 3998 τῆς
1233 3927 1339 3987 αἰωνίου
1354 3929 1435 4000 ζωῆς,
1451 3926 1507 3988 ἰδοῦ
1527 3952 1556 3988 σι

118 4043 257 4104 gnoseos
267 4022 411 4102 judicatis
427 4030 537 4077 aeterrm
549 4023 625 4091 vita,
642 4023 864 4079 eceeconverti-
920 4024 956 4090 εἰς
969 4021 1003 4080 τδι
1016 4020 1086 4094 ἔθνη.
1098 4020 1181 4101 Ὁρᾷς
1199 4022 1255 4088 πῶς
1276 4019 1505 4099 φιλονεικήσαντες
1521 4029 1556 4099 μθ

119 4136 186 4173 mur
203 4117 244 4173 ad
256 4127 365 4195 gentes.
378 4111 489 4185 Viden',
502 4109 637 4189 quomodo
652 4131 700 4191 per
717 4112 865 4170 contentio·
919 4139 1007 4174 τειναν
1027 4114 1057 4173 τδ
1075 4113 1214 4192 κήρυγμα,
1233 4111 1395 4191 καὶμᾶλλον
1413 4110 1514 4171 ἔδωκαν
1532 4115 1556 4171 ἐι

119 4229 182 4267 nem
196 4208 283 4286 magis
301 4205 479 4266 extenderunt
499 4203 726 4284 pradicationem,
736 4218 763 4263 et
779 4205 865 4285 magis
920 4207 954 4267 τδι
965 4207 1044 4280 ἔθνη,
1058 4203 1288 4283 ἀπσλογησάμενοι
1300 4205 1346 4263 καί
1360 4203 1511 4271 ἀνευθύνους
1527 4208 1556 4264 ia

121 4299 163 4357 illi
185 4320 213 4357 se
235 4298 404 4356 contulerunt
420 4295 454 4353 ad
477 4308 578 4374 gentes,
599 4309 744 4375 postquam
764 4296 865 4354 ratione
875 4333 911 4374 tu
921 4299 1065 4379 κλημάτων
1086 4301 1245 4371 ποιήσαντες
1264 4296 1339 4376 παρδι
1357 4304 1412 4365 τοῖς
1433 4295 1552 4371 οἰκείοις,

119 4388 226 4449 reddita
238 4387 311 4468 apud
325 4407 484 4464 congeneres
498 4408 560 4444 suos
572 4406 627 4444 sese
639 4385 718 4466 culpa
732 4386 866 4446 immunes
884 4389 904 4434 Α
921 4383 1005 4463 εἶπεν,
1017 4389 1115 4460 ἀνάξιοί
1125 4393 1184 4449 ἐστε
1195 4412 1202 4425 ·
1213 4388 1282 4463 ἀλλ’,
1297 4387 1437 4469 Ἐκρίνατε
1447 4388 1557 4456 ἑαυτοὺς

121 4479 349 4563 oomprobarunt?
360 4479 416 4537 Nec
430 4476 512 4552 dixit,
526 4477 637 4556 Indigni
651 4478 729 4556 estis;
747 4477 803 4551 sed,
816 4481 866 4537 In·
922 4486 1058 4564 ἀνεπαχθῆ
1073 4484 1117 4543 τδν
1139 4482 1216 4561 λόγον
1235 4485 1327 4541 ποιῶν.
1343 4479 1412 4540 Ἰδοὺ
1432 4480 1556 4562 στρεφύμι

121 4581 225 4659 dignos
239 4596 294 4634 vos
303 4574 455 4655 judicatis,
471 4584 500 4628 nt
519 4592 571 4630 non
585 4592 713 4630 onerosus
726 4593 813 4632 sermo
827 4594 868 4632 cs·
922 4578 992 4649 ἔθνη.
1007 4575 1087 4636 Οὕτω
1101 4574 1152 4655 γδιρ
1167 4575 1319 4634 ἐντέταλται
1339 4577 1403 4652 ἡμῖν
1423 4578 1438 4632 b
1452 4573 1549 4654 Κύριος

122 4687 169 4732 set.
185 4674 264 4732 Eece
274 4670 471 4728 convertimur
484 4665 525 4722 nel
537 4678 645 4745 gentes.
660 4663 709 4724 ll.
725 4667 771 4726 Sic
789 4670 867 4726 enim
900 4734 902 4739 ¹
923 4693 952 4727 σε
963 4672 999 4735 εἰς
1009 4670 1063 4748 φῶς
1077 4656 1344 4739 stennenbrun
1358 4667 1395 4731 εἰς
1405 4666 1556 4745 σωτηρίανί

15 4784 77 4847 ¹249·
87 4784 110 4831 6.
119 4767 255 4847 pracepit
273 4764 355 4819 nobis
377 4760 524 4817 Dominus
537 4784 544 4815 :
558 4759 650 4816 Posui
672 4771 700 4816 te
718 4755 750 4816 i'n
774 4761 866 4818 lucem
922 4785 967 4821 του
978 4765 1025 4831 τῆς
1038 4765 1094 4839 γῆς.
1105 4758 1165 4816 Ἵνα
1178 4758 1228 4838 γὰρ
1241 4756 1278 4836 μή
1293 4754 1556 4831 eiaterensem*

121 4864 261 4941 gentium,
273 4869 304 4917 ut
320 4860 359 4916 sis
375 4859 406 4911 in
417 4853 542 4912 salutem
555 4873 646 4932 usque
659 4854 868 4913 adextremum
922 4857 958 4919 ὡς
971 4856 1000 4911 ἐκ
1013 4856 1061 4922 τῆς
1075 4849 1180 4910 ἐκείνων
1197 4850 1313 4918 σπουδῆς
1327 4847 1364 4927 μή
1376 4850 1556 4928 τυγχάνοντα

123 4965 218 5011 terroe.
234 4952 273 5010 Ut
288 4949 360 5008 enim
375 4959 465 5026 gentes
479 4945 535 5003 hae
549 4943 688 5003 audientes
701 4965 754 5003 non
769 4948 867 5006 contri·
923 4950 991 5016 θῶν,
1007 4942 1099 5022 ἐπάγει
1120 4941 1169 5011 τήν
1183 4940 1345 5022 προφητείαν
1360 4941 1462 5020 λέγων·
1479 4945 1504 5002 Τ
1505 4942 1556 5003 ἐθει

122 5058 269 5118 starentur,
285 5040 361 5120 quasi
374 5061 408 5097 ex
422 5038 531 5097 illorum
549 5033 638 5095 studio
654 5035 722 5095 bona
740 5036 803 5117 ipsae
815 5060 867 5098 non
923 5042 977 5119 φῶς
998 5039 1093 5103 ἐθνῶν,
1111 5039 1155 5092 τοῦ
1179 5024 1247 5092 εἷναί
1263 5056 1291 5090 σε
1310 5036 1345 5100 εἰς
1365 5033 1498 5116 σωτηρίαν
1513 5036 1556 5096 ἕως

157 5245 167 5267 ⁸
185 5227 255 5278 Unus
267 5223 331 5277 cod.
343 5232 420 5278 λοιπον
431 5231 470 5277 τοῦ
483 5227 573 5277 Παύλου
584 5229 717 5290 μνημονεύει
729 5237 830 5295 πρῶτον,
966 5242 975 5264 ¹
995 5224 1041 5274 Atii
1055 5231 1195 5286 λυπηθῶοιν,
1208 5229 1236 5280 ὡς
1249 5229 1271 5273 ia
1284 5234 1331 5281 τῆς.
