3728 5978
580 504 618 552 nt
640 499 754 554 nnrsr.
777 499 824 551 an
850 504 933 555 non.
961 502 1082 553 noun.
1109 495 1176 552 vsu·
1578 477 1652 568 541.

81 627 195 708 δρόμον·
210 629 261 689 ὁδί
275 628 323 688 inl
339 628 448 688 πλείονα
469 628 610 708 κατασχὼν
624 627 728 709 χρόνον,
741 626 787 688 καλ
805 626 854 702 uls
909 648 972 688 veru
984 626 1140 688 diuturnius
1149 625 1258 698 retinet,
1270 635 1403 704 quaestum
1415 627 1651 708 maiorm-efficite

81 720 207 802 ἐργασίαν
222 719 305 780 πλείω
323 719 477 792 πεποίηκεν.
491 709 559 779 Εἶτα
580 721 625 780 leri
646 719 790 801 ἀνθρώπων
807 719 856 799 μίν
908 721 982 780 ltano
1007 719 1083 802 apud
1103 720 1225 780 homines
1247 718 1415 779 moramrion
1428 739 1499 800 agre
1518 720 1648 800 lerimtu,

80 816 111 872 οὐ
122 811 386 893 δυσχεραίνομεν-ἢν
397 811 538 886 ἀναὸολλν,
553 811 622 871 etit
637 810 684 872 καλ
696 811 855 893 σοφιζόμεσθα
907 810 954 872 sed
965 814 1093 893 majorem
1107 811 1167 871 fieri
1186 823 1372 885 curamus,et
1395 809 1472 892 apud
1496 812 1586 879 Deum
1611 811 1650 872 ita

81 903 165 977 αίπλν
178 903 263 965 ’πλείω
275 903 411 984 γενίυίλοιι,
424 905 468 963 inl
483 907 554 964 Θεοῦ
564 902 591 964 dl
601 903 670 963 οὕτω
684 904 855 986 μικρολόγως
907 905 1094 988 pusillanimes
1106 905 1224 976 erimus,
1240 901 1342 964 ntideo
1355 922 1449 982 segnes
1461 902 1547 964 simus
1561 918 1588 966 et
1599 918 1651 964 ter·

81 996 284 1075 λιακεισλμεθα,
304 999 342 1062 ὣς
354 994 398 1055 διλ
420 1003 496 1056 τοῦτο
514 997 598 1055 ὀκνεῖν
620 994 666 1055 κοιλ
680 994 853 1067 diiudicatum
908 999 1089 1079 girersemur5
1100 997 1166 1069 etsi,
1177 1010 1208 1056 ut
1217 994 1291 1072 dixi,
1306 1008 1333 1055 et
1343 994 1389 1054 hic
1397 994 1442 1055 det
1452 1017 1499 1073 ea,
1509 1018 1563 1076 (μισ
1572 997 1633 1057 dixi
1639 1042 1649 1074 ,

80 1088 168 1153 καίτοι
181 1112 225 1167 γε,
237 1087 302 1168 ὅπερ
321 1088 395 1167 ἔφην,
414 1087 460 1148 καὶ
473 1090 585 1147 ἐνταῦθα
601 1087 708 1162 δίδωσι,
721 1087 767 1147 καλ
786 1087 854 1166 μετὰ
907 1091 941 1152 de
951 1112 1046 1168 causa,
1062 1104 1088 1149 et
1101 1087 1177 1148 aliud
1192 1087 1326 1168 quiddam
1344 1087 1432 1167 majus
1442 1109 1597 1169 preparans
1621 1089 1649 1148 in

81 1185 130 1253 τῆς
143 1180 285 1261 εἰρημένης
298 1180 438 1248 αίτίαςκαλ
457 1179 546 1260 ἕτερόν
559 1204 585 1239 τι
607 1182 853 1259 μεῖζονόίκονομῶν
907 1184 972 1244 carlo
991 1196 1078 1244 totum
1091 1180 1239 1241 recondat?
1261 1176 1424 1266 Magnitudo
1445 1179 1547 1260 quippe
1559 1178 1646 1259 doni,

80 1277 136 1332 ἐκεῖ
151 1271 305 1349 ταμεείετατ
314 1272 345 1333 τὸ
357 1282 420 1332 πᾶν·
436 1275 461 1333 Τ
462 1272 476 1330 ὸ
491 1272 542 1352 γαρ
558 1272 666 1352 μίγεθας
676 1275 729 1332 τῶν
744 1270 852 1350 δεδαμί-
870 1281 889 1330 C
907 1291 932 1338 et
942 1274 1117 1359 pulchritudo
1127 1275 1196 1355 ejus,
1205 1272 1418 1355 vitaepraesentis
1427 1272 1560 1334 vilitatem
1570 1275 1650 1354 louge

81 1389 144 1438 νων,
154 1365 200 1425 καλ
211 1366 241 1426 τὸ
250 1366 346 1433 καλλος
360 1369 408 1437 τῆς
419 1367 517 1445 δωρεᾶς
527 1365 628 1438 ἐκείνης
641 1364 794 1447 ὑπερὸαίνει
806 1369 854 1437 τῆς
906 1370 1027 1450 superi.
1039 1368 1102 1431 Non
1114 1367 1187 1427 enim
1200 1365 1260 1426 fieri
1278 1378 1382 1446 potest,
1398 1378 1428 1423 ut
1447 1364 1478 1426 in
1498 1366 1607 1426 mortali
1623 1380 1649 1426 et

81 1456 219 1536 παρούσης
232 1461 301 1530 ζωῆς
315 1457 368 1531 πλν
387 1457 527 1517 εὐτέλειαν.
541 1456 610 1517 Οὐδὲ
624 1456 677 1540 γλιρ
698 1457 806 1516 δυνατὸν
826 1460 853 1517 lv
906 1456 1401 1540 iluxoooeporeimmaroescibilesillae
1408 1456 1651 1539 coronaeaccipiau·
1685 1536 1688 1540 Ι

82 1547 190 1627 σώματι
205 1553 312 1629 φθαρτῷ
326 1548 371 1608 καὶ
387 1547 507 1630 ἐπικήρῳ
524 1547 583 1617 τοὺς
600 1547 769 1630 ἀμαρλνιους
782 1545 855 1605 ἐκεί·
909 1566 965 1628 tur,
977 1573 1064 1631 neque
1075 1541 1103 1610 in
1115 1550 1167 1611 hac
1177 1549 1301 1632 praescuti
1311 1563 1338 1610 et
1351 1549 1470 1610 tumultu
1478 1548 1559 1632 plena
1570 1551 1646 1627 vita,

81 1663 142 1708 νοις
155 1640 275 1710 deleretur
294 1641 447 1722 στεφάνως,
461 1639 520 1700 root
534 1644 561 1700 ἐν
576 1645 610 1719 τῇ
624 1638 744 1720 παρούσῃ
756 1640 854 1719 διαγω-
907 1643 1154 1721 mutationibusque
1168 1641 1295 1723 plurimis
1315 1640 1455 1718 obnoxia,
1473 1641 1584 1703 immota
1601 1642 1654 1703 itta

82 1738 133 1813 γῇ,
145 1732 190 1793 καί
204 1732 347 1815 θαφυὸὥδετ
366 1731 412 1792 καί
425 1737 545 1812 ταραχῆς
561 1731 680 1811 γεμαίαῃ
694 1731 739 1790 καί
754 1728 854 1798 stollis
906 1738 1064 1816 stabilisque
1078 1757 1135 1795 sors
1151 1734 1266 1796 obtineri
1283 1747 1378 1815 potest.
1399 1735 1461 1795 Jam
1474 1756 1538 1795 vero
1552 1734 1650 1815 siquis

83 1826 182 1906 ἕχαίαῃ
191 1827 306 1907 τραττίεςο
321 1824 370 1896 τλν
381 1825 503 1899 αἀτίνηταν
513 1824 636 1898 Ι’ίντείντιν
645 1822 691 1884 καί
705 1822 853 1906 ατίρααταν
907 1831 958 1892 tibi
966 1827 1273 1908 inalienaterradegenti
1276 1873 1286 1900 ,
1295 1826 1343 1885 ubi
1353 1826 1442 1885 nullos
1450 1826 1560 1887 haberes
1566 1829 1655 1888 samum

83 1919 157 1990 λῆξεν
169 1919 338 1979 ααταλαῶεῖν·
353 1919 393 1978 Σὺ
406 1919 447 1992 δὲ,
461 1922 484 1978 εί
495 1917 542 1996 μίν
554 1918 593 1985 τίς
607 1942 649 1979 σαν
659 1915 767 1998 χρυσίον
781 1916 855 1997 ὄφεί·
906 1925 957 2002 Ιοε,
969 1944 1055 2003 nequc
1068 1942 1159 2004 posses
1174 1921 1202 1981 iu
1216 1919 1332 2001 patriam
1344 1917 1412 1998 quid
1424 1919 1582 1997 transferre,
1596 1920 1650 1980 soe·

83 2014 137 2070 λων
159 2013 187 2069 ἐν
213 2011 337 2092 ἀλλοτρίᾳ
359 2010 590 2091 διατρίὸοντιγῇ,
606 2009 651 2068 καὶ
671 2007 732 2068 οὔτε
752 2007 855 2076 οἰκίσας
907 2037 972 2076 nora
986 2015 1051 2075 dare
1064 2014 1254 2096 polliceretur,
1278 2011 1379 2071 obnixe
1387 2011 1557 2092 peccaretis,
1573 2032 1607 2071 ne
1622 2011 1652 2071 id

85 2103 385 2185 ἔχοντιοῦτελυναμίνφι
400 2104 488 2176 εἰςτλν
497 2102 594 2162 οοἰκίαιν
608 2098 796 2180 μετακομίσαι,
802 2098 856 2159 διὀ-
908 2106 979 2167 tibi
972 2106 1150 2187 inperegrina
1165 2117 1253 2180 terra,
1269 2101 1316 2162 sed
1334 2102 1409 2162 dorni
1431 2123 1538 2162 reverso
1558 2124 1652 2163 nume-

85 2220 140 2255 σειν
153 2196 331 2286 ἐπηγγελλετο
351 2164 545 2274 τλλοίνεισμα,
563 2193 645 2277 μυρία
659 2192 691 2251 ἂν
703 2191 855 2274 πορεκοιλε
908 2212 997 2276 raret3
1015 2198 1085 2257 bona
1100 2217 1165 2257 vero
1178 2194 1225 2253 illa
1237 2192 1387 2274 spiritualia
1401 2206 1426 2252 et
1437 2213 1534 2252 arcana
1548 2193 1637 2254 bic
1609 2215 1653 2255 vrs
1706 2191 1715 2201 ⁴

86 2312 149 2361 σας,
164 2288 233 2351 ὥστε
252 2276 393 2366 μλὲπὶ
360 2313 407 2359 της
428 2287 514 2359 ξένης,
527 2289 585 2346 ἀλλ’
597 2286 664 2346 αίκοι
678 2286 779 2365 μᾶλλον
790 2285 856 2347 abed
873 2296 893 2343 D
909 2288 1047 2371 recipere?
1064 2301 1090 2348 et
1102 2299 1201 2367 quanta
1212 2283 1305 2343 istbaec
1317 2281 1457 2342 amentia?
1472 2284 1543 2341 Nam
1566 2303 1590 2342 ει
1582 2282 1654 2341 bic

85 2381 260 2440 καταὸαλεῑν
274 2380 308 2441 τλι
323 2380 350 2440 δὲ
364 2380 531 2460 πνευματικὰ
548 2384 633 2439 ἐκεῖνα
654 2378 700 2439 καλ
718 2378 857 2460 ἀπόρρητα
909 2382 1025 2463 accipis,
1038 2379 1280 2460 mortaliaprorsus
1294 2374 1411 2456 accipis3
1430 2375 1453 2434 si
1468 2395 1533 2436 vero
1546 2389 1654 2456 tempus

86 2472 244 2532 ἕνταῦθα”
213 2481 294 2541 αςεαῖς
307 2473 413 2546 λαὸεῖνς
428 2497 472 2532 κατ
462 2472 570 2546 τόσος
589 2477 675 2531 ταῦτα
695 2471 799 2546 ἄναίαςς
809 2467 856 2530 dv
909 2476 978 2537 sllnd
987 2489 1139 2557 exspectes,
1153 2470 1371 2552 incorruptibilia
1385 2482 1411 2530 et
1426 2491 1479 2530 non
1490 2470 1565 2529 fluxa
1577 2469 1655 2530 dabit

87 2565 135 2644 μὲν
157 2564 209 2648 γαρ
229 2569 341 2625 ἐνταῦθα
354 2566 456 2647 beline,
474 2564 577 2647 φθαρτὰ
597 2564 670 2645 λήψῃ
686 2563 813 2632 πάντας·
825 2561 857 2622 tv
911 2571 960 2631 tibi
974 2595 980 2629 ε
996 2571 1018 2630 si
1031 2570 1077 2629 bic
1087 2567 1213 2649 accipias,
1227 2564 1371 2647 plumbum
1382 2563 1529 2645 accepisti3
1545 2563 1568 2623 si
1580 2563 1653 2639 illic,

86 2658 115 2718 δὲ
134 2659 290 2719 ἐκεῖνοντὸν
311 2659 402 2738 καιρὸν
419 2658 575 2737 ἀναμείνης,
590 2658 711 2739 ἄφθαρτα
724 2654 859 2717 ἀποδῶσει
911 2686 1008 2723 nurum
1020 2662 1175 2745 probatum.
1192 2662 1297 2722 Verum
1309 2678 1395 2735 neque
1413 2655 1589 2738 praesentibus
1600 2655 1653 2714 bo·

87 2751 332 2830 σαικαίάκίρατα·
346 2751 376 2809 ἂν
387 2750 603 2830 ἔνταῦθαλάὸῃς,
616 2747 740 2828 μίλιὸδαν
752 2747 857 2815 ἔλαθες·
910 2758 953 2816 nis
971 2771 997 2818 re
1009 2755 1138 2838 privavit.
1163 2755 1226 2813 Post
1247 2750 1323 2810 illam
1340 2750 1411 2809 enim
1431 2748 1652 2831 promissionem,

88 2843 120 2902 ἂν
136 2843 163 2903 a
181 2846 251 2914 ἐκεῖ
265 2844 361 2926 χρυσὸν
375 2843 491 2921 δόκιμον.
504 2841 581 2915 Πλὴν
601 2839 659 2902 οὐδὲ
680 2844 733 2900 τῶν
747 2839 859 2900 ἐνταῦθα
910 2849 994 2909 atum
1023 2845 1132 2907 sadran
1157 2845 1196 2904 sn
1224 2843 1316 2902 dicens
1339 2865 1346 2898 2
1370 2840 1502 2918 Quisquis
1539 2839 1752 2900 ωιαοποωι.
1769 2862 1807 2909 η.

88 2959 118 2994 τε
139 2936 314 3016 ατεατίρηαε-
331 2936 409 2996 Μετῶ
422 2934 473 3017 γαρ
498 2934 656 3007 ίαείνης
623 2958 671 3005 τος
690 2931 858 3012 ὥτααχίαετνς
910 2956 983 3002 amat
990 2939 1167 3020 ,centuplum
1177 2932 1515 3017 recipietinboosaeculo,
1529 2925 1705 2996 arvium-”⁹

88 3025 134 3086 καί
152 3027 245 3108 ἑτέραν
258 3027 372 3088 τέθεικεν
393 3026 462 3087 οὕτω
474 3027 568 3105 λεγων
579 3026 619 3085 ὅτι
631 3028 710 3092 πᾶςὸ
730 3047 783 3083 των
802 3026 860 3084 ἐκεῖ
911 3048 1037 3094 aeternam
1051 3029 1206 3113 possidebit.
1223 3029 1254 3089 Sr
1263 3048 1327 3088 sero
1345 3026 1502 3106 centuplum
1512 3047 1564 3086 non
1579 3026 1654 3086 acci—
1695 3027 1744 3073 ⁸⁰⁰
1754 3027 1783 3071 ‘³⁰
1785 3028 1809 3071 τί

87 3118 253 3200 wilm*
275 3123 340 3202 ἐρῶν
365 3117 625 3179 ἑκατονταπλασίονα
643 3116 757 3197 ίαίψετατ
776 3119 855 3176 ἕν
819 3139 858 3196 τῳ
911 3128 1020 3209 pimus,
1032 3145 1081 3185 nos
1093 3145 1121 3184 tn
1138 3144 1218 3183 causa
1231 3142 1341 3197 sumus,
1356 3119 1404 3199 qni
1417 3124 1474 3178 non'
1492 3133 1587 3181 mutuo
1602 3118 1704 3197 ‹la-„p
1665 3105 1698 3136 ω
1700 3091 1807 3196 ΨΜ

88 3211 277 3293 αἰῶνιτούτιρ,
293 3212 338 3271 καλ
352 3210 419 3285 ζωὴν
435 3209 539 3270 αἰώνιον
558 3209 761 3292 κληρονομήσει.
774 3208 858 3269 Είδλ
911 3238 973 3276 mus
982 3237 1007 3274 er
1014 3260 1024 3295 7
1040 3212 1088 3294 qui
1101 3225 1206 3272 tantum
1224 3209 1290 3269 dare
1305 3222 1410 3290 potest:
1429 3222 1561 3288 quotquot
1583 3208 1675 3268 enim-⁸
1664 3154 1785 3277 peculii.

88 3307 118 3363 οὐ
135 3303 305 3383 λαμόοίνομεν
326 3303 599 3378 ἑκατονταπλασίονα,
617 3308 695 3380 ἡμεῖς
716 3300 796 3362 ιιίτιοι
820 3299 859 3380 μὴ
875 3307 1059 3380 edederunt,
1074 3317 1115 3364 tot
1135 3316 1260 3382 tantaque
1282 3314 1455 3382 receperunt,
1484 3300 1547 3360 licet
1570 3322 1658 3383 pauca

89 3397 247 3466 δανείζοντες
260 3402 298 3480 τῷ
313 3398 449 3478 δυναμίνῳ
462 3402 584 3459 τοσοῦτον
599 3398 703 3456 δοῦναι·
721 3394 778 3455 ἐπεὶ
791 3393 859 3455 οἵτε
912 3400 1045 3461 dederint.
1055 3396 1130 3472 Quid
1142 3396 1214 3456 enim
1223 3395 1324 3476 magni,
1335 3415 1443 3474 queso,
1456 3392 1532 3454 dedit
1540 3397 1664 3456 Penus?

87 3490 173 3557 δόντες
185 3490 298 3559 ἅπαντες
307 3498 423 3551 τοσοῦτοι
436 3488 540 3560 ἔλοὸον,
554 3488 641 3547 καίτοι
656 3513 686 3567 γε
704 3486 781 3567 ὀλίγα
802 3487 859 3546 δόν-
913 3511 1000 3550 nonne
1012 3502 1068 3548 rete
1083 3487 1212 3560 scissum,
1226 3499 1252 3544 et
1267 3485 1401 3543 calamum
1416 3497 1442 3542 et
1456 3483 1590 3546 bamnm?
1604 3483 1659 3545 Sed

87 3607 140 3650 τες.
154 3584 194 3646 Τί,
213 3583 265 3664 γὰρ
285 3583 354 3662 μίγα
373 3582 498 3643 ἔδωκενὸ
515 3580 633 3659 Πέτρος,
652 3578 710 3640 alni
725 3603 785 3658 μοι,
800 3578 866 3660 οὐχὶ.
914 3596 1002 3642 tamen
1020 3584 1094 3640 Deus
1111 3579 1163 3661 ipsi
1175 3576 1295 3638 universi
1314 3576 1388 3636 orbis
1412 3575 1507 3636 domos
1527 3577 1656 3659 aperuit,

88 3675 192 3736 δίκτυον
207 3677 347 3757 διερρωγὸς
360 3674 406 3734 καί
419 3674 539 3752 κάλαμον
553 3674 598 3732 καλ
608 3673 750 3754 ἄγκιστρον
766 3672 859 3752 ρλνονς
914 3689 1012 3736 terram
1026 3687 1052 3733 et
1063 3693 1137 3732 mare
1147 3668 1279 3753 expandit
1298 3682 1324 3728 et
1342 3689 1435 3729 omnes
1454 3669 1533 3728 illum
1554 3669 1591 3741 ad
1610 3692 1664 3730 sua

89 3766 158 3827 Ἀλλ’
175 3768 247 3845 ὅμως
260 3771 331 3847 αὐτῷ
351 3767 398 3833 τλις
412 3766 497 3833 οἰκίας
509 3768 558 3835 τῆς
576 3762 730 3839 οἰκουμένης
750 3763 860 3845 ἀνέῳξεν
915 3767 1080 3842 evocabant3
1091 3765 1145 3822 imo
1161 3785 1209 3822 sua
1224 3759 1369 3821 vendentes
1382 3760 1418 3819 ad
1431 3760 1506 3820 illius
1519 3761 1603 3842 podes
1616 3762 1661 3821 at«

89 3860 196 3932 ίΘελς,
208 3859 254 3920 καλ
272 3864 322 3938 γῆν
343 3859 388 3918 καὶ
406 3859 537 3919 θάλατταν
560 3856 686 3929 ἥπλωσε,
701 3856 746 3916 καλ
766 3856 862 3923 πάντες
915 3856 1050 3928 serebant,
1067 3874 1119 3912 non
1130 3851 1167 3912 ad
1183 3872 1277 3909 manus
1290 3849 1478 3930 conjicientes(
1490 3850 1663 3928 nequeenim

91 3952 170 4011 αὐτὸν
185 3955 222 4020 εἰς
241 3950 275 4010 ελ
296 3954 381 4010 αὑτῶν
396 3950 523 4010 ἐκάλουν·
540 3951 641 4028 μᾶλλον
665 3947 693 4008 λλ
717 3946 752 4008 τλ
775 3952 861 4008 αἰετῶν
916 3946 1083 4021 audebant),
1099 3941 1324 4002 tantumillicum
1337 3939 1665 4001 munificentia-honorem:

91 4045 239 4111 πωλοῦντες
256 4044 322 4124 πρλς
335 4042 393 4110 τοὺς
415 4041 513 4102 ἐκείνου
533 4041 624 4121 ἔφερον
638 4039 734 4111 πόδας,
748 4038 807 4099 nott
826 4042 862 4105 εἰς
916 4038 1074 4099 tribuentes.
1086 4035 1141 4095 Sed
1152 4035 1200 4094 ille
1215 4036 1310 4094 Petrus
1322 4047 1390 4103 erat,
1403 4031 1518 4111 inquies.
1536 4033 1573 4092 Et
1590 4034 1664 4112 quid·

90 4144 182 4215 χεῖρας
191 4134 422 4213 λμὸοίλλοντες(οὐ
435 4133 486 4246 γὰρ
495 4132 647 4210 ἐτολμων),
654 4130 783 4204 τοσαύτην
795 4129 863 4209 μετὰ
916 4134 982 4204 boc,
999 4126 1318 4206 obomoi’Nequeenim
1328 4129 1407 4186 Petro
1417 4138 1522 4184 tantum
1532 4125 1661 4208 haecpol·

91 4232 139 4299 τῆς
153 4228 288 4307 δαψιλείας
300 4228 346 4287 καί
357 4227 404 4301 τλν
418 4251 499 4304 τιμην
512 4228 583 4306 αι’ντῳ
563 4222 782 4302 ”ἀπονίμοντες.
793 4225 862 4283 Ἀλλ’
916 4225 1009 4286 licitus
1025 4235 1082 4282 est·
1074 4241 1183 4300 neque
1194 4215 1280 4294 dixtt
1295 4220 1341 4277 'lu
1354 4239 1436 4293 vcro,
1453 4217 1547 4294 Petre,
1563 4233 1660 4280 centu-

92 4323 188 4388 ἐκεῖνος
209 4312 349 4401 Πέτρος
331 4345 374 4393 ην,
401 4320 473 4400 φησί.
500 4317 601 4378 Καί’
574 4341 601 4376 τι
623 4340 700 4377 τουτο
707 4316 866 4399 ἄ,νθρωπε;
917 4314 994 4396 plum
1007 4311 1142 4393 εεοίρον
1131 4309 1221 4382 s‚01ns
1242 4264 1288 4368 sul
1296 4264 1664 4390 ,Quicuritquerebquerit

91 4412 149 4473 οὐδὲ
163 4412 214 4494 γλιρ
213 4413 325 4526 Πετρω
337 4412 511 4493 ἐπηγγείλατο
522 4434 606 4469 ταυτα
618 4410 708 4488 μόνον
719 4410 777 4469 οὐδὲ
790 4399 864 4482 εἶπε,
919 4407 1055 4475 domum,
1079 4402 1130 4460 vel
1139 4402 1267 4482 fratres,
1285 4399 1453 4480 centuplum
1468 4405 1597 4482 recipiet.
1608 4404 1662 4463 Ne·

91 4504 125 4566 ob
146 4494 229 4580 δὲ,
209 4530 233 4563 ω
258 4506 358 4586 Πετρε,
383 4502 705 4574 ἑκατονταπλασίονυλή
689 4502 744 4583 idq
772 4501 897 4596 μίνοςἪ
898 4518 972 4594 que
986 4494 1057 4555 eninr
1072 4513 1245 4599 personarum
1259 4491 1596 4573 differentiamillenovit,
1616 4494 1664 4555 scd

92 4594 707 4678 αλλλ,[1οςίοπιςαφηκενοίκίανῆἀδελφοὺς,
722 4598 902 4657 {success-A
920 4612 1010 4652 rerum
1024 4587 1128 4648 merita.
1143 4590 1179 4646 At
1193 4609 1237 4647 mc
1243 4587 1389 4665 ,inquies,
1401 4587 1550 4649 liberorum
1563 4540 1661 4649 oliorus

92 4691 266 4763 πλασὶοναλή
250 4691 354 4772 ή.ψεται
369 4690 438 4751 Οὐδὲ
457 4689 509 4770 γλιρ
527 4689 676 4802 προσώπων
700 4678 753 4748 οἶδε
771 4688 866 4768 διαφο-
921 4683 1121 4756 circumsistit,
1145 4680 1280 4762 cupioque
1298 4678 1360 4738 illos
1382 4679 1483 4740 divites
1504 4680 1662 4760 relinquere.

93 4787 150 4866 φλιν,
164 4786 233 4846 ἀλλὰ
251 4784 416 4864 πραγμάτων
440 4781 644 4863 κατορθώματα.
660 4780 740 4841 λλλλ
752 4779 866 4840 ταιοίων
922 4779 977 4838 Gur
998 4796 1061 4855 crgo
1082 4727 1143 4835 illbs
1163 4794 1294 4856 pauperes
1316 4770 1436 4830 reddis?
1461 4771 1493 4833 si
1516 4771 1588 4832 enim
1608 4773 1664 4833 illis

95 4903 128 4955 με
141 4877 225 4997 χορὸς
237 4902 272 4937 πε
275 4877 411 4959 ριέστηκε,
432 4874 510 4956 φησί,
524 4874 570 4933 καλ
585 4875 705 4951 ἐπιθυρω
719 4876 866 4933 πλουτοῦν·
921 4872 1010 4932 omnia
1031 4868 1188 4973 reliqueris,
1208 4887 1261 4926 non
1275 4880 1338 4924 tutae
1356 4864 1485 4924 custodiae
1507 4879 1554 4926 tua
1574 4868 1665 4929 omnia

14 5023 19 5030 .
94 4970 421 5037 τοιςαύτολςκαταλιπεῖν.
435 4957 572 5035 ἸΓίνοςουν
586 4964 673 5024 ἕνεκεν
689 4965 863 5035 πένηταςού·
922 4963 1081 5038 committis,
1095 4961 1189 5020 sivero
1204 4962 1291 5019 Deum
1304 4957 1580 5038 constituasipsorutn
1588 4961 1666 5021 cohe-

95 5063 153 5130 τοὺς
167 5070 309 5140 ποιοῦμεν;
323 5059 413 5122 *lile
382 5085 429 5140 μεν
443 5060 542 5141 γλρ
514 5067 601 5125 αυτοῖς
619 5055 653 5116 τλι
675 5057 766 5116 πάντα
784 5060 868 5138 ἀφῇς,
922 5054 1013 5114 nedem
1034 5065 1060 5111 ct
1074 5061 1242 5122 curatorffem
1263 5045 1384 5105 infinitos
1397 5045 1453 5105 illis
1472 5046 1612 5110 thesauros
1626 5071 1667 5111 rc·

131 5218 247 5269 hblorel.
263 5237 391 5284 perperam
421 5226 458 5270 καί
471 5226 600 5286 eripuere-r
612 5224 695 5276 ἐκείνην
712 5223 750 5268 καὶ
770 5224 860 5287 circipe-
942 5214 1006 5279 0[d
1030 5222 1054 5261 et
1067 5225 1146 5275 marg.
1159 5207 1217 5259 Sat.
1231 5214 1310 5260 οἰκίαν.
1324 5201 1393 5255 Editi
1405 5206 1553 5272 μετοικίαν]

96 5321 144 5367 χον
167 5298 215 5363 [Α.
227 5303 346 5350 cerladus
357 5315 403 5362 pro
414 5301 558 5349 καταλατεῐν.
573 5294 605 5344 Et
618 5295 653 5345 sic
666 5311 745 5362 marg.
761 5293 837 5346 Sarit.
852 5296 861 5359 λ
