3728 5978
581 628 615 675 ru
641 627 749 675 misr.
778 625 824 672 sn
849 623 932 671 unu.
962 620 1078 669 unuin.
1107 619 1166 668 vu.
1568 590 1654 685 ,539‘

88 760 185 825 ἐκεῖνος
210 759 225 815 δ
251 754 283 816 τὸ
311 754 393 835 μύρια
412 752 529 813 τάλαντα
550 751 649 826 ticos,
671 751 718 812 καί
735 749 770 810 τά
791 753 857 809 ixe-
911 746 934 807 si
949 744 1042 823 iacias,
1058 742 1182 803 debitum
1203 739 1300 821 imples
1317 762 1324 797 ι
1341 737 1449 818 quando
1471 750 1497 797 et
1513 735 1572 817 itte,
1590 759 1659 798 cum·

87 850 131 909 τὸν
147 848 259 929 δηνάρια
274 848 404 917 ἀπαιτῶν,
423 848 453 904 οὗ
470 844 514 905 διδ
527 848 604 906 τοῦτο
616 844 755 914 ἐκολάζετο
772 843 860 922 μόνον,
911 838 1004 900 decom
1018 836 1106 898 millia
1120 835 1220 896 talenta
1235 833 1389 916 accepisset,
1404 845 1511 892 centum
1529 830 1660 893 denarios

88 942 130 1001 δτι
151 940 263 1021 άπήτει,
278 941 336 998 ἀλλ’
359 939 401 998 δτι
419 938 479 998 οὐδὲ
498 943 532 1017 τῇ
549 937 683 1020 εὐεργεσία
693 935 784 1018 γέγονε
799 937 860 1016 βελ-
914 931 1036 1011 exigens,
1049 949 1101 990 non
1116 927 1177 988 ideo
1184 926 1272 1000 solum
1283 925 1397 1008 punitus
1407 923 1497 1001 ίιιετίι,
1509 921 1584 1003 quod
1594 923 1656 984 exi·-

88 1035 161 1108 τίων,
171 1034 231 1093 οὐδὲ
247 1031 371 1114 ἄρξαντος
383 1037 430 1090 τοῦ
442 1029 567 1090 δεσπότου
580 1027 861 1102 κατηκολούθησι,καλ
915 1036 1000 1103 geret,
1013 1020 1059 1082 sed
1072 1021 1154 1081 etiam
1173 1018 1247 1100 qnod
1266 1039 1302 1080 ex
1323 1031 1433 1100 accepto
1446 1015 1578 1077 beneficio
1602 1036 1656 1077 non

88 1126 120 1185 τδ
132 1125 210 1208 χρέος
225 1124 361 1185 ἀπέδωκε·
377 1123 423 1182 καί
438 1120 490 1203 γάρ
500 1120 578 1202 χρέος
589 1113 621 1194 ip
640 1120 732 1182 λοιπὸν
747 1121 861 1203 sinapi
915 1114 1013 1174 melior
1026 1111 1153 1191 eraserit,
1164 1109 1292 1192 qnodque
1305 1130 1367 1170 cum
1377 1107 1505 1168 dominns
1516 1127 1581 1167 snus
1598 1127 1657 1168 σιε-

89 1225 135 1280 τοῶ
147 1216 237 1278 δοδλου
249 1214 398 1295 γενόμενον,
414 1214 438 1272 εί
449 1237 479 1294 γε
498 1213 608 1294 ἐγένετο.
623 1212 677 1274 Καί
691 1213 743 1296 γάρ
757 1214 862 1275 ἅπαντα
916 1208 1008 1290 pisset,
1019 1206 1067 1267 iile
1079 1205 1203 1266 debitum
1214 1224 1267 1264 nou
1281 1202 1412 1263 remiserit
1426 1225 1433 1259 ε
1450 1221 1512 1260 unm
1533 1199 1658 1261 debitum

90 1310 158 1390 άπερ
183 1313 320 1386 πονοῦμεν,
332 1313 344 1340 “
354 1305 461 1386 δρειλήν
484 1308 643 1387 πληροῦντες
665 1314 800 1384 ποιοῦμεν.
814 1307 863 1367 ms
916 1299 1055 1361 eratillud
1069 1321 1084 1359 a
1098 1320 1177 1360 servo
1194 1297 1356 1380 prestitum,
1377 1294 1494 1356 simodo
1507 1293 1659 1376 praestitnm

91 1403 137 1462 καὶ
151 1403 228 1468 αὐτὸς
239 1399 338 1478 ἔλεγεν,
349 1398 437 1458 Ὅταν
447 1397 536 1458 πάντα
552 1397 810 1478 τοιήοητε,λέγετε,
822 1397 864 1459 δτι
916 1390 1019 1457 iuis'set.
1030 1393 1139 1455 Etenim
1149 1411 1325 1472 quecumque
1336 1388 1460 1466 iacimus,
1474 1386 1598 1449 debitum
1606 1386 1658 1447 im·

91 1498 129 1575 άχ
132 1503 193 1576 ρεῖοι
202 1491 289 1552 δοῦλοί
295 1493 388 1569 ἐσμεν·
398 1489 475 1572 δγίιρ
483 1489 630 1570 ὠφείλομεν
639 1492 763 1561 ποιῆσαι,
775 1489 864 1563 ίποιή·
918 1489 1020 1570 pientes
1032 1487 1154 1547 iacimus.
1165 1484 1229 1546 Ideo
1240 1498 1266 1545 ει
1275 1483 1333 1566 ipse
1339 1481 1447 1543 dicebat
1458 1504 1465 1540 ε
1476 1482 1552 1542 Cum
1560 1483 1662 1540 omnia
1668 1497 1810 1554 ιτειμιο.

92 1610 185 1666 οαμεν.
199 1584 256 1646 Κδιν
272 1585 379 1663 ἀγάπην
399 1581 484 1642 τοίνυν
505 1581 710 1662 ἐπεδειξάμεθα,
724 1582 773 1642 κάν
792 1583 864 1664 χρή-
880 1599 900 1646 1)
915 1582 1059 1663 feceritis,
1084 1579 1181 1654 dicite,
1204 1576 1286 1636 Servi
1310 1574 1431 1634 inutiles
1456 1591 1555 1633 sumus
1571 1596 1581 1628 .·
1597 1591 1662 1652 quoe

94 1702 166 1757 ματα
179 1679 266 1756 δῶμεν
280 1684 334 1744 τοῖς
347 1673 495 1754 δεομένοις,
508 1674 615 1756 ὀφειλὴν
627 1677 797 1755 πληροῦμεν·
815 1677 865 1754 οὐχ
919 1675 995 1732 ειιίνιι
1008 1668 1425 1751 debuimussucere,secimus.
1439 1660 1516 1725 Licet
1528 1684 1593 1747 ergo
1612 1684 1660 1723 ca·

93 1772 134 1830 δτι
144 1767 271 1850 κατῆρξεν
284 1768 361 1836 αὐτὸς
375 1770 528 1850 εὐεργεσιῶν
540 1766 628 1846 μένον,
643 1767 701 1826 ἀλλ’
716 1765 758 1828 δτι
773 1766 819 1826 καί
831 1765 865 1827 τά
920 1764 1028 1836 ritatem
1041 1761 1227 1835 exhibeamus,
1237 1758 1302 1819 licet
1314 1756 1445 1839 pecunias,
1455 1756 1596 1837 egentibus
1605 1776 1662 1816 ero·

94 1865 175 1922 αὐτοῦ
186 1860 352 1939 διανέμομεν,
369 1859 400 1920 ἄν
414 1883 478 1919 ποτε
493 1861 588 1938 δῶμεν.
602 1858 639 1920 Τί
652 1859 738 1920 τοίνυν
751 1863 866 1920 άποστε-
920 1875 1025 1936 gemus,
1040 1853 1164 1914 debitum
1173 1851 1339 1933 implemus:
1356 1870 1409 1909 uon
1425 1847 1515 1931 modo,
1528 1847 1602 1927 quod
1617 1847 1664 1909 ille

97 1962 149 2034 ρεῖς
162 1952 271 2014 σεαυτὸν
285 1944 322 2012 ὧν
337 1952 413 2020 αὐτός
432 1976 461 2012 οε
475 1951 598 2032 βούλεται
611 1951 700 2033 κύριον
722 1941 801 2025 ε’ίναι;
814 1951 866 2011 dds
921 1953 997 2035 prior
1015 1947 1144 2010 beneficia
1169 1949 1289 2008 conferre
1310 1944 1432 2028 eoepcrit,
1453 1942 1501 2004 sod
1519 1943 1595 2024 quod
1616 1964 1664 2004 uos

95 2054 170 2107 τοῦτο
190 2045 241 2127 γάρ
255 2069 297 2105 σοι
317 2045 450 2105 ἐκέλευσεν
469 2044 535 2105 αὐτὰ
555 2045 643 2103 δοῦναι
666 2041 763 2126 έτίρῳ,
776 2043 820 2103 ἵνα
834 2042 866 2105 οδ
921 2068 981 2127 quae
1000 2044 1086 2127 ipsius
1100 2057 1162 2105 sunt
1181 2041 1388 2119 distribuamus,
1404 2041 1427 2100 si
1442 2060 1591 2122 erogemus.
1608 2038 1665 2098 Gur

96 2137 163 2198 αι’ντδ
176 2137 250 2218 ἔχῃς.
268 2136 340 2205 Ἕως
352 2136 462 2218 μὲνγὰρ
476 2136 554 2215 μόνος
568 2135 704 2217 κατέχεις,
719 2133 780 2195 sust
791 2135 868 2205 αὐτὸς
923 2139 1008 2220 igitur
1017 2152 1042 2198 tc
1052 2136 1108 2198 iilis
1117 2137 1220 2218 privas,
1232 2156 1348 2214 quornm
1361 2134 1408 2194 ille
1420 2147 1446 2194 te
1458 2133 1598 2194 dominum
1609 2150 1666 2192 esse

97 2229 174 2310 ἔχεις·
184 2228 246 2290 δταν
258 2229 284 2290 δέ
300 2230 381 2311 ἑτέρῳ
398 2233 463 2310 δῷς,
474 2229 533 2288 τότε
543 2228 589 2289 καὶ
601 2228 678 2296 αὐτὸς
689 2227 789 2296 studet.
800 2219 869 2311 'spat
923 2233 1001 2295 vult?
1013 2230 1077 2291 ideo
1090 2230 1163 2290 enim
1183 2243 1208 2289 ιε
1218 2228 1301 2310 jussit
1326 2227 1373 2287 illa
1395 2227 1461 2288 dare
1476 2227 1567 2307 alteri,
1589 2239 1620 2287 nt
1635 2238 1666 2286 tn

96 2347 122 2380 τι
142 2322 235 2383 τούτου
250 2327 296 2383 τοῦ
315 2322 424 2404 ριλτροο
437 2321 532 2402 γένοιτ’
549 2320 580 2380 διν
595 2321 665 2396 ίοον;
684 2321 769 2389 utet<
781 2320 868 2404 ἐξέχεε
924 2325 971 2385 illa
996 2322 1144 2406 possideas.
1159 2323 1251 2381 Donec
1270 2320 1343 2380 enim
1366 2320 1413 2379 illa
1438 2321 1549 2398 retines,
1564 2339 1613 2378 uec
1636 2331 1667 2378 tu

96 2415 127 2473 τδ
141 2406 207 2494 αἷμα
227 2419 292 2498 ὑπὲρ
315 2420 367 2475 τῶν
391 2417 503 2496 ἐχθρῶν,
519 2420 597 2493 ἡμεῖς
610 2414 637 2474 δὲ
659 2415 718 2475 oott
739 2415 867 2496 χρήματα
924 2417 981 2500 ipse
993 2417 1077 2477 habes
1094 2435 1178 2473 :cum
1190 2432 1255 2474 vero
1270 2411 1319 2471 das
1333 2411 1420 2486 alteri,
1436 2425 1500 2471 tunc
1519 2410 1576 2492 ipsa
1590 2430 1667 2470 recc-

96 2507 163 2587 ίιπὲρ
176 2513 222 2565 τοῦ
237 2506 477 2586 εὖεργέτου·αὗπδς
490 2506 521 2565 τδ
540 2496 607 2584 αἷμα
627 2506 658 2566 τὸ
670 2509 869 2585 έαυτοῦ,ήμιῐς
909 2510 996 2594 pisti.
1010 2511 1083 2570 Num
1094 2506 1245 2589 quidquam
1254 2519 1303 2583 cst,
1317 2503 1390 2585 quod
1403 2504 1475 2564 hunc
1487 2525 1606 2565 amorem
1618 2525 1667 2564 ex·

97 2600 125 2657 δὲ
149 2598 207 2658 οδδί
227 2599 355 2680 χρήματα
378 2597 412 2657 τά
435 2602 484 2680 οὐχ
496 2601 589 2677 ἡμῶν·
605 2597 682 2667 αὐτὸς
703 2597 756 2678 πρὸ
781 2603 869 2677 ἡμῶν,
923 2624 1030 2685 aequare
1050 2602 1160 2684 possit?
1173 2601 1234 2682 lpse
1250 2597 1410 2679 sanguinem
1430 2617 1482 2678 pru
1495 2595 1613 2658 inimicis
1625 2596 1668 2657 ei-

95 2697 174 2770 ήμεῐς
191 2688 218 2751 δί
241 2690 299 2751 οὐδὲ
313 2694 371 2770 μετ’
385 2690 479 2750 αὐτόν·
494 2690 572 2757 αὐτὸς
590 2689 657 2772 ὑπὲρ
669 2693 718 2762 τῆς
738 2692 871 2773 ἡμετέρας
887 2705 906 2751 E
924 2695 1007 2775 indit,
1017 2697 1071 2755 bos
1085 2715 1151 2756 vero
1165 2713 1199 2752 ne
1220 2690 1346 2773 pecunias
1363 2689 1474 2769 quidem
1489 2694 1539 2772 pro
1558 2688 1668 2749 beneia-

96 2781 242 2865 σωτηρῖαι,
253 2776 330 2862 ἡμεῖς
343 2784 370 2842 δὲ
381 2783 438 2844 οὐδὲ
449 2783 515 2864 ὑπὲρ
529 2788 576 2856 τῆς
586 2789 718 2865 ἡμετέρας
728 2784 870 2864 ὠφελείας·
924 2803 1015 2849 etore:
1029 2788 1087 2870 ipsc
1099 2785 1259 2867 sauguinem
1272 2805 1362 2859 snum,
1373 2803 1421 2842 nos
1432 2803 1519 2861 neque
1529 2781 1668 2864 pecunias,

96 2874 155 2935 οὐδὲ
170 2874 223 2959 γάρ
236 2879 306 2958 αὐτῷ
321 2900 346 2935 τι
360 2876 460 2956 γίνεται
472 2876 552 2937 πλέον
566 2878 597 2936 ἐκ
616 2880 663 2948 τῆς
680 2876 813 2960 ἡμετέρας
825 2900 871 2959 ρι-
925 2901 984 2958 quae
997 2891 1093 2939 nostrae
1108 2898 1159 2937 non
1173 2889 1237 2936 sunt
1252 2898 1259 2933 ι
1279 2875 1336 2956 ipse
1355 2885 1416 2932 ante
1436 2894 1495 2951 nos,
1511 2891 1560 2933 uos
1580 2874 1671 2932 autem

95 2968 264 3050 λανδρωπίας
273 3014 281 3044 ,
296 2969 366 3028 ἀλλὰ
377 2970 407 3029 τὸ
426 2978 479 3028 πᾶν
493 2972 531 3037 είς
541 2975 613 3045 ἡμᾶς
627 2967 796 3050 περιίσταται
809 2971 872 3051 κίρ-
925 2993 973 3032 uec
990 2985 1051 3053 post
1064 2972 1155 3052 ipsum
1169 2992 1176 3026 ι
1191 2968 1248 3050 ipsc
1262 2989 1311 3049 pro
1330 2966 1416 3025 salute
1438 2979 1539 3042 nostra,
1555 2986 1603 3026 nos
1622 2984 1671 3026 nco

96 3062 147 3128 δος.
164 3059 217 3120 Ad
230 3060 282 3141 γάρ
296 3061 430 3121 τοῦτοκαὶ
441 3060 602 3139 κελευόμεδα
615 3059 682 3120 αὐτὰ
694 3059 818 3134 ιδοῦναι,
829 3060 873 3120 ίνα
925 3084 975 3144 pro
990 3075 1081 3122 nostra
1102 3059 1238 3137 utilitate,
1253 3078 1339 3138 noque
1361 3055 1432 3116 enim
1456 3056 1497 3116 illi
1521 3055 1671 3135 quidquam

98 3151 136 3231 μή
151 3152 239 3213 αδτῶν
264 3153 418 3232 ίκπέσωμεν
434 3159 520 3230 ἡμεῖς.
539 3153 643 3233 Ὥσπερ
665 3152 717 3235 γάρ
735 3156 760 3213 εί
774 3153 873 3236 παιδίῳ
926 3151 1029 3214 accedit
1046 3174 1081 3213 ex
1100 3165 1189 3212 nostra
1202 3149 1368 3231 benignitate
1373 3173 1382 3228 3
1396 3149 1443 3209 sed
1456 3150 1562 3209 lucrum
1584 3162 1672 3210 totum

97 3270 137 3312 τις
150 3245 273 3326 άρχιίριον
287 3246 341 3326 δῴη
367 3246 581 3327 μικρῷ,κελεύει
597 3245 719 3327 κατέχειν
740 3247 873 3327 σφοδρῶς,
928 3246 962 3307 ad
976 3268 1025 3307 nos
1039 3245 1193 3307 revertitur.
1209 3244 1274 3305 ideo
1286 3244 1415 3325 jubemur
1430 3242 1477 3302 illa
1491 3243 1567 3322 dare,
1585 3265 1619 3303 ne
1638 3241 1673 3302 ab
1743 3316 1748 3323 ·

97 3337 114 3409 ἢ
135 3338 233 3418 καὶτῷ
252 3338 341 3415 οἰκέτῃ
358 3341 446 3397 δοῦναι
462 3339 612 3419 φυλάττειν,
632 3337 701 3398 ὥστε
719 3337 756 3418 μὴ
780 3337 875 3407 ίίεῑναι
909 3343 984 3437 5illis
1000 3339 1167 3402 excidamus.
1182 3339 1260 3401 Sicut
1272 3340 1344 3398 enim
1357 3359 1419 3398 cum
1431 3336 1568 3420 quispiam
1579 3329 1673 3419 argen-

99 3431 218 3513 άρπάοαι
230 3434 269 3512 τῷ
285 3432 452 3514 βουλομένῳ·
469 3430 537 3492 οὕτω
555 3428 587 3501 δή
607 3431 653 3491 καί
673 3435 688 3490 δ
708 3431 776 3498 oet<
795 3440 875 3493 ποιεῖ.
893 3456 913 3502 Λ
930 3434 1043 3495 tumdat
1053 3433 1178 3517 puerulo,
1188 3431 1266 3514 jubet
1276 3430 1354 3490 illum
1367 3444 1490 3490 accurate
1502 3451 1621 3508 servare,
1629 3431 1674 3491 vei

99 3523 150 3603 Δδς
160 3522 212 3604 γδρ
222 3527 261 3602 τῷ
274 3525 403 3603 δεομένῳ,
418 3523 508 3604 punis,
518 3522 561 3581 ἵνα
575 3522 612 3602 μὴ
627 3523 735 3605 ἁρπάσῃ
753 3546 792 3591 τις
808 3521 876 3582 αὐτὰ
930 3526 1031 3586 famulo
1039 3526 1143 3586 tradere
1154 3522 1369 3596 custodiendum,
1377 3535 1407 3581 ut
1415 3521 1565 3582 necuiiibet
1573 3522 1673 3583 volenti

99 3615 152 3674 ἀπὸ
166 3620 229 3687 σοῦ,
244 3607 328 3686 οἶονῆ
348 3613 553 3696 ουκοῳάντης,ή
568 3615 729 3688 sumpsi
743 3614 876 3692 κλέπτης,
930 3619 1009 3679 liceat
1026 3618 1170 3700 abripere:
1189 3615 1229 3676 sic
1250 3629 1276 3676 et
1289 3617 1364 3676 Dens
1376 3615 1448 3676 [neit.
1463 3618 1506 3675 Da
1521 3616 1674 3695 egenti,iu-

98 3707 116 3779 ή
143 3707 211 3785 μετὰ
234 3708 335 3776 πάντας
355 3713 369 3768 δ
383 3710 501 3776 θάνατος.
514 3708 587 3776 Ἕως
610 3708 658 3787 μὲν
679 3706 732 3791 γάρ
753 3706 785 3767 δν
798 3708 877 3775 αὐτὸς
929 3711 1001 3792 quit,
1016 3725 1046 3770 ut
1059 3710 1162 3791 nequis
1175 3709 1249 3769 iilaa
1263 3723 1289 3768 te
1302 3709 1416 3786 auferat,
1433 3720 1480 3767 aut
1494 3709 1672 3790 sycophanta,

100 3799 167 3860 &ind
191 3799 322 3879 κατέχῃιι
338 3804 385 3861 Οὔκ
405 3804 529 3881 ἀσφαλῶς
548 3799 744 3881 usupra-etv
765 3799 793 3860 δὲ
816 3799 876 3880 ἐμοὶ
929 3821 976 3866 aut
995 3804 1132 3881 diabolus,
1148 3818 1193 3863 aut
1204 3804 1259 3878 fur,
1273 3815 1319 3860 aut
1341 3814 1402 3882 post
1422 3792 1513 3860 omues
1525 3821 1606 3861 mors.
1617 3803 1675 3860 Do-

100 3891 168 3950 adri
182 3893 233 3971 δῷι
248 3892 291 3952 διδ
308 3899 361 3953 τῶν
385 3894 516 3966 πενήτων,
532 3892 585 3972 ἐγώ
607 3917 649 3953 σοι
662 3892 786 3974 ρυλάττω
808 3891 875 3970 μετὰ
929 3920 977 3959 nec
1000 3919 1045 3957 ess
1057 3895 1173 3975 detines,
1189 3916 1243 3955 uon
1260 3908 1317 3956 tuto
1331 3893 1449 3972 detines,
1461 3892 1483 3954 si
1503 3909 1592 3955 autem
1613 3896 1674 3956 ilias

98 3983 235 4062 ιἰκμιδείας
247 3984 366 4054 άπαντα,
381 3985 426 4044 καί
441 3990 467 4045 ἐν
482 3989 568 4066 καιρῷ
580 3987 618 4066 τῷ
630 3984 792 4065 προσήκοντι
807 3984 875 4063 μετὰ
929 3991 997 4052 mibi
1011 4013 1060 4072 per
1074 4011 1205 4072 pauperes
1218 3987 1335 4063 dederis,
1349 4007 1399 4066 ego
1420 3986 1471 4046 tibi
1485 3987 1576 4047 omnia
1591 4010 1673 4050 aucu-

98 4077 201 4146 πολλῶν
218 4075 286 4136 αὐτὰ
299 4077 515 4149 &sonorantium
528 4082 576 4149 τῆς
596 4075 757 4156 περιουσίας.
772 4076 876 4160 Οὔγδρ
928 4099 986 4145 rate
1001 4081 1163 4158 custodium,
1185 4094 1211 4141 οι
1231 4095 1382 4162 opportuno
1406 4092 1525 4161 tempore
1543 4079 1594 4140 tibi
1611 4080 1674 4143 illas

99 4167 145 4226 ίνα
167 4167 306 4248 άῳιλωμαι
331 4169 474 4247 λαμάάνω,
489 4171 547 4228 ἀλλ’
568 4168 610 4227 ίνα
622 4167 742 4228 ιπλείονα
756 4169 875 4246 ποιήσω,
928 4197 1026 4257 magno
1043 4197 1105 4234 cum
1116 4175 1217 4233 foenore
1229 4173 1377 4233 restituam.
1391 4173 1451 4232 Non
1465 4171 1536 4232 enim
1556 4187 1586 4232 ut
1598 4174 1673 4235 anie·

98 4259 143 4317 ivn
158 4259 342 4341 ἅκριὸἕστερον
363 4260 483 4342 φυλάξω,
497 4260 541 4319 ἵνα
555 4265 613 4320 κατ’
635 4259 733 4326 ἐκεῖνόν
748 4285 789 4321 σοι
809 4261 876 4323 αὗτδ
929 4290 987 4329 ram
998 4266 1113 4347 accipio,
1127 4264 1175 4324 sed
1192 4277 1222 4323 ut
1242 4283 1353 4343 augeam
1367 4277 1393 4323 et
1406 4276 1463 4324 tuto
1479 4263 1628 4327 custodiam
1647 4280 1673 4327 οι

101 4352 211 4434 τηρήσω
228 4352 273 4413 τὸν
288 4353 393 4434 χρδνυν,
404 4356 463 4413 καθ’
477 4353 505 4413 δν
519 4353 601 4421 οὐδεὶς
619 4358 633 4412 ὁ
653 4352 776 4423 δανείζων
790 4354 876 4415 osset
928 4361 979 4422 tibi
992 4359 1028 4420 ad
1041 4357 1111 4418 illud
1120 4379 1206 4438 usque
1218 4371 1325 4439 tempus
1339 4376 1485 4436 asserium,
1502 4380 1555 4438 qno
1581 4358 1674 4421 nullus

107 4448 187 4504 ἐλεῶν
202 4449 267 4506 ἐστι.
279 4446 315 4506 Τί
333 4436 377 4505 odo
389 4446 482 4526 γένοιτ’
498 4445 528 4505 ἂν
549 4450 627 4525 ἡμῶν
646 4445 876 4529 ῶμάτερον“μετά
929 4454 990 4531 erit,
1015 4451 1063 4533 qui
1088 4451 1185 4512 ioenori
1203 4448 1259 4526 det,
1274 4470 1322 4509 nec
1338 4450 1385 4530 qui
1406 4451 1591 4514 misericordia
1615 4474 1673 4514 mo·

101 4537 225 4606 τοιαῦται
239 4539 396 4619 ὑποσχέσεις
416 4538 453 4617 μὴ
470 4539 636 4620 ἀνεχομένων
651 4542 723 4620 αὐτῷ
737 4540 875 4614 δανείζειν;
929 4559 1035 4607 ventur.
1050 4542 1126 4617 Quid
1150 4541 1296 4602 immanius
1318 4555 1358 4602 est
1381 4542 1468 4620 nobis,
1482 4543 1530 4623 qui
1552 4558 1613 4626 post
1633 4559 1674 4606 tot

102 4630 247 4714 ’Τοιγάρτοι
260 4633 304 4692 διὰ
316 4640 392 4693 τοῦτο
412 4631 506 4713 ἔρημοι
526 4633 571 4691 καί
585 4632 678 4712 γυμνοί
700 4633 746 4693 καί
764 4632 875 4707 πένητες
893 4651 911 4698 Β
928 4637 1128 4722 promissiones,
1143 4634 1300 4717 nequidem
1322 4633 1375 4717 ipsi
1398 4649 1492 4696 mutuo
1516 4636 1581 4716 dare
1593 4637 1672 4698 voln-

101 4723 255 4804 πρίιαῦῖὸι
271 4723 686 4804 ἅπερχίμῑθαιτᾶπιστῑνθὲντα
698 4725 875 4807 obsitum,
928 4730 1089 4792 mus?1deo
1112 4728 1223 4807 deserti,
1244 4727 1311 4806 nudi
1335 4740 1361 4788 et
1382 4748 1512 4810 pauperes
1527 4727 1562 4788 ad
1582 4729 1674 4811 ipsum

100 4814 141 4876 δτι
167 4813 265 4897 μήτῷ
291 4815 397 4876 πάντων
427 4815 493 4874 αὐτὰ
523 4816 709 4898 ἀκριὸέστερον
732 4817 875 4900 φυλάττον-
928 4824 1086 4905 migrnmus,
1100 4843 1203 4901 eaquae
1222 4820 1301 4882 uobis
1314 4820 1465 4881 concredita
1481 4835 1543 4881 suut
1556 4842 1609 4881 non
1623 4822 1673 4883 ha·

101 4933 129 4967 τι
151 4908 430 4990 παρακατατιθέμεθα.
451 4909 499 4968 Διὸ
525 4908 570 4967 καί
591 4908 640 4982 τήν
660 4909 775 4991 ἐσχάτην
795 4907 876 4970 δώσο-
929 4918 1030 4990 bentes,
1049 4913 1183 4995 quianon
1204 4913 1252 4973 illa
1272 4913 1344 4995 apud
1368 4935 1441 4991 eum,
1458 4912 1505 4990 qui
1520 4913 1673 4974 accuratius

104 5026 152 5079 μεν
168 5001 251 5076 δίκην.
268 5001 304 5063 Τί
317 5002 369 5083 γάρ
391 5004 437 5062 καί
447 5004 635 5082 ἐγκαλούμενοι
657 5003 821 5081 δυνησόμεθα
842 5006 875 5062 εί·
930 5008 1056 5068 omnibus
1082 5019 1179 5080 servat,
1193 5004 1377 5086 deposuimus.
1401 5005 1516 5084 Ideoque
1540 5019 1673 5067 extremas

102 5111 162 5161 πεῖν
183 5102 249 5187 ὑπὲρ
275 5111 322 5179 τῆς
348 5106 481 5173 ἀπωλείας
508 5109 621 5178 έαυτῶν;
643 5103 721 5164 τοίαν
744 5104 874 5186 πρόφασιν
931 5100 1058 5161 dabimus
1076 5120 1176 5182 poenas.
1192 5096 1270 5173 Quid
1291 5098 1362 5157 enim
1377 5096 1493 5158 accusati
1512 5097 1601 5160 dicere
1622 5121 1673 5182 po-

141 5274 210 5325 ·Sic
232 5275 381 5328 bissbiorel
409 5294 467 5328 uero
491 5285 580 5350 δριιλὴν
596 5283 709 5337 ποιοῦντες
724 5283 864 5348 πλημοῦμιν.
915 5275 1021 5339 τελῶν-1

106 5356 113 5421 [
125 5355 183 5404 bio}
191 5352 219 5402 d.
234 5358 417 5423 πεποιήκαμεν]
948 5371 958 5396 ⁸
977 5355 1023 5419 [Α.
1036 5357 1096 5420 μηδὲ
1106 5359 1182 5419 μετὰ,
1196 5348 1288 5403 omisso
1299 5350 1411 5417 sequenti
1424 5352 1487 5417 pesp]

142 5435 154 5470 b
172 5433 268 5496 [διδόναι
280 5437 298 5484 Α
320 5436 376 5486 Mox
390 5435 456 5486 idem
464 5442 488 5486 ct
498 5452 575 5503 marg.
585 5436 643 5488 Suu.
654 5432 751 5487 addunt
760 5444 798 5491 καί
807 5447 865 5486 ante
