3728 5978
584 462 619 511 ιιι
645 462 755 512 misr.
781 462 828 512 ιιι
855 460 935 512 sou.
964 436 1092 518 ιιοιιιι..ι
1112 457 1224 529 ιιιινιι,Ι
1441 500 1445 505 .
1616 439 1689 543 789
1751 506 1752 510 ,

112 585 216 641 κεῖθεν
237 583 284 643 καί
302 587 412 645 ἐνταῦθα
425 585 620 667 εἰσαγόγωμεν,
633 589 678 649 ίνα
692 595 719 651 αἱ
736 589 826 660 πόλεις
841 589 890 668 γί-
944 587 1051 647 traham
1073 586 1121 665 qui
1143 600 1247 672 montes
1266 600 1443 668 oocuparunt,
1464 587 1511 648 sod
1532 588 1629 669 lugens
1644 609 1689 650 eos

112 693 216 733 αανται
229 674 431 742 misteriis«
447 678 491 737 τδν
507 677 630 754 Ἕλληνα
641 684 759 761 ὀρθῶσαι
772 682 890 755 δύναται,
945 679 1034 758 quiin
1053 677 1167 737 urbibus
1185 678 1317 757 habitant,
1340 679 1405 758 quia
1417 679 1546 740 virtutem
1559 679 1624 742 inde
1641 701 1688 741 ex·

112 766 203 825 ἀὔτα
215 767 368 836 ἀπαλλάξαι
382 769 482 850 μυρίων
494 771 657 856 σιιανδοίλων.
679 770 775 847 Ὥστε,
790 775 815 832 εἰ
829 771 891 851 βοῶ-
944 768 1083 849 putemne.
1111 770 1311 846 Quamobrem,
1338 771 1472 857 obsecro,
1486 772 1689 855 philosophiam

112 879 149 916 ιι
172 860 297 919 κάκεῖνον
312 864 483 943 ἐλευθερῶσαι
504 863 670 938 σκανδαλου,
685 866 731 924 καί
746 866 822 933 αὐτὸς
837 888 891 942 μυ·
944 881 981 920 ex
998 858 1136 920 montibus
1170 861 1226 924 huc
1252 862 1424 940 inducamus,
1447 864 1621 926 uteivitates
1635 865 1691 925 sint

112 947 180 1008 νίοαν
193 953 344 1012 ἀπολαῦσαι
359 960 471 1031 μισθῶν,
486 956 531 1016 τὸν
544 956 600 1034 βίον
613 946 715 1039 διόρθου
726 957 771 1018 τδν
782 963 890 1029 σαυτοῦ,
944 972 1018 1013 vere.
1030 951 1166 1012 civitates:
1178 954 1237 1014 haee
1256 968 1369 1036 possunt
1384 957 1520 1033 ,Graecum
1539 955 1689 1031 emendare,

112 1040 158 1102 rat
173 1041 306 1105 πάντοθεν
319 1047 486 1124 ἀπσλοίμπειν
497 1047 567 1107 ποίει
577 1093 586 1122 ,
597 1048 694 1117 Ὅπως
705 1051 794 1110 ίδωσιν
806 1054 831 1110 οἰ
845 1050 891 1110 όν-
944 1043 1003 1116 haee
1014 1068 1031 1106 a
1044 1045 1119 1103 mille
1134 1045 1306 1106 offendiculis
1325 1047 1452 1107 liberare.
1474 1047 1691 1119 Quamobremsi

112 1141 222 1214 ἰρευποι
233 1134 268 1195 ιδ
283 1136 353 1195 καλὰ
366 1138 429 1218 ἔργα
444 1142 553 1218 'ipsiu
569 1139 614 1199 καί
627 1140 754 1212 δοξάζουσι
766 1141 811 1202 τόν
827 1144 891 1202 Πα-
939 1139 1014 1199 -velis
1031 1139 1068 1198 et'
1088 1138 1168 1199 illum
1182 1162 1198 1200 a
1211 1141 1338 1202 scandalo
1360 1142 1475 1202 liberare
1483 1157 1512 1202 et
1525 1143 1590 1226 hinc
1613 1143 1691 1204 mille

112 1223 183 1306 ipos
198 1226 244 1286 τὸν
263 1229 290 1286 ἐν
308 1238 362 1297 τοῖς
379 1233 507 1311 οὐρανοῖς.
531 1229 613 1292 olm
625 1232 678 1314 γὰρ
691 1233 738 1292 καί
751 1240 829 1312 ἡμεῖς
844 1239 891 1308 τῆς
944 1231 998 1290 frui
1012 1230 1197 1306 meresdihus,
1214 1232 1300 1294 vitam
1312 1246 1388 1292 tuam
1404 1234 1516 1294 emenda
1529 1236 1690 1315 standique

112 1317 271 1398 ἰποῤῥήτυι
285 1320 385 1394 ἐκείνης
400 1321 445 1381 καί
460 1323 578 1403 μεγοῶης
588 1324 793 1403 ἀπολαυσόμεθα
807 1325 891 1398 δόξης·
909 1339 928 1386 ιι
947 1320 1215 1403 splendescimus
1226 1324 1480 1386 hominesvideant
1491 1349 1580 1408 opera
1590 1342 1692 1389 αεεινα

112 1400 145 1481 ἧς
157 1410 264 1489 γίνοιτο
277 1414 378 1480 πάντας
391 1419 463 1494 ἡμᾶς
478 1420 621 1496 ἐπιτυχεῖν,
634 1417 726 1499 χάριτι
739 1417 785 1477 καί
799 1421 893 1499 φιλαν·
948 1418 1024 1475 hona
1044 1428 1073 1475 et
1087 1417 1252 1498 giorificent
1272 1421 1394 1479 Patrem
1416 1433 1566 1499 oestrum,
1588 1424 1692 1503 quiin

112 1502 226 1585 ἰρυιπίσρ
246 1510 290 1564 τοῦ
312 1505 411 1586 Κυρίου
433 1509 510 1584 ἡμῶν
524 1506 614 1580 Ἰησοῦ
628 1510 765 1587 Χριστοῦ,
790 1501 891 1588 μεθόθ
946 1509 1027 1566 ecelis
1044 1521 1098 1568 sse.
1111 1508 1158 1568 Sio
1170 1509 1242 1568 enim
1257 1524 1283 1569 et
1294 1532 1342 1571 nos
1360 1510 1416 1570 frui
1435 1512 1583 1593 poterimus
1596 1513 1692 1573 ineffa-
1728 1523 1731 1526 ’

112 1597 156 1675 sip
182 1596 274 1676 Πατρί
297 1595 353 1674 ἅμα
375 1602 414 1678 τῷ
437 1598 505 1680 όγίιρ
527 1598 665 1678 Πνεῦματι
678 1600 761 1676 δόξα,
782 1601 890 1681 ιιροίτος,
946 1598 997 1659 hili
1013 1599 1061 1660 illa
1075 1614 1102 1660 et
1122 1621 1220 1681 magna
1240 1603 1344 1683 gloria3
1358 1626 1440 1683 quarn
1456 1626 1504 1665 nos
1514 1626 1606 1666 omnes
1619 1627 1696 1666 asse·

112 1685 201 1764 τιμὴ,
216 1692 260 1747 νῦν
274 1687 320 1748 καί
334 1687 394 1763 isi,
413 1689 459 1749 καί
480 1693 517 1757 εἰς
534 1688 594 1760 τοὺς
609 1693 704 1761 αἰῶνας
714 1696 767 1753 τῶν
779 1693 890 1764 αἰώνων.
947 1691 994 1769 qui
1005 1691 1158 1772 contingat,
1172 1695 1259 1774 gratia
1273 1708 1299 1754 et
1309 1695 1474 1778 benignitate
1484 1697 1597 1757 Domini
1607 1697 1691 1758 nostri
1743 1691 1746 1698 ’

112 1775 215 1856 Ἀμήν.
775 1805 777 1808 ⁴
945 1788 1009 1848 lesu
1021 1787 1138 1865 Christi,
1151 1789 1262 1867 quicum
1282 1793 1478 1871 Patreunaque
1493 1793 1610 1874 Spiritui
1625 1813 1691 1854 sau·

946 1894 989 1940 cto
998 1880 1094 1960 gloria,
1105 1882 1259 1963 imperinm,
1269 1883 1365 1960 honor,
1380 1906 1452 1946 nuno
1463 1900 1488 1946 et
1498 1907 1612 1968 semper,
1621 1900 1649 1946 et
1662 1885 1691 1945 in

837 2005 838 2008 ι
946 1973 1045 2033 saeeula
1056 1973 1226 2035 seculorum.
1239 1978 1335 2036 Amen.

152 2176 166 2202 ¹
183 2166 248 2229 ἰμαν
258 2161 344 2214 deerat
358 2165 383 2215 in
395 2164 482 2218 ἰίοτεί.

114 2341 1685 2394 ἓξὲξ-Ἣ

417 2518 551 2576 omini
564 2515 614 2586 ις’.
1028 2489 1030 2493 ’
1155 2521 1315 2582 sommi
1336 2521 1459 2586 xxvii.

112 2696 192 2779 b'I'igi
211 2697 239 2758 δί
260 2698 396 2778 δυναμένῳ
415 2703 485 2777 ὑμᾶς
505 2698 626 2779 στηρίξαι
640 2698 712 2760 κατίι
731 2700 761 2760 τδ
781 2702 892 2783 ιθαγγί-
946 2704 1103 2768 (λιιιΧίλί.
1115 2727 1144 2766 ν’.
1159 2707 1210 2767 hl.
1226 2710 1267 2767 Ei
1278 2720 1386 2780 autem,
1400 2714 1452 2788 qui
1462 2723 1566 2788 potens
1582 2723 1626 2770 est
1635 2728 1691 2770 uos

160 2789 219 2847 λιόν
241 2814 291 2867 μου
311 2791 357 2850 καί
376 2790 408 2850 εδ
424 2791 550 2871 κήρυγμα
568 2791 658 2865 Ἰησοῦ
671 2794 803 2871 Χριστοῦ,
824 2792 894 2853 κατδι
945 2798 1124 2879 confirmare
1143 2801 1303 2863 seeundum
1331 2802 1516 2881 evangelium
1545 2823 1640 2862 meum
1661 2814 1691 2862 st

161 2883 329 2962 ἀποιισλυψιν
345 2883 490 2964 μυστηρίου
503 2883 607 2963 χρόνοις
620 2883 735 2952 αἰωνίοις
747 2884 892 2964 σεσιγημί-
944 2893 1183 2970 predicationem
1192 2895 1265 2953 lesu
1277 2895 1398 2969 Christi,
1410 2896 1570 2955 secundum
1578 2896 1693 2956 reveles·

163 2999 217 3049 νου,
231 2975 422 3057 φανερωθέντος
438 2976 465 3036 δὲ
478 2984 522 3037 νῦν
537 2975 581 3035 διὰ
594 2977 618 3034 Γ
620 2978 707 3056 papiu
721 2982 893 3057 προφητικῶν
908 2986 928 3035 G
947 2988 1055 3044 tionem
1066 2991 1200 3062 mysterii
1209 2993 1384 3069 temporibus
1394 2994 1510 3050 oetmnis
1523 2985 1608 3050 timisi
1613 3014 1627 3061 ,·
1638 2992 1690 3051 25.
1749 3044 1758 3062 ,

161 3067 222 3126 κατ’
236 3066 365 3147 ἐπιταγὴν
378 3075 424 3127 τοῦ
437 3066 543 3126 αἰωνίου
557 3069 644 3142 Θεοῦ,
658 3070 694 3135 είς
707 3066 829 3141 θπαιιαλν
843 3067 893 3128 πί·
948 3080 1132 3159 manifestati
1151 3093 1249 3140 autem
1273 3103 1351 3142 nunc
1363 3103 1418 3163 per
1435 3083 1601 3163 Scripturas
1618 3103 1691 3164 pm-
1802 3063 1812 3079 ι

160 3184 259 3232 meos,
274 3164 311 3228 εἰς
329 3161 417 3221 πάντα
431 3159 465 3220 τὰ
477 3160 537 3234 ἔθνη
549 3159 747 3241 γνωρισθέντος·
764 3159 836 3243 μόνην
847 3183 893 3221 σν·
945 3171 1087 3249 μίιειίεαε,
1097 3174 1256 3231 seeundum
1267 3187 1443 3254 proseptum
1457 3176 1558 3233 eterni
1570 3174 1638 3246 Dei,
1650 3175 1694 3234 od

162 3257 205 3334 φνῖν
223 3256 305 3334 Θεῷ,
324 3251 368 3312 διὰ
387 3252 476 3325 Ἰησοῦ
487 3253 618 3332 Χθῑπθῧν
633 3241 655 3331 ᾧ
670 3256 689 3324 ἦ
710 3251 773 3322 δόξα
783 3254 822 3321 εἷς
833 3253 894 3321 τοὺς
948 3263 1144 3323 obedientiam
1148 3265 1240 3346 fidei,
1252 3269 1284 3324 in
1296 3271 1408 3326 eunetis
1417 3269 1551 3346 gentibus
1564 3269 1692 3347 cogisti,-

162 3348 267 3413 αἰῶνας.
281 3344 374 3423 Ἀμήν.
800 3418 802 3427 ¹
947 3357 998 3415 26.
1014 3355 1071 3414 soli
1091 3360 1218 3437 sapienti
1238 3359 1314 3429 Deo,
1335 3360 1505 3437 perissem
1527 3358 1690 3430 Christum,

948 3448 997 3505 cui
1002 3446 1099 3528 glorio
1110 3450 1143 3506 in
1151 3448 1270 3508 soeeula.
1282 3448 1391 3508 Amen.

160 3625 242 3693 Ἔθος
255 3626 296 3686 iel
308 3630 347 3708 τῷ
361 3626 462 3707 Παύλῳ
482 3629 518 3694 εἰς
532 3625 610 3708 εῦχίις
623 3625 669 3685 καί
684 3624 831 3706 δοξολογίας
842 3649 892 3685 ιια-
990 3624 1019 3682 ἰ.
1031 3624 1093 3683 Mos
1099 3636 1139 3682 est
1152 3644 1257 3706 semper
1267 3623 1352 3685 Paulo
1360 3624 1559 3705 precationibus
1570 3638 1597 3686 et
1609 3625 1693 3707 glori·

115 3718 252 3779 ταιιλιίειν
271 3718 321 3790 τἠν
343 3718 517 3799 παραίνεσιν·
537 3709 590 3779 οἶδε
612 3718 664 3799 γδιρ
686 3723 716 3778 οὐ
741 3717 840 3797 μικρδν
863 3719 895 3777 τδ
948 3713 1072 3775 ficatione
1096 3715 1310 3776 adhortationem
1330 3716 1455 3776 claudere
1472 3740 1480 3774 ι
1498 3716 1601 3777 sciehat
1619 3718 1692 3778 euim

115 3821 236 3889 πρᾶγμα
253 3807 312 3891 ἕχον
333 3811 425 3890 pon-iv.
442 3812 529 3870 Τοῦτο
544 3809 572 3870 δὲ
585 3811 639 3870 del
650 3809 834 3892 φιλοστοργίας
849 3809 895 3869 καί
947 3826 1070 3865 mennon
1087 3827 1144 3866 esse
1160 3806 1228 3867 levis
1236 3807 1374 3867 momenti.
1384 3804 1459 3868 Illud
1468 3828 1548 3889 porro
1558 3829 1695 3870 examore
1795 3878 1799 3885 ‚

118 3901 262 3968 εὐλαόείας
274 3910 358 3961 ποιεῖν
369 3902 452 3961 ιίωθε.
469 3903 523 3962 Kal
534 3902 586 3982 γὰρ
597 3902 751 3982 φιλόπαιδας
766 3899 811 3960 ιιαί
821 3902 894 3982 φιλο·
947 3910 974 3956 εἰ
984 3897 1083 3977 pietate
1095 3897 1161 3958 solet
1172 3899 1268 3958 ἰαοειτ.
1283 3898 1392 3959 Etenim
1410 3899 1583 3980 praeceptoris
1601 3913 1641 3959 est
1653 3899 1692 3959 fi-

119 3992 184 4054 θέου
197 3993 354 4054 διδασκαλου
371 3993 402 4053 τδ
421 3992 458 4072 μὴ
484 3994 562 4073 μόνον
574 3994 647 4074 λόγῳ
669 3992 813 4066 παιδεύειν,
826 3992 895 4053 tut
947 3992 1049 4052 liornm
1060 4006 1086 4053 et
1099 3993 1150 4053 Dei
1164 3993 1291 4071 amantis,
1307 4014 1360 4054 non
1376 3993 1465 4053 solum
1477 3993 1562 4053 verbo
1584 3992 1693 4072 dooere,
1732 4051 1737 4058 .

120 4083 171 4145 καί
185 4085 219 4142 δι’
233 4086 317 4165 εὐχῶν
330 4083 379 4158 τὴν
390 4084 462 4166 παρὰ
474 4091 520 4145 τοῦ
531 4088 601 4147 Θεοῦ
617 4083 773 4164 συμμετρίαν
785 4092 839 4152 τοῖς
854 4084 893 4142 δι·
911 4085 930 4133 D
948 4083 995 4144 sed
1008 4084 1090 4143 etiam
1099 4085 1334 4166 perpreeatiouem
1342 4085 1394 4145 Dei
1402 4085 1539 4146 auxilium
1548 4084 1693 4165 discipulis
1762 4077 1767 4086 ¹

119 4173 295 4253 δααιιομένοις
313 4176 442 4256 εἰσάγειν·
462 4175 477 4235 8
489 4175 577 4249 δὴιιαί
592 4179 704 4235 ἐνταῦθα
714 4184 795 4236 ποιεῖ.
816 4174 850 4234 Ἡ
865 4173 893 4234 δὲ
948 4175 1091 4236 conciliare
1102 4199 1109 4234 ι
1122 4175 1197 4254 quod
1209 4188 1236 4235 et
1246 4175 1293 4235 hic
1307 4176 1381 4235 iacit.
1397 4175 1455 4235 Hae
1475 4196 1557 4256 porro
1569 4168 1638 4236 serie
1650 4175 1692 4236 le·

119 4267 263 4328 ἀκολουθία
279 4267 346 4341 αθτη
362 4266 435 4327 ἰστί·
451 4271 489 4347 τῷ
501 4267 529 4327 δί
544 4267 679 4349 δυναμένῳ
691 4270 759 4344 ὑμᾶς
773 4265 895 4349 στηρίξαι
947 4263 1065 4344 gendum
1083 4263 1186 4324 est:Ei
1197 4277 1289 4325 autem
1302 4263 1349 4343 qui
1364 4277 1450 4346 potest
1462 4286 1512 4328 vos
1533 4262 1694 4325 ooniirmare

119 4360 186 4428 δόξα
199 4365 235 4428 εἰς
247 4360 306 4429 τοὺς
320 4365 425 4430 αἰῶνας.
439 4359 532 4438 Ἀμήν.
546 4359 635 4419 Πόλιν
648 4359 700 4440 γδιρ
713 4358 818 4419 ἐκείνων
834 4359 893 4440 ἔχε·
947 4356 1034 4437 gloria
1047 4356 1076 4416 in
1089 4357 1198 4417 saecula.
1218 4360 1312 4418 Amen.
1323 4357 1428 4417 Rursus
1445 4355 1481 4417 de
1501 4355 1621 4418 infirmis
1635 4355 1693 4416 illis

118 4476 168 4511 ται
186 4456 238 4512 τῶν
256 4456 382 4527 ἀσθενῶν,
396 4453 442 4512 καί
457 4453 523 4533 πρδς
537 4452 630 4520 αὐτοίις
642 4453 735 4533 τρίπει
748 4453 793 4512 τδν
807 4451 894 4533 λόγον.
948 4448 1013 4528 agit,
1027 4461 1053 4508 ot
1064 4447 1098 4507 ad
1108 4447 1170 4508 illos
1180 4469 1330 4508 sermonem
1338 4446 1479 4508 convertit.
1493 4448 1565 4507 Nam
1579 4447 1693 4509 eumin·

119 4544 191 4603 Ὅτε
205 4543 253 4622 μὲν
263 4544 316 4626 γὰρ
330 4545 443 4624 ἐπετίμα
451 4590 462 4619 ,
477 4544 567 4618 κοινὴν
583 4548 698 4606 ἐποιεῖτο
710 4544 758 4618 τὴν
771 4545 895 4624 ὶπιτίμη-
948 4554 1085 4622 creparet,
1109 4561 1278 4600 communem
1308 4541 1425 4601 iaciebat
1458 4539 1690 4622 increpationem:

119 4658 182 4694 σιν·
196 4635 251 4694 νυνί
263 4638 291 4696 δί
308 4637 465 4717 εὐχόμενος,
480 4636 547 4716 θπίρ
556 4635 661 4696 ’τούτων
681 4637 770 4711 τίθησι
782 4635 830 4711 τὴν
842 4641 895 4696 ἱκε-
949 4653 1021 4693 uuno
1034 4653 1098 4693 sero
1109 4653 1171 4691 eum
1181 4645 1315 4712 precatur,
1330 4631 1554 4713 supplicationem
1569 4650 1620 4712 pro
1633 4630 1694 4703 istis

116 4727 226 4808 τηρίαν.
253 4727 345 4788 Εἰπὼν
356 4729 403 4803 δί,
423 4727 565 4809 Στηρίξαι,
579 4729 672 4808 ἐπάγει
683 4728 729 4788 καὶ
739 4729 810 4790 ιιατδ
819 4737 893 4789 ποῖον
950 4725 1033 4807 ponit.
1045 4726 1115 4784 Cum
1135 4724 1203 4784 dicit
1214 4739 1316 4798 autern,
1327 4726 1520 4807 Confirmare,
1535 4722 1630 4804 adjicit
1639 4730 1694 4802 quo'

117 4820 236 4899 τρόπον·
262 4820 338 4881 Κατδι
354 4822 386 4881 τδ
399 4820 551 4902 εὐαγγέλιόν
566 4844 626 4898 μου.
649 4819 895 4894 ’ἰόῦτοδὲδηλοῦν-
950 4832 1038 4899 pactu,
1051 4818 1217 4879 Secundum
1232 4818 1418 4898 euangelium
1438 4835 1543 4882 meum.
1557 4815 1693 4878 Hmvero

117 4935 165 4979 τος
179 4903 210 4984 ἦν
218 4955 229 4982 ‚
241 4912 282 4973 ότι
293 4911 367 4974 οὔπω
377 4904 445 4986 ἦσαν
457 4911 662 4992 βεόαιωθέντις,
677 4913 736 4971 ἀλλ’
747 4911 893 5001 larisseus
912 4925 932 4974 E
949 4910 1042 4971 dicens
1060 4909 1242 4990 significahat,
1252 4909 1314 4968 illos
1330 4907 1452 4968 nondum
1466 4908 1637 4969 confirmatos
1647 4928 1693 4985 es·

157 5117 171 5154 b
185 5116 217 5164 ui
234 5127 283 5166 tres
302 5116 384 5167 ultimi
398 5133 483 5168 versus
501 5116 526 5167 in
539 5116 645 5183 irrigetis
659 5113 842 5182 exemplaribus
854 5116 882 5166 in
930 5114 1106 5183 chrysostomi
1115 5126 1139 5165 et
1148 5115 1174 5165 in
1183 5107 1396 5180 quibusdamsliis
1405 5107 1437 5161 ud
1446 5108 1519 5161 linem
1528 5110 1618 5176 capitis
1631 5109 1691 5159 xlv

121 5193 172 5244 flue
190 5194 279 5258 sopitis
295 5195 354 5243 XV!
379 5207 404 5245 et
420 5194 501 5245 ultimi
517 5198 601 5260 jacent
625 5196 657 5245 Iu
673 5193 811 5260 exemplari
822 5212 881 5246 sero
930 5192 1069 5254 adduntur.
