3728 5978
549 512 583 563 ιιι
612 512 719 565 errsr.
746 511 792 560 ιιι
817 510 901 579 rou.
929 509 1048 559 ιιοιιιι.
1076 510 1150 560 νιιι.
1570 490 1643 591 549

70 638 246 706 καταστέλλει
260 643 292 703 τδ
304 642 413 723 φύσημα
424 646 454 704 τὸ
466 643 619 719 Ἰουδαϊκὸν,
633 641 843 723 ἀναμιμνήσκων
899 640 1002 713 Quam,
1013 659 1116 718 quaeso,
1129 637 1213 699 fidem
1225 637 1313 699 dicis?
1328 643 1377 699 19.
1396 640 1469 719 (ῥα
1477 643 1559 703 estin
1566 662 1645 721 proe·

69 741 117 793 roc
137 733 233 816 χρόνω
248 739 297 807 τῆς
320 735 494 808 δικαιοσύνης.
519 735 572 797 Καί
586 738 673 804 καλῶς
687 727 762 805 cirre,
779 734 844 809 Τοῖς
894 735 986 809 pretio.
995 734 1100 791 Rursus
1107 730 1267 793 iudeorum
1277 732 1376 792 fastum
1388 732 1522 814 reprimit,
1528 732 1642 814 J'ustitin

69 824 180 903 ἴχνεσιν,
193 823 237 885 ἵνα
250 825 348 904 ὁμοίοις
359 826 451 909 ἐκείνῳ
465 827 608 904 πιστεύσῃς
621 830 657 896 εἰς
668 831 768 908 νεκρῶν
779 823 843 884 ἀνί-
897 835 1003 903 tempus
1025 823 1054 882 in
1073 823 1231 883 memoriam
1255 844 1394 885 mvccans.
1419 825 1455 885 Et
1472 824 1542 884 bene
1559 824 1642 903 ἀίιιι,

69 939 163 976 σταοιν
182 917 322 995 σωμάτων.
337 919 390 978 Καὶ
401 919 453 1002 γὰρ
464 920 510 979 καί
523 923 620 987 ἐκεῖνος
629 918 690 998 rrrpl
702 922 781 977 τοῦτο
793 913 842 989 τὴν
898 917 929 973 V
923 919 1045 997 estigiis,
1059 929 1090 974 ut
1107 914 1222 996 perinde
1236 930 1317 995 atque
1336 916 1383 976 ille
1396 914 1490 976 credas
1503 916 1533 975 in
1546 937 1638 977 raur-

68 1005 159 1067 πίστιν
177 1007 341 1078 ἐπεδείξατο·
355 1009 423 1070 ὥστε
441 1014 465 1071 εί
478 1011 525 1084 τὴν
546 1009 723 1091 ἀκρούυστίαν
742 1007 843 1069 ίιιύαλ-
860 1026 879 1074 n
895 1008 1040 1067 rectionem
1050 1029 1194 1090 corporum
1203 1023 1383 1068 mortuorum.
1395 1009 1504 1070 Etenim
1514 1008 1640 1071 illecirra

69 1100 125 1165 λεις
132 1141 140 1170 ,
156 1098 271 1176 μα’νδανε
283 1105 390 1181 σαφῶς,
402 1101 444 1162 ὅτι
455 1103 528 1163 οὐδέν
546 1126 588 1163 σοι
601 1101 660 1163 oret
674 1107 722 1175 τῆς
734 1122 843 1184 περιτο-
895 1100 966 1159 banc
984 1121 1042 1160 rem
1062 1100 1146 1160 lidem
1160 1101 1294 1162 exhibuit.
1314 1103 1408 1180 ltaque
1428 1101 1451 1161 si
1473 1102 1640 1183 praeputium
1664 1144 1669 1151 -

70 1193 125 1266 μῆς
134 1188 235 1269 ίρελος.
247 1186 293 1249 Ἂν
303 1190 355 1271 γὰρ
368 1193 405 1271 μὴ
419 1204 474 1262 τσῖς
487 1195 586 1275 ἴχνεσιν
600 1193 779 1274 δνσλσυθήσῃς
794 1195 843 1263 τῆς
896 1190 980 1271 ejicis,
993 1191 1068 1252 disce
1078 1192 1159 1266 clare,
1172 1192 1243 1251 nibil
1252 1192 1303 1251 tibi
1317 1214 1352 1253 ex
1364 1192 1569 1253 circumcisione
1582 1192 1640 1261 uti,-

67 1279 201 1353 πίσσεως,
223 1280 273 1340 ’κᾶν
286 1284 410 1362 μυριάκις
429 1277 461 1365 ’νίς
475 1286 667 1367 ἕμπερίτομος,
677 1289 725 1346 οὐκ
737 1285 786 1365 ior]
796 1290 842 1345 τοῦ
894 1282 980 1343 litatis
989 1284 1123 1344 accedere.
1137 1284 1197 1345 Nisi
1211 1285 1284 1344 enlm
1299 1284 1364 1344 fidei
1380 1284 1503 1365 vestigiis
1515 1284 1637 1364 insistes,

68 1370 337 1454 Ἀύραὰμ“ίκγονος·
350 1377 466 1438 ίπελκαλ
479 1378 527 1452 clv
542 1376 689 1460 περιτομὴν
706 1377 749 1437 διδ
762 1383 843 1438 τοῦτο
895 1376 999 1437 etiamsi
1023 1378 1124 1439 millies
1145 1379 1321 1439 circumcisus
1340 1399 1420 1453 esses,
1439 1400 1493 1439 nen
1511 1400 1582 1441 esses
1602 1402 1638 1441 ex

66 1465 173 1539 ἔλαθεν,
194 1465 237 1525 ίνα
250 1491 280 1527 σε
295 1472 310 1527 δ
328 1470 582 1551 ἒνᾶκρούυστίᾳμὴ
565 1470 725 1550 lentam.
746 1468 793 1543 Μὴ
808 1471 840 1544 δὴ
895 1469 1012 1529 Abrabae
1025 1471 1111 1531 filiis:
1103 1471 1343 1551 ·quandoquidem
1358 1471 1420 1532 ideo
1436 1471 1637 1535 illecircumel·

67 1556 114 1614 καλ
127 1559 278 1617 ἐκεινον
233 1581 310 1618 τουτο
321 1560 441 1620 ἀπαίτει·
434 1563 493 1621 σοί
503 1560 719 1644 γδρτδπρδγμα
733 1561 842 1640 βοήθεια
893 1561 995 1623 sionem
1008 1564 1123 1646 accepit,
1135 1587 1170 1626 ne
1180 1579 1206 1625 te
1213 1565 1392 1648 propulsatus
1399 1565 1515 1646 eJrceret
1526 1566 1637 1645 Neergu

64 1647 181 1727 γέγονεν,
195 1652 243 1710 ούκ
257 1650 359 1733 ίκείνῳ.
373 1652 574 1732 Ἀλλδοημεῖον
589 1653 840 1728 αύτδδικαιοσύνης,
893 1655 974 1715 etiam
992 1657 1029 1716 ab
1050 1657 1099 1717 illo
1118 1658 1171 1718 boc
1187 1659 1308 1738 exigas.
1301 1657 1355 1718 ·id
1374 1658 1447 1718 enim
1466 1657 1517 1717 tibi
1530 1658 1637 1720 auxilio

66 1740 142 1849 popel.
167 1742 220 1801 Καὶ
240 1748 317 1804 τοῦτο
341 1744 444 1818 bilei,
466 1746 572 1806 irtel*
541 1769 585 1807 νυν
599 1744 658 1806 oret
676 1746 838 1807 corrodere
891 1747 955 1827 luit,
969 1769 1023 1808 non
1036 1749 1079 1808 rllr
1092 1750 1152 1810 erit.
1163 1750 1423 1829 Scdillud',rnquit,
1438 1770 1547 1831 signum
1556 1752 1636 1832 Justr
1728 1776 1730 1780 ·

66 1831 227 1915 τότεγδρ
202 1857 233 1893 συ
247 1840 299 1896 τῶν
310 1842 469 1916 σωματικῶν
483 1836 592 1951 ἔχρῃζες
606 1837 735 1917 σημείων,
751 1837 838 1899 rivel
890 1838 937 1898 tie
954 1853 1003 1900 esc
1017 1840 1054 1900 Et
1072 1840 1126 1901 boc
1143 1855 1252 1945 propter
1269 1855 1305 1918 te,
1322 1840 1540 1921 quandoquidem
1563 1863 1636 1903 nunc

66 1950 96 1985 oo
84 1927 188 2008 ’χρεία
202 1928 309 1990 τούτων.
327 1930 391 1990 Ἀπδ
404 1930 456 2014 le
475 1935 522 2003 τῆς
535 1931 666 2005 πίστεως,
688 1931 817 2013 ρησλν,’
791 1955 838 1993 αικ
891 1930 1111 2035 nequebccest·
1126 1932 1277 1992 tuncenim
1292 1945 1321 1991 tu
1341 1930 1476 2012 corporeis
1492 1930 1635 2038 indigebas

65 2042 99 2089 ην
112 2020 532 2102 δυνατὸναῦτοῦκαταμαθεῑν
500 2025 644 2104 τηςψυχῆς
657 2022 707 2097 clv
720 2023 835 2105 dpeeel23
889 2021 988 2102 signis;
1003 2043 1073 2083 nunc
1092 2045 1146 2084 non
1164 2046 1233 2127 opus
1248 2023 1304 2084 illis
1318 2037 1367 2084 est.
1385 2026 1459 2085 Num
1478 2023 1600 2097 elides
1591 2046 1634 2084 ιιι·

66 2112 184 2171 Δυνατδν
200 2112 247 2190 μὲν
260 2104 303 2188 ἦν,
318 2138 349 2174 συ
335 2114 389 2173 δὲ
401 2116 445 2174 καί
455 2116 553 2187 ταύτης
567 2116 632 2196 ἔχρῃ
633 2119 726 2184 lec*
692 2139 740 2187 της
752 2139 836 2196 προσ·
853 2125 873 2173 c
888 2111 974 2190 quies,
985 2127 1088 2194 poterat
1100 2115 1158 2195 ejus
1171 2115 1268 2174 animae
1281 2114 1371 2175 virtus
1385 2113 1512 2194 agnosci?
1524 2117 1633 2177 Poterat

66 2203 157 2276 θήκης.
167 2203 279 2279 Ἐπειδὴ
262 2205 347 2287 ὴγδρ
364 2212 411 2279 τῆς
426 2210 514 2288 ψυχης
534 2206 584 2279 ele
595 2206 737 2287 ἀρετὴν
710 2230 758 2266 ουκ
775 2209 836 2280 ἔζη·
888 2205 992 2283 utique,
1004 2202 1090 2265 sedtu
1099 2205 1197 2285 egebas
1207 2204 1459 2265 boeaddrtamento
1476 2205 1549 2278 Quia
1560 2207 1633 2269 enim

64 2296 153 2363 λωσας
162 2295 222 2356 οὐδὲ
232 2300 294 2357 ἰδεῖν
306 2299 451 2374 ἠδυνήθης,
461 2298 536 2371 ίδόδι,
550 2320 591 2357 σοι
604 2303 622 2371 ἡ
634 2298 747 2372 αἰσθητὴ
760 2322 836 2379 περι·
887 2296 984 2356 animae
998 2296 1129 2356 virtutem
1143 2294 1197 2356 no'u
1212 2297 1355 2356 emulatus
1371 2318 1400 2356 es
1413 2317 1462 2357 nec
1476 2297 1571 2359 videre
1581 2321 1633 2381 po-

63 2389 152 2466 τομὴ,
171 2389 214 2448 ἵνα
234 2391 416 2468 ίμμελετήσας
428 2396 466 2471 τῷ
480 2394 625 2471 σωματικῷ
643 2389 747 2472 τούτῳ,
764 2391 834 2451 κατὰ
887 2386 975 2464 luisti,
990 2386 1054 2447 data
1063 2400 1103 2447 est
1113 2386 1165 2446 tibi
1176 2386 1313 2447 sensibilis
1326 2387 1510 2466 circumcisio,
1520 2402 1551 2448 ut
1560 2403 1632 2470 post·

64 2480 159 2560 μικρὸν
169 2487 371 2563 χειραγωγηθῇς
383 2483 429 2542 καί
443 2483 487 2543 ἐπὶ
504 2482 553 2554 τὴν
564 2485 611 2554 τῆς
626 2483 713 2563 ψυχῆς
726 2484 834 2562 pellere-
884 2500 968 2558 quarn
976 2480 1005 2540 in
1017 2480 1069 2539 laac
1081 2502 1112 2540 re
1121 2501 1249 2562 corporea
1258 2480 1421 2541 exercitatus
1433 2502 1514 2562 uses,
1531 2485 1630 2564 paula·

64 2571 136 2652 ρίαν,
151 2575 196 2632 καὶ
209 2575 277 2652 μετὰ
290 2576 390 2646 πολλῆς
401 2575 481 2647 cerlo
495 2573 684 2652 ὑποδεξάμενος
697 2578 744 2645 τῆς
752 2598 833 2635 σπου·
885 2570 936 2630 tiru
949 2571 985 2632 ad
998 2571 1084 2633 animi
1103 2572 1305 2654 philosophiam
1323 2572 1471 2648 ducereris,
1487 2588 1569 2655 etque
1581 2572 1643 2637 illu¹

62 2665 110 2735 δῆς
132 2668 168 2731 ὡς
186 2664 290 2743 ἀξίωμα
315 2665 450 2746 μέγιστον,
465 2667 608 2744 παιδευύῇς
628 2671 765 2744 μιμιῑσθαι
786 2665 832 2725 καί
885 2683 947 2723 cum
961 2663 1051 2725 studio
1065 2685 1163 2744 magno
1174 2679 1294 2746 excepta,
1306 2679 1338 2725 ut
1352 2665 1473 2728 maxime
1488 2666 1630 2748 dignitate,

62 2755 396 2838 αίόιῖσθαιτδνπρύχονον.
408 2757 462 2817 Καὶ
471 2765 548 2818 τοῦτο
557 2760 604 2817 οὐκ
617 2760 643 2816 ἐν
657 2761 832 2839 τῇπεριτομῇ
882 2752 1016 2819 docereris
1029 2756 1130 2816 imitari
1145 2770 1172 2817 et
1185 2758 1307 2818 tenuari
1320 2759 1528 2838 progenitorem.
1544 2759 1630 2840 quue
1669 2812 1676 2825 .

60 2847 141 2924 μόνον
154 2853 169 2907 δ
182 2850 250 2916 Θεὸς
262 2849 464 2922 κατεσκεύασεν,
487 2849 556 2909 σἰλλδι
569 2849 615 2908 καλ
629 2851 656 2907 ἐν
673 2857 726 2915 τοῖς
741 2850 832 2920 ἄλλοις
883 2867 937 2907 non
959 2848 988 2908 in
1009 2848 1212 2910 circumcisione
1231 2847 1312 2909 modo
1328 2851 1403 2909 Deus
1427 2850 1561 2929 instituit,
1582 2853 1630 2913 sed

60 2941 171 3014 ἅπασιν,
183 2932 236 3001 οἷον
257 2941 358 3009 θυσίαις
371 2941 441 3021 λέγω
456 2940 521 3000 ιικοιλ
532 2941 649 3001 stetere
662 2940 708 3000 καί
719 2943 830 3019 ἑορταῖς.
883 2939 964 2999 etiam
972 2939 1001 3000 in
1009 2939 1071 3000 eliis
1081 2941 1219 3014 omnibus,
1231 2955 1261 2999 ut
1270 2941 1298 3003 in
1308 2940 1459 3016 sacrificiis,
1468 2941 1497 3001 in
1506 2943 1627 3004 sabbatis

59 3030 126 3091 Ὅτι
136 3032 188 3115 γὰρ
202 3032 246 3094 διδ
259 3033 289 3094 el
302 3033 448 3114 περιτομὴν
459 3033 562 3107 ἔλαύεν,
573 3033 684 3093 ἄκουσον
692 3037 745 3092 τῶν
756 3032 830 3105 ἑξῆς·
883 3045 909 3090 et
920 3032 1005 3093 sestis.
1022 3030 1105 3107 Quod
1123 3046 1214 3093 eutem
1232 3047 1341 3114 propter
1354 3047 1381 3092 te
1394 3033 1628 3097 circumcisionem

60 3123 143 3184 εἰπὼν
153 3125 218 3209 γὰρ,
233 3124 273 3185 ὅτι
287 3135 396 3205 σημεῖον
412 3124 492 3185 ἔλαύε
504 3126 550 3184 καί
561 3125 710 3205 σφραγῖδα,
721 3124 767 3185 καὶ
780 3125 829 3198 τὴν
846 3131 866 3177 Ι)
882 3124 1022 3205 acceperit,
1031 3122 1241 3203 audiscquentia
1250 3148 1257 3182 ι
1267 3123 1527 3203 cumdixisscteuim
1536 3126 1628 3209 ipsu
1639 3118 1647 3193 ’,

61 3216 149 3278 αἰτίαν
162 3218 264 3292 τίθησι,
281 3219 364 3299 λέγων
375 3242 381 3256 ·
394 3221 441 3286 El<
452 3219 483 3278 τὸ
495 3217 616 3297 γενέσθαι
630 3216 706 3278 ceris
725 3216 829 3298 πατίρα
882 3215 1016 3296 accepisse
1023 3215 1133 3295 signum
1147 3228 1174 3274 et
1184 3215 1365 3297 signaculum,
1378 3236 1487 3293 eausam
1499 3216 1625 3299 apponit,

58 3315 222 3392 περιτομῆς,
237 3309 337 3377 τούτοις
354 3319 407 3379 τοῖς
421 3310 527 3383 καλιὴν
542 3309 638 3384 νοητὴν
650 3310 827 3390 προσλαμὸύι-
881 3304 975 3365 dicens
992 3329 999 3363 τ
1019 3308 1059 3365 Ut
1073 3309 1135 3386 ipse
1148 3319 1222 3365 esset
1232 3319 1319 3386 pater
1333 3310 1577 3386 circumcisionis,
1592 3309 1627 3369 iis

59 3424 159 3460 νουσιν·
174 3406 210 3470 ὡς
224 3403 270 3462 ἐὰν
284 3402 380 3474 ταύτην
392 3402 470 3480 μόνον
482 3403 560 3483 ἔχῃς,
580 3403 654 3464 οὐδέν
666 3424 707 3463 σοι
718 3402 827 3481 pesler-
881 3397 929 3476 qui
942 3398 1019 3457 illam
1032 3397 1200 3478 spiritualem
1214 3411 1373 3457 assumunt:
1386 3397 1409 3457 si
1421 3398 1494 3467 enim
1505 3399 1575 3459 banc
1585 3422 1625 3460 so·

57 3516 103 3551 ται
116 3493 204 3554 πλέον.
218 3495 335 3573 Σημιῖσν
357 3493 410 3574 γὰρ
434 3494 493 3555 τότε
513 3495 589 3554 τοῦτό
608 3497 690 3569 ἐστιν,
712 3493 775 3554 ὅταν
797 3496 828 3556 εδ
880 3490 939 3551 lum
957 3489 1096 3568 babueris,
1111 3490 1180 3550 nibil
1195 3490 1247 3551 tibi
1263 3492 1327 3572 plus
1341 3491 1459 3552 accedet.
1477 3493 1548 3553 Nam
1560 3507 1626 3555 tunc

57 3596 185 3665 πρᾶγμα,
200 3577 229 3647 οὗ
244 3585 319 3646 τοῦτό
330 3589 386 3646 ἐστι
407 3595 525 3665 σημεῖον,
539 3587 664 3668 ραίνηται
677 3585 751 3668 παρδ
767 3587 827 3660 rel,
879 3583 988 3664 signum
996 3597 1047 3661 cst,
1062 3603 1125 3642 euna
1138 3582 1197 3664 ipsa
1209 3603 1263 3661 res,
1278 3584 1356 3664 cujus
1365 3597 1404 3644 est
1417 3584 1538 3664 signnm,
1550 3585 1625 3667 apud

56 3679 199 3755 τουτέστιν,
210 3685 227 3753 ἡ
240 3678 346 3747 πίστις·
358 3683 410 3752 ὡς,
423 3679 453 3737 ἂν
467 3677 504 3756 μὴ
518 3678 616 3750 ταύτην
627 3677 708 3759 ίχῃς,
725 3679 784 3738 οὐδὲ
796 3678 827 3738 τὸ
880 3689 907 3737 tc
920 3676 1095 3759 conspicitur,
1106 3675 1136 3736 ld
1149 3690 1199 3751 est,
1209 3675 1291 3752 lides;
1303 3675 1340 3735 ita
1350 3691 1380 3736 ut
1394 3678 1418 3737 si
1430 3677 1501 3738 banc
1510 3699 1564 3740 uon
1575 3680 1625 3740 ba·

56 3781 166 3850 σημεῖον
186 3771 278 3831 λοιπὸν
301 3761 368 3831 εἶναι
393 3779 502 3848 σημεῖον
531 3770 649 3831 δύναται.
672 3772 752 3839 Τίνος
774 3771 827 3854 γὰρ
878 3768 958 3843 beas,
981 3769 1090 3849 signum
1112 3789 1166 3828 non
1190 3768 1274 3849 possit
1291 3769 1408 3829 ulterius
1422 3770 1533 3850 signum
1555 3793 1623 3836 esse.

55 3864 131 3923 ἔσται
143 3873 263 3943 σημεῖον,
275 3863 345 3932 τίνος
359 3863 386 3923 δὲ
395 3863 524 3945 σφραγίς,
537 3867 584 3923 ούκ
596 3865 668 3931 ὄντος
681 3869 727 3924 τοῦ
739 3886 826 3946 eppe-
881 3861 965 3942 Cujus
978 3861 1051 3922 enirn
1067 3861 1119 3920 erit
1130 3861 1259 3940 signum?
1273 3862 1351 3942 euJ'us
1369 3861 1549 3941 signaculum,
1563 3885 1626 3923 cum

54 3956 207 4036 γιζομένους
223 3961 259 4025 ὡς
280 3956 310 4014 ἂν
327 3960 350 4015 εἰ
364 3956 410 4015 καὶ
422 3955 560 4034 βαλάντιον
578 3954 747 4023 ἐπιδεικνύεις
762 3960 824 4035 ἡμῖν
880 3977 935 4017 non
956 3957 991 4017 sit
1009 3957 1056 4036 qui
1072 3956 1250 4035 obsigneturl
1265 3978 1297 4016 ac
1315 3957 1339 4016 si
1358 3958 1436 4017 nobis
1455 3959 1625 4040 marsupium

53 4051 189 4129 σφραγῖδα
202 4049 271 4129 ίχον,
281 4048 390 4127 μηδενὸς
402 4048 472 4107 ἔνδον
484 4048 674 4127 ἀποκειμένου·
693 4047 762 4109 ὥστε
776 4071 825 4107 κα·
842 4059 861 4107 Ε
879 4046 1031 4108 ostenderes
1042 4047 1121 4126 signo
1134 4047 1282 4124 munitum,
1293 4048 1322 4107 in
1336 4070 1389 4126 quc
1400 4048 1471 4109 nibil
1479 4064 1556 4109 esset.
1570 4052 1625 4111 Ita·

52 4141 245 4220 ταγέλαστοςή
259 4140 407 4221 περιτομὴ,
417 4144 464 4212 τῆς
474 4139 588 4207 πίστεσις
595 4139 667 4200 ἔνδον
677 4143 725 4198 οὐκ
735 4139 824 4210 ούσης.
877 4161 930 4219 que
943 4137 1060 4197 ridicula
1073 4137 1243 4197 circumcisio
1258 4153 1306 4215 est,
1322 4158 1386 4198 cum
1403 4137 1471 4199 fides
1485 4139 1558 4199 intus
1570 4161 1624 4202 non

51 4235 88 4292 Fi
101 4232 181 4314 γδρδ
183 4233 332 4305 ικαιοσύνης
346 4232 402 4293 ἐστὶ
416 4239 536 4310 σημεῖον,
556 4231 723 4304 δικαιοσύνην
739 4231 824 4292 δδούκ
877 4230 1002 4291 babetur.
1017 4229 1132 4289 Sienim
1146 4229 1181 4289 sit
1191 4230 1304 4334 J'ustitiae
1319 4230 1438 4311 signum,
1454 4231 1624 4313 etJ'ustitiam

51 4326 137 4405 ἔχεις,
151 4324 209 4384 οὐδὲ
222 4332 331 4437 ρημεῖον
349 4324 466 4405 ἔχεις.Δ
444 4324 496 4384 erl
509 4322 560 4403 γδρ
572 4349 650 4384 τουτο
662 4322 755 4393 ἔλαθες
771 4347 821 4395 ση
876 4344 930 4384 non
950 4321 1061 4399 babeas,
1077 4342 1163 4427 neque
1185 4322 1294 4412 signum
1312 4322 1404 4383 babes.
1421 4322 1485 4385 ldeo
1507 4345 1624 4405 namque

52 4424 136 4531 μεῖον,
151 4415 233 4475 ἵνα
208 4439 239 4475 το
251 4426 366 4499 πρᾶγμα
380 4419 438 4485 ἐπιζ
425 4419 518 4494 ζητῇς,
530 4407 598 4475 οὗ
573 4441 604 4476 το
616 4424 725 4495 σημεῖον
736 4416 822 4497 ἔχεις·
875 4417 984 4498 signum
1001 4415 1138 4497 accepisti,
1150 4430 1181 4476 ut
1193 4438 1250 4477 rem
1261 4438 1406 4496 quaereres,
1420 4419 1499 4501 cujus
1512 4421 1623 4503 signum

50 4511 101 4579 ως,
115 4508 140 4567 εί
160 4531 190 4587 γε
211 4508 319 4587 ἔμελλες
340 4507 404 4568 αὐτὸ
415 4533 473 4620 χωρ
474 4509 498 4576 λς
511 4509 603 4569 τούτου
619 4511 760 4583 ἐπιζητεῖν,
774 4512 823 4570 ούκ
875 4509 982 4569 babes:
998 4508 1037 4568 ita
1051 4520 1082 4567 ut
1098 4508 1122 4567 si
1136 4508 1243 4590 siguurn
1262 4509 1320 4570 sine
1339 4531 1367 4569 re
1383 4511 1550 4591 exquireres,
1565 4534 1618 4573 non

50 4599 83 4657 ἂν
97 4598 239 4672 ίδίησίσοι
252 4600 407 4660 τούτου,ού
422 4606 499 4660 τοῦτο
524 4601 551 4660 δὲ
572 4600 821 4680 κηρύττειμύνονὴ
877 4603 1009 4708 illoopus
1032 4601 1151 4662 beberes.
1168 4603 1346 4664 Circumcisic
1363 4619 1523 4667 autemnon
1541 4607 1624 4668 modo

48 4689 200 4804 περιτομὴ,
211 4689 259 4762 τὴν
272 4691 448 4764 dissimilem,
467 4691 535 4751 ἀλλὰ
548 4690 692 4763 καλτὴυίν
706 4692 822 4773 ἀκροὸυ-
872 4696 1008 4779 Justrtrarn
1016 4694 1454 4778 praedrcat,sedctramJust1tram
1464 4700 1550 4776 illam,
1562 4722 1624 4778 quse

49 4781 112 4840 στία
132 4781 310 4856 δικαιοσύνην.
330 4775 458 4843 ΟὐδὲνΊῐ
428 4807 473 4841 σον
488 4784 552 4843 ἄλλο
565 4783 721 4862 κηρύττειή
741 4808 793 4866 περ
796 4811 822 4845 ι-
875 4787 905 4848 iu
918 4787 1052 4869 praeputio
1064 4801 1112 4848 est.
1124 4787 1288 4848 Nibilaliud
1298 4809 1362 4868 ergo
1373 4791 1544 4851 circumcisio
1552 4813 1622 4894 prar-

47 4873 135 4953 τομὴ,
149 4878 208 4934 ἀλλ’
221 4876 263 4936 δτι
276 4879 306 4935 οὐ
322 4875 400 4957 χρεία
413 4880 568 4990 περιτομῆς.
581 4878 615 4937 El
629 4874 717 4959 Jlrpel
733 4809 823 4939 lxid-
876 4878 965 4953 dicat,
982 4900 1065 4958 quam
1086 4879 1160 4958 quod
1181 4901 1235 4940 non
1254 4902 1323 4975 opus
1346 4881 1382 4941 sit
1405 4882 1621 4943 circumcisione

49 4990 101 5044 μου
113 4968 284 5046 κληρονόμοι,
298 4969 469 5041 κεκένωταιὴ
482 4968 585 5045 πίστις,
597 4970 643 5028 καί
657 4970 822 5052 κατήργηται
876 4972 923 5033 ll.
935 4973 967 5033 Si
977 4975 1168 5060 emmiquui
1181 4994 1218 5031 er
1237 4966 1309 5053 lege,
1331 4974 1450 5034 heredes
1464 4987 1544 5050 sunt,
1560 4979 1622 5033 exi·

80 5178 607 5247 a[rnmrnreerrnrrapsoanJ
893 5183 1166 5249 innarenn]
