3728 5978
554 491 588 538 m
616 488 723 538 nrrsr.
751 484 797 532 an
823 484 905 531 uon.
934 485 1053 533 nonin.
1082 485 1130 533 ur.
1225 517 1229 524 .
1555 459 1624 559 567

92 613 262 695 Ζηλύσωμεν
284 614 370 675 τοίνυν
392 615 439 675 καί
452 611 530 692 ἡμεῖς
544 613 591 680 τίς
614 612 669 672 ἄνω
692 608 831 685 δυνάμεις,
925 608 955 667 ί.
979 606 1119 665 imitemur
1131 626 1196 686 ergo
1214 619 1241 665 et
1255 626 1304 666 nos
1323 626 1451 687 supernas
1464 603 1527 666 illas
1552 591 1634 686 pote·¹

51 711 99 769 χαὶ
114 708 241 787 μὴμόνον
255 706 332 786 ἐγγύς
350 714 397 767 τοῦ
411 706 502 789 θρόνου
518 709 612 775 στῆναι
629 701 829 775 σπουδάσωμεν,
886 713 977 771 states,
988 713 1015 758 et
1027 720 1079 758 non
1094 700 1176 758 modo
1186 720 1270 779 prope
1287 699 1388 758 solium
1403 712 1474 758 stare
1485 719 1626 775 curemus,

52 800 123 860 ἀλλά
136 799 182 858 καί
192 799 291 858 ίνοικον
307 797 384 857 αὑτὸν
396 797 466 876 ἔχειν
475 799 519 858 τὸν
530 796 574 856 ἐπὶ
587 801 632 856 τοῦ
645 794 736 877 θρόνου
748 791 830 863 καθή-
884 791 1024 852 sedetiam
1037 814 1110 864 eum,
1126 792 1174 870 qui
1189 794 1217 851 in
1232 793 1300 871 splio
1310 792 1394 868 sedet,
1412 793 1439 851 in
1455 792 1531 852 nobis
1548 792 1629 853 liabi-

52 919 140 972 μινον.
158 894 274 961 Ἐκεῖνος
289 893 336 971 μὲν
350 893 402 973 γδιρ
413 892 459 952 καί
484 898 624 969 μισοῦντας
643 889 769 971 ἐφίλησα,
784 886 830 947 καί
884 897 983 943 tantem
995 883 1102 943 habere.
1116 883 1167 942 Ille
1178 878 1292 963 ιιιιιυιγιισ
1301 896 1328 943 et
1341 905 1370 942 se
1378 883 1500 943 odientes
1509 884 1625 956 amavit,

51 991 136 1068 φλῶν
148 988 277 1045 δωρλεῑ·
288 985 334 1044 καὶ
347 985 400 1066 γὰρ
410 986 464 1044 Τὸν
479 984 554 1055 ἥλιον
569 982 707 1042 ἀνατέλλει
721 980 765 1041 ἐπὶ
778 1004 830 1040 πο-
845 986 865 1032 t)
883 990 910 1035 et
925 997 1016 1034 amare
1032 990 1184 1056 perseverat
1207 1000 1215 1035 τ
1234 978 1334 1036 etenim
1352 978 1448 1036 Solem
1464 981 1536 1037 oriri
1542 980 1626 1060 facit
1636 989 1722 1035 ararit.
1739 987 1763 1034 5.

52 1077 148 1159 νηροδς
161 1077 207 1137 καί
222 1076 349 1157 ἀγαθοὺς,
359 1076 404 1135 καί
421 1074 513 1155 βρίχει
525 1075 569 1135 ἐπί
584 1072 700 1140 δικαίους
712 1072 759 1132 καί
772 1070 830 1130 ἀδίι
883 1086 969 1147 super
990 1069 1084 1127 malos
1098 1081 1126 1127 et
1141 1071 1243 1141 bonos,
1256 1081 1286 1127 et
1297 1069 1373 1148 pluit
1393 1090 1480 1149 super
1487 1073 1585 1151 justos
1599 1050 1677 1130 τοῖς·

53 1195 125 1238 κους.
141 1170 182 1231 Σὺ
192 1169 220 1228 δὲ
234 1173 359 1249 φιλοῦντα
373 1175 436 1248 γοῦν
451 1167 605 1247 ἀγείπησον·
618 1168 687 1245 φιλεῖ
701 1165 762 1245 γάρ.
775 1164 829 1224 ίίαί
884 1162 1015 1240 injustos.
1032 1160 1078 1218 Tu
1097 1180 1160 1237 ergo
1180 1172 1207 1218 te
1224 1173 1359 1219 amantem
1382 1181 1443 1219 ama
1449 1184 1458 1235 ;
1480 1173 1505 1219 te
1527 1161 1629 1242 quippe

53 1268 128 1336 πῶς,
142 1263 232 1342 φησίν,
247 1265 261 1320 δ
275 1263 356 1341 φιλῶν
376 1259 482 1338 γέενναν
494 1257 540 1318 καὶ
559 1257 667 1318 κολασιν
682 1256 728 1316 καί
742 1279 830 1334 τιμω·
884 1265 965 1310 amat.
981 1252 1017 1311 Et
1030 1250 1175 1328 quomodo,
1189 1250 1305 1330 inquies,
1316 1251 1363 1310 ille
1373 1252 1419 1328 qui
1433 1267 1521 1327 amat,
1529 1253 1628 1332 gehen·
1681 1272 1683 1277 ·
1748 1326 1757 1337 ⁴

56 1353 116 1431 ρίαν
131 1351 277 1425 ἠπειλησες
291 1354 333 1411 Δι’
349 1351 412 1411 αὐτὸ
425 1355 502 1410 τοῦτο
514 1349 652 1429 τθριλεῑν·
666 1347 712 1407 καί
725 1346 777 1428 γίιρ
786 1349 829 1405 lx·
884 1365 956 1419 nani,
972 1365 1079 1425 poenam
1097 1356 1122 1403 et
1133 1344 1298 1425 supplicium
1313 1346 1492 1405 comminatus
1506 1346 1568 1405 est?
1582 1346 1627 1406 Ex

54 1445 161 1505 κόπτων
172 1467 218 1505 σου
231 1444 280 1516 τὴν
289 1443 427 1525 πονηρίαν,
445 1443 490 1502 καί
501 1441 592 1522 ὥσπερ
602 1439 654 1499 τινί
674 1442 777 1521 χαλινῷ
790 1442 829 1518 τῷ
884 1458 915 1496 eo
926 1437 986 1517 ipso
997 1435 1070 1514 quod
1089 1451 1170 1498 amet.
1185 1440 1256 1498 Nam
1271 1438 1402 1497 malitiam
1416 1437 1582 1512 resciddem,
1598 1452 1627 1498 et

54 1537 130 1618 ρύύιρ
148 1534 268 1616 κατέχων
283 1560 329 1596 σου
346 1535 394 1607 τὴν
411 1533 456 1594 ἐπὶ
475 1533 510 1593 τίι
527 1531 609 1613 χείρω
627 1530 722 1611 ῥύμην,
741 1530 830 1590 πάντα
883 1529 980 1588 timore
996 1543 1135 1607 tamquam
1144 1529 1220 1589 lreno
1236 1543 1314 1591 tuum
1334 1551 1458 1590 coercens
1477 1531 1515 1591 ad
1534 1534 1628 1613 pejoia

55 1639 127 1690 ποιεῖ
140 1629 185 1689 καί
199 1627 434 1711 πραγματεύεται,
448 1625 494 1686 καί
520 1624 564 1684 διὰ
580 1628 634 1682 τῶν
646 1625 771 1702 χρηστῶν
785 1621 832 1680 καί
885 1619 1028 1700 impetum,
1045 1621 1115 1680 nilril
1129 1641 1184 1681 non
1200 1622 1265 1701 agit,
1282 1635 1371 1702 utpea'
1389 1623 1498 1682 bonam
1517 1623 1629 1684 molesta

57 1725 102 1782 διὰ
122 1724 175 1780 τῶν
188 1724 313 1801 λυπηρῶν
329 1721 496 1778 ἀναστέλλων
517 1741 547 1778 σε
572 1720 620 1787 τῆς
644 1715 689 1775 ἐπὶ
705 1713 740 1773 τδι
758 1713 832 1773 καίτοι
884 1733 1000 1792 pronum
1011 1726 1088 1772 tuum
1101 1712 1137 1772 ad
1147 1714 1240 1773 inlima
1249 1715 1370 1775 animum
1380 1715 1504 1789 retineat,
1519 1730 1546 1775 et
1557 1716 1630 1775 adse

56 1823 153 1894 ρορᾶς,
167 1813 213 1872 καὶ
236 1813 302 1892 πρὸς
318 1811 409 1870 ἑαυτὸν
424 1809 640 1889 ἀπανάγωνθκαί
660 1807 770 1887 ἀπάγων
782 1831 833 1867 κα-
883 1802 996 1862 reducat
1014 1817 1044 1863 ct
1064 1803 1181 1864 abducat
1205 1806 1240 1865 ab
1263 1804 1337 1865 omni
1360 1806 1492 1885 nequitia,
1510 1828 1570 1886 quae
1591 1820 1633 1866 est

57 1904 232 1976 alacerrime,
246 1902 381 1983 ἣγείννης
395 1901 452 1963 ἐστί
464 1900 650 1983 χαλεπωτέρα.
664 1901 698 1959 nt
713 1899 741 1959 δὲ
754 1902 834 1979 γελᾷς
849 1901 868 1948 E
886 1896 1006 1975 gehenna
1020 1897 1138 1976 gravior.
1150 1898 1231 1973 Quod
1243 1899 1266 1958 si
1279 1898 1316 1957 de
1325 1898 1474 1980 jamdictis
1490 1899 1590 1971 rideas,
1605 1913 1632 1959 et

57 1997 104 2054 ἐπί
123 2005 177 2063 τοῖς
200 1993 362 2074 εἰρημένοις,
385 1994 432 2052 καί
457 1992 580 2075 μυριάκις
604 1995 631 2051 ἐν
652 1991 767 2072 πονηρία
786 1995 834 2070 ζῇν
885 1990 995 2052 omnino
1004 1991 1083 2050 malis
1096 1992 1123 2050 in
1136 1992 1256 2071 nequitia
1267 1994 1372 2066 vivere,
1386 2012 1469 2072 quam
1481 2014 1535 2054 uno
1545 1994 1633 2075 affligi

58 2088 171 2161 ἐθέλεις,
184 2087 275 2165 ἥμίαν
288 2088 445 2154 κολάζεσθαι
458 2084 574 2166 ἡμέραν,
585 2084 736 2163 θαυμαστὸν
746 2082 833 2142 οὐδέν·
885 2083 940 2155 die,
956 2083 1028 2143 nihil
1041 2082 1162 2143 mirum:
1175 2105 1237 2143 nam
1254 2084 1307 2144 hoc
1320 2085 1472 2166 imperfecti
1495 2085 1580 2144 animi
1591 2088 1633 2146 tui

59 2181 105 2239 καί
119 2179 171 2262 γάρ
194 2180 241 2238 καί
254 2180 330 2238 τοῦτό
344 2202 390 2239 σου
405 2182 452 2249 τῆς
466 2180 573 2246 ἀτελοῦς
590 2176 699 2256 γνώμης
712 2184 834 2254 σημεῖον,
886 2175 995 2253 signum
1015 2187 1074 2252 eat,
1093 2189 1119 2234 et
1141 2175 1509 2255 ebrietatisinsanabilisque
1531 2176 1632 2237 morbi.

59 2273 106 2332 καί
119 2278 166 2345 τῆς
190 2272 272 2350 με’θης
291 2271 337 2329 καί
358 2276 406 2342 τῆς
428 2269 533 2330 ἀνιάτου
549 2270 640 2330 νόσου·
655 2268 713 2329 ἐπεί
734 2268 779 2329 καί
801 2268 835 2328 ad
887 2271 958 2329 Nam
973 2284 1001 2330 et
1014 2270 1121 2351 pueruli
1139 2291 1202 2329 eum
1217 2271 1312 2331 vident
1333 2268 1471 2331 medicum
1483 2273 1573 2353 ignem
1588 2272 1634 2333 vel

59 2362 155 2422 παιδία
168 2361 203 2420 vt
215 2360 299 2441 μικρά
314 2362 377 2423 ὅταν
388 2362 431 2442 ίδη
447 2362 492 2421 τὸν
506 2359 625 2443 ίατρδνη
648 2366 701 2441 πῦρ
714 2359 731 2433 ἢ
750 2359 834 2439 τομὴν
887 2361 1029 2421 actionem
1049 2362 1236 2439 inducentem,
1251 2362 1359 2444 lugiunt
1374 2378 1400 2423 et
1419 2364 1560 2438 resiliunt,
1576 2366 1635 2447 eju·

60 2455 210 2534 ἐπάγοντα,
227 2453 317 2535 ρεύγει
329 2455 375 2513 καί
388 2455 515 2533 ἀποπηδᾷ
536 2452 692 2520 ὀλολύζοντα
706 2453 752 2512 καί
765 2476 836 2512 σπα-
886 2454 972 2513 lantes
987 2468 1014 2514 et
1034 2476 1090 2514 sese
1108 2456 1265 2531 lacerantes,
1283 2456 1443 2536 maluntque
1461 2457 1489 2517 in
1504 2471 1635 2540 perpetua

62 2547 228 2626 ραττύμενα,
242 2546 288 2606 καί
314 2549 413 2624 μᾶλλον
439 2550 552 2624 αἱρεῖται
572 2548 687 2616 διηνεκεῖ
710 2544 836 2617 σηπεδόνι
888 2547 1010 2629 eorporis
1031 2549 1188 2630 purulentia
1206 2550 1311 2631 perire,
1332 2572 1414 2628 quam
1432 2565 1635 2632 temporaneum

62 2639 186 2718 σώματος
212 2640 406 2713 ἐναπολέσθαι,
427 2637 444 2709 ἢ
473 2637 633 2719 πρόσκαιρον
655 2637 835 2716 ὑπομείναντα
888 2641 1044 2701 sustinendo
1057 2641 1190 2714 dolorem,
1209 2642 1349 2702 sanitatem
1364 2658 1455 2724 postea
1469 2640 1584 2723 assequi.
1600 2649 1635 2704 At

61 2731 155 2805 πόνον,
173 2736 221 2804 τῆς
236 2732 303 2809 pert
315 2737 399 2791 ταῦτα
412 2731 556 2791 ἀπολαύειν
571 2730 670 2810 ὑγείας.
685 2735 722 2791 Οί
734 2730 763 2790 δὲ
775 2736 836 2790 νοῦν
886 2732 934 2811 qui
953 2746 1041 2792 mente
1054 2734 1156 2809 valent,
1176 2733 1265 2793 sciunt
1285 2734 1396 2813 gravius
1414 2756 1472 2794 esse
1490 2750 1635 2816 aegrotare,

61 2825 166 2905 ἔχοντες
180 2825 277 2896 ίσασιν,
290 2824 332 2883 δτι
348 2825 379 2883 τδ
391 2833 475 2884 νοσεῖν
487 2829 533 2884 τοῦ
552 2823 692 2901 τέμνεσθαι
712 2821 837 2904 χαλιπιύ·
890 2845 972 2906 quam
983 2827 1075 2907 aliqua
1085 2827 1205 2887 sectione
1218 2827 1300 2904 allici,
1314 2827 1543 2907 quemadmodum
1554 2830 1636 2888 etiam
1696 2814 1700 2823 ¹
1732 2828 1758 2873 ·'
1797 2824 1806 2839 ⁴

60 2939 148 2998 τερον,
157 2916 248 2997 ὥσπερ
261 2908 305 2976 σύν
318 2917 368 2977 ”cl
379 2920 468 2985 κακῶς
479 2907 546 2976 εἶναι
558 2922 604 2975 τοῦ
615 2915 772 2983 κολάζεσθαι
781 2925 837 2996 χεῖ·
890 2917 1046 2998 improbum
1057 2939 1113 2979 esse
1122 2921 1201 3000 pejus
1213 2932 1261 2995 est,
1273 2940 1354 2997 quam
1369 2919 1461 3001 puniri
1477 2943 1484 2976 :
1500 2920 1552 2981 hoc
1564 2920 1635 2982 enirn

61 3033 123 3090 ρον·
137 3009 168 3068 τὸ
182 3008 229 3086 μὲν
242 3007 294 3088 γδιρ
309 3008 500 3091 θεραπεύεσθαι
513 3007 559 3067 καί
574 3007 701 3088 ὑγιαίνειν
713 3007 786 3081 ἐστὶ,
806 3008 837 3067 τὸ
845 3053 882 3092 5„
891 3024 930 3071 est
941 3013 1031 3072 curari
1042 3024 1070 3071 et
1080 3026 1172 3093 postea
1186 3012 1254 3072 bene
1266 3013 1368 3085 valere,
1386 3011 1456 3071 illud
1468 3033 1533 3073 vero
1548 3013 1636 3094 perire

61 3101 90 3160 δὲ
106 3101 328 3161 &colluctationi
348 3104 375 3160 ἐν
395 3100 530 3180 ἀρρωστίᾳ
546 3090 614 3158 εἶναι
634 3101 757 3172 διηνεκεῖ.
772 3099 836 3159 Ὅτι
853 3110 873 3154 Α
890 3119 917 3164 et
937 3105 965 3164 in
985 3119 1114 3186 perpetim
1131 3104 1291 3186 aegritudine
1314 3106 1423 3167 vasari.
1445 3105 1528 3177 Quod
1545 3119 1636 3165 autem

62 3193 90 3253 δὲ
109 3193 257 3275 οῖρρνοείος
275 3191 351 3272 ὑγεία
374 3192 485 3271 βελτιον,
499 3191 580 3251 παντί
600 3215 652 3251 που
668 3193 746 3263 δῆλον
758 3215 765 3228 ·
777 3191 837 3251 ἐπεί
876 3196 960 3256 .bona
976 3196 1106 3257 valetudo
1120 3197 1275 3276 aegritudini
1295 3196 1330 3256 sit
1346 3197 1521 3277 preferenda,
1534 3197 1635 3257 nemini

61 3284 108 3342 καὶ
121 3283 180 3353 τοῦς
192 3283 308 3365 λῃστὰς,
323 3285 373 3364 οὐχ
386 3285 449 3343 ὅταν
462 3284 648 3364 διορύττωνταε
656 3284 704 3350 τάι
713 3283 836 3364 πλευρὰς,
890 3310 944 3349 non
968 3303 1062 3349 notum
1085 3303 1124 3349 eet
1150 3314 1157 3345 ι
1179 3288 1400 3369 quandoquidem
1423 3306 1449 3350 οι
1469 3292 1558 3366 funes,
1581 3310 1636 3350 non

62 3374 185 3453 δακρύειν
199 3375 280 3449 ditet,
293 3376 352 3434 ἀλλ’
369 3373 431 3434 θεαν
447 3375 602 3457 διορύττωοι
613 3373 717 3454 τοίχους
730 3374 776 3432 καί
787 3398 837 3454 po·
890 3380 998 3459 quaudo
1012 3381 1132 3462 ipsorum
1151 3380 1233 3439 latera
1249 3379 1446 3461 perfodiuntur,
1460 3381 1508 3441 sed
1527 3382 1637 3462 quando

63 3467 183 3528 νεύωσιν.
194 3470 227 3528 nt
237 3467 289 3547 γὰρ
305 3467 408 3546 βέλτιον
416 3465 488 3547 ψυχὴ
497 3457 784 3548 αύματος,ὥοπεροῖν
793 3466 838 3526 κοιλ
893 3494 985 3532 muros
994 3472 1150 3555 perfodiunt
1157 3487 1184 3532 et
1194 3472 1332 3551 occidunt,
1341 3474 1471 3556 lacrymis
1479 3475 1555 3557 digni
1565 3491 1636 3537 sunt.

10 3573 15 3584 ’
63 3557 179 3634 βελτιον,
195 3557 291 3631 ταύτης
305 3558 504 3637 ἀπολλυμένης,
516 3562 615 3636 μᾶλλον
629 3557 727 3619 στένειν
739 3558 838 3618 δίκαιον
892 3565 922 3626 Si
933 3566 1004 3626 enim
1016 3564 1113 3627 melior
1122 3579 1161 3626 est
1170 3567 1260 3627 anima
1269 3588 1390 3649 corpore,
1400 3581 1430 3627 ut
1440 3591 1533 3630 revera
1542 3571 1637 3630 melior

62 3650 110 3708 καί
124 3649 274 3729 ὀδύρεσθαι·
297 3653 320 3709 εί
340 3649 368 3708 δὲ
382 3649 420 3727 μὴ
437 3650 605 3725 αἰσθάνοιτο,
619 3650 666 3710 καί
680 3649 764 3731 ταύτῃ
780 3674 840 3728 μει·
893 3673 950 3738 εςιρ
973 3660 1020 3719 illa
1038 3673 1144 3720 mortua
1163 3661 1251 3741 magis
1264 3660 1413 3742 lugendum
1435 3677 1461 3722 et
1475 3664 1638 3744 gemendum

63 3741 144 3809 ίόνως
154 3741 236 3814 οὖπθν
247 3747 350 3802 πενθεῖν
363 3744 377 3773 *
388 3745 435 3802 δεῖ.
451 3742 504 3803 Καί
517 3742 570 3822 γάρ
582 3743 766 3824 τολςέρῖνῖντας
779 3743 840 3804 ἄνθ·
894 3766 934 3812 est
949 3751 1043 3830 :quod
1059 3753 1082 3811 si
1098 3752 1147 3812 illa
1160 3753 1272 3812 minime
1287 3754 1401 3831 sentiat,
1417 3754 1477 3814 ideo
1493 3757 1580 3836 magis
1592 3758 1637 3816 lu-

62 3837 160 3894 λαστον
174 3834 261 3913 ἔρωτα
267 3838 319 3893 τῶν
328 3834 508 3913 πυρεττόντων
518 3838 642 3915 χαλεπῶς
651 3838 750 3914 μᾶλλον
759 3839 840 3895 ἐλεεῖν
895 3843 981 3926 penda
1001 3858 1050 3904 est.
1066 3845 1136 3904 Nam
1149 3845 1196 3924 qui
1209 3845 1316 3924 impuro
1328 3864 1420 3905 amore
1437 3860 1538 3924 amant,
1551 3848 1639 3927 magis

63 3925 147 4000 οῖξεννν
156 3926 202 3984 καί
214 3925 275 3993 τοῖς
287 3925 429 4003 μεθύοντας
442 3932 494 3986 τῶν
510 3927 734 4006 βοοονείομὲνεον·
750 3926 803 3988 Kal
818 3930 841 3987 εί
895 3951 957 3998 sunt
968 3937 1145 4018 deplorandi,
1154 3950 1239 4016 quam
1249 3937 1269 3996 ii
1279 3938 1325 4017 qui
1339 3939 1409 3998 febri
1417 3939 1550 4017 laborant,
1560 3941 1639 4000 simi-

63 4022 150 4076 τνῑῧεα
159 4018 351 4098 pemmo«,
365 4020 446 4100 φησί,
458 4021 501 4080 διὰ
512 4018 538 4078 τί
553 4022 653 4098 μᾶλλον
665 4018 734 4078 αὐτὰ
747 4018 841 4100 αἱροῖ·
894 4031 1009 4108 literque
1021 4028 1123 4089 ebriosi
1135 4028 1233 4108 magis,
1248 4049 1329 4107 quarn
1344 4030 1364 4089 ii
1379 4031 1427 4109 qui
1436 4031 1575 4093 tormentis
1587 4054 1638 4115 ap-

64 4116 148 4188 μεθος
162 4108 228 4170 Ὅτε
240 4112 347 4179 πολλοῖς
360 4115 412 4170 τῶν
428 4110 583 4192 ἀνθρώπων,
598 4109 668 4171 κατδι
680 4111 729 4183 τὴν
749 4134 842 4191 aepor-
860 4129 878 4176 Β
895 4117 1040 4200 plicantur.
1055 4122 1091 4176 At
1102 4117 1124 4177 si
1139 4117 1186 4176 illa
1203 4117 1339 4196 graviora,
1356 4118 1471 4197 inquies,
1485 4141 1535 4179 eur
1547 4121 1638 4202 potius

65 4200 143 4277 μίαν,
165 4200 271 4283 ἀρέσκει
292 4201 326 4260 τὰ
349 4203 449 4284 χείρω,
462 4203 509 4262 καί
522 4208 608 4262 ταῦτα
631 4206 786 4283 αἱροῦνται,
808 4203 842 4262 τὰ
895 4213 943 4272 illa
962 4212 1109 4292 eligimus?
1125 4212 1197 4287 Quia
1216 4212 1352 4294 plerisque
1369 4213 1525 4275 hominihus
1544 4237 1639 4277 mun.

65 4292 168 4366 οῖμεῖνν)
180 4293 400 4375 παρατρέχοντες·
415 4293 504 4375 Ὅπερ
523 4295 569 4354 καί
583 4299 610 4354 ἐν
624 4294 765 4373 ἐδέσμασιν
778 4300 841 4377 ὑρᾷν
895 4304 963 4364 dum
977 4303 1153 4386 proverbium
1166 4304 1257 4385 pejora
1268 4304 1383 4385 planant,
1394 4305 1496 4386 illaque
1505 4306 1636 4389 diligunt,

64 4388 139 4459 ἐστι,
154 4386 200 4444 καί
216 4390 242 4446 ἐν
256 4386 401 4456 πολιτείαις
412 4387 457 4447 καί
472 4390 498 4446 ἐν
509 4388 596 4460 ζήλοις
610 4386 674 4466 βίων
686 4386 733 4446 καί
743 4389 770 4446 ἐν
781 4390 842 4459 ἡδο-
896 4396 1007 4456 meliora
1025 4395 1265 4477 praetermittentes,
1281 4395 1316 4455 ld
1327 4396 1400 4475 quod
1418 4399 1500 4459 etiam
1526 4401 1556 4461 in
1571 4400 1639 4460 cibis

64 4481 113 4548 νῆς
126 4478 271 4537 ἀπολαύσει
293 4479 339 4537 καί
356 4483 382 4538 ἐν
396 4479 498 4558 γυναιξί
512 4480 559 4540 καί
576 4482 603 4539 ἀν
619 4478 714 4547 οἰκίαις
738 4480 786 4539 καί
813 4483 841 4540 ἐν

65 4570 239 4649 ἀνδραπόδοις
257 4570 303 4629 καῖ
318 4572 345 4629 ἓν
360 4573 464 4651 οῖγροῖς,
478 4571 523 4631 καί
538 4572 643 4631 ἐπὶτῶν
656 4571 742 4630 ἄλλων
756 4572 844 4631 ἁπάν-
896 4585 962 4644 etin
977 4584 1172 4665 voluptatibus,
1184 4584 1212 4645 in
1227 4585 1399 4664 mulieribus,
1418 4587 1447 4647 iu
1459 4587 1595 4666 domibus,
1610 4590 1638 4649 in

64 4687 119 4720 των
131 4662 277 4739 γινόμενον.
292 4662 329 4722 Τῖ
340 4663 392 4742 tlt?
405 4664 488 4739 loton,
501 4665 558 4731 ,εῖπῖ
571 4688 630 4743 μον,
642 4664 756 4744 Υνναῑξλν
768 4663 786 4737 θ
797 4666 843 4746 til·
898 4677 1051 4759 mancipiis,
1068 4678 1095 4736 in
1110 4678 1193 4758 agris,
1212 4679 1240 4738 in
1253 4679 1366 4758 aliisque
1385 4681 1518 4741 omnibus.
1538 4685 1639 4743 Utrum

65 4758 842 4841 {³201niwelentvtttlltltltffl'tmtt'dll'lwtnol·
897 4771 969 4832 enim
991 4770 1116 4847 dulcius,
1134 4792 1224 4849 quaeso
1249 4784 1289 4842 tc,
1312 4793 1373 4831 cum
1397 4773 1503 4833 lerninis
1522 4796 1557 4833 an
1577 4796 1639 4834 cum

67 4861 130 4928 λούς
146 4862 290 4943 εὑρήσομεν
304 4871 430 4941 γυναῖκας
442 4861 488 4940 μὲν
501 4861 730 4943 παρατρέχοντας,
740 4864 843 4944 ἀλόγοις
898 4865 1024 4925 masculis
1035 4863 1173 4944 congredi,
1183 4885 1244 4924 eum
1255 4863 1360 4924 lerninis
1372 4886 1405 4923 an
1418 4887 1479 4924 cum
1491 4867 1640 4927 mulabus?

103 5080 113 5103 ε
132 5064 190 5114 llsa.
204 5074 241 5118 καί
260 5073 422 5121 ἀπαλλάττων.
441 5066 506 5116 Item
527 5068 554 5115 Α.
569 5068 612 5133 qui
630 5077 655 5117 et
676 5075 764 5132 ἀνάγων
783 5083 831 5134 pro
881 5067 920 5120 vel
933 5069 1022 5134 κακον]

68 5146 208 5211 ἐπανάγωνί.
913 5148 925 5176 ⁸
943 5149 1044 5213 [δίκαιον
1057 5145 1085 5195 Α.
1099 5156 1124 5195 et
1138 5162 1218 5213 marg.
1231 5144 1323 5207 Sacil]

103 5237 115 5259 ¹
134 5223 179 5286 [Α.
194 5235 323 5274 correctus
342 5233 366 5277 τὸ
386 5234 451 5284 κακὸς
465 5230 527 5279 εἶναι.
540 5222 617 5278 sarit.
632 5226 740 5292 conjecit
751 5231 832 5283 κακούς

215 5338 277 5375 ΤΟΜ
302 5340 341 5377 11.
