3728 5978
115 375 160 444 αθ
437 395 467 444 s.
495 393 634 444 Jonnnis
660 391 843 440 cunisosr.
874 393 1029 443 nncnmr.
1056 394 1327 443 oonsrnnrinor.

114 524 153 578 θα
169 520 323 578 hominum
348 518 437 577 simul
467 520 531 598 sere
557 504 673 575 eentum
696 517 805 594 viginti
820 522 852 589 ):
907 515 1001 576 έκατδν
1011 515 1130 591 εέκοσιν)·
1142 514 1246 597 Ἄνδρες
1257 514 1372 596 θδελρολ,
1383 496 1435 573 ἔδει
1445 517 1619 593 πληρωθῆναι
1630 512 1677 585 τὴν

10 658 49 689 f„
114 602 241 687 iSJViri
241 611 370 690 fratres,
386 613 536 690 oportebat
549 609 665 687 impleri
673 607 854 685 Scripturam
907 606 1016 687 Γραιρὴν
1031 607 1139 682 ταύτην,
1153 608 1185 681 ἣν
1197 617 1306 688 προεῖπε
1322 606 1352 664 τὸ
1365 607 1478 685 Πνεῦμα
1501 607 1531 665 τὸ
1546 606 1629 685 ἅγιον.
1641 604 1678 663 Τί

8 692 14 703 ’
112 703 202 774 hanc,
216 722 305 782 qnam
313 703 450 781 predixit
463 701 585 781 Spiritus
594 712 724 761 sanctus,
736 698 792 756 Gur
802 717 854 755 uon
906 700 1003 773 δήποτε
1025 706 1054 763 οὐ
1075 703 1119 762 τδν
1144 703 1259 784 Χριστὸν
1280 698 1377 773 ἠξίωσε
1393 700 1487 777 μόνος,
1509 697 1579 759 ὥστε
1605 700 1679 777 αὐτῷ

111 792 185 852 solus
195 792 327 851 aChristo
340 792 429 872 petiit,
447 805 476 851 ut
489 791 540 850 sibi
555 789 633 850 daret
646 789 764 868 aliquem
772 791 800 850 in
811 791 852 850 lo·
905 794 994 853 δοῦναι
1008 798 1044 863 εἰς
1059 796 1102 855 τὸν
1125 794 1205 854 τόπον
1226 791 1313 853 Ἰοόδα
1330 791 1403 864 τινό;
1427 790 1498 851 διατί
1521 790 1548 850 δέ
1572 789 1619 849 καί
1632 793 1677 869 ἀφ’

112 905 175 942 cum
189 882 289 945 Judae?
305 904 354 942 cur
375 884 438 943 item
452 905 504 943 nou
526 904 574 965 per
587 882 688 963 seipsos
699 882 854 942 electionem
905 887 1006 946 ἑαυτῶν
1022 889 1052 946 οὗ
1064 891 1198 946 ποιοῦνται
1210 883 1259 958 τλν
1276 884 1399 963 ἐκλογόνς
1410 882 1528 943 Βελτίων
1540 880 1632 942 λοιπὸν
1646 873 1679 952 ἦν

112 975 234 1034 iaciunt?
247 978 309 1037 Jam
320 978 415 1035 Petrus
429 976 515 1056 scipso
528 974 625 1034 melior
638 974 798 1033 incluserat.
807 974 854 1035 Sic
904 977 1016 1057 γεγονὼς
1030 978 1157 1061 όΠέτρος
1171 977 1248 1045 αὐτὸς
1258 979 1451 1037 ἑαυτοῦΤοῦτο
1460 975 1546 1036 τοίνυν
1558 975 1630 1035 ἐστὶν
1640 976 1680 1033 εἰ·

111 1086 176 1147 ergo
186 1069 223 1127 ed
236 1068 355 1149 priorem
364 1068 538 1147 qiiaestiouem
550 1066 786 1147 respondendum:
801 1087 850 1125 cur
904 1079 963 1128 πεῖν
978 1069 1040 1150 περὶ
1060 1069 1163 1130 τούτου.
1188 1067 1257 1147 Περὶ
1280 1065 1308 1128 δέ
1325 1073 1371 1127 τοῦ
1396 1067 1433 1144 μὴ
1450 1068 1556 1141 ἁπλῶς,
1576 1069 1635 1126 ἀλλ’
1651 1064 1678 1134 ἐξ
1704 1081 1707 1087 ·

111 1174 200 1220 nutem
215 1182 267 1220 non
281 1159 548 1242 simpliciter‚sedex
555 1158 716 1218 revelatione
729 1158 853 1218 choream
904 1159 1094 1242 ἀποκαλόρεως
1111 1164 1192 1220 αἰτεῖν
1201 1158 1247 1218 τδν
1257 1156 1305 1230 τὴν
1316 1155 1678 1240 χορείανάναπληρυίοοντα,

110 1254 219 1335 impleri
229 1252 401 1335 postularint,
415 1251 483 1311 duas
493 1272 585 1311 mersas
595 1251 747 1310 afferemus.
762 1251 853 1311 Prima
904 1246 950 1312 δόο
966 1252 1050 1319 αἰτίας
1069 1257 1195 1333 ἐροῦμεν·
1218 1250 1281 1331 μίαν
1301 1250 1360 1329 μέν,
1371 1250 1414 1312 ότι
1426 1249 1487 1330 περὶ
1507 1249 1577 1309 ἄλλα
1591 1247 1677 1328 hqd

48 1422 50 1427 Ι
109 1358 160 1421 est,
175 1343 249 1421 qnod
259 1342 320 1402 aliis
334 1342 416 1411 rebus
424 1342 610 1402 incumberent
617 1365 628 1420 γ
642 1341 769 1416 secunda,
781 1341 853 1420 quod
871 1353 889 1399 n
904 1346 998 1416 ληντο·
1015 1343 1138 1426 δευτέραν
1152 1343 1195 1416 δὲ,
1209 1344 1249 1403 ότι
1261 1349 1307 1403 τοῦ
1318 1352 1442 1424 παρεῖναι
1452 1346 1538 1407 αι’ποῖς
1548 1340 1593 1400 τόν
1607 1340 1676 1420 Χρι-

109 1435 162 1496 hoc
174 1435 326 1495 maximum
345 1447 414 1494 esset
425 1447 628 1513 argumentum,
648 1433 787 1493 Christum
799 1435 855 1494 illis
905 1436 966 1496 στὸν
978 1435 1120 1518 τεκμήριον
1136 1435 1259 1515 μέγιστον
1274 1439 1362 1494 τοῦτο.
1379 1432 1508 1514 Καθάπερ
1519 1431 1573 1513 γδρ
1583 1429 1676 1512 παρὼν

109 1529 211 1590 adesse.
229 1531 266 1590 Ut
285 1529 357 1588 enim
374 1549 492 1611 presens
504 1527 630 1607 eligebat,
645 1528 683 1586 ita
706 1541 732 1586 et
748 1528 852 1587 absens.
904 1526 1053 1608 ἐξελέγετο,
1071 1526 1140 1586 οὕτω
1164 1526 1210 1587 καλ
1226 1525 1312 1586 ἀπιόν.
1328 1529 1370 1586 Oi
1385 1524 1479 1606 μιαρδν
1493 1522 1521 1584 δέ
1541 1528 1620 1583 τοῦτο
1639 1526 1678 1589 εἰς

109 1623 165 1681 Neo
180 1643 281 1709 partim
295 1620 325 1679 id
339 1619 375 1679 ad
390 1618 598 1681 consolationem
608 1619 767 1678 conferebat.
782 1620 854 1682 Vide
903 1618 1155 1701 παραμυθίαν,”ορα
1164 1617 1191 1679 δὲ
1204 1617 1279 1677 αιἰτδν
1292 1616 1360 1696 μετὰ
1370 1620 1459 1688 κοινῆς
1472 1615 1561 1674 πάντα
1572 1619 1677 1674 ποιοῦν-

108 1728 199 1773 autem
210 1712 347 1792 quomodo
362 1712 457 1770 Petrus
471 1712 561 1770 onmia
583 1732 617 1770 ex
642 1711 778 1770 communi
793 1732 853 1772 sen-
900 1733 935 1769 τα
949 1709 1071 1790 γνώμης·
1083 1710 1156 1771 οῦδὲν
1167 1711 1338 1780 αὐθεντικῶς,
1349 1707 1408 1768 οὐδὲ
1421 1711 1546 1788 ἀρχικιῦς.
1562 1707 1617 1767 Καὶ
1629 1712 1677 1768 οὐκ

108 1805 191 1865 tentia
214 1805 307 1883 faciat,
324 1803 447 1883 nihilque
462 1825 524 1863 cum
544 1804 703 1863 auctoritate
723 1805 767 1863 vol
788 1826 852 1864 curu
901 1793 973 1862 εἶπεν
987 1800 1069 1870 οὕτως
1088 1803 1194 1869 όιπλιῦς·
1216 1801 1275 1862 ἀντὶ
1296 1809 1342 1862 τοῦ
1356 1799 1441 1861 ’lolio
1455 1806 1546 1860 τοῦτον
1560 1799 1676 1859 καταλέ-

107 1897 231 1978 imperio.
259 1898 351 1975 Neque
377 1895 537 1976 simpliciter
562 1895 635 1955 <lixit
651 1920 658 1953 :
675 1897 748 1956 Loco
772 1896 851 1959 Judae
900 1917 997 1973 γομεν·
1013 1893 1081 1953 ἀλλὰ
1098 1892 1332 1978 παραμυθούμενος
1352 1891 1445 1959 αὐτοὺς
1459 1891 1525 1973 ὑπὲρ
1536 1896 1582 1952 τοῦ
1595 1915 1675 1970 γεγε-

107 1986 180 2046 liuue
188 1986 329 2067 eligimus5
345 1985 390 2046 sed
399 1985 538 2046 consolans
552 1987 614 2047 illos
627 2008 708 2068 super
721 2009 763 2065 eo,
776 1989 852 2067 qnod
902 1986 1031 2064 νημίναι,
1046 1986 1144 2067 βλέπε,
1155 1991 1211 2053 πῶς
1227 1983 1404 2066 μεταχειρίζει
1415 1985 1459 2044 τὸν
1472 1984 1559 2064 λόγον.
1570 1985 1612 2044 Οὔ
1623 1983 1676 2062 γὰρ

105 2077 250 2155 acciderat,
265 2078 329 2137 vide
340 2077 477 2157 quomodo
487 2099 637 2138 sermonem
647 2093 784 2161 temperet.
797 2083 850 2140 Ne·
901 2076 998 2158 μικρόν
1021 2077 1134 2158 ἀπορίαν
1148 2076 1284 2148 ἐνεποίησε
1301 2077 1332 2136 τὸ
1349 2075 1467 2157 γεγονός·
1484 2075 1530 2135 καί
1554 2074 1592 2154 μὴ
1609 2081 1675 2135 θαυ-

105 2191 158 2248 que
169 2170 241 2230 enim
254 2171 358 2230 fucinus
370 2169 440 2229 illud
451 2192 565 2251 [sumam
579 2171 636 2230 illis
658 2174 850 2233 consternatio-
902 2170 998 2250 μοίοῃς.
1014 2175 1048 2232 Εἰ
1070 2170 1119 2252 γὰρ
1135 2177 1179 2231 νῦν
1199 2178 1275 2231 τοῦτο
1296 2169 1389 2231 πολλοὶ
1411 2167 1628 2252 περιστρέρουαι,
1649 2168 1676 2227 τί

104 2280 167 2319 nem
180 2261 308 2320 attulerat
315 2285 325 2338 γ
341 2276 367 2321 et
379 2282 411 2320 ne
420 2260 537 2321 mireris.
557 2263 628 2321 Nam
636 2262 659 2321 si
669 2261 739 2321 illud
754 2263 850 2324 hodie-
900 2261 959 2322 τότε
971 2264 1040 2332 εἰκὸς
1050 2255 1083 2342 ᾖν
1097 2261 1190 2331 αὐτοὺς
1203 2261 1302 2343 λέγειν;
1318 2260 1436 2340 Ἄνδρες,
1456 2260 1545 2342 φησίν,
1557 2261 1674 2341 ἀδελφοί.

105 2353 158 2429 quc
169 2351 247 2411 multi
258 2366 373 2428 versant,
390 2351 457 2429 quid
470 2351 597 2411 tonsillis
612 2352 742 2413 accidisse
750 2369 848 2435 putau-
866 2362 884 2408 θ
900 2356 935 2414 Εἰ
948 2360 962 2415 θ
974 2356 1070 2437 Κύριος
1081 2355 1207 2437 ἀδελφοὺς
1223 2353 1315 2421 αὐτοὺς
1330 2354 1455 2426 ἐκάλεσε,
1468 2354 1559 2433 πολλῷ
1574 2354 1675 2432 μᾶλλον

104 2442 170 2503 dum
179 2445 193 2503 ί)
201 2443 494 2526 Virisratres,inquit.
504 2444 536 2503 Si
543 2445 676 2505 Dtmiuus
684 2446 746 2506 illos
753 2448 848 2510 fratres
899 2440 988 2518 οὗτος·
1003 2448 1044 2506 διὸ
1051 2448 1097 2508 καλ
1106 2447 1211 2507 πάντων
1222 2446 1360 2529 παρόντων
1370 2450 1447 2504 τοῦτο
1456 2449 1597 2525 ἀναφωνεῖ.
1606 2444 1675 2505 'ltro

103 2535 261 2616 appellavit,
288 2535 376 2594 multo
396 2533 484 2614 magis
504 2534 550 2594 hic
565 2533 646 2594 :ideo
671 2538 847 2616 presentibus
899 2539 1062 2612 Ἐκκληοίας
1072 2539 1193 2619 ἀξίωμα,
1203 2540 1249 2599 καὶ
1261 2538 1387 2619 ἄγγελιιιὴ
1399 2538 1569 2605 κατάποσις.
1580 2538 1675 2606 Οὐδείς

91 2626 488 2717 1οιιιιιίίιιιε,εἰοίίΙοεαίϊειθιιι.
503 2625 574 2686 Ecce
587 2626 714 2688 Ecclesiae
729 2628 848 2710 dignita-
898 2624 931 2708 ἦν
944 2638 999 2694 ἐκεῖ
1011 2630 1231 2715 άδιερρηγμένος,
1241 2633 1288 2692 οὐκ
1304 2629 1391 2712 ἄρσεν,
1412 2633 1442 2690 οῦ
1453 2631 1528 2702 θῆλυ.
1541 2628 1675 2696 Τοιαύτας

102 2730 193 2777 temet
208 2718 360 2798 angelicum
373 2731 484 2778 statum.
499 2718 599 2778 Nullus
613 2733 669 2779 erat
679 2721 718 2780 ihi
738 2722 772 2781 ab
786 2722 847 2783 aliis
900 2724 1028 2805 βούλομαι
1043 2723 1091 2790 τδις
1107 2722 1268 2798 Ἐκκλησίας
1283 2712 1410 2781 εἶναικαὶ
1423 2727 1478 2781 νῦν.
1494 2719 1590 2788 Οὐδεὶς
1605 2724 1673 2800 βιωυ

103 2807 238 2884 divulsus,
250 2831 303 2869 nou
314 2831 384 2884 mas,
395 2831 449 2869 non
458 2809 566 2870 seusina.
584 2810 666 2873 Tales
681 2815 846 2875 nuncetiam
897 2814 971 2876 τικόν
984 2841 1011 2876 τι
1022 2815 1180 2897 ἐφρόντιζεν,
1196 2815 1278 2882 οὐδεὶς
1291 2813 1352 2894 περὶ
1366 2812 1452 2882 οἰκίας
1464 2812 1606 2895 ἐμερίμνα.
1621 2815 1674 2874 To·

102 2899 236 2961 Ecclesies
246 2924 303 2961 esse
313 2901 386 2961 volo.
401 2903 488 2961 Nemo
506 2902 547 2961 ihi
564 2903 691 2964 saeculnre
705 2904 846 2986 quidpiam
899 2915 989 2969 τοῦτον
1003 2908 1101 2987 ἀγαθόν
1115 2913 1140 2969 οἱ
1155 2906 1314 2989 πειρασμοί·
1325 2913 1441 2967 τοιοῦτον
1455 2910 1481 2965 oi
1493 2904 1594 2985 θλίψεις
1606 2913 1674 2966 ’κα-

102 2993 231 3071 ouraha13
246 2993 338 3053 nullus
364 3007 421 3053 erat
432 2993 466 3053 de
490 3015 520 3054 re
537 2993 684 3054 domestica
703 2997 845 3058 sollicitus.
897 2999 1270 3082 λόνἜδειπληρωθῆναιτὴν
1283 2996 1509 3080 Γραρὴνταότςν,
1519 2997 1551 3070 ἣν
1562 3008 1673 3077 προεῖπα

103 3084 420 3145 Tantumboniafsemnt
428 3085 597 3167 imitationes,
608 3102 711 3148 tantum
720 3111 846 3152 rerumne
860 3149 884 3189 te
896 3096 928 3156 ιδ
950 3098 1062 3173 Πνεῦμα
1082 3094 1112 3153 τὸ
1133 3093 1216 3172 ἅγιον.
1233 3091 1286 3151 Ἀεὶ
1300 3095 1494 3172 παραμυθεῖται
1513 3089 1605 3158 αὐτοὺς
1620 3071 1675 3151 ἀπὸ

100 3176 219 3238 lucrum.
245 3180 404 3260 Oportebat
418 3179 534 3259 impleri
552 3180 732 3260 Scriptorum
754 3186 843 3264 hane,
863 3193 944 3261 ιτῆς
955 3186 1132 3270 προρρήσεως.
1142 3183 1222 3245 Οὕτω
1241 3182 1311 3244 καίό
1323 3183 1436 3262 Χριστὸς
1446 3189 1584 3263 πανταγοῦ
1592 3191 1673 3243 ποιεῖ.

101 3292 192 3352 quam
201 3272 339 3351 predixit
351 3271 475 3351 Spiritus
488 3285 618 3331 sanetus.
628 3273 739 3354 Semper
749 3296 844 3335 conso·
897 3278 951 3338 Τδν
964 3277 1042 3337 αὐτόν
1057 3277 1089 3348 δὴ
1104 3275 1200 3357 τρόπον
1215 3274 1260 3335 καί
1280 3265 1354 3341 οὗτος
1377 3275 1519 3346 δείκνυσιν,
1534 3273 1577 3334 ότι
1597 3275 1671 3335 οὐδὲν

100 3360 173 3427 latur
184 3383 252 3421 cosa
265 3361 450 3443 praedictione
467 3362 513 3422 Sic
522 3363 602 3422 etiam
611 3365 735 3426 Christus
745 3366 846 3446 ubique
897 3368 967 3439 ξένον
980 3370 1095 3449 γέγονεν,
1108 3368 1176 3428 titt
1186 3366 1217 3426 τὸ
1225 3367 1276 3439 ἤδη
1290 3364 1583 3448 προειρημένον,Ἐδει,
1595 3367 1670 3446 φησί,

100 3454 173 3514 fecit.
185 3453 340 3533 Eodenmue
354 3453 435 3513 modo
449 3455 495 3513 hic
516 3453 632 3514 ostendit
645 3456 715 3521 nihil
730 3472 843 3540 stupeu-
896 3465 1069 3545 πληρωθῆναι
1082 3460 1130 3534 τὴν
1141 3458 1251 3542 Γραρὴν
1261 3456 1369 3531 ταιίτην,
1383 3457 1416 3529 ἣν
1424 3464 1533 3539 προεῖπε
1547 3458 1577 3517 τὸ
1586 3459 1671 3517 Πνεῦ-

100 3547 168 3606 dum
189 3546 329 3626 accidisse,
345 3546 394 3608 sed
408 3547 484 3626 quod
493 3548 551 3628 jam
571 3549 734 3629 predictum
748 3551 844 3615 fuerat.
897 3578 936 3632 μα
950 3554 981 3613 τὸ
990 3552 1062 3632 όγιον
1077 3551 1121 3612 διδ
1133 3550 1262 3630 στόματος
1275 3547 1367 3610 Δαυίδ.
1383 3548 1436 3608 Καί
1447 3551 1476 3607 οὐ
1487 3547 1574 3627 λέγει,
1585 3549 1672 3609 Δαυὶδ

102 3640 269 3718 Oportebat,
297 3639 395 3718 inquit,
421 3641 536 3719 impleri
554 3641 734 3720 Scripturam
753 3645 842 3718 hane,
897 3634 979 3716 εἶπεν,
993 3643 1078 3714 ἀλλὰ,
1096 3641 1127 3702 τό
1143 3644 1253 3719 Πνεῦμα
1276 3641 1309 3699 δι’
1326 3641 1417 3700 αὐτοῦ.
1432 3637 1507 3721 Ὅρα
1525 3638 1621 3707 εὐθέως
1634 3641 1670 3698 -έν

100 3752 190 3812 quam
201 3733 341 3812 predixit
351 3732 476 3811 Spiritus
487 3744 669 3813 sanctusper
682 3755 714 3793 os
730 3737 842 3795 David.
895 3735 1043 3819 προοιμίοις
1060 3741 1106 3796 τοῦ
1123 3733 1226 3815 βιόλίου
1247 3732 1325 3812 ὁποίᾳ
1348 3731 1477 3813 κέχρηται
1501 3732 1669 3813 διδασκαλία.

99 3823 160 3883 Nou
171 3823 209 3882 uit
221 3847 228 3880 ε
240 3822 329 3884 David
343 3822 426 3899 dixit,
442 3822 499 3898 sed,
514 3823 633 3904 Spiritus
646 3847 694 3904 per
707 3848 777 3886 eum.
788 3827 845 3890 Vi·
896 3828 992 3911 Ὁρᾷς,
1006 3828 1048 3890 ότι
1067 3833 1116 3908 οὐχ
1129 3829 1219 3893 ἁπλῶς
1234 3815 1305 3886 εἶπον
1326 3823 1470 3905 ἀρχόμενος
1489 3829 1536 3896 τῆς
1552 3848 1670 3905 συγγρα-

98 3916 133 3975 de
147 3916 237 3975 statim
252 3915 279 3973 iu
295 3914 409 3975 exordio
429 3914 506 3988 libri,
522 3938 576 3994 qua
601 3930 693 3978 utatur
711 3917 844 3982 doctrina.
896 3927 962 4002 φῆς,
977 3921 1017 3981 ῦιι
1028 3927 1074 3981 τοῦ
1086 3917 1242 3995 Πνειίματός
1254 3920 1310 3977 ἐστι
1322 3916 1443 3976 πολιτεία
1453 3917 1484 3975 τὸ
1495 3920 1524 3992 βι
1543 3915 1598 3975 Λίον
1609 3922 1669 3976 τοῦ·

100 4010 193 4070 Ccrnis
206 4031 271 4070 vero
287 4031 330 4070 me
343 4030 396 4069 non
408 4008 465 4069 sine
479 4031 559 4070 ceusu
571 4010 598 4070 in
608 4010 744 4093 principio
754 4015 844 4095 operis
895 4036 926 4073 το
936 4037 944 4084 ;
956 4012 1009 4073 ‘Hs
1021 4020 1146 4094 προεῖπε,
1162 4010 1241 4089 prol,
1251 4007 1282 4067 τὸ
1297 4010 1409 4084 Πνεῦμα
1422 4007 1453 4065 τὸ
1464 4008 1537 4085 ἅγιον
1552 4007 1595 4067 διὰ
1607 4008 1669 4069 στό-

99 4101 212 4177 dixisse,
223 4099 302 4161 huuc
315 4101 419 4162 librum
432 4122 488 4161 esse
503 4103 623 4182 Spiritus
635 4105 720 4163 saneti
734 4104 844 4165 institi·
895 4130 977 4184 ματος
990 4104 1081 4164 Δαυίδ.
1098 4102 1217 4173 Σκόπει,
1231 4103 1286 4166 πῶς
1300 4097 1344 4157 τόν
1356 4098 1494 4180 προφήτην
1508 4102 1667 4174 οἰκειοῦται,

98 4196 179 4252 tum?
192 4194 288 4270 Quam
299 4195 447 4272 predixit,
464 4193 564 4271 inquit,
580 4195 704 4274 Spiritus
723 4210 844 4258 sanctus
859 4213 877 4260 Β
895 4199 939 4259 καί
952 4197 1029 4257 αὐτὸν
1042 4197 1100 4275 οίγει
1113 4198 1150 4263 εἰς
1161 4193 1249 4272 μίτον,
1261 4189 1352 4261 εἰδὼς,
1364 4189 1406 4250 ὅτι
1421 4190 1513 4258 αὐτοὺς
1528 4194 1625 4271 ὠφελεῖ
1637 4193 1669 4252 οδ

96 4306 149 4364 per
160 4305 191 4344 os
201 4284 313 4344 David.
321 4283 525 4361 Animadverte,
537 4285 675 4364 quomodo
684 4288 842 4367 prophetam
895 4292 939 4352 διὰ
952 4291 1036 4350 duell
1049 4293 1182 4369 εἰρῆσθαι,
1194 4284 1239 4345 καὶ
1251 4283 1288 4362 μὴ
1304 4285 1337 4343 δι’
1348 4283 1429 4343 ἄλλον
1439 4283 1585 4364 προφήτου.
1599 4285 1670 4365 Περί

98 4377 151 4436 sibi
169 4375 363 4449 accommodet,
378 4375 522 4457 ipsumque
534 4379 561 4436 in
573 4377 695 4438 medium
710 4380 841 4459 adducam
893 4382 992 4456 Ἰούδα,
1006 4380 1086 4462 φησί,
1100 4386 1146 4440 τοῦ
1169 4378 1264 4453 ὁδηγοῦ
1284 4373 1434 4454 γενομένου.
1458 4374 1532 4458 Ὅρα
1553 4376 1601 4436 καὶ
1621 4381 1665 4438 ἐν·

97 4471 192 4545 scieus,
207 4468 273 4549 ipsis
289 4468 356 4527 utile
379 4470 446 4547 fore,
459 4470 534 4548 quod
551 4471 637 4530 haeca
651 4468 766 4546 Davide,
784 4495 839 4534 non
892 4483 976 4539 ταῦθα
990 4476 1022 4535 τὸ
1044 4473 1184 4556 ριλόοορον
1207 4474 1252 4529 τοῦ
1277 4466 1377 4549 ἀνδρός.
1401 4471 1464 4549 Οὐχ
1483 4467 1582 4550 ὑῦρίζει
1606 4469 1666 4529 οὐδὲ

98 4560 339 4642 ahaliopropheta
352 4559 499 4619 dictasint.
511 4563 560 4620 De
575 4563 667 4634 Jnda,
681 4563 778 4642 inquit,
789 4571 840 4646 qui
893 4566 1044 4638 ἐνάλλεται,
1058 4564 1153 4642 λέγων,
1172 4566 1217 4622 τοῦ
1240 4566 1335 4641 μιαροῦ
1361 4561 1406 4620 καλ
1421 4559 1592 4641 παμμιοίρου·
1605 4561 1665 4620 ἀλλ’

88 4657 156 4736 suit
176 4656 246 4713 dux.
262 4653 314 4711 llic
339 4653 473 4734 perpende
485 4654 539 4714 viri
553 4653 762 4735 philosophiam.
777 4660 837 4718 Non
890 4661 979 4726 ἁπλῶς
992 4659 1022 4719 τὸ
1035 4656 1172 4736 γενόμενον
1191 4656 1276 4724 δηλοῖ·
1288 4651 1347 4711 οὐδὲ
1360 4651 1441 4729 λέγει,
1454 4658 1499 4709 τοῦ
1512 4650 1665 4731 προδόντος,

22 4779 24 4782 <
96 4745 287 4806 contumelium
297 4744 375 4820 dicit,
387 4765 439 4803 nou
453 4745 575 4820 insultat,
594 4767 642 4805 nee
656 4762 734 4807 vocat
754 4750 838 4810 scele-
889 4753 947 4811 ἀλλ’
968 4753 1007 4830 ἐφ’
1037 4749 1139 4827 ἐτέρους
1162 4745 1280 4824 βιάζεται
1301 4748 1450 4822 μεταθεῖναι
1474 4743 1504 4801 τδ
1523 4742 1663 4822 ἔγκλημα,
1735 4753 1738 4756 “

95 4853 167 4897 stum
180 4851 227 4895 aut
246 4835 438 4895 exsecrandum
446 4860 455 4912 ρ
471 4835 517 4894 sed
531 4844 587 4895 rem
602 4838 763 4919 simpliciter
776 4864 837 4901 nar-
887 4843 947 4905 όσον
960 4845 995 4909 είς
1008 4841 1084 4900 αὐτὸν
1098 4831 1156 4910 ἧκε.
1169 4836 1222 4897 Καὶ
1233 4836 1290 4896 οὐδὲ
1302 4835 1407 4895 ἐκείνων
1418 4835 1519 4915 σφόδρα
1529 4835 1664 4894 καθοίπτε-

95 4942 200 5002 ratum:
212 4942 289 4987 vocnt
301 4950 361 4987 eum
370 4926 549 5009 proditorem3
560 4928 606 4987 sed
620 4930 721 4991 inulios
734 4933 835 4994 crimen
887 4958 944 4992 ται·
959 4936 1014 4993 Τοῦ
1037 4930 1174 5012 γενομένου
1193 4928 1260 5007 γὰρ,
1276 4927 1365 5006 ρηολν,
1385 4928 1481 5005 ὁδηγοῦ
1493 4936 1546 4993 τοῖς
1562 4929 1662 4988 συλλα-

125 5110 135 5137 ⁶
153 5112 309 5177 διιρρηγμένος
320 5106 388 5157 deest
401 5109 425 5156 iu
438 5104 589 5173 quibusdum
601 5110 660 5161 Mss.
938 5131 947 5154 ο
967 5121 1033 5167 izit-r
1045 5112 1113 5164 deest
1127 5113 1151 5162 iu
1164 5106 1322 5178 ‹pribusdum
