3728 5978
570 508 603 553 m
632 475 738 553 susm
769 504 815 551 ,ιο
841 504 921 549 aori.
954 504 1071 553 norun.
1101 507 1148 554 ιιι.

67 633 144 716 παρὰ
157 639 202 691 τοῦ
222 635 293 691 Θεοῦ
304 635 400 709 τιμῆς,
411 630 454 689 ίνα
470 629 507 708 μὴ
527 628 592 708 λέγῃ
605 635 619 688 θ
634 626 782 708 ἀκροατής,
796 624 842 686 καί

65 725 93 782 τί
109 726 175 804 πρὸς
185 729 272 800 ἡμᾶς,
286 727 382 790 ἐκεῖνος
393 722 446 803 γάρ
456 725 526 780 ἐστιν
538 727 552 780 θ
565 720 725 787 δικαιωθείς·
737 718 841 792 ἵστησιν

65 821 140 893 ἡμᾶς
163 813 239 894 ἐγγθς
263 820 308 874 τοῦ
335 813 500 893 πατριάρχου
525 814 615 873 πάλιν.
640 811 765 883 Τοσαύτη
788 813 841 868 τῶν

65 911 255 983 πνευματικῶν
278 905 395 984 λάγωνή
416 903 536 981 δύναμις.
560 903 615 963 Τὸν
636 903 689 982 γάρ
712 902 840 978 ἐξίθνιῦν,

65 1001 112 1058 τδν
131 999 193 1079 άρτι
211 997 405 1078 προσελθόντα,
422 997 466 1055 τ’σν
486 995 558 1056 οὐδὲν
575 995 785 1075 *ἐργασάμενση
810 995 839 1052 οὐ

1566 483 1632 557 56ι

895 645 958 683 nore
971 647 1052 704 quem
1075 649 1090 685 a
1108 629 1165 687 Deo
1178 642 1329 710 acceperat;
1346 650 1379 701 pe
1392 628 1501 689 auditor
1525 627 1638 704 diceret,

895 716 931 775 Et
946 717 1012 794 quid
1028 718 1079 777 hoe
1091 718 1128 778 ad
1141 722 1209 779 nos?
1226 721 1272 780 ille
1288 743 1404 800 namquo
1416 735 1454 781 est
1466 721 1514 800 qui
1530 721 1638 801 justili-

893 822 968 866 catus
989 824 1028 868 est
1043 833 1049 866 :
1063 833 1111 870 nos
1129 812 1181 888 *ille
1207 835 1290 894 prope
1313 814 1495 894 patriarcham
1516 813 1638 873 collocat.

894 901 983 959 Tanta
998 915 1037 960 est
1051 903 1234 982 spiritualium
1253 905 1398 962 verborum
1422 904 1475 963 vis.
1491 905 1642 963 Nemeum

895 992 943 1070 qni
958 1015 993 1052 ex
1010 995 1146 1072 gentibus,
1161 997 1208 1074 qui
1226 1019 1317 1057 recens
1334 999 1484 1072 accesserit,
1500 996 1548 1074 qui
1569 995 1639 1055 nibil

68 1091 148 1168 μόνον
169 1098 215 1151 τοῦ
225 1089 353 1149 Ἰουδαίου
375 1096 421 1149 τοῦ
441 1096 534 1149 πιστοῦ
550 1090 622 1149 οὐδὲν
644 1090 740 1169 ἔφησεν
762 1086 840 1146 ἐλαι·
856 1097 875 1145 ι’.
892 1085 994 1159 lecerit,
1005 1108 1057 1145 nou
1075 1089 1157 1148 modo
1171 1089 1241 1148 nibil
1252 1091 1341 1149 minus
1351 1089 1449 1148 habere
1461 1087 1545 1163 dixit,
1556 1091 1638 1166 quani

68 1207 115 1242 τον
132 1183 212 1262 ἔχειν,
227 1185 286 1241 ἀλλ’
307 1181 366 1241 οὐδέ
381 1188 427 1242 τοῦ
441 1182 622 1263 πατριάρχου·
640 1178 798 1259 μᾶλλονδὲ,
817 1180 840 1238 εἰ

67 1275 123 1354 χρή
133 1299 163 1333 τι
175 1274 326 1353 θαυμαστὸν
338 1277 430 1346 εἰπεῖν,
441 1276 487 1333 καὶ
507 1277 598 1354 πολλῷ
617 1274 705 1334 πλέον.
714 1270 839 1341 Τοσαύτη

66 1366 121 1447 γὰρ
133 1371 238 1445 ἡμῶνή
252 1365 386 1445 εὐγένεια,
396 1370 432 1434 ώς
444 1366 492 1439 τήν
503 1365 602 1426 ἐκείνου
616 1366 705 1425 πίστιν
714 1370 763 1437 τῆς
776 1369 839 1442 ἡμι-

66 1457 148 1540 τέρας
158 1459 237 1519 ubter
253 1449 329 1518 εἰναι.
343 1459 398 1523 Καὶ
411 1462 459 1519 οἰκ
472 1449 555 1532 εἰπεν,
569 1462 593 1520 εἰ
606 1458 633 1518 δί
646 1458 737 1538 ἐκείνῳ
753 1456 841 1534 ἐλογί-

67 1556 136 1625 σθη,
150 1552 218 1619 εἰκὸς
229 1551 268 1610 ὅτι
278 1550 322 1609 καί
338 1555 414 1628 ἡμῖν,
423 1550 466 1610 ίνα
478 1549 515 1628 μή
525 1549 625 1625 ποιήσῃ
640 1549 704 1610 αὐτὸ
719 1552 841 1626 συλλογι-

67 1641 155 1718 σμάν·
177 1641 205 1710 ἐξ
228 1642 361 1709 αὐθεντίας
382 1642 409 1700 δέ
429 1647 480 1701 τῶν
498 1641 573 1700 θείων
587 1642 727 1722 φθέγγεται
741 1640 839 1719 νόμων,

66 1735 113 1794 καί
127 1740 175 1806 τῆς
186 1738 208 1795 Γ
210 1740 293 1815 ραφῆς
308 1734 440 1813 ἀπόφασιν
454 1733 584 1794 αθτδθλον
597 1742 675 1794 ποιεῖ.
690 1735 741 1793 Διὰ
749 1733 776 1793 τί
787 1733 839 1813 γάρ

65 1826 187 1908 ἐγράφη,
200 1828 288 1907 φησίν,
304 1829 384 1886 ’ἀλλ’
406 1828 423 1897 ἢ
442 1826 485 1885 ἵνα
505 1828 641 1906 μάθωμεν,
652 1825 691 1885 tu
705 1826 751 1885 καί
761 1831 839 1905 ἡμεῖς

65 1918 137 1977 οὕτω
151 1918 339 1998 δικαιούμεθας
353 1922 392 1999 τῷ
402 1917 454 1999 γθιρ
464 1922 535 1999 αὐτῷ
547 1922 610 1998 Θεῷ
623 1916 838 1995 πεπιστεύκαμεν

893 1177 1004 1240 Jndaeus
1017 1179 1116 1254 tidelis,
1126 1180 1174 1240 sed
1185 1203 1234 1241 nec
1244 1204 1325 1260 quam
1335 1182 1489 1263 patriarcha
1505 1205 1512 1238 τ
1527 1181 1581 1241 imo
1592 1201 1639 1241 νε·

893 1293 934 1343 ιο,
947 1271 970 1330 si
986 1272 1054 1351 quid
1061 1272 1222 1334 admirabile
1235 1274 1271 1334 sit
1280 1275 1435 1349 dicendum,
1452 1274 1532 1333 etiam
1552 1274 1639 1334 multo

893 1364 989 1443 magis.
1004 1367 1091 1430 Tanta
1102 1380 1141 1424 est
1149 1366 1220 1426 enim
1234 1381 1323 1426 nostra
1334 1365 1469 1440 nobilitas,
1479 1378 1509 1424 ut
1518 1364 1593 1425 illius
1605 1365 1640 1424 fi-

892 1454 940 1515 des
952 1470 1049 1515 nostrae
1059 1456 1125 1517 fidei
1140 1458 1172 1516 sit
1186 1471 1278 1540 typus.
1290 1460 1346 1519 Nec
1356 1458 1439 1530 dixit,
1453 1457 1484 1519 si
1493 1463 1583 1517 autem
1596 1454 1639 1516 illi

895 1560 1049 1626 reputatum
1063 1561 1114 1621 est,
1137 1548 1286 1608 verisimile
1298 1564 1337 1609 est
1360 1562 1390 1607 nt
1403 1548 1483 1608 etiam
1497 1546 1585 1621 nobis,
1606 1569 1640 1608 ne

895 1637 923 1697 id
938 1638 965 1696 in
973 1639 1162 1720 syllogismum
1175 1655 1304 1716 verteret3
1318 1641 1408 1700 sodex
1422 1640 1581 1703 auctoritate
1595 1641 1640 1706 die

893 1729 1019 1790 vinarum
1043 1731 1141 1810 'legum
1171 1733 1301 1810 loquitur,
1328 1732 1462 1811 efficitque
1490 1744 1520 1790 ut
1541 1731 1570 1792 id
1589 1746 1639 1801 ‚to-

893 1835 951 1880 tum
966 1821 1112 1902 Scriptura)
1138 1825 1266 1883 sententia
1283 1824 1327 1884 sit.
1355 1824 1488 1883 Curenim
1507 1824 1639 1905 scriptum

892 1927 943 1991 est,
958 1915 1056 1994 inquit,
1080 1916 1131 1976 nisi
1157 1931 1187 1976 ιιι
1198 1916 1344 1994 discamus,
1370 1916 1445 1996 qnod
1469 1938 1517 1976 nos
1532 1937 1640 1996 quoque

66 2011 135 2092 ὑπὲρ
148 2016 201 2070 τῶν
215 2016 300 2071 αὐτῶν
315 2011 492 2092 πραγμάτων,
510 2015 533 2069 εἰ
547 2011 592 2069 καί
609 2010 646 2087 μὴ
661 2010 704 2070 ἐπί
720 2014 772 2068 τῶν
787 2014 837 2069 αὐ·
856 2017 876 2064 θ
893 2007 933 2066 εἰσ
944 2008 1086 2086 justificati
1101 2009 1206 2069 simus?
1231 2010 1319 2070 eidem
1338 2012 1438 2092 quippe
1448 2013 1504 2070 Deo
1518 2010 1638 2074 credidi·
1656 2082 1661 2092 .

65 2107 120 2161 τῶν
135 2102 293 2183 προσώπων.
306 2101 400 2162 Εἰπὼν
412 2101 439 2163 δέ
452 2103 500 2174 τήν
511 2101 600 2162 πίστιν
613 2105 701 2178 ἡμῶν,
712 2103 782 2181 λέγει
794 2102 840 2162 καί

66 2193 116 2266 τήν
130 2203 176 2255 τοῦ
187 2196 260 2254 Θεοῦ
274 2194 471 2276 φιλανθρωπίαν
485 2193 533 2265 τήν
545 2195 654 2273 ἄφατον,
666 2193 698 2265 ἢν
708 2193 750 2252 ἀεὶ
763 2217 840 2273 περι-

67 2287 191 2368 στρέφει,
204 2288 248 2347 τδν
262 2288 373 2367 σταυρὸν
385 2290 422 2354 εἰς
437 2285 517 2363 μέσον
528 2287 627 2367 φέρων·
642 2285 655 2344 ὃ
669 2285 715 2344 καί
724 2293 768 2345 νῦν
777 2286 838 2358 ἐδή-

66 2380 153 2437 λωσεν
174 2377 270 2438 εἰπών·
283 2378 334 2446 Ὃς
359 2378 490 2457 παρεδόθη
514 2378 557 2436 did
579 2377 612 2437 τὰ
632 2377 839 2458 παραπτώματα

65 2475 154 2546 ἡμῶν,
168 2470 214 2528 καὶ
230 2470 329 2549 ἠγέρθη
341 2469 383 2528 διὰ
398 2469 446 2541 τήν
459 2470 593 2530 δικαίωσιν
603 2474 689 2547 ἡμῶν.
699 2467 772 2550 Ὅρα
783 2475 839 2536 πῶς

65 2562 116 2633 τήν
132 2562 220 2620 αἰτίαν
237 2560 318 2620 εἰπὼν
333 2566 378 2618 τοῦ
401 2562 527 2634 θανάτου,
543 2560 591 2632 τήν
604 2561 685 2632 αὐτὴν
704 2561 749 2620 καί
773 2561 839 2621 ἀπά-

66 2654 145 2722 δειξιν
160 2654 328 2720 ἀναστάσεως
341 2664 465 2713 ποιεῖται.
483 2654 535 2713 Διὰ
557 2654 582 2711 τί
599 2653 649 2733 γάρ
667 2652 839 2735 ἐσταυρώθη,

66 2746 161 2825 φησίν;
176 2748 216 2805 Οὐ
232 2747 264 2804 δι’
281 2745 378 2805 οἰκείαν
398 2745 546 2824 ἁμαρτίαν·
570 2745 616 2805 καί
636 2747 714 2817 δῆλον
737 2749 767 2805 ἐκ
791 2752 840 2818 τῆς

68 2836 246 2905 ἀναστάσεως.
262 2840 296 2897 Εἰ
309 2838 360 2917 γὰρ
379 2831 412 2909 ils
426 2839 601 2917 ἁμαρτωλὸς,
616 2843 672 2905 πῶς
688 2838 839 2912 ἀνέστηςεί

66 2931 95 2990 δὲ
110 2931 217 3004 ἀνέστη,
228 2931 336 3003 εὔδηλον
346 2931 386 2990 ὅτι
396 2932 552 3009 ἁμαρτωλὸς
565 2937 613 2989 οὐκ
624 2925 664 3003 ἦν·
674 2934 701 2991 εἰ
713 2931 740 2992 δὲ
752 2933 839 3011 ἁμαρ·
856 2949 874 2994 ι]
893 2928 1083 3008 obproprium
1099 2947 1251 3010 peecatum,
1266 2945 1296 2989 ut
1316 2931 1401 3008 liquet
1417 2953 1451 2990 ex
1463 2936 1636 2997 resurrectio·

65 3024 150 3090 τωλδς
164 3025 210 3082 οὐκ
222 3015 268 3095 ήν,
278 3029 334 3090 πῶς
350 3024 502 3103 ἐσταυρώθη
514 3049 520 3094 ;
535 3025 576 3082 Δι’
589 3024 700 3102 ἑτέρους.
717 3027 750 3084 Εἰ
762 3025 789 3084 δί
804 3025 836 3084 δι’

65 3113 183 3195 ἑτέραις,
206 3116 311 3183 πάντως
331 3115 439 3186 άιέστη.
455 3113 514 3173 Ἵνα
531 3114 581 3193 γὰρ
604 3113 642 3191 μὴ
664 3115 759 3194 λέγῃς,
781 3120 838 3183 πῶς

65 3206 198 3274 τοσούτοις
216 3207 408 3286 ἁμαρτήμασιν
419 3206 489 3274 ὄντες
500 3205 637 3265 ὑπεύθυνοι
654 3206 785 3284 δυνάμεθα
797 3209 837 3266 δι·

63 3303 227 3373 καιωθῆναις
240 3299 320 3367 ἔδειξε
337 3299 381 3359 τδν
394 3298 481 3357 πάντα
500 3298 684 3377 άπαλείψαντα
702 3298 736 3358 ed
749 3301 836 3378 ἆμαρ·

63 3382 187 3467 πήματα,
198 3391 241 3450 ἵνα
258 3392 302 3451 καί
318 3396 348 3451 ἐκ
361 3395 408 3461 τῆς
419 3391 533 3457 πίστεως
544 3397 588 3449 τοῦ
604 3390 739 3469 Ἀθραδιμ,
755 3392 788 3449 δι’
804 3384 835 3463 ής

62 3483 224 3556 ἐδικαιώθη,
238 3485 283 3543 καί
295 3486 325 3541 ἐκ
338 3481 403 3554 1ἰτῆς
415 3491 460 3542 τοῦ
471 3483 570 3548 πάθους
579 3489 624 3542 τοῦ
639 3483 784 3561 σωτηρίου,
799 3485 833 3542 δι’

62 3567 93 3636 οὗ
115 3580 168 3634 τῶν
189 3576 389 3656 ἁμαρτημάτων
414 3574 617 3652 ἀπηλλάγημεν,
639 3572 774 3654 βεὸαιώσῃ
790 3575 834 3635 τὸν

61 3668 149 3747 λόγον.
174 3668 266 3730 Εἰπὼν
289 3669 315 3728 δὲ
340 3672 419 3728 αὐτοῦ
433 3668 477 3726 τὸν
490 3667 610 3741 θάνατον,
629 3665 700 3744 λέγει
715 3668 761 3726 καί
786 3668 834 3742 τὴν

893 2120 954 2159 mus
968 2110 1019 2179 pro
1027 2100 1125 2160 iisdem
1140 2101 1230 2177 rebus,
1238 2104 1286 2163 etsi
1299 2126 1351 2163 nou
1360 2104 1387 2163 in
1402 2103 1498 2164 iisdem
1509 2103 1637 2184 personis.

894 2194 964 2250 Cum
982 2206 1072 2252 autem
1085 2194 1168 2253 fidem
1177 2210 1298 2255 nostram
1310 2196 1387 2269 dicit,
1397 2196 1448 2255 Dei
1465 2216 1571 2274 qnoque
1591 2195 1638 2254 in-

893 2283 1028 2343 effabilcm
1047 2284 1241 2365 benignitatem
1266 2287 1346 2362 dicit,
1365 2308 1447 2364 quam
1465 2307 1569 2366 semper
1586 2286 1639 2345 cir·

894 2391 1055 2454 comversat,
1071 2399 1177 2436 crucem
1192 2382 1219 2437 iu
1232 2379 1353 2437 medium
1370 2380 1483 2437 afferens
1497 2402 1504 2435 ι
1517 2376 1592 2457 quod
1610 2391 1638 2437 et

894 2490 965 2527 utine
975 2469 1121 2529 declaravit
1135 2471 1179 2530 his
1189 2471 1279 2530 verbis
1294 2473 1361 2531 εθὸ.
1376 2474 1434 2550 Qui
1450 2473 1576 2531 traditus
1595 2483 1638 2530 est

891 2575 1009 2640 propter
1032 2577 1156 2641 peccata
1173 2577 1284 2639 nostro,
1298 2562 1330 2623 'et
1351 2567 1509 2623 resurrexit
1521 2576 1639 2643 propter

891 2654 1135 2734 justificationem
1151 2670 1291 2715 nostram.
1317 2656 1391 2718 Vide
1408 2655 1553 2733 quomodo,
1563 2669 1638 2736 post-

893 2766 974 2823 quam
986 2767 1092 2805 causam
1107 2748 1200 2807 mortis
1214 2748 1296 2823 dixit,
1304 2748 1426 2807 eamdem
1436 2747 1637 2808 resurrectionis

893 2857 1000 2895 causam
1015 2839 1121 2897 alferat.
1141 2841 1206 2914 Cur,
1228 2840 1327 2918 inquit,
1341 2840 1487 2899 crucifixus
1498 2840 1559 2898 est?
1575 2841 1637 2900 Non
1680 2857 1791 2962 uicium-

1646 2921 1676 2963 tio
1724 2923 1790 2965 bristi

893 3040 933 3081 ne.
951 3020 980 3078 Si
995 3021 1065 3079 enim
1075 3035 1199 3102 peccator
1210 3036 1277 3098 erat,
1288 3022 1422 3101 quomodo
1437 3029 1602 3097 resurrexit?
1611 3030 1633 3090 si
1645 2985 1759 3040 pron-rur.

891 3113 1049 3189 resurrexit,
1071 3114 1160 3194 palam
1175 3128 1214 3175 est
1230 3135 1282 3174 uon
1303 3129 1469 3195 peccatorem
1488 3118 1572 3179 luisse
1588 3145 1595 3178 ι
1610 3121 1636 3181 si

890 3220 1013 3286 peccator
1040 3227 1093 3265 non
1107 3208 1171 3283 luit,
1188 3228 1237 3266 cur
1250 3207 1400 3266 crucifixus
1423 3209 1481 3268 est?
1495 3212 1549 3270 Pro
1563 3212 1634 3273 aliis.

890 3299 920 3359 Si
932 3321 982 3379 pro
996 3299 1067 3375 aliis,
1082 3301 1192 3360 omnino
1208 3300 1365 3360 resurrexit.
1377 3302 1418 3360 Ne
1432 3301 1535 3363 diceres
1548 3305 1632 3381 enim,

888 3392 1031 3463 Quomodo
1051 3390 1088 3453 tot
1105 3395 1220 3476 peccatis
1230 3395 1353 3469 obnoxii,
1364 3416 1507 3475 possumus
1528 3399 1634 3478 justili-

889 3484 963 3543 cari?
987 3486 1104 3545 ostendit
1127 3508 1199 3559 eum,
1230 3487 1389 3568 quipeccata
1400 3487 1490 3546 omnia
1516 3488 1633 3571 delevit,

889 3590 918 3635 ιιι
931 3590 958 3636 et
974 3600 1008 3637 ex
1028 3576 1082 3637 [ide
1101 3579 1228 3653 Abrabae,
1252 3600 1394 3660 perquam
1416 3578 1462 3638 ille
1469 3581 1635 3660 justificatus

889 3684 937 3745 est,
961 3684 1034 3729 etex
1058 3670 1113 3730 lide
1140 3669 1265 3731 salutaris
1286 3671 1427 3751 passionis,
1443 3693 1490 3752 per
1517 3695 1599 3753 quarn
1617 3696 1636 3734 a
1681 3724 1684 3729 .

61 3760 216 3820 decimaris.
228 3763 268 3820 oo
279 3760 330 3841 γὰρ
344 3759 387 3819 διὰ
394 3768 470 3820 τοῦτο
481 3760 619 3831 ἀπέθανεν,
627 3760 670 3818 ίνα
679 3761 834 3829 ὑπευθύνους
851 3780 870 3822 λ
888 3763 1005 3843 peccatis
1031 3763 1138 3823 liberati
1158 3786 1263 3840 sumus,
1286 3785 1436 3825 sermonem
1456 3765 1633 3827 confirmaret.

60 3851 110 3932 ἔχῃ
130 3852 254 3927 κολάσει,
268 3853 314 3911 καί
327 3852 497 3923 καταδίκους,
512 3843 571 3911 ἀλλ”
592 3852 633 3911 ‘ire
656 3853 833 3933 εὐεργετήσῃ-

61 3944 106 4003 ἔπί
118 3944 203 4025 τούτῳ
215 3944 266 4024 γάρ
284 3944 329 4002 καί
344 3945 457 4004 ἀπέθανε
471 3944 516 4003 καί
532 3942 646 4018 ἀνέστη,
660 3943 704 4003 ἵνα
718 3944 833 4021 δικαίους

46 4036 215 4114 ’ἐργάσηται
236 4036 425 4103 Δικαιωθέντες
452 4027 496 4095 οῦν
519 4040 549 4096 ἐκ
572 4036 702 4107 πίστεως,
726 4037 833 4116 εἰρήνην

60 4129 165 4209 ἔχωμεν
182 4130 247 4208 πρὸς
268 4130 312 4188 τδν
328 4129 397 4188 Θεὸν
412 4129 455 4188 tit
468 4134 512 4188 τοῦ
534 4127 629 4210 Κυρίου
651 4131 728 4201 ήαιῦν
743 4129 831 4201 Ἰησοῦ

60 4223 186 4300 Χριστοῦ.
198 4221 235 4280 'l'i
248 4224 328 4293 ἐστιν,
343 4222 458 4301 Εἰρήνην
473 4221 593 4301 ἔχωμεν,
607 4220 706 4288 ’”Ἰίνές
720 4221 767 4300 μέν
781 4246 832 4302 φα·

60 4336 101 4371 σιν
113 4313 171 4386 ὅτι,
186 4312 223 4389 μή
240 4312 270 4383 δή
283 4314 467 4390 στασιάζωμεν
481 4315 686 4392 φιλονεικοῦντες
699 4314 743 4373 τδν
753 4314 832 4390 νόμον

58 4408 223 4483 εἰσαγαγεῖν·
240 4406 300 4482 ἐμοὶ
317 4404 344 4464 δέ
359 4406 429 4464 δοκεῖ
442 4406 503 4488 περὶ
516 4405 648 4473 πολιτείας
661 4411 725 4485 ἡμῖν
739 4407 830 4466 λοιπὸν

58 4495 234 4574 διαλέγεσθαι.
250 4497 361 4569 Ἐπειδὴ
377 4497 428 4576 γδιρ
444 4498 529 4557 πολλὰ
540 4498 601 4579 περί
614 4497 728 4567 πίστεως
743 4501 830 4558 διαλε-

56 4588 128 4669 χθείς
139 4588 241 4661 καὶτῆς
253 4590 295 4649 διὰ
305 4595 357 4649 τῶν
370 4590 451 4670 ἔργων
464 4591 645 4666 δικαιοσύνης,
655 4591 737 4663 αθτήν
748 4591 830 4671 προά-

56 4687 152 4754 θηκεν·
167 4681 210 4741 ἰνα
225 4683 263 4760 μή
276 4707 315 4748 τις
330 4682 424 4762 νομίσῃ
437 4684 566 4763 ῥᾳθυμίας
578 4684 700 4745 ῦπάθεσιν
716 4675 782 4744 εἰναι
795 4684 829 4743 τά

888 3856 1035 3932 Postquam
1063 3869 1152 3914 autern
1178 3857 1236 3935 ejus
1256 3868 1370 3914 mortem
1390 3855 1508 3933 dixerat,
1537 3856 1572 3916 de
1588 3879 1635 3916 ree

887 3943 1051 4004 surrectione
1065 3946 1197 4023 loquitur.
1212 3947 1273 4006 Non
1296 3944 1368 4004 enim
1380 3945 1440 4006 ideo
1455 3961 1634 4024 mortonsest,

887 4036 1055 4116 utsopplicio
1067 4037 1200 4097 obnoxios
1211 4037 1331 4110 haberet,
1342 4050 1368 4096 et
1387 4037 1591 4114 damnatos,sed
1604 4052 1635 4099 ιιι

885 4128 1049 4188 benefaceret
1066 4154 1072 4186 ι
1087 4129 1147 4188 ideo
1158 4130 1229 4188 enirn
1246 4143 1368 4188 mortuus
1381 4143 1420 4189 est
1439 4146 1465 4190 et
1476 4133 1632 4210 resurrexit,

885 4235 916 4280 ιιι
925 4221 1013 4301 justos
1031 4221 1157 4281 elliceret.
1180 4227 1207 4281 1.
1222 4223 1386 4304 Justifieati
1412 4244 1479 4304 ergo
1500 4245 1537 4283 er
1550 4226 1628 4307 fide,
1640 4237 1697 4284 cnr.
1713 4255 1736 4284 v.

884 4316 1156 4394 pacembabeamus
1170 4316 1314 4373 adDertm
1324 4337 1378 4394 per
1397 4318 1560 4376 Dominum
1577 4340 1631 4378 no-

885 4422 981 4467 strum
996 4410 1098 4468 Jesum
1124 4411 1284 4468 Christum.
1301 4410 1378 4483 Quid
1393 4411 1446 4469 sibi
1460 4412 1523 4471 vult
1546 4413 1628 4487 illud,

884 4504 996 4561 Pacem
1011 4505 1193 4563 babeamus?
1214 4501 1335 4578 Quidam
1351 4503 1389 4561 ita
1407 4504 1543 4584 explicant
1563 4529 1570 4563 τ
1588 4509 1629 4566 Ne

885 4593 1028 4653 seditiones
1050 4615 1218 4672 moveamus,
1234 4594 1423 4655 contendentes
1439 4611 1470 4655 ut
1484 4597 1570 4676 legem
1582 4598 1629 4657 in'-

885 4685 1069 4745 troducamus.
1091 4687 1162 4746 lllihi
1178 4700 1267 4752 autem
1279 4686 1388 4747 videtur
1400 4687 1435 4748 de
1452 4688 1563 4749 vivendi
1583 4710 1628 4748 ra·

55 4774 305 4854 λεγόμενα,φησίν·
322 4777 438 4856 Εἰρήνην
450 4776 569 4856 ἔχωμεν·
584 4779 721 4850 τουτέστι,
732 4778 830 4858 μηκέτι
848 4787 866 4834 B
886 4777 958 4839 tione
970 4780 1111 4838 nobiscum
1127 4779 1172 4837 bic
1189 4778 1294 4838 disseri.
1309 4779 1379 4852 Quia
1399 4781 1471 4839 enim
1488 4780 1536 4839 nbi
1551 4781 1631 4861 plura

56 4867 264 4947 άμαρτάνωμεν,
276 4867 343 4946 μηδὲ
356 4868 420 4947 πρδς
433 4868 466 4926 τδι
476 4870 591 4948 πρότερα
606 4870 828 4951 ἐπανερχώμεθα·
885 4872 919 4931 de
930 4873 985 4932 fide
998 4871 1159 4933 disseruerat
1173 4887 1199 4931 et
1219 4872 1254 4960 de
1263 4873 1369 4953 justitia
1391 4895 1440 4954 per
1451 4894 1544 4954 opera,
1562 4874 1632 4934 banc

54 4965 134 5019 τοῦτο
144 4960 195 5039 γάρ
208 4963 264 5019 ἐστι
275 4960 389 5037 πολεμον
402 4960 472 5040 ἔχειν
482 4960 547 5040 πρὸς
558 4961 602 5020 τὸν
614 4961 694 5021 Θεάν.
708 4963 761 5022 Καὶ
774 4969 831 5033 πῶς
885 4964 983 5045 adjecit
988 4988 998 5043 3
1012 4965 1119 5043 nequis
1138 4978 1245 5045 putaret
1259 4965 1318 5024 hec
1333 4964 1407 5024 dicta
1421 4965 1538 5044 ignaviae
1555 4987 1632 5027 occa·

902 5152 916 5189 l’
932 5152 942 5216 [
955 5169 994 5213 της
1003 5149 1074 5201 abest
1086 5148 1119 5200 ab
1131 5154 1160 5202 Α.
1174 5150 1182 5220 l

900 5246 911 5270 Ι
928 5229 1017 5285 blotel.
1031 5241 1087 5290 τινές
1097 5255 1169 5297 paru.
1184 5230 1261 5293 [blox
1272 5230 1301 5283 Α.
1314 5231 1439 5296 εἰσάγειν]

91 5154 102 5173 ⁴
120 5150 169 5214 [Α.
181 5156 334 5220 εἰργασμένον.
348 5152 357 5216 ]

90 5242 101 5264 ·
120 5227 163 5278 Sic
172 5227 232 5279 tta.
246 5226 315 5277 Editi
327 5244 386 5278 ιοιο
398 5234 451 5280 ἀλλ’
464 5236 514 5293 ινα,
528 5230 610 5279 miuus
635 5239 709 5278 recte.
722 5229 819 5294 [Supra

57 5306 86 5353 Α.
100 5311 153 5357 ἀλλ’
163 5314 189 5367 ἐξ
199 5312 313 5366 rotantur
326 5321 369 5359 τῶν
383 5309 422 5371 θλ
