<?xml version="1.0" encoding="UTF-8"?>
<!DOCTYPE html PUBLIC "-//W3C//DTD XHTML 1.0 Transitional//EN"
    "http://www.w3.org/TR/xhtml1/DTD/xhtml1-transitional.dtd">
<html xmlns="http://www.w3.org/1999/xhtml" xml:lang="en" lang="en">
 <head>
  <title>
</title>
<meta http-equiv="Content-Type" content="text/html;charset=utf-8" />
  <meta name='ocr-system' content='tesseract 3.04.00' />
  <meta name='ocr-capabilities' content='ocr_page ocr_carea ocr_par ocr_line ocrx_word'/>
</head>
<body>
  <div class='ocr_page' id='page_1' title='image "./sanctipatrisnos01chrygoog/sanctipatrisnos01chrygoog_0651.png"; bbox 0 0 3728 5978; ppageno 0'>
   <div class='ocr_carea' id='block_1_1' title="bbox 556 484 1142 542">
    <p class='ocr_par' dir='ltr' id='par_1_1' title="bbox 556 484 1142 542">
     <span class='ocr_line' id='line_1_1' title="bbox 556 484 1142 542; baseline -0.002 -1"><span class='ocrx_word' id='word_1_1' title='bbox 556 491 589 541; x_wconf 81' lang='grc' dir='ltr'>ΙΝ</span> <span class='ocrx_word' id='word_1_2' title='bbox 616 484 723 540; x_wconf 74' lang='lat' dir='ltr'><strong>EPIST·</strong></span> <span class='ocrx_word' id='word_1_3' title='bbox 754 487 798 539; x_wconf 79' lang='lat' dir='ltr'>tn</span> <span class='ocrx_word' id='word_1_4' title='bbox 822 487 906 539; x_wconf 78' lang='lat' dir='ltr'>nott.</span> <span class='ocrx_word' id='word_1_5' title='bbox 935 485 1052 541; x_wconf 75' lang='grc' dir='ltr'>ΗΟΜΙῑ..</span> <span class='ocrx_word' id='word_1_6' title='bbox 1081 485 1142 542; x_wconf 85' lang='grc' dir='ltr'>Χιί.</span> 
     </span>
    </p>
   </div>
   <div class='ocr_carea' id='block_1_2' title="bbox 69 611 842 1248">
    <p class='ocr_par' dir='ltr' id='par_1_2' title="bbox 69 611 842 1248">
     <span class='ocr_line' id='line_1_2' title="bbox 71 611 842 694; baseline -0.001 -20"><span class='ocrx_word' id='word_1_7' title='bbox 71 634 122 691; x_wconf 88' lang='grc' dir='ltr'>μου</span> <span class='ocrx_word' id='word_1_8' title='bbox 140 611 213 673; x_wconf 78' lang='grc' dir='ltr'>ποτέ.</span> <span class='ocrx_word' id='word_1_9' title='bbox 228 613 299 674; x_wconf 79' lang='grc' dir='ltr'>Οὔτε</span> <span class='ocrx_word' id='word_1_10' title='bbox 313 614 364 694; x_wconf 70' lang='grc' dir='ltr'>γάρ</span> <span class='ocrx_word' id='word_1_11' title='bbox 383 615 509 694; x_wconf 61' lang='lat' dir='ltr'>antip,</span> <span class='ocrx_word' id='word_1_12' title='bbox 530 615 589 676; x_wconf 86' lang='grc' dir='ltr'>οὔτε</span> <span class='ocrx_word' id='word_1_13' title='bbox 608 615 687 682; x_wconf 79' lang='grc' dir='ltr'>ἀλλος</span> <span class='ocrx_word' id='word_1_14' title='bbox 706 614 842 693; x_wconf 73' lang='grc' dir='ltr'>ἄνθρωπος</span> 
     </span>
     <span class='ocr_line' id='line_1_3' title="bbox 70 706 840 787; baseline 0.001 -24"><span class='ocrx_word' id='word_1_15' title='bbox 70 707 156 772; x_wconf 81' lang='grc' dir='ltr'>οὐδεὶς</span> <span class='ocrx_word' id='word_1_16' title='bbox 169 706 293 765; x_wconf 83' lang='grc' dir='ltr'>οὐδέποτε</span> <span class='ocrx_word' id='word_1_17' title='bbox 306 706 425 787; x_wconf 80' lang='grc' dir='ltr'>φαίνεται</span> <span class='ocrx_word' id='word_1_18' title='bbox 436 706 517 786; x_wconf 83' lang='grc' dir='ltr'>χωρίς</span> <span class='ocrx_word' id='word_1_19' title='bbox 527 706 606 784; x_wconf 91' lang='grc' dir='ltr'>νόμου</span> <span class='ocrx_word' id='word_1_20' title='bbox 621 707 701 778; x_wconf 82' lang='grc' dir='ltr'>ζήσας</span> <span class='ocrx_word' id='word_1_21' title='bbox 715 711 840 786; x_wconf 78' lang='grc' dir='ltr'>φυσικοῦ·</span> 
     </span>
     <span class='ocr_line' id='line_1_4' title="bbox 69 796 842 878; baseline 0 -23"><span class='ocrx_word' id='word_1_22' title='bbox 69 802 137 873; x_wconf 78' lang='grc' dir='ltr'>ὁμοῦ</span> <span class='ocrx_word' id='word_1_23' title='bbox 151 821 179 855; x_wconf 90' lang='grc' dir='ltr'>τε</span> <span class='ocrx_word' id='word_1_24' title='bbox 192 796 244 878; x_wconf 73' lang='grc' dir='ltr'>γὰρ</span> <span class='ocrx_word' id='word_1_25' title='bbox 258 799 333 858; x_wconf 82' lang='grc' dir='ltr'>αὐτὸν</span> <span class='ocrx_word' id='word_1_26' title='bbox 349 799 476 858; x_wconf 79' lang='grc' dir='ltr'>ἔπλαττεν</span> <span class='ocrx_word' id='word_1_27' title='bbox 492 799 603 872; x_wconf 83' lang='grc' dir='ltr'>δΘεδς,</span> <span class='ocrx_word' id='word_1_28' title='bbox 616 799 662 858; x_wconf 82' lang='grc' dir='ltr'>καὶ</span> <span class='ocrx_word' id='word_1_29' title='bbox 677 799 773 858; x_wconf 74' lang='grc' dir='ltr'>ἐκεῖνον</span> <span class='ocrx_word' id='word_1_30' title='bbox 788 800 842 856; x_wconf 75' lang='grc' dir='ltr'>ἔνε-</span> 
     </span>
     <span class='ocr_line' id='line_1_5' title="bbox 70 887 842 971; baseline 0.004 -26"><span class='ocrx_word' id='word_1_31' title='bbox 70 888 139 946; x_wconf 87' lang='grc' dir='ltr'>τίθει</span> <span class='ocrx_word' id='word_1_32' title='bbox 150 889 194 947; x_wconf 82' lang='grc' dir='ltr'>τὸν</span> <span class='ocrx_word' id='word_1_33' title='bbox 207 889 287 968; x_wconf 83' lang='grc' dir='ltr'>νόμον</span> <span class='ocrx_word' id='word_1_34' title='bbox 301 893 385 970; x_wconf 82' lang='grc' dir='ltr'>αὔτῷ,</span> <span class='ocrx_word' id='word_1_35' title='bbox 399 891 515 950; x_wconf 76' lang='grc' dir='ltr'>σύνοικον</span> <span class='ocrx_word' id='word_1_36' title='bbox 527 893 631 971; x_wconf 80' lang='grc' dir='ltr'>ἀσφαλῆ</span> <span class='ocrx_word' id='word_1_37' title='bbox 643 887 842 970; x_wconf 75' lang='grc' dir='ltr'>παρακαθιστδς</span> 
     </span>
     <span class='ocr_line' id='line_1_6' title="bbox 71 980 842 1066; baseline 0 -26"><span class='ocrx_word' id='word_1_38' title='bbox 71 980 197 1061; x_wconf 80' lang='grc' dir='ltr'>τῇρῦσει</span> <span class='ocrx_word' id='word_1_39' title='bbox 210 982 295 1062; x_wconf 83' lang='grc' dir='ltr'>πάσῃ.</span> <span class='ocrx_word' id='word_1_40' title='bbox 316 984 404 1066; x_wconf 83' lang='grc' dir='ltr'>Χωρίς</span> <span class='ocrx_word' id='word_1_41' title='bbox 422 985 449 1044; x_wconf 87' lang='grc' dir='ltr'>δὲ</span> <span class='ocrx_word' id='word_1_42' title='bbox 470 983 568 1044; x_wconf 87' lang='grc' dir='ltr'>τούτων</span> <span class='ocrx_word' id='word_1_43' title='bbox 591 985 705 1060; x_wconf 84' lang='grc' dir='ltr'>οὐδαμοῦ</span> <span class='ocrx_word' id='word_1_44' title='bbox 722 981 842 1063; x_wconf 73' lang='grc' dir='ltr'>φαίνεται</span> 
     </span>
     <span class='ocr_line' id='line_1_7' title="bbox 71 1071 841 1155; baseline 0.001 -25"><span class='ocrx_word' id='word_1_45' title='bbox 71 1073 180 1144; x_wconf 74' lang='grc' dir='ltr'>ἐντολὴν</span> <span class='ocrx_word' id='word_1_46' title='bbox 200 1073 244 1133; x_wconf 87' lang='grc' dir='ltr'>τδν</span> <span class='ocrx_word' id='word_1_47' title='bbox 265 1075 373 1155; x_wconf 81' lang='grc' dir='ltr'>φυσικὸν</span> <span class='ocrx_word' id='word_1_48' title='bbox 392 1074 470 1153; x_wconf 92' lang='grc' dir='ltr'>νόμον</span> <span class='ocrx_word' id='word_1_49' title='bbox 490 1074 622 1143; x_wconf 79' lang='grc' dir='ltr'>καλέσας·</span> <span class='ocrx_word' id='word_1_50' title='bbox 637 1079 728 1134; x_wconf 90' lang='grc' dir='ltr'>τοῦτον</span> <span class='ocrx_word' id='word_1_51' title='bbox 748 1073 775 1133; x_wconf 75' lang='grc' dir='ltr'>δὲ</span> <span class='ocrx_word' id='word_1_52' title='bbox 796 1071 841 1132; x_wconf 85' lang='grc' dir='ltr'>καλ</span> 
     </span>
     <span class='ocr_line' id='line_1_8' title="bbox 70 1164 840 1248; baseline 0.004 -28"><span class='ocrx_word' id='word_1_53' title='bbox 70 1164 194 1237; x_wconf 75' lang='grc' dir='ltr'>ἐντολὴν,</span> <span class='ocrx_word' id='word_1_54' title='bbox 215 1168 259 1225; x_wconf 85' lang='grc' dir='ltr'>καλ</span> <span class='ocrx_word' id='word_1_55' title='bbox 281 1168 401 1241; x_wconf 87' lang='grc' dir='ltr'>δικαίαν,</span> <span class='ocrx_word' id='word_1_56' title='bbox 425 1168 471 1226; x_wconf 87' lang='grc' dir='ltr'>καί</span> <span class='ocrx_word' id='word_1_57' title='bbox 492 1167 569 1248; x_wconf 79' lang='grc' dir='ltr'>ἁγίαν</span> <span class='ocrx_word' id='word_1_58' title='bbox 588 1169 679 1240; x_wconf 85' lang='grc' dir='ltr'>καλεῖ,</span> <span class='ocrx_word' id='word_1_59' title='bbox 694 1165 739 1226; x_wconf 86' lang='grc' dir='ltr'>καλ</span> <span class='ocrx_word' id='word_1_60' title='bbox 761 1165 840 1243; x_wconf 91' lang='grc' dir='ltr'>νόμον</span> 
     </span>
    </p>
   </div>
   <div class='ocr_carea' id='block_1_3' title="bbox 895 612 1639 1059">
    <p class='ocr_par' dir='ltr' id='par_1_3' title="bbox 895 612 1639 1059">
     <span class='ocr_line' id='line_1_9' title="bbox 895 612 1638 695; baseline 0.008 -24"><span class='ocrx_word' id='word_1_61' title='bbox 895 612 944 672; x_wconf 87' lang='lat' dir='ltr'>sod</span> <span class='ocrx_word' id='word_1_62' title='bbox 962 614 1156 673; x_wconf 79' lang='lat' dir='ltr'><strong>accuratiorem</strong></span> <span class='ocrx_word' id='word_1_63' title='bbox 1170 613 1348 693; x_wconf 79' lang='lat' dir='ltr'>cognitionem</span> <span class='ocrx_word' id='word_1_64' title='bbox 1361 615 1499 695; x_wconf 77' lang='lat' dir='ltr'>intelligit.</span> <span class='ocrx_word' id='word_1_65' title='bbox 1520 617 1552 678; x_wconf 82' lang='lat' dir='ltr'>si</span> <span class='ocrx_word' id='word_1_66' title='bbox 1565 618 1638 677; x_wconf 87' lang='lat' dir='ltr'>enim</span> 
     </span>
     <span class='ocr_line' id='line_1_10' title="bbox 895 702 1638 785; baseline 0.011 -24"><span class='ocrx_word' id='word_1_67' title='bbox 895 702 994 763; x_wconf 81' lang='lat' dir='ltr'>honde</span> <span class='ocrx_word' id='word_1_68' title='bbox 1008 704 1125 763; x_wconf 89' lang='lat' dir='ltr'>naturali</span> <span class='ocrx_word' id='word_1_69' title='bbox 1138 704 1197 784; x_wconf 79' lang='lat' dir='ltr'>lege</span> <span class='ocrx_word' id='word_1_70' title='bbox 1215 704 1320 764; x_wconf 89' lang='lat' dir='ltr'>dictum</span> <span class='ocrx_word' id='word_1_71' title='bbox 1342 719 1421 783; x_wconf 90' lang='lat' dir='ltr'>esset,</span> <span class='ocrx_word' id='word_1_72' title='bbox 1440 706 1574 785; x_wconf 87' lang='lat' dir='ltr'>quomodo</span> <span class='ocrx_word' id='word_1_73' title='bbox 1594 730 1638 769; x_wconf 84' lang='grc' dir='ltr'>εο-</span> 
     </span>
     <span class='ocr_line' id='line_1_11' title="bbox 895 794 1635 880; baseline 0.011 -28"><span class='ocrx_word' id='word_1_74' title='bbox 895 794 1005 873; x_wconf 85' lang='lat' dir='ltr'>quentia</span> <span class='ocrx_word' id='word_1_75' title='bbox 1032 795 1129 855; x_wconf 88' lang='lat' dir='ltr'>rationi</span> <span class='ocrx_word' id='word_1_76' title='bbox 1147 811 1321 857; x_wconf 86' lang='lat' dir='ltr'>consentanea</span> <span class='ocrx_word' id='word_1_77' title='bbox 1343 799 1448 857; x_wconf 80' lang='lat' dir='ltr'>essent?</span> <span class='ocrx_word' id='word_1_78' title='bbox 1461 801 1526 880; x_wconf 78' lang='lat' dir='ltr'>Ego</span> <span class='ocrx_word' id='word_1_79' title='bbox 1545 805 1635 873; x_wconf 80' lang='lat' dir='ltr'>enim,</span> 
     </span>
     <span class='ocr_line' id='line_1_12' title="bbox 896 884 1639 970; baseline 0.009 -27"><span class='ocrx_word' id='word_1_80' title='bbox 896 884 993 964; x_wconf 89' lang='lat' dir='ltr'>inquit,</span> <span class='ocrx_word' id='word_1_81' title='bbox 1015 891 1152 947; x_wconf 81' lang='lat' dir='ltr'><em>vivebam</em></span> <span class='ocrx_word' id='word_1_82' title='bbox 1178 893 1242 948; x_wconf 84' lang='lat' dir='ltr'>sine</span> <span class='ocrx_word' id='word_1_83' title='bbox 1268 891 1331 969; x_wconf 83' lang='lat' dir='ltr'>lege</span> <span class='ocrx_word' id='word_1_84' title='bbox 1359 893 1519 969; x_wconf 80' lang='lat' dir='ltr'>quondam.</span> <span class='ocrx_word' id='word_1_85' title='bbox 1544 892 1639 970; x_wconf 81' lang='lat' dir='ltr'>Neque</span> 
     </span>
     <span class='ocr_line' id='line_1_13' title="bbox 895 977 1639 1059; baseline 0.011 -25"><span class='ocrx_word' id='word_1_86' title='bbox 895 977 967 1036; x_wconf 91' lang='lat' dir='ltr'>enim</span> <span class='ocrx_word' id='word_1_87' title='bbox 981 977 1069 1037; x_wconf 82' lang='lat' dir='ltr'>Adam</span> <span class='ocrx_word' id='word_1_88' title='bbox 1089 1001 1174 1057; x_wconf 89' lang='lat' dir='ltr'>neque</span> <span class='ocrx_word' id='word_1_89' title='bbox 1187 979 1277 1059; x_wconf 80' lang='lat' dir='ltr'>quitis</span> <span class='ocrx_word' id='word_1_90' title='bbox 1291 980 1373 1040; x_wconf 90' lang='lat' dir='ltr'>homo</span> <span class='ocrx_word' id='word_1_91' title='bbox 1388 1002 1516 1059; x_wconf 89' lang='lat' dir='ltr'><strong>umquam</strong></span> <span class='ocrx_word' id='word_1_92' title='bbox 1528 981 1639 1042; x_wconf 87' lang='lat' dir='ltr'>videtur</span> 
     </span>
    </p>
   </div>
   <div class='ocr_carea' id='block_1_4' title="bbox 894 1066 1637 1243">
    <p class='ocr_par' dir='ltr' id='par_1_4' title="bbox 894 1066 1637 1243">
     <span class='ocr_line' id='line_1_14' title="bbox 894 1066 1637 1151; baseline 0.011 -24"><span class='ocrx_word' id='word_1_93' title='bbox 894 1066 952 1127; x_wconf 90' lang='lat' dir='ltr'>sine</span> <span class='ocrx_word' id='word_1_94' title='bbox 969 1070 1085 1128; x_wconf 86' lang='lat' dir='ltr'>naturali</span> <span class='ocrx_word' id='word_1_95' title='bbox 1098 1070 1157 1151; x_wconf 82' lang='lat' dir='ltr'>lege</span> <span class='ocrx_word' id='word_1_96' title='bbox 1170 1071 1285 1131; x_wconf 80' lang='lat' dir='ltr'>vixisse:</span> <span class='ocrx_word' id='word_1_97' title='bbox 1307 1072 1355 1131; x_wconf 90' lang='lat' dir='ltr'>nbi</span> <span class='ocrx_word' id='word_1_98' title='bbox 1370 1073 1442 1132; x_wconf 88' lang='lat' dir='ltr'>enim</span> <span class='ocrx_word' id='word_1_99' title='bbox 1463 1073 1543 1133; x_wconf 87' lang='lat' dir='ltr'>illum</span> <span class='ocrx_word' id='word_1_100' title='bbox 1556 1075 1637 1135; x_wconf 78' lang='lat' dir='ltr'>effor-</span> 
     </span>
     <span class='ocr_line' id='line_1_15' title="bbox 894 1160 1637 1243; baseline 0.009 -25"><span class='ocrx_word' id='word_1_101' title='bbox 894 1160 979 1220; x_wconf 81' lang='lat' dir='ltr'>mavit</span> <span class='ocrx_word' id='word_1_102' title='bbox 999 1163 1081 1238; x_wconf 88' lang='lat' dir='ltr'>Deus,</span> <span class='ocrx_word' id='word_1_103' title='bbox 1096 1162 1171 1221; x_wconf 92' lang='lat' dir='ltr'>illam</span> <span class='ocrx_word' id='word_1_104' title='bbox 1186 1162 1237 1243; x_wconf 89' lang='lat' dir='ltr'>ipsi</span> <span class='ocrx_word' id='word_1_105' title='bbox 1256 1164 1342 1243; x_wconf 79' lang='lat' dir='ltr'>legem</span> <span class='ocrx_word' id='word_1_106' title='bbox 1360 1163 1470 1237; x_wconf 81' lang='lat' dir='ltr'>indidit,</span> <span class='ocrx_word' id='word_1_107' title='bbox 1494 1165 1637 1226; x_wconf 87' lang='lat' dir='ltr'>contuber-</span> 
     </span>
    </p>
   </div>
   <div class='ocr_carea' id='block_1_5' title="bbox 70 1250 1639 1340">
    <p class='ocr_par' dir='ltr' id='par_1_5' title="bbox 70 1250 1639 1340">
     <span class='ocr_line' id='line_1_16' title="bbox 70 1250 1639 1340; baseline 0.01 -37"><span class='ocrx_word' id='word_1_108' title='bbox 70 1258 258 1333; x_wconf 60' lang='grc' dir='ltr'>πνευματικόν,</span> <span class='ocrx_word' id='word_1_109' title='bbox 273 1257 308 1319; x_wconf 85' lang='lat'>‘0</span> <span class='ocrx_word' id='word_1_110' title='bbox 320 1259 346 1318; x_wconf 69' lang='grc' dir='ltr'>δὲ</span> <span class='ocrx_word' id='word_1_111' title='bbox 361 1261 468 1340; x_wconf 61' lang='grc' dir='ltr'>φυσικὸς</span> <span class='ocrx_word' id='word_1_112' title='bbox 481 1262 529 1319; x_wconf 68' lang='grc' dir='ltr'>οὐχ</span> <span class='ocrx_word' id='word_1_113' title='bbox 540 1258 592 1319; x_wconf 69' lang='grc' dir='ltr'>ἀπὸ</span> <span class='ocrx_word' id='word_1_114' title='bbox 608 1257 761 1337; x_wconf 60' lang='grc' dir='ltr'>Πνεύμαςος</span> <span class='ocrx_word' id='word_1_115' title='bbox 776 1264 841 1334; x_wconf 67' lang='grc' dir='ltr'>ἡμῖν</span> <span class='ocrx_word' id='word_1_116' title='bbox 857 1278 877 1326; x_wconf 71' lang='lat' dir='ltr'>c</span> <span class='ocrx_word' id='word_1_117' title='bbox 893 1250 982 1310; x_wconf 88' lang='lat' dir='ltr'>nalem</span> <span class='ocrx_word' id='word_1_118' title='bbox 996 1252 1072 1311; x_wconf 90' lang='lat' dir='ltr'>illam</span> <span class='ocrx_word' id='word_1_119' title='bbox 1082 1253 1182 1312; x_wconf 82' lang='lat' dir='ltr'>iaciens</span> <span class='ocrx_word' id='word_1_120' title='bbox 1199 1253 1330 1315; x_wconf 80' lang='lat' dir='ltr'>universae</span> <span class='ocrx_word' id='word_1_121' title='bbox 1347 1269 1459 1314; x_wconf 79' lang='lat' dir='ltr'>naturae.</span> <span class='ocrx_word' id='word_1_122' title='bbox 1470 1259 1569 1316; x_wconf 83' lang='lat' dir='ltr'>Praeter</span> <span class='ocrx_word' id='word_1_123' title='bbox 1580 1257 1639 1319; x_wconf 61' lang='grc' dir='ltr'>λικε</span> 
     </span>
    </p>
   </div>
   <div class='ocr_carea' id='block_1_6' title="bbox 68 1345 842 1614">
    <p class='ocr_par' dir='ltr' id='par_1_6' title="bbox 68 1345 842 1614">
     <span class='ocr_line' id='line_1_17' title="bbox 69 1345 841 1432; baseline 0.005 -29"><span class='ocrx_word' id='word_1_124' title='bbox 69 1345 162 1416; x_wconf 77' lang='grc' dir='ltr'>ἐδόθη·</span> <span class='ocrx_word' id='word_1_125' title='bbox 172 1348 217 1405; x_wconf 80' lang='grc' dir='ltr'>καὶ</span> <span class='ocrx_word' id='word_1_126' title='bbox 226 1349 278 1430; x_wconf 73' lang='grc' dir='ltr'>γὰρ</span> <span class='ocrx_word' id='word_1_127' title='bbox 292 1350 336 1409; x_wconf 85' lang='grc' dir='ltr'>καί</span> <span class='ocrx_word' id='word_1_128' title='bbox 350 1350 479 1432; x_wconf 74' lang='grc' dir='ltr'>βάρόαροι</span> <span class='ocrx_word' id='word_1_129' title='bbox 489 1350 533 1409; x_wconf 83' lang='grc' dir='ltr'>καί</span> <span class='ocrx_word' id='word_1_130' title='bbox 545 1349 676 1423; x_wconf 84' lang='grc' dir='ltr'>Ἕλληνες</span> <span class='ocrx_word' id='word_1_131' title='bbox 687 1349 732 1410; x_wconf 86' lang='grc' dir='ltr'>καλ</span> <span class='ocrx_word' id='word_1_132' title='bbox 745 1348 841 1415; x_wconf 86' lang='grc' dir='ltr'>πάντες</span> 
     </span>
     <span class='ocr_line' id='line_1_18' title="bbox 69 1438 842 1522; baseline 0.005 -29"><span class='ocrx_word' id='word_1_133' title='bbox 69 1438 206 1516; x_wconf 79' lang='grc' dir='ltr'>ἅνθρωποι</span> <span class='ocrx_word' id='word_1_134' title='bbox 219 1445 310 1500; x_wconf 84' lang='grc' dir='ltr'>τοῦτον</span> <span class='ocrx_word' id='word_1_135' title='bbox 326 1442 368 1501; x_wconf 81' lang='grc' dir='ltr'>τὸν</span> <span class='ocrx_word' id='word_1_136' title='bbox 382 1442 462 1519; x_wconf 92' lang='grc' dir='ltr'>νόμον</span> <span class='ocrx_word' id='word_1_137' title='bbox 473 1441 586 1522; x_wconf 88' lang='grc' dir='ltr'>ἔχουσιν.</span> <span class='ocrx_word' id='word_1_138' title='bbox 599 1441 679 1501; x_wconf 83' lang='grc' dir='ltr'>Ὅθεν</span> <span class='ocrx_word' id='word_1_139' title='bbox 691 1443 785 1514; x_wconf 79' lang='grc' dir='ltr'>δῆλον,</span> <span class='ocrx_word' id='word_1_140' title='bbox 799 1441 842 1502; x_wconf 78' lang='grc' dir='ltr'>ὅτι</span> 
     </span>
     <span class='ocr_line' id='line_1_19' title="bbox 68 1529 839 1614; baseline 0.01 -28"><span class='ocrx_word' id='word_1_141' title='bbox 68 1529 132 1607; x_wconf 83' lang='grc' dir='ltr'>περὶ</span> <span class='ocrx_word' id='word_1_142' title='bbox 147 1535 193 1589; x_wconf 88' lang='grc' dir='ltr'>τοῦ</span> <span class='ocrx_word' id='word_1_143' title='bbox 209 1535 354 1593; x_wconf 86' lang='grc' dir='ltr'>Μωσαϊκοῦ</span> <span class='ocrx_word' id='word_1_144' title='bbox 368 1533 413 1593; x_wconf 85' lang='grc' dir='ltr'>καί</span> <span class='ocrx_word' id='word_1_145' title='bbox 427 1534 481 1593; x_wconf 81' lang='grc' dir='ltr'>ἀνω</span> <span class='ocrx_word' id='word_1_146' title='bbox 494 1533 540 1593; x_wconf 85' lang='grc' dir='ltr'>καλ</span> <span class='ocrx_word' id='word_1_147' title='bbox 553 1533 626 1592; x_wconf 88' lang='grc' dir='ltr'>κάτω</span> <span class='ocrx_word' id='word_1_148' title='bbox 644 1534 689 1592; x_wconf 83' lang='grc' dir='ltr'>καλ</span> <span class='ocrx_word' id='word_1_149' title='bbox 703 1541 839 1614; x_wconf 80' lang='grc' dir='ltr'>πανταχοῦ</span> 
     </span>
    </p>
   </div>
   <div class='ocr_carea' id='block_1_7' title="bbox 68 1620 838 1706">
    <p class='ocr_par' dir='ltr' id='par_1_7' title="bbox 68 1620 838 1706">
     <span class='ocr_line' id='line_1_20' title="bbox 68 1620 838 1706; baseline 0.006 -28"><span class='ocrx_word' id='word_1_150' title='bbox 68 1620 229 1701; x_wconf 76' lang='grc' dir='ltr'>διαλέγιται.</span> <span class='ocrx_word' id='word_1_151' title='bbox 247 1625 295 1684; x_wconf 84' lang='grc' dir='ltr'>Διὸ</span> <span class='ocrx_word' id='word_1_152' title='bbox 310 1627 356 1685; x_wconf 86' lang='grc' dir='ltr'>καί</span> <span class='ocrx_word' id='word_1_153' title='bbox 369 1628 441 1706; x_wconf 81' lang='grc' dir='ltr'>ἅγιον</span> <span class='ocrx_word' id='word_1_154' title='bbox 460 1627 537 1686; x_wconf 75' lang='grc' dir='ltr'>αὐτὸν</span> <span class='ocrx_word' id='word_1_155' title='bbox 552 1628 627 1686; x_wconf 82' lang='grc' dir='ltr'>καλεῖ</span> <span class='ocrx_word' id='word_1_156' title='bbox 641 1625 724 1706; x_wconf 72' lang='grc' dir='ltr'>λέγων</span> <span class='ocrx_word' id='word_1_157' title='bbox 735 1649 741 1663; x_wconf 93' lang='grc'>·</span> <span class='ocrx_word' id='word_1_158' title='bbox 753 1623 838 1685; x_wconf 81' lang='grc' dir='ltr'>Ὥστε</span> 
     </span>
    </p>
   </div>
   <div class='ocr_carea' id='block_1_8' title="bbox 67 1713 861 1795">
    <p class='ocr_par' dir='ltr' id='par_1_8' title="bbox 67 1713 861 1795">
     <span class='ocr_line' id='line_1_21' title="bbox 67 1713 861 1795; baseline 0.008 -25"><span class='ocrx_word' id='word_1_159' title='bbox 67 1717 83 1771; x_wconf 84' lang='grc' dir='ltr'>δ</span> <span class='ocrx_word' id='word_1_160' title='bbox 98 1713 146 1792; x_wconf 82' lang='grc' dir='ltr'>μὲν</span> <span class='ocrx_word' id='word_1_161' title='bbox 161 1715 239 1792; x_wconf 88' lang='grc' dir='ltr'>νόμος</span> <span class='ocrx_word' id='word_1_162' title='bbox 252 1718 323 1795; x_wconf 76' lang='grc' dir='ltr'>ἅγιος</span> <span class='ocrx_word' id='word_1_163' title='bbox 335 1717 411 1788; x_wconf 75' lang='grc' dir='ltr'>καὶὴ</span> <span class='ocrx_word' id='word_1_164' title='bbox 434 1716 525 1790; x_wconf 75' lang='grc' dir='ltr'>ἐντολὴ</span> <span class='ocrx_word' id='word_1_165' title='bbox 545 1716 607 1795; x_wconf 75' lang='grc' dir='ltr'>ἁγία</span> <span class='ocrx_word' id='word_1_166' title='bbox 629 1716 675 1776; x_wconf 88' lang='grc' dir='ltr'>καί</span> <span class='ocrx_word' id='word_1_167' title='bbox 686 1717 776 1776; x_wconf 88' lang='grc' dir='ltr'>δικαία</span> <span class='ocrx_word' id='word_1_168' title='bbox 793 1716 838 1776; x_wconf 85' lang='grc' dir='ltr'>καλ</span> <span class='ocrx_word' id='word_1_169' title='bbox 858 1732 861 1737; x_wconf 92' lang='grc'><strong>’</strong></span> 
     </span>
    </p>
   </div>
   <div class='ocr_carea' id='block_1_9' title="bbox 65 1806 838 2168">
    <p class='ocr_par' dir='ltr' id='par_1_9' title="bbox 65 1806 838 2168">
     <span class='ocr_line' id='line_1_22' title="bbox 66 1806 838 1888; baseline 0.004 -25"><span class='ocrx_word' id='word_1_170' title='bbox 66 1806 164 1883; x_wconf 78' lang='grc' dir='ltr'>ἀγαθή.</span> <span class='ocrx_word' id='word_1_171' title='bbox 181 1810 214 1866; x_wconf 73' lang='lat' dir='ltr'>Et</span> <span class='ocrx_word' id='word_1_172' title='bbox 229 1807 281 1888; x_wconf 86' lang='grc' dir='ltr'>γδιρ</span> <span class='ocrx_word' id='word_1_173' title='bbox 294 1807 339 1866; x_wconf 83' lang='grc' dir='ltr'>καί</span> <span class='ocrx_word' id='word_1_174' title='bbox 354 1808 497 1887; x_wconf 88' lang='grc' dir='ltr'>ἀκάθαρτοι</span> <span class='ocrx_word' id='word_1_175' title='bbox 513 1808 650 1887; x_wconf 83' lang='grc' dir='ltr'>γεγόνασιν</span> <span class='ocrx_word' id='word_1_176' title='bbox 672 1812 697 1868; x_wconf 81' lang='grc' dir='ltr'>οἱ</span> <span class='ocrx_word' id='word_1_177' title='bbox 716 1807 838 1868; x_wconf 88' lang='grc' dir='ltr'>Ἰουδαῖοι</span> 
     </span>
     <span class='ocr_line' id='line_1_23' title="bbox 67 1897 837 1977; baseline 0.005 -22"><span class='ocrx_word' id='word_1_178' title='bbox 67 1897 138 1974; x_wconf 86' lang='grc' dir='ltr'>μετά</span> <span class='ocrx_word' id='word_1_179' title='bbox 149 1900 192 1958; x_wconf 83' lang='grc' dir='ltr'>τὸν</span> <span class='ocrx_word' id='word_1_180' title='bbox 213 1899 311 1977; x_wconf 84' lang='grc' dir='ltr'>νόμον,</span> <span class='ocrx_word' id='word_1_181' title='bbox 326 1900 371 1959; x_wconf 84' lang='grc' dir='ltr'>καλ</span> <span class='ocrx_word' id='word_1_182' title='bbox 387 1902 473 1961; x_wconf 87' lang='grc' dir='ltr'>ἀδικοι</span> <span class='ocrx_word' id='word_1_183' title='bbox 497 1901 542 1960; x_wconf 88' lang='grc' dir='ltr'>καί</span> <span class='ocrx_word' id='word_1_184' title='bbox 562 1900 732 1973; x_wconf 80' lang='grc' dir='ltr'>πλεονέκται,</span> <span class='ocrx_word' id='word_1_185' title='bbox 746 1903 775 1963; x_wconf 84' lang='grc' dir='ltr'>οὔ</span> <span class='ocrx_word' id='word_1_186' title='bbox 789 1924 837 1960; x_wconf 91' lang='grc' dir='ltr'>κα-</span> 
     </span>
     <span class='ocr_line' id='line_1_24' title="bbox 65 1991 838 2075; baseline 0.009 -29"><span class='ocrx_word' id='word_1_187' title='bbox 65 1999 159 2069; x_wconf 86' lang='grc' dir='ltr'>ταργεῐ</span> <span class='ocrx_word' id='word_1_188' title='bbox 179 1995 256 2051; x_wconf 88' lang='grc' dir='ltr'>τοῦτο</span> <span class='ocrx_word' id='word_1_189' title='bbox 265 2000 311 2052; x_wconf 93' lang='grc' dir='ltr'>τοῦ</span> <span class='ocrx_word' id='word_1_190' title='bbox 324 1992 403 2071; x_wconf 90' lang='grc' dir='ltr'>νόμου</span> <span class='ocrx_word' id='word_1_191' title='bbox 414 1992 462 2066; x_wconf 76' lang='grc' dir='ltr'>τὴν</span> <span class='ocrx_word' id='word_1_192' title='bbox 475 1992 587 2075; x_wconf 71' lang='grc' dir='ltr'>ἀρετὴν,</span> <span class='ocrx_word' id='word_1_193' title='bbox 602 1991 692 2073; x_wconf 77' lang='grc' dir='ltr'>ὥσπερ</span> <span class='ocrx_word' id='word_1_194' title='bbox 711 2000 757 2052; x_wconf 86' lang='grc' dir='ltr'>τοῦ</span> <span class='ocrx_word' id='word_1_195' title='bbox 768 1995 838 2053; x_wconf 87' lang='grc' dir='ltr'>Θεοῦ</span> 
     </span>
     <span class='ocr_line' id='line_1_25' title="bbox 65 2080 838 2168; baseline 0.008 -28"><span class='ocrx_word' id='word_1_196' title='bbox 65 2080 117 2154; x_wconf 80' lang='grc' dir='ltr'>τλν</span> <span class='ocrx_word' id='word_1_197' title='bbox 130 2083 220 2144; x_wconf 85' lang='grc' dir='ltr'>πίστιν</span> <span class='ocrx_word' id='word_1_198' title='bbox 242 2087 290 2145; x_wconf 90' lang='grc' dir='ltr'>οὔκ</span> <span class='ocrx_word' id='word_1_199' title='bbox 303 2090 405 2168; x_wconf 87' lang='grc' dir='ltr'>ἀναιρεῖ</span> <span class='ocrx_word' id='word_1_200' title='bbox 423 2093 440 2159; x_wconf 80' lang='grc' dir='ltr'>ἡ</span> <span class='ocrx_word' id='word_1_201' title='bbox 465 2085 576 2147; x_wconf 75' lang='grc' dir='ltr'>ἀπιστία</span> <span class='ocrx_word' id='word_1_202' title='bbox 598 2089 693 2147; x_wconf 83' lang='grc' dir='ltr'>αὐτῶν.</span> <span class='ocrx_word' id='word_1_203' title='bbox 711 2084 796 2147; x_wconf 78' lang='grc' dir='ltr'>Ὥστε</span> <span class='ocrx_word' id='word_1_204' title='bbox 811 2085 838 2154; x_wconf 77' lang='grc' dir='ltr'>ἐξ</span> 
     </span>
    </p>
   </div>
   <div class='ocr_carea' id='block_1_10' title="bbox 890 1345 1639 2166">
    <p class='ocr_par' dir='ltr' id='par_1_10' title="bbox 890 1345 1639 2166">
     <span class='ocr_line' id='line_1_26' title="bbox 893 1345 1637 1427; baseline 0.012 -27"><span class='ocrx_word' id='word_1_205' title='bbox 893 1355 983 1402; x_wconf 86' lang='lat' dir='ltr'><strong>autem</strong></span> <span class='ocrx_word' id='word_1_206' title='bbox 1004 1365 1138 1423; x_wconf 85' lang='lat' dir='ltr'><strong>nusquam</strong></span> <span class='ocrx_word' id='word_1_207' title='bbox 1158 1345 1370 1427; x_wconf 88' lang='lat' dir='ltr'>deprehenditur</span> <span class='ocrx_word' id='word_1_208' title='bbox 1387 1347 1473 1427; x_wconf 76' lang='lat' dir='ltr'>legem</span> <span class='ocrx_word' id='word_1_209' title='bbox 1488 1349 1637 1409; x_wconf 82' lang='lat' dir='ltr'><strong>naturalem</strong></span> 
     </span>
     <span class='ocr_line' id='line_1_27' title="bbox 893 1441 1637 1526; baseline 0.012 -30"><span class='ocrx_word' id='word_1_210' title='bbox 893 1453 1055 1519; x_wconf 76' lang='lat' dir='ltr'>preceptum</span> <span class='ocrx_word' id='word_1_211' title='bbox 1068 1442 1217 1522; x_wconf 75' lang='lat' dir='ltr'>appellare,</span> <span class='ocrx_word' id='word_1_212' title='bbox 1228 1441 1314 1521; x_wconf 78' lang='lat' dir='ltr'>legem</span> <span class='ocrx_word' id='word_1_213' title='bbox 1325 1465 1390 1502; x_wconf 89' lang='lat' dir='ltr'>vero</span> <span class='ocrx_word' id='word_1_214' title='bbox 1403 1444 1509 1526; x_wconf 79' lang='lat' dir='ltr'>Moysis</span> <span class='ocrx_word' id='word_1_215' title='bbox 1523 1458 1549 1504; x_wconf 87' lang='lat' dir='ltr'>et</span> <span class='ocrx_word' id='word_1_216' title='bbox 1559 1467 1637 1505; x_wconf 90' lang='lat' dir='ltr'><strong>man-</strong></span> 
     </span>
     <span class='ocr_line' id='line_1_28' title="bbox 891 1527 1637 1618; baseline 0.015 -32"><span class='ocrx_word' id='word_1_217' title='bbox 891 1527 986 1588; x_wconf 90' lang='lat' dir='ltr'>datnm</span> <span class='ocrx_word' id='word_1_218' title='bbox 999 1545 1025 1589; x_wconf 90' lang='lat' dir='ltr'>et</span> <span class='ocrx_word' id='word_1_219' title='bbox 1035 1531 1140 1612; x_wconf 85' lang='lat' dir='ltr'><strong>justum</strong></span> <span class='ocrx_word' id='word_1_220' title='bbox 1154 1546 1180 1591; x_wconf 90' lang='lat' dir='ltr'>et</span> <span class='ocrx_word' id='word_1_221' title='bbox 1195 1546 1318 1598; x_wconf 85' lang='lat' dir='ltr'><strong>sanctum</strong></span> <span class='ocrx_word' id='word_1_222' title='bbox 1329 1547 1417 1608; x_wconf 83' lang='lat' dir='ltr'>vocat,</span> <span class='ocrx_word' id='word_1_223' title='bbox 1431 1546 1457 1592; x_wconf 88' lang='lat' dir='ltr'>et</span> <span class='ocrx_word' id='word_1_224' title='bbox 1473 1534 1560 1616; x_wconf 73' lang='lat' dir='ltr'>legem</span> <span class='ocrx_word' id='word_1_225' title='bbox 1577 1538 1637 1618; x_wconf 85' lang='lat' dir='ltr'>spi-</span> 
     </span>
     <span class='ocr_line' id='line_1_29' title="bbox 890 1621 1635 1707; baseline 0.015 -29"><span class='ocrx_word' id='word_1_226' title='bbox 890 1621 1027 1683; x_wconf 87' lang='lat' dir='ltr'>ritualem.</span> <span class='ocrx_word' id='word_1_227' title='bbox 1038 1625 1176 1684; x_wconf 89' lang='lat' dir='ltr'>Naturalis</span> <span class='ocrx_word' id='word_1_228' title='bbox 1191 1647 1317 1685; x_wconf 81' lang='lat' dir='ltr'>veronen</span> <span class='ocrx_word' id='word_1_229' title='bbox 1333 1648 1349 1685; x_wconf 92' lang='lat' dir='ltr'><strong>a</strong></span> <span class='ocrx_word' id='word_1_230' title='bbox 1364 1626 1468 1707; x_wconf 87' lang='lat' dir='ltr'>Spiritu</span> <span class='ocrx_word' id='word_1_231' title='bbox 1481 1628 1560 1689; x_wconf 89' lang='lat' dir='ltr'>nobis</span> <span class='ocrx_word' id='word_1_232' title='bbox 1572 1628 1635 1690; x_wconf 81' lang='lat' dir='ltr'>date</span> 
     </span>
     <span class='ocr_line' id='line_1_30' title="bbox 890 1715 1636 1782; baseline 0.012 -11"><span class='ocrx_word' id='word_1_233' title='bbox 890 1726 929 1771; x_wconf 80' lang='lat' dir='ltr'>est</span> <span class='ocrx_word' id='word_1_234' title='bbox 943 1735 1022 1772; x_wconf 83' lang='lat' dir='ltr'>:narn</span> <span class='ocrx_word' id='word_1_235' title='bbox 1036 1728 1062 1773; x_wconf 89' lang='lat' dir='ltr'>et</span> <span class='ocrx_word' id='word_1_236' title='bbox 1075 1715 1185 1775; x_wconf 86' lang='lat' dir='ltr'>barbari</span> <span class='ocrx_word' id='word_1_237' title='bbox 1204 1729 1230 1775; x_wconf 88' lang='lat' dir='ltr'>et</span> <span class='ocrx_word' id='word_1_238' title='bbox 1244 1717 1333 1776; x_wconf 73' lang='lat' dir='ltr'>Graeci</span> <span class='ocrx_word' id='word_1_239' title='bbox 1354 1732 1380 1777; x_wconf 88' lang='lat' dir='ltr'>et</span> <span class='ocrx_word' id='word_1_240' title='bbox 1402 1740 1494 1778; x_wconf 88' lang='lat' dir='ltr'>omnes</span> <span class='ocrx_word' id='word_1_241' title='bbox 1512 1719 1636 1782; x_wconf 79' lang='lat' dir='ltr'>homines</span> 
     </span>
     <span class='ocr_line' id='line_1_31' title="bbox 891 1804 1636 1893; baseline 0.015 -31"><span class='ocrx_word' id='word_1_242' title='bbox 891 1804 960 1864; x_wconf 92' lang='lat' dir='ltr'><strong>hanc</strong></span> <span class='ocrx_word' id='word_1_243' title='bbox 972 1805 1058 1886; x_wconf 84' lang='lat' dir='ltr'>legem</span> <span class='ocrx_word' id='word_1_244' title='bbox 1068 1808 1177 1869; x_wconf 90' lang='lat' dir='ltr'>habent.</span> <span class='ocrx_word' id='word_1_245' title='bbox 1189 1809 1268 1869; x_wconf 89' lang='lat' dir='ltr'>Unde</span> <span class='ocrx_word' id='word_1_246' title='bbox 1278 1812 1368 1890; x_wconf 89' lang='lat' dir='ltr'>palam</span> <span class='ocrx_word' id='word_1_247' title='bbox 1379 1825 1430 1887; x_wconf 77' lang='lat' dir='ltr'>est,</span> <span class='ocrx_word' id='word_1_248' title='bbox 1443 1811 1523 1871; x_wconf 89' lang='lat' dir='ltr'>illum</span> <span class='ocrx_word' id='word_1_249' title='bbox 1535 1814 1636 1893; x_wconf 82' lang='lat' dir='ltr'>ubique</span> 
     </span>
     <span class='ocr_line' id='line_1_32' title="bbox 890 1894 1637 1983; baseline 0.017 -30"><span class='ocrx_word' id='word_1_250' title='bbox 890 1894 1011 1955; x_wconf 87' lang='lat' dir='ltr'>locorum</span> <span class='ocrx_word' id='word_1_251' title='bbox 1022 1897 1057 1957; x_wconf 89' lang='lat' dir='ltr'>de</span> <span class='ocrx_word' id='word_1_252' title='bbox 1070 1898 1128 1979; x_wconf 77' lang='lat' dir='ltr'>lege</span> <span class='ocrx_word' id='word_1_253' title='bbox 1138 1901 1258 1959; x_wconf 85' lang='lat' dir='ltr'>Mosaica</span> <span class='ocrx_word' id='word_1_254' title='bbox 1272 1900 1409 1960; x_wconf 88' lang='lat' dir='ltr'>disserere.</span> <span class='ocrx_word' id='word_1_255' title='bbox 1428 1902 1547 1983; x_wconf 86' lang='lat' dir='ltr'>Ideoque</span> <span class='ocrx_word' id='word_1_256' title='bbox 1560 1905 1637 1966; x_wconf 85' lang='lat' dir='ltr'>illam</span> 
     </span>
     <span class='ocr_line' id='line_1_33' title="bbox 890 1991 1639 2075; baseline 0.016 -29"><span class='ocrx_word' id='word_1_257' title='bbox 890 2002 1011 2049; x_wconf 86' lang='lat' dir='ltr'>sanctam</span> <span class='ocrx_word' id='word_1_258' title='bbox 1025 2005 1112 2068; x_wconf 78' lang='lat' dir='ltr'>vocat,</span> <span class='ocrx_word' id='word_1_259' title='bbox 1125 1991 1218 2052; x_wconf 86' lang='lat' dir='ltr'>dicens</span> <span class='ocrx_word' id='word_1_260' title='bbox 1231 2015 1239 2050; x_wconf 82' lang='grc' dir='ltr'>ε</span> <span class='ocrx_word' id='word_1_261' title='bbox 1252 1997 1360 2073; x_wconf 79' lang='lat' dir='ltr'>Itaque</span> <span class='ocrx_word' id='word_1_262' title='bbox 1373 1994 1422 2052; x_wconf 78' lang='lat' dir='ltr'>lex</span> <span class='ocrx_word' id='word_1_263' title='bbox 1434 1997 1553 2075; x_wconf 83' lang='lat' dir='ltr'>quidem</span> <span class='ocrx_word' id='word_1_264' title='bbox 1567 2018 1639 2058; x_wconf 84' lang='lat' dir='ltr'>san·</span> 
     </span>
     <span class='ocr_line' id='line_1_34' title="bbox 890 2084 1636 2166; baseline 0.016 -29"><span class='ocrx_word' id='word_1_265' title='bbox 890 2093 938 2138; x_wconf 87' lang='lat' dir='ltr'>eta</span> <span class='ocrx_word' id='word_1_266' title='bbox 954 2094 1008 2158; x_wconf 86' lang='lat' dir='ltr'>est,</span> <span class='ocrx_word' id='word_1_267' title='bbox 1034 2084 1209 2142; x_wconf 83' lang='lat' dir='ltr'>mandatum</span> <span class='ocrx_word' id='word_1_268' title='bbox 1228 2097 1374 2157; x_wconf 85' lang='lat' dir='ltr'>sanctum,</span> <span class='ocrx_word' id='word_1_269' title='bbox 1398 2089 1512 2166; x_wconf 80' lang='lat' dir='ltr'>justum</span> <span class='ocrx_word' id='word_1_270' title='bbox 1531 2102 1560 2148; x_wconf 84' lang='lat' dir='ltr'>et</span> <span class='ocrx_word' id='word_1_271' title='bbox 1586 2093 1636 2149; x_wconf 87' lang='lat' dir='ltr'>bo·</span> 
     </span>
    </p>
   </div>
   <div class='ocr_carea' id='block_1_11' title="bbox 66 2171 1636 2259">
    <p class='ocr_par' dir='ltr' id='par_1_11' title="bbox 66 2171 1636 2259">
     <span class='ocr_line' id='line_1_35' title="bbox 66 2171 1636 2259; baseline 0.005 -26"><span class='ocrx_word' id='word_1_272' title='bbox 66 2174 191 2235; x_wconf 81' lang='grc' dir='ltr'>ἁπάντων</span> <span class='ocrx_word' id='word_1_273' title='bbox 206 2176 304 2237; x_wconf 88' lang='grc' dir='ltr'>τοῦτων</span> <span class='ocrx_word' id='word_1_274' title='bbox 317 2182 405 2252; x_wconf 80' lang='grc' dir='ltr'>δῆλον,</span> <span class='ocrx_word' id='word_1_275' title='bbox 416 2178 457 2239; x_wconf 77' lang='grc' dir='ltr'>ὅτι</span> <span class='ocrx_word' id='word_1_276' title='bbox 466 2179 527 2258; x_wconf 83' lang='grc' dir='ltr'>περί</span> <span class='ocrx_word' id='word_1_277' title='bbox 541 2185 586 2239; x_wconf 92' lang='grc' dir='ltr'>τοῦ</span> <span class='ocrx_word' id='word_1_278' title='bbox 600 2181 746 2239; x_wconf 83' lang='grc' dir='ltr'>Μωοαίκοῦ</span> <span class='ocrx_word' id='word_1_279' title='bbox 754 2183 838 2237; x_wconf 91' lang='grc' dir='ltr'>ταῦτα</span> <span class='ocrx_word' id='word_1_280' title='bbox 855 2192 874 2238; x_wconf 85' lang='lat'>1)</span> <span class='ocrx_word' id='word_1_281' title='bbox 892 2191 972 2229; x_wconf 68' lang='lat' dir='ltr'>num·</span> <span class='ocrx_word' id='word_1_282' title='bbox 988 2171 1063 2230; x_wconf 68' lang='lat' dir='ltr'>Licet</span> <span class='ocrx_word' id='word_1_283' title='bbox 1082 2172 1154 2232; x_wconf 68' lang='lat' dir='ltr'>essim</span> <span class='ocrx_word' id='word_1_284' title='bbox 1173 2171 1262 2234; x_wconf 69' lang='lat' dir='ltr'>Judaei</span> <span class='ocrx_word' id='word_1_285' title='bbox 1277 2188 1339 2254; x_wconf 69' lang='lat' dir='ltr'>post</span> <span class='ocrx_word' id='word_1_286' title='bbox 1356 2175 1443 2254; x_wconf 75' lang='lat' dir='ltr'>legem</span> <span class='ocrx_word' id='word_1_287' title='bbox 1466 2177 1580 2259; x_wconf 80' lang='lat' dir='ltr'>impuri,</span> <span class='ocrx_word' id='word_1_288' title='bbox 1594 2179 1636 2240; x_wconf 84' lang='lat' dir='ltr'>in·</span> 
     </span>
    </p>
   </div>
   <div class='ocr_carea' id='block_1_12' title="bbox 65 2261 839 3175">
    <p class='ocr_par' dir='ltr' id='par_1_12' title="bbox 65 2261 839 3175">
     <span class='ocr_line' id='line_1_36' title="bbox 66 2261 839 2352; baseline 0.006 -28"><span class='ocrx_word' id='word_1_289' title='bbox 66 2267 218 2347; x_wconf 78' lang='grc' dir='ltr'>διαλέγεται</span> <span class='ocrx_word' id='word_1_290' title='bbox 233 2269 321 2350; x_wconf 87' lang='grc' dir='ltr'>νόμου.</span> <span class='ocrx_word' id='word_1_291' title='bbox 334 2272 375 2331; x_wconf 86' lang='grc' dir='ltr'>Τὸ</span> <span class='ocrx_word' id='word_1_292' title='bbox 387 2261 430 2330; x_wconf 84' lang='grc' dir='ltr'>οὔν</span> <span class='ocrx_word' id='word_1_293' title='bbox 442 2271 554 2351; x_wconf 85' lang='grc' dir='ltr'>ἀγαθὸν,</span> <span class='ocrx_word' id='word_1_294' title='bbox 568 2270 662 2352; x_wconf 80' lang='grc' dir='ltr'>φησίν,</span> <span class='ocrx_word' id='word_1_295' title='bbox 678 2270 737 2349; x_wconf 74' lang='grc' dir='ltr'>ἔμοί</span> <span class='ocrx_word' id='word_1_296' title='bbox 748 2269 839 2350; x_wconf 73' lang='grc' dir='ltr'>γέγονε</span> 
     </span>
     <span class='ocr_line' id='line_1_37' title="bbox 66 2359 837 2442; baseline 0 -23"><span class='ocrx_word' id='word_1_297' title='bbox 66 2359 195 2435; x_wconf 84' lang='grc' dir='ltr'>θάνατος;</span> <span class='ocrx_word' id='word_1_298' title='bbox 209 2361 256 2434; x_wconf 81' lang='grc' dir='ltr'>Μὴ</span> <span class='ocrx_word' id='word_1_299' title='bbox 277 2363 392 2440; x_wconf 84' lang='grc' dir='ltr'>γένοιτο·</span> <span class='ocrx_word' id='word_1_300' title='bbox 407 2365 465 2423; x_wconf 87' lang='grc' dir='ltr'>ἀλλ’</span> <span class='ocrx_word' id='word_1_301' title='bbox 483 2367 500 2434; x_wconf 80' lang='grc' dir='ltr'>ἡ</span> <span class='ocrx_word' id='word_1_302' title='bbox 521 2364 655 2442; x_wconf 85' lang='grc' dir='ltr'>ἁμαρτία,</span> <span class='ocrx_word' id='word_1_303' title='bbox 673 2360 717 2420; x_wconf 78' lang='grc' dir='ltr'>ἵνα</span> <span class='ocrx_word' id='word_1_304' title='bbox 735 2367 804 2442; x_wconf 80' lang='grc' dir='ltr'>φανῇ</span> <span class='ocrx_word' id='word_1_305' title='bbox 820 2365 837 2433; x_wconf 78' lang='grc' dir='ltr'>ἡ</span> 
     </span>
     <span class='ocr_line' id='line_1_38' title="bbox 66 2451 838 2535; baseline 0.004 -26"><span class='ocrx_word' id='word_1_306' title='bbox 66 2451 195 2534; x_wconf 80' lang='grc' dir='ltr'>ἁμαρτία.</span> <span class='ocrx_word' id='word_1_307' title='bbox 208 2454 361 2529; x_wconf 79' lang='grc' dir='ltr'>Τουτέστιν,</span> <span class='ocrx_word' id='word_1_308' title='bbox 375 2454 419 2515; x_wconf 85' lang='grc' dir='ltr'>ίνα</span> <span class='ocrx_word' id='word_1_309' title='bbox 438 2456 528 2535; x_wconf 82' lang='grc' dir='ltr'>δειχθῇ</span> <span class='ocrx_word' id='word_1_310' title='bbox 542 2453 602 2514; x_wconf 78' lang='grc' dir='ltr'>ὅσον</span> <span class='ocrx_word' id='word_1_311' title='bbox 621 2453 702 2514; x_wconf 80' lang='grc' dir='ltr'>κακὸν</span> <span class='ocrx_word' id='word_1_312' title='bbox 716 2458 733 2526; x_wconf 78' lang='grc' dir='ltr'>ἡ</span> <span class='ocrx_word' id='word_1_313' title='bbox 749 2454 838 2533; x_wconf 81' lang='grc' dir='ltr'>ἀμαρ-</span> 
     </span>
     <span class='ocr_line' id='line_1_39' title="bbox 65 2536 837 2625; baseline 0.005 -30"><span class='ocrx_word' id='word_1_314' title='bbox 65 2536 125 2614; x_wconf 84' lang='grc' dir='ltr'>τία,</span> <span class='ocrx_word' id='word_1_315' title='bbox 139 2545 155 2611; x_wconf 78' lang='grc' dir='ltr'>ἡ</span> <span class='ocrx_word' id='word_1_316' title='bbox 173 2539 286 2621; x_wconf 75' lang='grc' dir='ltr'>ῥάθυμος</span> <span class='ocrx_word' id='word_1_317' title='bbox 299 2542 449 2625; x_wconf 81' lang='grc' dir='ltr'>προαίρεσις</span> <span class='ocrx_word' id='word_1_318' title='bbox 463 2542 536 2613; x_wconf 76' lang='grc' dir='ltr'>καὶὴ</span> <span class='ocrx_word' id='word_1_319' title='bbox 551 2541 595 2603; x_wconf 75' lang='grc' dir='ltr'>ἐπί</span> <span class='ocrx_word' id='word_1_320' title='bbox 609 2542 638 2602; x_wconf 86' lang='grc' dir='ltr'>τδ</span> <span class='ocrx_word' id='word_1_321' title='bbox 652 2551 740 2622; x_wconf 86' lang='grc' dir='ltr'>χεῖρον</span> <span class='ocrx_word' id='word_1_322' title='bbox 756 2545 786 2620; x_wconf 79' lang='lat' dir='ltr'>dp</span> <span class='ocrx_word' id='word_1_323' title='bbox 809 2540 837 2614; x_wconf 75' lang='grc' dir='ltr'>ὴ,</span> 
     </span>
     <span class='ocr_line' id='line_1_40' title="bbox 66 2630 836 2713; baseline 0.003 -23"><span class='ocrx_word' id='word_1_324' title='bbox 66 2630 113 2690; x_wconf 83' lang='grc' dir='ltr'>καί</span> <span class='ocrx_word' id='word_1_325' title='bbox 133 2632 199 2703; x_wconf 78' lang='grc' dir='ltr'>αὔτη</span> <span class='ocrx_word' id='word_1_326' title='bbox 221 2631 249 2690; x_wconf 82' lang='grc' dir='ltr'>δὲ</span> <span class='ocrx_word' id='word_1_327' title='bbox 271 2638 288 2704; x_wconf 81' lang='grc' dir='ltr'>ἡ</span> <span class='ocrx_word' id='word_1_328' title='bbox 313 2633 406 2713; x_wconf 80' lang='grc' dir='ltr'>πρᾶξις</span> <span class='ocrx_word' id='word_1_329' title='bbox 429 2635 474 2693; x_wconf 82' lang='grc' dir='ltr'>καὶ</span> <span class='ocrx_word' id='word_1_330' title='bbox 493 2637 511 2707; x_wconf 79' lang='grc' dir='ltr'>ἡ</span> <span class='ocrx_word' id='word_1_331' title='bbox 530 2634 706 2713; x_wconf 71' lang='grc' dir='ltr'>διεφθαρμένη</span> <span class='ocrx_word' id='word_1_332' title='bbox 726 2631 836 2712; x_wconf 80' lang='grc' dir='ltr'>γνώμη·</span> 
     </span>
     <span class='ocr_line' id='line_1_41' title="bbox 65 2723 836 2804; baseline 0.001 -23"><span class='ocrx_word' id='word_1_333' title='bbox 65 2729 144 2783; x_wconf 89' lang='grc' dir='ltr'>τοῦτο</span> <span class='ocrx_word' id='word_1_334' title='bbox 159 2723 326 2804; x_wconf 67' lang='grc' dir='ltr'>γάρπάντων</span> <span class='ocrx_word' id='word_1_335' title='bbox 339 2726 421 2784; x_wconf 90' lang='grc' dir='ltr'>αίτιον</span> <span class='ocrx_word' id='word_1_336' title='bbox 434 2731 485 2785; x_wconf 85' lang='grc' dir='ltr'>τῶν</span> <span class='ocrx_word' id='word_1_337' title='bbox 498 2728 596 2785; x_wconf 85' lang='grc' dir='ltr'>κακῶν.</span> <span class='ocrx_word' id='word_1_338' title='bbox 611 2724 691 2793; x_wconf 79' lang='grc' dir='ltr'>Αὔξει</span> <span class='ocrx_word' id='word_1_339' title='bbox 702 2723 729 2786; x_wconf 80' lang='grc' dir='ltr'>δὲ</span> <span class='ocrx_word' id='word_1_340' title='bbox 744 2724 836 2800; x_wconf 75' lang='grc' dir='ltr'>αὐτὴν,</span> 
     </span>
     <span class='ocr_line' id='line_1_42' title="bbox 66 2813 836 2898; baseline 0.005 -26"><span class='ocrx_word' id='word_1_341' title='bbox 66 2813 167 2881; x_wconf 83' lang='grc' dir='ltr'>δεικνῦς</span> <span class='ocrx_word' id='word_1_342' title='bbox 182 2819 229 2886; x_wconf 78' lang='grc' dir='ltr'>τῆς</span> <span class='ocrx_word' id='word_1_343' title='bbox 242 2823 287 2875; x_wconf 88' lang='grc' dir='ltr'>τοῦ</span> <span class='ocrx_word' id='word_1_344' title='bbox 301 2818 416 2894; x_wconf 80' lang='grc' dir='ltr'>Χριστοῦ</span> <span class='ocrx_word' id='word_1_345' title='bbox 429 2819 537 2898; x_wconf 86' lang='grc' dir='ltr'>χάριτος</span> <span class='ocrx_word' id='word_1_346' title='bbox 547 2816 596 2888; x_wconf 84' lang='grc' dir='ltr'>τλν</span> <span class='ocrx_word' id='word_1_347' title='bbox 610 2815 774 2898; x_wconf 77' lang='grc' dir='ltr'>ὔπερόολὴν,</span> <span class='ocrx_word' id='word_1_348' title='bbox 790 2817 836 2876; x_wconf 86' lang='grc' dir='ltr'>καί</span> 
     </span>
     <span class='ocr_line' id='line_1_43' title="bbox 66 2907 836 2991; baseline 0.004 -26"><span class='ocrx_word' id='word_1_349' title='bbox 66 2907 196 2966; x_wconf 81' lang='grc' dir='ltr'>διδάσκων</span> <span class='ocrx_word' id='word_1_350' title='bbox 211 2907 267 2967; x_wconf 88' lang='grc' dir='ltr'>οίου</span> <span class='ocrx_word' id='word_1_351' title='bbox 280 2916 362 2968; x_wconf 92' lang='grc' dir='ltr'>κακοῦ</span> <span class='ocrx_word' id='word_1_352' title='bbox 377 2910 406 2968; x_wconf 81' lang='grc' dir='ltr'>τὸ</span> <span class='ocrx_word' id='word_1_353' title='bbox 415 2915 467 2968; x_wconf 80' lang='grc' dir='ltr'>τῶν</span> <span class='ocrx_word' id='word_1_354' title='bbox 480 2909 624 2991; x_wconf 77' lang='grc' dir='ltr'>ἀνθρώπων</span> <span class='ocrx_word' id='word_1_355' title='bbox 643 2908 780 2982; x_wconf 63' lang='grc' dir='ltr'>ἀπήλλαξε</span> <span class='ocrx_word' id='word_1_356' title='bbox 790 2909 836 2989; x_wconf 80' lang='grc' dir='ltr'>γε’-</span> 
     </span>
     <span class='ocr_line' id='line_1_44' title="bbox 65 3000 835 3083; baseline 0.008 -25"><span class='ocrx_word' id='word_1_357' title='bbox 65 3024 121 3073; x_wconf 87' lang='grc' dir='ltr'>νος,</span> <span class='ocrx_word' id='word_1_358' title='bbox 132 3000 145 3059; x_wconf 89' lang='grc' dir='ltr'>δ</span> <span class='ocrx_word' id='word_1_359' title='bbox 156 3001 201 3058; x_wconf 80' lang='grc' dir='ltr'>καί</span> <span class='ocrx_word' id='word_1_360' title='bbox 216 3000 259 3060; x_wconf 78' lang='grc' dir='ltr'>διὰ</span> <span class='ocrx_word' id='word_1_361' title='bbox 270 3005 322 3060; x_wconf 87' lang='grc' dir='ltr'>τῶν</span> <span class='ocrx_word' id='word_1_362' title='bbox 337 3004 460 3082; x_wconf 78' lang='grc' dir='ltr'>ἰατρικῶν</span> <span class='ocrx_word' id='word_1_363' title='bbox 470 3003 617 3083; x_wconf 72' lang='grc' dir='ltr'>φαρμάκων</span> <span class='ocrx_word' id='word_1_364' title='bbox 628 3011 715 3083; x_wconf 86' lang='grc' dir='ltr'>χεῖρον</span> <span class='ocrx_word' id='word_1_365' title='bbox 728 3002 835 3083; x_wconf 80' lang='grc' dir='ltr'>ἐγίνετο,</span> 
     </span>
     <span class='ocr_line' id='line_1_45' title="bbox 65 3093 835 3175; baseline 0.006 -24"><span class='ocrx_word' id='word_1_366' title='bbox 65 3093 112 3151; x_wconf 85' lang='grc' dir='ltr'>καί</span> <span class='ocrx_word' id='word_1_367' title='bbox 132 3094 175 3152; x_wconf 77' lang='grc' dir='ltr'>διὰ</span> <span class='ocrx_word' id='word_1_368' title='bbox 192 3096 244 3152; x_wconf 82' lang='grc' dir='ltr'>τῶν</span> <span class='ocrx_word' id='word_1_369' title='bbox 261 3095 415 3153; x_wconf 83' lang='grc' dir='ltr'>κωλυόντων</span> <span class='ocrx_word' id='word_1_370' title='bbox 429 3093 538 3167; x_wconf 71' lang='grc' dir='ltr'>ηὔξετο·</span> <span class='ocrx_word' id='word_1_371' title='bbox 553 3095 593 3154; x_wconf 81' lang='grc' dir='ltr'>διδ</span> <span class='ocrx_word' id='word_1_372' title='bbox 614 3095 660 3154; x_wconf 81' lang='grc' dir='ltr'>καί</span> <span class='ocrx_word' id='word_1_373' title='bbox 681 3095 773 3175; x_wconf 79' lang='grc' dir='ltr'>ἐπάγει</span> <span class='ocrx_word' id='word_1_374' title='bbox 793 3095 835 3156; x_wconf 78' lang='grc' dir='ltr'>λί-</span> 
     </span>
    </p>
   </div>
   <div class='ocr_carea' id='block_1_13' title="bbox 885 2261 1660 3185">
    <p class='ocr_par' dir='ltr' id='par_1_13' title="bbox 885 2261 1660 3185">
     <span class='ocr_line' id='line_1_46' title="bbox 887 2261 1636 2345; baseline 0.017 -27"><span class='ocrx_word' id='word_1_375' title='bbox 887 2261 967 2341; x_wconf 83' lang='lat' dir='ltr'>justi,</span> <span class='ocrx_word' id='word_1_376' title='bbox 982 2262 1059 2322; x_wconf 87' lang='lat' dir='ltr'>avari</span> <span class='ocrx_word' id='word_1_377' title='bbox 1079 2263 1192 2341; x_wconf 82' lang='lat' dir='ltr'>suerint,</span> <span class='ocrx_word' id='word_1_378' title='bbox 1208 2263 1236 2324; x_wconf 88' lang='lat' dir='ltr'>id</span> <span class='ocrx_word' id='word_1_379' title='bbox 1254 2279 1341 2324; x_wconf 89' lang='lat' dir='ltr'>tamen</span> <span class='ocrx_word' id='word_1_380' title='bbox 1360 2264 1427 2345; x_wconf 78' lang='lat' dir='ltr'>legis</span> <span class='ocrx_word' id='word_1_381' title='bbox 1439 2267 1568 2329; x_wconf 78' lang='lat' dir='ltr'>virtutem</span> <span class='ocrx_word' id='word_1_382' title='bbox 1582 2292 1636 2331; x_wconf 90' lang='lat' dir='ltr'>non</span> 
     </span>
     <span class='ocr_line' id='line_1_47' title="bbox 890 2353 1635 2434; baseline 0.013 -21"><span class='ocrx_word' id='word_1_383' title='bbox 890 2353 994 2414; x_wconf 86' lang='lat' dir='ltr'>irritam</span> <span class='ocrx_word' id='word_1_384' title='bbox 1006 2357 1079 2434; x_wconf 82' lang='lat' dir='ltr'>iecit,</span> <span class='ocrx_word' id='word_1_385' title='bbox 1091 2370 1122 2415; x_wconf 92' lang='lat' dir='ltr'>nt</span> <span class='ocrx_word' id='word_1_386' title='bbox 1133 2357 1184 2416; x_wconf 89' lang='lat' dir='ltr'>Dei</span> <span class='ocrx_word' id='word_1_387' title='bbox 1196 2356 1279 2417; x_wconf 82' lang='lat' dir='ltr'>fidem</span> <span class='ocrx_word' id='word_1_388' title='bbox 1292 2379 1345 2418; x_wconf 94' lang='lat' dir='ltr'>non</span> <span class='ocrx_word' id='word_1_389' title='bbox 1360 2358 1431 2418; x_wconf 87' lang='lat' dir='ltr'>tollit</span> <span class='ocrx_word' id='word_1_390' title='bbox 1445 2381 1539 2421; x_wconf 86' lang='lat' dir='ltr'>eorum</span> <span class='ocrx_word' id='word_1_391' title='bbox 1548 2362 1635 2424; x_wconf 84' lang='lat' dir='ltr'>incre·</span> 
     </span>
     <span class='ocr_line' id='line_1_48' title="bbox 889 2445 1636 2532; baseline 0.015 -28"><span class='ocrx_word' id='word_1_392' title='bbox 889 2445 1001 2508; x_wconf 88' lang='lat' dir='ltr'>dulitas.</span> <span class='ocrx_word' id='word_1_393' title='bbox 1012 2448 1057 2508; x_wconf 85' lang='lat' dir='ltr'>Ex</span> <span class='ocrx_word' id='word_1_394' title='bbox 1068 2447 1113 2508; x_wconf 89' lang='lat' dir='ltr'>his</span> <span class='ocrx_word' id='word_1_395' title='bbox 1137 2448 1226 2528; x_wconf 87' lang='lat' dir='ltr'>itaque</span> <span class='ocrx_word' id='word_1_396' title='bbox 1239 2450 1365 2510; x_wconf 90' lang='lat' dir='ltr'>omnibns</span> <span class='ocrx_word' id='word_1_397' title='bbox 1379 2450 1491 2532; x_wconf 92' lang='lat' dir='ltr'><strong>planum</strong></span> <span class='ocrx_word' id='word_1_398' title='bbox 1508 2466 1559 2531; x_wconf 77' lang='lat' dir='ltr'>est,</span> <span class='ocrx_word' id='word_1_399' title='bbox 1576 2455 1636 2515; x_wconf 79' lang='lat' dir='ltr'>haee</span> 
     </span>
     <span class='ocr_line' id='line_1_49' title="bbox 891 2537 1635 2626; baseline 0.015 -31"><span class='ocrx_word' id='word_1_400' title='bbox 891 2537 926 2597; x_wconf 89' lang='lat' dir='ltr'>de</span> <span class='ocrx_word' id='word_1_401' title='bbox 937 2539 996 2620; x_wconf 75' lang='lat' dir='ltr'>lege</span> <span class='ocrx_word' id='word_1_402' title='bbox 1006 2540 1127 2600; x_wconf 83' lang='lat' dir='ltr'>Mosaiea</span> <span class='ocrx_word' id='word_1_403' title='bbox 1137 2539 1274 2601; x_wconf 84' lang='lat' dir='ltr'>disserere.</span> <span class='ocrx_word' id='word_1_404' title='bbox 1291 2543 1338 2601; x_wconf 78' lang='lat'>15.</span> <span class='ocrx_word' id='word_1_405' title='bbox 1354 2544 1440 2620; x_wconf 85' lang='lat' dir='ltr'>Quod</span> <span class='ocrx_word' id='word_1_406' title='bbox 1449 2566 1516 2626; x_wconf 74' lang='lat' dir='ltr'>ergo</span> <span class='ocrx_word' id='word_1_407' title='bbox 1528 2550 1635 2606; x_wconf 85' lang='lat' dir='ltr'><strong>bonum</strong></span> 
     </span>
     <span class='ocr_line' id='line_1_50' title="bbox 890 2632 1635 2715; baseline 0.008 -25"><span class='ocrx_word' id='word_1_408' title='bbox 890 2645 964 2703; x_wconf 84' lang='lat' dir='ltr'>erat,</span> <span class='ocrx_word' id='word_1_409' title='bbox 986 2632 1085 2712; x_wconf 84' lang='lat' dir='ltr'>inquit,</span> <span class='ocrx_word' id='word_1_410' title='bbox 1106 2636 1179 2692; x_wconf 71' lang='lat' dir='ltr'>milri</span> <span class='ocrx_word' id='word_1_411' title='bbox 1196 2636 1315 2715; x_wconf 79' lang='lat' dir='ltr'>sactum</span> <span class='ocrx_word' id='word_1_412' title='bbox 1336 2648 1378 2695; x_wconf 86' lang='lat' dir='ltr'>est</span> <span class='ocrx_word' id='word_1_413' title='bbox 1399 2646 1494 2698; x_wconf 64' lang='lat' dir='ltr'>morsi</span> <span class='ocrx_word' id='word_1_414' title='bbox 1518 2638 1635 2699; x_wconf 83' lang='lat' dir='ltr'>Absit:</span> 
     </span>
     <span class='ocr_line' id='line_1_51' title="bbox 888 2724 1633 2808; baseline 0.012 -26"><span class='ocrx_word' id='word_1_415' title='bbox 888 2724 941 2782; x_wconf 83' lang='lat' dir='ltr'>sed</span> <span class='ocrx_word' id='word_1_416' title='bbox 954 2738 1117 2803; x_wconf 83' lang='lat' dir='ltr'>peccatum,</span> <span class='ocrx_word' id='word_1_417' title='bbox 1142 2738 1173 2784; x_wconf 88' lang='lat' dir='ltr'>ut</span> <span class='ocrx_word' id='word_1_418' title='bbox 1193 2740 1335 2806; x_wconf 81' lang='lat' dir='ltr'>appareat</span> <span class='ocrx_word' id='word_1_419' title='bbox 1354 2741 1520 2806; x_wconf 85' lang='lat' dir='ltr'>peccatum.</span> <span class='ocrx_word' id='word_1_420' title='bbox 1534 2729 1633 2808; x_wconf 86' lang='lat' dir='ltr'>idest,</span> 
     </span>
     <span class='ocr_line' id='line_1_52' title="bbox 888 2814 1660 2902; baseline 0.012 -28"><span class='ocrx_word' id='word_1_421' title='bbox 888 2829 918 2874; x_wconf 88' lang='lat' dir='ltr'>ut</span> <span class='ocrx_word' id='word_1_422' title='bbox 958 2814 1113 2875; x_wconf 84' lang='lat' dir='ltr'>ostendatur</span> <span class='ocrx_word' id='word_1_423' title='bbox 1137 2830 1268 2895; x_wconf 86' lang='lat' dir='ltr'><strong>quantum</strong></span> <span class='ocrx_word' id='word_1_424' title='bbox 1302 2819 1405 2878; x_wconf 89' lang='lat' dir='ltr'><strong>malum</strong></span> <span class='ocrx_word' id='word_1_425' title='bbox 1436 2820 1472 2879; x_wconf 88' lang='lat' dir='ltr'>sit</span> <span class='ocrx_word' id='word_1_426' title='bbox 1495 2836 1636 2902; x_wconf 83' lang='lat' dir='ltr'>peccatum</span> <span class='ocrx_word' id='word_1_427' title='bbox 1657 2827 1660 2831; x_wconf 72' lang='grc'><em>’</em></span> 
     </span>
     <span class='ocr_line' id='line_1_53' title="bbox 885 2905 1634 2994; baseline 0.013 -29"><span class='ocrx_word' id='word_1_428' title='bbox 885 2905 986 2986; x_wconf 79' lang='lat' dir='ltr'>ignava</span> <span class='ocrx_word' id='word_1_429' title='bbox 1007 2908 1142 2985; x_wconf 84' lang='lat' dir='ltr'>voluntas,</span> <span class='ocrx_word' id='word_1_430' title='bbox 1156 2923 1183 2968; x_wconf 92' lang='lat' dir='ltr'>et</span> <span class='ocrx_word' id='word_1_431' title='bbox 1208 2908 1243 2968; x_wconf 91' lang='lat' dir='ltr'>ad</span> <span class='ocrx_word' id='word_1_432' title='bbox 1269 2910 1358 2991; x_wconf 88' lang='lat' dir='ltr'>pejora</span> <span class='ocrx_word' id='word_1_433' title='bbox 1381 2911 1507 2993; x_wconf 89' lang='lat' dir='ltr'>impetus,</span> <span class='ocrx_word' id='word_1_434' title='bbox 1522 2913 1634 2994; x_wconf 86' lang='lat' dir='ltr'>ipsaque</span> 
     </span>
     <span class='ocr_line' id='line_1_54' title="bbox 887 3000 1634 3083; baseline 0.009 -23"><span class='ocrx_word' id='word_1_435' title='bbox 887 3000 955 3060; x_wconf 87' lang='lat' dir='ltr'>actio</span> <span class='ocrx_word' id='word_1_436' title='bbox 978 3022 1009 3060; x_wconf 92' lang='lat' dir='ltr'>ac</span> <span class='ocrx_word' id='word_1_437' title='bbox 1022 3022 1097 3059; x_wconf 87' lang='lat' dir='ltr'>mens</span> <span class='ocrx_word' id='word_1_438' title='bbox 1122 3015 1249 3083; x_wconf 81' lang='lat' dir='ltr'>coempta</span> <span class='ocrx_word' id='word_1_439' title='bbox 1267 3026 1273 3059; x_wconf 84' lang='grc' dir='ltr'>ι</span> <span class='ocrx_word' id='word_1_440' title='bbox 1289 3003 1348 3062; x_wconf 85' lang='lat' dir='ltr'>haec</span> <span class='ocrx_word' id='word_1_441' title='bbox 1365 3002 1436 3063; x_wconf 90' lang='lat' dir='ltr'>enim</span> <span class='ocrx_word' id='word_1_442' title='bbox 1450 3026 1530 3064; x_wconf 87' lang='lat' dir='ltr'>eausa</span> <span class='ocrx_word' id='word_1_443' title='bbox 1545 3007 1634 3067; x_wconf 89' lang='lat' dir='ltr'>malo·</span> 
     </span>
     <span class='ocr_line' id='line_1_55' title="bbox 888 3093 1636 3185; baseline 0.015 -35"><span class='ocrx_word' id='word_1_444' title='bbox 888 3115 950 3152; x_wconf 90' lang='lat' dir='ltr'>rnm</span> <span class='ocrx_word' id='word_1_445' title='bbox 965 3093 1086 3153; x_wconf 89' lang='lat' dir='ltr'>omnium</span> <span class='ocrx_word' id='word_1_446' title='bbox 1099 3107 1150 3153; x_wconf 91' lang='lat' dir='ltr'>est.</span> <span class='ocrx_word' id='word_1_447' title='bbox 1172 3098 1260 3175; x_wconf 79' lang='lat' dir='ltr'>Auget</span> <span class='ocrx_word' id='word_1_448' title='bbox 1281 3109 1371 3155; x_wconf 88' lang='lat' dir='ltr'>autem</span> <span class='ocrx_word' id='word_1_449' title='bbox 1387 3095 1468 3173; x_wconf 92' lang='lat' dir='ltr'>illud,</span> <span class='ocrx_word' id='word_1_450' title='bbox 1488 3099 1636 3185; x_wconf 58' lang='lat' dir='ltr'>“tendens</span> 
     </span>
    </p>
   </div>
   <div class='ocr_carea' id='block_1_14' title="bbox 62 3183 1633 3913">
    <p class='ocr_par' dir='ltr' id='par_1_14' title="bbox 62 3183 1633 3913">
     <span class='ocr_line' id='line_1_56' title="bbox 63 3183 1632 3272; baseline 0.008 -32"><span class='ocrx_word' id='word_1_451' title='bbox 63 3207 118 3261; x_wconf 88' lang='grc' dir='ltr'>γων</span> <span class='ocrx_word' id='word_1_452' title='bbox 138 3208 144 3221; x_wconf 91' lang='grc'>·</span> <span class='ocrx_word' id='word_1_453' title='bbox 162 3183 222 3245; x_wconf 89' lang='grc' dir='ltr'>Ἵνα</span> <span class='ocrx_word' id='word_1_454' title='bbox 244 3185 352 3265; x_wconf 86' lang='grc' dir='ltr'>γε’νηται</span> <span class='ocrx_word' id='word_1_455' title='bbox 377 3189 434 3245; x_wconf 84' lang='grc' dir='ltr'>καθ’</span> <span class='ocrx_word' id='word_1_456' title='bbox 459 3186 607 3268; x_wconf 74' lang='grc' dir='ltr'>ὔπερῦολῆν</span> <span class='ocrx_word' id='word_1_457' title='bbox 633 3185 790 3267; x_wconf 73' lang='grc' dir='ltr'>ἁμαρτωλὸς</span> <span class='ocrx_word' id='word_1_458' title='bbox 817 3185 1093 3267; x_wconf 65' lang='grc' dir='ltr'>ἡεῦίιτίειίςταιίω</span> <span class='ocrx_word' id='word_1_459' title='bbox 1106 3186 1331 3268; x_wconf 75' lang='lat' dir='ltr'>magnitudinem,</span> <span class='ocrx_word' id='word_1_460' title='bbox 1345 3185 1632 3272; x_wconf 61' lang='lat' dir='ltr'>docensquea:quanto</span> 
     </span>
     <span class='ocr_line' id='line_1_57' title="bbox 64 3271 1632 3359; baseline 0.007 -26"><span class='ocrx_word' id='word_1_461' title='bbox 64 3277 184 3357; x_wconf 73' lang='grc' dir='ltr'>ἁμαρτία</span> <span class='ocrx_word' id='word_1_462' title='bbox 198 3279 242 3340; x_wconf 77' lang='grc' dir='ltr'>διδ</span> <span class='ocrx_word' id='word_1_463' title='bbox 256 3285 303 3351; x_wconf 83' lang='grc' dir='ltr'>τῆς</span> <span class='ocrx_word' id='word_1_464' title='bbox 317 3282 431 3349; x_wconf 73' lang='grc' dir='ltr'>ἐντολῆς.</span> <span class='ocrx_word' id='word_1_465' title='bbox 442 3271 518 3347; x_wconf 76' lang='grc' dir='ltr'>Εἶδες</span> <span class='ocrx_word' id='word_1_466' title='bbox 530 3285 666 3359; x_wconf 79' lang='grc' dir='ltr'>πανταχοῦ</span> <span class='ocrx_word' id='word_1_467' title='bbox 678 3281 735 3347; x_wconf 86' lang='grc' dir='ltr'>πῶς</span> <span class='ocrx_word' id='word_1_468' title='bbox 750 3278 834 3358; x_wconf 79' lang='grc' dir='ltr'>ταύτῃ</span> <span class='ocrx_word' id='word_1_469' title='bbox 886 3277 960 3337; x_wconf 87' lang='lat' dir='ltr'>malo</span> <span class='ocrx_word' id='word_1_470' title='bbox 972 3277 1122 3336; x_wconf 89' lang='lat' dir='ltr'><strong>humanum</strong></span> <span class='ocrx_word' id='word_1_471' title='bbox 1135 3299 1219 3359; x_wconf 80' lang='lat' dir='ltr'>genus</span> <span class='ocrx_word' id='word_1_472' title='bbox 1240 3278 1406 3355; x_wconf 84' lang='lat' dir='ltr'>liberaverit,</span> <span class='ocrx_word' id='word_1_473' title='bbox 1429 3279 1503 3359; x_wconf 88' lang='lat' dir='ltr'>qnod</span> <span class='ocrx_word' id='word_1_474' title='bbox 1529 3283 1632 3344; x_wconf 86' lang='lat' dir='ltr'><strong>malum</strong></span> 
     </span>
     <span class='ocr_line' id='line_1_58' title="bbox 64 3363 1633 3456; baseline 0.005 -29"><span class='ocrx_word' id='word_1_475' title='bbox 64 3370 262 3447; x_wconf 69' lang='grc' dir='ltr'>συμπλέκεταις</span> <span class='ocrx_word' id='word_1_476' title='bbox 273 3372 328 3432; x_wconf 81' lang='grc' dir='ltr'>Καὶ</span> <span class='ocrx_word' id='word_1_477' title='bbox 349 3373 382 3430; x_wconf 86' lang='grc' dir='ltr'>δι’</span> <span class='ocrx_word' id='word_1_478' title='bbox 397 3363 433 3430; x_wconf 75' lang='grc' dir='ltr'>ὧν</span> <span class='ocrx_word' id='word_1_479' title='bbox 455 3374 535 3442; x_wconf 81' lang='grc' dir='ltr'>αὐτῆς</span> <span class='ocrx_word' id='word_1_480' title='bbox 549 3380 707 3450; x_wconf 83' lang='grc' dir='ltr'>κατηγορεῖ,</span> <span class='ocrx_word' id='word_1_481' title='bbox 722 3371 835 3432; x_wconf 86' lang='grc' dir='ltr'>δείκνυσι</span> <span class='ocrx_word' id='word_1_482' title='bbox 887 3390 936 3450; x_wconf 88' lang='lat' dir='ltr'>per</span> <span class='ocrx_word' id='word_1_483' title='bbox 950 3368 1115 3428; x_wconf 86' lang='lat' dir='ltr'>medicorum</span> <span class='ocrx_word' id='word_1_484' title='bbox 1136 3369 1281 3451; x_wconf 89' lang='lat' dir='ltr'>pharmaca</span> <span class='ocrx_word' id='word_1_485' title='bbox 1295 3371 1371 3452; x_wconf 83' lang='lat' dir='ltr'>pejus</span> <span class='ocrx_word' id='word_1_486' title='bbox 1388 3372 1529 3448; x_wconf 84' lang='lat' dir='ltr'>evadebat,</span> <span class='ocrx_word' id='word_1_487' title='bbox 1543 3387 1569 3434; x_wconf 88' lang='lat' dir='ltr'>et</span> <span class='ocrx_word' id='word_1_488' title='bbox 1583 3397 1633 3456; x_wconf 87' lang='lat' dir='ltr'>per</span> 
     </span>
     <span class='ocr_line' id='line_1_59' title="bbox 64 3458 1630 3546; baseline 0.004 -25"><span class='ocrx_word' id='word_1_489' title='bbox 64 3462 146 3521; x_wconf 83' lang='grc' dir='ltr'>πάλιν</span> <span class='ocrx_word' id='word_1_490' title='bbox 165 3463 289 3541; x_wconf 80' lang='grc' dir='ltr'>μειζόνως</span> <span class='ocrx_word' id='word_1_491' title='bbox 301 3472 345 3524; x_wconf 90' lang='grc' dir='ltr'>τοῦ</span> <span class='ocrx_word' id='word_1_492' title='bbox 356 3465 436 3541; x_wconf 91' lang='grc' dir='ltr'>νόμου</span> <span class='ocrx_word' id='word_1_493' title='bbox 452 3463 500 3536; x_wconf 61' lang='grc' dir='ltr'>τὴν</span> <span class='ocrx_word' id='word_1_494' title='bbox 518 3464 623 3544; x_wconf 74' lang='grc' dir='ltr'>ἀρετήν.</span> <span class='ocrx_word' id='word_1_495' title='bbox 638 3462 708 3525; x_wconf 76' lang='grc' dir='ltr'>Οὐδὲ</span> <span class='ocrx_word' id='word_1_496' title='bbox 723 3463 775 3546; x_wconf 79' lang='grc' dir='ltr'>γθρ</span> <span class='ocrx_word' id='word_1_497' title='bbox 789 3490 834 3544; x_wconf 92' lang='grc' dir='ltr'>μι-</span> <span class='ocrx_word' id='word_1_498' title='bbox 887 3481 932 3519; x_wconf 72' lang='lat'>0⁰⁵</span> <span class='ocrx_word' id='word_1_499' title='bbox 952 3460 999 3539; x_wconf 79' lang='lat' dir='ltr'>qui</span> <span class='ocrx_word' id='word_1_500' title='bbox 1025 3458 1096 3519; x_wconf 77' lang='lat' dir='ltr'>illud</span> <span class='ocrx_word' id='word_1_501' title='bbox 1115 3461 1259 3539; x_wconf 72' lang='lat' dir='ltr'>arcebant,</span> <span class='ocrx_word' id='word_1_502' title='bbox 1285 3462 1445 3541; x_wconf 81' lang='lat' dir='ltr'>angebatur.</span> <span class='ocrx_word' id='word_1_503' title='bbox 1471 3463 1536 3526; x_wconf 78' lang='lat' dir='ltr'>ldt‘t)</span> <span class='ocrx_word' id='word_1_504' title='bbox 1562 3468 1630 3527; x_wconf 87' lang='lat' dir='ltr'>suh·</span> 
     </span>
     <span class='ocr_line' id='line_1_60' title="bbox 63 3551 1629 3639; baseline 0.005 -27"><span class='ocrx_word' id='word_1_505' title='bbox 63 3554 128 3636; x_wconf 84' lang='grc' dir='ltr'>κρὸν</span> <span class='ocrx_word' id='word_1_506' title='bbox 145 3555 222 3626; x_wconf 67' lang='grc' dir='ltr'>ἤνυσε</span> <span class='ocrx_word' id='word_1_507' title='bbox 242 3557 325 3625; x_wconf 79' lang='grc' dir='ltr'>δείξας</span> <span class='ocrx_word' id='word_1_508' title='bbox 342 3558 430 3628; x_wconf 84' lang='grc' dir='ltr'>ὅσονή</span> <span class='ocrx_word' id='word_1_509' title='bbox 446 3557 563 3636; x_wconf 83' lang='grc' dir='ltr'>ἁμαρτία</span> <span class='ocrx_word' id='word_1_510' title='bbox 574 3556 671 3632; x_wconf 78' lang='grc' dir='ltr'>κακὸν,</span> <span class='ocrx_word' id='word_1_511' title='bbox 684 3558 729 3618; x_wconf 82' lang='grc' dir='ltr'>καί</span> <span class='ocrx_word' id='word_1_512' title='bbox 747 3559 835 3619; x_wconf 87' lang='grc' dir='ltr'>πάντα</span> <span class='ocrx_word' id='word_1_513' title='bbox 883 3551 1003 3632; x_wconf 71' lang='lat' dir='ltr'>jungit:</span> <span class='ocrx_word' id='word_1_514' title='bbox 1033 3554 1072 3612; x_wconf 73' lang='lat' dir='ltr'>Ul</span> <span class='ocrx_word' id='word_1_515' title='bbox 1084 3553 1147 3634; x_wconf 69' lang='lat' dir='ltr'>fiai</span> <span class='ocrx_word' id='word_1_516' title='bbox 1167 3573 1257 3634; x_wconf 74' lang='lat' dir='ltr'>supra</span> <span class='ocrx_word' id='word_1_517' title='bbox 1279 3555 1397 3614; x_wconf 76' lang='lat' dir='ltr'>modum</span> <span class='ocrx_word' id='word_1_518' title='bbox 1415 3577 1542 3635; x_wconf 83' lang='lat' dir='ltr'>peccans</span> <span class='ocrx_word' id='word_1_519' title='bbox 1560 3581 1629 3639; x_wconf 82' lang='lat' dir='ltr'>pec·</span> 
     </span>
     <span class='ocr_line' id='line_1_61' title="bbox 62 3645 1630 3730; baseline 0.006 -27"><span class='ocrx_word' id='word_1_520' title='bbox 62 3646 110 3704; x_wconf 83' lang='grc' dir='ltr'>τὸν</span> <span class='ocrx_word' id='word_1_521' title='bbox 125 3647 161 3705; x_wconf 83' lang='grc' dir='ltr'>ἰὸν</span> <span class='ocrx_word' id='word_1_522' title='bbox 174 3652 255 3718; x_wconf 74' lang='grc' dir='ltr'>αὐτῆς</span> <span class='ocrx_word' id='word_1_523' title='bbox 267 3648 425 3729; x_wconf 75' lang='grc' dir='ltr'>ἐκκαλύψας,</span> <span class='ocrx_word' id='word_1_524' title='bbox 436 3648 481 3707; x_wconf 81' lang='grc' dir='ltr'>καί</span> <span class='ocrx_word' id='word_1_525' title='bbox 494 3653 529 3716; x_wconf 86' lang='grc' dir='ltr'>εἰς</span> <span class='ocrx_word' id='word_1_526' title='bbox 542 3648 620 3727; x_wconf 78' lang='grc' dir='ltr'>μέσον</span> <span class='ocrx_word' id='word_1_527' title='bbox 630 3650 835 3729; x_wconf 82' lang='grc' dir='ltr'>προθείς-τοῦτο</span> <span class='ocrx_word' id='word_1_528' title='bbox 887 3658 987 3704; x_wconf 72' lang='lat' dir='ltr'>caium</span> <span class='ocrx_word' id='word_1_529' title='bbox 1009 3666 1062 3726; x_wconf 78' lang='lat' dir='ltr'>per</span> <span class='ocrx_word' id='word_1_530' title='bbox 1088 3647 1271 3708; x_wconf 77' lang='lat' dir='ltr'>mandalum.</span> <span class='ocrx_word' id='word_1_531' title='bbox 1299 3645 1400 3706; x_wconf 81' lang='lat' dir='ltr'>Viden&#39;</span> <span class='ocrx_word' id='word_1_532' title='bbox 1429 3648 1530 3727; x_wconf 88' lang='lat' dir='ltr'>ubique</span> <span class='ocrx_word' id='word_1_533' title='bbox 1557 3673 1630 3730; x_wconf 87' lang='lat' dir='ltr'>quo-</span> 
     </span>
     <span class='ocr_line' id='line_1_62' title="bbox 62 3735 1629 3823; baseline 0.008 -29"><span class='ocrx_word' id='word_1_534' title='bbox 62 3735 117 3818; x_wconf 82' lang='grc' dir='ltr'>γάρ</span> <span class='ocrx_word' id='word_1_535' title='bbox 135 3740 265 3811; x_wconf 73' lang='grc' dir='ltr'>ἐδήλωσεν</span> <span class='ocrx_word' id='word_1_536' title='bbox 288 3740 460 3814; x_wconf 85' lang='grc' dir='ltr'>είπὼν,Ἵνα</span> <span class='ocrx_word' id='word_1_537' title='bbox 479 3740 586 3819; x_wconf 81' lang='grc' dir='ltr'>γένηται</span> <span class='ocrx_word' id='word_1_538' title='bbox 605 3745 665 3801; x_wconf 80' lang='grc' dir='ltr'>καθ’</span> <span class='ocrx_word' id='word_1_539' title='bbox 686 3744 833 3823; x_wconf 75' lang='grc' dir='ltr'>ὔπερόολὴν</span> <span class='ocrx_word' id='word_1_540' title='bbox 887 3735 969 3794; x_wconf 78' lang='lat' dir='ltr'>1⁰⁰d0</span> <span class='ocrx_word' id='word_1_541' title='bbox 998 3736 1063 3796; x_wconf 74' lang='lat' dir='ltr'>huic</span> <span class='ocrx_word' id='word_1_542' title='bbox 1091 3758 1119 3796; x_wconf 77' lang='lat'>⁵⁰</span> <span class='ocrx_word' id='word_1_543' title='bbox 1146 3736 1308 3818; x_wconf 67' lang='lat' dir='ltr'>complitel?</span> <span class='ocrx_word' id='word_1_544' title='bbox 1336 3736 1372 3795; x_wconf 74' lang='lat' dir='ltr'>Ei</span> <span class='ocrx_word' id='word_1_545' title='bbox 1400 3760 1448 3818; x_wconf 71' lang='lat' dir='ltr'>ptr</span> <span class='ocrx_word' id='word_1_546' title='bbox 1471 3762 1531 3818; x_wconf 82' lang='lat' dir='ltr'>quae</span> <span class='ocrx_word' id='word_1_547' title='bbox 1559 3743 1629 3806; x_wconf 84' lang='lat' dir='ltr'>illud</span> 
     </span>
     <span class='ocr_line' id='line_1_63' title="bbox 63 3828 1626 3913; baseline 0.009 -30"><span class='ocrx_word' id='word_1_548' title='bbox 63 3831 222 3910; x_wconf 75' lang='grc' dir='ltr'>ἁμαρτωλὸς</span> <span class='ocrx_word' id='word_1_549' title='bbox 243 3837 260 3903; x_wconf 76' lang='grc' dir='ltr'>ἡ</span> <span class='ocrx_word' id='word_1_550' title='bbox 284 3832 402 3913; x_wconf 71' lang='grc' dir='ltr'>ἁμαρτία</span> <span class='ocrx_word' id='word_1_551' title='bbox 417 3831 459 3900; x_wconf 71' lang='grc' dir='ltr'>διὰ</span> <span class='ocrx_word' id='word_1_552' title='bbox 478 3837 525 3903; x_wconf 76' lang='grc' dir='ltr'>τῆς</span> <span class='ocrx_word' id='word_1_553' title='bbox 547 3835 660 3905; x_wconf 68' lang='grc' dir='ltr'>ἐντολῆς,</span> <span class='ocrx_word' id='word_1_554' title='bbox 677 3834 833 3910; x_wconf 67' lang='grc' dir='ltr'>Τουτέσῃν,</span> <span class='ocrx_word' id='word_1_555' title='bbox 887 3842 1005 3903; x_wconf 86' lang='lat' dir='ltr'>accusat,</span> <span class='ocrx_word' id='word_1_556' title='bbox 1023 3851 1131 3887; x_wconf 85' lang='lat' dir='ltr'>rursum</span> <span class='ocrx_word' id='word_1_557' title='bbox 1151 3829 1238 3908; x_wconf 79' lang='lat' dir='ltr'>magis</span> <span class='ocrx_word' id='word_1_558' title='bbox 1261 3828 1376 3888; x_wconf 83' lang='lat' dir='ltr'>ostendit</span> <span class='ocrx_word' id='word_1_559' title='bbox 1395 3830 1464 3908; x_wconf 73' lang='lat' dir='ltr'>legis</span> <span class='ocrx_word' id='word_1_560' title='bbox 1487 3832 1626 3898; x_wconf 84' lang='lat' dir='ltr'>virtutem.</span> 
     </span>
    </p>
   </div>
   <div class='ocr_carea' id='block_1_15' title="bbox 61 3922 833 4189">
    <p class='ocr_par' dir='ltr' id='par_1_15' title="bbox 61 3922 833 4189">
     <span class='ocr_line' id='line_1_64' title="bbox 61 3922 833 4009; baseline 0.008 -29"><span class='ocrx_word' id='word_1_561' title='bbox 61 3922 108 3981; x_wconf 76' lang='lat' dir='ltr'>isat</span> <span class='ocrx_word' id='word_1_562' title='bbox 125 3929 193 4002; x_wconf 78' lang='grc' dir='ltr'>φανῇ</span> <span class='ocrx_word' id='word_1_563' title='bbox 215 3923 311 3996; x_wconf 82' lang='grc' dir='ltr'>ἡλίκον</span> <span class='ocrx_word' id='word_1_564' title='bbox 323 3923 418 3994; x_wconf 77' lang='grc' dir='ltr'>κακον,</span> <span class='ocrx_word' id='word_1_565' title='bbox 434 3923 524 3995; x_wconf 73' lang='grc' dir='ltr'>ἡλίκος</span> <span class='ocrx_word' id='word_1_566' title='bbox 546 3925 650 4004; x_wconf 79' lang='grc' dir='ltr'>ὄλεθρος</span> <span class='ocrx_word' id='word_1_567' title='bbox 669 3933 686 3999; x_wconf 75' lang='grc' dir='ltr'>ἡ</span> <span class='ocrx_word' id='word_1_568' title='bbox 702 3928 833 4009; x_wconf 75' lang='grc' dir='ltr'>ἁμαρτία·</span> 
     </span>
     <span class='ocr_line' id='line_1_65' title="bbox 61 4017 833 4099; baseline 0.006 -24"><span class='ocrx_word' id='word_1_569' title='bbox 61 4018 178 4076; x_wconf 80' lang='grc' dir='ltr'>τοῦτοδὲ</span> <span class='ocrx_word' id='word_1_570' title='bbox 193 4017 235 4075; x_wconf 76' lang='grc' dir='ltr'>διὰ</span> <span class='ocrx_word' id='word_1_571' title='bbox 247 4022 293 4089; x_wconf 77' lang='grc' dir='ltr'>τῆς</span> <span class='ocrx_word' id='word_1_572' title='bbox 303 4019 410 4089; x_wconf 77' lang='grc' dir='ltr'>ἐντολῆς</span> <span class='ocrx_word' id='word_1_573' title='bbox 423 4018 534 4099; x_wconf 82' lang='grc' dir='ltr'>ἐδείχθη.</span> <span class='ocrx_word' id='word_1_574' title='bbox 551 4017 601 4077; x_wconf 85' lang='grc' dir='ltr'>Ἐκ</span> <span class='ocrx_word' id='word_1_575' title='bbox 611 4017 708 4078; x_wconf 88' lang='grc' dir='ltr'>τοῦτυιν</span> <span class='ocrx_word' id='word_1_576' title='bbox 727 4021 772 4079; x_wconf 82' lang='grc' dir='ltr'>καί</span> <span class='ocrx_word' id='word_1_577' title='bbox 785 4020 833 4093; x_wconf 75' lang='grc' dir='ltr'>τ’λν</span> 
     </span>
     <span class='ocr_line' id='line_1_66' title="bbox 61 4107 832 4189; baseline 0.006 -25"><span class='ocrx_word' id='word_1_578' title='bbox 61 4108 197 4187; x_wconf 76' lang='grc' dir='ltr'>ὑπεροχὴν</span> <span class='ocrx_word' id='word_1_579' title='bbox 219 4107 333 4169; x_wconf 85' lang='grc' dir='ltr'>δείκνυσι</span> <span class='ocrx_word' id='word_1_580' title='bbox 351 4114 398 4180; x_wconf 71' lang='grc' dir='ltr'>τῆς</span> <span class='ocrx_word' id='word_1_581' title='bbox 411 4109 519 4189; x_wconf 80' lang='grc' dir='ltr'>χάριτος</span> <span class='ocrx_word' id='word_1_582' title='bbox 537 4109 602 4189; x_wconf 78' lang='grc' dir='ltr'>πρὸς</span> <span class='ocrx_word' id='word_1_583' title='bbox 616 4110 659 4175; x_wconf 80' lang='grc' dir='ltr'>τὸν</span> <span class='ocrx_word' id='word_1_584' title='bbox 677 4108 770 4187; x_wconf 89' lang='grc' dir='ltr'>νόμον·</span> <span class='ocrx_word' id='word_1_585' title='bbox 785 4111 832 4186; x_wconf 72' lang='grc' dir='ltr'>τὴν</span> 
     </span>
    </p>
   </div>
   <div class='ocr_carea' id='block_1_16' title="bbox 887 3919 1631 4182">
    <p class='ocr_par' dir='ltr' id='par_1_16' title="bbox 887 3919 1631 4182">
     <span class='ocr_line' id='line_1_67' title="bbox 887 3919 1628 4004; baseline 0.008 -24"><span class='ocrx_word' id='word_1_586' title='bbox 887 3921 979 3999; x_wconf 82' lang='lat' dir='ltr'>Neque</span> <span class='ocrx_word' id='word_1_587' title='bbox 998 3919 1070 3978; x_wconf 88' lang='lat' dir='ltr'>enim</span> <span class='ocrx_word' id='word_1_588' title='bbox 1081 3942 1177 4000; x_wconf 89' lang='lat' dir='ltr'>parum</span> <span class='ocrx_word' id='word_1_589' title='bbox 1190 3920 1325 4002; x_wconf 78' lang='lat' dir='ltr'>prestitit,</span> <span class='ocrx_word' id='word_1_590' title='bbox 1336 3941 1398 3980; x_wconf 90' lang='lat' dir='ltr'>cum</span> <span class='ocrx_word' id='word_1_591' title='bbox 1415 3921 1530 3983; x_wconf 82' lang='lat' dir='ltr'>ostendit</span> <span class='ocrx_word' id='word_1_592' title='bbox 1541 3947 1628 4004; x_wconf 86' lang='lat' dir='ltr'><strong>quan·</strong></span> 
     </span>
     <span class='ocr_line' id='line_1_68' title="bbox 888 4011 1631 4092; baseline 0.009 -22"><span class='ocrx_word' id='word_1_593' title='bbox 888 4025 945 4070; x_wconf 90' lang='lat' dir='ltr'>tum</span> <span class='ocrx_word' id='word_1_594' title='bbox 968 4011 1070 4070; x_wconf 89' lang='lat' dir='ltr'><strong>malum</strong></span> <span class='ocrx_word' id='word_1_595' title='bbox 1084 4012 1119 4070; x_wconf 93' lang='lat' dir='ltr'>sit</span> <span class='ocrx_word' id='word_1_596' title='bbox 1139 4025 1289 4092; x_wconf 80' lang='lat' dir='ltr'>peccatum,</span> <span class='ocrx_word' id='word_1_597' title='bbox 1303 4011 1431 4091; x_wconf 81' lang='lat' dir='ltr'>illiusque</span> <span class='ocrx_word' id='word_1_598' title='bbox 1453 4013 1529 4074; x_wconf 83' lang='lat' dir='ltr'>virus</span> <span class='ocrx_word' id='word_1_599' title='bbox 1551 4038 1631 4078; x_wconf 86' lang='lat' dir='ltr'>omne</span> 
     </span>
     <span class='ocr_line' id='line_1_69' title="bbox 887 4101 1629 4182; baseline 0.007 -18"><span class='ocrx_word' id='word_1_600' title='bbox 887 4103 1017 4164; x_wconf 83' lang='lat' dir='ltr'>revelavit</span> <span class='ocrx_word' id='word_1_601' title='bbox 1028 4116 1054 4162; x_wconf 92' lang='lat' dir='ltr'>et</span> <span class='ocrx_word' id='word_1_602' title='bbox 1065 4103 1092 4160; x_wconf 92' lang='lat' dir='ltr'>in</span> <span class='ocrx_word' id='word_1_603' title='bbox 1104 4101 1223 4161; x_wconf 89' lang='lat' dir='ltr'>medinm</span> <span class='ocrx_word' id='word_1_604' title='bbox 1234 4103 1367 4182; x_wconf 82' lang='lat' dir='ltr'>protulit:</span> <span class='ocrx_word' id='word_1_605' title='bbox 1384 4106 1433 4164; x_wconf 86' lang='lat' dir='ltr'>hoc</span> <span class='ocrx_word' id='word_1_606' title='bbox 1447 4106 1518 4166; x_wconf 93' lang='lat' dir='ltr'>enim</span> <span class='ocrx_word' id='word_1_607' title='bbox 1535 4107 1629 4169; x_wconf 91' lang='lat' dir='ltr'>decla·</span> 
     </span>
    </p>
   </div>
   <div class='ocr_carea' id='block_1_17' title="bbox 57 4194 1630 4867">
    <p class='ocr_par' dir='ltr' id='par_1_17' title="bbox 57 4194 1630 4867">
     <span class='ocr_line' id='line_1_70' title="bbox 60 4194 1629 4281; baseline 0.003 -24"><span class='ocrx_word' id='word_1_608' title='bbox 60 4200 212 4279; x_wconf 74' lang='grc' dir='ltr'>ὑπεροχὴν,</span> <span class='ocrx_word' id='word_1_609' title='bbox 236 4205 265 4261; x_wconf 84' lang='grc' dir='ltr'>οὐ</span> <span class='ocrx_word' id='word_1_610' title='bbox 283 4200 329 4274; x_wconf 68' lang='grc' dir='ltr'>τὴν</span> <span class='ocrx_word' id='word_1_611' title='bbox 354 4201 453 4280; x_wconf 79' lang='grc' dir='ltr'>μάχην.</span> <span class='ocrx_word' id='word_1_612' title='bbox 476 4202 522 4273; x_wconf 81' lang='grc' dir='ltr'>Μὴ</span> <span class='ocrx_word' id='word_1_613' title='bbox 543 4202 593 4281; x_wconf 74' lang='grc' dir='ltr'>γὰρ</span> <span class='ocrx_word' id='word_1_614' title='bbox 612 4208 688 4261; x_wconf 85' lang='grc' dir='ltr'>τοῦτο</span> <span class='ocrx_word' id='word_1_615' title='bbox 704 4202 775 4281; x_wconf 75' lang='grc' dir='ltr'>ἴδῃς,</span> <span class='ocrx_word' id='word_1_616' title='bbox 791 4203 833 4264; x_wconf 77' lang='grc' dir='ltr'>ὅτι</span> <span class='ocrx_word' id='word_1_617' title='bbox 852 4224 872 4269; x_wconf 70' lang='grc' dir='ltr'><strong>Α</strong></span> <span class='ocrx_word' id='word_1_618' title='bbox 887 4197 973 4272; x_wconf 91' lang='lat' dir='ltr'>ravit,</span> <span class='ocrx_word' id='word_1_619' title='bbox 984 4194 1097 4254; x_wconf 85' lang='lat' dir='ltr'>dicens:</span> <span class='ocrx_word' id='word_1_620' title='bbox 1114 4197 1154 4253; x_wconf 86' lang='lat' dir='ltr'>Et</span> <span class='ocrx_word' id='word_1_621' title='bbox 1165 4195 1228 4276; x_wconf 77' lang='lat' dir='ltr'>fiat</span> <span class='ocrx_word' id='word_1_622' title='bbox 1242 4216 1329 4275; x_wconf 87' lang='lat' dir='ltr'>supra</span> <span class='ocrx_word' id='word_1_623' title='bbox 1345 4199 1460 4256; x_wconf 84' lang='lat' dir='ltr'>modum</span> <span class='ocrx_word' id='word_1_624' title='bbox 1475 4215 1629 4280; x_wconf 82' lang='lat' dir='ltr'>peecatum</span> 
     </span>
     <span class='ocr_line' id='line_1_71' title="bbox 59 4287 1630 4373; baseline 0.004 -23"><span class='ocrx_word' id='word_1_625' title='bbox 59 4291 166 4372; x_wconf 80' lang='grc' dir='ltr'>χείρους</span> <span class='ocrx_word' id='word_1_626' title='bbox 180 4291 297 4373; x_wconf 79' lang='grc' dir='ltr'>ἐγίνοντο</span> <span class='ocrx_word' id='word_1_627' title='bbox 310 4298 334 4353; x_wconf 85' lang='lat' dir='ltr'>oi</span> <span class='ocrx_word' id='word_1_628' title='bbox 349 4293 493 4370; x_wconf 80' lang='grc' dir='ltr'>δεξάμενοι,</span> <span class='ocrx_word' id='word_1_629' title='bbox 508 4295 565 4351; x_wconf 92' lang='grc' dir='ltr'>ἀλλ’</span> <span class='ocrx_word' id='word_1_630' title='bbox 577 4298 660 4354; x_wconf 82' lang='grc' dir='ltr'>ἐκεῖνο</span> <span class='ocrx_word' id='word_1_631' title='bbox 671 4294 780 4369; x_wconf 87' lang='grc' dir='ltr'>σκόπει,</span> <span class='ocrx_word' id='word_1_632' title='bbox 791 4295 833 4356; x_wconf 77' lang='grc' dir='ltr'>δτι</span> <span class='ocrx_word' id='word_1_633' title='bbox 885 4313 937 4368; x_wconf 78' lang='lat' dir='ltr'>per</span> <span class='ocrx_word' id='word_1_634' title='bbox 947 4290 1131 4348; x_wconf 77' lang='lat' dir='ltr'>mandatum.</span> <span class='ocrx_word' id='word_1_635' title='bbox 1144 4287 1176 4346; x_wconf 87' lang='lat' dir='ltr'>ld</span> <span class='ocrx_word' id='word_1_636' title='bbox 1186 4302 1235 4364; x_wconf 82' lang='lat' dir='ltr'>est,</span> <span class='ocrx_word' id='word_1_637' title='bbox 1246 4303 1276 4347; x_wconf 92' lang='lat' dir='ltr'>ut</span> <span class='ocrx_word' id='word_1_638' title='bbox 1287 4304 1415 4370; x_wconf 82' lang='lat' dir='ltr'>appareat</span> <span class='ocrx_word' id='word_1_639' title='bbox 1428 4306 1561 4370; x_wconf 82' lang='lat' dir='ltr'><strong>quantum</strong></span> <span class='ocrx_word' id='word_1_640' title='bbox 1571 4316 1630 4356; x_wconf 77' lang='lat' dir='ltr'>ma·</span> 
     </span>
     <span class='ocr_line' id='line_1_72' title="bbox 60 4379 1629 4465; baseline 0.004 -23"><span class='ocrx_word' id='word_1_641' title='bbox 60 4387 92 4442; x_wconf 86' lang='grc' dir='ltr'>οὔ</span> <span class='ocrx_word' id='word_1_642' title='bbox 105 4383 182 4461; x_wconf 89' lang='grc' dir='ltr'>μόνον</span> <span class='ocrx_word' id='word_1_643' title='bbox 196 4389 231 4452; x_wconf 84' lang='grc' dir='ltr'>εἰς</span> <span class='ocrx_word' id='word_1_644' title='bbox 246 4386 366 4445; x_wconf 78' lang='grc' dir='ltr'>ἐπίτασιν</span> <span class='ocrx_word' id='word_1_645' title='bbox 385 4385 432 4458; x_wconf 76' lang='grc' dir='ltr'>τὴν</span> <span class='ocrx_word' id='word_1_646' title='bbox 452 4385 547 4444; x_wconf 89' lang='grc' dir='ltr'>κακίαν</span> <span class='ocrx_word' id='word_1_647' title='bbox 560 4390 666 4465; x_wconf 87' lang='grc' dir='ltr'>ἀγαγεῖν</span> <span class='ocrx_word' id='word_1_648' title='bbox 681 4383 727 4446; x_wconf 84' lang='grc' dir='ltr'>οὔκ</span> <span class='ocrx_word' id='word_1_649' title='bbox 741 4386 832 4458; x_wconf 79' lang='grc' dir='ltr'>ἤθελεν</span> <span class='ocrx_word' id='word_1_650' title='bbox 886 4381 954 4458; x_wconf 85' lang='lat' dir='ltr'>lum,</span> <span class='ocrx_word' id='word_1_651' title='bbox 965 4395 1064 4460; x_wconf 87' lang='lat' dir='ltr'><strong>quanta</strong></span> <span class='ocrx_word' id='word_1_652' title='bbox 1077 4379 1208 4461; x_wconf 82' lang='lat' dir='ltr'>pernicies</span> <span class='ocrx_word' id='word_1_653' title='bbox 1229 4380 1263 4440; x_wconf 75' lang='lat' dir='ltr'>sii</span> <span class='ocrx_word' id='word_1_654' title='bbox 1283 4394 1422 4462; x_wconf 83' lang='lat' dir='ltr'>peccatum</span> <span class='ocrx_word' id='word_1_655' title='bbox 1437 4407 1444 4440; x_wconf 83' lang='grc' dir='ltr'>ι</span> <span class='ocrx_word' id='word_1_656' title='bbox 1465 4384 1518 4445; x_wconf 85' lang='lat' dir='ltr'>hoc</span> <span class='ocrx_word' id='word_1_657' title='bbox 1538 4400 1629 4450; x_wconf 84' lang='lat' dir='ltr'><strong>autem</strong></span> 
     </span>
     <span class='ocr_line' id='line_1_73' title="bbox 58 4474 1629 4561; baseline 0.006 -27"><span class='ocrx_word' id='word_1_658' title='bbox 58 4475 176 4554; x_wconf 81' lang='grc' dir='ltr'>ὁνόμος,</span> <span class='ocrx_word' id='word_1_659' title='bbox 188 4478 310 4538; x_wconf 71' lang='grc' dir='ltr'>ἀλλὰκαὶ</span> <span class='ocrx_word' id='word_1_660' title='bbox 323 4477 370 4551; x_wconf 76' lang='grc' dir='ltr'>τὴν</span> <span class='ocrx_word' id='word_1_661' title='bbox 382 4480 604 4560; x_wconf 80' lang='grc' dir='ltr'>προϋπάρχουσαν</span> <span class='ocrx_word' id='word_1_662' title='bbox 618 4480 728 4561; x_wconf 79' lang='grc' dir='ltr'>ἐκκόψαι</span> <span class='ocrx_word' id='word_1_663' title='bbox 740 4478 834 4541; x_wconf 66' lang='lat' dir='ltr'>derod-</span> <span class='ocrx_word' id='word_1_664' title='bbox 887 4499 934 4559; x_wconf 82' lang='grc' dir='ltr'>ρετ</span> <span class='ocrx_word' id='word_1_665' title='bbox 956 4474 1112 4534; x_wconf 86' lang='lat' dir='ltr'><strong>mandatum</strong></span> <span class='ocrx_word' id='word_1_666' title='bbox 1132 4489 1268 4534; x_wconf 87' lang='lat' dir='ltr'>ostensum</span> <span class='ocrx_word' id='word_1_667' title='bbox 1290 4491 1337 4535; x_wconf 85' lang='lat' dir='ltr'>est.</span> <span class='ocrx_word' id='word_1_668' title='bbox 1359 4477 1408 4537; x_wconf 91' lang='lat' dir='ltr'>His</span> <span class='ocrx_word' id='word_1_669' title='bbox 1442 4479 1629 4544; x_wconf 81' lang='lat' dir='ltr'>excellentiam</span> 
     </span>
     <span class='ocr_line' id='line_1_74' title="bbox 60 4565 1629 4651; baseline 0.008 -24"><span class='ocrx_word' id='word_1_670' title='bbox 60 4571 149 4635; x_wconf 80' lang='grc' dir='ltr'>δαζεν.</span> <span class='ocrx_word' id='word_1_671' title='bbox 168 4571 199 4628; x_wconf 80' lang='grc' dir='ltr'>Εἰ</span> <span class='ocrx_word' id='word_1_672' title='bbox 215 4569 241 4628; x_wconf 81' lang='grc' dir='ltr'>δὲ</span> <span class='ocrx_word' id='word_1_673' title='bbox 255 4572 309 4629; x_wconf 85' lang='grc' dir='ltr'>οὐκΙ</span> <span class='ocrx_word' id='word_1_674' title='bbox 321 4570 430 4651; x_wconf 80' lang='grc' dir='ltr'>ἴσχυσε,</span> <span class='ocrx_word' id='word_1_675' title='bbox 448 4570 575 4651; x_wconf 87' lang='grc' dir='ltr'>στεράνου</span> <span class='ocrx_word' id='word_1_676' title='bbox 596 4570 643 4650; x_wconf 67' lang='grc' dir='ltr'>μὲν</span> <span class='ocrx_word' id='word_1_677' title='bbox 660 4574 758 4632; x_wconf 68' lang='grc' dir='ltr'>ἐκεῖνον</span> <span class='ocrx_word' id='word_1_678' title='bbox 780 4573 833 4634; x_wconf 82' lang='grc' dir='ltr'>ἀπὸ</span> <span class='ocrx_word' id='word_1_679' title='bbox 887 4590 994 4649; x_wconf 64' lang='lat' dir='ltr'>quoque</span> <span class='ocrx_word' id='word_1_680' title='bbox 1011 4566 1104 4647; x_wconf 56' lang='lat' dir='ltr'>&amp;1⁹³5ae</span> <span class='ocrx_word' id='word_1_681' title='bbox 1124 4565 1240 4626; x_wconf 65' lang='lat' dir='ltr'>Ostendit</span> <span class='ocrx_word' id='word_1_682' title='bbox 1264 4588 1346 4649; x_wconf 60' lang='lat' dir='ltr'>supra</span> <span class='ocrx_word' id='word_1_683' title='bbox 1370 4569 1468 4650; x_wconf 60' lang='lat' dir='ltr'>legem,</span> <span class='ocrx_word' id='word_1_684' title='bbox 1489 4593 1542 4633; x_wconf 89' lang='lat' dir='ltr'>non</span> <span class='ocrx_word' id='word_1_685' title='bbox 1565 4596 1629 4635; x_wconf 82' lang='lat' dir='ltr'>Vero</span> 
     </span>
     <span class='ocr_line' id='line_1_75' title="bbox 57 4658 1629 4750; baseline 0.007 -31"><span class='ocrx_word' id='word_1_686' title='bbox 57 4665 110 4731; x_wconf 70' lang='grc' dir='ltr'>τῆς</span> <span class='ocrx_word' id='word_1_687' title='bbox 123 4658 247 4740; x_wconf 81' lang='grc' dir='ltr'>γνώμης·</span> <span class='ocrx_word' id='word_1_688' title='bbox 262 4662 402 4742; x_wconf 85' lang='grc' dir='ltr'>προσκῦνει</span> <span class='ocrx_word' id='word_1_689' title='bbox 417 4662 444 4721; x_wconf 80' lang='grc' dir='ltr'>δὲ</span> <span class='ocrx_word' id='word_1_690' title='bbox 462 4662 584 4740; x_wconf 78' lang='grc' dir='ltr'>μειζόνως</span> <span class='ocrx_word' id='word_1_691' title='bbox 596 4669 640 4722; x_wconf 86' lang='grc' dir='ltr'>τοῦ</span> <span class='ocrx_word' id='word_1_692' title='bbox 657 4666 773 4744; x_wconf 84' lang='grc' dir='ltr'>Χριστοῦ</span> <span class='ocrx_word' id='word_1_693' title='bbox 785 4664 833 4737; x_wconf 79' lang='grc' dir='ltr'>τὴν</span> <span class='ocrx_word' id='word_1_694' title='bbox 887 4686 1014 4747; x_wconf 75' lang='lat' dir='ltr'><strong>pugnam.</strong></span> <span class='ocrx_word' id='word_1_695' title='bbox 1031 4664 1124 4742; x_wconf 88' lang='lat' dir='ltr'>Neque</span> <span class='ocrx_word' id='word_1_696' title='bbox 1137 4663 1209 4722; x_wconf 88' lang='lat' dir='ltr'>enim</span> <span class='ocrx_word' id='word_1_697' title='bbox 1230 4664 1282 4723; x_wconf 85' lang='lat' dir='ltr'>hoe</span> <span class='ocrx_word' id='word_1_698' title='bbox 1295 4665 1431 4746; x_wconf 87' lang='lat' dir='ltr'>respicias,</span> <span class='ocrx_word' id='word_1_699' title='bbox 1447 4669 1524 4747; x_wconf 80' lang='lat' dir='ltr'>quod</span> <span class='ocrx_word' id='word_1_700' title='bbox 1539 4669 1568 4744; x_wconf 87' lang='lat' dir='ltr'>ii,</span> <span class='ocrx_word' id='word_1_701' title='bbox 1580 4670 1629 4750; x_wconf 90' lang='lat' dir='ltr'>qni</span> 
     </span>
     <span class='ocr_line' id='line_1_76' title="bbox 60 4751 1628 4838; baseline 0.006 -26"><span class='ocrx_word' id='word_1_702' title='bbox 60 4751 189 4831; x_wconf 77' lang='grc' dir='ltr'>δύναμιν,</span> <span class='ocrx_word' id='word_1_703' title='bbox 202 4754 262 4813; x_wconf 71' lang='lat' dir='ltr'>“dri</span> <span class='ocrx_word' id='word_1_704' title='bbox 281 4754 398 4814; x_wconf 84' lang='grc' dir='ltr'>ποικιλον</span> <span class='ocrx_word' id='word_1_705' title='bbox 418 4752 487 4813; x_wconf 80' lang='grc' dir='ltr'>οὔτω</span> <span class='ocrx_word' id='word_1_706' title='bbox 504 4754 583 4813; x_wconf 84' lang='grc' dir='ltr'>κακὸν</span> <span class='ocrx_word' id='word_1_707' title='bbox 600 4756 645 4814; x_wconf 83' lang='grc' dir='ltr'>καί</span> <span class='ocrx_word' id='word_1_708' title='bbox 661 4755 834 4836; x_wconf 80' lang='grc' dir='ltr'>δυσκαταγώ-</span> <span class='ocrx_word' id='word_1_709' title='bbox 886 4757 1148 4838; x_wconf 78' lang='lat' dir='ltr'>legemaeceperunt,</span> <span class='ocrx_word' id='word_1_710' title='bbox 1156 4755 1300 4816; x_wconf 78' lang='lat' dir='ltr'>deteriores</span> <span class='ocrx_word' id='word_1_711' title='bbox 1307 4757 1371 4817; x_wconf 82' lang='lat' dir='ltr'>faeti</span> <span class='ocrx_word' id='word_1_712' title='bbox 1382 4773 1444 4818; x_wconf 89' lang='lat' dir='ltr'>sunt</span> <span class='ocrx_word' id='word_1_713' title='bbox 1449 4759 1512 4834; x_wconf 75' lang='lat' dir='ltr'>,sed</span> <span class='ocrx_word' id='word_1_714' title='bbox 1522 4760 1552 4820; x_wconf 90' lang='lat' dir='ltr'>id</span> <span class='ocrx_word' id='word_1_715' title='bbox 1564 4783 1628 4822; x_wconf 91' lang='grc' dir='ltr'>οοιι-</span> 
     </span>
     <span class='ocr_line' id='line_1_77' title="bbox 439 4846 459 4867; baseline -0.05 0"><span class='ocrx_word' id='word_1_716' title='bbox 439 4846 459 4867; x_wconf 60' lang='grc' dir='ltr'>ι,</span> 
     </span>
    </p>
   </div>
   <div class='ocr_carea' id='block_1_18' title="bbox 58 4845 1628 5023">
    <p class='ocr_par' dir='ltr' id='par_1_18' title="bbox 58 4845 1628 5023">
     <span class='ocr_line' id='line_1_78' title="bbox 58 4845 1628 4931; baseline 0.006 -25"><span class='ocrx_word' id='word_1_717' title='bbox 58 4870 150 4906; x_wconf 87' lang='grc' dir='ltr'>νιστον</span> <span class='ocrx_word' id='word_1_718' title='bbox 169 4845 281 4927; x_wconf 76' lang='grc' dir='ltr'>ἠράνισέ</span> <span class='ocrx_word' id='word_1_719' title='bbox 293 4872 321 4906; x_wconf 87' lang='grc' dir='ltr'>τε</span> <span class='ocrx_word' id='word_1_720' title='bbox 336 4848 379 4906; x_wconf 86' lang='grc' dir='ltr'>καὶ</span> <span class='ocrx_word' id='word_1_721' title='bbox 394 4850 531 4929; x_wconf 77' lang='grc' dir='ltr'>προρριζον</span> <span class='ocrx_word' id='word_1_722' title='bbox 552 4851 695 4925; x_wconf 80' lang='grc' dir='ltr'>ἐκτεμοῦσα</span> <span class='ocrx_word' id='word_1_723' title='bbox 715 4849 829 4910; x_wconf 80' lang='grc' dir='ltr'>ἀνέστα·</span> <span class='ocrx_word' id='word_1_724' title='bbox 886 4850 996 4921; x_wconf 86' lang='lat' dir='ltr'>sideros,</span> <span class='ocrx_word' id='word_1_725' title='bbox 1020 4848 1106 4930; x_wconf 82' lang='lat' dir='ltr'>legem</span> <span class='ocrx_word' id='word_1_726' title='bbox 1124 4872 1177 4910; x_wconf 93' lang='lat' dir='ltr'>non</span> <span class='ocrx_word' id='word_1_727' title='bbox 1201 4850 1281 4909; x_wconf 89' lang='lat' dir='ltr'>modo</span> <span class='ocrx_word' id='word_1_728' title='bbox 1303 4871 1355 4910; x_wconf 95' lang='lat' dir='ltr'>non</span> <span class='ocrx_word' id='word_1_729' title='bbox 1379 4872 1477 4931; x_wconf 80' lang='lat' dir='ltr'>angere</span> <span class='ocrx_word' id='word_1_730' title='bbox 1496 4852 1628 4916; x_wconf 86' lang='lat' dir='ltr'>malitiam</span> 
     </span>
     <span class='ocr_line' id='line_1_79' title="bbox 59 4938 1627 5023; baseline 0.004 -23"><span class='ocrx_word' id='word_1_731' title='bbox 59 4963 117 5000; x_wconf 89' lang='grc' dir='ltr'>σεν.</span> <span class='ocrx_word' id='word_1_732' title='bbox 140 4939 282 5021; x_wconf 78' lang='grc' dir='ltr'>Ἁμαρτίαν</span> <span class='ocrx_word' id='word_1_733' title='bbox 301 4939 328 4997; x_wconf 79' lang='grc' dir='ltr'>δὲ</span> <span class='ocrx_word' id='word_1_734' title='bbox 348 4940 411 5000; x_wconf 76' lang='grc' dir='ltr'>ὅταν</span> <span class='ocrx_word' id='word_1_735' title='bbox 435 4939 561 5018; x_wconf 76' lang='grc' dir='ltr'>ἀκούσης,</span> <span class='ocrx_word' id='word_1_736' title='bbox 583 4939 620 5018; x_wconf 74' lang='grc' dir='ltr'>μη</span> <span class='ocrx_word' id='word_1_737' title='bbox 642 4938 753 5023; x_wconf 80' lang='grc' dir='ltr'>δυ’ναμίγ</span> <span class='ocrx_word' id='word_1_738' title='bbox 775 4965 835 5001; x_wconf 91' lang='grc' dir='ltr'>τινα</span> <span class='ocrx_word' id='word_1_739' title='bbox 887 4942 1016 5020; x_wconf 87' lang='lat' dir='ltr'>voluisse,</span> <span class='ocrx_word' id='word_1_740' title='bbox 1033 4940 1080 5000; x_wconf 90' lang='lat' dir='ltr'>sed</span> <span class='ocrx_word' id='word_1_741' title='bbox 1096 4964 1155 5001; x_wconf 87' lang='lat' dir='ltr'>eam</span> <span class='ocrx_word' id='word_1_742' title='bbox 1168 4964 1227 5020; x_wconf 86' lang='lat' dir='ltr'>qnae</span> <span class='ocrx_word' id='word_1_743' title='bbox 1242 4941 1317 5022; x_wconf 90' lang='lat' dir='ltr'>prius</span> <span class='ocrx_word' id='word_1_744' title='bbox 1331 4956 1387 5001; x_wconf 87' lang='lat' dir='ltr'>erat</span> <span class='ocrx_word' id='word_1_745' title='bbox 1398 4943 1554 5004; x_wconf 83' lang='lat' dir='ltr'>exscindere</span> <span class='ocrx_word' id='word_1_746' title='bbox 1566 4959 1627 5006; x_wconf 91' lang='lat' dir='ltr'>stn-</span> 
     </span>
    </p>
   </div>
   <div class='ocr_carea' id='block_1_19' title="bbox 58 5034 1628 5123">
    <p class='ocr_par' dir='ltr' id='par_1_19' title="bbox 58 5034 1628 5123">
     <span class='ocr_line' id='line_1_80' title="bbox 58 5034 1628 5123; baseline 0.005 -20"><span class='ocrx_word' id='word_1_747' title='bbox 58 5041 235 5103; x_wconf 80' lang='grc' dir='ltr'>ἓνυπόστατον</span> <span class='ocrx_word' id='word_1_748' title='bbox 247 5043 372 5123; x_wconf 77' lang='grc' dir='ltr'>νομίσῃς,</span> <span class='ocrx_word' id='word_1_749' title='bbox 385 5042 453 5102; x_wconf 73' lang='grc' dir='ltr'>ἀλλά</span> <span class='ocrx_word' id='word_1_750' title='bbox 470 5041 516 5113; x_wconf 77' lang='grc' dir='ltr'>τὴν</span> <span class='ocrx_word' id='word_1_751' title='bbox 530 5040 623 5120; x_wconf 80' lang='grc' dir='ltr'>πρᾶξιν</span> <span class='ocrx_word' id='word_1_752' title='bbox 636 5040 684 5114; x_wconf 73' lang='grc' dir='ltr'>τὴν</span> <span class='ocrx_word' id='word_1_753' title='bbox 698 5042 827 5123; x_wconf 73' lang='grc' dir='ltr'>πονηρὰν,</span> <span class='ocrx_word' id='word_1_754' title='bbox 887 5037 985 5098; x_wconf 85' lang='lat' dir='ltr'>duisse·</span> <span class='ocrx_word' id='word_1_755' title='bbox 1000 5034 1081 5107; x_wconf 70' lang='lat' dir='ltr'>QUOd</span> <span class='ocrx_word' id='word_1_756' title='bbox 1095 5035 1117 5096; x_wconf 71' lang='lat' dir='ltr'>Si</span> <span class='ocrx_word' id='word_1_757' title='bbox 1139 5057 1191 5096; x_wconf 75' lang='lat' dir='ltr'>¹¹⁰ss</span> <span class='ocrx_word' id='word_1_758' title='bbox 1211 5036 1337 5116; x_wconf 63' lang='lat' dir='ltr'>P⁰i¹¹⁸sits</span> <span class='ocrx_word' id='word_1_759' title='bbox 1351 5036 1426 5098; x_wconf 67' lang='lat' dir='ltr'>fflffll</span> <span class='ocrx_word' id='word_1_760' title='bbox 1446 5050 1535 5099; x_wconf 58' lang='lat' dir='ltr'><strong>tamen</strong></span> <span class='ocrx_word' id='word_1_761' title='bbox 1551 5061 1628 5102; x_wconf 69' lang='lat' dir='ltr'><strong>0⁰f0‘</strong></span> 
     </span>
    </p>
   </div>
   <div class='ocr_carea' id='block_1_20' title="bbox 97 5231 507 5299">
    <p class='ocr_par' dir='ltr' id='par_1_20' title="bbox 97 5231 507 5299">
     <span class='ocr_line' id='line_1_81' title="bbox 97 5231 507 5299; baseline 0.01 -21"><span class='ocrx_word' id='word_1_762' title='bbox 97 5247 107 5268; x_wconf 61' lang='grc' dir='ltr'>ι</span> <span class='ocrx_word' id='word_1_763' title='bbox 126 5232 175 5295; x_wconf 84' lang='grc' dir='ltr'>[Α.</span> <span class='ocrx_word' id='word_1_764' title='bbox 189 5243 214 5281; x_wconf 87' lang='lat' dir='ltr'>et</span> <span class='ocrx_word' id='word_1_765' title='bbox 226 5249 304 5299; x_wconf 80' lang='lat' dir='ltr'>marg.</span> <span class='ocrx_word' id='word_1_766' title='bbox 316 5231 393 5285; x_wconf 76' lang='lat' dir='ltr'>Sunii.</span> <span class='ocrx_word' id='word_1_767' title='bbox 409 5241 421 5290; x_wconf 74' lang='grc' dir='ltr'>ἡ</span> <span class='ocrx_word' id='word_1_768' title='bbox 435 5234 507 5295; x_wconf 62' lang='grc' dir='ltr'>παν]</span> 
     </span>
    </p>
   </div>
   <div class='ocr_carea' id='block_1_21' title="bbox 0 0 1868 5978">
    <p class='ocr_par' dir='ltr' id='par_1_21' title="bbox 0 0 1868 5978">
     <span class='ocr_line' id='line_1_82' title="bbox 0 0 1868 5978; baseline 0 4"><span class='ocrx_word' id='word_1_769' title='bbox 0 0 1868 5978; x_wconf 95' lang='lat' dir='ltr'> </span> 
     </span>
    </p>
   </div>
  </div>
 </body>
</html>
