3728 5978
553 461 590 523 ru
615 460 723 517 nrrsr.
752 460 799 508 an
823 459 908 509 nou.
935 457 1055 519 souin.
1082 457 1185 516 xvi..
1574 432 1648 534 673

77 587 208 668 Ἀόραάμ.
221 589 286 655 Πῶς
300 575 346 646 oda
361 590 376 647 δ
391 583 483 646 'londa
496 585 694 664 ἐγεννήθηςΟῦ
714 581 784 645 κατδ
808 581 850 643 νό-
902 579 1051 642 seeundum
1070 581 1157 661 legem
1175 593 1289 658 natura,
1312 599 1399 659 noque
1419 578 1567 641 monadum
1591 580 1648 642 rim

79 701 128 757 μον
144 679 263 755 φύσεως,
278 677 337 739 οῦδὲ
353 678 422 738 κατὰ
441 675 551 755 δύναμιν
571 676 683 757 σαρκδς,
697 675 767 736 ἐλλίι
781 674 851 736 κατὰ
903 677 1002 752 earnis,
1026 675 1073 737 sod
1103 676 1252 737 seeundum
1277 676 1336 738 vim
1360 676 1557 758 promissionis.
1572 676 1650 750 Quid

78 770 187 849 δύναμιν
198 770 367 851 ἐπαγγελίας.
384 769 421 831 Τί
432 773 504 842 ἐστι,
525 763 594 828 ιιιίτδι
613 766 723 847 δύναμιν
735 773 850 848 ἐπαγγι-
903 770 955 830 sibi
966 770 1037 848 vult,
1043 769 1199 831 Secundum
1206 770 1264 830 vim
1274 768 1514 851 promissionis?9.
1523 772 1562 829 In
1575 781 1649 830 tem-

77 864 149 938 λίας;
163 864 240 925 Κατδι
250 864 294 924 τὸν
305 864 397 943 καιρὸν
407 869 498 922 τοῦτον
509 861 652 940 ἐλεύσομαι
672 862 736 945 πρδς
748 861 792 938 σί,
805 862 851 922 καί
900 883 972 942 pore
980 863 1035 921 hoc
1044 865 1164 920 veniam
1175 863 1217 921 ad
1224 873 1263 934 ετ,
1274 875 1302 921 et
1313 865 1367 921 erit
1375 861 1571 941 Satroefilt'us.
1582 860 1648 921 Haec

78 956 300 1037 ἔσταιτῇΣάρρα
310 953 372 1022 υἱός.
384 953 646 1032 Αύτηὴἐπαγγελία
655 953 753 1027 τοίνυν,
764 954 811 1014 καί
820 954 851 1015 τδ
903 967 943 1013 est
973 953 1058 1033 igitur
1080 952 1245 1035 promissio,
1274 965 1301 1012 et
1319 953 1434 1013 verbum
1453 951 1505 1012 Dei
1525 951 1648 1013 isaacum

24 1078 30 1086 ·
78 1052 154 1128 ῥῆμα
168 1055 213 1108 τοῦ
223 1050 294 1108 Θεοῦ
306 1047 351 1106 τὸν
363 1045 456 1106 Ἰσαὰκ
472 1044 598 1114 διέπλασέ
611 1068 641 1104 τι
660 1043 707 1105 καί
719 1044 849 1126 ἐγέννησα.
867 1049 886 1097 Ε
903 1045 1031 1106 formavit
1044 1057 1070 1104 et
1084 1045 1187 1124 genuit.
1198 1043 1273 1116 Quid
1287 1044 1368 1119 enim,
1383 1044 1407 1103 si
1421 1043 1502 1104 vulva
1517 1043 1646 1124 subjicie-

77 1141 117 1200 Τί
133 1139 201 1220 γάρ,
220 1143 244 1198 εί
259 1139 305 1198 καί
319 1139 409 1220 μήτρα
422 1137 546 1198 ὑπέκειτο
558 1137 603 1196 καί
617 1136 695 1210 νηδίνς
714 1138 850 1218 γοναικόςς
903 1136 985 1197 batur
1002 1151 1027 1196 et
1042 1135 1142 1196 matrix
1155 1136 1365 1197 mulierisINon
1379 1135 1451 1195 enim
1463 1135 1507 1195 vis
1517 1134 1649 1210 matricis,

76 1233 119 1293 Οὔ
132 1232 183 1313 γάρ
195 1236 211 1303 ἡ
224 1231 333 1308 δύναμις
343 1236 391 1303 τῆς
403 1229 506 1304 νηδύος,
520 1232 579 1290 ἀλλ’
595 1235 613 1303 ἡ
631 1235 679 1302 τῆς
692 1232 851 1309 ἐπαγγελίας
903 1229 952 1290 sod
968 1230 1011 1290 VIs
1028 1226 1215 1310 promissionis
1228 1229 1318 1289 filium
1332 1227 1433 1310 genuit.
1446 1230 1488 1289 lta
1498 1241 1524 1288 et
1537 1249 1586 1300 nos
1598 1250 1649 1290 na-

75 1324 153 1404 ίσχδς
170 1322 243 1382 ἔτεκε
262 1324 293 1384 τδ
313 1321 426 1383 παιδίον.
441 1321 522 1381 Οὕτω
539 1319 586 1380 καί
602 1327 680 1399 ἡμεῖς
697 1320 849 1401 γεννώμεθα
903 1322 1006 1382 scimur
1016 1343 1065 1404 per
1077 1322 1128 1381 Dei
1138 1322 1220 1382 verba
1233 1321 1348 1381 :etenIm
1360 1322 1389 1385 in
1399 1319 1503 1402 piscina
1516 1342 1649 1401 aquarum

75 1416 121 1476 διὰ
141 1420 193 1475 τῶν
215 1415 340 1498 ῥημάτων
361 1422 406 1475 τοῦ
420 1417 505 1475 Θεοῦ·
521 1415 548 1472 ἐν
566 1413 850 1496 γδιρπῇκολυμῦήθρμ
903 1429 965 1475 sunt
979 1417 1031 1475 Dei
1051 1415 1143 1491 verba,
1165 1436 1226 1494 quae
1249 1435 1297 1475 nos
1317 1427 1445 1494 generant
1466 1426 1492 1473 et
1513 1413 1647 1474 formant:

74 1510 129 1566 τῶν
141 1507 242 1566 ὑδάτων
254 1505 362 1587 ῥήματά
375 1510 430 1567 ἐστι
443 1510 489 1566 τοῦ
500 1508 571 1566 Θεοῦ
589 1503 623 1564 τδι
634 1509 765 1585 γεννῶντα
777 1510 849 1584 ἡμᾶς
903 1528 965 1566 nam
980 1507 1008 1566 in
1029 1507 1137 1568 nomine
1151 1507 1239 1567 Patris
1252 1519 1278 1567 et
1292 1507 1358 1567 Filii
1376 1519 1402 1566 et
1422 1505 1542 1587 Spiritus
1561 1507 1647 1568 saneti

74 1598 123 1658 καί
137 1599 348 1659 διαπλάττοντα·
363 1601 400 1666 είς
416 1596 468 1678 γὰρ
483 1598 566 1677 ὄνομα
590 1598 696 1679 Πατρδς
716 1598 762 1666 καί
784 1600 848 1659 λ’ίοῦ
902 1597 1029 1680 baptizati
1044 1619 1211 1678 generamur.
1224 1599 1287 1659 Haee
1298 1619 1378 1680 porro
1388 1597 1525 1679 generatio
1535 1619 1589 1661 non
1599 1620 1647 1660 na·

73 1691 122 1753 καί
136 1693 209 1772 ἁγίου
225 1691 380 1770 Πνεόματος
394 1689 581 1770 βαπτιζόμενοι
597 1689 758 1769 γεννώμιθα.
774 1689 847 1766 λύε-η
902 1702 981 1767 turae,
1002 1687 1049 1748 sed
1062 1689 1247 1770 promissionis
1259 1691 1309 1750 Dei
1326 1699 1374 1750 est.
1397 1690 1475 1754 Sicut
1495 1689 1568 1750 euIm
1584 1711 1648 1752 cum

74 1786 104 1844 δὲ
119 1787 177 1866 οὐχί
188 1785 298 1867 φύσεως,
310 1788 369 1844 ἀλλ’
382 1783 539 1863 ἐπαγγελίας
552 1789 597 1843 τοῦ
608 1787 678 1845 Θεοῦ
690 1789 708 1856 ἡ
718 1781 847 1861 γίννησις.
901 1782 987 1844 Issaei
1000 1785 1197 1864 generationem
1219 1785 1398 1867 promisisset,
1415 1797 1484 1845 tune
1498 1784 1575 1845 iliam
1594 1785 1647 1846 im·

73 1878 183 1960 Ὥσπερ
203 1875 254 1959 γδιρ
268 1876 317 1948 τήν
330 1882 375 1935 τοῦ
387 1874 481 1936 Ἰσαίικ
500 1874 696 1957 προαγορεύσας
715 1875 846 1954 γέννησιν,
901 1875 1003 1956 plevit:
1018 1876 1057 1936 sie
1075 1892 1102 1937 et
1127 1871 1247 1937 nostram
1268 1891 1331 1937 ante
1349 1876 1435 1936 multa
1451 1877 1648 1959 praenuntiavit

72 1970 137 2031 τότε
156 1969 236 2042 αὐτήν
251 1969 403 2052 ἐπλήρωσεν
415 1992 421 2005 ·
433 1966 502 2029 οθτω
521 1968 567 2027 καί
584 1967 632 2040 τήν
646 1966 778 2048 ἡμετέραν
796 1969 848 2043 πρὸ
901 1981 1021 2051 tempora
1035 1990 1082 2050 per
1100 1991 1192 2029 omnes
1211 1970 1366 2051 prophetas,
1383 1981 1411 2041 et
1430 1982 1522 2050 postea
1538 1968 1647 2050 inopus

73 2064 181 2121 πολλῶν
204 2059 408 2141 προανερώνησε
430 2059 532 2141 χρόνων
556 2058 600 2118 διίι
625 2061 678 2117 τῶν
690 2081 693 2086 ’
705 2064 846 2140 προρητῶν
901 2060 1026 2120 deduxit.
1042 2060 1143 2123 Viden'
1155 2074 1287 2139 quantum
1294 2060 1519 2121 demonstraverit
1532 2074 1559 2120 et
1573 2060 1648 2140 quod

72 2154 210 2227 ἁπάντων,
224 2152 269 2212 καί
289 2151 359 2232 μετίι
370 2159 453 2212 ταῦτα
470 2154 506 2217 εές
521 2150 596 2232 ἔργον
614 2148 749 2230 ἐξήγαγεν.
770 2142 891 2257 isidor&⁹
902 2173 964 2210 eum
976 2173 1104 2231 magnum
1116 2152 1182 2231 quid
1192 2150 1355 2233 promiserit,
1369 2150 1496 2211 facillime
1505 2150 1574 2211 illud
1587 2174 1648 2234 pcr-

71 2246 167 2319 ἡλίκον
189 2246 322 2319 ἀπίδειὶε,
342 2245 388 2305 καί
401 2248 457 2315 πῶς
473 2244 541 2324 μέγα
558 2244 781 2322 ἐπαγγειλάμενος
796 2270 846 2306 κα·
863 2273 883 2318 A
901 2244 1010 2304 feeerit?
1024 2243 1104 2317 Quod
1115 2244 1137 2303 si
1150 2244 1269 2303 eliserint
1282 2242 1381 2320 Iudaei,
1394 2247 1443 2303 Ex
1454 2248 1542 2303 Isaac
1555 2265 1647 2305 voea-

70 2338 233 2399 τεσκεύασεν
243 2336 306 2398 αὐτὸ
321 2340 379 2416 μετ’
394 2336 511 2404 εὐκολίας
524 2335 645 2410 ἁπάσης
658 2339 693 2396 Et
708 2336 736 2396 δέ
748 2336 846 2416 λε’γοιεν
902 2341 979 2396 bitur
999 2341 1053 2396 tibi
1072 2359 1179 2413 semen,
1190 2337 1220 2396 id
1233 2336 1397 2418 significare,
1415 2335 1460 2395 Ex
1475 2337 1551 2396 Isaac
1569 2351 1646 2398 natos

72 2429 210 2500 Ἰουδαῖοι,
222 2430 263 2489 ότι
275 2430 314 2502 τὸ,
327 2432 375 2489 Ἐν
388 2428 481 2489 ’ίσαδικ
494 2427 658 2502 κληθήσεταί
670 2450 713 2487 σοι
728 2427 847 2512 σπέρμα,
901 2429 952 2511 ipsi
962 2429 1081 2511 reputari
1098 2430 1125 2489 in
1143 2451 1242 2507 semen,
1258 2443 1391 2508 oporteret
1403 2428 1484 2489 etiam
1497 2428 1644 2511 Idumam,

70 2526 152 2580 τοῦτο
163 2512 229 2580 εἶναι
241 2521 271 2580 τδ
288 2520 348 2588 τοδς
367 2523 398 2579 ἐκ
409 2526 455 2580 τοῦ
477 2517 571 2579 Ἰσαὰκ
584 2519 761 2599 γεννωμίνους
776 2522 846 2600 αὐτῷ
901 2535 927 2582 et
937 2542 1039 2594 omnes,
1050 2521 1097 2600 qui
1108 2521 1143 2581 ab
1155 2521 1229 2582 Esaii
1237 2520 1289 2581 orti
1302 2534 1388 2596 erant,
1403 2522 1461 2602 ejus
1474 2521 1547 2582 filios
1561 2542 1644 2583 voca-

69 2612 223 2691 λογίζεσθαι
235 2616 270 2680 εἷς
281 2612 405 2694 σπέρμα,
416 2610 468 2670 ἔδει
481 2613 527 2669 καλ
546 2609 606 2678 τοὺς
620 2610 783 2688 Ἰδουμαίους
801 2613 846 2671 καλ
899 2613 924 2674 ri
937 2634 1019 2673 :nam
1031 2612 1141 2673 illorum
1154 2612 1312 2695 progenitor
1325 2612 1399 2673 Esaia
1414 2613 1488 2673 filius
1501 2627 1560 2673 erat
1572 2613 1645 2677 Isaa-

69 2703 175 2772 ττάντας
189 2702 247 2771 τοίας
262 2707 308 2764 ἐπ’
329 2702 428 2762 ἐκείνου
446 2699 517 2768 otoo<
531 2703 704 2782 χρηματίζειν
722 2707 846 2764 αὖτοῦ·ύ
900 2709 935 2770 ci.
952 2710 977 2769 Ν
980 2730 1031 2769 unc
1044 2729 1107 2770 vero
1116 2729 1168 2768 non
1179 2707 1260 2768 modo
1278 2706 1331 2766 filii
1346 2728 1400 2768 non
1411 2707 1610 2786 vocantur‚sed
1619 2722 1646 2768 ct

69 2796 126 2879 γδιρ
144 2795 268 2878 πρόγονος
282 2799 367 2855 αὐτῶν
383 2793 469 2854 Ἡσαῦ
485 2793 539 2862 υίὸς
550 2786 583 2867 ήν
605 2799 651 2853 τοῦ
664 2794 768 2856 Ἰσαάκ.
790 2799 845 2856 Νῦν
899 2799 980 2860 valde
991 2814 1053 2860 sunt
1064 2799 1155 2861 alieni.
1167 2799 1331 2862 Viden’non
1350 2799 1422 2858 filios
1441 2801 1530 2860 carnIs
1540 2822 1597 2861 esse
1611 2801 1645 2860 [i-

70 2888 102 2947 δὲ
115 2893 144 2949 οὐ
155 2889 233 2967 μόνον
245 2891 274 2948 οὐ
285 2885 478 2970 χρηματίζουσι
488 2889 590 2956 παῖδες,
602 2887 671 2947 άλλέ
681 2886 726 2947 καί
746 2888 846 2971 σφόδρα
899 2891 950 2952 iios
958 2892 1007 2951 Dei
1013 2915 1023 2969 3
1031 2891 1079 2952 sed
1090 2891 1118 2951 in
1130 2893 1188 2974 ipsa
1200 2905 1296 2951 natura
1305 2912 1440 2968 eam,quae
1450 2913 1498 2972 per
1511 2892 1646 2973 baptisma

69 2981 139 3040 εέσίν
160 2981 415 3061 ἀπηλλοτριωμένοι.
429 2980 528 3062 Ὁρᾷς,
541 2979 582 3041 ότι
600 2984 630 3041 οῦ
650 2981 783 3043 τὰτέκνα
798 2989 846 3057 τῆς
899 2997 950 3060 est,
967 2984 1164 3064 generationem
1174 2985 1234 3063 jam
1253 2982 1320 3042 oiim
1341 2981 1527 3064 prescriptam
1540 2984 1645 3047 fuisso?

69 3074 183 3155 σαρκὸς,
194 3077 279 3131 ταῦτα
293 3071 372 3132 τέκνα
385 3079 431 3132 τοῦ
444 3077 528 3147 Θεοῦ,
542 3073 612 3153 ἀλλὰ
622 3073 667 3133 καὶ
686 3076 713 3133 ἐν
730 3078 796 3154 αὐτῇ
810 3079 844 3154 τῇ
899 3074 980 3146 Quod
993 3075 1016 3134 si
1034 3089 1064 3134 tn
1079 3075 1147 3135 mibi
1162 3075 1302 3134 matricem
1314 3073 1429 3159 diueriS,
1446 3074 1575 3135 habcoet
1595 3096 1645 3157 ego

69 3164 149 3245 φύσει
160 3171 178 3238 ἡ
191 3164 234 3224 διὰ
245 3172 291 3226 τοῦ
303 3165 486 3245 βαπτίσματος
498 3167 596 3227 άνωθεν
612 3166 845 3248 προϋπογράρεται
898 3187 996 3246 aquam
1007 3167 1205 3249 opponendam.
1215 3165 1270 3229 Sed
1281 3160 1352 3227 sicut
1361 3166 1407 3225 hic
1417 3180 1472 3226 tota
1484 3167 1645 3248 tesestSpi-

68 3256 205 3336 γέννησις,
215 3259 250 3318 Εἰ
266 3257 293 3317 δί
305 3257 352 3331 τήν
368 3259 470 3338 μήτραν
484 3282 529 3337 μοι
540 3258 642 3339 λίγεις,
655 3255 710 3338 ἔχω
729 3258 803 3337 ιιάγὼ
815 3259 845 3321 τὸ
862 3284 880 3330 ιι
898 3259 978 3337 ritus,
988 3259 1027 3319 sic
1040 3259 1098 3319 illie
1111 3273 1166 3319 tota
1180 3280 1222 3319 res
1233 3273 1272 3319 est
1283 3258 1486 3341 promissionis:
1498 3280 1560 3319 nam
1573 3280 1645 3339 aqua

69 3348 142 3431 ὕδωρ
154 3352 246 3409 εἰπεῖν.
262 3352 332 3409 Ἀλλ’
345 3349 435 3430 ὥσπερ
454 3353 564 3409 ἐνταῦθα
577 3351 608 3410 τ“ο
626 3356 735 3410 πᾶνποῦ
755 3351 844 3412 Πνεύ-
897 3351 1024 3433 Irigidior
1034 3352 1241 3413 matrixeratob
1250 3351 1418 3412 sterilitatem
1430 3366 1456 3412 et
1471 3366 1645 3414 senectutem.
1747 3393 1748 3396 =

69 3464 168 3518 ματος,
180 3440 249 3501 οὕτω
270 3447 347 3501 κάκεῖ
357 3443 388 3501 τὸ
402 3453 456 3501 πᾶν
476 3447 524 3515 τῆς
543 3440 717 3521 ἐπαγγελίας·
729 3449 775 3503 τοῦ
791 3442 845 3524 γὰρ
898 3445 1324 3527 Diseamusergoaeeuratissime
1337 3444 1645 3524 nobilitatemnostram,

67 3535 163 3602 ὕδατος
176 3534 327 3618 ψυχροτέρα
340 3527 373 3607 ήν
387 3540 403 3606 ἡ
420 3535 508 3615 μήτρα
520 3532 563 3593 διίι
576 3534 624 3608 τήν
639 3533 777 3616 στείρωσιν
798 3536 845 3596 καί
897 3551 923 3597 et
932 3537 980 3598 illa
989 3537 1105 3618 dignum
1116 3539 1295 3599 exhibeamus
1303 3538 1368 3599 vite
1379 3538 1549 3600 institutum:
1559 3562 1646 3620 neque
1732 3581 1734 3585 ,

68 3626 102 3686 τὸ
112 3631 204 3708 γήρας.
218 3626 372 3705 Καταμάθω
378 3650 426 3704 μεν
445 3625 531 3686 τοίνυν
550 3631 627 3704 ἡμῶν
645 3625 694 3700 τήν
712 3627 843 3707 εὐγένειαν
897 3631 969 3690 enim
979 3632 1059 3692 habet
1068 3631 1219 3711 quidquam
1230 3630 1335 3690 carnale
1344 3631 1387 3690 rel
1401 3643 1534 3695 semestre.
1543 3618 1585 3694 Ne
1594 3633 1661 3695 ita-'

68 3717 140 3796 μετὰ
151 3717 285 3799 ιἰκριόείας
301 3717 422 3791 ἁπάσης,
434 3719 479 3776 καί
505 3716 580 3786 ἀξίαν
602 3721 683 3790 αὐτῆς
704 3717 844 3788 ἐπίδειξίν-
898 3748 951 3805 qne
963 3748 1012 3786 nos
1029 3726 1171 3809 quidpiam
1192 3725 1350 3806 hujusmodi
1373 3726 1531 3787 habeamus.
1552 3729 1646 3808 Neque

69 3815 139 3888 μεθα
150 3810 303 3869 πολιτείαν·
318 3810 376 3869 οὐδὲ
387 3809 439 3889 γάρ
453 3810 509 3890 ἔχει
522 3834 549 3869 τι
564 3812 690 3892 σαρκικδν
704 3810 762 3872 οὐδὲ
778 3817 845 3890 γεῶ-
898 3817 970 3877 enim
984 3838 1104 3893 somnus,
1122 3839 1208 3897 neque
1219 3817 1345 3895 voluntas
1362 3818 1460 3891 earnis,
1471 3840 1559 3899 neque
1569 3841 1645 3881 eom·

68 3905 121 3969 δες.
136 3901 182 3973 Μή
198 3902 283 3961 τοίνυν
306 3901 372 3981 μηδὲ
390 3908 478 3980 ἡμεῖς.
502 3903 572 3963 Οὐδὲ
594 3902 646 3984 γδιρ
667 3902 763 3978 ύπνος,
785 3904 843 3964 οὐδὲ
898 3907 1005 3987 plexus,
1014 3928 1100 3986 neque
1111 3906 1531 3989 eoncupiscentiaestimulus‚sed
1540 3909 1645 3971 Deibe·

68 3994 173 4073 θελημα
185 3996 282 4078 σαρκὸς
300 3994 345 4054 καί
363 3997 539 4074 περιπλοκαί,
558 3996 615 4055 οὐδὲ
631 3986 733 4077 οἶστρος
752 3999 842 4056 ἐπιθυ·
897 4000 1110 4081 nignitastotum
1121 3998 1572 4082 peregit.AcsicutiIIiedespcrata
1581 4016 1645 4063 aeta·
1687 3997 1699 4011 ‘

68 4085 148 4165 μίας,
163 4086 233 4146 ἀλλδι
253 4089 322 4147 Θεοῦ
336 4088 519 4167 φιλανθρωπία
532 4088 563 4147 τὸ
584 4098 635 4147 πᾶν
652 4087 770 4161 ἐποίησε.
789 4088 843 4147 Καὶ
897 4105 933 4166 te,
948 4091 985 4151 ita
1001 4104 1027 4151 et
1038 4091 1083 4150 hie
1098 4105 1268 4172 peccatorum
1280 4103 1414 4150 senectute
1427 4093 1643 4173 superveniente,

66 4176 188 4258 καθάπερ
203 4179 258 4236 ἐκεῖ
275 4180 323 4249 τῆς
340 4177 446 4250 ἡλικίας
459 4178 688 4257 ἀπογνωσθείσης,
708 4178 777 4239 οὕτω
797 4180 843 4239 καί
896 4183 989 4244 statim
1004 4187 1092 4244 notus
1107 4182 1174 4242 exiit
1184 4181 1276 4258 hom0,
1293 4196 1320 4242 et
1332 4203 1425 4242 omnes
1437 4183 1489 4244 filii
1499 4183 1551 4244 Dei
1564 4197 1591 4244 ct
1603 4205 1644 4246 se·

67 4272 181 4329 ἕντοῧθο
199 4276 244 4329 τοῦ
266 4271 354 4349 γήρως
374 4274 428 4328 τῶν
452 4270 653 4352 ἁμαρτημάτων
675 4271 877 4346 ἐπελθόντος,(1
897 4298 957 4337 men
967 4275 1084 4336 Abrahae
1097 4275 1273 4334 Iactisumus.
1285 4276 1333 4334 10.
1346 4275 1521 4335 Nonsolum
1531 4283 1642 4346 autem,

66 4358 190 4440 ἐξαίφνης
209 4360 265 4426 νέος
281 4364 391 4432 ἀνῆλθεν
411 4367 425 4422 δ
445 4362 595 4442 ἄνθρωπος,
615 4363 661 4422 καί
680 4363 777 4431 πάντες
796 4370 843 4423 τοῦ
896 4370 950 4427 sed
959 4382 987 4427 et
997 4370 1128 4427 Rebecca
1136 4389 1172 4427 ex
1183 4359 1242 4426 urio
1255 4370 1410 4427 concubitu
1426 4369 1539 4429 habens
1556 4371 1645 4429 Isaac

66 4454 138 4511 Θεοῦ
152 4451 297 4530 γεγόναμεν
320 4456 429 4527 παῖδες,
452 4455 498 4531 καί
519 4454 626 4534 σπέρμα
650 4459 696 4513 τοῦ
712 4453 841 4534 Ἀθραάμ.
893 4465 988 4535 patris
1014 4464 1116 4521 nostri.
1131 4458 1431 4540 Magnumquidpiam
1451 4461 1643 4539 quaerebatur5

65 4545 107 4601 Οὐ
129 4542 208 4620 μόνον
235 4543 276 4615 δὲ,
305 4545 374 4604 ἀλλὰ
397 4547 444 4605 καί
466 4546 596 4606 Ῥεόέκκα
618 4545 646 4614 ἐξ
671 4544 727 4614 ἑνὸς
751 4545 840 4618 κοίτην
897 4549 1014 4628 ideoque
1025 4550 1111 4610 multa
1125 4561 1216 4611 movet
1229 4548 1379 4626 ratiocinia,
1390 4564 1417 4610 et
1431 4549 1551 4630 undique
1562 4573 1644 4612 eona*

63 4633 164 4715 ἕχοοοο
176 4634 270 4695 'leuitt
284 4641 328 4695 τοῦ
340 4639 440 4716 πατρὸς
453 4640 539 4715 ἡμῶν·
553 4636 632 4717 Μὲνο
642 4638 673 4697 νο
683 4636 841 4714 ζητούμενον
895 4657 942 4704 tur
954 4644 1152 4704 dubitationem
1158 4643 1271 4706 solvere.
1281 4645 1351 4703 Nam
1362 4644 1383 4703 si
1395 4644 1646 4726 ioexspeetatumet

64 4717 114 4797 ήν·
131 4726 170 4784 διὸ
182 4726 228 4785 καί
241 4727 353 4797 πολλοὺς
365 4738 431 4787 κινεῖ
444 4727 601 4807 λογισμοὺς,
615 4730 660 4788 καὶ
675 4729 840 4810 πανταχόθεν
895 4759 998 4799 novum
1007 4750 1045 4796 est
1061 4750 1121 4818 post
1130 4749 1170 4796 tot
1185 4735 1387 4817 promissIoncs,
1402 4736 1505 4795 abillis
1518 4736 1586 4817 ipsis
1599 4757 1646 4796 ex.

64 4819 195 4898 ἷῦνχοῑρῖῖ
215 4821 294 4878 θῦνον
307 4819 354 4891 νῦν
375 4820 497 4901 ἀπορίαν·
517 4823 552 4880 Εἴ
566 4819 616 4901 γὰρ
637 4819 682 4879 κοί
695 4820 841 4902 παράδοξον
895 4830 996 4891 cidere:
1015 4817 1095 4909 longe
1106 4827 1259 4888 mirabilius
1273 4841 1323 4900 est,
1340 4849 1388 4887 nos
1402 4828 1429 4887 in
1451 4827 1561 4888 illorum
1573 4830 1644 4891 bona

64 4910 111 4970 καί
131 4912 220 4971 καινὸν
239 4913 270 4971 τὸ
295 4913 362 4991 μετὰ
387 4913 515 4981 τοσαύτας
538 4912 697 4993 ἐπαγγελίας
721 4917 841 4974 ἐκπεσεῖν
895 4923 1004 4997 intrare,
1017 4921 1068 5001 qui
1090 4921 1160 4981 nihil
1177 4920 1231 4980 tale
1251 4920 1482 5000 exspectabamus.
1492 4922 1588 5000 'Atque
1601 4921 1645 4982 id.
1712 4971 1714 4975 ,

64 5002 186 5079 ἐκείνους,
200 5007 291 5087 πολλῷ
307 5006 532 5086 ποροδοξίτῑρον,
553 5005 584 5065 τί
597 5005 643 5064 κοί
664 5010 736 5085 ἡμᾶς
756 5009 792 5073 εἷς
806 5004 841 5065 τίν
896 5014 986 5096 ipsum
999 5013 1099 5087 evenit,
1113 5034 1145 5072 ac
1161 5011 1257 5091 siquis
1271 5011 1341 5090 regis
1357 5011 1442 5090 filius,
1452 5011 1497 5073 oui
1510 5013 1645 5094 promissa

65 5096 171 5156 ἐκείνων
193 5100 317 5158 εἰσελθεῖν
335 5099 440 5178 ἀγαθὰ,
457 5099 516 5165 τοὺς
538 5097 620 5177 μηδὲν
644 5098 842 5178 apostorum-
896 5108 992 5168 Iuisset
1007 5107 1113 5188 imperii
1125 5104 1267 5179 successio,
1277 5104 1305 5164 in
1317 5104 1494 5166 obscurorum
1505 5107 1647 5170 hominum

64 5213 112 5256 τας
123 5196 248 5250 τοιοῦτον.
264 5191 315 5250 Καὶ
327 5192 421 5252 τοῦτον
432 5192 547 5268 ἐγένετο,
562 5181 615 5250 οἷον
631 5190 662 5249 διν
674 5193 696 5251 εέ
712 5190 842 5270 βασιλέως
896 5200 1022 5260 ordinem
1037 5199 1208 5280 reJiceretur5
1230 5211 1310 5275 atquo
1326 5197 1400 5256 iliius
1426 5196 1485 5259 loeo
1502 5197 1648 5264 dammas

23 5348 26 5353 ,
64 5290 120 5358 υῖδς
132 5292 290 5370 ἐπαγγελίας
304 5291 373 5372 ἔχων
384 5292 430 5365 τήν
443 5293 527 5375 ἀρχὴν
542 5293 709 5362 διαδέξασθαι
718 5293 767 5368 τήν
779 5292 842 5356 ἐκεί·
858 5310 878 5358 Ι)
896 5294 990 5376 homo,
1013 5292 1088 5354 mille
1103 5290 1178 5357 vitiis
1200 5291 1324 5372 refertus,
1345 5312 1380 5352 ex
1394 5312 1499 5357 earcere
1520 5291 1604 5361 adue
