3728 5978
558 476 592 528 IN
620 476 727 550 nrtsr.
751 475 797 525 to
822 476 906 527 ROM-
935 474 1052 526 nomm.
1080 475 1141 526 ΧΙί.

62 603 155 687 λύγον,
171 605 215 664 ἐπὶ
228 602 285 663 led
296 603 416 684 δόγματα
424 603 547 663 ἲκύαίνει
558 602 649 675 ποθιιν,
661 601 730 661 οὕτω
740 601 833 680 λέγων·

63 696 105 755 Ἢ
129 699 264 776 ἀγνοεῖτε,
287 693 394 774 ἀδελφοί
406 719 413 768 ;
427 693 585 773 γινώσκωσι
597 694 649 774 γάρ
661 693 740 772 νόμον
752 695 834 752 λαλῶ.

63 787 175 860 Ἐπειδὴ
189 787 241 868 γάρ
255 775 336 859 εἶπεν,
349 785 391 846 ὅτι
407 785 571 864 ἀπεθάνομεν
585 790 618 862 τῇ
636 784 769 865 ἁμαρτίᾳ,
783 783 834 843 δεί-

62 901 154 938 κνυσιν
175 882 299 952 ἐνταῦθα,
321 877 360 937 ὅτι
375 881 403 939 οὗ
420 878 497 955 μόνον
512 877 630 958 ἁμαρτία
645 879 731 935 αὐτῶν
745 879 774 934 ού
787 899 834 933 κυ-

64 971 161 1049 ριεύει,
171 972 229 1028 ἀλλ’
243 968 301 1029 οὐδὲ
313 969 399 1047 νόμος.
416 971 451 1028 El
463 968 489 1027 δὲ
501 969 580 1046 νόμος
590 970 620 1026 ού
632 966 760 1048 κυριεύει,
770 968 834 1025 πολ·

1562 449 1633 548 509
1655 472 1669 565 ’γ

889 599 930 660 dit
945 612 1036 660 contra
1049 599 1176 659 caomnia
1185 643 1193 679 ,
1211 618 1271 678 qnae
1290 596 1411 658 recidere
1424 608 1544 679 possunt.
1563 599 1632 656 Cum

888 711 951 771 crgo
961 691 1007 750 hic
1020 691 1102 749 finem
1117 689 1222 748 fecisset
1233 688 1364 751 termonis
1377 687 1411 747 de
1426 689 1507 748 rebus
1519 688 1632 749 morali·

887 782 963 855 hus,
986 781 1021 841 ad
1037 781 1164 861 dogmata
1180 800 1275 839 rursus
1290 779 1388 838 transit
1406 778 1449 837 his
1469 778 1578 839 verbis=
1599 781 1697 842 lcii.
1709 804 1756 840 ιιι.
1785 834 1791 845 ,

889 873 943 932 An
960 877 1110 955 ignoratis,
1115 872 1252 954 fratres?
1267 875 1425 931 scientibus
1442 876 1519 931 enim
1540 872 1631 952 legem

889 969 1000 1048 loquor.
1016 971 1161 1044 Postquam
1179 966 1252 1024 enim
1267 963 1357 1040 dixit,
1374 985 1421 1024 nos
1444 977 1564 1023 mortuos
1575 985 1632 1024 esse

62 1064 104 1142 λῷ
119 1062 218 1139 μᾶλλον
235 1061 361 1141 ἁμαρτία.
388 1059 442 1119 Kal
456 1058 673 1138 καταγλυκαίνων
685 1058 730 1118 τὸν
745 1057 832 1137 λόγον,
852 1063 871 1110 C
889 1073 1005 1139 peccato,
1023 1057 1139 1117 ostendit
1147 1056 1193 1114 hio
1205 1075 1257 1115 non
1268 1054 1351 1114 modo
1362 1069 1501 1136 peccatum
1510 1076 1563 1114 non
1577 1055 1632 1115 illis

63 1153 119 1213 ἀπὸ
132 1153 347 1236 παραδείγματος
361 1153 524 1232 ἀνθρωπίνου
539 1157 615 1210 τοῦτο
630 1157 701 1209 ποιεῖ
715 1147 836 1230 φανεράν.

62 1246 120 1305 Καὶ
133 1247 202 1306 δοκεῖ
217 1244 264 1325 μὲν
282 1244 309 1304 έν
323 1270 349 1303 τι
361 1244 465 1323 λέγειν,
481 1243 524 1303 δύο
539 1242 566 1301 δέ
580 1241 690 1313 οτίθησι
703 1246 749 1301 τοῦ
765 1263 835 1320 προ-

63 1338 186 1415 κειμένου
201 1335 381 1409 κατασκευὰς,
398 1337 462 1414 μίαν
474 1333 535 1414 μέν,
552 1333 593 1394 dri
605 1332 778 1399 ἀποθανόντος
792 1336 838 1391 ἀν-

64 1430 142 1509 δρὸς,
159 1432 208 1507 οὐχ
223 1428 361 1487 ὑπόκειται
375 1426 439 1506 γυνά,
455 1427 528 1506 νόμῳ
542 1429 580 1504 τῷ
593 1429 639 1482 τοῦ
654 1424 756 1506 ἀνδρὸς,
778 1420 836 1481 ούδδ

64 1522 137 1580 ἔστιν
159 1520 295 1580 δκωλύοιν
310 1519 391 1600 ἑτέρῳ
409 1518 530 1597 γενέσθαι
544 1525 669 1596 γυναῖκα·
688 1516 780 1597 ἑτέραν
800 1514 838 1590 δέ,

63 1613 107 1671 δτι
122 1617 232 1672 ἐνταῦθα
240 1616 271 1672 ού
287 1611 363 1689 μόνον
376 1616 390 1669 ὁ
404 1610 471 1691 ἀνὴρ
483 1609 660 1682 ἐτελεύτησεν,
677 1606 746 1667 ἀλλά
761 1606 836 1678 καὶὴ

63 1705 146 1783 γυνή·
160 1704 227 1762 ὥστε
243 1706 338 1773 διπλῆς
355 1701 494 1762 ἀπολαύειν
508 1706 556 1772 τῆς
570 1698 725 1778 ἐλευθερίας.
741 1700 775 1756 Ei
785 1696 837 1778 γὰρ

63 1796 269 1868 τελευτήσαντος
282 1799 328 1854 τοῦ
345 1795 452 1874 ἀνδρδς,
470 1793 640 1865 ἀπήλλακται
651 1794 699 1862 τῆς
710 1789 836 1863 ἐξουσίας,

62 1885 128 1945 decr
150 1887 194 1944 καί
218 1885 283 1958 αὐτὴ
307 1887 614 1964 τετελευτοκυῖαρανῇ,
632 1883 722 1960 πολλῷ
737 1881 836 1957 μᾶλλον

62 1977 252 2058 ἠλευθέροιται.
283 1979 317 2035 Εἰ
332 1975 384 2057 γάρ
403 1976 429 2034 ἓν
449 1976 588 2052 γενόμενον
607 1971 771 2033 ἀπαλλάττει
790 1975 838 2042 τῆς

888 1150 1044 1224 dominari,
1066 1148 1114 1208 sed
1140 1168 1227 1226 neque
1248 1147 1344 1226 legem.
1365 1147 1398 1208 si
1421 1168 1486 1207 vero
1506 1148 1551 1206 lex
1578 1168 1632 1206 non

888 1241 1062 1313 dominatur,
1084 1240 1282 1299 multominus
1304 1252 1453 1320 peecatum.
1476 1240 1632 1299 Sermonem

889 1357 953 1395 rcro
977 1335 1128 1406 emolliens,
1146 1334 1198 1392 hoc
1215 1333 1334 1391 humano
1354 1332 1473 1392 declarat
1497 1333 1631 1415 exemplo.

890 1429 929 1486 Ae
948 1426 1055 1487 videtur
1077 1425 1189 1507 quidem
1208 1446 1293 1483 unum
1312 1424 1402 1483 dicere
1408 1468 1417 1498 ,
1445 1424 1493 1484 sed
1510 1424 1567 1484 dno
1584 1414 1633 1506 po-

890 1519 931 1579 nit
962 1519 1084 1579 adrem
1114 1518 1280 1600 propositam
1312 1531 1468 1598 argumenta
1488 1541 1495 1574 ι
1516 1517 1633 1578 alterum

890 1610 1019 1690 quidem,
1039 1610 1112 1689 qnod
1136 1620 1243 1669 mortuo
1266 1610 1346 1683 viro,
1378 1609 1476 1668 mulier
1501 1609 1554 1670 viri
1579 1610 1633 1691 legi

890 1725 942 1763 non
964 1703 1073 1763 subdita
1095 1703 1149 1780 sit,
1177 1723 1226 1761 nee
1249 1701 1369 1761 cohiberi
1397 1702 1498 1781 possit,
1527 1703 1634 1780 quomi-

890 1815 941 1854 nus
951 1794 1028 1853 alteri
1052 1794 1153 1871 nubat;
1175 1793 1290 1851 alterum
1313 1812 1396 1865 vero,
1416 1792 1491 1870 qnod
1515 1792 1633 1852 hicnon
1674 1827 1676 1831 <

890 1886 971 1946 modo
987 1887 1031 1945 vir
1045 1899 1169 1944 mortuus
1187 1884 1239 1956 sit,
1253 1883 1396 1943 sedetiam
1412 1885 1532 1943 mulier:
1552 1886 1588 1944 ita
1604 1900 1635 1945 ut

890 1979 993 2060 duplici
1008 1980 1054 2038 illa
1065 1979 1171 2037 fruatur
1184 1977 1318 2036 libertate.
1331 1980 1357 2037 N
1359 1998 1402 2035 am
1412 1977 1434 2035 si
1449 1977 1632 2051 monuerim,

63 2069 183 2138 ἔξουσίας
193 2069 273 2141 ²¹⁹³th
285 2114 293 2141 ι
307 2071 398 2148 πολλῷ
411 2070 510 2146 μᾶλλον
524 2066 660 2146 ἀμφότερα
671 2062 837 2123 weneloc
852 2069 874 2116 ll
891 2071 926 2129 ab
939 2071 995 2152 ejus
1008 2084 1136 2152 potestate
1149 2069 1261 2128 liberata
1273 2082 1327 2143 est,
1343 2090 1404 2128 cum
1418 2081 1445 2127 et
1455 2069 1514 2150 ipsa
1528 2083 1635 2129 mortua

65 2161 180 2220 Μέλλων
192 2162 278 2220 τοίνυν
292 2160 425 2238 ἐμθαίνειν
436 2163 472 2226 είς
485 2158 533 2231 τὴν
547 2155 718 2237 περὶτούτων
731 2155 836 2215 ἀπόδει-

64 2253 116 2324 ξιν,
134 2257 192 2328 μετ’
207 2251 339 2331 ἐγκωμίου
353 2256 405 2310 τῶν
417 2253 554 2331 ἀκροατῶν
566 2247 679 2332 ἀρχεται
690 2247 785 2325 λέγων,
799 2245 837 2306 Ἦ

64 2347 198 2422 ἀγνοεῖτε,
214 2342 335 2424 ἀδελφοίς
351 2341 509 2421 γινώσκουσι
519 2340 571 2419 γάρ
580 2339 660 2416 νόμον
670 2339 754 2397 λαλῶ.
769 2339 838 2397 Του-

64 2435 154 2506 τέστι,
177 2434 276 2515 σρύδρα
298 2433 504 2513 ὡμολογημένον
524 2429 657 2512 λέγωκαὶ
680 2428 777 2510 σαφές,
791 2427 838 2487 καί

63 2526 223 2606 γινώσκουσι
236 2533 321 2585 ταῦτα
333 2526 401 2605 μετά
416 2524 551 2605 ἀκριύείας
563 2524 677 2582 ἅπαντα.
693 2521 759 2581 Ὅτι
770 2526 785 2580 θ
796 2521 837 2580 νά·

64 2642 114 2695 μσς
129 2616 243 2698 κυριεύει
257 2622 303 2677 τοῦ
320 2617 472 2697 ἀνθρώπου,
488 2619 527 2696 ἐρ’
543 2613 603 2674 ὅσον
617 2613 711 2695 χρόνον
722 2617 763 2692 ζῇ
777 2615 836 2672 Οὐκ

62 2701 132 2781 elne,
145 2715 190 2769 τοῦ
205 2710 314 2790 ἀνδρὸς,
329 2709 387 2768 οὐδὲ
401 2714 449 2780 τῆς
462 2708 602 2786 γυναικὸς,
619 2706 704 2778 ἀλλά,
718 2707 775 2765 Τοῦ
788 2709 835 2764 ἀν·

64 2802 188 2881 θρώπου,
210 2802 274 2883 ὅπερ
290 2802 346 2861 ἐστί
365 2802 451 2860 κοινὸν
466 2799 591 2880 ἐκατέρου
607 2804 652 2859 τοῦ
664 2798 731 2866 ζώον
742 2798 835 2875 ὄνομα.

63 2894 100 2954 Ὁ
115 2895 166 2977 γάρ
180 2894 332 2965 ἀποθανὼν,
348 2894 430 2973 φησί,
445 2893 611 2952 δεδικαίωται
624 2891 677 2951 ἀπὸ
690 2894 738 2963 τῆς
750 2892 836 2972 ἁμαρ·

891 2162 1064 2244 apparuerit,
1078 2161 1164 2220 multo
1181 2159 1268 2240 magis
1280 2160 1392 2218 liberata
1408 2173 1455 2220 est.
1470 2159 1578 2219 Etenim
1589 2162 1612 2220 si
1626 2208 1633 2234 ‚

892 2275 945 2312 uno
959 2252 1137 2329 accidente,a
1155 2265 1284 2333 potestate
1302 2250 1359 2330 ipsa
1381 2251 1528 2326 liberatur3
1548 2252 1635 2313 multo

891 2345 994 2427 magis,
1015 2366 1077 2404 cum
1090 2344 1149 2402 haee
1166 2342 1246 2402 ambo
1256 2356 1432 2419 concurrunt.
1448 2342 1552 2401 Horum
1570 2364 1635 2422 ergo

891 2436 1146 2497 demonstrationem
1160 2435 1296 2509 initurus,
1310 2455 1372 2492 cum
1385 2432 1542 2493 auditorum
1555 2434 1636 2495 laude

891 2529 1110 2610 incipit,dicens:
1119 2528 1171 2587 An
1180 2531 1334 2609 ignoretis,
1340 2529 1635 2607 fratresisrientibus

891 2625 969 2680 enim
982 2622 1073 2701 legem
1085 2620 1196 2700 loquor.
1207 2619 1266 2678 Hoc
1276 2631 1384 2693 est,rem
1392 2639 1452 2697 quae
1460 2617 1535 2698 apud
1542 2640 1635 2680 omnes

891 2713 919 2773 in
930 2713 1048 2772 censeam
1060 2725 1108 2785 cst,
1116 2725 1141 2770 et
1152 2710 1252 2768 claram
1263 2710 1370 2787 loquor,
1378 2722 1404 2768 et
1417 2709 1474 2768 lraee
1487 2709 1577 2769 omnia
1591 2710 1634 2772 illi

894 2817 1018 2864 accurate
1029 2815 1138 2862 norunt.
1155 2803 1233 2878 Quia
1250 2800 1297 2858 lea
1314 2802 1478 2858 indumine
1493 2801 1630 2861 domiuo·

891 2910 949 2970 tur,
966 2909 1077 2977 quanto
1092 2909 1217 2975 tempore
1232 2896 1318 2953 olvit.
1331 2895 1391 2953 Non
1406 2890 1495 2972 dixit,
1513 2895 1545 2954 ln
1565 2894 1634 2970 viro,

63 2985 133 3053 τίας.
159 2989 264 3047 Οὐκοῦν
286 2994 341 3052 τοῖς
355 2989 434 3053 ζῶσιν
448 2990 462 3044 ὁ
476 2985 553 3062 νόμος
566 2990 667 3056 κεῖται,
683 2989 737 3048 τοῖς
749 2980 777 3039 δέ
790 3003 835 3038 τε·
852 2999 872 3047 ι’,
891 3009 975 3066 neque
989 2989 1021 3047 ln
1045 2987 1170 3061 muliere,
1195 2982 1263 3062 sed,
1283 2987 1321 3042 In
1342 2986 1481 3057 ίιοιιιὶιισς
1502 2986 1577 3066 quod
1594 3001 1635 3048 est

64 3075 188 3150 θνηκάσιν
204 3076 291 3136 ούκίτι
309 3076 485 3135 διατάττεται.
508 3075 591 3156 Ὁρᾷς
604 3076 660 3140 πῶς
676 3073 771 3143 διπλῆν
786 3070 835 3144 τὴν

63 3169 213 3247 ἐλευθερίαν
235 3169 382 3242 ἐδήλοισεν;
407 3158 474 3227 Εἶτα
490 3171 515 3226 ἐν
530 3174 584 3233 τοῖς
598 3164 747 3244 προοιμίοις
759 3170 836 3224 τοῦτο

65 3259 238 3337 αἰνιξάμενος,
253 3262 296 3320 ἐπὶ
309 3264 357 3331 τῆς
369 3259 490 3340 γυναικδς
503 3261 530 3317 ἐν
542 3283 574 3337 τη
589 3260 740 3335 κατασκευῇ
752 3256 836 3337 προά·

63 3374 107 3425 γει
128 3352 171 3410 τδν
190 3354 281 3431 λόγον,
305 3351 373 3410 ούτιο
385 3350 487 3429 λέγων·
511 3349 545 3409 ‘ll
560 3349 612 3430 γάρ
628 3347 758 3430 ὕπανδρος
770 3348 834 3427 γυνὴ

63 3447 104 3524 τῷ
117 3446 194 3510 ζῶντι
206 3445 280 3524 ἀνδρί
291 3443 393 3503 δέδεται
403 3443 492 3523 νόμῳ·
508 3442 552 3502 tlt
565 3442 591 3501 δὲ
603 3441 721 3520 ἀποθάνῃ
732 3446 747 3500 δ
758 3439 835 3524 ἀνὴρ,
849 3484 855 3493 .

64 3535 231 3615 κατήργηται
246 3536 299 3596 ἀπὸ
309 3545 354 3596 τοῦ
364 3537 444 3613 νόμου
456 3541 501 3593 τοῦ
513 3533 614 3615 ἀνδρός.
637 3534 703 3614 Ἄρα
714 3523 758 3591 cdv
771 3536 834 3601 ζῶν-

62 3647 108 3691 τος
125 3634 171 3685 τοῦ
190 3627 299 3708 ἀνδρὸς,
315 3627 438 3708 μοιχαλὶς
457 3625 636 3706 χρηματίζει,
657 3623 703 3683 tto
725 3623 835 3705 γίνηται

64 3718 139 3796 ἀνδρὶ
153 3718 248 3799 ἑτέρῳ·
264 3719 309 3778 ἐὰν
325 3721 352 3779 δὲ
365 3721 484 3797 ἀποθάνῃ
500 3723 514 3777 δ
528 3717 611 3797 ἀνὴρ,
625 3717 748 3789 ἐλευθέρα
764 3717 834 3777 ἐστίν

64 3810 119 3868 ἀπὸ
132 3816 178 3868 τοῦ
195 3810 295 3888 νόμου,
309 3817 354 3869 τοῦ
367 3810 403 3889 μὴ
419 3802 486 3869 εἶναι
501 3809 582 3881 αὐτὴν
595 3808 747 3889 μοιχαλίδα,
757 3831 834 3885 γενο·

65 3899 147 3977 μένην
162 3902 236 3981 ἀνδρὶ
251 3903 341 3982 ἑτέρῳ.
364 3905 486 3982 Συνεχῶς
505 3901 569 3959 αὐτὸ
589 3898 770 3980 περιστρέφει,
789 3899 835 3959 καὶ

66 3992 135 4070 μετδι
154 3995 253 4063 πολλῆς
274 3998 321 4064 τῆς
343 3994 493 4073 ἀκριύείας·
518 3991 607 4064 ἐπειδὴ
630 3991 731 4071 σφόδρα
745 3994 836 4072 θαρρεῖ

846 4053 882 4090 MS

890 3103 1031 3142 commune
1044 3082 1186 3160 utriusque
1199 3079 1342 3138 animantis
1355 3099 1461 3141 nomen.
1478 3082 1535 3160 Qui
1556 3087 1635 3141 enim

891 3188 1021 3234 mortuus
1034 3186 1089 3250 est,
1103 3171 1201 3252 inquit,
1213 3172 1396 3255 justificatus
1409 3184 1453 3231 est
1467 3193 1486 3232 a
1499 3187 1634 3250 peceato.

891 3267 966 3347 Ergo
979 3266 1140 3327 virentibus
1158 3265 1204 3323 lex
1220 3262 1283 3323 data
1300 3276 1355 3340 σει,
1371 3262 1488 3324 mortuis
1503 3282 1637 3324 veronen

890 3360 965 3418 item.
985 3355 1084 3420 Viden’
1097 3353 1233 3434 quomodo
1251 3366 1342 3414 nutem
1363 3352 1502 3435 duplicem
1518 3354 1635 3414 liberta-

891 3466 944 3511 tem
955 3446 1126 3509 declaravit?
1148 3446 1253 3506 Deinde
1266 3461 1409 3528 postquam
1422 3445 1483 3507 haec
1498 3445 1526 3504 iu
1541 3469 1635 3529 prem·

890 3544 953 3603 miis
976 3540 1170 3612 subindicavit,
1196 3538 1231 3599 ad
1254 3540 1396 3600 mulierem
1424 3540 1451 3598 in
1473 3555 1634 3619 argumento

890 3657 1038 3696 sermonem
1058 3632 1203 3706 convertit,
1225 3631 1335 3693 dicens:
1351 3636 1380 3693 t.
1401 3635 1481 3692 Nom
1496 3653 1561 3714 que
1581 3638 1635 3694 sul»

890 3733 957 3788 uiro
973 3741 1016 3788 est
1030 3727 1146 3802 mulier,
1168 3729 1282 3785 viventi
1299 3729 1366 3784 viro
1383 3727 1512 3805 alligata
1527 3740 1569 3786 cst
1581 3749 1634 3807 per

890 3822 982 3900 legem
996 3844 1004 3877 r
1019 3823 1045 3879 si
1061 3832 1160 3880 autem
1174 3829 1305 3878 mortuus
1320 3819 1413 3897 fuerit
1426 3822 1477 3876 uir
1488 3822 1561 3900 ejus,
1586 3840 1633 3878 so·

890 3915 954 3972 luto
967 3925 1009 3972 est
1021 3931 1040 3969 a
1055 3913 1118 3992 lege
1130 3914 1201 3970 etri.
1219 3912 1249 3968 5.
1264 3912 1345 3990 Ergo
1359 3915 1473 3970 vivente
1484 3915 1564 3984 viro,
1580 3914 1640 3971 ad·

892 4005 988 4062 ultera
1007 4016 1144 4076 vocatur,
1162 4005 1188 4060 si
1201 4004 1309 4082 juncta
1321 4003 1412 4078 suerit
1431 4003 1520 4062 alteri
1538 4009 1630 4063 viro:
1715 4000 1718 4004 ’

64 4088 102 4163 τῷ
119 4087 165 4143 ὕπ’
182 4088 262 4145 αὐτοῦ
277 4084 549 4165 κατασκευαζομένῳ·
573 4084 629 4142 Καὶ
642 4082 831 4155 τίθησιν-ἔντ’
854 4106 874 4152 Α
891 4101 918 4156 si
930 4109 1029 4155 autem
1042 4096 1277 4174 mortuussuerit
1289 4113 1339 4152 νει·
1356 4097 1430 4175 ejus,
1449 4094 1541 4155 libera
1556 4110 1599 4157 est
1612 4119 1633 4157 ιι

66 4174 102 4243 ξει
122 4175 170 4253 μὲν
188 4183 233 4237 τοῦ
247 4179 338 4256 ἀνδρὸς
353 4177 397 4236 τὸν
408 4177 500 4256 νόμον,
516 4181 542 4236 ἐν
556 4176 628 4244 τάξει
642 4173 670 4235 dl
683 4180 730 4246 τῆς
741 4199 835 4254 γυναι-

65 4267 110 4335 κὸς
120 4268 178 4335 τούς
190 4270 381 4337 πιστεύσαντας
391 4269 518 4337 ίίποιντας.
535 4259 602 4327 ίῖίτα
613 4268 644 4327 τὸ
655 4267 835 4346 συμπέρασμα

65 4364 94 4416 ού
113 4358 182 4418 κατδι
202 4361 250 4434 τὴν
265 4361 391 4441 πρότασιν
405 4362 515 4441 ἐπάγει·
533 4361 564 4420 τὸ
576 4359 627 4440 γάρ
650 4358 788 4418 ἀκόλουθον
802 4351 834 4431 ἦν

65 4452 164 4508 εἰπεῖν·
180 4450 265 4525 ὥστε,
282 4453 389 4533 ἀδελφοί
395 4476 468 4530 μου,
485 4455 514 4511 ού
527 4450 657 4532 κυριεύσει
672 4454 746 4528 ὑμῶν
761 4455 775 4509 ὁ
789 4449 834 4510 νά·

66 4566 127 4618 μσς·
151 4544 266 4604 ἀπέθανε
286 4545 346 4624 γάρ.
369 4544 439 4603 Ἀλλ’
462 4547 508 4603 οὐκ
526 4535 597 4602 εἶπεν
615 4541 713 4613 οὕτως,
733 4543 791 4600 ἀλλ’
807 4545 834 4602 ἐν

66 4634 160 4713 μέντῇ
179 4636 305 4713 προτάσει
324 4643 400 4695 τοῦτο
421 4635 540 4716 ᾐνίξατο·
566 4633 635 4693 ἐνδὲ
654 4639 687 4712 τῇ
706 4635 833 4714 ἐπαγωγῇ

64 4736 166 4810 λοιπὸν,
185 4736 253 4796 ὥστε
272 4741 408 4816 ἀνεπαχθῆ
422 4741 532 4806 ποιῆσαι
546 4735 589 4792 τθν
608 4732 703 4812 λύγον,
720 4731 768 4805 τὴν
783 4757 833 4812 γυ-

47 4844 144 4898 ναῖκα
164 4837 262 4915 εἰσάγει
285 4840 511 4907 τετελευτηκυῖαν,
526 4833 624 4912 λέγων·
639 4831 739 4908 Ὥστε,
754 4833 834 4891 ἀδελ-

66 4937 110 5016 φοί
132 4962 197 5015 μου,
227 4938 273 4997 καί
297 4941 372 5014 ὑμεῖς
391 4932 571 5004 ἐθανατώθητε
585 4935 624 5012 τῷ
643 4930 726 5012 νόμῳ.
748 4930 836 4992 Ὅταν

101 5142 113 5175 b
132 5140 141 5202 [
153 5139 180 5188 Α,
192 5149 217 5186 et
229 5153 308 5202 marg.
318 5135 395 5186 sarit.
407 5144 437 5187 τὰ
448 5138 575 5200 δογματικοί
584 5133 704 5200 tredecimo]

99 5228 108 5247 ·
126 5213 225 5281 [Iidem
238 5221 364 5283 προτίθησι,
375 5215 440 5261 Τυιιι
456 5214 485 5262 λ.
495 5220 714 5277 κατασκευάσματα,
724 5222 750 5259 et
766 5208 829 5263 infra

212 5315 284 5352 ΤΟΜ.
310 5315 352 5351 lx.

890 4190 963 4270 lege,
982 4200 1014 4248 ut
1028 4208 1088 4246 non
1101 4190 1140 4246 sit
1153 4185 1300 4257 adultera,
1318 4189 1345 4245 si
1357 4189 1530 4266 sejunxerit
1543 4190 1633 4249 alteri

891 4287 966 4342 uiro.
979 4282 1144 4357 Frequenter
1158 4277 1210 4337 hoe
1222 4277 1313 4357 ipsum
1327 4290 1416 4338 versat
1428 4292 1453 4338 et
1467 4301 1529 4356 eum
1543 4284 1633 4344 multa

889 4373 1065 4449 accuratione,
1076 4371 1138 4451 quia
1148 4369 1298 4430 admodum
1307 4370 1419 4431 considit
1429 4392 1484 4432 ουκ
1490 4391 1632 4454 argumen-

889 4465 993 4526 tationi.
1005 4464 1129 4544 Atquein
1140 4463 1193 4524 viri
1199 4463 1295 4522 ordine
1304 4464 1377 4543 ponit
1389 4463 1485 4545 legem,
1495 4468 1523 4531 in
1534 4469 1632 4532 ordine

888 4572 979 4620 autem
987 4557 1109 4619 mulieris
1118 4577 1162 4616 eos
1170 4577 1270 4633 omnes,
1282 4555 1329 4635 qui
1337 4556 1516 4619 crediderunt.
1527 4562 1633 4624 Deinde

889 4651 1085 4731 conclusionem
1104 4647 1216 4708 adducit
1230 4668 1283 4706 nou
1296 4646 1446 4708 secundum
1467 4653 1631 4731 propositio-

887 4765 967 4818 nem3
991 4741 1161 4802 continenter
1174 4738 1246 4798 enim
1265 4738 1414 4799 dicendum
1434 4754 1493 4801 erat
1504 4742 1629 4822 altaque,

889 4836 983 4893 tratres
997 4831 1062 4905 mei,
1077 4851 1130 4890 non
1143 4830 1333 4890 dominabitur
1346 4832 1425 4891 robis
1439 4832 1505 4909 le13
1523 4848 1634 4911 mortua
1669 4904 1673 4909 Ι

888 4927 960 4988 enim
974 4940 1021 4987 est.
1042 4928 1144 4988 chm
1162 4944 1214 4984 noo
1233 4924 1271 4982 ita
1284 4924 1367 5001 dixit,
1386 4938 1467 5004 atque
1480 4921 1510 4987 id
1523 4926 1551 4989 in
1564 4949 1634 5010 pro·

863 5138 969 5204 δευτέραν
979 5136 1003 5185 tt
1013 5147 1059 5196 pro
1071 5133 1150 5187 ίτάρτιν
1162 5132 1192 5180 tt.
1203 5127 1212 5191 ]
