3728 5978
116 388 168 482 34
462 418 491 465 s.
518 416 658 465 totuuis
683 415 867 464 euersosr.
897 418 1051 470 incurro.
1079 421 1349 473 cousruurruor.

120 538 256 618 voluptate
274 537 420 619 predante.
435 539 556 617 Quisque
576 538 651 599 videt
663 540 794 599 latronem
807 560 862 597 au·
915 541 1051 604 ἐπιόντων.
1061 545 1113 604 Διά
1124 546 1228 616 ταύταις
1239 547 1287 617 τὰς
1301 548 1389 616 οὒσίας
1404 549 1499 630 ἔχομεν
1514 550 1638 620 ἕκαστος,
1654 552 1685 611 δι’

118 629 246 689 serentem
260 629 367 704 omnia,
380 643 406 689 et
422 630 535 689 letatur.
546 632 640 691 Novus
654 629 789 691 latrocinii
804 651 862 690 mo·
915 633 1016 702 ἐκείνας
1025 634 1053 696 δέ
1070 636 1118 705 τάς
1129 639 1220 718 ἐορτδς
1230 641 1276 700 καί
1286 640 1438 708 ἐπιύλαύῶς
1449 645 1577 721 κινοῦμεν
1591 642 1686 717 αύτάς,

119 719 239 800 dus:qui
249 722 348 800 exutis,
362 735 392 780 ut
403 720 547 800 gaudeant,
559 720 662 782 suadet
915 728 945 784 ού
970 728 1076 808 λῃστῶν
1107 731 1321 804 ἐπεισελθόντων,
1344 731 1414 791 ἀλλὰ
1439 737 1487 805 ιη”ς
1505 734 1565 811 μεθ’
1590 735 1686 807 ἡδονῆς

915 819 1093 896 λῃστιυούσης
1118 821 1273 891 κενοδοξίας.
1301 822 1372 905 Ὁρᾷ
1390 824 1435 884 τὸν
1456 825 1558 906 λῃστὴν
1575 825 1686 895 ἕκαστος

915 913 1073 992 ἐκροροῦντα
1094 912 1197 989 πάντα,
1231 915 1277 974 καί
1307 915 1411 987 ἥδεται.
1437 916 1533 984 Καινδς
1557 919 1606 987 ιη”ς
1637 920 1685 999 λῃ·

848 1068 855 1077 ,
875 1011 894 1059 E
914 1003 1026 1072 οτείαςδ
1039 1003 1149 1088 τρύπος·
1165 1004 1254 1065 ἐπιισι
1268 1007 1329 1074 τοὺς
1339 1007 1533 1087 ἀποδυομένους
1550 1008 1685 1090 εὐφραίνε-

912 1101 982 1156 σθαι.

153 1190 181 1246 l.
194 1191 298 1250 Verum
312 1189 369 1248 illic
381 1189 452 1250 nibil
467 1190 537 1266 tale;
559 1190 605 1250 sod
619 1190 654 1250 ab
668 1189 794 1251 omnibus
808 1211 855 1250 re·
950 1188 1020 1248 Ἀλλ’
1031 1191 1078 1249 οὐκ
1092 1191 1146 1249 ἐκεῖ
1163 1195 1279 1250 τοιούτω
1294 1190 1381 1250 οὐδέν·
1397 1189 1465 1250 ἀλλά
1478 1199 1561 1250 πᾶσιν
1577 1190 1682 1251 ἀπετιί·

114 1280 201 1341 movit
214 1283 298 1359 Deus,
311 1296 340 1341 ut
350 1283 500 1342 communis
515 1285 604 1361 Pater,
620 1298 678 1343 tum
692 1306 752 1363 quae
762 1285 856 1345 viden·
907 1306 982 1363 χισεν
993 1285 1008 1340 θ
1021 1279 1089 1350 Θεὸς
1100 1281 1219 1362 καθάπερ
1230 1283 1315 1351 κοινδς
1329 1281 1436 1363 Πατὴρ,
1451 1282 1497 1341 καί
1511 1291 1566 1350 τοῖς
1578 1283 1683 1365 §purpl-

8 1381 103 1430 ιιθ.6,ι.
114 1386 170 1447 tur,
185 1387 315 1452 tumque
329 1395 381 1434 non
397 1375 531 1435 videntur.
545 1378 616 1435 Nam
630 1376 686 1434 ait:
705 1379 807 1436 Videte
820 1398 856 1436 ue
907 1398 973 1450 νοις,
987 1374 1033 1434 καί
1041 1383 1095 1441 τοῖς
1106 1371 1144 1453 μὴ
1158 1374 1308 1455 δρωμένοις.
1321 1374 1437 1435 Βλέπετε
1450 1373 1522 1455 etp,
1539 1375 1619 1456 μησὶ,
1631 1375 1680 1448 τὴν

114 1468 330 1543 eleemosynam
344 1471 609 1551 oestromsooiatt's
618 1489 717 1529 eoram
729 1471 855 1528 bomini-
908 1465 1085 1544 ἐλεημοσύνην
1102 1470 1176 1545 ὑμῶν
1195 1468 1232 1545 μὴ
1244 1475 1328 1527 ποιεῖν
1349 1467 1497 1547 ἔμπροσθεν
1513 1470 1566 1526 τῶν
1579 1465 1681 1546 ἀνθρύ-

114 1565 175 1629 dus.
186 1563 257 1621 Hinc
267 1562 347 1621 discit
360 1561 448 1622 anima
463 1563 625 1644 injustitiam
632 1564 733 1643 sugere.
743 1563 855 1643 iujusti·
907 1578 974 1616 τιον.
988 1557 1123 1618 Μανθάνει
1138 1558 1210 1638 ψυχὴ
1225 1559 1340 1618 ἐντεῦθεν
1360 1556 1464 1617 ἀδικίαν
1479 1556 1594 1637 φεύγειν.
1613 1555 1682 1616 Ἀδι-

112 1655 148 1714 tia
161 1656 236 1715 enim
260 1671 310 1733 cst,
329 1678 382 1716 non
410 1656 491 1716 modo
506 1656 632 1737 pecunias
658 1677 706 1737 per
732 1656 856 1737 rapinam
907 1647 952 1706 νίο
962 1647 1030 1729 γάρ,
1042 1652 1072 1709 οὗ
1086 1649 1258 1731 πδθχρθμοιῖοι
1270 1652 1435 1710 πλῖονοιιπιῑν
1450 1647 1538 1727 μόνον,
1549 1647 1620 1723 άλλθ
1632 1647 1679 1709 ml

111 1768 215 1827 parare,
228 1747 370 1807 sedetiam
383 1748 445 1828 plus
462 1748 516 1806 cibi
529 1746 594 1806 dare
607 1747 706 1826 ventri,
720 1769 801 1826 quarn
814 1770 855 1808 sa-
906 1740 937 1800 πθ
954 1740 1033 1802 πλάον
1051 1747 1099 1814 *lt
1121 1741 1270 1822 δνριομάνηα
1283 1745 1382 1825 τρορῆι
1399 1740 1500 1801 διδάνοιι
1519 1745 1553 1820 τῇ
1573 1740 1680 1823 impl,

111 1840 145 1898 tis
168 1841 213 1912 sit,
227 1854 252 1899 et
275 1841 397 1899 lotitiam
410 1855 486 1899 extra
506 1840 635 1899 terminos
656 1840 855 1920 ederentque
906 1832 952 1891 καί
968 1832 1016 1907 αλιι
1028 1832 1186 1915 εὖρροαθνην
1202 1838 1255 1894 τῶν
1265 1832 1368 1893 οθιοίιον
1384 1831 1485 1911 θίάγιιν
1498 1833 1613 1912 μάτροινι
1634 1830 1680 1891 ml

95 1930 279 2002 „debacchari
293 1932 374 1990 illinc
395 1931 544 1992 castitatem
562 1931 652 2007 discit,
673 1931 738 1991 bine
759 1932 853 1992 libidi·
870 1971 894 2013 tt
906 1933 990 1984 ποιεῖν
1011 1924 1227 2007 θιιδακχεθεαθαι·
1240 1925 1359 1985 Ἐκεῖθεν
1380 1921 1551 2005 οονρροπθνην
1576 1922 1678 2001 μανθά-

109 2043 181 2081 ιιοιιι.
195 2024 254 2081 Non
269 2021 357 2081 solum
368 2021 439 2080 enim
452 2021 561 2082 mulieri
581 2022 687 2082 misceri
700 2022 787 2081 libido
803 2037 853 2098 est,
873 2026 892 2072 Α
906 2037 961 2087 νοιν
975 2019 1090 2077 θντιθθιν
1100 2017 1253 2079 άνολοιοίοιν·
1268 2021 1310 2078 θθ
1332 2016 1385 2096 γάρ
1400 2016 1432 2077 τδ
1446 2019 1559 2095 μιγῆναι
1572 2012 1679 2093 γνναοιί

109 2113 247 2174 sedetiam
271 2114 379 2175 lascivis
399 2115 483 2174 oculis
501 2115 643 2196 respicere.
655 2116 736 2176 Illinc
760 2116 854 2177 mode-
907 2108 984 2188 μόνον
998 2111 1144 2183 άιιολααία,
1155 2113 1224 2170 άλλθι
1234 2111 1281 2171 καί
1293 2111 1324 2170 τδ
1338 2109 1496 2176 άνιολάοτοις
1508 2109 1571 2168 ίδιῖν
1583 2109 1679 2188 θρθαλ·

11 2235 48 2262 ον.
76 2253 82 2264 .
108 2207 187 2267 stiam
201 2207 297 2287 discit,
319 2208 385 2267 binc
398 2209 508 2267 fastum.
527 2211 637 2267 Omnia
652 2209 734 2281 enim,
752 2209 851 2289 inquit,
905 2211 971 2280 μοῖς.
986 2201 1116 2280 Ἐκεῖθενζ
1125 2202 1267 2264 ἐπιείκειαν
1291 2202 1433 2280 μανθάνει,
1446 2204 1564 2260 ἐντεῦθεν
1589 2204 1679 2280 τῦφον.

108 2303 181 2359 milti
193 2301 293 2373 licent,
319 2302 370 2360 sed
394 2321 452 2358 non
477 2305 576 2359 omnia
590 2303 756 2380 expediunt.
771 2302 852 2362 illine
903 2294 997 2354 Πάντα
1006 2295 1058 2375 γάρ
1070 2318 1124 2373 μοι,
1137 2295 1225 2377 φησίν,
1239 2293 1347 2366 άίεοτιν,
1362 2295 1420 2355 ἄλλ’
1433 2291 1559 2353 οθπάνποι
1575 2289 1675 2372 ονμρά·

106 2392 282 2465 honestatem,
295 2392 359 2450 hinc
373 2391 580 2473 turpitudinem.
604 2393 687 2452 Mitto
705 2415 735 2452 ea
748 2414 807 2472 quae
822 2395 850 2454 iu
904 2409 952 2466 pn.
965 2388 1083 2447 Ἐκεῖθεν
1095 2388 1401 2467 supernominavero
1414 2382 1617 2466 ἀσχημοσύνην·
1632 2385 1676 2445 Τά

105 2482 225 2543 theatris.
242 2481 324 2555 Quod
337 2497 427 2542 autem
441 2483 516 2542 nulle
539 2483 577 2542 ibi
592 2485 717 2565 voluptas
736 2485 783 2562 sit,
803 2485 850 2545 sed
901 2477 990 2560 γύρέν
1004 2489 1059 2547 τοῖς
1072 2480 1189 2562 θεάτροις
1201 2480 1331 2561 παρίημι.
1342 2479 1446 2542 Ὅτιδὲ
1468 2478 1528 2538 οὐδὲ
1543 2477 1625 2551 ἡδονή
1637 2475 1676 2546 τίς

103 2575 193 2655 potius
209 2574 352 2634 moestitia:
368 2573 503 2634 ostendite
517 2573 585 2633 mibi
605 2574 651 2634 die
662 2575 759 2635 festum
775 2576 848 2635 inse-
900 2571 982 2644 ἐστιν,
994 2569 1062 2631 ἀλλά
1074 2571 1161 2646 λύπη,
1171 2572 1272 2642 δείξατά
1286 2595 1331 2650 μοι
1351 2570 1419 2651 μετά
1431 2570 1493 2645 μίαν
1508 2568 1614 2650 νλμάριιν
1628 2575 1675 2642 τῆς

102 2680 253 2743 quenteeos
268 2666 315 2744 qui
332 2679 436 2725 sumtus
451 2665 618 2742 effuderunt,
636 2689 734 2747 eosque
747 2668 793 2747 qui
813 2669 848 2728 ad
901 2664 1008 2740 ἑορτῆς,
1023 2662 1084 2732 τούς
1105 2688 1133 2723 τε
1155 2664 1358 2740 ἀναλώσαντος,
1376 2663 1439 2738 ποθι,
1456 2686 1486 2723 τι
1507 2663 1674 2731 θοτιοθίνται

101 2758 254 2839 spectacula
267 2758 374 2820 invitati
392 2758 521 2816 suerunt:
536 2758 742 2838 videbimusque
757 2781 849 2821 omues
904 2763 956 2822 τοῖς
968 2754 1097 2834 θιάμαοι,
1112 2758 1158 2817 καί
1173 2758 1232 2840 ὄψει
1245 2757 1336 2826 αθτοθι
1347 2756 1396 2837 μὲν
1408 2758 1436 2816 ἕν
1450 2756 1585 2838 *mitit
1594 2756 1674 2816 άππν

102 2850 229 2909 moestitia
238 2864 385 2931 correptos,
400 2850 519 2910 maxime
529 2872 593 2911 vero
607 2851 698 2930 illurn,
710 2852 758 2931 qui
774 2875 848 2913 sum·
900 2870 960 2922 ιαι,
972 2850 998 2908 ἐν
1020 2848 1119 2928 μείζονι
1135 2849 1163 2910 δέ
1177 2855 1274 2911 ἐκεῖνον
1291 2849 1336 2911 τδυ
1351 2847 1519 2910 ἀναλωκότα.
1540 2848 1596 2908 Καὶ
1606 2847 1673 2909 εἰκό-

100 2953 159 3000 ῑιιιιι
189 2941 382 3023 suppeditavit.
409 2941 445 3000 Et
465 2943 527 3022 jure
545 2942 677 3021 quidem:
701 2945 848 3006 oblectavit
865 2959 883 3005 tt
899 2939 1067 3022 προέπεμψε
1077 2942 1172 3024 γάριηζθ
1186 2942 1333 3026 προτεραίᾳ
1342 2943 1386 3003 τδν
1402 2937 1673 3018 ἐδιοίπνινἿιοθδμάν

101 3032 173 3090 enim
184 3031 230 3090 die
237 3031 399 3112 praecedeuti
413 3032 571 3113 popularem
586 3033 733 3109 bominem,
743 3038 790 3116 qui
802 3038 847 3097 lae·
899 3029 1005 3103 ίδιάπηα
1016 3034 1043 3091 δν
1058 3037 1169 3117 ιθθομία
1183 3027 1216 3108 ἦν
1232 3035 1278 3094 ναί
1291 3035 1372 3114 ἡδονῇ
1385 3035 1486 3112 πολλῇ
1498 3030 1672 3113 τίνοιγθριῇ

100 3136 144 3181 tus
158 3122 307 3182 admodum
321 3136 390 3201 erat,
405 3122 546 3204 splendida
560 3145 676 3204 namque
691 3140 762 3187 veste
774 3129 846 3189 frue-
898 3125 989 3195 ἕαθῆτι
1003 3124 1143 3207 &perpet-‘q'
1160 3132 1273 3211 λαμπρᾷ
1283 3152 1289 3165 ·
1299 3126 1347 3201 τὴν
1367 3129 1466 3207 χρῆσιν
1478 3123 1507 3184 dl
1526 3125 1609 3196 αὐτῆς
1626 3127 1672 3184 οὐκ

100 3214 198 3292 batur3
211 3213 258 3274 sed
272 3237 334 3275 cum
349 3236 401 3275 non
416 3214 451 3275 ad
471 3237 550 3276 usum
565 3238 644 3277 suum
665 3233 743 3297 esset,
757 3241 785 3280 se
799 3222 848 3281 illa
897 3216 975 3295 ἔχων,
992 3222 1050 3279 ἀλλ’
1073 3225 1140 3302 ὁρῶν
1153 3222 1242 3282 ἑαυτὸν
1255 3219 1442 3298 ἀποδυόμενον,
1455 3216 1533 3298 ἤλγει
1550 3214 1596 3276 καί
1609 3215 1672 3276 ἐδά-

101 3321 214 3367 exutum
224 3308 333 3387 videns,
348 3305 457 3367 dolebat
472 3322 498 3366 et
511 3308 703 3370 cruciabatur:
721 3312 768 3390 qui
782 3334 846 3373 vero
900 3330 984 3368 κνετο.
1000 3309 1118 3380 Ἐκεῖνος
1137 3313 1188 3374 ott
1202 3314 1360 3384 ἀναλίσκων,
1372 3310 1418 3369 καί
1437 3308 1486 3381 τὴν
1504 3308 1604 3368 οἰκείαν
1625 3309 1672 3366 εύ-

100 3413 222 3458 sumtum
232 3399 303 3476 lecit,
310 3420 387 3458 suam
396 3420 451 3480 prae
461 3398 534 3459 illius
542 3400 669 3461 felicitate
676 3424 789 3483 parvam
796 3426 846 3485 pu·
898 3400 1014 3481 πραγίαν
1034 3405 1131 3486 μικρδν
1147 3410 1209 3488 δρᾷν
1227 3407 1293 3490 πρδς
1310 3403 1358 3476 τὴν
1383 3401 1484 3464 ἐκείνω
1505 3399 1599 3461 ἐδόκει.
1619 3398 1672 3459 Διά

100 3494 184 3554 tabat.
201 3495 309 3556 Idcirco
320 3494 439 3574 sequenti
452 3495 498 3554 die
513 3496 665 3556 redduntur
673 3512 770 3575 vestes,
788 3521 847 3559 ma·
898 3495 974 3553 coito
996 3500 1029 3575 τῇ
1052 3498 1178 3580 ὑστεραίᾳ
1206 3495 1381 3558 ἀντιδιδύασιν
1403 3492 1545 3566 ἀλληλοις,
1568 3491 1615 3552 καί
1641 3492 1672 3552 πθ

98 3587 239 3666 jovemque
260 3607 401 3645 moerorem
417 3586 464 3664 qui
485 3588 702 3649 commodaverat
721 3591 846 3673 concipit.
898 3583 977 3643 πλέον
986 3589 1034 3656 τῆς
1043 3586 1155 3666 ἀθυμίας
1168 3589 1265 3653 ἐκεῖνος
1280 3584 1396 3664 δέχαται·
1411 3584 1446 3642 El
1459 3581 1488 3642 δέ
1503 3584 1530 3640 άν
1542 3587 1596 3646 τοῖς
1608 3578 1671 3648 δίαν

103 3677 184 3750 Quod
194 3679 217 3738 si
232 3679 259 3737 in
273 3677 453 3738 exterioribus
468 3679 528 3738 latta
543 3693 644 3740 tautam
658 3681 776 3743 inferunt
789 3707 846 3745 rno-
898 3677 939 3736 θεν
950 3678 1080 3754 τοσαύτην
1092 3679 1147 3762 ἔχει
1155 3679 1249 3752 ἀηδίαν
1260 3676 1294 3738 sd
1303 3675 1436 3758 riporum
1449 3717 1457 3747 ‚
1470 3671 1505 3732 τά
1519 3673 1550 3732 δί
1563 3670 1671 3732 ἐπιστά-

103 3771 218 3848 lestiam,
231 3784 257 3830 et
268 3770 379 3830 molesta
389 3769 545 3847 utilitatem,
556 3773 643 3833 multo
655 3776 742 3855 magis
750 3777 778 3834 in
791 3778 846 3859 spi·
897 3793 980 3849 φοντα
992 3771 1131 3853 ὠφέλειαν,
1145 3773 1236 3852 πολλῷ
1248 3770 1348 3848 μᾶλλον
1361 3771 1388 3828 ἐν
1401 3774 1456 3833 τοῖς
1469 3771 1670 3844 πνευματικοῖς.

101 3862 255 3922 ritualibus.
272 3862 338 3922 Ideo
360 3883 436 3921 nemo
454 3878 590 3924 succenset
604 3865 718 3946 legibus,
731 3869 779 3928 sed
803 3892 847 3930 eas
898 3861 950 3921 θιδι
962 3866 1039 3922 τοῦτο
1052 3862 1143 3941 μηδείς
1164 3866 1308 3942 άγανανιτοῑ
1330 3868 1390 3930 τοῖς·
1406 3860 1513 3938 νάμοιτν
1527 3854 1598 3917 dm
1623 3855 1670 3915 ῑνλ

102 3954 252 4014 communis
276 3975 333 4013 esse
357 3953 483 4014 utilitatis
503 3970 608 4015 censent
635 3978 735 4019 omnes.
754 3963 847 4042 Neque
863 3959 882 4007 C
898 3952 986 4028 κοινλν
999 3955 1127 4036 ὧρίλειαν
1139 3956 1253 4022 ἅπαντας
1263 3953 1377 4013 τίθενται
1387 3951 1419 4011 πθ
1429 3960 1553 4032 πρᾶγμα·
1567 3947 1671 4028 stitit

21 4105 27 4118 ,
101 4048 173 4107 enim
185 4046 320 4129 peregrini
331 4047 375 4108 vel
391 4047 494 4106 inimici
512 4048 562 4107 bas
578 4049 650 4130 leges
664 4065 789 4131 statuere,
800 4055 847 4114 sed
898 4045 1006 4106 άλλοθάν
1018 4051 1096 4106 ποθεν
1107 4045 1172 4115 θάνοι
1182 4046 1227 4105 καί
1237 4044 1359 4124 πολίμιοι
1373 4047 1427 4103 τῶν
1441 4041 1670 4121 νομνθιτονμάνοιν

102 4138 154 4219 ipsi
175 4139 260 4215 cives,
276 4139 394 4220 patroni,
411 4155 566 4200 curatores:
583 4142 687 4222 boeque
700 4145 795 4206 salutis
815 4169 847 4207 ao
898 4137 1016 4206 ἔλθάντιο
1025 4145 1109 4199 ταῦτα
1120 4137 1286 4213 διιτάίαντο,
1301 4140 1359 4197 ἀλλ’
1372 4134 1447 4196 οθτολ
1465 4135 1631 4209 άπολῖῖθνι
1645 4137 1670 4194 οἶ

53 4258 56 4263 ·
100 4233 292 4292 benevolentiae
307 4233 440 4293 indicium
453 4248 560 4316 putant,
571 4238 644 4314 quod
654 4239 728 4319 leges
740 4262 846 4321 ponan-
897 4230 1261 4314 προοπάτοιι,οίνιηδιμάνοι·
1277 4230 1409 4290 κολποθπο
1424 4224 1670 4306 οωνθρίντιιολιθ·

101 4339 155 4384 tur.
166 4324 250 4402 Atqui
261 4325 333 4404 leges
350 4324 439 4406 poenls
454 4340 480 4384 et
492 4327 594 4387 ultione
611 4330 696 4410 pleuae
711 4348 789 4412 sunt;
799 4355 847 4398 nee
897 4324 968 4393 νοίαα
980 4326 1123 4406 τεκμήριον
1142 4324 1281 4406 πιγχάνοιν
1302 4326 1442 4402 ἡγοῦνται,
1462 4318 1494 4378 πδ
1508 4319 1606 4396 νάμοος
1622 4317 1670 4378 θί·

100 4416 157 4475 ulla
175 4415 222 4475 lex
233 4416 369 4476 invenitur
383 4417 441 4476 sine
453 4438 539 4498 poena.
556 4420 700 4492 Quomodo
713 4445 777 4505 ergo
792 4447 845 4486 non
897 4423 966 4477 σθαι.
982 4417 1076 4478 Καίτοι
1088 4441 1119 4498 γε
1138 4417 1270 4483 κολάσεως
1281 4419 1305 4475 οἱ
1318 4412 1394 4492 νύμοι
1415 4411 1542 4493 γέμουσι,
1555 4408 1603 4469 καί
1623 4412 1671 4470 ούκ

97 4506 248 4569 absurdum
256 4507 349 4584 fuerit,
363 4528 406 4567 eos
417 4507 536 4588 quidem,
550 4510 597 4589 qui
607 4511 678 4591 leges
692 4514 753 4575 illas
762 4537 845 4598 erpo
896 4507 967 4568 ίστιν
981 4513 1062 4588 εύρεῖν
1085 4509 1166 4588 νόμον
1190 4504 1322 4573 κολάσεως
1343 4503 1435 4586 χωρία·
1458 4504 1524 4569 Πῶς
1551 4489 1596 4561 οθν
1620 4502 1669 4560 οθνι

98 4613 178 4676 uuut,
191 4612 349 4676 sansures,
363 4597 508 4675 beneficos,
524 4614 650 4681 patinuos
663 4625 777 4684 vocare3
797 4630 845 4667 uos
897 4599 1004 4675 ἄτοπον,
1017 4599 1078 4668 τοὺς
1097 4599 1144 4678 μὲν
1159 4597 1272 4665 ἐκείνους
1285 4595 1472 4676 ἐξηγουμένους
1482 4592 1542 4661 τοδε
1556 4592 1668 4672 νόμους,

97 4712 161 4751 vero
174 4689 259 4749 duros
285 4703 311 4748 et
335 4709 454 4748 morosos
478 4705 584 4771 putare,
607 4694 680 4772 quod
700 4697 771 4776 leges
792 4700 842 4759 Dei
894 4691 939 4750 καὶ
954 4696 1074 4772 σωτῆρας
1086 4692 1131 4752 καί
1141 4689 1279 4772 εὐεργέτας
1293 4688 1338 4747 καί
1349 4687 1498 4768 προστάτας
1513 4685 1670 4758 ἀποκαλεῖν,

96 4783 272 4842 enarremus?
289 4784 359 4840 Cum
376 4781 448 4840 enim
461 4782 496 4842 de
508 4784 627 4863 gebenna
642 4788 758 4867 agimus,
772 4790 843 4870 leges
894 4787 965 4859 ἡμᾶς
979 4781 1006 4841 δὲ
1020 4786 1108 4862 βαρεῖς
1120 4805 1193 4847 τινας
1213 4779 1258 4839 καί
1272 4776 1404 4858 χαλεποθι
1416 4780 1546 4857 ἡγοῖοθοι,
1560 4773 1591 4833 διν
1610 4772 1670 4841 ποθι

94 4875 155 4934 illas
169 4874 318 4933 afferimus.
330 4877 368 4931 Ac
381 4876 613 4952 quemadmodum
629 4879 669 4938 illi
685 4884 787 4940 externi
799 4883 841 4942 le·
893 4883 940 4936 τοῦ
953 4879 1024 4935 Θεοῦ
1039 4873 1133 4951 νόμους
1153 4873 1288 4952 λέγοιμεν,
1298 4869 1385 4929 Ὅταν
1407 4869 1460 4948 γὰρ
1485 4868 1547 4950 περί
1563 4865 1670 4946 petunt

92 4988 138 5044 ges
149 4966 183 5024 dc
197 4965 352 5043 homicidis,
368 4964 531 5041 doloribus,
547 4968 581 5027 de
591 4971 692 5050 nuptiis
704 4987 729 5031 et
744 4975 842 5033 simili·
858 4977 877 5024 ll
894 4966 1092 5046 διαλεγώμεθα,
1103 4964 1215 5031 ίνιίνονι
1231 4963 1290 5030 ποθι
1303 4961 1398 5040 νάμονς
1408 4966 1547 5038 κινοῦμεν·
1562 4957 1609 5016 ιιοιλ
1621 4980 1669 5015 ²²·

90 5055 143 5114 bus
157 5073 167 5112 ι’
176 5058 248 5115 sicet
264 5079 312 5117 uos
324 5059 397 5137 leges
410 5056 444 5116 dc
453 5059 594 5139 suppliciis
608 5062 759 5142 afferimus,
772 5088 841 5144 quas
893 5060 977 5142 deincep
987 5064 1011 5118 oi
1026 5058 1117 5127 ἔξωθεν
1131 5057 1190 5125 τοὺς
1201 5054 1334 5137 φονικοὺς,
1347 5052 1406 5121 τοὺς
1418 5052 1479 5134 περί
1494 5050 1667 5120 λωποδυτῶν,

90 5167 142 5205 non
154 5147 234 5204 bomo
250 5147 349 5226 posuit,
362 5147 409 5206 sed
426 5149 483 5231 ipse
499 5149 652 5231 unigenitus
669 5154 756 5214 Filius
774 5157 835 5217 Dei.
892 5151 952 5219 τοὺς
966 5150 1111 5231 γαμινιοθι,
1125 5150 1171 5208 καί
1183 5149 1287 5214 πάντας
1304 5143 1365 5214 πάις
1376 5144 1523 5220 sermione,
1539 5141 1609 5203 οὗτοι
1621 5139 1668 5200 καί

89 5239 143 5310 Qui
160 5238 352 5298 immisericors
363 5252 414 5317 est,
426 5241 567 5321 puniatur,
581 5245 669 5325 inquit
680 5270 689 5327 5
700 5247 752 5308 boc
767 5250 839 5309 enim
892 5257 970 5329 ἡμεῖς
982 5251 1042 5319 τοὺς
1062 5247 1252 5326 κολαστικοὶις,
1274 5246 1318 5315 οθς
1338 5249 1385 5307 οὐκ
1406 5245 1542 5325 ἄνθρωπος
1564 5243 1667 5315 ἔθηκεν,
