3728 5978
582 432 615 478 ιιι
644 431 751 480 nrtsr.
784 430 830 477 an
857 429 940 479 nou.
969 431 1088 479 ιιοιιιι.
1118 431 1154 479 v.
1577 409 1641 482 501

74 557 162 614 διιστα
177 557 265 623 αὐτοῖς
288 556 406 635 ομᾶλλόν
427 558 487 614 εἰσι.
509 553 556 627 Μὴ
578 554 631 635 γάρ
646 553 740 632 μοι’τίι
754 553 848 633 ἱμάτια
902 565 1018 613 σκίασμα
1029 551 1156 612 insanie?
1167 552 1257 612 Multo
1270 553 1367 614 melius
1380 566 1420 614 est
1433 575 1578 636 pauperem
1591 576 1648 616 esse
1676 577 1678 580 ·

76 646 149 726 ἴδῃς,
163 646 233 707 ἀλλὰ
247 648 413 727 ἀνακάλυψον
428 650 513 706 αὐτῶν
522 646 571 719 τλν
587 646 684 728 ψυχὴν,
694 646 739 706 καί
750 646 850 720 σκύτη·
902 661 928 706 et
939 648 968 707 in
979 647 1081 707 virtute
1089 647 1175 708 vitam
1185 647 1293 725 dooere,
1306 671 1388 728 quam
1402 671 1464 709 cum
1476 650 1594 729 nequitia
1604 672 1645 710 rc-

76 741 158 799 συνεί
176 738 214 817 μὴ
229 739 329 819 μυρίων
340 740 416 819 γίμει
427 740 596 821 τραυμάτων,
610 739 655 798 καί
677 739 757 819 ῥάκια
769 762 850 819 περι·
903 763 962 822 gem
978 763 1042 802 esse.
1062 744 1168 824 Pauper
1185 743 1258 805 euim
1275 744 1351 825 apud
1371 766 1400 805 se
1410 745 1484 804 omni
1497 746 1647 806 secundnm
1663 771 1664 774 ¹

76 829 220 903 ύίύληται,
239 832 284 891 καί
304 832 375 891 ίστιν
400 831 497 912 ἔρημος
516 832 562 892 καί
582 831 799 912 ἀπροστάτευτος.
814 831 851 892 Τί
903 835 1023 894 animam
1036 834 1176 917 voluptate
1192 836 1301 913 fruitur,
1312 858 1397 916 neque
1412 837 1440 896 in
1456 856 1563 896 susum
1573 838 1648 898 venit

76 912 122 981 οθν
136 924 229 1005 ὄφελος
238 928 287 996 τῆς
305 923 355 992 ἔξω
368 923 478 1002 μανίας,
495 923 548 985 Καί
561 923 614 1004 γδιρ
633 926 725 1004 πολλῷ
747 923 849 1004 βέλτιον
903 927 979 987 ίίίίυσ
990 941 1106 987 externa
1128 928 1305 1009 paupertatis,
1321 928 1358 989 ob
1377 927 1496 989 intc'rnas
1507 928 1644 990 divitiasr

76 1014 180 1088 πένητα
193 1006 297 1077 ιίναιέν
317 1020 397 1097 ἀρετῇ
413 1020 515 1090 ζῶντα,
535 1015 552 1089 ἢ
569 1017 681 1096 βασιλία
699 1016 762 1075 ὄντα
782 1016 850 1095 μετὰ
867 1031 885 1079 Ε
903 1040 952 1079 nex
971 1041 1034 1080 vero
1048 1020 1076 1079 in
1089 1019 1196 1080 deliciis
1217 1021 1327 1095 vivens,
1349 1020 1377 1080 in
1395 1021 1440 1098 iis,
1452 1042 1511 1099 qun
1528 1042 1582 1081 non
1595 1021 1648 1103 ipsi

76 1105 214 1188 πονηρίας.
226 1106 260 1168 Ὁ
283 1106 331 1186 μὲν
354 1109 407 1190 γάρ
420 1110 502 1183 πίνης
524 1111 588 1188 παρ’
612 1111 698 1188 ἐαυτῷ
722 1108 850 1169 ἀπολαύει
902 1111 1077 1191 congruentia
1088 1126 1160 1189 sunt,
1171 1112 1198 1171 in
1211 1112 1245 1171 iis
1256 1133 1316 1192 qnae
1326 1112 1446 1172 maxime
1454 1112 1489 1171 ad
1502 1113 1593 1195 ipsum
1603 1127 1647 1173 at-

76 1197 167 1269 πάσης
179 1203 227 1272 τῆς
240 1200 310 1260 κατὰ
321 1201 409 1282 ψυχὴν
423 1205 536 1281 τρυφῆς,
551 1199 681 1261 θκαίοίδί
697 1205 745 1273 τῆς
754 1200 848 1269 ἔξωθεν
902 1203 987 1263 tinent
1011 1204 1157 1279 cruciatur,
1173 1205 1202 1264 in
1220 1205 1320 1279 anima,
1336 1205 1364 1264 in
1384 1205 1602 1285 cogitationibus,
1619 1205 1647 1265 in

77 1291 231 1351 αἰσθάνεται
244 1292 335 1360 πενίας
351 1292 393 1352 διδ
408 1295 453 1354 τὸν
466 1295 538 1354 ἔνδον
556 1296 684 1354 πλοῦτον·
700 1293 754 1354 ὁδί
771 1298 849 1374 βασι·
885 1294 1072 1371 conscientia,
1089 1318 1148 1376 quae
1169 1317 1223 1356 una
1241 1317 1333 1356 secum
1353 1296 1401 1356 itto
1421 1296 1649 1377 commigrabunt

75 1381 137 1451 λεθς
151 1387 255 1465 τρυφῶν
269 1387 296 1444 ἐν
305 1395 359 1454 τοῖς
375 1386 448 1446 οὐδὲν
468 1387 539 1467 αὐτῷ
552 1385 741 1466 προσήκουσιν,
754 1390 781 1447 ἐν
796 1394 850 1455 τοῖς
903 1390 967 1451 Haec
986 1392 1070 1473 igitur
1088 1413 1150 1453 curn
1167 1392 1293 1467 sciamus,
1307 1392 1466 1453 vestimenta
1479 1391 1591 1471 quidem
1601 1413 1650 1451 au-

76 1476 196 1551 μᾶλιατα
215 1479 286 1558 corp
305 1479 456 1559 διαφέρουσι
470 1478 628 1556 ιιαλᾶίιται,
644 1482 688 1539 ’ἓν
709 1483 782 1560 ψυχῇ
803 1478 849 1539 καί
902 1507 946 1546 rea
966 1488 1142 1570 deponamus,
1155 1489 1283 1550 virtutem
1302 1509 1470 1548 assumamus
1482 1502 1509 1549 et
1522 1487 1650 1569 volupta-

75 1568 213 1646 λογισμοῖς
223 1568 269 1629 καί
282 1574 321 1652 τῷ
334 1570 474 1642 συνειδότι,
488 1580 542 1638 τοῖς
553 1573 608 1631 ἐκεῖ
621 1573 848 1650 συναποδημοῦσιν
902 1592 956 1638 tem
970 1602 1005 1640 ex
1019 1581 1066 1640 illa
1078 1594 1194 1662 partam.
1210 1580 1258 1640 Sic
1271 1579 1343 1640 enim
1357 1593 1383 1640 et
1396 1581 1480 1641 hicet
1493 1579 1647 1640 itlicmulta

76 1660 159 1743 αὐτῷ.
173 1663 257 1721 Ταῦτ’
277 1652 321 1721 οίίν
335 1661 446 1739 είδύτες,
458 1662 491 1723 τί
509 1662 557 1742 μίν
577 1663 673 1742 ίμοίτια
689 1663 849 1743 ἀποθώμεθα
901 1672 1023 1732 fmemur
1046 1674 1205 1754 voluptate,
1227 1677 1276 1751 [et
1301 1672 1434 1755 promissa
1454 1692 1649 1751 consequemur

74 1751 110 1812 τδι
123 1762 226 1834 χρυσᾶ,
245 1753 400 1833 ἀνελώμεθα
420 1755 448 1814 δὲ
462 1754 558 1838 ἀρετὴν
572 1756 618 1814 καί
630 1753 680 1829 τὴν
700 1757 732 1815 ἐκ
751 1754 849 1830 ταύτης
901 1763 999 1842 bona,]
1014 1765 1099 1845 gratia
1119 1778 1145 1824 et
1164 1764 1332 1843 benignitate
1352 1763 1561 1824 Domininostri
1583 1766 1647 1826 Jesu

74 1846 181 1920 ἡδονάν.
192 1846 334 1930 Οθτωγδιρ
345 1849 391 1908 καί
403 1849 515 1908 ἐνταῦθα
528 1848 574 1907 καί
588 1851 642 1908 ixei
651 1849 753 1921 πολλῆς
764 1845 848 1909 ’ἀπο
903 1855 1014 1935 Christi,
1034 1857 1144 1936 quicum
1165 1857 1241 1917 Patri
1261 1872 1287 1917 et
1307 1856 1420 1940 Spiritui
1438 1870 1531 1916 sancto
1549 1854 1646 1935 gloria,

75 1940 208 2018 δαίσομεν
221 1945 269 2014 τῆς
288 1944 406 2023 τρυφῆς,
421 1940 481 2020 [καί
499 1944 551 1999 τῶν
566 1940 770 2021 impetatur
790 1944 996 2035 tuc-fflhonor,
1006 1947 1160 2030 imperium,
1174 1970 1245 2010 nune
1256 1964 1282 2010 et
1294 1970 1407 2032 semper,
1417 1964 1442 2009 et
1456 1946 1649 2011 insecutam-

74 2029 201 2110 τύχωμεν
216 2037 322 2112 ἀγαθῶν
332 2035 360 2110 ],
374 2033 465 2114 χάριτι
476 2032 522 2091 καί
537 2031 722 2115 φιλανθρωπίᾳ
735 2038 781 2093 τοῦ
792 2036 846 2096 Κο-
866 2070 886 2117 Α
901 2041 1034 2103 culorum,
1052 2046 1146 2103 Amen,

76 2121 133 2201 ρίου
143 2127 220 2200 ἡμῶν
230 2124 319 2198 Ἰησοῦ
334 2127 465 2206 Χριστοῦ,
480 2127 537 2203 μεθ’
554 2116 584 2184 ού
598 2127 637 2205 τῷ
650 2123 740 2203 Πατρί
751 2124 797 2184 καί
810 2128 849 2205 τῷ

75 2213 145 2295 ἁγίῳ
165 2214 304 2294 Πνεύματι
318 2215 399 2291 δόξα,
410 2216 493 2294 τιμὴ,
507 2217 603 2297 κράτος
616 2221 660 2275 νῦν
678 2215 723 2275 καί
744 2215 786 2277 ἀεί
804 2215 849 2275 καί

75 2310 113 2374 είς
125 2305 186 2377 τοδς
199 2311 296 2378 αἰῶνας
303 2312 356 2368 τῶν
370 2306 484 2369 αἰώνων.
499 2309 590 2387 Ἀμήν.

108 2481 119 2506 ⁰
137 2467 147 2533 [
154 2474 255 2533 μάλιστα
266 2471 295 2518 Α.
311 2479 336 2518 et
347 2485 428 2535 marg.
440 2465 518 2520 savit.
529 2469 539 2533 ]
920 2474 929 2496 “
947 2463 993 2516 Alii
1006 2473 1029 2519 ίν
1040 2478 1070 2535 τῇ
1079 2475 1139 2534 ψυχῇ
1148 2470 1218 2520 αὑτοῦ
1229 2473 1266 2520 καί
1278 2480 1310 2534 τῷ
1320 2444 1436 2520 συνειδότι·

108 2545 119 2575 '¹
137 2544 254 2615 [rpupr'rc‚
272 2551 321 2599 ούδί
342 2559 381 2607 τῆς
401 2553 481 2610 ίξωθιν
491 2555 567 2605 πενίας
579 2552 737 2612 αίσθκνδμινος
749 2548 786 2598 διὰ
797 2552 836 2598 τδν
917 2545 928 2584 ¹
947 2543 1141 2612 [ἀπολαυαθμιθκ
1151 2547 1181 2597 Α.
1194 2544 1258 2628 Vide
1271 2543 1304 2596 ad
1316 2563 1342 2612 p.
1355 2546 1414 2608 757,
1426 2547 1446 2594 A
1459 2546 1469 2610 ]

73 2627 162 2677 ε’νθοθιν
173 2623 231 2692 tri]

89 2830 1631 2859 m

368 2987 504 3047 ouum
525 2986 555 3046 ε’.
596 2953 602 2959 ’
631 3070 635 3079 .
1162 2991 1324 3053 nonnis
1345 2995 1383 3056 ν.

72 3171 168 3243 Καθὼς
182 3177 230 3234 οὐκ
244 3174 405 3253 ίδοκίμασαν
421 3175 466 3235 τὸν
479 3174 549 3237 Θεδν
561 3175 671 3257 ἔχεινίν
691 3177 846 3259 ἐπιγνώσει,
901 3179 969 3240 (ian.
989 3181 1012 3239 ί.
1042 3201 1068 3239 v.
1087 3176 1135 3238 28.
1151 3177 1231 3239 Sicut
1254 3199 1313 3237 non
1330 3180 1528 3258 probaverunt
1548 3178 1645 3238 Deum

114 3267 365 3349 παρέδωκενίθεδς
381 3268 473 3336 αὐτοὺς
487 3271 524 3337 είς
538 3271 665 3350 ἀδόκιμον
678 3278 746 3350 νοῦν,
760 3283 845 3334 ποιεῖν
941 3271 1051 3328 habere
1068 3274 1100 3327 in
1122 3273 1252 3348 notitia,
1280 3271 1403 3329 tradidit
1424 3290 1473 3328 eos
1497 3269 1645 3328 Dominus

111 3359 148 3421 τά
160 3361 197 3441 μὴ
207 3362 366 3435 καθήκοντα.
856 3434 865 3445 ,
939 3366 972 3420 ιἰι
992 3365 1146 3443 reprobum
1162 3382 1298 3433 sensum,
1320 3374 1352 3420 ut
1368 3363 1505 3443 facerent
1522 3381 1559 3420 ea
1579 3365 1652 3441 quoe'
1709 3418 1713 3425 .

940 3474 1000 3512 non
1013 3457 1199 3514 conveniunt.

110 3651 171 3713 Ἵνα
186 3654 224 3731 μὴ
238 3653 298 3732 δόξῃ
311 3655 402 3724 αὐτοὺς
417 3656 594 3729 αἰνίττεσθαι,
605 3659 648 3718 ἐπὶ
663 3656 730 3720 πολὺ
744 3663 783 3740 τῷ
797 3663 845 3732 τῆς
862 3665 880 3712 Β
939 3656 966 3711 ί.
981 3654 1020 3713 Ui
1029 3673 1063 3711 Ile
1074 3649 1213 3710 videretur
1225 3649 1286 3710 iiiOS
1298 3649 1486 3724 subindicare,
1499 3660 1643 3730 POSiqltam

70 3747 261 3828 παιδεραστίας
274 3749 444 3830 ἐνδιατρίθων
461 3750 547 3831 λύγῳ,
562 3750 661 3831 μετέύη
676 3752 789 3813 *λοιπὸν
804 3755 844 3834 ἐφ’
897 3744 946 3804 diu
962 3745 1032 3804 circa
1045 3763 1192 3824 puerorum
1205 3763 1322 3801 amorem
1341 3755 1464 3802 versatus
1477 3742 1584 3819 fuerat,
1609 3740 1643 3800 ad
1672 3776 1675 3781 ·

69 3839 147 3920 ἕτερα
159 3839 215 3911 ,ἴδη
226 3841 440 3922 ἁμαρτημάτωψ
452 3844 492 3902 300
506 3844 552 3903 καὶ
566 3847 605 3924 ἐφ’
623 3844 718 3924 ἑτέρω,
736 3844 844 3924 προσώ.
897 3837 950 3897 alia
964 3835 1062 3896 deinde
1072 3847 1243 3916 pcccatorum
1259 3853 1354 3914 genera
1368 3832 1494 3892 transivit
1508 3855 1515 3890 ι
1531 3831 1644 3911 ideoque

69 3957 128 3992 πων
142 3933 254 4016 προάγει
268 3934 312 3994 τὸν
332 3934 409 4014 λόγον
433 3935 612 3998 &mummi
626 3936 717 4018 ὥσπερ
732 3940 773 3999 ἀεὶ
790 3947 844 4007 τοῖς
897 3930 932 3989 ad
949 3930 1016 3990 alias
1032 3948 1158 4010 personas
1173 3940 1260 3987 totum
1283 3947 1432 3986 sermonem
1446 3927 1579 3985 transferi·
1604 3929 1644 3985 ΑΟ

69 4035 174 4093 πιστοῖς
188 4025 371 4106 διαλεγόμενος
383 4030 445 4108 περί
459 4029 671 4111 ἁμαρτημάτων,
689 4030 734 4089 καί
749 4030 844 4110 βουλό-
897 4024 976 4083 sicuti
986 4042 1101 4104 semper,
1117 4042 1179 4081 cum
1194 4019 1322 4079 fidelibus
1333 4019 1367 4080 de
1378 4019 1495 4101 pcccatis
1510 4020 1592 4080 verba
1604 4020 1643 4079 sa·

70 4141 148 4196 μενος
156 4122 240 4177 ταῦτα
252 4118 334 4188 δεῖξαι
344 4123 452 4201 φευκτά,
461 4122 576 4204 παράγει
590 4125 626 4189 εἰς
639 4123 719 4201 μέσον
727 4123 759 4181 τί
771 4123 843 4196 ἔθνη,
897 4116 969 4176 ciens
981 4161 991 4188 ,
1010 4114 1091 4174 etilla
1107 4111 1235 4192 fugienda
1248 4133 1303 4171 esse
1318 4112 1410 4173 volens
1421 4125 1641 4188 commonstrare,

68 4211 153 4289 λέγων
162 4234 169 4247 ·
178 4209 225 4283 Μὴ
241 4213 267 4270 ἐν
277 4213 356 4272 πάθει
369 4214 519 4292 ἐπιθυμίας,
531 4216 651 4295 καθάπερ
662 4216 707 4276 καί
722 4216 844 4277 τδιλοιπίι
898 4222 987 4290 gemes
999 4207 1027 4267 in
1039 4204 1159 4265 medium
1169 4202 1311 4286 producit,
1324 4204 1417 4263 dicens
1430 4228 1437 4261 ³
1451 4206 1520 4264 NOn
1530 4209 1562 4263 in
1572 4225 1642 4284 PM·
1657 4240 1675 4272 ι.
1688 4229 1793 4287 tumst.
1816 4222 1819 4228 “

68 4304 130 4374 ἔθνη
139 4303 173 4362 τί
184 4302 221 4383 μὴ
235 4303 322 4364 εἰδότα
332 4305 469 4367 τὸνθεόν·
487 4308 533 4368 καί
541 4309 632 4383 πάλιν,
646 4309 692 4382 Μὴ
703 4312 843 4384 λυπεῖσθε,
897 4306 979 4362 sione
989 4300 1126 4359 desiderii
1137 4342 1147 4376 ,
1158 4301 1233 4361 sicut
1255 4311 1282 4357 et
1299 4299 1420 4380 relipuae
1436 4310 1537 4378 gentes
1545 4343 1556 4372 ‚
1578 4291 1676 4376 φασί·

67 4394 160 4476 ὥσπερ
168 4397 284 4456 οίλοιποί
293 4401 317 4457 οἱ
325 4396 362 4476 μὴ
372 4398 476 4479 ἔχοντες
485 4400 588 4460 ἐλπίδα·
599 4401 720 4461 σθτωιιαί
731 4404 843 4462 ἐνταῦθα
898 4397 994 4455 Deum
1003 4414 1062 4451 non
1077 4403 1223 4450 noverunt
1236 4413 1244 4448 :
1259 4405 1284 4450 et
1298 4413 1417 4469 rursum,
1430 4393 1476 4450 Ne
1488 4394 1640 4467 contriste—
1652 4405 1711 4449 ttrt.
1720 4418 1746 4450 v.
1757 4404 1792 4450 13.

67 4487 197 4548 δείκνυσιν
209 4488 315 4549 ἐκείνων
333 4490 367 4551 τδ
390 4491 574 4572 ἁμαρτήματα
595 4494 673 4566 ὄντα,
695 4494 741 4553 καί
755 4494 843 4566 πάσης
897 4491 990 4560 mini,
1015 4491 1090 4546 sicut
1104 4497 1133 4544 et
1145 4488 1243 4544 ceteri
1255 4530 1264 4556 ,
1281 4488 1333 4566 qui
1345 4506 1425 4566 spem
1440 4506 1499 4544 non
1510 4488 1640 4546 habent.-

67 4580 160 4649 αι’παδς
176 4585 316 4662 ἀποστερεῖ
335 4582 504 4663 συγγνώμης·
524 4588 553 4643 οὐ
570 4586 622 4667 γδρ
639 4584 757 4664 ἀγνοίας,
774 4585 843 4648 ἀλλὰ
860 4586 878 4634 C
896 4580 974 4640 sicet
991 4579 1115 4637 hocloco
1128 4577 1240 4636 illorum
1263 4590 1370 4659 peccata
1383 4577 1513 4655 exhibet,
1527 4578 1641 4657 illosque

67 4674 180 4750 μελέτης
190 4665 257 4735 είναί
274 4698 337 4756 φησι
351 4677 384 4734 τί
400 4675 571 4755 τολμήματα.
585 4677 686 4757 Διόπερ
703 4682 750 4739 οὐκ
770 4671 843 4754 εἶπε,
896 4673 931 4732 ab
947 4670 1022 4732 omni
1037 4669 1116 4731 venia
1130 4669 1256 4729 deturbat
1271 4694 1278 4727 ι
1293 4691 1346 4729 non
1365 4670 1436 4729 enim
1450 4691 1499 4751 per
1516 4669 1641 4751 ignoran-

65 4764 112 4824 καί
122 4765 210 4833 καθὼς
222 4769 268 4826 οὐκ
276 4767 404 4846 ἔγνωσαν,
416 4768 500 4844 ἀλλὰ,
515 4769 610 4838 Καθὼς
622 4773 669 4830 οὐκ
680 4770 841 4851 ἐδοκίμασαν
896 4766 961 4825 tiam
977 4763 1096 4824 admissa
1105 4809 1115 4841 ρ
1135 4762 1183 4823 sed
1199 4762 1327 4823 medinm
1344 4763 1413 4822 dieii
1433 4784 1489 4822 ⁶⁸⁵⁰
1513 4763 1639 4824 ίθθίῃθῐθ*

64 4857 111 4916 τδν
125 4856 195 4918 Θεδν
217 4857 287 4938 ἔχειν
303 4862 330 4919 ἐν
351 4858 504 4938 ἐπιγνώσει·
519 4860 629 4943 κρίσεως
652 4862 843 4945 διεφθαρμένης
896 4860 1068 4942 Quapropter
1082 4879 1135 4917 non
1146 4855 1231 4916 dicit:
1244 4856 1280 4915 Et
1290 4856 1361 4934 sicut
1372 4876 1424 4916 non
1444 4869 1657 4935 cognoverunt,

65 4948 113 5007 καί
133 4950 293 5030 φιλονεικίας
311 4952 423 5030 μᾶλλον,
443 4955 472 5012 οὐ
487 4957 657 5035 συναρταγῆς
671 4954 754 5034 λέγων
775 4946 842 5015 είναι
896 4952 962 5030 sed,
978 4954 1058 5014 Sicut
1084 4972 1142 5010 non
1159 4953 1360 5030 probaverunt
1373 4951 1468 5009 Deum
1482 4950 1591 5008 habere
1609 4953 1641 5008 ιἰι

65 5043 98 5100 τὸ
121 5041 283 5123 ἁμάρτημα,
298 5043 344 5102 καί
366 5042 467 5110 δεικνὺς
486 5045 545 5126 οθγί
559 5049 607 5117 τῆς
630 5046 741 5125 σαρκδς,
756 5047 842 5115 καθώς
897 5051 1003 5107 notitia
1009 5071 1020 5117 ;
1038 5067 1072 5105 en
1093 5057 1222 5124 corrupto
1245 5042 1352 5125 judicio
1373 5056 1398 5101 ct
1420 5063 1454 5100 er
1475 5041 1641 5101 contentione

108 5232 119 5258 ί
138 5235 233 5299 [λοιπὸν
243 5241 280 5287 καί
292 5239 327 5305 tp*
339 5242 408 5305 ίτιρα
421 5234 464 5303 Α.]
