3728 5978
117 354 190 453 ⁶9⁶
454 376 483 422 s.
511 375 651 424 rotunrs
681 377 863 427 cunrsosr.
892 377 1050 427 ancusae.
1078 376 1361 426 oonsraumnor.

117 507 208 592 magis
226 500 299 583 apud
314 498 473 559 Dominum.
492 498 617 570 Quod'
596 520 618 557 ει
640 498 749 559 aliunde
762 499 864 559 discere
916 504 1033 561 πολλῶ“
1041 505 1141 580 μᾶλλον
1156 503 1201 561 ἐπί
1225 506 1275 561 τοῦ
1297 499 1463 560 Δεοπότοι.
1481 499 1517 557 Εἰ
1539 496 1566 556 δὲ
1588 498 1684 576 ίτόμόιο

120 601 200 678 selis,
216 590 350 675 quomodo
373 612 428 649 rem
453 605 615 666 contemnas,
638 604 727 650 mente
739 591 865 653 sublimis
919 593 1110 672 βοόλειμαθεῖν
1124 594 1348 674 τοῦπράγματος
1358 600 1558 671 καταφρονεῖν,
1569 593 1689 670 librilem

120 686 320 767 esto,risibilia
342 683 437 760 irride,
456 704 525 744 verae
539 681 631 762 gloriar
651 704 769 742 amorem
783 705 863 763 auge,
917 708 962 744 νου
976 710 1009 765 τῃ
992 686 1127 765 ’διανοίᾳ
1135 684 1420 765 ,καταγόλασοντδιν
1437 681 1690 761 όρωμένον,αύ’,ηεα

121 782 256 868 spirituali
277 800 354 840 sensu
378 779 474 859 plenus
496 791 562 853 asto,
581 776 626 837 dic
644 777 739 837 animae
761 793 813 838 tuae
835 792 915 838 ut
918 780 1088 851 τῆςάληθῶς
1102 746 1236 850 δόξηςτόν
1250 777 1363 858 ἔρωτα,
1364 775 1692 869 ἐμπλήσθητιρρυνιζιι-

21 896 111 945 armos
122 880 231 954 Paulus,
244 877 345 935 Nescis
363 876 434 953 quio
456 871 576 974 angelos
591 871 808 950 judicabimus.
804 878 815 916 ²
829 871 864 929 il·
918 893 962 936 τος
982 893 1177 948 πνευματικου,
1196 868 1254 929 εἰπὲ
1276 893 1348 950 προς
1363 867 1417 941 τὴν
1442 864 1598 946 malm&
1615 867 1695 933 ¹1th«

121 967 264 1050 lamque
243 988 282 1027 sie
292 977 416 1040 erectam,
429 963 533 1043 corripe
548 975 574 1022 et
586 958 688 1021 dicito.
681 963 765 1035 Quae
784 985 866 1044 ange·
882 973 900 1021 B
920 951 1001 1035 εἶπεν,
1013 965 1072 1022 Οὐκ
1089 953 1176 1036 οιδας,
1188 960 1229 1021 ότι
1252 959 1390 1040 ἀγγέλους
1411 964 1584 1040 κρινυῦριν,
1595 982 1637 1016 και
1626 959 1695 1016 ⁸ira

122 1061 163 1122 los
170 1060 326 1143 judicatura
336 1077 373 1131 es,
383 1050 610 1114 abimmundis
584 1052 759 1160 vrsjudicari,
769 1069 867 1115 etcum
920 1053 1019 1125 ericae
1034 1053 1115 1128 αὐτὴν
1133 1057 1263 1128 ἐντευθιν,
1277 1053 1455 1132 ἐπιτίμησον
1478 1051 1577 1111 λοιπόν
1590 1049 1633 1110 καὶ
1643 1053 1696 1123 εἶπ’,

123 1155 308 1227 saltatoribus,
324 1150 424 1225 mimis,
447 1147 592 1223 bestiariis,
615 1147 717 1227 aurigis
739 1148 867 1209 laudari?
919 1151 936 1218 ἡ
966 1145 1091 1226 ἀγγέλους
1118 1153 1260 1225 κρινοῦσα,
1277 1145 1334 1204 ὑπὸ
1360 1143 1564 1225 καθαρμάτων
1588 1142 1697 1251 κρίνρτίει

121 1249 253 1310 basenrm
264 1247 293 1304 br
306 1243 399 1305 laudes
413 1254 554 1302 scetantur.
569 1242 615 1300 Tu
631 1262 695 1302 reru
709 1242 868 1323 hujusmodi
921 1238 1022 1319 βούλει,
1035 1239 1080 1299 καί
1093 1238 1209 1318 μετδι
1173 1263 1227 1298 των
1245 1240 1397 1320 ὀρχηστῶν
1422 1235 1697 1310 ἐπαινεῖσθαικαὶρι·

123 1343 241 1402 clamore
251 1337 435 1400 sublimiorem
447 1334 496 1394 trln
507 1335 578 1393 alam
592 1348 695 1416 parato,
703 1349 729 1394 et
740 1336 869 1395 aemulare
922 1356 978 1408 μων
989 1332 1100 1412 καιθη
1086 1331 1221 1444 ριομόγων
1236 1332 1319 1391 καί
1302 1329 1456 1410 ηνιόχων,·
1473 1321 1672 1406 ταύτοιςγίραί
1672 1351 1698 1386 τα

123 1433 222 1494 deserti
237 1431 351 1492 incolatu
374 1427 515 1496 loannem
528 1448 560 1486 ac
579 1427 653 1487 disce
672 1440 803 1506 quantum
821 1428 869 1488 ille
920 1423 1006 1491 τός’
983 1425 1112 1504 ευρημίας
1134 1422 1284 1483 διώκουσιν.
1307 1420 1456 1482 Ἀλλδι“
1425 1444 1465 1479 συ
1472 1420 1688 1541 niqqlirspmn
1667 1444 1699 1486 τις

123 1526 232 1585 turbam
254 1535 443 1594 contemneret,
459 1519 664 1599 adulatoresque
687 1520 793 1594 videns,
815 1542 868 1580 non
921 1539 1020 1575 τουτων
1032 1540 1149 1599 κραυγης
1163 1515 1193 1575 τὸ
1211 1516 1309 1595 πτερόν
1328 1512 1565 1583 κατασκεύασαι,
1577 1512 1623 1571 καὶ
1635 1420 1744 1583 {mal

124 1618 295 1692 vertebatur,
318 1614 365 1674 sed
385 1632 495 1672 cernens
518 1610 676 1689 omnesqui
699 1611 870 1671 Palaestinam
921 1609 1020 1670 σοντδν
1033 1634 1081 1682 της
1091 1608 1201 1691 ἐρταιας
1214 1607 1330 1679 πολίτην
1342 1605 1500 1678 Ἰωάννην,
1513 1606 1563 1665 καὶ
1583 1606 1690 1682 μέλε’
1662 1629 1699 1669 τις

123 1706 308 1768 incolebant'
285 1725 387 1765 crucum
397 1725 424 1762 sc
436 1702 535 1761 effusos
544 1714 570 1760 et
580 1700 707 1761 mirantes
718 1723 749 1760 ac
763 1705 869 1784 percul·
921 1700 1059 1783 ὑπερεώρα
1066 1701 1181 1774 πληθους
1190 1705 1300 1773 ἐκεῖνος,
1313 1722 1365 1759 και
1353 1696 1593 1766 'relaxationem
1601 1701 1699 1776 δρῶντα

56 1818 65 1831 ·
123 1819 179 1876 sos,
194 1798 243 1858 tali
253 1799 355 1857 honore
370 1815 424 1853 non
438 1793 596 1868 inflabatur,
609 1792 656 1851 sed
669 1793 750 1852 etiam
765 1794 794 1852 in
808 1794 870 1855 illos
922 1793 1111 1876 ἐπεστρέφετο,
1120 1796 1180 1854 ἀλλ’
1195 1796 1262 1873 δρῶν
1275 1793 1406 1860 ἅπαντας
1423 1790 1495 1859 τοὺς
1509 1791 1563 1863 τὴν
1578 1791 1700 1850 nmina

125 1891 293 1971 insurgebat,
305 1903 330 1949 et
343 1888 419 1968 quasi
435 1908 498 1946 cum
522 1885 721 1947 adolescentulo
742 1889 870 1970 quopiam
923 1889 1120 1960 minitabatur
1136 1886 1196 1966 περί
1216 1885 1292 1945 αὐτόν
1318 1883 1538 1966 ἐκκεχυμένως
1555 1884 1603 1943 καί
1621 1887 1700 1960 laeui·

6 1991 114 2054 ιιιιρ.
125 1983 248 2063 loquens,
263 1994 367 2041 tanturn
379 1979 511 2061 populum
525 1977 564 2037 sic
574 1977 741 2060 increpabat:
751 1981 871 2062 Serpen-
886 1980 904 2028 C
923 1984 1014 2049 ζοντας
1027 1979 1072 2038 καί
1081 1977 1325 2056 ἐκπληττομένους,
1338 1981 1388 2038 οὐκ
1405 1980 1571 2058 ἐχαυνοῦτο
1583 1981 1617 2056 τῇ
1630 1978 1700 2036 τοττι

125 2088 178 2148 tes,
199 2078 350 2155 genimina
364 2075 544 2151 viperarum.
567 2070 740 2150 Quamquam
761 2086 871 2154 propter
923 2095 956 2150 τῃ
971 2075 1054 2152 τιμῇ,
1068 2070 1136 2132 ἀλλὰ
1152 2071 1196 2129 καί
1217 2069 1435 2140 κατεξανίστατο
1451 2073 1562 2143 αὐτῶν,
1575 2069 1622 2129 καί
1637 2075 1700 2135 neta

124 2165 205 2226 illum
212 2163 450 2236 concurrebant,et
462 2159 754 2236 urbesdimiserancut
764 2183 869 2222 sacrmn
925 2163 1071 2246 μειρακίω,
1086 2163 1163 2244 δήμῳ
1181 2161 1298 2243 τοσούτῳ
1312 2160 1542 2241 διαλεγόμενος,
1557 2159 1638 2227 οὗτος
1656 2162 1700 2219 ἐτέ-

123 2255 195 2317 illud
216 2268 297 2337 caput
315 2255 458 2315 viderent:
479 2266 595 2313 attamen
619 2253 689 2312 nibil
711 2254 869 2334 hujusmodi
923 2257 1025 2327 πληττι
1039 2254 1133 2336 λέγων,
1140 2253 1419 2335 Ορεις,γεννηματα
1436 2255 1573 2334 ἐχιδνῶν.
1589 2253 1700 2332 Καίιυιγε

122 2348 214 2430 ι’ρειιιιι
227 2346 380 2408 emollivit.
393 2344 487 2427 procul
502 2366 574 2404 curm
587 2357 645 2404 erat
662 2366 677 2404 a
692 2345 777 2424 gloria
794 2361 820 2406 et
834 2348 869 2405 ab
924 2349 958 2406 δι’
970 2348 1046 2408 αὐτόν
1063 2348 1235 2426 συνέδραμον,
1256 2347 1302 2405 καί
1324 2344 1374 2413 τδις
1388 2345 1532 2414 πόλεις
1514 2349 1639 2426 αρῆκαν,
1651 2345 1699 2404 tis:

123 2439 367 2500 omniiastuliber.
378 2438 425 2498 Sic
438 2437 626 2516 etStepbanus
640 2436 736 2497 vadens
745 2437 870 2498 eumdem
923 2440 971 2513 τὴν
987 2438 1059 2520 ίερδιν
1072 2440 1196 2521 κεφαλὴν.
1206 2439 1307 2511 ἐκείνην
1322 2439 1410 2497 ἰδεῖν·
1422 2441 1491 2499 ἀλλ’
1500 2428 1700 2551 όμωςορδέντζ-

123 2532 270 2616 populum,
287 2551 383 2590 nense
404 2528 593 2603 honorantem,
616 2527 664 2589 sed
688 2530 821 2590 furentem
845 2544 871 2591 et
923 2537 976 2592 τῶν
989 2539 1080 2593 τοῦτον
1091 2533 1210 2603 ἐξέλυσε
1223 2531 1360 2612 πόρρω*
1330 2556 1385 2612 γαρ
1406 2523 1444 2605 ἦν
1460 2530 1563 2602 δόξης,
1578 2555 1653 2591 και.
1633 2530 1700 2641 τύρρ

123 2621 251 2684 dentibus
264 2620 433 2695 stridentem,
448 2619 618 2680 sublimior'
609 2643 650 2680 rra
670 2620 781 2682 illorum
800 2623 868 2683 elle-
924 2623 1022 2694 παντός
1034 2625 1176 2706 ἐλεύθερος.
1188 2624 1268 2686 otro
1279 2625 1324 2684 καί
1337 2629 1351 2684 ό
1363 2623 1518 2705 Στέφανος
1530 2624 1639 2704 δρῶν
1617 2646 1656 2683 τον
1668 2626 1699 2681 αλ

8 2740 25 2778 ι.
36 2746 59 2793 7.
73 2731 113 2781 ιι.
122 2727 183 2775 ctus
194 2712 302 2775 dicebat
310 2715 407 2773 :Dura
417 2716 530 2772 cervice
543 2725 571 2771 et
585 2716 796 2774 incircumcisis
806 2735 870 2774 eor·
923 2716 968 2776 τὸν
982 2717 1066 2796 δῆμον
1079 2715 1160 2776 πόλιν
1174 2715 1234 2796 οόχλ
1244 2720 1380 2794 τιμῶντα,
1394 2715 1474 2776 ἀλλὰ
1488 2715 1658 2831 μαινόμενρι
1668 2716 1700 2774 ui

57 2822 60 2829 '
123 2807 219 2868 dilen.
223 2807 268 2868 Sic
278 2820 305 2866 et
318 2805 396 2867 Elias
407 2803 584 2885 presentibus
592 2804 758 2865 exerctnbus
771 2819 797 2866 et
806 2829 870 2887 rege
923 2807 1099 2890 eplicsra⁸
1058 2832 1118 2876 τους
1138 2807 1257 2880 όδόντας,
1271 2806 1442 2890 ὑψηλότερος
1465 2811 1567 2870 αὐτῶν
1586 2809 1700 2888 γενόμενος

5 2905 65 2965 ιιις.
75 2907 112 2959 ιι
122 2913 149 2960 et
160 2898 264 2982 populo
279 2912 347 2976 toto,
360 2898 483 2957 dicebat·
497 2899 653 2979 Usquequo
676 2912 799 2979 utroque
816 2921 869 2980 po·
923 2901 1173 2983 τῆςδργῆς,ἐλεγε·
1188 2901 1455 3015 Σκληροτράχηλοι,
1467 2903 1522 2962 καί
1540 2901 1700 2984 ἀπερίτμητα

120 2992 194 3097 plite
213 2992 439 3052 claudicabitis?
454 2989 490 3049 Δι
503 3009 551 3049 uos
570 2989 697 3049 omnibus
710 2989 906 3070 adulamur,1t
922 3003 981 3063 ταῖς
996 2995 1125 3078 καρδίαις
1138 2993 1217 3056 oneo
1229 3018 1275 3054 και
1263 2994 1302 3052 ὁ
1316 2993 1490 3069 ⁸'‘titular;‚
1450 3019 1511 3055 των
1529 2994 1700 3078 πραπίδι

122 3082 306 3164 iisqueservili
319 3082 409 3142 animo
421 3081 646 3188 famulamque
659 3082 769 3143 illorum
780 3105 869 3144 emen·

122 3192 162 3240 tes
175 3179 313 3238 bonorem.
330 3175 395 3235 Ideo
406 3175 496 3235 omnia
509 3197 555 3234 sus
571 3175 660 3255 deque
673 3197 750 3238 versa
762 3191 868 3252 sunt,et

122 3271 158 3331 ab
170 3270 221 3330 bac
233 3270 320 3351 gratia
333 3267 492 3342 excidimus,
507 3289 549 3326 res
563 3267 763 3328 Christianismi
775 3271 868 3351 prodi·

121 3377 155 3422 tae
167 3363 285 3438 luerunt,
295 3375 321 3420 et
341 3361 432 3419 omnia
447 3360 483 3420 ob
500 3358 576 3438 vulgi
591 3355 707 3438 gloriam
721 3362 865 3442 negligun-

122 3468 178 3514 tur.
193 3453 372 3514 Eliminemus
395 3471 460 3531 ergo
479 3452 531 3510 hoc
546 3451 661 3512 vitium:
673 3467 699 3510 et
719 3466 783 3512 tunc
807 3475 869 3517 rere

122 3545 238 3604 sciemus
260 3543 422 3617 libertatem,
446 3555 554 3622 portum
581 3555 607 3600 et
632 3544 866 3620 tranquillitatem.

63 3682 66 3687 -
120 3638 192 3697 Nam
204 3634 297 3716 gloriae
309 3633 424 3715 cupidus
438 3633 482 3706 iis,
492 3632 540 3712 qui
555 3647 711 3714 tempestate
722 3636 867 3716 jactantur,

121 3728 219 3789 similis
233 3741 271 3788 est
282 3739 532 3808 semper,tremenS,
543 3725 700 3803 formidans,
709 3727 784 3788 mille
794 3729 867 3791 beris

120 3821 239 3882 serviens
249 3820 311 3900 :qui
325 3840 389 3880 vero
402 3833 478 3878 extra
493 3819 563 3878 bane
576 3819 749 3901 tyrannidem
761 3837 811 3895 est,
826 3824 864 3884 si·

120 3914 193 3974 milis
206 3927 246 3973 est
258 3913 303 3990 iis,
312 3914 360 3992 qui
373 3911 400 3971 in
414 3926 494 3992 portu
508 3911 611 3984 sedent,
624 3925 650 3971 et
663 3935 732 3994 pura
744 3914 867 3976 libertate

923 3087 1061 3168 παρόντων
1080 3085 1241 3148 ixelruu⁸
1199 3111 1246 3146 και
1267 3090 1354 3166 τοῦβ
1336 3088 1478 3166 βασιλέως
1497 3089 1552 3148 καί
1572 3112 1620 3148 του
1603 3087 1700 3164 ’δημυι

923 3180 1033 3251 παντὸς,
1044 3179 1131 3257 ἔλεγεν
1145 3203 1152 3216 ·
1164 3178 1282 3245 ‘''anc
1246 3202 1310 3238 ποτε
1322 3181 1478 3258 χωλανεῑτε
1489 3183 1540 3241 ἐπ’
1556 3179 1699 3262 ἀμφοτέρω

922 3280 981 3340 ταῖς
994 3273 1092 3352 ἰγνύαις
1115 3276 1210 3351 ὑμῶν,
1231 3271 1300 3331 Ἀλλ’
1315 3275 1394 3348 ἡμεῖς
1411 3271 1549 3341 ἅπαντας
1572 3272 1695 3334 κολακεύο-

924 3388 981 3442 μεν,
993 3364 1179 3443 θεραπεύομεν,
1191 3364 1406 3443 τῇδουλοπρεπεῑ
1418 3364 1556 3447 διακονία
1571 3365 1653 3442 ταύτῃ
1663 3364 1697 3430 tir

924 3456 1028 3517 ἐκείνων
1043 3457 1125 3536 τιμὴν
1139 3456 1289 3533 ὠνούμενοι.
1305 3454 1358 3514 Art
1370 3461 1454 3515 τοῦτο
1473 3457 1577 3517 πάντα
1600 3457 1651 3515 ἄνει
1664 3458 1696 3512 εει

923 3549 996 3608 καίτοι
1009 3548 1112 3629 γέγονε,
1127 3549 1173 3607 καί
1191 3552 1238 3618 τῆς
1253 3549 1361 3629 χάριτος
1381 3548 1488 3622 ταύτης
1518 3548 1694 3626 ”ciminum

923 3643 968 3702 καὶ
981 3643 1137 3724 προδέδοται
1147 3640 1182 3700 τό
1195 3649 1240 3701 τοῦ
1253 3665 1273 3720 J
1276 3646 1464 3720 ριστιανισμοῦ
1478 3641 1695 3721 πράγματα,ιε“ι

922 3735 1010 3795 πάντα
1022 3732 1156 3814 ἠμίληται
1170 3732 1213 3793 διδι
1227 3731 1274 3805 τὴν
1294 3737 1347 3791 τῶν
1361 3734 1473 3792 πολλῶν
1498 3733 1592 3802 boias.
1606 3733 1694 3811 Ἐξορί-

922 3850 1009 3906 οωμεν
1027 3825 1113 3886 τοίνυν
1124 3826 1155 3885 τδ
1168 3825 1262 3895 πόθος,
1274 3823 1320 3883 καί
1329 3823 1388 3883 τότε
1412 3824 1550 3903 εἰσόμεθα
1565 3829 1650 3890 καλῶς
1658 3824 1693 3893 riv

922 3918 1068 3999 ἐλευθερίαν
1080 3918 1126 3977 καὶ
1139 3919 1183 3975 τδν
1201 3916 1296 3994 λιμένα
1316 3915 1361 3975 καὶ
1381 3915 1433 3987 τὴν
1452 3918 1595 3996 γαλήνην.
1610 3917 1643 3976 Ὁ
1657 3914 1692 3992 μὲι

119 4007 256 4067 fruuntur.
272 4007 322 4066 lllc
336 4027 399 4067 roro
411 4026 497 4080 secus,
510 4005 559 4064 'sed
573 4019 705 4084 quotquot
718 4007 800 4068 babet
813 4010 865 4070 sibi
885 4025 903 4071 Ε
920 4011 972 4090 γὰρ
986 4010 1116 4079 κενόδοξος
1130 4020 1183 4076 τοῖς
1196 4007 1396 4089 χειμαζομένοις
1416 4007 1520 4082 ἔοικεν,
1543 4010 1587 4069 ιἰεί
1603 4008 1692 4090 τρέμω

118 4114 205 4176 notos,
220 4113 257 4158 tot
271 4101 353 4159 babet
367 4098 502 4174 dominos,
518 4098 695 4176 omnibusque
708 4100 809 4160 servire
819 4123 865 4161 co-

118 4192 199 4271 gitur.
215 4192 358 4265 Quomodo
383 4212 446 4270 ergo
467 4191 644 4250 liberabimur
665 4192 700 4250 ab
720 4193 772 4253 hac
787 4197 864 4274 gravi

117 4285 266 4343 servitute?
279 4286 309 4345 Si
321 4285 403 4343 aliam
416 4304 536 4343 amemus
550 4284 665 4363 gloriam
673 4308 682 4361 ;
696 4306 754 4344 eam
769 4308 865 4368 nempe

117 4391 178 4449 qua·
191 4391 254 4431 vere
275 4371 361 4449 gloria
383 4385 433 4429 est.
458 4371 696 4444 Quemadmodum
711 4374 783 4433 enirn
805 4397 861 4452 eos,

116 4462 163 4543 qui
179 4485 292 4544 corpora
305 4477 406 4538 amant,
428 4463 571 4522 formosior
593 4480 749 4546 conspectus
769 4468 863 4530 vultus

116 4555 236 4636 apriore
254 4552 452 4613 abstrahit:sic
472 4565 498 4611 et
518 4553 610 4632 gloriae
631 4556 714 4637 hujus
735 4559 860 4640 cupidos,

115 4647 285 4728 resplendens
304 4645 390 4725 gloria
407 4645 517 4703 celestis
527 4646 562 4704 ab
574 4646 626 4705 hac
641 4648 739 4727 poterit
756 4652 861 4712 abstra-

115 4737 187 4798 bere.
197 4739 276 4801 Illam
291 4738 380 4816 itaque
395 4735 569 4816 respiciamus
583 4753 608 4797 et
619 4755 741 4800 accurate
757 4744 861 4804 edisca-

116 4848 193 4903 mus,
208 4844 238 4889 ut
254 4827 486 4911 pulchritudinem
509 4829 567 4908 ejus
582 4829 753 4904 admirantes,
778 4835 861 4916 hujus

118 4919 312 4999 turpitudinem
336 4919 482 5000 fugiamus,
500 4932 526 4977 et
539 4919 625 4980 multa
647 4922 768 4982 fruamur
782 4927 862 4986 volu·

147 5144 159 5168 ⁸
175 5136 265 5195 μαλλον
275 5131 346 5183 deest
357 5133 383 5183 in
395 5131 484 5183 Morel.

921 4104 967 4162 καί
986 4101 1108 4170 δεδοικὼς
1127 4103 1173 4161 καί
1187 4101 1293 4183 μυρίους
1306 4099 1460 4181 θεραπεύειν
1476 4103 1635 4169 δεσπότας·
1651 4101 1693 4160 δὲ

920 4194 1018 4264 ταύτης
1036 4197 1084 4264 τῆς
1098 4192 1249 4274 τυραννίδος
1264 4192 1314 4260 ἔξω
1325 4192 1372 4261 ὢν,
1384 4199 1441 4259 τοῖς
1457 4195 1486 4250 ἐν
1504 4194 1604 4271 λιμέσι
1625 4198 1695 4258 καθι-

920 4286 1008 4364 μένοις
1025 4286 1072 4345 καὶ
1086 4285 1233 4364 ἐλευθερίας
1245 4283 1410 4344 ἀπολαύουσι
1424 4289 1563 4364 καθαρᾶς.
1576 4286 1648 4346 Ἀλλ’
1657 4287 1695 4343 uir

919 4380 1032 4448 ἐκεῖνος,
1048 4377 1107 4437 ἀλλ’
1116 4377 1186 4443 door<
1200 4376 1256 4436 ἐστί
1269 4374 1414 4456 γνώριμος,
1428 4375 1580 4444 τοσούτους
1592 4378 1650 4457 ἔχει
1662 4378 1695 4432 δι·

919 4470 1036 4541 σπότας,
1057 4479 1124 4527 πᾶσι
1152 4466 1280 4528 δουλεύειν
1312 4466 1542 4546 ἀναγκαζόμενος.
1570 4471 1637 4536 Πῶς
1659 4457 1696 4524 οὖν

918 4563 1163 4640 ἀπαλλαγησόμεθα
1183 4567 1231 4633 τῆς
1243 4561 1363 4640 χαλεπῆς
1379 4558 1480 4630 ταύτης
1503 4562 1646 4631 δουλείας;
1657 4558 1696 4617 ’λι

918 4652 1171 4735 ἐτόραςέρασθῶμεν
1194 4651 1283 4725 δόξης,
1297 4654 1345 4721 τῆς
1363 4652 1447 4718 ὄντως
1467 4651 1561 4726 δοἘης.
1575 4653 1695 4726 Καθάπερ

916 4746 968 4828 γὰρ
980 4746 1040 4813 τοθς
1059 4750 1112 4805 τῶν
1132 4748 1263 4824 σωμάτων
1284 4745 1399 4825 ἐρῶντας
1417 4745 1608 4827 λαμπροτέρα
1628 4746 1697 4822 ἑτέρα

916 4847 1027 4916 φανεῖσα
1041 4838 1100 4919 όψις
1114 4843 1162 4909 τῆς
1180 4834 1310 4919 προτίρας
1326 4832 1495 4906 ἀπέστησεν·
1519 4837 1595 4898 οὕτω
1609 4838 1643 4911 δὴ
1658 4836 1698 4895 καὶ

917 4930 976 4997 τοὺς
989 4930 1064 5002 δόξης
1077 4935 1267 5009 ἐπιθυμοῦντας
1275 4934 1323 5001 τῆς
1333 4930 1397 5007 παρ’
1412 4931 1493 5006 ἡμῖν,
1508 4936 1529 5004 ἡ
1546 4935 1579 4992 ἐκ
1595 4936 1649 4992 τῶν
1659 4933 1697 4991 et

958 5140 970 5177 ⁸⁸
988 5147 1120 5210 ἐξεπίτομιν
1131 5150 1170 5196 καί
1178 5140 1248 5193 deest
1261 5140 1286 5191 in
1297 5137 1385 5190 llorel.
