3728 5978
166 421 237 511 804
521 436 550 485 s.
578 394 719 487 uouutus
744 432 926 493 cunusoss.
955 432 1112 484 incursu.
1140 433 1435 484 eonsranmuon.

168 563 338 626 memoriam
356 579 509 632 revocans,
536 580 589 620 non
609 559 670 619 hec
689 558 755 619 satis
777 556 914 635 habuerit,
970 563 1089 639 πρῶτος,
1105 561 1189 620 etto
1205 559 1278 627 Θεὸς
1293 563 1382 619 τοῦτο
1400 554 1518 624 ἐπάταξε
1530 598 1541 629 ,
1553 556 1598 615 καὶ
1610 562 1686 620 τοῖσι

169 657 219 718 sed
229 654 320 714 adhuc
332 651 466 711 humilius
479 651 593 731 loquens
611 648 702 710 dicat:
713 653 838 731 Propter
849 670 917 730 gra·
970 649 1060 732 χάριν,
1081 653 1132 732 οὐχ
1143 653 1179 718 ὡς
1193 649 1269 718 ἀξιον
1293 647 1333 718 είς
1355 654 1444 709 τοῦτο
1457 647 1597 728 ἀφορίσας.
1615 651 1653 722 lli,
1668 678 1686 711 π

172 752 258 818 tiam,
283 765 348 824 quoe
367 744 441 803 duta
464 756 507 803 est
521 744 594 802 milti
610 763 630 801 α
651 740 822 820 Βεοιεγιιοεί
836 740 917 800 etiam
970 743 1143 825 τραχύνεσθε·
1168 746 1197 804 οὐ
1221 743 1277 826 γὰρ
1303 741 1365 821 ἐγὼ
1393 741 1637 819 κατεξανίσταμαι·
1655 750 1686 803 tt

170 841 199 900 in
222 836 357 919 principio
377 833 496 910 dicebat,
514 838 638 928 Debitor
656 855 730 894 sum.
751 834 788 893 ld
802 847 850 910 est,
864 853 917 893 non
972 838 1043 896 ἔστιν
1054 836 1235 896 θάπετάττων.
1248 833 1425 915 Ιίοιίῶσπερ
1438 827 1686 918 ἐκεῑςρησιν,ᾯλιιΙ

171 932 303 992 honorem
318 928 388 988 mihi
409 926 523 1008 arripui,
541 948 628 1006 neque
640 926 717 1007 prior
735 926 764 986 in
782 925 862 985 illum
875 924 916 984 in·
973 929 1055 1008 ἐντῷ
1066 927 1209 1011 εὐαγγελίῳ
1227 932 1278 988 τοῦ
1297 929 1374 987 Υίοῦ
1391 927 1499 997 αιἰτοῦ,
1512 925 1584 986 ούτιι
1602 929 1641 986 καὶ
1652 931 1686 988 lm

172 1022 259 1100 silivi,
284 1021 331 1081 sed
347 1022 422 1081 Deus
432 1020 525 1101 jussit,
547 1034 574 1079 et
587 1020 639 1080 hoc
651 1043 699 1102 per
714 1018 838 1098 gratiam,
863 1038 917 1077 non
974 1018 1066 1094 εἰπὼν,
1077 1021 1129 1080 Διὰ
1140 1019 1188 1092 flu
1198 1021 1281 1102 χάριν
1295 1019 1350 1093 τὴν
1365 1019 1501 1079 δοθεῖσάν
1517 1042 1565 1095 μοι
1576 1019 1686 1082 teleos

72 1112 75 1118 ’
172 1116 250 1197 quasi
272 1114 388 1195 dignum
410 1113 447 1173 ad
470 1113 522 1173 hoc
543 1113 685 1194 deputans.
716 1111 807 1172 Nolite
833 1109 918 1190 igitur
927 1138 962 1180 ριν
974 1110 1123 1190 ἐπήγαγεν·
1139 1103 1312 1179 Είςτθείναί
1325 1110 1547 1192 μελειτσυργθν
1558 1111 1640 1182 Ἰησοῦ
1652 1115 1685 1193 lp

171 1207 327 1289 exasperari
348 1231 355 1264 ε
378 1227 463 1286 neque
487 1206 559 1266 enim
583 1227 633 1286 ego
657 1205 686 1265 in
709 1225 760 1264 vos
784 1203 917 1283 insurgo:
935 1196 956 1241 Α
974 1207 1011 1270 είς
1031 1203 1065 1263 τά
1089 1203 1169 1277 ἔθνη,
1188 1208 1388 1285 ἱερουργοῦντα
1404 1203 1440 1264 τὸ
1455 1202 1612 1283 νῦαγγιλιον
1626 1208 1685 1266 τοῦθ

172 1302 247 1360 Deus
265 1313 303 1360 est
325 1299 373 1378 qui
392 1299 526 1380 precipit.
544 1297 583 1358 Et
597 1298 667 1358 sicut
680 1296 738 1357 illic
756 1296 834 1369 dicit,
865 1296 921 1356 Cui
973 1295 1051 1356 Μετλ
1071 1294 1123 1376 γὰρ
1136 1295 1185 1368 τλν
1203 1297 1309 1370 πολλὴν
1322 1300 1386 1357 τῶν
1404 1295 1566 1378 εἰρημένων
1580 1297 1685 1368 ἀπόδεξιν,

173 1396 268 1452 servio
282 1396 314 1450 in
334 1392 487 1472 evaugelio
508 1391 583 1451 Filii
600 1389 734 1473 ejusrita
755 1404 782 1450 et
793 1388 840 1448 hic
859 1408 922 1447 cum
974 1387 1004 1447 τθ
1027 1387 1182 1467 σεμνότερον
1202 1387 1262 1468 άγει
1282 1387 1330 1447 τὸν
1358 1387 1462 1468 λόγον,
1481 1390 1538 1468 οὐχ
1550 1387 1685 1466 άπλῦςλιε,

173 1482 297 1559 dixisset,
325 1487 385 1544 Per
406 1487 623 1564 gratiamque
648 1485 720 1543 dato
743 1494 787 1542 est
813 1483 888 1540 mitt
902 1500 922 1539 ιι
973 1479 1069 1560 λε’γιυν,
1077 1480 1197 1559 καθάπερ
1206 1480 1234 1538 ἐν
1242 1482 1333 1560 ἀρχῇ,
1346 1477 1430 1538 ἀλλά
1441 1479 1685 1561 λειτουργίανιιεὶίιρ

174 1576 250 1647 Deo,
269 1574 434 1656 subjunxit:
449 1577 496 1636 16.
517 1576 555 1635 Ut
568 1579 625 1634 sim
637 1594 689 1655 ego
704 1577 838 1633 minister
850 1575 922 1633 Jesu
973 1573 1044 1654 γίαν.
1068 1572 1142 1646 Alsa
1162 1573 1214 1653 γάρ
1228 1595 1276 1651 μοι
1288 1571 1438 1654 ἱερωσύνη
1453 1574 1491 1633 τὸ
1504 1572 1640 1655 κηρύττειν
1650 1576 1680 1632 ναὶ

175 1667 288 1728 Christi
296 1671 329 1725 in
338 1668 484 1746 gentibus,
497 1679 598 1726 sancte
610 1667 823 1726 adminlstrons
834 1685 922 1724 evan·
974 1663 1128 1744 supplitium
1139 1686 1146 1702 ·
1166 1665 1265 1737 ταύτην
1282 1658 1446 1745 πρυσιράρεύ
1459 1663 1517 1737 τὴν
1532 1665 1630 1725 θυσίαν.
1645 1664 1685 1745 ‘lep

173 1760 283 1839 gelium
302 1760 368 1818 Dei.
393 1759 540 1836 Postquam
553 1758 625 1816 enim
644 1779 726 1839 supra
738 1756 812 1817 dicta
827 1756 922 1817 multis
973 1756 1057 1825 οὐδεὶς
1078 1755 1109 1816 ἂν
1123 1755 1293 1836 ’ἐγκαλέσειε
1306 1757 1339 1816 τὸ
1356 1762 1441 1834 θῦμα
1467 1758 1685 1832 απουδάζονειάμ

173 1848 348 1930 probaverat,
371 1848 406 1908 ad
421 1849 460 1924 id,
475 1848 550 1929 quod
562 1849 673 1928 gravius
686 1862 755 1921 erat,
771 1870 921 1909 sermonem
973 1855 1166 1926 προσενεγκεῖν.
1181 1846 1277 1905 Ταῦτα
1288 1843 1318 1905 δὲ
1332 1845 1450 1924 ἔλεγεν,
1463 1847 1530 1924 ἅμα
1545 1847 1594 1906 καί
1603 1848 1685 1908 εούτνι1

119 2010 130 2033 γ
174 1940 268 2018 uertit,
284 1961 337 1999 non
349 1940 508 2022 simpliciter
521 1941 625 2001 cultum
636 1962 749 2023 ponem,
764 1955 794 2000 ut
808 1941 835 2001 in
847 1941 922 2022 prin·
975 1942 1027 2017 ρῶν
1040 1937 1075 1998 τά
1095 1936 1267 2018 φρονήματα,
1293 1935 1343 1996 καί
1368 1937 1487 2006 δεικνὺς
1511 1938 1607 1999 θυσίαν
1625 1940 1685 2011 leuc,

175 2032 258 2113 cipio,
272 2030 318 2092 sed
332 2033 472 2114 liturgiam
485 2047 512 2093 et
526 2054 633 2093 sacrum
651 2032 851 2093 ministerium:
864 2033 922 2093 Hoc
973 2025 1039 2107 ὑπὲρ
1052 2033 1105 2088 τῶν
1119 2030 1178 2087 καθ’
1192 2027 1286 2087 teneto
1299 2028 1557 2107 ἀπολογούμενος,
1569 2029 1609 2089 ὅτι
1625 2037 1678 2090 τοῦτο

175 2137 215 2184 est
227 2123 300 2185 enim
317 2123 386 2183 mihi
400 2123 590 2202 sacerdotium,
608 2123 757 2206 praedicare
774 2138 801 2184 et
813 2144 920 2184 annun·
972 2120 1105 2182 τέτακται
1116 2119 1169 2182 Καὶ
1179 2118 1229 2200 γάρ
1243 2120 1377 2199 μάχαιρά
1395 2143 1454 2198 μου
1467 2122 1504 2181 τὸ
1520 2122 1685 2203 edendum?

173 2214 243 2276 tiare
256 2239 267 2300 ²,
276 2214 329 2276 hoc
351 2215 436 2275 offero
457 2215 631 2277 sacrificium.
663 2215 804 2277 Sacerdoti
831 2216 1054 2275 ausentius
1066 2212 1234 2292 κηρύγματος
1246 2211 1335 2290 λόγος.
1352 2212 1418 2272 Καί
1434 2218 1452 2285 ἡ
1468 2214 1573 2287 αἰτία,
1594 2215 1678 2295 olgia

174 2329 253 2368 nemo
280 2309 345 2369 vitio
358 2309 452 2386 vertit,
470 2308 545 2389 qnod
568 2323 643 2369 curet
660 2309 861 2370 immaculatam
876 2311 922 2370 os·
974 2303 1108 2378 δοξαοθιῦ,
1121 2302 1226 2384 οιίχίνα
1239 2303 1372 2385 λαμπρὸς
1387 2309 1494 2384 φανῶ,
1507 2309 1572 2366 ἀλλ’
1585 2307 1685 2386 ίναγένῃ

174 2400 245 2460 ier're
258 2399 385 2460 hostiam.
398 2400 457 2460 Ηοε
467 2420 549 2482 porro
561 2398 678 2474 dicebat,
693 2413 725 2459 ut
737 2400 819 2459 simul
829 2421 923 2460 eorum
973 2394 1111 2479 προσφορά
1135 2400 1187 2456 τῶν
1213 2397 1295 2454 ίθνῶν
1320 2395 1555 2478 εὐπρόσδεκτος,
1582 2402 1684 2480 {propit

175 2492 281 2551 animos
295 2492 417 2573 erigeret,
430 2505 458 2550 et
471 2490 545 2572 ipsos
559 2512 616 2552 esse
629 2490 747 2551 hosdem
760 2491 921 2570 ostenderet,
975 2486 1114 2566 Πνεύματι
1126 2487 1203 2569 άγίιρ.
1216 2489 1242 2546 Τ
1242 2485 1381 2563 ουτέστιν,
1416 2491 1449 2548 oi
1471 2492 1566 2571 ψυχαί
1583 2496 1631 2550 τῶν
1646 2492 1684 2548 ld·

175 2607 208 2646 ac
230 2606 286 2646 sese
309 2599 448 2668 purgaret,
469 2584 545 2665 quod
567 2583 603 2646 ita
628 2598 793 2667 preceptum
817 2585 921 2646 iuissm.
976 2578 1061 2659 μόνων
1081 2577 1125 2639 ito
1146 2581 1283 2661 διχθῶαιν.
1296 2581 1341 2640 Οῦ
1356 2578 1419 2661 γάρ
1444 2581 1501 2660 ἐμὲ
1524 2589 1641 2644 τοσαῦται
1655 2607 1684 2658 ap

175 2678 294 2739 Gladius
305 2678 377 2765 enim
388 2697 475 2753 meus,
489 2676 588 2757 inquit,
603 2691 643 2738 est
655 2677 839 2758 evangelium,
853 2698 923 2759 prae-
974 2672 1043 2740 Θιθι
1057 2674 1094 2740 είς
1107 2677 1185 2732 τοῦτο
1196 2671 1307 2753 ἤγαγεν,
1323 2671 1393 2732 ὅσον
1407 2679 1493 2753 ὑμῶν
1509 2676 1655 2754 κηδόμσνις

174 2768 318 2831 dicationis
338 2771 453 2831 verbum
461 2793 471 2848 ρ
494 2791 575 2830 causa
589 2790 665 2847 vero,
688 2791 741 2830 non
756 2783 787 2831 ut
799 2790 849 2850 ego
862 2770 923 2849 glo-

174 2863 244 2923 riam
254 2862 402 2935 nanciscar,
414 2882 467 2922 non
479 2875 565 2942 ntego
575 2859 733 2944 splendidus
743 2860 839 2920 videar
845 2883 854 2937 ;
864 2860 922 2938 sed,

179 2956 283 3038 Utfiot
294 2957 406 3016 oblatio
415 2958 546 3037 gentium
560 2967 679 3035 eccepto
693 2967 722 3013 et
733 2953 923 3035 sanctificato

68 3098 70 3102 ,
175 3049 208 3104 in
221 3045 330 3125 Spiritu
341 3057 454 3104 sancto.
466 3043 498 3103 Id
509 3057 560 3118 est,
572 3056 602 3102 ut
616 3041 713 3103 anima
724 3035 923 3122 discipulorum

169 3153 289 3220 'acccptae
303 3139 365 3200 sint.
379 3141 439 3199 Non
451 3153 568 3217 tanmm,
584 3151 615 3199 ut
626 3159 669 3198 me
680 3137 834 3212 honoraret,
848 3139 923 3197 Deus

175 3227 204 3288 in
218 3228 269 3287 hoc
282 3227 409 3302 adduxit,
423 3241 556 3307 quantum
569 3241 600 3287 ut
613 3227 696 3288 vestri
707 3248 799 3288 curam
811 3240 923 3306 gereret.

216 3325 245 3380 θ.
274 3319 309 3378 Et
323 3318 458 3397 quomodo
468 3319 548 3378 suerit
560 3318 733 3400 receptabilis
753 3318 876 3378 oblatio?
889 3319 923 3376 ln
1017 3317 1072 3378 Καὶ
1091 3319 1148 3385 πῶς
1163 3317 1194 3376 ἀν
1210 3316 1312 3393 γίνοιτο
1337 3320 1574 3401 εὐπρόσδεκτος
1586 3322 1684 3384 ἜνΙΙιε

176 3410 281 3490 Spiritu
301 3425 412 3469 sancto:
430 3432 482 3470 nou
504 3410 576 3470 enim
602 3410 657 3470 side
671 3405 776 3469 tantum
791 3433 860 3492 opus
875 3424 923 3487 est,
977 3410 1045 3495 ἇγίιρ
1057 3434 1064 3448 ·
1078 3413 1107 3470 οὗ
1119 3409 1171 3490 γάρ
1182 3409 1296 3477 πίστεως
1310 3411 1351 3470 δεῖ
1366 3411 1480 3488 μόνης,
1495 3416 1573 3476 ἀλλά
1590 3418 1634 3476 καὶ
1642 3420 1684 3474 πολ

178 3500 225 3560 sed
250 3501 331 3560 otiam
343 3500 481 3581 spirituali
505 3501 568 3561 vitae
588 3501 720 3572 instituto,
741 3516 771 3560 ut
790 3503 924 3583 Spiritum
975 3508 1166 3582 πνευματικῆς,
1174 3501 1217 3561 ίνα
1226 3501 1391 3582 κατέχωμεν
1399 3504 1677 3586 &nocuitatem

74 3676 77 3681 ,
179 3608 301 3654 sanetum
313 3593 395 3654 semel
406 3593 500 3653 datum
514 3593 685 3654 retineamus.
699 3595 791 3674 Neque
804 3596 877 3655 enim
888 3596 923 3656 li·
976 3600 1017 3657 Οὐ
1031 3595 1084 3677 γάρ
1093 3593 1158 3664 ξύλα
1170 3593 1217 3655 καί
1227 3601 1291 3676 πῦρ,
1303 3594 1364 3653 οὐδὲ
1379 3598 1483 3676 βωμὸς
1495 3602 1548 3659 καλ
1560 3600 1683 3681 μάχαιρα,

178 3707 231 3768 gua
247 3701 273 3746 et
292 3686 374 3768 ignis,
401 3707 454 3745 non
479 3706 525 3745 ata
545 3699 571 3745 et
594 3685 711 3766 gladius,
739 3687 786 3746 sed
805 3687 923 3769 Spiritus
938 3690 957 3738 C
973 3685 1109 3765 Ἶῑνεῦμα
1128 3684 1296 3767 πάντα’παρ’
1311 3691 1390 3765 ἡμῖν.
1416 3689 1476 3748 Διά
1492 3697 1580 3752 τοῦτο
1594 3693 1683 3752 πάντα

177 3779 267 3840 omnia
281 3776 354 3860 apud
375 3799 423 3838 nos
433 3792 482 3842 est.
503 3780 648 3859 Propterea
663 3777 734 3837 nihil
748 3799 800 3838 non
823 3799 884 3860 ago,
894 3792 925 3838 ut
974 3778 1019 3841 ίνα
1034 3779 1072 3859 μὴ
1089 3778 1187 3858 σόεαθῇ
1206 3783 1290 3839 ἐκεῖνο
1303 3780 1334 3838 τὸ
1347 3786 1406 3861 πῦρ
1420 3805 1428 3819 ·
1444 3791 1536 3844 τοῦτο
1558 3786 1612 3866 γὰρ
1624 3785 1683 3843 nii

177 3893 212 3933 ne
231 3872 303 3953 ignis
325 3871 372 3935 ille
385 3870 594 3951 exstinguatur:
607 3869 658 3929 hoc
671 3870 744 3929 enim
766 3869 925 3930 mandatum
975 3895 1089 3952 εαγμαι.
1110 3871 1147 3931 Τί
1167 3861 1211 3932 οὖν
1231 3879 1287 3943 τοῖς
1308 3870 1345 3949 μὴ
1370 3872 1523 3951 δεομένοις
1539 3878 1640 3956 λέγεις
1652 3879 1683 3934 Δι’

177 3967 246 4027 mihi
261 3966 323 4025 suit.
340 3965 397 4023 Gur
411 3984 476 4044 ergo
497 3963 531 4023 iis
551 3962 681 4042 loqueris,
699 3962 801 4042 quibus
813 3984 869 4022 non
885 3975 927 4023 est
976 3963 1008 4035 δὴ
1021 3968 1097 4022 τοῦτο
1108 3963 1137 4020 οὐ
1155 3961 1284 4033 διδάσκον,
1299 3963 1359 4020 ἀλλ’
1375 3967 1616 4045 ἀναμιμνήσκω,
1629 3967 1682 4049 erpi

176 4060 264 4141 opus?
282 4060 395 4139 Propter
417 4056 469 4116 hoc
482 4055 584 4136 ipsum,
597 4053 698 4132 inquit,
710 4073 764 4114 non
774 4053 867 4131 dooeo,
878 4054 925 4116 sed
977 4054 1062 4136 θάπερ
1076 4059 1091 4114 θ
1103 4052 1188 4134 ἱερεὺς
1198 4052 1351 4133 παρέστηκε
1362 4054 1397 4113 πὸ
1409 4063 1470 4138 πῦρ
1486 4063 1641 4134 ἀνακαίων,
1650 4059 1683 4119 ὥν

178 4149 450 4212 οοιιιειιοινσίεεὶοιιιῑ
470 4145 593 4207 εαοοιιίοα
614 4144 705 4206 adstat
721 4145 813 4226 ignem
829 4169 924 4207 accen·
977 4145 1097 4219 ίὼτὴν
1113 4144 1260 4226 προθυμίαν
1284 4148 1359 4222 ὑμῶν
1382 4148 1549 4233 διεγείρων.
1577 4154 1630 4215 Καὶ
1646 4153 1683 4231 ὅρα

179 4241 259 4319 dens,
272 4242 312 4301 sic
325 4255 351 4301 et
362 4262 411 4320 ego
424 4240 546 4300 animum
559 4253 681 4298 vestrum
691 4238 821 4299 excitans.
832 4239 868 4299 Et
882 4239 922 4300 vi·
977 4174 1065 4312 είπεν,
1088 4238 1132 4298 θνα
1150 4236 1258 4317 γένηται
1280 4242 1296 4309 ἡ
1321 4240 1472 4322 προσφορά
1497 4249 1597 4321 ὑμῶν,
1619 4244 1677 4304 titt

179 4333 222 4409 de,
234 4354 287 4393 non
304 4331 398 4410 dixit,
416 4332 520 4413 Utfiat
539 4331 651 4390 oblatio
669 4330 826 4408 vestra,sod
838 4332 923 4391 Gen·
976 4335 1069 4393 θθνῶν.
1088 4329 1175 4391 Ὅταν
1195 4329 1223 4390 tt
1242 4329 1323 4409 είπρ,
1342 4332 1409 4389 Τῶν
1426 4336 1539 4411 ἐθνῶν,
1557 4339 1607 4412 τὴν
1624 4340 1683 4396 oinos

179 4427 264 4484 tium.
287 4426 358 4484 Cum
384 4443 449 4483 vcro
473 4420 559 4497 dicit,
583 4422 738 4497 Gentium,
763 4422 857 4481 orbem
876 4422 925 4481 di·
977 4426 1064 4506 λέγει,
1078 4427 1127 4504 γῆν
1141 4423 1186 4482 καλ
1198 4421 1332 4482 θάλασσαν
1348 4423 1486 4499 άπασαν,
1502 4431 1683 4490 καταστέλλειν

178 4517 233 4591 cit,
254 4530 353 4575 terram
373 4527 399 4573 et
420 4533 496 4572 mare
514 4511 544 4571 in
564 4512 732 4590 universum,
752 4512 863 4573 illorum
883 4534 925 4574 re-
978 4542 1030 4578 νυν
1044 4516 1078 4576 πθ
1092 4515 1267 4598 φρονήματα,
1283 4513 1352 4574 ὥστε
1378 4516 1421 4593 μὴ
1449 4521 1619 4590 ἀπαξιῶσαι
1635 4524 1676 4582 καὶ

178 4606 422 4692 primens·animos
431 4651 441 4684 ,
464 4619 495 4665 ut
515 4626 548 4665 ne
567 4604 749 4687 dedignentur
777 4606 857 4666 illum
877 4606 926 4666 ha·
980 4611 1078 4671 σκαλον
1087 4608 1158 4688 ἔχειν
1174 4608 1219 4667 τὸν
1231 4607 1296 4690 πρὸς
1308 4606 1343 4666 τὰ
1356 4607 1470 4688 πέρατα
1484 4616 1541 4684 τῆς
1555 4615 1683 4693 nimpi„

176 4702 241 4763 bere
260 4703 408 4775 doctorem,
429 4699 477 4779 qui
491 4698 525 4758 ad
534 4699 663 4759 terminos
684 4713 761 4759 terrae
782 4697 926 4760 contende·
979 4701 1105 4781 νόμενον·
1123 4697 1197 4760 duel
1213 4697 1358 4779 ἀρχόμενος
1375 4698 1477 4780 ἔλεγε,
1494 4707 1600 4774 Καθὼς
1618 4707 1683 4767 καὶ(

178 4808 239 4853 ret:
253 4793 423 4873 quodetiam
437 4791 515 4852 initio
533 4790 651 4868 dicebat,
664 4792 745 4852 Sicut
762 4805 789 4853 et
803 4795 836 4851 in
857 4793 926 4852 reli·
941 4796 961 4842 ί)
978 4797 1079 4858 λοιποῖς
1093 4790 1209 4862 ἔθνεσιν,
1220 4787 1337 4861 Ἕλλησί
1352 4813 1383 4848 τε
1395 4792 1446 4850 καλ
1460 4797 1635 4879 βαρὸάροις,
1648 4823 1683 4876 ⁶⁰⁸.

178 4891 243 4968 quis
254 4891 388 4967 gentibus
407 4887 519 4946 Grecis
530 4897 558 4944 et
577 4886 731 4957 tartaris,
745 4888 926 4964 sapientibus
979 4885 1024 4946 καλ
1038 4882 1157 4957 ἀνοήτοις
1169 4882 1304 4963 ὀφειλέτης
1318 4879 1384 4961 εἶμί.
1407 4882 1497 4967 ’Έχω
1524 4881 1575 4950 σύν
1599 4891 1681 4972 καύχν,

211 5100 222 5124 ·
240 5084 323 5154 [Edd.
337 5091 495 5153 ίγκαλίιηααι.
512 5090 540 5142 A.
553 5094 692 5154 ἀγκαλέσαιτ’,
708 5083 849 5155 quodlicet
863 5085 938 5140 dubi·
1020 5089 1033 5127 ¹³
1050 5087 1060 5152 [
1071 5094 1171 5156 παρείκοι
1184 5090 1239 5156 παρ’
1252 5093 1274 5145 tl·
1283 5083 1311 5136 Α.
1324 5099 1407 5150 cort.;
1421 5093 1556 5163 παρόντα,
1568 5105 1598 5144 ut
1609 5089 1682 5145 vilui

179 5175 262 5216 tnntcr
273 5165 433 5235 recepimus]
989 5183 1057 5219 tntu.
1071 5166 1151 5234 Marg.
1165 5162 1241 5219 savit.
1256 5165 1387 5236 πειρῶται]
