3728 5978
124 411 198 499 4¹4
466 423 496 470 s.
523 422 663 472 ronrnnrs
688 420 870 470 cnrrsosr.
899 419 1057 471 anonim.
1084 416 1353 474 conserarrnnr.

122 549 264 632 qoeritis?
283 553 325 611 Ita
345 547 416 608 nihil
431 547 598 624 metuebant,
623 567 676 606 non
698 544 862 621 tribunalia,
916 544 991 605 οὐδέν
1011 547 1100 613 αὐτοῖς
1123 545 1273 625 ἆτύλμητον
1286 537 1329 618 ἦν.
1344 545 1400 607 Καὶ
1419 545 1471 618 τὴν
1488 545 1598 625 γνύνμην
1613 549 1681 621 eice,-

122 665 176 704 non
191 644 282 722 leges:
301 641 338 700 ita
353 638 422 701 nihil
438 637 512 720 apud
533 638 594 697 illos
615 637 779 696 intentatum
798 648 863 694 erat.
916 640 1041 716 γοῦνται,
1060 638 1105 699 καί
1118 639 1166 712 τὴν
1184 639 1278 719 πρᾶξιν
1290 639 1509 720 ἐπαγγέλλονται.
1525 637 1683 708 Ἄκούοαςδί

122 734 325 794 Etsententiam
336 729 488 812 inducunt,
506 742 533 790 et
545 729 677 789 actionem
690 726 861 786 denuntiant.
920 734 934 788 θ
947 731 1001 797 υίδς
1015 735 1064 802 τῆς
1074 731 1188 810 ύδελρῆς
1198 730 1306 790 Παύλου
1319 731 1350 790 τδ
1359 731 1473 811 ένεδρον.
1484 733 1575 791 Τοῦτο
1587 733 1634 801 τῆς
1644 738 1685 790 τοῦ

123 827 198 886 Cum
211 826 341 884 audisset
354 835 454 883 aulem
462 822 553 902 filius
567 823 675 879 sororis
688 819 780 879 Pauli
793 821 864 877 t'nst‘-
919 824 990 884 Θεοῦ
1002 821 1152 900 οἰκονομίας
1161 813 1194 894 ἦν
1204 822 1306 894 λοιπὸν,
1316 822 1347 881 τὸ
1358 821 1396 900 μὴ
1410 824 1527 882 συνιδεῖν
1537 821 1639 896 αὐτοὺς,
1649 823 1687 883 ὅτι

122 918 198 976 dias.
216 915 276 975 Hoc
297 935 334 977 ex
351 913 448 975 divina
462 911 675 992 dispensatione,
691 906 764 987 qnod
780 908 863 967 nesci·
919 910 1070 973 ἀκούσεται.
1090 911 1127 972 Τί
1139 903 1184 972 σύν
1197 916 1212 972 θ
1226 915 1345 988 Παῦλοςς
1366 915 1426 973 Οὔκ
1439 913 1607 994 έθορνῦήθη,
1625 914 1687 972 έλλδ

121 1021 181 1068 rent
191 1005 266 1086 quod
279 1005 429 1067 audiretur.
444 1002 519 1075 Quid
528 1023 592 1083 ergo
603 1000 726 1061 Paulus?
735 1001 795 1060 Non
808 1013 865 1059 tur·
882 1026 902 1074 ι)
920 1008 1043 1079 συνεῖδεν,
1052 1005 1095 1066 dre
1106 1009 1177 1067 Θεοῦ
1193 1009 1264 1066 ἐστιν
1279 1006 1353 1088 ἔργον
1364 1012 1461 1066 τοῦτο·
1476 1006 1525 1066 καί
1541 1006 1572 1067 τδ
1585 1015 1638 1065 πᾶν
1650 1007 1687 1066 ἆτ’

1 1107 2 1110 ’
122 1099 202 1159 batus
224 1111 282 1172 est,
299 1097 346 1158 scd
365 1096 498 1156 intellexit
512 1094 638 1155 divinum
652 1113 722 1174 opus
743 1112 800 1150 esse
818 1104 866 1151 tet
920 1099 997 1158 αὐτὸν
1009 1096 1099 1179 ῥίψας,
1111 1089 1181 1178 εἶχεν
1192 1096 1219 1167 ἐξ
1229 1098 1306 1179 έργου
1318 1099 1366 1171 τὴν
1376 1098 1524 1179 σωτηρίαν.
1536 1098 1591 1159 Καί
1602 1098 1688 1158 σκύτει

122 1204 208 1250 totum
218 1191 246 1250 in
256 1190 336 1249 illum
346 1187 504 1269 conjiciens,
514 1209 550 1248 ex
561 1209 592 1246 ea
605 1207 634 1245 re
645 1185 760 1244 salutem
771 1196 866 1244 nactus
920 1191 976 1256 πῶς
990 1191 1028 1257 είς
1041 1188 1138 1267 ἀγαθὸν
1157 1189 1274 1249 πένταθ
1290 1188 1359 1257 Θεδς
1374 1188 1559 1270 ᾠκονόμησεν.
1581 1179 1688 1249 Είιενδ

121 1296 170 1343 cst.
184 1283 221 1342 Et
231 1280 453 1360 ride,quom0do
463 1282 539 1339 Deus
549 1277 639 1337 omnia
651 1276 678 1335 in
687 1276 789 1336 boumn
802 1297 865 1355 pro·
919 1277 1023 1348 νεανίιίς
1035 1278 1084 1350 τὴν
1096 1278 1249 1352 ἐπιύουλὴν,
1266 1280 1423 1354 ίττιστεύθη,
1445 1281 1492 1340 καί
1514 1279 1587 1341 οῦτω
1603 1281 1688 1341 λοιειδι

122 1374 223 1436 rideat.
239 1372 356 1435 Insidias
369 1373 474 1432 nuntiat
488 1370 662 1445 adolescens,
677 1367 811 1427 creditum
825 1381 864 1426 cst
920 1369 1077 1440 διασώζεται
1088 1373 1202 1438 Παῦλος.
1215 1371 1270 1431 Καὶ
1283 1373 1307 1430 εί
1320 1369 1424 1452 εἰρέθη,
1438 1371 1521 1453 φησὶ,
1532 1377 1584 1446 τῆς
1595 1372 1689 1447 ciriae,

122 1466 160 1541 ci,
178 1479 204 1526 ct
226 1465 265 1526 sic
279 1477 370 1545 postea
394 1475 518 1522 servatur
534 1460 643 1519 Paulus.
663 1457 700 1517 Et
715 1458 738 1517 si
753 1479 768 1516 a
783 1478 864 1516 causa
920 1461 1000 1521 διὰτί
1011 1460 1242 1542 τοῦςκατηγύραις
1252 1461 1486 1543 έπεμψσνςὮστε
1501 1464 1690 1545 θκριῦεστίραν

122 1559 185 1635 illa,
197 1558 316 1637 inquies,
328 1557 468 1616 absolutus
477 1567 534 1629 est,
548 1574 598 1614 cur
610 1553 742 1612 miserunt
755 1571 865 1610 accusa·
919 1553 1040 1631 γενέσθαι
1063 1553 1112 1625 τὴν
1136 1553 1272 1622 ίξέτασιν·
1291 1552 1361 1614 ὥστε
1383 1557 1486 1632 μᾶλλον
1511 1553 1691 1635 δκαθαρθῆναι

122 1651 215 1711 toros?
229 1653 267 1711 Ut
280 1650 433 1709 accuratius
443 1667 556 1706 examen
570 1645 663 1720 srerct5
675 1657 706 1703 ut
718 1643 805 1723 magis
818 1643 865 1703 itte
919 1645 964 1704 τδν
978 1645 1070 1727 ἄνδρα.
1084 1649 1217 1705 Τοιαῦται
1229 1649 1257 1704 ei
1270 1654 1316 1708 τοῦ
1328 1649 1399 1707 Θεοῦ
1419 1648 1587 1726 οἰκονομίαι·
1609 1648 1644 1708 δι’
1660 1640 1690 1708 δν

122 1756 292 1824 purgamur.
308 1741 390 1800 Tales
411 1752 474 1799 sunt
500 1737 552 1797 Dei
578 1735 790 1817 dispensationes
808 1755 865 1793 :ex
920 1734 1109 1816 βλαπτόμεθα,
1138 1737 1183 1798 διδι
1207 1737 1307 1798 τούτων
1331 1737 1515 1820 ὠφελούμεθα.
1543 1740 1628 1801 Οὕτω
1652 1742 1690 1801 καί

7 1874 29 1900 a.
74 1884 80 1897 .
122 1835 222 1913 quibus
241 1835 378 1908 laedimur,
403 1853 438 1892 cr
461 1831 496 1890 iis
509 1832 646 1910 juvamur.
662 1828 709 1889 Sic
724 1841 749 1887 ct
764 1827 866 1907 Joseph
920 1826 1020 1908 Ἰωσλρ
1040 1828 1228 1889 έπεθυυλεύιτο
1246 1829 1299 1889 διεδ
1314 1833 1360 1902 τῆς
1374 1829 1532 1904 δεσποίνης·
1545 1831 1594 1891 καί
1615 1833 1689 1892 idern

122 1924 227 1985 insidiis
239 1924 418 2006 impetebatur
431 1945 446 1982 a
457 1921 586 1996 domina,
601 1933 628 1979 et
644 1918 710 1977 dum
726 1918 773 1977 illa
787 1916 865 1979 vide·
920 1919 967 1999 μέν
980 1920 1168 1993 έπιῦουλεύειν,
1181 1920 1385 1983 ἐπιύουλεύυισα
1396 1922 1424 1983 δδ
1435 1924 1462 1980 έν
1474 1922 1612 2004 ασρσλιίη
1623 1926 1688 1985 mg.

122 2031 196 2077 retur
215 2017 256 2076 illi
278 2015 419 2092 insidiari,
435 2013 463 2073 in
477 2012 620 2072 securitate
634 2010 772 2070 constituit
785 2033 792 2067 τ
807 2031 865 2069 car·
919 2033 1015 2082 στησεν
1032 2011 1124 2071 αὐτόν·
1140 2017 1188 2084 τῆς
1199 2012 1251 2096 γδρ
1264 2013 1365 2088 σίκίας,
1378 2015 1441 2074 ἔνθα
1459 2014 1493 2074 τὸ
1507 2014 1601 2096 θηρίσι
1615 2018 1688 2076 ῖιιιῖνσ

121 2131 165 2169 εστ
177 2109 341 2187 enimlongc
356 2107 447 2166 mitior
459 2118 515 2166 erat
527 2103 627 2178 domo,
640 2103 668 2162 in
682 2124 736 2182 qna
749 2102 805 2162 iera
817 2102 864 2160 illa
882 2114 901 2161 E
919 2103 1069 2184 έτρέρετο,
1084 2106 1175 2184 πολλῷ
1195 2105 1226 2164 τὸ
1254 2106 1435 2186 &mrim
1456 2106 1634 2187 ἡμρώψ
1652 2100 1686 2180 t,

121 2199 299 2259 nutriebatur.
311 2198 372 2257 illic
384 2196 457 2256 enim
469 2216 533 2255 cum
545 2207 628 2272 esset,
640 2193 688 2253 etsi
699 2192 865 2252 ministrare-
919 2193 994 2253 Ἐκεῖ
1006 2192 1055 2272 μίν
1064 2194 1116 2277 γὰρ
1126 2194 1173 2270 ὢν,
1183 2199 1207 2256 εί
1220 2197 1265 2257 καί
1277 2200 1303 2257 έν
1313 2198 1441 2278 θεραπεία
1454 2189 1501 2272 ἦν,
1512 2201 1575 2258 ἀλλ’
1585 2201 1614 2258 έν
1624 2200 1686 2280 pice

120 2306 166 2352 tur
178 2292 246 2374 ipsi,
261 2304 289 2350 at
311 2292 339 2349 in
354 2304 426 2350 metu
441 2309 547 2369 semper
562 2301 637 2364 erat,
655 2307 689 2344 ne
709 2285 819 2345 domina
835 2307 864 2345 se
919 2285 1051 2360 διηνεκεῖ,
1067 2286 1184 2362 μήποτε
1201 2288 1354 2361 ἐπίθηταιὴ
1369 2290 1518 2365 δέσποινα,
1530 2290 1580 2352 καί
1594 2292 1685 2369 δεσμω

33 2382 37 2389 ’
120 2382 321 2462 aggrederetur,
342 2394 368 2440 et
391 2399 497 2439 carcerc
520 2378 629 2458 gravior
650 2375 693 2435 illi
715 2389 803 2434 metus
822 2375 866 2433 in·
919 2376 1011 2456 τηρίυυ
1024 2377 1327 2461 χαλεπύιτερονδφύύος
1344 2384 1416 2461 αὐτῷ
1433 2381 1577 2442 ίπίκειτο·
1590 2383 1685 2461 μετδδί

121 2476 233 2535 stabat:
255 2488 316 2556 post
338 2473 535 2533 accusationem
559 2484 651 2530 autem
672 2470 700 2529 in
724 2469 867 2529 securitate
919 2465 1267 2551 τὴνκατηγορίανένάδείρ
1276 2471 1367 2532 λοιπδν
1381 2473 1543 2555 καὶησυχίιρ
1556 2464 1600 2548 ἦν,
1613 2477 1686 2534 ἀντιλ-

120 2570 232 2629 demum
242 2582 268 2628 et
278 2569 368 2647 quiete
378 2567 509 2645 degebat,
524 2565 559 2624 ab
572 2563 646 2623 tilius
657 2565 719 2622 serre
736 2577 762 2622 et
775 2562 866 2644 turpi-
919 2559 1011 2638 λαγεὶς
1023 2561 1123 2620 έκείνσυ
1136 2568 1183 2620 τοῦ
1197 2561 1288 2643 θηρίου
1305 2563 1350 2623 καί
1372 2566 1421 2634 τῆς
1437 2564 1632 2646 ἀσχημοσύνης
1649 2566 1686 2627 ιὰ

121 2660 216 2721 tudine
229 2674 255 2720 et
273 2658 381 2720 insidiis
402 2659 552 2718 lssreratnsz
567 2653 716 2736 jucundius
727 2653 799 2714 enim
813 2653 866 2735 ipsi
919 2653 968 2722 τῆς
978 2652 1132 2724 ἐπιύυυλῆς·
1146 2653 1248 2732 βέλτιον
1260 2654 1313 2735 γδρ
1327 2659 1398 2736 αύτῷ
1409 2647 1443 2728 ἦν
1454 2657 1686 2740 τεταλαιπωρημ.

120 2766 178 2812 crat
202 2773 265 2811 cum
293 2750 452 2810 aemmnosis
475 2746 631 2808 bominibus
651 2745 762 2826 degere,
783 2767 866 2825 quam
919 2767 974 2811 νοις
984 2742 1132 2825 ἀνθρώποις
1144 2745 1461 2829 συνεῖναι,ίημαινσμένη
1480 2748 1619 2830 δεσποίνῃ,
1629 2750 1685 2810 Ἒ,.

120 2867 183 2906 enm
194 2846 300 2906 furente
315 2843 434 2904 domina.
457 2841 542 2902 lsthic
559 2860 623 2922 ergo
638 2840 757 2921 seipsum
769 2860 864 2899 conso·
920 2839 1005 2895 ταῦθα
1018 2835 1066 2914 μέν
1080 2829 1129 2919 οἶν,
1137 2841 1312 2918 παρεμυθεῖτο
1323 2838 1425 2915 ἑαυτὸν,
1440 2837 1484 2898 dtr
1495 2840 1541 2900 διδ
1555 2842 1685 2922 σειρρυσύ-

120 2938 237 3014 labatur,
249 2936 325 3015 quod
350 2947 460 3017 propter
481 2932 631 2993 castitatem
656 2951 688 2990 eo
712 2929 864 3008 incidisset,
920 2952 968 3000 νην
982 2927 1119 2990 ἐνέπεσεν·
1141 2934 1195 2991 ἐκεῖ
1210 2928 1237 2990 δί
1253 2930 1391 3005 ίδεδοίκει,
1407 2930 1444 3009 μὴ
1459 2933 1524 3013 περί
1543 2932 1593 3006 τὴν
1608 2933 1686 3014 batn

121 3031 180 3091 itlic
192 3051 255 3090 vero
268 3028 397 3105 timebat,
408 3047 442 3086 ne
455 3025 483 3085 in
496 3024 586 3085 anima
594 3023 702 3105 plagam
716 3023 864 3104 acciperet:
876 3071 911 3112 m
920 3019 991 3099 λοίύη
1002 3018 1051 3094 τὴν
1061 3022 1184 3102 πληγήν·
1196 3021 1271 3083 ούδίν
1286 3022 1338 3104 γδρ
1349 3023 1548 3104 ἐπαχθέστερον
1562 3026 1688 3106 ἐρωμένης

122 3123 235 3182 muliere
249 3121 350 3202 quippe
373 3131 480 3178 amante
492 3116 561 3177 nibil
583 3116 683 3176 nolenti
699 3117 794 3197 juveni
807 3138 865 3176 mo-
883 3127 903 3175 Α
920 3109 971 3191 νέῳ
986 3107 1024 3188 μὴ
1039 3112 1204 3193 βουλομένῳ,
1218 3111 1291 3172 ούδέν
1302 3112 1483 3194 έναγίστερον,
1496 3115 1575 3175 σῦδὲν
1586 3115 1688 3196 βηρύη.

121 3214 231 3291 lestius,
244 3212 315 3272 nihil
335 3209 489 3285 scelestius,
507 3207 578 3267 nihil
591 3207 723 3288 gravius:
739 3207 866 3267 omnibus
921 3223 980 3280 ρον·
996 3201 1103 3261 πάντων
1117 3205 1222 3282 δεσμῶν
1235 3209 1311 3264 τοῦτο
1323 3204 1522 3288 χαλεπώτερον.
1541 3204 1629 3267 'nm
1646 3208 1688 3267 σθι

122 3308 174 3367 boc
198 3305 316 3367 vinculis
336 3301 554 3364 onerosissimum
579 3312 627 3360 est.
652 3300 746 3378 ltaque
762 3320 815 3359 non
837 3300 866 3360 in
920 3296 957 3362 είς
969 3294 1148 3374 δεσμωτήριον
1162 3294 1292 3374 ἐνέπεσεν,
1311 3296 1380 3356 ἀλλὰ
1401 3297 1589 3380 δεσμωτηρίῳ
1608 3301 1689 3372 ἀπηλ-

120 3419 254 3458 caroerem
269 3395 380 3471 incidit,
394 3393 576 3454 sedaearcerc
590 3390 719 3450 ldieratus
735 3404 794 3450 est:
809 3389 866 3450 ini·
920 3385 1011 3465 λοίγη·
1032 3385 1227 3464 ἐξεπολέμωσεν
1243 3390 1315 3468 αὐτῷ
1329 3388 1374 3455 τδν
1390 3389 1532 3464 δεσπότην,
1551 3392 1622 3451 ἀλλὰ
1644 3416 1690 3451 m.

121 3490 223 3550 micum
237 3489 278 3548 illi
293 3485 413 3546 reddidit
421 3481 866 3557 herum,sedconciliavitDcum:
920 3476 1035 3545 τίλλαξε
1056 3477 1101 3536 τδν
1121 3478 1200 3552 Θιδν,
1221 3479 1376 3560 οἰκειότερον
1397 3482 1476 3542 αύτδν
1491 3481 1691 3563 κατέστησιτῷ

120 3580 324 3641 familiariorem
344 3579 433 3659 ipsum
454 3573 574 3636 reddidit
590 3595 654 3634 vero
667 3572 797 3632 domino:
813 3574 867 3654 eje·
920 3566 1002 3635 ὄντως
1013 3568 1136 3648 Δεσπύτη
1150 3572 1188 3650 τῷ
1206 3572 1337 3651 ἀληθινῷ·
1356 3571 1463 3640 έξέύαλε
1477 3576 1527 3645 τῆς
1541 3574 1691 3642 ἐπιστασίας

120 3673 157 3732 cit
172 3671 251 3731 illum
266 3692 301 3730 er
316 3669 474 3751 praefectura
488 3667 586 3725 domus
602 3687 674 3740 suae,
691 3664 738 3725 scd
757 3663 867 3725 domino
920 3664 969 3732 τῆς
983 3663 1009 3720 ἐν
1024 3665 1056 3740 τῇ
1070 3661 1150 3741 οἰκίᾳ,
1164 3665 1223 3721 ἀλλ’
1237 3663 1354 3743 tratum
1366 3667 1405 3744 τῷ
1419 3665 1557 3747 deniq
1572 3665 1692 3726 Πᾰλινσῖ

119 3763 297 3824 domesticum
326 3759 455 3820 reddidit.
475 3760 595 3817 Rursum
621 3757 718 3816 iratres
738 3755 866 3816 vendide·
921 3751 1028 3832 ἀδελφοὶ
1039 3750 1191 3825 ἐσύλησαν,
1203 3754 1265 3814 ἀλλ’
1275 3754 1429 3826 ἀπήλλαξαν
1448 3758 1528 3817 αὐτὸν
1542 3757 1690 3820 mm.

120 3869 193 3930 νυοί,
207 3854 254 3914 sed
265 3854 414 3913 liberarunt
428 3848 763 3910 eumaeontubernaiibus
777 3847 867 3907 inimi-
921 3865 974 3901 των
987 3847 1098 3923 έγθρῶν,
1112 3844 1205 3925 φθόνου
1218 3845 1264 3904 καί
1274 3844 1418 3925 βασκανίας
1422 3851 1539 3932 ιταλλῆς,
1553 3850 1691 3922 immi<

119 3948 172 4022 eis,
184 3947 219 4006 ah
232 3943 336 4005 invidia
351 3957 378 4003 et
390 3942 477 4003 livore
489 3940 594 4018 multo,
605 3962 620 3999 a
635 3939 801 4018 quotidianis
819 3939 865 3997 in·
920 3941 1115 4015 καθημερινῆς,
1127 3936 1233 4016 μακρδν
1244 3937 1411 4010 κατέστησεν
1425 3940 1505 3999 αὐτὸν
1519 3945 1577 4001 τῶν
1587 3942 1692 4022 μισούν-

119 4041 215 4118 sidiis;
230 4040 310 4099 ilium
319 4038 415 4120 procul
428 4035 624 4096 obedientibus
635 4055 664 4093 se
676 4032 867 4093 amandarent.
920 4052 983 4087 των.
998 4026 1035 4086 Τί
1045 4026 1097 4109 γδιρ
1106 4026 1199 4089 τούτου
1208 4038 1307 4112 ιχεῖρον,
1321 4030 1384 4090 ὅταν
1397 4054 1436 4098 τις
1449 4033 1577 4113 ᾶδιλφοῖς
1587 4038 1692 4114 pomo?-

120 4134 196 4206 Quid
208 4134 282 4193 enim
295 4134 387 4205 hac-re
398 4129 535 4204 deterius,
546 4127 656 4207 quando
667 4127 800 4206 quiscum
812 4127 868 4185 ira·
885 4141 903 4188 B
922 4143 949 4180 σι
962 4128 1089 4180 συνοικεῖν
1104 4122 1303 4202 ἀναγκάζηται,
1317 4120 1381 4181 ὅταν
1397 4124 1431 4182 δι’
1445 4123 1564 4203 brebie<
1577 4116 1613 4206 ᾗ,
1633 4122 1691 4185 ὅταν

121 4225 209 4284 tribus
223 4223 326 4284 invidis
337 4221 461 4281 habitare
475 4219 592 4298 cogitur,
604 4215 713 4296 quando
727 4230 869 4298 suspectus
923 4212 1139 4287 ἐπιθουλεύηται,
1158 4212 1246 4274 Ὥστε
1268 4214 1346 4296 ίτερσ
1360 4212 1410 4293 pit
1426 4214 1531 4277 έιτοίσαι
1557 4218 1604 4278 καὶ
1627 4209 1692 4278 oben

121 4330 177 4388 cst,
192 4329 218 4375 et
232 4314 339 4374 insidiis
352 4311 512 4394 appetitur?
524 4310 682 4389 ltaquealia
695 4307 830 4368 faciebant
842 4320 869 4367 ct
922 4303 1048 4376 κάκείνη,
1062 4303 1139 4383 ἕτερα
1157 4303 1184 4365 ’δέ
1202 4306 1362 4386 ᾠκονομεῖτο
1375 4305 1443 4388 erip
1455 4313 1503 4368 τῶ
1523 4309 1629 4370 δικαίου
1646 4334 1691 4388 μ.

122 4407 163 4465 ilii
177 4420 203 4466 et
216 4406 282 4482 itta,
294 4404 347 4464 alia
363 4416 389 4462 et
400 4422 497 4480 magna
511 4401 644 4482 projusto
655 4398 867 4480 apparabantur.
922 4396 1001 4475 γάλα.
1018 4394 1084 4455 Ὅτε
1097 4386 1130 4468 ἦν
1144 4396 1171 4454 έν
1186 4400 1270 4477 τιμῇ,
1285 4395 1345 4458 τότε
1360 4388 1435 4471 ivis
1454 4399 1587 4482 κινδύνῳ·
1605 4401 1650 4463 ὅτι
1664 4393 1693 4474 ἦν

122 4502 191 4560 Cum
207 4499 234 4559 in
252 4498 354 4557 honore
378 4495 508 4575 degebat,
522 4508 587 4552 tunc
600 4491 627 4551 in
650 4491 772 4573 periculo
794 4505 868 4565 erat,
923 4490 970 4547 ’έν
992 4486 1101 4568 ἀτιμίη,
1119 4486 1179 4547 τύτε
1196 4479 1229 4560 ἦν
1243 4492 1271 4548 έν
1293 4489 1438 4575 ἇσρσὶμίρ·
1454 4494 1503 4552 etz
1519 4494 1693 4572 ῖμυημόσωη,

122 4613 185 4651 eum
198 4590 225 4649 in
236 4587 399 4670 ignominia,
411 4599 476 4645 tunc
488 4583 516 4642 in
530 4583 687 4642 securitate:
699 4602 753 4641 non
767 4602 863 4640 memo·
924 4583 1004 4641 αὐτοῦ
1019 4583 1044 4639 oi
1054 4584 1188 4659 εὐνοῦχοι·
1202 4579 1248 4639 καί
1262 4583 1349 4650 καλιῦς
1356 4625 1365 4655 ,
1376 4578 1421 4641 ίνα
1432 4585 1611 4670 λαμπροτέρα
1620 4587 1693 4668 γίνη-

124 4707 165 4744 res
177 4684 235 4765 ejus
256 4694 331 4740 crant
347 4677 487 4755 eunuchi,
507 4690 533 4735 ct
545 4676 613 4734 bene
628 4699 635 4731 ι
650 4687 680 4734 nt
699 4673 870 4755 splendidior
925 4697 969 4732 ται
983 4674 1030 4742 τῆς
1041 4669 1128 4738 έξύδυε
1142 4675 1159 4742 ἡ
1173 4671 1295 4740 ὑπόθεσις
1306 4695 1313 4708 ·
1325 4671 1367 4731 ίνοι
1379 4672 1417 4750 μὴ
1430 4674 1524 4756 χάριτι
1536 4678 1692 4761 ἀνθρωπίνη,

126 4779 200 4836 steret
215 4774 304 4834 exitus
319 4792 415 4846 causa,
441 4782 523 4847 utque
545 4787 596 4826 non
618 4766 741 4824 bnnranae
755 4764 867 4844 gratier,
926 4766 984 4826 ἀλλ’
997 4762 1134 4842 οίκονομίορ
1147 4762 1205 4846 θείᾳ
1223 4762 1253 4822 τὸ
1270 4774 1323 4823 πᾶν
1341 4763 1494 4844 λογίζητυι·
1511 4766 1555 4827 ίνα
1572 4770 1694 4851 εὐκαίρως

127 4870 173 4929 sed
193 4869 292 4928 divium
316 4862 491 4947 providentiae
514 4874 599 4919 totum
614 4858 869 4933 adse1·iberctnr·;ut
926 4861 962 4923 εἷς
972 4855 1064 4936 Ιγρείοιν
1076 4854 1210 4921 κοιταστδις
1222 4854 1349 4935 έξαγσίγηι
1364 4854 1408 4915 ίνα
1421 4857 1459 4935 μὴ
1471 4863 1628 4941 εὖεργςςῶν,
1640 4864 1693 4921 ἀλλ’

127 4963 283 5046 tempestive
305 4961 382 5020 illum
398 4958 431 5018 ad
449 4979 525 5017 usum
546 4955 708 5016 constituens
729 4952 869 5026 educemt3
928 4946 1138 5027 εὐεργετούμενος
1150 4945 1226 5005 ebrii
1239 4947 1339 5027 έκύύλη
1354 4953 1399 5008 τοῦ
1413 4951 1598 5034 δεσμωτηρίου
1613 4960 1627 5014 δ
1640 4955 1694 5014 titr-

157 5176 171 5216 δ’
189 5171 274 5223 Murci.
290 5181 428 5240 κκίκρηνει,
443 5169 515 5221 maie.
968 5175 979 5198 Ι
997 5156 1085 5208 Metel.
1095 5166 1117 5210 ὲν
1127 5166 1221 5224 ἀθυμίᾳ.
