3742 5970
115 468 189 542 922

834 462 966 511 seuntt.

111 586 252 667 terrogubo
266 600 302 663 te,
318 600 344 645 et
357 586 452 645 saltem
466 607 501 646 ex
513 585 592 645 rebus
607 584 689 667 liujus
698 583 790 645 seculi
803 604 857 642 cer·
865 617 903 655 m
914 586 1059 662 βιωτικοῖς·
1074 583 1119 643 ἰάν
1135 584 1215 664 κόρην
1230 583 1320 666 ίτιρος
1329 586 1387 643 οἰνθΙ
1399 582 1447 641 ἑτέ
1483 581 1615 662 οόιρπάση
1626 629 1633 655 ,
1645 588 1686 653 τῆς

111 669 207 728 tiorem
221 679 247 724 te
264 666 370 724 laeiam.
387 665 613 725 Desaeeularibus
629 661 857 743 loquor:sialius
875 674 894 718 Α
912 661 1045 738 ἰσοτιμίας
1068 662 1290 742 δοκιμαζομένης,
1314 662 1397 742 κυρία
1459 664 1631 742 νὴἇρπαγὴ
1652 666 1685 721 τόν

111 749 170 807 loeo
184 745 296 804 alterius
314 744 431 826 puellam
453 745 550 826 rapiat,
563 744 630 804 dum
640 767 690 825 par
702 745 737 803 sit
758 742 859 800 utrius·-

112 847 167 904 que
190 823 319 897 conditio,
344 837 438 904 raptus
464 824 621 905 hujusmodi
641 836 717 883 ratus
732 822 857 895 babetur,

113 919 139 964 et
155 905 226 983 leges
240 916 267 962 et
279 924 328 962 rex
348 903 439 982 raptui
450 904 549 963 lavent.
568 902 626 962 Non
644 903 717 961 enirn
726 900 817 982 rapuit
829 914 859 960 ut

114 983 305 1043 contumeliam
325 982 445 1052 inferret,
467 982 513 1041 sed
533 996 563 1040 ut
591 982 750 1056 honoraret,
767 995 793 1040 et
808 1002 858 1040 ιιιι-

135 1063 209 1121 tialia
219 1063 333 1142 pignora
341 1076 367 1121 et
373 1062 444 1120 dona
454 1063 550 1121 afferre
558 1062 655 1143 potuit.
670 1062 701 1121 si
711 1081 774 1140 ergo
783 1059 858 1140 apud

113 1085 237 1200 liomiues
254 1140 329 1199 nulla
345 1141 567 1220 mutatio,*quia
584 1141 791 1223 praevenientem
810 1139 857 1198 illa

114 1221 256 1299 sequitur:
271 1219 337 1297 quid
351 1220 524 1310 respondebis
537 1234 577 1296 tu,
596 1242 656 1301 quae
671 1234 769 1302 praeter
782 1240 857 1299 spem

113 1322 129 1357 a
145 1298 263 1359 Domino
275 1313 352 1380 rupta
366 1299 461 1358 luisti?
474 1301 568 1378 Neque
583 1300 656 1359 enim
674 1299 857 1359 necessitatem

113 1378 191 1437 illam
199 1377 270 1453 dieo,
281 1392 391 1459 pmpter
405 1400 488 1457 quam
503 1401 566 1439 eum
584 1378 704 1439 Domino
721 1378 802 1460 jungi
813 1378 857 1438 di-

113 1471 193 1537 gnata
205 1478 244 1533 es,
259 1457 306 1516 sed
325 1458 501 1517 oeeonoruiam
514 1472 540 1517 et
556 1458 748 1549 benignitatem
759 1458 857 1517 Domi-

113 1537 142 1596 ni
149 1560 158 1613 ,
169 1551 199 1595 ut
207 1558 242 1596 ex
252 1537 417 1597 necessitatis
428 1538 518 1619 specie
527 1553 556 1598 tu
570 1537 681 1617 indigna
692 1537 857 1599 oonnubium

113 1616 300 1698 inoorruptum
323 1630 349 1674 te
363 1638 529 1698 exsuperans
551 1616 706 1678 lucrareris.
735 1619 777 1677 Ne
794 1639 857 1698 ergo

113 1695 197 1769 elices,
215 1708 241 1754 te
263 1717 297 1754 ex
306 1697 465 1757 necessitate
481 1698 664 1779 virginitatem
683 1698 811 1776 elegisse:
824 1720 858 1757 ne

113 1775 151 1837 sis
171 1775 276 1855 ingrata
295 1776 393 1836 coelesti
414 1798 522 1858 sponso,
537 1777 583 1855 qui
598 1792 625 1837 te
643 1778 701 1838 sine
712 1776 791 1853 dote,
807 1778 856 1836 vili

112 1874 208 1935 genere
226 1869 327 1929 natant,
341 1878 446 1917 servam
460 1855 559 1916 ducere
570 1856 698 1937 dignatus
711 1870 767 1917 est:
779 1878 856 1917 serva

111 1958 184 1995 emm
195 1937 252 2016 ejus
262 1958 301 2009 es,
317 1938 387 1996 velis
400 1936 479 1995 nolis.
499 1938 594 2015 ltaque
612 1958 679 2028 pogo
690 1952 725 2011 te,
740 1937 856 2028 oringes,
875 1950 894 1997 n

111 2029 142 2074 ut
163 2017 313 2106 obsequens
330 2016 367 2075 sis
386 2015 444 2075 sine
457 2032 637 2076 oouuuversra
653 2032 679 2076 et
692 2032 857 2097 turpissimis

109 2096 267 2156 ratiociniis.
280 2095 317 2154 Et
336 2096 359 2155 si
382 2094 503 2156 nondum
522 2096 676 2178 spirituales
689 2096 796 2178 nuptias
809 2119 856 2156 re-

111 2174 246 2256 pudiasti,
254 2188 333 2256 pacta
342 2175 457 2235 firmiter
467 2196 571 2249 serves;
584 2176 607 2235 si
618 2198 682 2236 vero
686 2177 745 2258 jam
751 2198 858 2257 praeva·

111 2255 194 2314 rieata
208 2254 318 2335 etlapsa
327 2276 366 2325 es,
376 2275 465 2335 surge,
476 2276 557 2335 surge
563 2256 684 2316 obsecro.
694 2256 776 2316 Adest
784 2256 857 2315 enim

107 2334 166 2425 jam
188 2333 239 2393 tibi
256 2334 344 2393 boum
357 2334 403 2395 ille
416 2350 443 2394 ot
464 2335 580 2395 clemens
603 2336 748 2413 Dominus,
762 2336 812 2394 abs
831 2349 858 2394 te

111 2414 372 2473 inbonoratus2non
402 2413 490 2473 re'ieit
523 2415 732 2475 contubernium
761 2428 856 2487 tuum,

111 2493 219 2574 porrige
230 2493 271 2552 illi
286 2513 407 2552 manum.
419 2436 493 2569 tinia
501 2493 574 2553 enim
588 2495 707 2576 primam
718 2494 857 2556 dexteram

111 2571 273 2631 sentirent-lia
299 2571 424 2647 affecisti,
448 2592 481 2632 ne
499 2573 570 2635 banc
588 2595 697 2653 quoque
719 2574 854 2655 repudies.

111 2652 172 2711 Nou
198 2651 312 2711 vulnera
339 2665 387 2711 tua
413 2653 561 2712 contemnit
578 2676 586 2710 τ
605 2669 682 2714 sanat
703 2654 776 2715 euim
807 2654 855 2714 ille

133 2730 221 2811 lagnrn
245 2744 272 2790 et
300 2730 421 2812 eorporis
444 2745 471 2791 et
491 2732 657 2792 auimaezest
678 2732 780 2815 quippe
802 2755 858 2793 me-

109 2752 188 2870 ‹lieus
212 2810 365 2890 indulgens.
390 2811 490 2872 Revela
506 2812 548 2871 illi
570 2813 697 2873 morbum
717 2826 797 2872 tuum
829 2834 859 2872 er

110 2891 312 2964 oonlessionem‚
337 2905 367 2949 ut
383 2889 430 2949 ille
450 2890 625 2952 invisibiliter
642 2892 763 2975 imponat
825 2914 858 2951 u·

111 2983 169 3031 tare
178 2970 595 3053 pharmacumrnonveniteuim
604 2973 857 3054 vocarejustos‚sed

911 742 1087 881 μοιήσαντὸὔ
1095 745 1142 882 augi
1164 743 1304 894 γόμοςζκαλ
1352 741 1459 882 ἐμιλὸείις
1484 752 1686 880 μαραμωρεῖτῖ,

911 843 1337 982 &KQ-mgssgmqssppotmtgg
1351 847 1401 961 καί
1412 846 1466 959 diii,
1492 841 1599 981 ἰΐγόεενά
1608 847 1687 961 Ιίίῗίά

912 979 1058 1061 ἀνθρώποις
1072 982 1182 1059 οὐδεμία
1197 980 1352 1059 μεταίολὴ,
1368 924 1523 1060 insidiiis>
1536 981 1685 1060 προλαόόιτι

909 1063 1004 1139 σκοπῷ
1025 1063 1177 1126 ἀκολαιθεῖ·
1194 1060 1220 1120 τί
1232 1061 1403 1141 ζάπολογήαη
1425 1060 1461 1119 eb
1476 1065 1496 1131 ἡ
1514 1065 1578 1140 παρ’
1603 1062 1685 1121 ἐλπίδα

910 1138 962 1196 tet
985 1145 1032 1198 τοῦ
1053 1141 1189 1201 neonem
1209 1141 1377 1220 ἀρπαγεῖσας
1402 1138 1481 1200 Οὔτε
1503 1139 1557 1219 γὰρ
1580 1141 1687 1215 ἀνάγκην

911 1219 1013 1290 ίιιείνην
1027 1219 1111 1299 λόγω,
1124 1221 1158 1282 δι’
1172 1220 1205 1297 ἣν
1214 1225 1261 1279 τοῦ
1271 1220 1416 1279 mertem
1428 1224 1608 1300 συζευχθῆναι
1618 1222 1685 1290 ἐξυό-

910 1301 973 1371 θης,
995 1300 1054 1357 ἀλλ’
1075 1299 1225 1378 οἰκονομίαν
1248 1301 1294 1358 καὶ
1314 1299 1528 1380 φιλανθρωπίαν
1548 1301 1686 1360 desudem·

910 1374 954 1435 ίνα
969 1380 1008 1458 τῷ
1023 1383 1070 1449 τῆς
1085 1380 1202 1459 ἀνάγκης
1216 1379 1339 1459 σχήματι
1356 1378 1390 1438 σθ
1408 1377 1542 1450 ἡάναξία
1564 1380 1607 1438 τόν
1629 1381 1686 1463 ὑπὲρ

911 1454 941 1516 el
967 1457 1099 1537 άρθαρτον
1125 1460 1213 1547 γάμον
1237 1457 1379 1539 κιρδάνῃς,
1408 1457 1462 1533 Μὴ
1491 1448 1538 1519 οὖν
1564 1458 1634 1539 λέγε,
1653 1460 1686 1518 dn

911 1535 1014 1673 ἀνάγκη
1035 1538 1203 1634 παρθενεύειν
1217 1537 1349 1639 εἱλόμην·
1365 1535 1407 1615 μὴ
1425 1537 1574 1637 ἀγγαρίστει
1594 1560 1629 1597 τω
1646 1542 1686 1598 αἰ-

928 1640 960 1674 αν
979 1640 993 1672 ιι
1008 1639 1046 1693 νυι
1121 1618 1182 1691 ,ότι
1197 1641 1228 1678 σε
1238 1640 1368 1696 απροικον
1381 1618 1435 1675 καί
1452 1641 1471 1674 α
1503 1643 1537 1689 νη
1549 1618 1686 1690 καλοουκην

910 1637 1000 1753 iasab
1017 1640 1179 1769 κατηῗίωσε·
1192 1696 1271 1768 δούλη
1286 1694 1340 1777 γάρ
1351 1699 1439 1755 αὐτοῦ
1450 1641 1551 1768 effxis
1567 1695 1604 1775 μὴ
1613 1699 1686 1776 θέλης.

911 1773 996 1835 Ὥστε
1015 1766 1216 1854 παρακαλῶ,ιῖν
1232 1776 1366 1863 παρθένε,
1388 1776 1518 1847 ὑπήκοόν
1538 1799 1569 1835 σε
1582 1777 1688 1855 γενέσθαι

910 1854 1688 2014 ίῖίῖιπάῗίἀίίἰλίῗόάίῗιῖλᾜίἰῗλῖιίίῖἀί

912 2011 1022 2113 μάλαξον
1041 2016 1167 2095 ἀσφαλῶς
1178 2015 1226 2082 sd<
1240 2016 1393 2087 συνθήκας·
1417 2020 1446 2112 εἰ
1468 1993 1498 2075 δί
1519 1998 1643 2117 πμρίίηςι
1651 1985 1688 2076 καί

911 2093 1147 2251 {blitildis
1156 2093 1690 2254 ζίίίιίξωῗίῖλάῖήῖίὲλῖἀί

911 2251 963 2311 berb
975 2256 1038 2312 σοῦ·
1054 2256 1103 2313 οὐκ
1113 2253 1260 2314 ἀποόάλλιι
1275 2277 1323 2313 σω
1341 2253 1395 2325 τὴν
1414 2254 1576 2327 συνοίκησιν
1586 2234 1601 2290 .‘
1613 2254 1689 2323 ἐπίδος

911 2334 983 2411 αὐτῷ
993 2331 1042 2405 τὴν
1052 2340 1140 2414 χεῖρα.
1153 2333 1266 2405 Ἐπειδὴ
1278 2334 1334 2413 γὰρ
1346 2332 1400 2404 τήν
1417 2334 1536 2414 πρώτην
1556 2334 1638 2402 διξιλν
1652 2339 1689 2394 ἐν·

910 2410 1035 2491 ὗὸρισας,
1053 2411 1101 2511 κάν
1116 2411 1215 2483 ταύτην
1230 2413 1269 2490 μὴ
1287 2412 1528 2513 &fidetem-0307„
1540 2419 1688 2515 ὑμερηρτνεῑ

911 2514 957 2592 σομ
969 2490 1003 2549 τὰ
1016 2492 1328 2609 τραυματμγίᾶταιγγάρ
1344 2492 1398 2592 ’τήν
1420 2517 1471 2565 της
1492 2499 1585 2596 ψογης
1597 2519 1640 2553 και
1651 2520 1688 2554 τω

911 2573 1184 2731 λωιίῖἒλόίηίίἷσ
1197 2575 1689 2802 όῐίίὲμόήςῖἷῖόοωῗιόάῗῖἰ

910 2728 1025 2807 ίπιθήσῃ
1040 2731 1158 2812 ἀοράτως
1176 2731 1207 2791 τὸ
1297 2753 1352 2809 ριον
1378 2732 1422 2812 pel
1442 2756 1551 2805 μακσν·
1571 2736 1618 2793 oie
1634 2725 1687 2804 ἦλθε

909 2807 962 2888 γάρ
970 2806 1082 2868 καλίσαι
1091 2809 1223 2884 δικαίους,
1235 2812 1294 2869 ἀλλ’
1302 2757 1489 2889 ἁμαρτωλοὺς
1502 2816 1542 2880 εἰς
1552 2815 1687 2891 μετάνοιαν.

910 2888 983 2969 Πρὸς
1004 2888 1035 2949 σί
1056 2880 1121 2960 illiba
1140 2888 1189 2962 τὴν
1210 2889 1350 2968 κειμένην·
1366 2891 1476 2974 ἔγειραι
1499 2884 1558 2967 οὖν,
1578 2884 1638 2974 {goe
1651 2893 1687 2951 τὀν

910 2966 1062 3067 κράόόατόν
1077 2991 1140 3041 σου,
1157 2969 1206 3033 καί
1222 2969 1307 3048 ὕπαγε
1332 2973 1375 3038 εἰς
1391 2972 1441 3031 τὀν
1462 2962 1541 3032 οἶκόν
1565 2996 1624 3044 σου,
1639 2997 1687 3033 τοο

110 3064 261 3140 γνοοταῐοτσο
276 3050 312 3109 ad
326 3050 520 3130 poenitentiam.
536 3050 578 3110 dd
589 3065 615 3111 te
625 3052 700 3112 venit
714 3053 855 3133 jacentem:
873 3059 892 3107 c
909 3070 1007 3116 τεστιν,
1017 3050 1053 3115 tlt
1065 3048 1110 3109 τὸν
1119 3052 1167 3119 τῆς
1177 3052 1318 3127 μετανοίας
1329 3050 1445 3128 lepis«.
1460 3053 1573 3124 Μηκέτι
1582 3058 1688 3135 προσήιε

109 3149 190 3208 surge
204 3144 296 3208 igitur,
312 3129 377 3188 tolle
386 3129 531 3210 grabatum
545 3144 633 3205 tuum,
647 3146 674 3192 et
687 3132 795 3192 vadeiu
805 3131 857 3192 do-

109 3229 185 3266 mum
195 3222 283 3277 tuam;
294 3207 323 3266 id
332 3221 382 3283 est,
391 3207 428 3268 ad
455 3210 599 3269 oenitentiae
608 3226 725 3290 portum.
733 3213 774 3270 Ne
785 3211 855 3271 ultra

109 3287 232 3346 attendas
243 3287 285 3346 vel
298 3289 386 3349 earnis
397 3231 545 3348 velbentis
566 3291 653 3349 oculis
668 3290 790 3350 adultero
803 3291 855 3367 illi,

111 3368 194 3444 quite
208 3368 236 3426 in
254 3367 402 3446 gebennam
412 3368 488 3427 ducit
499 3381 526 3428 et
538 3368 574 3428 ad
585 3391 703 3432 vermem
714 3393 855 3450 nunquam

108 3447 277 3506 morientem.
295 3447 385 3516 Tolle,
408 3447 505 3524 inquit,
520 3449 585 3508 tolle
608 3448 689 3509 binc:
701 3452 764 3510 nolo
783 3451 855 3510 enim

109 3527 237 3604 tejacere.
255 3525 354 3584 Seiude
377 3527 478 3613 peccati
492 3528 647 3608 symbolum
661 3554 667 3586 :
683 3531 794 3588 abluere
810 3531 853 3589 la-

108 3604 224 3684 crymis,
240 3625 292 3662 nun
310 3605 337 3663 in
356 3606 477 3684 piscina,
494 3605 540 3664 sed
566 3607 594 3666 in
620 3608 730 3667 eeclesia
745 3633 751 3666 :
767 3624 854 3689 potest

108 3683 180 3741 enim
199 3686 270 3742 Deus
285 3683 424 3742 restituere
449 3683 499 3742 tibi
520 3685 662 3765 pristinam
681 3687 851 3767 dignitatem.

96 3765 149 3821 b'e
167 3762 263 3821 doceas
287 3763 403 3841 figulum
427 3764 565 3842 quomodo
593 3766 754 3844 figmentum
774 3790 854 3827 suum

109 3855 248 3900 restauret.
260 3843 398 3902 Peoeasti?
412 3843 547 3917 Quiesce:
560 3865 594 3904 ne
613 3845 697 3920 dicas,
711 3848 854 3919 Quomodo

109 3922 168 3981 lieri
183 3935 279 4001 potest,
295 3935 325 3980 ut
339 3922 366 3980 iu
379 3922 521 4002 pristinam
534 3923 695 4004 dignitatem
704 3927 853 3986 restituar?

67 4020 99 4068 ιτ,
108 4022 142 4059 ne
156 4001 208 4059 bue
218 4001 303 4071 dicas,
315 4022 332 4060 o
346 4004 442 4080 virgo:
454 4024 517 4061 nam
531 4006 612 4063 Deus
623 4018 668 4064 est
677 4011 730 4086 qui
738 4009 851 4088 justifi-

110 4092 169 4150 cat,
185 4094 213 4138 et
232 4086 297 4159 qru's
318 4095 360 4139 est
383 4086 435 4160 qui
457 4085 649 4143 condemnet?
666 4085 738 4143 Audi
753 4087 852 4145 Domi-

110 4180 176 4217 num
191 4159 326 4237 quomodo
338 4182 386 4239 per
399 4163 544 4221 Jeremiam
555 4163 717 4243 prophetam
729 4163 852 4245 despera·

67 4267 97 4297 ιι.
109 4238 209 4297 tionem
221 4238 365 4316 redarguat
381 4237 474 4298 dicens
485 4265 492 4297 ι
505 4244 660 4322 Numquid
672 4248 772 4303 resina
792 4267 852 4303 non

909 3126 1047 3204 paltenate
1067 3137 1207 3208 σαρκικοῖς
1219 3130 1367 3208 ὀφθαλμοῖς
1398 3132 1472 3208 μήτε
1493 3142 1552 3201 τοῖς
1574 3138 1620 3204 τῆς
1640 3136 1687 3191 δια·

908 3207 979 3276 νοίας
993 3207 1036 3266 ἐπὶ
1048 3207 1091 3267 τὸν
1102 3209 1196 3287 μοιχὸν
1207 3209 1359 3268 ἐκεῖνοντὸν
1371 3208 1508 3289 τεροῖενσν
1527 3217 1577 3285 τῆς
1598 3212 1688 3292 γεέννης

909 3286 954 3345 καὶ
972 3292 1018 3345 τοῦ
1031 3289 1177 3364 ἀκοιμήτου
1194 3287 1341 3360 σκώληκος.
1355 3280 1453 3372 Ἆρον,
1469 3293 1570 3371 φησὶν,
1587 3296 1687 3352 ἐντεῦθεν

909 3358 987 3445 ἆρον·
999 3368 1029 3424 οὐ
1042 3367 1094 3446 γθρ
1109 3366 1239 3445 βούλομαί
1253 3391 1283 3427 σε
1301 3375 1422 3428 κεῖσθαι.
1442 3372 1598 3454 Διάρῥηξον
1611 3373 1639 3432 τό
1649 3376 1688 3442 τῆς

908 3446 1040 3525 ἁμαρτίας
1055 3446 1206 3523 σόμόολον·
1228 3448 1323 3506 λοῦσαι
1345 3458 1408 3517 τοῖς
1427 3451 1575 3532 δάκρυσιν,
1595 3456 1640 3511 οὐκ
1658 3455 1687 3515 εἰς

908 3525 956 3597 τὴν
971 3526 1168 3605 κολυμόήθραν,
1184 3528 1243 3585 ἀλλ’
1266 3530 1304 3594 εἰς
1319 3526 1370 3598 τήν
1398 3531 1571 3603 ἐκκλησίαν·
1595 3533 1686 3597 θνητος

907 3605 942 3683 γά
972 3608 1068 3663 ἐστινό
1082 3607 1151 3672 Θεὸς
1162 3606 1325 3687 χαρίσασθαί
1348 3632 1396 3667 σοι
1411 3610 1568 3690 τὸπρῶτον
1588 3612 1685 3687 ἀξίωμα.

908 3629 959 3756 nti
974 3684 1078 3756 διδάξης
1095 3686 1139 3744 τὸν
1154 3687 1286 3763 κεραμέα,
1302 3690 1361 3754 πῶς
1381 3688 1416 3746 τὸ
1436 3690 1506 3757 ἴδιον
1525 3692 1685 3772 διορθάισητει

907 3765 1031 3841 πλάσμα,
1052 3752 1190 3843 Ἣμαρτες
1197 3789 1206 3837 ;
1219 3764 1393 3844 Ἱίσύχασον·
1406 3768 1451 3846 ,μὴ
1467 3770 1568 3844 εἴπης,
1585 3773 1628 3830 καί
1640 3776 1686 3835 πῖνε

906 3837 990 3904 οίόντε
1001 3847 1037 3911 εἷς
1045 3845 1076 3911 τὸ
1086 3844 1190 3923 πρῶτόν
1202 3869 1235 3921 με
1247 3847 1330 3903 ἐλθεῖν
1342 3845 1478 3925 dienen
1516 3839 1685 3930 λλέγετοίτο,

906 3912 1069 4002 ὦπαρθίνε·
1086 3924 1154 3989 Θεὸς
1167 3923 1219 4003 γὰρ
1233 3929 1247 3983 ὁ
1259 3925 1385 3998 δικαιῶν,
1407 3929 1457 3987 καὶ
1471 3954 1518 3997 τις
1540 3937 1555 3990 ό
1572 3931 1684 4008 κατακρί-

905 4026 973 4075 νων;
988 4001 1080 4071 Ἄκουε
1092 4010 1138 4069 τοῦ
1150 4003 1285 4063 Δεσπότου
1298 4008 1358 4071 πῶς
1373 4008 1504 4078 ὀνειδίζει
1512 4009 1564 4081 τὴν
1579 4012 1683 4088 ἀπόγνω-

905 4106 947 4142 σιν
971 4082 1015 4140 bt
1035 4080 1165 4162 Ἱερεμίου
1179 4088 1225 4140 τοῦ
1249 4085 1393 4162 προφήτου
1408 4087 1441 4145 λε’
1485 4114 1516 4147 ν·
1540 4091 1587 4162 titt,
1604 4089 1684 4170 ῥητίνη

904 4164 953 4223 οὐκ
965 4160 1036 4220 ἔστιν
1050 4164 1078 4220 ἐν
1090 4163 1112 4220 Γ
1114 4161 1217 4234 αλαάδ,
1228 4159 1246 4233 ᾖ
1258 4164 1349 4260 ἰατρὸς
1365 4168 1419 4229 οὐκ
1436 4192 1514 4230 εστιν
1533 4173 1603 4241 ἐκεῖ,
1614 4169 1684 4228 διὰτί

904 4246 951 4302 οὐκ
966 4240 1047 4313 ἀνέθη
1060 4241 1129 4307 ἴασις
1147 4245 1194 4312 τῆς
1207 4247 1335 4322 θυγατρος
1348 4250 1400 4314 ‘roffi
1416 4248 1487 4318 λαοῦ
1515 4274 1583 4326 μου,
1594 4250 1628 4309 Ὠ
1646 4256 1684 4306 τοῦ

107 4329 151 4376 est
169 4322 202 4375 iu
219 4318 351 4385 Galaad,
367 4331 419 4376 aut
441 4323 569 4380 medicus
585 4343 645 4379 non
663 4336 706 4382 est
721 4327 763 4381 ibt
771 4330 785 4380 ?
799 4346 852 4383 cur
870 4336 888 4382 b
905 4326 1056 4397 συμπαθοῦς
1072 4324 1177 4398 ἰατροῦ·
1197 4324 1244 4380 οὐκ
1258 4324 1370 4398 ἐγκαλεῖ
1385 4325 1435 4384 ἐπὶ
1448 4327 1621 4406 πταίσματι,
1633 4331 1683 4386 ἀλλ’

109 4416 168 4454 non
182 4399 314 4454 aseendit
335 4399 533 4478 medelafilioe
541 4403 644 4480 populi
653 4406 710 4460 mei
718 4404 762 4460 ΡΟ
777 4425 851 4462 eorn-

107 4476 279 4541 miserantem
293 4475 445 4537 medicum!
462 4498 512 4536 non
530 4494 637 4539 accusat
654 4479 689 4540 de
701 4481 791 4562 lapsu,
804 4482 851 4542 sed

106 4554 141 4614 de
150 4555 252 4613 incuria
265 4575 334 4614 :non
345 4553 426 4626 dixit,
442 4556 497 4614 Cur
510 4558 619 4636 plagam
633 4561 779 4641 accepisti?
789 4562 847 4633 sed,

106 4636 164 4693 Cur
187 4656 239 4693 non
258 4648 350 4693 curata
363 4634 457 4692 luisti?
472 4657 525 4694 non
538 4634 619 4712 dixit,
633 4642 690 4699 Cur
710 4640 850 4700 cecidistiil

106 4713 166 4790 sed,
182 4717 238 4772 Cur
251 4735 303 4773 non
324 4714 486 4773 surrexisti?
502 4716 584 4787 Quod
598 4738 662 4777 vero
677 4734 703 4779 te
717 4722 850 4781 Dominus

126 4814 155 4851 er
185 4795 349 4853 oenitentiam
361 4792 568 4873 splendidiorem
582 4797 695 4858 reddere
703 4801 780 4870 velit,
797 4823 850 4859 au-

71 4890 95 4940 s.
105 4815 135 4932 ii
149 4816 228 4932 illum
238 4895 286 4953 per
299 4875 397 4931 lsaiam
411 4874 570 4953 prophetam
579 4876 715 4938 dicentem
729 4904 735 4935 :
748 4881 779 4940 Si
787 4882 850 4955 sue·

106 4957 167 5011 rint
179 4966 303 5032 peccatu
323 4966 425 5010 vestra
437 4957 511 5012 sieut
523 4961 690 5034 puniceum,
708 4964 795 5038 quasi
808 4964 846 5017 ni-

108 5054 170 5090 vem
179 5033 325 5089 dealbabo
333 5055 344 5097 ;
358 5034 590 5111 sisuerintsicut
600 5042 761 5109 coccinum,
777 5060 850 5119 qua·

104 5115 131 5169 si
152 5112 254 5169 lunam
278 5112 430 5168 dealbabo.
454 5113 546 5189 Neque
573 5136 691 5206 unquam
713 5118 849 5197 apostulus

104 5190 292 5269 importunum
316 5189 442 5247 subiisset
462 5189 589 5261 laborem,
602 5196 651 5252 ursi
674 5196 750 5274 prius
768 5198 848 5255 beni-

103 5269 216 5349 gnitatis
227 5267 335 5328 Domini
351 5282 426 5350 pacta
443 5270 602 5350 accepisset3
618 5294 702 5354 neque
715 5276 845 5335 dixisset:

904 4403 948 4461 ἰπὶ
962 4403 995 4478 τῇ
1011 4401 1138 4480 ἀμελείᾳ·
1151 4402 1200 4458 οὐκ
1211 4391 1284 4471 εἶπε,
1300 4400 1346 4460 διὰ
1357 4403 1387 4461 τί
1402 4406 1549 4485 ἕπλήγιηςς
1560 4411 1634 4474 dm,
1644 4409 1681 4466 bd

904 4481 929 4540 τί
944 4482 991 4540 οὐκ
1009 4478 1200 4562 ἰθεραπεύθης,
1217 4471 1356 4561 edusius,
1373 4481 1423 4543 διδι
1437 4485 1465 4542 τί
1483 4487 1591 4560 ἔπεσες,
1611 4487 1681 4553 ἀλλά,

904 4558 947 4620 διδ
959 4559 985 4617 τί
1001 4560 1047 4617 οὐκ
1061 4558 1185 4631 ἀνέστης,
1199 4557 1264 4618 Ὅτι
1278 4559 1307 4618 δι’
1317 4583 1348 4620 σε
1363 4564 1568 4648 λαμπροτέραν
1579 4575 1593 4628 ὅ
1603 4568 1683 4645 Κόρης

904 4639 947 4711 ,διὰ
957 4642 1005 4708 τῆς
1016 4636 1155 4715 μετανοίας
1165 4641 1339 4718 παραστῆσαι
1357 4644 1511 4719 βούλεται,
1526 4649 1604 4707 ἄκουε
1617 4652 1681 4707 αἰτοῖ

904 4717 947 4787 διδ
960 4716 1072 4777 Ἡσαΐου
1089 4723 1135 4784 τοῦ
1156 4717 1293 4797 προφήτου
1315 4720 1463 4799 λέγοντος·
1489 4728 1561 4786 ’libe
1582 4717 1682 4787 ὦςινιὶ

904 4797 1034 4924 ἁμαρτίαι
1048 4801 1121 4874 ὑμῶν
1137 4800 1173 4864 ὡς
1188 4802 1330 4885 ροινιηοῧν,
1343 4803 1385 4868 ὡς
1399 4803 1484 4882 χιόνα
1499 4809 1631 4866 λευκώ.
1647 4807 1682 4865 ἃ,

905 4880 932 4936 δ.
945 4866 1011 4944 ὦσιν
1029 4880 1065 4944 ὡς
1084 4875 1215 4946 κόκκινον,
1237 4881 1273 4943 ὡς
1290 4878 1363 4959 ἔριον
1381 4883 1523 4946 λευκανῶ.
1545 4886 1614 4946 Οὔτε
1630 4888 1681 4943 iil

904 4959 1049 5024 ἀπόστολος
1061 4956 1170 5035 ἀκαιρον
1182 4957 1284 5036 ἤλγησε
1296 4959 1394 5032 πόνον,
1408 4965 1435 5020 εἰ
1451 4965 1493 5041 μὴ
1506 4968 1630 5044 πράῳ,
1644 4970 1680 5034 τῆς

903 5045 949 5097 τοῦ
960 5037 1096 5095 Δεσπότου
1111 5035 1273 5135 ἀγαθότητος
1287 5037 1335 5103 τὰς
1350 5042 1496 5114 συνθήκας
1517 5046 1630 5112 e'de'an·
1644 5047 1679 5103 ,3,

904 5115 935 5174 ἂν
950 5117 1037 5193 ἔλεγε,
1058 5118 1158 5174 Τεκνια
1180 5138 1247 5192 μου,
1271 5114 1317 5183 eb<
1340 5120 1432 5179 πάλιν
1453 5124 1547 5183 ὠδίνω
1572 5129 1641 5205 τίγρις
1656 5115 1678 5179 οἶ

904 5201 1029 5275 μορφωθῇ
1051 5195 1165 5274 Χριστὸς
1179 5198 1205 5253 ἐν
1220 5200 1292 5273 ὑμῖν.
1310 5195 1434 5272 Ἐπειδὴ
1455 5203 1527 5286 γὰρ,
1549 5196 1624 5284 φησί,
1641 5208 1675 5273 τὴν

903 5278 963 5335 κατ’
987 5274 1075 5332 εἰκόνα
1095 5278 1166 5334 Θεοῦ
1186 5274 1331 5352 γενομένην
1354 5280 1453 5360 ψυχὴν
1476 5289 1518 5364 τῷ
1538 5284 1674 5364 &awldre
