3728 5978
1573 453 1644 528 515

72 595 175 671 μαστόύ
190 591 341 674 φιλούμενοι
353 599 410 672 μεθ’
426 594 574 674 ύπερύαλῆς
592 597 711 672 ἀπάσης,
730 599 776 658 καί
796 621 844 660 και·
863 619 865 625 ’
897 612 1049 660 nostrorum
1061 613 1131 678 eget,
1142 621 1191 659 nec
1205 611 1293 660 tamen
1307 620 1355 661 nos
1367 620 1458 660 amare
1466 599 1581 679 desinit5
1594 622 1644 660 nos

70 690 280 765 ταστρηνιῶντες
305 688 385 746 αὐτοῦ
408 691 455 758 τῆς
481 687 602 768 ἀγάπης,
623 690 736 757 Οὐδενὸς
762 692 844 750 δεῖται
898 690 956 769 ejus
974 689 1053 750 honis
1073 688 1222 750 admodum
1240 710 1360 770 egemus,
1373 712 1406 750 ac
1426 711 1516 772 neque
1533 691 1573 751 sic
1585 693 1644 772 ejus

69 781 168 847 ἐκεῖνος
180 781 233 837 τῶν
246 776 396 858 ἡμετίρων,
415 781 461 839 καί
480 779 540 839 ortt
553 779 622 839 ούτω
635 781 750 843 παύεται
767 785 843 860 ἡμῶν
898 801 1017 840 amorem
1037 781 1196 857 retinemus,
1211 780 1260 840 sed
1279 781 1391 842 divitias
1409 780 1452 841 itti
1465 782 1644 862 praeferimus,

70 872 156 951 ἐρῶν·
171 875 248 948 ἡμεῖς
261 869 290 930 δὲ
304 869 404 951 σφόδρα
418 870 529 948 δεόμεθα
543 875 596 930 τῶν
613 876 707 946 αὐτοῦ,
726 872 772 933 καὶ
785 875 844 934 otte
861 879 881 926 E
898 886 924 935 ct
946 872 1089 932 hominum
1106 873 1248 945 amicitias,
1262 873 1383 953 corporis
1401 873 1533 951 requiem,
1548 886 1645 957 poten-

69 962 153 1030 ούτως
168 962 332 1042 ἀντεχόμεθα
351 965 430 1023 αὐτοῦ
442 967 489 1034 τῆς
500 963 619 1043 ἀγάπης,
635 965 705 1024 ἀλλά
716 964 845 1044 χρήματα
899 963 976 1041 tiam,
996 964 1126 1044 gloriam3
1142 963 1210 1023 dum
1232 964 1279 1024 ille
1298 965 1368 1022 nihii
1388 965 1467 1024 nohis
1487 965 1644 1045 anteponit?

69 1057 151 1113 αὐτοῦ
164 1059 351 1134 πραιιμῶμεν,
364 1054 408 1114 καὶ
418 1055 506 1136 φιλίας
518 1054 662 1135 ἀνθρώπων
670 1103 679 1131 ,
688 1057 735 1116 καί
753 1057 844 1135 σώμα-
898 1057 1097 1137 ίίυιιιιιζιγιιιρμο
1106 1057 1206 1116 Filium
1217 1057 1322 1132 habuit,
1331 1057 1501 1136 unigenitum
1509 1071 1535 1117 et
1546 1058 1643 1137 genni-

571 476 604 522 ttt
632 475 740 524 anisa.
768 476 815 523 at>
841 475 926 524 ROM·
954 477 1073 527 tronti..
1103 479 1151 527 vt.

68 1169 114 1214 τος
136 1144 239 1219 άνεσιν,
261 1147 307 1205 καί
328 1147 482 1206 δυναστείαν
505 1147 549 1205 καί
573 1146 666 1221 δόξαν,
692 1153 738 1207 τοῦ
761 1148 843 1228 μηδὲν

67 1239 146 1314 ἡμῶν
158 1242 353 1316 προτιμῶντοςς
368 1236 436 1297 Ἕνα
456 1237 509 1316 γάρ
533 1229 602 1318 εἶχεν
630 1239 693 1299 Υίὸν
715 1245 842 1319 μονογενῆ

67 1329 116 1388 καὶ
125 1329 241 1408 γνήσιον,
255 1329 300 1389 καὶ
314 1329 372 1390 οὐδὲ
382 1329 474 1390 τούτου
488 1330 612 1412 ἐφείσατο
624 1333 657 1390 δι’
667 1337 754 1410 ἡμᾶς’
766 1339 844 1411 ἡμεῖς

69 1421 98 1480 δὲ
119 1423 199 1480 αὐτοῦ
219 1424 304 1481 πολλὰ
325 1426 505 1503 πρστιμῶμεν.
525 1413 583 1503 ‘hp’
607 1415 650 1484 ούν
666 1426 717 1483 οὐκ
736 1425 843 1494 εἰκότως

898 1170 972 1226 num,
989 1171 1073 1229 aeque
1088 1149 1130 1209 illi
1149 1151 1268 1231 pepercit
1291 1150 1320 1210 in
1338 1151 1422 1210 nostri
1442 1150 1579 1230 gratiam:
1595 1172 1643 1215 nos
1731 1204 1739 1213 .
1817 1146 1824 1155 ’

896 1254 987 1301 autem
1000 1243 1085 1302 murita
1099 1243 1140 1300 illi
1161 1243 1337 1324 praeserimus.
1355 1246 1453 1302 Annon
1467 1262 1530 1320 ergo
1543 1243 1644 1321 gehen·

897 1348 994 1394 namet
1006 1335 1172 1416 supplicium
1186 1356 1328 1409 meremur,
1340 1334 1389 1393 etsi
1404 1332 1473 1392 ittud
1484 1333 1580 1415 duplo,
1593 1335 1643 1394 tri·

897 1424 952 1505 plo,
965 1425 1020 1485 imo
1030 1426 1177 1485 sexcenties
1188 1427 1276 1506 majus
1286 1427 1374 1485 esset?
1383 1423 1457 1495 Quid
1468 1425 1540 1484 enim
1553 1424 1644 1485 dicere

66 1513 161 1591 γέεννα
176 1513 222 1572 καί
239 1513 362 1586 κόλασις,
380 1518 403 1574 εἰ
420 1514 466 1573 καί
481 1516 561 1586 διπλῆ
576 1514 622 1574 καί
632 1517 731 1595 τριπλῆ
749 1507 783 1588 ἦν
796 1517 843 1576 καί
895 1517 1041 1596 possimus,
1054 1517 1163 1597 quando
1185 1533 1284 1592 εριεοιε
1305 1530 1438 1599 praeoepta
1453 1516 1555 1577 Christi
1568 1517 1641 1596 legi-

68 1605 194 1686 μυριάκις
214 1605 344 1678 τοσαύτης
359 1605 396 1664 Τί
413 1604 465 1686 γάρ
487 1604 517 1664 ἀν
539 1606 646 1686 ἔχοιμεν
666 1609 764 1682 εἰπεῖν,
779 1606 842 1666 όταν
895 1608 946 1668 hus
959 1609 1136 1689 praeferimus,
1150 1623 1175 1668 et
1196 1610 1277 1669 saluti
1297 1624 1393 1669 nostrae
1413 1630 1466 1668 non
1486 1630 1640 1689 parcamus,

66 1700 115 1754 τοῦ
129 1707 231 1756 σατανᾶ
242 1697 276 1757 τά
284 1696 453 1777 ἐπιτάγματα
467 1700 638 1774 προτιμῶμεν
649 1701 701 1757 τῶν
713 1705 759 1758 τοῦ
771 1701 842 1779 Χρι-
895 1696 962 1757 dum
976 1699 1102 1778 nequitie
1116 1721 1196 1781 opera
1209 1701 1244 1773 ei,
1258 1700 1304 1778 qui
1316 1698 1407 1758 omnia
1420 1721 1468 1779 pro
1487 1699 1566 1758 nohis
1579 1721 1642 1780 pas-

67 1792 131 1846 στυῦ
142 1787 239 1866 νόμων,
254 1788 299 1847 καὶ
313 1792 359 1860 τῆς
372 1789 505 1869 σωτηρίας
517 1794 564 1861 τῆς
577 1790 709 1872 ἡμετέρας
727 1793 840 1870 ἀφειδῶ-
894 1813 940 1850 sus
952 1804 1003 1865 est,
1016 1791 1202 1871 praeferimus?
1213 1795 1249 1852 Et
1261 1814 1314 1870 qua
1326 1791 1403 1852 venia
1417 1792 1476 1849 haec
1488 1790 1570 1869 digna
1583 1792 1642 1863 stic-

67 1902 134 1955 μεν,
157 1878 200 1938 ἵνα
219 1880 425 1961 προτιμήσωμεν
445 1879 480 1940 rh
495 1884 542 1952 τῆς
562 1881 690 1962 πονηρίας
709 1881 774 1961 ίργα
795 1887 840 1944 τοῦ
848 1916 885 1957 tra
895 1879 970 1938 rint?
985 1901 1038 1958 qua
1055 1879 1227 1941 defensione?
1239 1881 1330 1940 Nulla.
1346 1882 1454 1940 Stemus
1469 1877 1553 1958 igitur
1563 1877 1641 1937 dein·

66 1970 157 2030 πάντα
171 1970 238 2054 ὑπὲρ
256 1976 333 2050 ἡμῶν
347 1972 488 2046 παθόντος,
499 1973 572 2032 ’Καὶ
590 1973 668 2043 ποίας
683 1973 840 2053 συγγνώμης
857 1977 878 2021 Α
893 1992 965 2050 ceps,
979 1992 1032 2030 non
1047 1993 1096 2052 per
1114 1973 1264 2054 praecipitia
1288 1971 1357 2048 acti;
1375 1970 1422 2030 sed
1443 1970 1642 2052 resipiscamusy

65 2063 101 2121 τά
112 2070 221 2123 τοιαῦτα
232 2063 306 2138 ἄξια,
320 2062 396 2131 ποίας
407 2065 563 2143 ἀπολογίας,
574 2066 716 2142 Οὐδεμιᾶς.
728 2067 839 2144 Στῶμεν

66 2145 112 2213 ούν
131 2153 223 2216 λοιπὸν
238 2154 275 2234 μὴ
293 2154 361 2215 terh
384 2160 510 2237 κρημνῶν
536 2157 688 2237 φερόμενοι,
710 2159 756 2217 καί
777 2162 840 2218 άνα·

65 2247 209 2327 νήφωμεν,
229 2247 274 2306 καί
295 2248 382 2307 πάντα
402 2249 622 2328 ἀναλογισάμενοι
642 2254 741 2322 ταῦτα,
763 2248 839 2318 δόξαν

66 2339 266 2418 ἀναπέμψωμεν
277 2342 348 2418 αὐτῷ
359 2339 402 2398 dih
414 2344 467 2399 τῶν
483 2339 565 2418 ἔργων
577 2364 583 2377 ·
598 2342 627 2399 οὐ
639 2339 692 2420 γὰρ
707 2345 782 2420 ἀρκεῖ
796 2343 839 2402 διὰ

65 2435 118 2490 τῶν
134 2429 259 2513 ῥημάτων
271 2454 278 2467 ·
292 2430 336 2489 ίνα
359 2431 404 2491 καί
417 2436 465 2503 τῆς
485 2431 561 2504 δόξης
579 2433 772 2511 ἀπολαύσωμεν
792 2437 840 2507 τῆς

65 2526 130 2602 παρ’
144 2525 234 2595 αὐτοῦ,
245 2513 277 2593 ἧς
287 2522 387 2600 γίνοιτο
396 2523 497 2590 πάντας
508 2527 579 2600 ἡμᾶς
593 2527 735 2604 ἐπιτυχεῖν,
749 2526 839 2607 χάριτι

65 2616 112 2673 καὶ
135 2615 319 2695 φιλανθρωπίᾳ
337 2622 383 2674 τοῦ
404 2615 501 2693 Κυρίου
515 2619 592 2691 ἡμῶν
604 2614 694 2688 Ἰησοῦ
714 2618 840 2696 Χριστοῦ,

66 2710 125 2784 μεθ’
137 2697 167 2766 ού
179 2710 217 2787 τῷ
228 2707 317 2786 Πατρὶ
328 2707 385 2784 ἅμα
399 2712 436 2787 τῷ
449 2707 516 2787 ἁγίῳ
528 2706 668 2785 Πνεύματι
688 2708 759 2783 δόξα,
773 2710 842 2790 κρά-

70 2822 130 2870 τος,
145 2797 226 2875 τιμὴ,
237 2803 282 2858 νῦν
298 2799 343 2858 καί
356 2798 412 2874 ἀεί,
423 2799 469 2859 καί
481 2801 517 2866 εἰς
531 2798 591 2866 τοὺς
605 2802 702 2868 αἰῶνας
714 2804 767 2859 τῶν
780 2800 843 2860 αίιύ-
858 2812 880 2865 Ι

70 2915 131 2950 νων.
145 2889 236 2968 Ἀμήν.

893 2078 918 2123 et
931 2063 989 2122 haec
1008 2065 1098 2124 omnia
1111 2065 1251 2125 nobiscum
1265 2078 1428 2146 reputantes,
1440 2063 1555 2142 gloriam
1574 2064 1642 2146 rese-

893 2177 984 2215 ramus
997 2156 1022 2216 ei
1038 2177 1085 2236 per
1097 2178 1193 2238 opera5
1205 2156 1296 2216 verbis
1309 2156 1382 2214 enim
1397 2168 1504 2214 tantum
1517 2175 1570 2215 non
1584 2155 1641 2214 sut·
1741 2182 1744 2187 ·

893 2250 966 2309 ficit:
981 2264 1047 2309 utet
1061 2250 1148 2330 gloria
1162 2251 1197 2308 ab
1212 2249 1259 2309 illo
1273 2263 1397 2308 manante
1410 2249 1542 2326 fruamur,
1557 2270 1641 2328 quam

893 2343 1261 2422 utinamnosoonsequamur,
1273 2343 1359 2422 gratia
1373 2356 1399 2402 et
1408 2341 1575 2421 benignitate
1584 2345 1659 2402 Do·.
1735 2412 1738 2417 ¹

892 2433 960 2492 mini
977 2435 1062 2494 nostri
1071 2437 1136 2497 Jesu
1146 2433 1258 2508 Christi,
1273 2433 1383 2511 quicum
1394 2432 1467 2493 Patri
1482 2447 1509 2492 et
1523 2432 1640 2516 Spiritui
1721 2438 1725 2443 ’

893 2539 983 2585 sancto
1000 2526 1096 2607 gloria,
1116 2524 1273 2607 imperinm,
1285 2524 1381 2602 honor,
1394 2546 1465 2585 nunc
1483 2539 1509 2585 et
1523 2546 1639 2606 semper,

893 2631 919 2677 et
932 2618 961 2678 in
974 2620 1070 2679 secula
1082 2618 1254 2679 seculorum.
1269 2621 1364 2678 Amen.
1413 2632 1418 2647 ‘

102 3097 112 3120 ¹
129 3083 175 3148 [d-
188 3092 253 3142 ποίας
264 3110 285 3138 α.
296 3097 371 3139 ταῦτα
381 3093 447 3151 ἀξια,
461 3099 486 3136 et
497 3104 556 3137 mox
564 3089 661 3139 omittit
670 3086 829 3156 negationem
877 3087 1212 3142 rninaeinhiheamue.1nsre
1229 3083 1344 3152 copulam
1358 3094 1394 3139 καὶ
1404 3097 1462 3136 ante
1479 3089 1543 3150 δόξαν
1555 3087 1637 3154 ponit,

67 3174 126 3227 post
139 3168 215 3216 λοιπον
227 3168 351 3215 nescimus
362 3185 394 3216 nn
411 3164 445 3217 ab
460 3165 564 3218 librario
575 3166 705 3228 additam,
718 3168 828 3235 offenso,
878 3168 953 3237 quam
966 3167 1034 3221 Fditi
1045 3180 1103 3220 ante
1117 3177 1194 3223 πάντα
1205 3164 1326 3228 liabent]

68 3253 96 3291 nt
114 3241 224 3307 videtur,
239 3245 266 3296 in
288 3243 371 3296 verbis
391 3261 480 3311 στῶμεν
504 3258 637 3318 μιρομινοι,
658 3249 674 3298 i.
688 3264 711 3297 e.
730 3265 830 3299 cursum

81 3467 244 3477 —-—..—-

361 3639 496 3697 ΟΜΙΛΙΑ
512 3637 546 3706 ς’.

62 3819 135 3893 Ἴδε,
160 3819 192 3880 σύ
212 3821 337 3888 Ἰουδαῖος
360 3823 525 3903 ἐπονομάζῃ,
546 3823 592 3883 καί
615 3822 775 3903 ἐπαναπαύῃ
799 3829 838 3905 τῷ

104 3914 189 3992 νόμῳ,
199 3915 244 3972 καὶ
257 3924 393 3994 καυχᾶσαι
407 3919 433 3974 ἐν
447 3919 523 3995 Θεῷ,
538 3916 583 3975 καί
596 3915 734 3996 γινώσκεις
747 3917 776 3974 τὸ
791 3916 836 3975 θά-

103 4009 195 4084 λημα,
209 4008 254 4066 καὶ
270 4009 418 4085 δοκιμάζεις
431 4008 466 4068 τά
479 4009 650 4089 διαφέροντα,
665 4008 837 4089 κατηχούμε-

103 4120 147 4167 νος
157 4101 188 4159 ἐκ
200 4105 246 4159 τοῦ
260 4099 350 4178 νόμου.

104 4291 213 4367 Εἰπὼν,
227 4294 268 4353 dre
286 4293 358 4354 ούδέν
378 4294 465 4354 λείπει
477 4298 515 4375 τῷ
528 4295 644 4368 Ἕλληνι
660 4295 726 4376 πρὸς
739 4296 770 4355 rh
784 4320 836 4356 σω-

1150 3640 1309 3700 Homtttt
1322 3640 1373 3700 VI.

890 3823 956 3883 Cia.
971 3824 1006 3883 tl.
1020 3844 1047 3881 ν.
1063 3826 1110 3883 tr.
1124 3825 1203 3883 Ecce
1213 3837 1245 3883 tu
1258 3825 1380 3884 Iudaeus
1406 3826 1632 3904 cognominaris,

928 3929 957 3975 et
968 3920 1125 3997 requiescis
1138 3920 1170 3974 ιἰι
1181 3917 1254 3996 lege,
1269 3929 1296 3976 et
1302 3917 1439 3997 gloriaris
1451 3919 1483 3974 in
1494 3917 1570 3986 Deo,
1586 3918 1633 3972 ts.

928 4023 957 4069 et
969 4014 1046 4069 nosti
1060 4010 1257 4083 uoluntatem,
1273 4023 1301 4068 et
1315 4012 1423 4090 probas
1435 4009 1532 4080 utilia,
1551 4010 1634 4066 insti·

929 4115 1008 4161 tutus
1023 4123 1059 4161 ex
1073 4098 1144 4182 lege.

930 4293 956 4351 t.
978 4291 1123 4368 Postquam
1148 4286 1255 4346 dixerat
1277 4284 1347 4345 nihil
1360 4284 1451 4345 deesse
1465 4286 1561 4347 Graeco
1585 4307 1632 4345 seu

60 4390 157 4459 θῆναι,
171 4386 215 4445 ἐὰν
230 4394 276 4446 τοῦ
297 4379 405 4467 νόμουῇ
421 4386 545 4461 ποιητὴς,
560 4389 605 4447 καί
619 4387 667 4459 τὴν
680 4387 835 4466 θαυμαστὴν
889 4381 984 4463 gentili
1010 4380 1047 4441 ad
1072 4379 1198 4456 salutem,
1235 4377 1383 4438 dummodo
1408 4377 1494 4457 legem
1527 4391 1631 4454 servet,

59 4478 199 4558 σύγκρισιν
210 4479 622 4557 ποιησάμενοςέκείνην,τίθησι
635 4478 727 4541 λοιπὸν
742 4481 787 4540 καί
801 4480 835 4540 τά
853 4488 871 4536 G
887 4491 914 4538 et
940 4472 1127 4535 admirandam
1150 4473 1226 4532 iliam
1252 4472 1479 4554 comparationem
1504 4472 1628 4535 fecerat:

60 4569 147 4648 repud
165 4575 218 4630 τῶν
242 4571 386 4645 Ἰουδαίων,
409 4573 454 4650 ἀφ’
474 4562 511 4630 ὧν
531 4571 601 4631 κατά
621 4575 674 4631 τῶν
696 4571 834 4644 Ἑλλήνων
887 4591 947 4649 quae
961 4565 1130 4627 honorabilia
1142 4564 1217 4648 apud
1230 4565 1422 4626 Judaeoserant
1437 4565 1631 4646 ponit‚exqui·

57 4661 193 4742 ἐφρόνουν.
209 4663 263 4723 Καὶ
277 4668 381 4745 πρῶτον
396 4663 458 4722 αύτδ
471 4663 501 4722 τὸ
513 4663 595 4742 ὄνομα
607 4664 642 4724 *δ
665 4665 765 4746 σφόδρα
787 4689 834 4726 σε·
886 4663 938 4722 hus
946 4658 1077 4719 adversus
1085 4659 1195 4718 Graecos
1205 4657 1393 4717 efferebantur.
1404 4656 1440 4716 Et
1446 4657 1535 4738 primo
1541 4658 1631 4738 ipsum

58 4756 125 4831 μνδν
135 4747 178 4831 ἧν,
188 4755 278 4835 ὥσπερ
289 4756 645 4838 νῦνὸχρισιιανιομός·καί
657 4756 710 4837 γάρ
722 4759 776 4818 ἀπὸ
786 4761 835 4829 τῆς
887 4772 995 4827 nomen,
1024 4748 1096 4828 quod
1117 4747 1266 4809 admodum
1287 4749 1447 4809 honorabile
1459 4762 1528 4822 erat,
1541 4762 1570 4808 ut
1592 4763 1632 4808 est

54 4847 237 4930 προσηγορίας
251 4848 337 4921 πολλὴ
358 4842 421 4922 ἧνὴ
444 4851 555 4932 διαφορὰ
570 4850 615 4910 καί
636 4850 712 4911 τότε·
734 4849 774 4909 διὸ
787 4850 833 4909 καλ
885 4839 1207 4904 nuncChristianismus:
1225 4841 1260 4899 ah
1274 4840 1454 4923 appellatione
1465 4840 1536 4900 enim
1545 4840 1632 4900 multa

53 4943 174 4999 ἐντεῦθεν
197 4941 317 5023 άρχεται.
338 4941 392 5002 Καί
415 4941 464 5023 ὅρα
482 4947 538 5009 πῶς
559 4943 622 5002 αὐτὸ
640 4949 769 5021 καθαιρεῖ.
789 4943 830 5001 Ού
884 4935 1105 4997 disserentiatunc
1116 4947 1185 4993 erat:
1198 4955 1279 5012 quare
1286 4948 1311 4992 et
1318 4933 1381 4993 hinc
1392 4933 1507 4993 orditur.
1522 4933 1558 4994 Et
1570 4934 1631 4994 vide

51 5031 106 5111 γάρ
121 5023 188 5104 εἶπε,
203 5032 234 5092 σύ
247 5033 371 5100 Ἰουδαῖος
382 5025 415 5106 εἶ,
429 5036 499 5109 ἀλλ’,
513 5034 692 5114 Ἐπονομάζη,
706 5034 750 5093 καὶ
765 5058 830 5093 καυ·
885 5029 1021 5111 quomodo
1034 5027 1105 5087 illud
1119 5027 1247 5088 decutiat.
1267 5029 1327 5088 Non
1338 5027 1410 5087 enirn
1422 5026 1505 5103 dixit,
1518 5027 1563 5086 Tu
1577 5030 1629 5088 Ju-

87 5216 100 5242 “
120 5213 143 5282 [ὃ
153 5230 185 5264 ex
197 5217 225 5266 Α.
238 5213 390 5270 addidimus.
402 5215 480 5268 savit.
495 5216 520 5268 in
530 5233 610 5285 marg.
625 5224 653 5278 ὡς
662 5222 757 5290 σφόδρα.
770 5215 839 5267 Infra
852 5217 880 5266 Α.
893 5219 956 5280 εἶτα,
967 5217 1001 5267 ἴδε
1010 5217 1036 5266 σύ
1046 5211 1064 5265 ί.
1075 5214 1084 5277 ]
