3728 5978
247 364 323 461 450

245 528 313 590 coio
320 571 331 601 ,
346 526 397 586 tt.
412 525 535 583 dicens.-
551 524 598 584 Ne
611 526 726 596 timeas,
742 520 840 581 Paule
852 544 864 589 ,-
881 520 993 578 Caesari

248 635 276 680 te
302 630 413 698 oportet
433 620 522 676 sisti:
543 628 573 674 et
594 635 660 674 ecce
683 616 806 672 donavit
832 614 887 671 tibi
912 611 993 669 Deus

247 732 356 787 ornnes,
363 712 415 790 qui
428 711 571 787 navigant
585 719 687 766 tecum.
699 706 833 787 diiideo
848 709 923 764 bono
933 705 996 761 ani·

247 825 295 864 rno
309 814 409 873 estote,
421 804 481 859 oiri
491 823 500 855 .-
512 801 598 859 credo
612 803 689 858 enim
703 799 779 870 Deo,
791 800 871 877 quod
887 801 930 856 sic
940 798 993 854 erit

247 894 494 978 quemadmodum
502 889 995 951 detumesimttt.26.1ntnsutnm

246 999 345 1046 autem
362 984 522 1065 quamdam
537 995 650 1062 oportet
668 997 725 1040 nos
735 981 870 1040 incidere.
889 981 938 1039 ut.
957 981 995 1037 Ut

247 1089 347 1137 autem
370 1075 594 1156 quartadecima
616 1093 675 1131 nox
700 1074 868 1152 supervenit
878 1115 889 1143 ,
912 1072 1031 1127 navi-C

591 386 620 433 S.
649 384 789 439 totattttts
813 379 995 432 ctuttsost·
1025 380 1182 430 incunte.
1210 362 1483 435 (λοίίέίίἎίίΊΊίίΟί).1

1048 522 1105 577 σοῦ.
1117 517 1562 602 Διδιύθυμεῖτε,άνδρες·πιστεύω
1578 519 1632 601 γὰρ
1648 522 1689 600 τῷ
1704 521 1825 602 &insudet

1049 607 1132 678 οὕτως
1147 610 1221 669 ἔσται
1233 615 1291 669 καθ’
1305 611 1333 670 δν
1343 614 1440 692 τρόπον
1456 612 1602 685 λελάληταί
1622 636 1677 689 μοι.
1688 616 1737 682 Et<
1747 619 1825 685 νῆσον

1049 698 1079 759 δέ
1089 722 1149 759 τινα
1166 702 1206 760 δεῖ
1224 706 1296 779 ἡμᾶς
1316 706 1446 763 ἐκπεσεῖν.
1464 702 1512 770 Ὡς
1528 704 1556 764 δὲ
1568 706 1826 785 τεσσαρεσκαιδεκά-

1049 816 1081 865 τη
1094 789 1138 860 viri
1150 793 1266 875 ἐγένετο,
1275 795 1556 876 διαφερομένωντίμῶν
1568 799 1595 855 ἐν
1607 800 1646 877 τῷ
1657 796 1749 880 Ἀδρίφ
1758 798 1825 858 κατὰ

1051 883 1131 964 μέσον
1142 891 1190 959 τῆς
1204 889 1308 959 νυκτὸς,
1321 887 1445 948 ὑπενόουν
1458 892 1483 946 oi
1494 892 1589 947 ναῦται
1609 888 1757 968 προσάγειν
1767 890 1825 950 τινίι

1051 981 1138 1046 αὐτοῖς
1163 978 1269 1062 χώραν·
1294 981 1339 1040 καί
1376 980 1527 1060 βολίσαντες
1557 972 1633 1059 εὗρον
1658 982 1768 1062 ὀργυιάς
1781 982 1824 1041 κ’·

1052 1068 1139 1150 βραχύ
1151 1070 1179 1130 δὲ
1192 1072 1381 1144 διαστήσαντες
1401 1072 1446 1132 καί
1468 1071 1549 1131 aedas
1569 1071 1738 1151 βολίσαντες,
1754 1067 1824 1154 εύρον

245 1173 383 1252 gantibus
398 1171 481 1227 nobis
492 1171 525 1225 in
539 1167 640 1226 Adria
652 1170 733 1226 circa
749 1166 876 1224 medium
889 1167 992 1235 noctis,
1050 1163 1157 1245 ὀργυιάς
1171 1162 1218 1223 ιε’·
1233 1164 1391 1244 φούούμενοί
1403 1190 1433 1225 τε
1444 1165 1481 1243 μή
1493 1189 1550 1231 πως
1561 1168 1600 1233 εἰς
1613 1176 1723 1246 τραχεῖς
1733 1166 1825 1234 τόπους

247 1263 474 1342 suspicabantur
489 1272 587 1317 nauta
600 1278 742 1338 apparere
754 1256 889 1337 aliquam
903 1259 995 1334 regio-
1051 1254 1215 1334 ίκπίσωμεν,
1231 1259 1262 1315 ἐκ
1280 1257 1402 1339 πρύμνης
1416 1257 1538 1338 ῥίψαντες
1551 1256 1670 1338 ἀγκύρας
1682 1259 1824 1340 τέσσαρας,

250 1375 317 1413 nem
327 1377 338 1423 ,·
358 1351 409 1412 28.
435 1355 487 1433 qui
503 1352 630 1410 demissa
651 1352 748 1409 bolide
764 1360 933 1429 repererunt
950 1368 996 1406 or·
1051 1337 1159 1428 εὔχοντο
1179 1348 1281 1429 ἡμέραν
1295 1349 1425 1427 γενέσθαι.
1440 1352 1503 1408 Τῶν
1524 1348 1667 1409 δίναυτῶν
1679 1351 1823 1423 ζητούντων

247 1447 338 1531 gria's
351 1449 461 1527 viginti
472 1468 481 1502 .·
491 1466 527 1504 ao
542 1445 685 1524 pusillum
699 1444 769 1502 inde
786 1443 919 1522 digressi,
931 1461 997 1500 rur·
1050 1447 1139 1520 φυγεῖν
1160 1443 1190 1498 ἐκ
1202 1447 1249 1499 τοῦ
1265 1440 1373 1515 πλοίου,
1387 1441 1432 1500 καί
1450 1441 1626 1527 χαλασάντων
1648 1440 1698 1514 τὴν
1723 1443 1824 1522 σκάφην

249 1562 315 1600 snm
325 1543 411 1621 jacta
425 1539 540 1612 bolide,
554 1548 723 1617 repererunt
736 1538 857 1615 orgyias
873 1534 995 1615 quinde-
1051 1530 1144 1603 ιῖςτλν
1157 1531 1302 1604 θάλασσαν,
1316 1532 1448 1613 προφάσει
1458 1535 1494 1599 ὡς
1505 1535 1535 1591 ἐκ
1548 1530 1660 1614 πρῴρας
1675 1532 1824 1611 μελλόντων

247 1636 306 1692 cim
310 1656 323 1702 ‚·
334 1631 382 1692 29.
396 1633 630 1709 timentesquenc
643 1632 675 1686 in
689 1647 794 1707 aspera
809 1626 875 1684 loca
887 1627 996 1684 incide·
1052 1620 1166 1702 ἀγκύρας
1185 1622 1319 1696 ἐκτείνειν,
1340 1614 1412 1683 εἶπεν
1431 1628 1446 1684 δ
1464 1627 1569 1693 Παῦλος
1585 1628 1623 1707 τῷ
1641 1625 1823 1707 ἑκατοντάρχῃ

194 1722 201 1735 ’
248 1744 354 1796 remus,
378 1721 416 1781 de
447 1725 537 1803 puppi
562 1724 654 1801 jactis
686 1720 825 1779 anchoris
856 1731 993 1796 quatuor,
1052 1713 1163 1782 καὶτοῖς
1175 1713 1365 1796 στρατιώταις·
1388 1715 1434 1774 ἐάν
1459 1717 1496 1795 μὴ
1514 1709 1586 1776 οὗτοι
1600 1718 1729 1794 μείνωσιν
1748 1721 1775 1777 ἐν
1789 1723 1824 1798 τῷ

248 1818 392 1896 optabant
403 1815 482 1874 diem
496 1817 577 1871 oriri.
593 1814 644 1872 30.
657 1813 766 1871 Nautis
777 1831 848 1870 oero
860 1830 996 1890 quoeren-
1052 1806 1150 1887 πλοίῳ,
1164 1812 1238 1886 ὑμεῖς
1254 1812 1370 1880 σωθῆναι
1387 1811 1416 1868 ού
1437 1809 1556 1868 δύνασθε.
1570 1809 1639 1869 Τότε
1653 1813 1679 1868 oi
1692 1816 1825 1890 στρατιῶ-

249 1910 326 1967 tibus
329 1908 440 1988 sugere
448 1926 485 1964 ex
493 1907 575 1978 navi,
586 1924 652 1964 eum
660 1904 843 1963 demisissent
854 1903 997 1981 scaptiam
1052 1924 1097 1959 ται
1111 1900 1248 1981 ἀπέκοψαν
1269 1900 1303 1961 τί
1326 1902 1431 1982 σχοινία
1452 1907 1499 1974 τῆς
1524 1902 1644 1982 σκάφης,
1665 1903 1714 1962 καί
1735 1902 1824 1963 εἴασαν

249 2004 283 2059 in
295 2019 378 2058 mare
383 2043 393 2070 ,
408 2000 461 2058 sub
466 2009 610 2077 pretextu
620 2016 656 2054 ac
667 1999 694 2055 si
703 2017 740 2054 ex
748 2016 838 2076 prora
849 1997 997 2054 anchoras
1053 1993 1136 2068 αδτὴν
1160 1995 1289 2054 ἐκπεσεῖν.
1302 1994 1433 2054 Ἐνταῦθα
1457 1994 1595 2068 δείκνυσιν,
1617 1993 1660 2056 δτι
1671 1995 1824 2074 ’ίμελλονοί

249 2095 400 2153 extensuri
413 2104 530 2162 essent,
546 2092 596 2150 51.
610 2091 688 2148 dicit
704 2089 818 2148 Paulus
834 2091 998 2149 centurioni
1014 2084 1034 2132 ί)
1052 2091 1147 2146 ναῦται
1162 2085 1265 2167 φεύγειν
1284 2090 1455 2156 ἀπιστοῦντες
1468 2091 1507 2169 τῷ
1526 2087 1677 2170 λεγομένῳ·
1694 2087 1824 2148 δδίίκα·

248 2196 278 2244 et
291 2184 436 2242 militibus
451 2206 458 2240 τ
474 2185 543 2242 Nisi
556 2184 589 2240 tn·
609 2186 641 2240 in
660 2185 730 2240 navi
745 2185 926 2256 manserint,
941 2201 997 2240 σοι
1052 2179 1195 2262 τόνταρχας
1209 2179 1346 2239 “aimoin
1368 2178 1414 2240 σὺν
1435 2190 1489 2249 τοῖς
1502 2180 1685 2260 στρατιώταις.
1708 2181 1759 2241 Ait
1781 2181 1825 2239 καί

248 2276 328 2337 solvi
337 2295 399 2335 esse
413 2295 473 2333 non
481 2278 613 2355 potestis.
626 2276 674 2333 δῦ.
690 2275 772 2333 Tunc
784 2275 892 2332 milites
903 2276 997 2332 absci-
1053 2295 1150 2353 φησιν·
1166 2270 1230 2332 Ἐάν
1242 2263 1312 2332 οὗτοι
1329 2272 1457 2353 φύγωσιν,
1482 2277 1556 2351 ipe<
1574 2279 1692 2346 σωθῆναι
1704 2277 1735 2335 ού
1750 2274 1825 2334 δύνα-

249 2368 356 2428 derunt
357 2369 452 2450 sanes
461 2369 578 2447 scaptiae
588 2411 598 2439 ,
614 2379 643 2425 et
658 2369 741 2445 passi
752 2380 822 2425 sunt
835 2386 901 2423 eam
915 2366 997 2423 deci-
1053 2370 1115 2425 σδε·
1129 2367 1159 2425 ού
1174 2364 1218 2425 διὰ
1237 2371 1314 2426 τοῦτο
1325 2365 1416 2440 εἰπὼν,
1437 2368 1495 2426 ἀλλ’
1508 2365 1552 2426 ίνα
1568 2366 1695 2447 κατάσχῃ
1716 2368 1825 2440 droti,

249 2460 327 2519 dere.
338 2459 391 2519 Hic
400 2458 515 2518 ostendit
526 2459 619 2537 sugam
626 2457 744 2516 [acturos
754 2478 813 2516 esse
823 2455 998 2516 nautasdicto

250 2572 305 2612 non
324 2551 461 2612 credentes
476 2575 486 2630 ς
501 2551 623 2611 centurio
638 2564 728 2610 autem
744 2549 828 2610 credit
844 2571 908 2608 cum
923 2549 998 2609 mili·

251 2641 335 2705 tibus.
349 2642 414 2703 Ideo
429 2643 489 2703 ait:
508 2641 541 2703 Si
557 2644 589 2701 tn·
595 2643 751 2724 fugerint,
764 2662 820 2701 vos
837 2642 916 2701 salvi
936 2663 999 2702 csse

251 2756 312 2796 non
328 2739 459 2816 potestis.
474 2735 534 2794 Non
549 2755 580 2793 ea
592 2733 628 2793 de
643 2754 723 2793 causa
737 2728 832 2805 dixit,
849 2733 898 2793 sed
912 2746 941 2793 ut
957 2755 998 2793 re-

249 2827 347 2888 tineret
365 2841 433 2902 eos,
457 2847 492 2886 ne
512 2826 652 2908 prophetia
675 2825 822 2885 excideret.
843 2824 916 2886 Vide
936 2826 998 2886 illos

248 2919 329 3001 quasi
347 2920 376 2979 in
400 2918 512 3003 ecclesia
532 2918 624 2979 dcccii
642 2917 843 3000 philosophiam
860 2939 876 2979 α
900 2918 996 2992 Paulo,

1053 2456 1130 2528 καὶὴ
1147 2456 1296 2537 προφητεία
1318 2456 1355 2534 μὴ
1372 2457 1495 2536 διαπέσῃ.
1511 2457 1583 2537 Ὅρα
1596 2458 1720 2540 καθάπερ
1740 2463 1767 2519 ίν
1785 2461 1826 2518 ἐκ·

1052 2548 1152 2628 κλησίφ
1165 2547 1369 2628 παιδευομένους
1387 2549 1478 2616 αι’ποδς
1491 2556 1536 2608 τοῦ
1556 2548 1666 2610 Παύλου
1680 2549 1731 2623 τὴν
1748 2553 1824 2631 φιλο-

1054 2638 1157 2720 σοφίαν,
1168 2638 1211 2707 οδς
1226 2640 1272 2698 καί
1283 2642 1313 2700 ἐκ
1325 2640 1413 2718 μέσων
1429 2643 1514 2700 αὐτῶν
1529 2638 1607 2709 σώζει
1623 2645 1675 2701 τῶν
1687 2642 1824 2702 κινδύνων,

1054 2731 1112 2811 ίίαίΙ
1125 2733 1300 2810 οἰκονομικῶς
1313 2735 1465 2793 ἀπιστεῖται
1476 2739 1490 2792 δ
1501 2734 1623 2805 Παῦλος,
1636 2731 1680 2794 ἵνα
1694 2734 1764 2811 μετὰ
1778 2733 1824 2805 rip

1053 2833 1147 2902 πεῖραν
1160 2826 1213 2882 τῶν
1227 2824 1393 2904 πραγμάτων
1416 2829 1564 2904 πιστευθῇ·
1578 2825 1644 2906 ὅπερ
1665 2815 1712 2884 οῦν
1726 2827 1772 2884 καί
1785 2827 1826 2905 γε’·

1053 2939 1125 2996 γονι.
1147 2915 1201 2975 Καί
1222 2924 1346 2995 παραινεῖ
1360 2917 1441 2977 πάλιν
1462 2915 1622 2994 μεταλαύεῖν
1642 2923 1760 2998 τροφῆς,
1780 2919 1823 2977 καί

249 3032 318 3093 quos
332 3034 367 3072 ex
379 3010 478 3072 mediis
493 3011 621 3092 periculis
635 3011 725 3092 eripit.
741 3011 779 3071 Et
792 3032 841 3092 per
855 3011 999 3092 providen·
1052 3007 1201 3069 πείθονται·
1211 3008 1257 3067 καί
1271 3009 1348 3075 αὐτὸς
1358 3012 1463 3088 πρῶτος
1474 3008 1672 3088 μεταλαμύιίνιι
1683 3052 1692 3081 ,
1705 3013 1736 3070 σύ
1746 3010 1823 3091 λάχῃς

248 3100 317 3163 tiain
329 3122 383 3162 non
397 3101 517 3161 aeditui
529 3101 632 3176 Paulo,
645 3115 675 3160 ut
687 3115 747 3182 post
756 3123 848 3161 rerum
860 3102 999 3184 experien-
1052 3098 1122 3160 α’λλδ
1135 3099 1180 3159 καί
1204 3097 1273 3180 ίργῳ
1293 3099 1390 3159 παίδων
1405 3103 1440 3167 ὡς
1462 3100 1536 3160 οὐδὲν
1557 3099 1671 3181 ίύλαλεν
1685 3106 1701 3161 δ
1713 3103 1823 3182 χειμὼν,

250 3194 317 3254 tiam
330 3193 384 3275 ipsi
397 3192 536 3270 credatur,
547 3208 577 3253 ut
590 3194 750 3253 factumest.
766 3199 805 3253 Ac
814 3217 923 3255 rursum
934 3197 997 3255 hor·
1015 3190 1034 3238 Ε
1053 3192 1122 3252 ἀλλὰ
1145 3194 1245 3271 μάλλον
1261 3194 1346 3251 αὐτῶν
1365 3191 1412 3260 τδς
1425 3193 1511 3273 ψυχάς
1528 3192 1573 3252 καί
1587 3192 1736 3273 ὠφέλησεν.
1749 3194 1822 3274 Ἄχρι

250 3301 333 3361 onir,
348 3301 378 3346 ut
390 3299 497 3346 sumant
510 3286 613 3362 cibum,
629 3299 655 3344 et
668 3286 870 3366 obtemperant,
888 3287 998 3368 ipseque
1053 3284 1081 3346 δί
1093 3275 1123 3344 ού
1136 3283 1244 3363 ίμελλιν
1261 3283 1364 3365 ἡμέραν
1382 3284 1517 3364 γίνεσθαι,
1535 3286 1707 3365 παρεκάλειδ
1720 3289 1822 3353 Παῦλος

250 3376 356 3457 primus
372 3374 467 3453 sumit,
491 3395 544 3434 non
561 3374 654 3450 verbo,
675 3373 723 3433 sed
742 3388 768 3433 et
785 3396 864 3455 αρσια
883 3376 998 3438 suadens
1053 3377 1171 3444 ἅπαντας
1192 3377 1352 3456 μεταλαύεῖν
1365 3383 1477 3458 τροφῆς,
1488 3377 1584 3457 λέγων,
1604 3382 1821 3461 τεσσαρεσκαιδι·

251 3467 320 3526 nihil
340 3467 491 3525 nocituram
508 3488 564 3525 esse
581 3478 790 3547 tempestatem,
811 3466 866 3527 imo
888 3469 998 3530 illorum
1054 3470 1137 3542 κοίτην
1152 3469 1265 3550 σήμερον
1287 3469 1390 3550 ἡμέραν
1405 3471 1617 3550 προσδοκῶντες,
1635 3471 1724 3532 άσιτοι
1739 3473 1822 3532 διατε-

251 3557 393 3617 animabus
403 3558 585 3637 profuturam.
598 3560 646 3616 53.
658 3560 700 3617 Et
711 3560 847 3620 oumdies
860 3566 999 3643 inciperet
1052 3567 1122 3624 λιῖτε
1148 3560 1230 3642 μηδὲν
1262 3562 1483 3645 προσλαύόμενοι.
1509 3563 1557 3623 Διὸ
1580 3568 1733 3643 παρακαλῶ
1759 3570 1821 3643 ὑμᾶς

252 3653 335 3722 oriri,
346 3651 523 3709 hortabatur
533 3652 647 3710 Paulus
658 3672 757 3711 omnes
765 3673 878 3713 sumere
888 3659 1013 3730 eibum,
1054 3654 1213 3733 μεταλαύεῖν
1232 3660 1343 3736 τρυφῆς·
1365 3661 1442 3715 τοῦτο
1462 3654 1514 3734 γάρ
1538 3656 1603 3736 πρὸς
1627 3660 1677 3729 τῆς
1697 3658 1820 3737 ὑμετέρας

251 3745 353 3802 ἀίσσεις
369 3766 376 3800 :
394 3743 467 3801 Dies
486 3744 615 3803 decimus
633 3756 756 3825 quartus
783 3758 826 3805 est
848 3749 928 3829 quod
948 3771 998 3808 ex·
1054 3744 1186 3829 σωτηρίας
1197 3747 1325 3826 ὑπάρχει·
1341 3746 1444 3812 οὐδενδς
1458 3747 1509 3826 γάρ
1523 3750 1596 3824 ὑμῶν
1612 3747 1669 3827 θρὶξ
1683 3753 1733 3820 τῆς
1744 3773 1820 3829 κεφα·

250 3847 417 3916 spectantes
433 3838 531 3916 jejuni
546 3842 734 3917 permanetis,
751 3841 828 3898 niirii
851 3846 999 3923 accipien·
1052 3842 1100 3912 λῆς
1110 3846 1241 3899 πεσεῖται.
1260 3837 1351 3898 Εἰπὼν
1364 3836 1392 3898 δὲ
1406 3846 1505 3911 ταῦτα,
1518 3839 1564 3899 καί
1577 3838 1668 3900 λαύὼν
1683 3841 1772 3919 ἄρτον,
1785 3845 1821 3900 τό

252 3941 304 3986 tes.
320 3927 370 3986 di.
392 3929 517 4007 Propter
537 3930 617 4009 quod
630 3931 730 3989 hortor
749 3952 804 3992 vos
824 3947 856 3992 ut
875 3941 999 3997 sumatis
1052 3931 1199 4012 χαρίστησε
1213 3935 1251 4011 τῷ
1269 3934 1331 4011 θεῷ
1345 3930 1456 3992 ἕνώπῑθν
1467 3933 1583 4003 πάντων,
1598 3932 1645 3991 καὶ
1659 3933 1763 4002 κλάσας
1776 3935 1820 4015 iae

250 4021 350 4079 cibum
360 4020 432 4077 :hoc
440 4023 517 4078 enirn
528 4022 705 4081 adsalutem
716 4035 846 4082 vestram
852 4031 995 4105 pertinet:
1006 4063 1042 4102 too
1055 4029 1116 4098 ξατο
1127 4029 1230 4090 ἐσθίειν.
1245 4029 1363 4105 Εὔθυμον
1379 4028 1406 4087 δὲ
1416 4029 1552 4110 γενόμενοι
1565 4030 1678 4104 πάντες,
1693 4031 1740 4090 καί
1753 4030 1821 4091 αὐτοὶ

251 4109 364 4168 nuliius
373 4112 450 4166 enim
462 4123 595 4169 oestrum
605 4113 731 4191 capillus
743 4115 886 4194 decapite
897 4120 994 4177 cadet.
1014 4117 1034 4164 Α
1052 4121 1248 4203 προσελάύοντο
1257 4125 1368 4203 τροφῆς,
1378 4112 1467 4200 Ἦμεν
1480 4122 1507 4182 δὲ
1519 4126 1544 4181 ἐν
1556 4127 1594 4203 τῷ
1605 4123 1693 4204 πλοίῳ
1704 4127 1732 4183 ai
1740 4135 1820 4184 πᾶσαι

250 4202 303 4260 55.
319 4201 435 4259 Etcum
450 4203 513 4260 iioec
526 4204 648 4263 dixisset
663 4249 673 4282 ,
688 4218 784 4264 sumto
795 4229 874 4286 pane
882 4215 996 4289 gratias
1051 4213 1136 4295 ψυχαί
1156 4213 1288 4274 διακόσιαι
1307 4213 1526 4292 ίύδομηκονταέζ.
1541 4215 1760 4294 Κορεσύὲντεςδί
1778 4221 1820 4287 τῆς

249 4297 309 4375 egit
328 4295 393 4351 Deo
410 4298 443 4352 in
460 4309 614 4374 conspectu
630 4302 760 4358 omnium
780 4322 787 4355 τ
808 4313 835 4359 et
854 4306 995 4385 curnsre-
1050 4311 1165 4388 τροφῆς,
1184 4307 1317 4388 ἐκούφιζον
1328 4308 1359 4367 τδ
1369 4309 1470 4380 πλοῖον,
1491 4306 1681 4386 ἐκύαλλύμενοε
1695 4309 1741 4369 τὸν
1752 4319 1819 4369 σῖτον

248 4391 348 4468 gisset,
365 4391 450 4467 carpit
461 4389 553 4447 edere.
568 4391 616 4449 56.
632 4392 705 4449 Cum
718 4412 806 4471 porro
815 4397 882 4473 jam
896 4417 995 4457 omnes
1050 4403 1088 4468 είς
1097 4399 1145 4474 viv
1157 4399 1300 4460 δαλασσαν.
1308 4398 1376 4459 Ὅτε
1389 4399 1416 4459 δί
1426 4399 1516 4482 ἡμέρα
1527 4399 1644 4478 ἐγίνετο,
1654 4401 1705 4473 την
1717 4405 1767 4480 γῆν
1778 4404 1820 4461 oia

250 4484 327 4540 bono
345 4485 447 4541 animo
463 4495 568 4557 essent,
585 4498 750 4544 sumserunt
773 4500 802 4545 et
820 4491 875 4568 ipsi
887 4492 994 4551 cibum.

248 4573 300 4632 ttt.
310 4574 439 4632 Eramus
452 4593 518 4633 uero
525 4576 556 4631 in
565 4578 636 4632 navi
642 4596 741 4636 omnes
748 4583 856 4638 anima
864 4582 995 4643 ducenta

175 4724 180 4734 ,
246 4670 436 4747 septuaginta
446 4687 508 4725 sex.
525 4665 573 4726 58.
587 4667 694 4727 Satiati
707 4685 806 4730 autem
821 4677 906 4753 cibo,
920 4678 994 4736 oile-

249 4763 371 4819 vinbant
390 4779 515 4834 navem,
534 4763 681 4841 ejicientes
699 4767 827 4824 triticum
846 4771 878 4825 in
900 4790 991 4828 mare.

247 4853 297 4911 39.
312 4855 386 4912 Curn
398 4865 497 4911 autem
511 4853 573 4912 dies
582 4854 655 4932 suit,
668 4867 777 4915 terram
787 4880 846 4918 non
855 4883 994 4941 agnosce-

247 4946 321 5003 bant
334 4969 343 5000 :
356 4949 453 5005 sinum
463 4967 536 5004 vero
549 4947 705 5025 quemdam
722 4954 994 5016 animadverterunt

280 5169 293 5194 ⁸
305 5153 375 5205 Unus
387 5161 482 5212 πιστεύει
494 5161 531 5210 ὠν
542 5170 574 5227 τῷ
586 5165 669 5229 Παύλῳ

1050 4492 1241 4574 ἐπεγίνωσκον·
1256 4491 1353 4552 κόλπον
1366 4493 1393 4550 δέ
1403 4515 1463 4551 τινα
1474 4492 1614 4552 κατενόουν
1626 4494 1724 4574 ἔχοντα
1735 4499 1820 4573 αἰγια-

1050 4586 1105 4657 λδν,
1116 4589 1153 4652 τίς
1163 4584 1193 4644 ὃν
1201 4584 1403 4658 ίύουλεύσαντο,
1413 4588 1437 4643 εἰ
1448 4585 1565 4657 δυνατὸν,
1576 4583 1673 4658 ἐξῶσαι
1682 4587 1714 4646 τὸ
1725 4588 1821 4646 πλοῖον.

1050 4678 1105 4737 Καὶ
1122 4679 1170 4745 τὰς
1183 4676 1298 4758 ἀγκύρας
1312 4675 1476 4761 περιελόντες
1494 4674 1555 4735 είων
1569 4679 1605 4745 είς
1617 4677 1666 4749 τλν
1682 4680 1822 4747 θάλασσαν,

1051 4771 1108 4848 ἅμα
1117 4770 1221 4838 ἀνέντες
1233 4771 1281 4837 τδς
1294 4767 1448 4850 ζευκτηρίας
1462 4773 1514 4827 τῶν
1534 4770 1689 4841 πηδαλίοιν·
1706 4771 1753 4830 καί
1765 4770 1822 4830 tei·

1051 4886 1141 4944 ραντες
1152 4863 1196 4922 τδν
1208 4861 1354 4940 ύρτίμονα,
1367 4866 1401 4940 τῇ
1414 4860 1527 4941 πνεούσῃ
1541 4869 1666 4941 κατεῖχον
1677 4867 1716 4932 εἷς
1728 4864 1772 4922 τὸν
1788 4865 1821 4922 αἱ·

1049 4955 1150 5035 γιαλόν.
1169 4955 1361 5035 Περιπισόντες
1372 4954 1400 5015 δί
1420 4957 1458 5022 είς
1477 4955 1558 5014 τόπον
1569 4955 1739 5030 διθάλασσον,
1754 4955 1821 5014 ἐπύ-
