3742 5970
683 527 815 577 couruu
841 528 1044 577 unnurrcos.
1394 595 1397 600 ι
1567 505 1639 604 925

62 653 201 725 κλήσεως,
213 652 305 732 χάριτι
318 651 363 711 καί
377 654 522 732 οἷκτιρμοῖς
535 650 581 710 καὶ
597 649 781 732 φιλανθρωπία
795 656 840 710 τοῦ
897 651 949 728 nis,
962 651 1060 731 gratia,
1079 650 1295 711 miserationibus
1307 667 1334 712 et
1346 650 1512 732 benignitate
1528 651 1639 710 Domini
1706 671 1707 674 ’

64 736 109 794 Κυ
129 732 169 791 ίου
190 736 267 808 ἡμῶν
289 731 378 804 Ἰησοῦ
400 733 534 809 Χριστοῦ,
557 730 615 807 μεθ’
637 724 667 790 οὗ
690 736 732 828 τῶ
751 715 841 809 Πατρί
896 732 979 791 nostri
996 734 1061 793 lesu
1080 732 1194 808 Christi,
1209 732 1319 811 quicum
1340 733 1414 791 Patri
1432 731 1529 810 gloria,
1543 730 1639 801 honor,

63 834 166 912 πρεπιι
180 809 257 884 δόξα,
273 810 338 888 τιμὴ
354 811 399 869 καί
414 810 606 889 προσκάνησις,
627 808 674 868 σὺν
696 834 735 890 τῳ
754 834 843 870 πανα-
895 811 1088 870 adorationum
1101 812 1269 871 sanctissimo
1283 811 1399 892 Spiritu,
1410 832 1482 870 nunc
1490 824 1517 871 et
1525 815 1639 892 semper,

63 915 120 1030 γγΞ
131 891 286 1042 Πνεύρρατρ,
299 899 343 951 νῦν
356 890 402 950 καί
419 891 474 962 ἀεί,
491 891 538 950 καὶ
552 894 589 958 είς
601 889 661 957 τοὺς
673 893 770 957 αἰῶνας
788 893 841 949 τῶν
859 896 878 944 C
896 891 962 951 etin
978 892 1075 952 serub
1089 891 1258 952 saeculorum.
1274 897 1369 952 nmen.

63 994 83 1028 α
120 995 183 1031 νων.
200 975 207 996 ’
231 996 251 1049 μ
270 995 294 1028 ν.

512 1618 561 1692 ιιι
587 1619 850 1694 suuuounu
876 1614 1181 1714 succurrunt.

111 1828 182 1902 Quae
190 1848 259 1908 saepe
267 1823 513 1907 Chrysostomusiu
528 1824 635 1906 seriptis
648 1825 705 1886 suis
718 1826 799 1902 clare,
810 1840 905 1904 argute
911 1838 937 1885 et
949 1823 1070 1884 dilucide
1083 1845 1133 1883 suo
1143 1843 1217 1882 more
1233 1833 1325 1882 eontra
1337 1822 1449 1893 Arianos
1460 1837 1486 1883 et
1500 1825 1642 1895 hnnmoeos

66 1925 263 2004 prosequitur,
273 1921 319 1984 hie
334 1920 458 2000 quisquis
472 1920 507 1980 sit
520 1921 635 2002 scriptor
646 1921 774 2002 perplexe
788 1935 884 1982 tractat
896 1944 905 1996 ς
925 1921 1021 1981 Arium
1030 1935 1058 1981 et
1076 1920 1189 1981 Anonos
1202 1916 1304 1999 carpit,
1319 1918 1347 1976 in
1360 1918 1455 1978 multis
1466 1918 1504 1978 ita
1520 1920 1642 1995 obscure,

65 2032 102 2077 nt
115 2036 308 2095 nonnunquam
321 2012 511 2093 diuinandoea
533 2013 627 2072 Latine
642 2025 798 2073 convertere
812 2011 896 2071 eoacti
906 2010 999 2070 sunus.

68 2194 1646 2231 mm

342 2357 419 2420 Knrh
436 2360 583 2441 αίριτυιιῦν.
862 2361 881 2406 ⁰
1106 2354 1219 2413 Contra
1232 2352 1401 2412 Haerett‘cos.

113 2544 249 2625 Χορευτδς
259 2549 307 2617 τῆς
320 2543 452 2612 εῦσιῦείας
461 2547 529 2622 ὑμᾶς
543 2544 587 2604 καί
599 2543 763 2626 στρατιώτας
773 2543 845 2604 εἰδέ-
940 2539 1010 2599 Cum
1016 2559 1064 2598 ros
1072 2539 1214 2600 etehoreas
1225 2537 1333 2621 pietatis
1340 2551 1447 2618 egentes
1459 2552 1486 2598 et
1493 2522 1591 2598 milites
1602 2539 1643 2598 vi-

68 2650 132 2699 τις,
142 2631 186 2684 νῦν
202 2624 249 2703 μὲν
259 2623 309 2696 τὴν
320 2629 372 2684 τῶν
388 2627 487 2696 ἠθικῶν
501 2629 537 2692 ὡς
546 2633 685 2704 χορευταῖς
710 2627 845 2704 γλυκυραν
898 2617 988 2697 deam,
998 2617 1080 2678 modo
1093 2620 1237 2680 moralium
1252 2639 1344 2678 rerum
1361 2633 1469 2678 cantum
1484 2640 1594 2679 suavem
1610 2633 1642 2678 ut

67 2705 132 2764 νίαν
147 2705 319 2787 προτίθεμσι,
333 2711 377 2765 νῦν
392 2702 420 2764 δὲ
438 2703 487 2776 τὴν
504 2703 667 2783 δογματικὴν
682 2713 740 2771 ταῖς
754 2707 846 2772 ἀκοαῖς
897 2698 1008 2758 choreas
1021 2700 1162 2778 agentibus
1172 2718 1303 2780 propono,
1313 2697 1393 2758 modo
1403 2696 1585 2777 dogmaticam
1597 2721 1644 2756 au·

68 2782 260 2866 αῦστηράτητα
270 2827 279 2855 ,
290 2782 411 2863 καθάπερ
425 2784 569 2865 σάλπιγγος
582 2783 680 2864 φωνὴν,
691 2788 846 2864 θπηχοῦμεν
897 2777 975 2837 ribus
1019 2799 1097 2838 rsono
1110 2779 1298 2854 severitatem,
1312 2792 1338 2841 et
1353 2778 1424 2836 tubae
1435 2780 1598 2858 clangorem,
1613 2794 1644 2859 ιιι

64 2863 202 2930 ὁπλίταις.
217 2863 263 2932 Ἐξ
275 2863 431 2943 ἀμφοτέροιν
444 2864 496 2942 γάρ
514 2872 530 2936 ἡ
553 2869 600 2936 τῆς
612 2863 744 2930 εὐσεῦείας
755 2863 845 2924 συντέ·
898 2856 978 2917 militi
1002 2880 1041 2918 us.
1052 2859 1098 2919 Ex
1118 2872 1231 2938 utroque
1243 2858 1316 2916 enim
1330 2857 1437 2939 pietatis
1451 2858 1537 2917 forma
1547 2859 1644 2919 consti·

67 2950 157 3004 θειται
172 2940 319 3024 μάρρονσις,
333 2946 385 3002 τῶν
403 2941 451 3021 μὲν
473 2947 571 3014 ἠθικῶν
586 2943 634 3016 τὴν
657 2951 703 3004 τοῦ
724 2942 853 3021 σώματος·
899 2937 1000 3012 tuitur,
1014 2938 1162 2999 moralibus
1179 2937 1300 3019 corporis
1316 2936 1439 2997 ordinem
1452 2938 1495 3013 ⁸im
1516 2938 1642 3013 lentibus,

67 3022 147 3093 τάξιν
160 3021 390 3103 ἀναπληρούντων,
401 3027 448 3095 τῆς
459 3024 488 3083 δὲ
500 3025 579 3083 τῶνδ
613 3023 845 3103 αᾶτωνπαραζεύ-
899 3015 1124 3097 dogmatibusque
1146 3017 1282 3099 adjunctis
1309 3017 1346 3077 ad
1363 3017 1459 3077 auimae
1502 3019 1643 3097 ignitatcm

66 3101 136 3173 ξειυς
150 3104 217 3181 ἔνι-ᾖ
230 3107 278 3175 τῆς
292 3105 379 3183 ψυχῆς
394 3102 556 3182 τεταγμένης
576 3048 644 3182 dile.
657 3101 784 3206 Καθάπερ
793 3101 845 3183 γδιρ
899 3097 1106 3157 conferentibus.
1116 3097 1193 3158 Sicut
1208 3097 1281 3158 enim
1293 3118 1407 3178 corpore
1415 3097 1453 3176 ab⁸
1462 3097 1553 3157 anima
1565 3119 1642 3178 sepa·

66 3182 196 3261 σάιματος
216 3182 420 3261 ἀποζευχθέντος
433 3186 537 3263 ψυχῆς,
553 3186 642 3255 ἡ,τῶν
656 3186 744 3262 μελῶν
758 3206 845 3263 αχρη·
898 3190 968 3251 rato,
984 3178 1167 3238 membrorum
1185 3177 1343 3257 compositio
1361 3176 1466 3236 inutilis
1486 3177 1577 3255 luerit,
1592 3178 1643 3237 etsi

64 3253 161 3342 στοςῇ
175 3261 224 3321 κάν
234 3266 375 3332 ἐπαινῆται
384 3262 499 3336 συνθήκη
510 3288 517 3301 ·
529 3263 597 3323 οὕτω
608 3263 652 3322 καὶ
664 3267 711 3335 τῆς
723 3265 776 3321 τῶν
787 3265 844 3333 ἠθι-
862 3284 880 3331 Ε
897 3279 927 3316 ea
950 3257 1076 3318 laudetur
1087 3281 1093 3313 :
1103 3257 1142 3317 sic
1155 3271 1182 3316 ct
1200 3257 1345 3317 moralium
1366 3278 1456 3316 rerum
1475 3256 1566 3335 decor,
1589 3257 1642 3316 nisi

65 3346 125 3403 κῶν
141 3345 236 3425 ἀρετῆς
249 3342 280 3403 τδ
289 3343 385 3410 κάλλος
395 3343 485 3423 νεκρὸν
498 3348 531 3416 τῆ
544 3348 596 3403 τῶν
611 3343 748 3422 δογμάτων
766 3342 845 3401 δυνά·
897 3336 1056 3414 dogmatum
1066 3337 1096 3397 vi
1114 3337 1251 3412 fulciatur,
1272 3350 1409 3397 emortuus
1422 3350 1472 3396 est.
1488 3337 1556 3409 Quae
1569 3332 1642 3398 euim

66 3446 116 3502 μαι
131 3420 169 3500 μὴ
188 3421 363 3524 μαχούμενον.
378 3423 403 3480 Τ
406 3423 414 3480 ί
432 3422 484 3504 γὰρ
502 3409 594 3503 άρελος
614 3426 685 3493 ἠθῶν
700 3432 843 3501 σωφρονεῖν
899 3418 1003 3478 utilitas
1022 3430 1061 3476 est
1073 3417 1218 3476 moralium
1228 3438 1289 3496 quae
1301 3416 1504 3497 temperantiam
1516 3416 1640 3491 doceant,

67 3502 273 3576 παιδιαθεντων,
286 3500 349 3562 άταν
363 3502 408 3562 τὸν
416 3507 463 3574 τῆς
475 3503 645 3605 σωρροσάνης
659 3502 750 3581 κριτὴν
762 3507 776 3561 ὁ
789 3526 844 3561 σω·
898 3497 921 3556 si
936 3496 1118 3579 temperantias
1131 3495 1257 3559 Judioem
1269 3510 1419 3577 temperans
1432 3497 1555 3575 ignoret?
1568 3497 1643 3576 quod

68 3585 174 3662 φρονῶν
190 3586 288 3662 ἀγνοῇ;
302 3581 328 3642 τί
341 3585 389 3652 τῆς
398 3584 574 3660 ίλιημοσυνης
586 3582 616 3643 τὸ
630 3582 736 3662 κέρδος,
753 3583 816 3641 ὅταν
832 3587 846 3642 θ
899 3577 1074 3668 eleemosyna
1084 3575 1191 3637 lucrum
1202 3590 1252 3653 est,
1262 3576 1283 3637 si
1297 3577 1471 3665 eleemosynae
1481 3575 1571 3637 Judex
1581 3599 1643 3637 eon·

67 3666 120 3733 τῆς
128 3663 307 3739 ίλεημοσάνης
322 3661 491 3738 ἀθετοάμενος
505 3666 641 3743 ἀγανακτῇ
653 3662 795 3735 δικαστής;
806 3661 846 3730 τίς
899 3671 998 3729 temtus
1008 3655 1258 3737 indignetur?quid
1262 3658 1345 3748 juvat
1358 3656 1469 3733 milites,
1479 3656 1502 3715 si
1513 3659 1643 3717 strenuis·

65 3739 162 3813 ὄνησις
175 3740 351 3823 στρατυίνιαις
364 3740 492 3821 θπάρξει,
503 3742 602 3816 πολλὴν
620 3741 667 3821 μὲν
681 3741 846 3821 ένδεικνυμέ·
900 3738 967 3798 sime
981 3759 1039 3797 rena
1054 3751 1145 3816 agant,
1152 3735 1220 3796 dum
1231 3735 1333 3796 inimici
1344 3736 1416 3814 regis
1430 3735 1511 3795 sunt?
1524 3737 1643 3798 Virtutis

63 3844 125 3887 νοις
136 3823 240 3900 ἀγαθῶν
255 3821 390 3901 ἐργασίαν,
401 3823 502 3902 ἐχθρῶν
517 3821 544 3882 δὲ
557 3827 596 3902 τῷ
613 3824 731 3902 βασιλεῖ,
743 3823 789 3893 Μὴ
802 3845 845 3880 κε·
900 3817 1007 3876 culmen
1027 3816 1124 3879 inutile
1138 3816 1218 3896 ponis
1232 3815 1267 3876 iis
1286 3815 1333 3893 qui
1348 3836 1401 3874 non
1417 3829 1538 3890 utuntur,
1548 3816 1571 3874 si
1582 3817 1643 3893 qui·

68 3900 216 3982 χρημένοις
244 3900 314 3961 άπαν
333 3900 429 3974 ἔθηκας
450 3903 546 3984 ἀρετῆς
574 3900 705 3981 ἀναιρελάς
719 3900 814 3961 πλεσνέ
831 3935 892 3988 -w,
901 3894 963 3954 dem
980 3909 1050 3955 recta
1065 3895 1192 3974 dogmata
1202 3894 1320 3955 radicem
1330 3915 1382 3953 non
1390 3893 1536 3983 posuerint.
1554 3898 1643 3974 Opor-

69 4004 165 4059 τημα,
192 3985 239 4052 τῆς
272 3986 325 4041 τῶν
353 3979 492 4060 δογμάτων
517 3981 555 4058 μὴ
582 3979 847 4063 ’προσερῤιζωμένης
864 4005 883 4051 ,η
901 3988 938 4035 tet
947 3974 1021 4033 enim
1034 3975 1138 4033 fructus
1149 3995 1183 4033 ex
1197 3973 1289 4033 radice
1325 3972 1440 4033 rosiciaci
1448 3985 1496 4050 ,et
1509 3972 1644 4035 virtutum

67 4058 221 4141 ὀρθότητος.
235 4065 284 4120 Δεῖ
296 4062 346 4143 γάρ
361 4065 391 4122 lx
412 4060 484 4142 ῥίζης
497 4059 557 4128 τοὺς
579 4061 695 4142 καρποὺς
710 4061 847 4141 προϊέναι,
901 4075 1043 4114 nervosex
1060 4076 1090 4113 ca
1111 4054 1148 4112 ite
1164 4053 1283 4135 prodire.
1303 3996 1348 4112 dx
1361 4053 1413 4112 hoe
1426 4074 1474 4112 nos
1504 4052 1642 4129 endentes,

69 4139 118 4200 καὶ
134 4141 168 4200 rh
191 4147 269 4223 νεῦρα
293 4146 346 4201 τῶν
362 4143 463 4221 ἀρετῶν
481 4145 511 4202 ἐκ
536 4144 653 4215 κεφαλῆς
668 4144 845 4222 ἀφορμᾶσθαι.
901 4134 1003 4195 ethuic
1015 4076 1136 4194 membra
1144 4133 1400 4224 honorumoperum
1410 4075 1644 4214 copulintesfflie·

68 4218 181 4294 Ταύτης
194 4226 272 4297 ἡμεῖς
295 4221 506 4303 ἐκκρεμάμενοι,
531 4222 576 4281 καί
602 4221 636 4280 rh
659 4226 712 4281 τῶν
726 4219 846 4302 πράξεων
901 4214 965 4274 tatis
987 4228 1075 4274 totum
1102 4235 1199 4295 corpus
1215 4215 1397 4294 perstemus,
1416 4213 1537 4293 corporis
1564 4227 1645 4293 eaput

70 4301 139 4380 αὐτῇ
152 4301 351 4382 συνυραίνοντες
363 4300 445 4378 μελη,
457 4301 487 4360 τὸ
498 4306 545 4373 τῆς
559 4299 690 4369 εὐσεῦιίας
702 4300 846 4383 ὁλόκληρον
902 4294 1041 4356 Christum
1061 4293 1278 4375 complectentes.
1291 4300 1358 4374 Ipse
1371 4300 1449 4352 enim
1469 4307 1527 4366 est,
1543 4293 1643 4372 inquit,
1656 4317 1707 4364 συν,
1721 4328 1741 4360 ν.
1756 4310 1791 4358 ιν.

70 4379 251 4461 ἀπαρτίζσμιν
271 4383 366 4460 σῶμα,
380 4379 429 4453 τὴν
444 4388 489 4441 τσῦ
505 4381 628 4458 σώματος
645 4380 761 4463 κεφαλὴν
779 4383 845 4464 Χρι·
902 4388 990 4455 caput
1008 4378 1137 4454 corporis
1156 4373 1306 4433 Ecclesiae.
1328 4371 1410 4444 Quod
1423 4387 1507 4454 eaput
1527 4372 1646 4434 heretici

69 4459 135 4518 στδν
146 4460 371 4562 περισρίγγσντες.
393 4461 478 4530 Αὐτὸς
492 4461 558 4541 γάρ,
591 4461 661 4534 ησὶν,
679 4461 750 4522 ἐστίν
764 4466 781 4532 ἡ
801 4485 847 4521 κε-
902 4477 954 4514 uon
967 4454 1072 4534 dignati
1082 4468 1145 4513 sunt
1157 4454 1267 4512 hahere.
1282 4452 1411 4512 Precibus
1421 4453 1505 4533 igitur
1517 4475 1585 4535 opus
1596 4455 1645 4514 ha·

69 4538 145 4619 φαλὴ
164 4545 209 4599 τοῦ
234 4563 357 4620 σωματος
376 4545 424 4612 τῆς
448 4486 627 4614 Ἔκκλησίίις·
642 4542 670 4602 δν
685 4540 756 4619 ἔχειν
773 4544 847 4622 αίρε-
901 4534 977 4609 bent,
993 4548 1023 4593 ut
1036 4555 1069 4593 ne
1082 4533 1230 4594 Christiani
1244 4532 1383 4614 appellati,
1399 4547 1491 4596 eontra
1506 4534 1646 4593 Christum

69 4619 142 4678 τικοὶ
161 4619 277 4701 κεφαλὴν
293 4620 458 4692 ἀπηξίωσαν.
479 4624 570 4700 Repu<
593 4620 641 4699 μέν
655 4613 697 4680 οὖν
718 4621 788 4690 ἄξιον
807 4619 846 4698 μὴ
903 4615 1045 4675 insaniant.
1059 4615 1139 4673 Nunc
1153 4628 1243 4673 autem
1259 4613 1353 4692 gratiae
1373 4613 1429 4672 illis
1439 4612 1475 4672 de
1485 4613 1588 4672 insania
1597 4634 1647 4672 sua

68 4704 181 4758 τοιαῦτα
202 4701 375 4779 Χριστιανοὺς
387 4689 562 4780 καλουμένους
579 4699 648 4761 κατὰ
663 4702 848 4779 Χριστοῦμε-
903 4693 1033 4755 habendae
1044 4707 1118 4772 sunt,
1129 4694 1192 4772 quia
1203 4694 1272 4754 dum
1280 4692 1370 4753 rabidi
1384 4693 1493 4767 instant,
1505 4707 1535 4751 ut
1550 4692 1648 4772 vigile-

70 4778 195 4857 μηνέναι.
211 4783 266 4840 Νῦν
287 4781 315 4843 δέ
328 4781 374 4841 καί
387 4781 465 4861 γάριν
481 4783 567 4850 αὐτοῖς
582 4785 629 4852 τῆς
643 4778 738 4858 μανίας
752 4779 847 4852 ἰστέον,
903 4797 964 4835 naus
978 4774 1114 4834 efficiunt:
1127 4773 1163 4832 ad
1172 4794 1292 4854 pugnam
1302 4773 1374 4832 enim
1383 4771 1589 4832 desiderabilem
1599 4794 1647 4831 nos

66 4859 113 4921 άτι
127 4864 246 4920 ποιοῦσιν
260 4866 331 4938 ἡμᾶς
356 4849 527 4941 ἐγρηγορέναι
540 4865 706 4934 λυσσῶντες,
725 4859 767 4921 ὅτι
782 4859 848 4940 πρὸς
903 4855 1016 4929 incitant
1027 4878 1034 4912 :
1045 4874 1165 4934 pugnam
1180 4852 1253 4913 enim
1274 4874 1336 4911 arno
1388 4872 1418 4910 ce
1426 4851 1575 4926 meliorem,
1591 4853 1648 4912 hel·

68 4939 165 5019 μάχην
172 4940 302 5014 *ποθεινὴν
320 4941 472 5041 ἐρεθίζουσι.
484 4943 563 5001 buu
574 4940 625 5020 γάρ
642 4939 732 5020 μάχην
744 4941 849 5021 εἰρήνης
903 4935 962 4994 lum
983 4934 1070 5013 diligo
1089 4933 1200 4993 caritate
1216 4931 1330 4992 beatius.
1351 4874 1518 4995 hinleutiam
1533 4931 1650 4991 libenter

68 5018 209 5100 βελτίονα,
224 5023 298 5122 ριλῦγ
306 5023 423 5100 πολεμον
437 5021 543 5100 ἀγάπης
557 5019 766 5102 μακαριώτερον,
780 5023 849 5098 φιλῶ
903 5013 994 5092 allero,
1009 5036 1070 5095 quae
1091 5013 1165 5095 apud
1181 5011 1294 5092 gentiles
1316 5010 1343 5071 in
1362 5012 1463 5070 honore
1478 5011 1593 5071 habetur
1614 5012 1649 5072 ob

113 5097 120 5117 Ι
792 5097 800 5121 Ι

65 5124 180 5181 γνωμην
191 5123 336 5179 πομπευειν
352 5103 418 5183 πρὸς
434 5100 482 5180 μὲν
496 5100 633 5175 Ἕλληνας
652 5123 847 5180 σεμνυνομενην
868 5113 885 5162 Β
904 5095 1041 5156 Christum
1047 5118 1057 5174 3
1072 5090 1144 5175 apud
1159 5114 1207 5155 nos
1221 5105 1310 5152 autem
1320 5089 1588 5168 dissidiorumcausa
1599 5104 1650 5170 est,

106 5305 120 5332 ·
136 5288 232 5356 [savo.
247 5298 276 5343 θ·
290 5291 400 5363 urull-l
