3728 5978
576 482 620 535 ιιι
646 486 753 534 aanor.
783 482 828 529 an
854 478 936 527 nou.
964 476 1083 527 ιιοιιιι.
1110 476 1207 527 xxxi.
1616 452 1685 523 823

88 614 386 711 δοιοςμόμνοιπμλς
396 611 457 682 νοός
467 580 628 680 όποοτόλοος
639 636 671 673 eo
671 609 833 694 θ”ςθπέρ
787 632 832 670 του
845 632 893 680 ιιη-
944 606 1036 680 nores,
1058 625 1120 665 cum
1139 604 1267 712 apostolis
1284 615 1388 687 portem
1411 602 1558 664 laborum
1550 622 1578 662 tn
1592 601 1688 683 praedi·

88 668 256 821 ἰράῃιιιτος
275 706 385 774 πόνοις·
408 703 454 766 tm
476 705 613 767 τοῦτοκαὶ
628 702 874 782 euvunsdslpms'
845 724 894 761 αυ-
944 701 1048 759 catione
1064 699 1253 804 suscipimtm:
1268 699 1382 778 ideoque
1395 717 1449 756 una
1463 718 1524 757 curn
1537 696 1594 756 illis
1607 715 1689 778 pere-

88 764 195 911 :mie,
214 799 312 861 καὶτὰ
327 799 397 859 άλλα
415 796 505 859 πάντα
523 797 699 869 διηκονοῦντο.
721 795 776 856 Καί
793 793 894 856 aaron
944 793 1129 871 gnnabmmr,
1141 804 1167 852 et
1180 793 1208 852 in
1224 791 1335 871 reliquis
1350 790 1475 850 omnibus
1488 788 1687 849 ministrabant.

88 860 287 995 :xpmo'stt
308 887 467 963 ἠκολούθουν
481 898 600 969 γυναῖκες
614 891 709 948 ἐκτῶν
722 884 894 967 ὑπαρχόντων
946 886 982 945 Ει
995 886 1134 946 Christum
1153 905 1261 965 quoque
1275 885 1453 964 sequebantur
1468 883 1605 957 mulieres,
1630 902 1691 962 qum

88 954 218 1087 :eisaie
229 980 446 1063 θιακονούμιναι,
458 980 505 1040 καί
513 978 705 1061 θεραπεύουσαι
714 979 760 1039 τθν
771 976 897 1038 διθάσκα·
945 1000 980 1038 ex
988 978 1045 1038 suis
1053 977 1228 1038 facultatibus
1237 976 1435 1052 ministrabant,
1448 988 1474 1035 et
1480 975 1585 1035 doctori
1593 974 1693 1035 servie-

88 1049 181 1183 ἱλον.
201 1074 370 1137 Ἀσπάσασθε
387 1070 550 1154 Ἀνδρόνικον
572 1070 617 1130 καί
631 1069 797 1130 Ἰουνίαν
757 1093 817 1137 τους
831 1093 896 1150 σογ-
945 1074 1020 1134 bant.
1029 1072 1407 1134 lSalutatcAndromcum
1417 1084 1445 1131 et
1453 1072 1577 1131 Iuniam
1588 1090 1694 1152 cogita

88 1144 212 1247 Ι’γοναῖς
226 1190 286 1245 μου
310 1169 390 1226 Δοκεῖ
412 1163 461 1243 μὲν
474 1163 610 1224 καὶτοῦτο
624 1162 754 1243 ἐγκύμων
771 1152 898 1222 sinet-en
949 1181 994 1227 tos
1005 1188 1093 1228 meos.
1102 1166 1162 1226 Hoc
1173 1187 1281 1245 quoque
1295 1164 1446 1224 encomium
1460 1163 1655 1223 videturesse.
1667 1173 1695 1220 ιι
1721 1230 1727 1237 ,

88 1238 260 1341 ι’δίἰφιξῆι
273 1260 365 1338 milti>
380 1259 476 1336 portos.
502 1258 583 1317 ῙῙο00ι
600 1254 628 1315 δὲ
645 1261 738 1329 τοῧτο3
750 1254 898 1316 ’Καὶσυν-
949 1261 1037 1322 multo
1059 1260 1147 1340 majus
1160 1257 1287 1339 estquod
1299 1256 1430 1337 sequitur.
1450 1255 1537 1335 Quale
1550 1253 1621 1314 illud
1634 1253 1696 1313 est?

88 1338 108 1375 ¹³
94 1349 317 1432 αιιιιαλωτοοι
339 1373 400 1429 μου
427 1351 513 1409 Τοῦτο
531 1347 582 1427 γὰρ
596 1352 610 1407 ὁ
626 1348 749 1428 μέγιστοι
761 1346 898 1427 στέφανοι,
951 1355 1249 1433 concaptivosmeos:
1242 1350 1401 1409 haeenim
1409 1348 1696 1422 maximaesteorom,

88 1434 147 1561 :l
169 1442 272 1522 nmen
294 1444 396 1525 &mlle
397 1441 459 1511 ⁰5²⁶·
483 1439 538 1501 Καὶ
551 1464 601 1500 που
585 1439 719 1519 Υίιθνῑί
731 1440 901 1520 αἰχμάλωτα
915 1445 934 1492 Β
949 1460 976 1507 et
984 1467 1082 1527 magna
1094 1444 1271 1528 proclamatio
1281 1457 1330 1503 est.
1348 1443 1383 1502 Et
1393 1428 1506 1502 ubiirarn
1513 1441 1636 1523 captivus
1643 1440 1697 1500 luit

88 1524 257 1610 ιι,ῙῙοιύλοι
291 1537 334 1597 ἵνα
366 1535 447 1617 εἴτις,
480 1534 551 1602 Tabe
578 1531 813 1616 συναιχμαλῶτωι
837 1555 902 1609 μοις
951 1539 1071 1616 Paulus,
1088 1552 1119 1597 ut
1133 1537 1215 1614 dicat,
1230 1538 1425 1616 concaptivos
1444 1541 1548 1594 meos?
1564 1533 1696 1640 Captivos

88 1618 352 1748 ξ’Ᾱίχμᾶλοντοι
323 1653 370 1703 μιν
384 1651 433 1687 ουκ
445 1626 563 1707 ἐγενετο
578 1626 759 1708 αἰχμαλώτων
773 1625 800 1685 δὲ
810 1626 901 1703 πολλω
952 1630 1062 1711 quidem
1079 1652 1133 1691 non
1151 1631 1255 1708 suerat,
1279 1629 1327 1689 sed
1350 1628 1473 1732 grauiora
1492 1648 1574 1708 quam
1596 1627 1697 1710 captivi

88 1711 307 1802 ιχαλεπώτερα
329 1722 506 1801 ἔτασχεν,’
480 1744 509 1779 oo
534 1718 659 1802 πατρίδος
685 1717 902 1796 ἀλλοτριούμενος
951 1742 1046 1803 passus
1068 1733 1141 1795 erat,
1157 1741 1211 1780 non
1232 1720 1340 1780 modoa
1357 1720 1445 1802 patria
1473 1719 1641 1780 abalimatus
1671 1730 1698 1778 et

88 1808 107 1889 {⁶
131 1812 211 1891 μόνον
222 1813 267 1873 καί
279 1812 362 1878 οἰκίαι
372 1858 380 1885 ,
391 1810 516 1871 ἀλλὰκαὶ
525 1814 597 1892 λιμῷ
606 1808 728 1870 παλαίων
740 1808 786 1869 καί
797 1808 902 1888 θανάτῳ
951 1813 1050 1891 domo,
1072 1812 1121 1872 sod
1142 1826 1243 1872 etcum
1261 1813 1332 1871 same
1345 1810 1484 1871 decertans
1494 1825 1521 1871 et
1540 1833 1604 1871 cum
1612 1825 1698 1871 morte

88 1903 104 1938 ²
131 1903 307 1976 eminatiost
322 1903 424 1984 μυρίοις
438 1901 544 1982 λτέροιτ
566 1903 623 1962 Τοῦ
635 1899 683 1978 μὲν
697 1901 749 1983 γὰρ
762 1898 903 1981 αἰχμαλύ
952 1905 1072 1982 assidua,
1090 1918 1195 1965 αιτιοι
1218 1903 1366 1963 innumeris
1388 1903 1460 1962 aliis
1487 1904 1602 1984 captivo
1626 1902 1699 1964 mim

88 1976 102 2032 l
129 2018 178 2056 του
191 1995 369 2075 τοῦτομόνον
389 1993 601 2066 ἐστίτθ,δεινθν
616 1995 719 2054 ὅτιτῶν
734 1992 837 2054 οἰκείων
852 1995 903 2051 ἀλ·
952 1998 1005 2058 hoe
1025 1998 1114 2058 solum
1139 2017 1221 2078 grave
1242 2010 1282 2056 est
1292 1994 1412 2077 ,quoda
1430 1995 1586 2056 domesticis
1607 1997 1700 2077 sejun-

88 2087 333 2170 ’λοιμούμενοτι
355 2087 493 2155 θοῦλοτ’
466 2111 567 2168 γινιται
583 2085 712 2154 πολλάκις
727 2089 784 2147 ἀντ
800 2085 904 2146 ἐλευθέ-
953 2104 1026 2162 ctus,
1036 2087 1438 2170 servussaepeproliberobat:
1446 2087 1591 2148 hicautem
1600 2088 1701 2149 imbres
1741 2102 1779 2146 τι
1779 2101 1851 2145 uu-

88 2192 196 2261 ἱ’900
211 2184 323 2241 ἐνταῦθα
338 2179 365 2241 δί
378 2180 456 2258 tetii
442 2179 663 2248 δύστιιαιιίπεῑν
677 2203 844 2262 rumpent,
862 2179 906 2246 οὓς
954 2183 1133 2243 tentationum
1143 2179 1340 2262 dicerepossis,
1351 2169 1776 2260 ιμιιιιἰιιιιιιιιἱίἰσιιιίιίνὶι,ΙΗΜ

88 2263 528 2353 ύπέμενενὸμαιςάριοςούτος,
545 2273 731 2353 ἀγάμενοςκαί
746 2269 906 2352 περιαγόμι·
954 2288 1088 2356 raptatus,
1104 2273 1293 2351 circumactus,
1308 2272 1478 2353 flagellatus,
1491 2273 1598 2334 vinctus
1604 2274 1701 2357 ‚lapi-

88 2380 91 2411 ¹
130 2388 194 2436 νος,
219 2365 427 2446 μαστιγούμενος
446 2364 492 2425 καὶ
514 2365 705 2445 δεσμούμενος,
726 2364 905 2441 λιθαζόμινος,
956 2365 1094 2443 datus,1n
1115 2387 1189 2426 mare
1208 2365 1524 2443 dernersus,innumeros
1547 2365 1703 2428 babensin-

88 2474 91 2503 ι
132 2457 427 2535 καταποντιζόμενος,
422 2482 457 2516 uo
460 2456 528 2539 ρίοις
548 2456 617 2536 ἔχων
633 2455 795 2523 ἐπιόούλους.
819 2453 908 2514 Kelol
956 2457 1106 2518 sidiatores.
1132 2457 1169 2517 Et
1188 2457 1291 2538 captiui
1314 2456 1426 2537 quidem
1446 2458 1580 2518 neminem
1603 2458 1709 2523 babent·

134 2546 185 2628 μίν
200 2548 367 2628 αἰχμάλωτοι
380 2482 474 2608 ούόίνα
488 2547 580 2608 λοιπόν
596 2547 685 2628 ἔχουσι
698 2546 825 2626 πολέμιον
840 2542 908 2624 μετά
922 2555 942 2604 C
957 2549 1143 2611 adversarium
1172 2564 1316 2632 postquam
1341 2550 1452 2610 abducti
1478 2565 1550 2630 sunt,
1574 2551 1623 2613 sed
1644 2552 1702 2614 illia

88 2661 90 2669 ·
132 2640 185 2712 τὴν
197 2639 358 2720 ἀπαγωγὴν
369 2640 438 2699 ἀλλὰ
447 2638 492 2698 καί
502 2643 603 2711 πολλης
613 2638 776 2699 απολαυουσι
786 2661 909 2722 προνοιας
958 2641 1106 2702 admodum
1129 2640 1542 2723 provideturab“11s,qu1illos
1559 2658 1702 2726 ceperuntt

132 2730 260 2815 παρία”
224 2755 277 2792 των
292 2731 481 2812 ιίληρύιων’
452 2731 558 2799 αυτούς·
578 2721 692 2798 abscedi
707 2733 734 2790 ἐν
749 2730 840 2811 μίσοις
856 2754 908 2792 ττι·
959 2733 1005 2793 bic
1028 2754 1093 2794 vero
1106 2732 1255 2814 saepeinter
1275 2733 1378 2793 medios
1394 2734 1554 2794 versabatur
1566 2735 1665 2813 hostes,
1678 2748 1705 2796 et

135 2823 304 2905 ριτστρέφττο
322 2832 377 2892 τοῖς
396 2822 532 2903 πολεμίοις
546 2825 689 2897 διηνεκως,
714 2823 909 2904 καίπανταχόύ
958 2825 1060 2904 ubique
1071 2823 1163 2884 hastas
1178 2823 1291 2885 videbat
1305 2838 1331 2884 ct
1343 2839 1435 2885 acutos
1448 2825 1569 2906 gladios,
1585 2827 1705 2908 aciesque

135 2915 235 2998 δόρατα
249 2915 364 2988 ἐόλεπε,
378 2940 424 2976 και
414 2915 497 2996 ξίφη
511 2914 678 2993 ἠκονημένα,
695 2914 790 2974 καίπα
792 2914 911 2996 ρατάξεις
959 2931 985 2978 et
998 2937 1112 3000 pugnas.
1129 2917 1233 2992 Quia
1225 2918 1311 2998 igitur
1333 2917 1480 2980 consimile
1494 2921 1621 2982 eratillos
1634 2921 1705 2981 mul-

134 3006 239 3068 κάλ’
201 3032 299 3089 μαχας.
329 2999 456 3069 ’emt
426 3031 470 3067 ουν
490 3008 537 3067 καί
553 3006 660 3075 τούτους
680 2939 806 3079 εἰκθίρῆν
804 3009 910 3067 πολλῶν
959 3023 1049 3070 ιοιιιιιι
1067 3009 1153 3090 ipsius
1175 3007 1359 3090 periculorum
1380 3023 1514 3070 consortes
1531 3010 1628 3088 fuisse,
1642 3033 1705 3073 con-

135 3104 211 3182 αὐτῷ
224 3102 444 3174 κεκοινωνηκέναι
459 3100 597 3171 κινδύνων,
616 3099 913 3181 συναιχμαλώτουςαίι·
961 3101 1081 3182 captivos
1094 3099 1156 3159 illos
1178 3113 1272 3171 vocat,
1288 3113 1321 3159 ut
1341 3113 1367 3159 et
1380 3100 1446 3160 alibi
1468 3101 1550 3162 dicit:
1543 3103 1701 3165 ·Arr'star·
1719 3127 1802 3190 emt
1820 3140 1855 3173 ro.

135 3192 305 3268 contraisti,
332 3191 422 3274 ὥσπερ
436 3193 483 3253 καί
496 3195 724 3274 ἀλλαχοῦρησιν·
739 3190 912 3276 Ἀρίσταρχος
962 3195 1034 3254 ebus
1047 3194 1239 3271 concaptivus
1251 3211 1341 3251 meus.
1357 3192 1418 3252 Alia
1435 3193 1705 3277 deindelaussequi·

137 3291 153 3346 δ
175 3285 393 3368 συναιχμάλωτός
411 3309 471 3365 μου.
492 3275 717 3368 Ηίτακαίίτερος
731 3284 852 3354 ίπαινος·
845 3285 915 3347 Οἰ·
962 3297 1024 3344 tur:
1043 3284 1101 3361 Qui
1113 3294 1182 3342 sunt
1203 3285 1332 3362 insignes
1353 3286 1432 3342 inter
1444 3287 1600 3366 apostolos.
1621 3287 1705 3368 Atqui

137 3379 209 3446 τινός
228 3382 294 3438 εἰσιν
315 3377 445 3456 ἐπίσημοι
458 3382 485 3439 ἐν
501 3387 554 3445 τοῖς
567 3378 731 3446 ἀποστόλοις.
753 3378 849 3439 Καίτοι
868 3379 915 3440 καί
947 3376 1005 3439 vel
1014 3373 1149 3457 apostolos
1157 3374 1378 3453 fursaemagnum
1387 3389 1465 3455 erat
1481 3391 1552 3438 mter
1562 3400 1607 3440 eos
1615 3394 1706 3442 autem

137 3469 172 3529 τὸ
190 3471 349 3538 ἀποστόλους
363 3461 479 3529 εἶναι’
445 3493 529 3550 μεγα,
551 3470 582 3530 τὸ
595 3469 623 3530 δέ
638 3470 685 3531 καί
703 3472 730 3529 ἐν
740 3470 843 3541 τούτοις
854 3476 914 3533 ἐπι-
961 3469 1079 3550 insignes
1096 3488 1165 3543 esse,
1179 3467 1267 3546 cogita
1277 3481 1409 3547 quantum
1429 3422 1466 3529 sii
1478 3472 1648 3532 encomium:
1664 3475 1706 3536 in-

139 3561 243 3640 σόμους
253 3553 330 3635 εἶναι,
345 3561 468 3634 ἐννόησον
482 3561 572 3635 ἡλίκον
584 3560 731 3643 ἐγκύμων·
746 3563 873 3644 ἐπίσημοι
884 3566 912 3627 dl
960 3561 1050 3641 signes
1068 3580 1150 3642 porro
1177 3571 1254 3619 erant
1271 3559 1306 3618 ab
1333 3561 1478 3641 operibus,
1492 3585 1506 3623 a
1518 3579 1588 3626 recte
1616 3568 1704 3630 facus.

137 3647 208 3728 ἦσαν
220 3655 273 3716 ἀπὸ
281 3658 332 3714 τῶν
345 3653 438 3735 ἔργων,
447 3652 501 3714 ont
510 3658 562 3714 τῶν
574 3654 797 3736 κατορθωμάτων.
813 3655 912 3733 bedul,
927 3661 948 3709 D
961 3649 1059 3735 Papae!
1073 3665 1174 3732 quanta
1198 3651 1322 3711 mulieris
1340 3651 1455 3733 hujusce
1474 3655 1663 3741 philosophia,
1676 3674 1707 3719 ut

138 3745 211 3818 πόση
231 3751 279 3819 τῆς
298 3745 419 3825 γυναικὸς
438 3743 536 3818 ταύτης
555 3745 739 3827 ἡριλοσορία,
759 3751 795 3816 ὡς
807 3747 912 3819 καὶτῆς
960 3743 1232 3825 etiamapostolomm
1244 3743 1708 3832 nnmineappellaretur.Nequebic

138 3841 194 3897 τῶν
206 3837 360 3899 ἀποστόλων
375 3837 518 3909 ἀξιωθῆναι
531 3838 719 3918 προσηγορίας.
738 3837 793 3900 Καί
802 3840 860 3901 οὐδὲ
872 3843 912 3900 ἐν·
960 3838 1076 3920 gradum
1091 3837 1162 3897 sistit
1170 3882 1179 3914 ,
1191 3837 1239 3897 sed
1262 3837 1345 3896 aliam
1369 3861 1462 3901 rursus
1476 3839 1586 3904 laudem
1610 3845 1703 3907 addit:

139 3935 226 3989 ταῦθα
239 3928 346 3990 ἵσταται
358 3972 367 4002 ,
388 3931 446 3990 ἀλλ’
461 3926 550 4010 ίτερον
568 3931 649 3990 πάλιν
660 3928 791 4009 ἐγκύμων
803 3932 913 4014 προστί-
965 3934 1021 4012 Qui
1034 3935 1124 3991 etiam
1134 3943 1204 3990 αιιισ
1218 3951 1264 3989 me
1281 3933 1406 4012 sumunt
1416 3936 1449 3993 in
1464 3936 1588 3999 Christo.
1600 3936 1708 4002 Etenim

142 4027 224 4095 θησι,
238 4020 338 4101 λέγων·
351 4024 387 4081 Ol
399 4021 445 4081 καί
457 4021 511 4103 πρὸ
527 4025 591 4102 ἐμοῦ
604 4020 741 4102 γεγόνασιν
751 4025 778 4083 ἐν
792 4024 911 4106 Χριστῷ.
963 4038 990 4084 et
1005 4023 1064 4082 baec
1081 4022 1141 4081 laus
1155 4035 1196 4080 est
1210 4022 1340 4096 maxima,
1353 4025 1508 4105 praesiliisse
1527 4040 1553 4087 ct
1567 4042 1628 4089 ante
1640 4031 1708 4092 alios

142 4111 198 4174 Καὶ
218 4111 270 4194 γάρ
282 4111 329 4171 καί
342 4119 419 4174 τούτο
429 4114 534 4181 ἔπαινος
546 4114 685 4194 μέγιστος,
698 4113 730 4174 τὸ
741 4117 913 4195 προπηδῆσαι
962 4114 1079 4175 venisse.
1097 4112 1237 4194 Perpende
1249 4127 1340 4173 autem
1353 4114 1421 4174 mihi
1435 4115 1540 4177 beatam
1558 4119 1635 4180 illam
1648 4124 1708 4182 ani.

143 4205 189 4267 καί
200 4204 253 4287 πρὸ
266 4208 319 4265 τῶν
334 4205 421 4266 ἄλλων
436 4209 530 4267 ἐλθεῖν.
552 4203 653 4266 Σκόπει
670 4205 699 4267 θί
712 4230 758 4286 μοι
770 4204 819 4282 τὴν
836 4208 914 4286 ἁγίαν
964 4226 1046 4282 mam,
1065 4226 1148 4284 quam
1162 4226 1258 4265 avana
1286 4205 1371 4284 gloria
1387 4230 1457 4290 pura
1478 4209 1618 4292 alienaque
1631 4230 1708 4277 esset.

142 4296 231 4379 ψυχὴν
244 4301 302 4364 πῶς
317 4295 464 4365 κενοδοξίας
475 4289 508 4371 ἦν
520 4297 634 4379 καθαρά.
658 4297 736 4359 Meri
749 4298 914 4383 γθμτλντο-
964 4302 1029 4362 Ροιι
1043 4312 1145 4359 tantam
1170 4297 1243 4358 enim
1265 4299 1402 4379 talemque
1422 4301 1537 4381 gloriam
1561 4304 1628 4366 alios
1655 4306 1711 4368 sibi

143 4389 242 4461 σαύτην
256 4390 302 4449 καί
319 4389 481 4463 τηλικαύτην
500 4388 577 4458 δόξαν
602 4387 706 4472 ἑτίρους
719 4393 813 4452 ἑαυτοῦ
825 4392 914 4472 προτί-
964 4391 1112 4476 praeponit,
1127 4410 1176 4450 nec
1189 4389 1306 4450 occultat
1319 4391 1396 4470 quod
1409 4393 1467 4474 ipse
1480 4407 1542 4476 post
1551 4395 1619 4458 alios
1629 4420 1710 4461 rene·

144 4488 221 4556 θησι,
234 4477 281 4540 καί
291 4482 339 4541 ούκ
349 4479 704 4562 σίποκρύιιττταιτὸύστερος
725 4485 810 4543 αὐτῶν
821 4485 915 4558 ἐλθεῖν,
966 4483 1018 4561 rit,
1035 4502 1120 4562 neque
1134 4479 1218 4563 pudet
1238 4481 1329 4563 ipsum
1351 4483 1404 4542 boc
1424 4485 1556 4548 confiteri.
1584 4488 1622 4549 Et
1643 4492 1711 4571 qnid

144 4573 203 4632 otte
224 4572 376 4653 αἰσχύνεται
389 4579 466 4633 τοῦτο
484 4575 629 4654 ὁμολογῶν.
653 4573 707 4634 Kal
722 4573 748 4633 τί
762 4575 915 4656 θαυμάζεις,
967 4575 1094 4651 miraris,
1105 4574 1127 4634 ai
1142 4592 1195 4633 ιιοιι
1220 4571 1302 4654 pudet
1318 4572 1424 4655 ipsum,
1441 4575 1550 4656 quando
1564 4594 1591 4639 ct
1613 4583 1711 4663 pristi'-

144 4667 168 4723 εἰ
188 4687 267 4724 τουτο
287 4667 334 4724 οὐκ
350 4663 519 4745 αἰσχύνεται,
539 4665 604 4724 ὅπου
621 4688 652 4744 γι
665 4665 755 4725 καί
730 4689 775 4726 τοι
789 4667 917 4750 πρότερον
967 4686 1121 4727 namsuam
1138 4665 1225 4727 vitam
1248 4665 1371 4747 palam
1363 4688 1492 4728 incessere
1513 4690 1567 4731 non
1588 4689 1710 4753 recusat,

144 4760 225 4816 αὐτου
249 4755 304 4836 βίον
325 4756 542 4835 ἐκπομπεύειν’
516 4781 545 4816 ου
559 4767 741 4837 παραιτεῖται,
760 4760 916 4843 βλάσφημον
933 4773 953 4824 Ε
969 4781 998 4821 se
1020 4759 1212 4840 blasphemum
1224 4772 1251 4818 et
1264 4774 1482 4840 persequutorem
1502 4765 1624 4824 vocans?
1640 4768 1714 4842 Quia

144 4847 237 4909 ἐαυτον
253 4848 333 4908 καί
318 4847 433 4921 οιωκτην
448 4850 556 4921 καλῶν;
577 4840 698 4909 Επεί
667 4873 712 4910 ουν
726 4854 774 4912 ούιι
792 4842 901 4934 εἶχε”
864 4877 918 4913 των
970 4852 1056 4934 igitur
1080 4870 1133 4911 non
1153 4864 1313 4933 poterateos
1332 4851 1443 4912 aliunde
1467 4852 1520 4912 sibi
1542 4876 1714 4938 preponere,
1792 4904 1801 4923 ,

145 4940 233 4999 αλλων
244 4943 361 5001 ἐντευθεν
373 4939 516 5020 αυτοὺςπ
518 4965 557 5001 οτι
559 4940 648 5014 θέναι,
667 4940 781 5015 ἐζήτησα
794 4945 838 5004 τθν
851 4943 918 5022 μετά
970 4940 1096 5049 quesivit
1110 4963 1173 5001 eum
1188 4941 1237 5020 qui
1261 4955 1321 5022 post
1335 4942 1403 5002 alios
1416 4942 1545 5022 venisset,
1558 4967 1656 5030 nempe
1669 4972 1715 5012 se-

147 5030 206 5098 τοίις
227 5033 321 5101 ἄλλους
345 5032 454 5093 ἐλθόντα
479 5032 581 5108 ἑαυτὸν,
599 5033 643 5092 καί
657 5024 717 5115 ιύρε
737 5035 783 5094 καί
803 5039 918 5098 ἐντεῦθεν
972 5038 1072 5118 ipsum,
1088 5033 1197 5113 illicque
1211 5033 1453 5095 intenitlaudcm
1446 5038 1511 5117 ipsis
1529 5039 1715 5113 tribuendam,

184 5247 194 5270 ι
213 5232 260 5282 Hic
272 5249 322 5285 non
334 5250 411 5299 patrea
424 5234 530 5287 deerant
549 5238 574 5289 in
592 5234 679 5287 llortl.
692 5252 747 5303 qun
767 5253 797 5287 er
817 5236 910 5291 savilio
922 5247 947 5289 ct
957 5252 986 5290 cx
997 5235 1173 5302 blanuseriptis
1184 5235 1357 5287 restituuntur.

338 5334 410 5375 τοτα.
437 5338 478 5377 ιι.
1562 5321 1601 5381 56
