<?xml version="1.0" encoding="UTF-8"?>
<!DOCTYPE html PUBLIC "-//W3C//DTD XHTML 1.0 Transitional//EN"
    "http://www.w3.org/TR/xhtml1/DTD/xhtml1-transitional.dtd">
<html xmlns="http://www.w3.org/1999/xhtml" xml:lang="en" lang="en">
 <head>
  <title>
</title>
<meta http-equiv="Content-Type" content="text/html;charset=utf-8" />
  <meta name='ocr-system' content='tesseract 3.04.00' />
  <meta name='ocr-capabilities' content='ocr_page ocr_carea ocr_par ocr_line ocrx_word'/>
</head>
<body>
  <div class='ocr_page' id='page_1' title='image "./sanctipatrisnos01chrygoog_0252.png"; bbox 0 0 3728 5978; ppageno 0'>
   <div class='ocr_carea' id='block_1_1' title="bbox 541 432 1240 486">
    <p class='ocr_par' dir='ltr' id='par_1_1' title="bbox 541 432 1240 486">
     <span class='ocr_line' id='line_1_1' title="bbox 541 432 1240 486; baseline 0.004 -8"><span class='ocrx_word' id='word_1_1' title='bbox 541 432 572 478; x_wconf 78' lang='lat' dir='ltr'><strong>IN</strong></span> <span class='ocrx_word' id='word_1_2' title='bbox 601 433 687 480; x_wconf 60' lang='lat' dir='ltr'><strong>ACTA·</strong></span> <span class='ocrx_word' id='word_1_3' title='bbox 715 433 975 486; x_wconf 72' lang='lat' dir='ltr'><strong>neosTowntht.</strong></span> <span class='ocrx_word' id='word_1_4' title='bbox 1005 433 1128 479; x_wconf 78' lang='lat' dir='ltr'><strong>ttonttt..</strong></span> <span class='ocrx_word' id='word_1_5' title='bbox 1156 434 1240 481; x_wconf 74' lang='lat' dir='ltr'><strong>XXV.</strong></span> 
     </span>
    </p>
   </div>
   <div class='ocr_carea' id='block_1_2' title="bbox 128 553 898 1185">
    <p class='ocr_par' dir='ltr' id='par_1_2' title="bbox 128 553 898 1185">
     <span class='ocr_line' id='line_1_2' title="bbox 128 553 898 636; baseline 0.005 -21"><span class='ocrx_word' id='word_1_6' title='bbox 128 555 224 634; x_wconf 85' lang='grc' dir='ltr'>ίίύπρου</span> <span class='ocrx_word' id='word_1_7' title='bbox 236 553 286 613; x_wconf 79' lang='grc' dir='ltr'><strong>καί</strong></span> <span class='ocrx_word' id='word_1_8' title='bbox 298 553 483 636; x_wconf 79' lang='grc' dir='ltr'>Ἀντιοχείας,</span> <span class='ocrx_word' id='word_1_9' title='bbox 497 556 588 635; x_wconf 84' lang='grc' dir='ltr'>μηδενί</span> <span class='ocrx_word' id='word_1_10' title='bbox 599 559 737 625; x_wconf 75' lang='grc' dir='ltr'>λαλοῦντες</span> <span class='ocrx_word' id='word_1_11' title='bbox 757 557 898 634; x_wconf 84' lang='grc' dir='ltr'>τὸνλόγον,</span> 
     </span>
     <span class='ocr_line' id='line_1_3' title="bbox 129 646 898 728; baseline 0 -24"><span class='ocrx_word' id='word_1_12' title='bbox 129 647 188 723; x_wconf 79' lang='grc' dir='ltr'>εἰμὴ</span> <span class='ocrx_word' id='word_1_13' title='bbox 200 646 282 723; x_wconf 81' lang='grc' dir='ltr'>μόνον</span> <span class='ocrx_word' id='word_1_14' title='bbox 296 646 451 716; x_wconf 78' lang='grc' dir='ltr'>Ἰουδαίοις.</span> <span class='ocrx_word' id='word_1_15' title='bbox 460 646 561 727; x_wconf 77' lang='grc' dir='ltr'>Ὁρᾷς,</span> <span class='ocrx_word' id='word_1_16' title='bbox 576 646 616 707; x_wconf 74' lang='grc' dir='ltr'><strong>ὅτι</strong></span> <span class='ocrx_word' id='word_1_17' title='bbox 627 652 798 728; x_wconf 79' lang='grc' dir='ltr'>οἰκονομικῶς</span> <span class='ocrx_word' id='word_1_18' title='bbox 811 648 898 707; x_wconf 75' lang='grc' dir='ltr'>πάντα</span> 
     </span>
     <span class='ocr_line' id='line_1_4' title="bbox 129 736 898 821; baseline 0.004 -26"><span class='ocrx_word' id='word_1_19' title='bbox 129 738 205 817; x_wconf 82' lang='grc' dir='ltr'>γέγονε</span> <span class='ocrx_word' id='word_1_20' title='bbox 216 736 252 796; x_wconf 72' lang='grc' dir='ltr'><strong>τὰ</strong></span> <span class='ocrx_word' id='word_1_21' title='bbox 271 739 338 819; x_wconf 81' lang='grc' dir='ltr'>περὶ</span> <span class='ocrx_word' id='word_1_22' title='bbox 349 739 513 821; x_wconf 76' lang='grc' dir='ltr'>Κορνήλιον,</span> <span class='ocrx_word' id='word_1_23' title='bbox 526 743 614 801; x_wconf 84' lang='grc' dir='ltr'>Τοῦτο</span> <span class='ocrx_word' id='word_1_24' title='bbox 634 741 661 802; x_wconf 84' lang='grc' dir='ltr'><strong>δέ</strong></span> <span class='ocrx_word' id='word_1_25' title='bbox 679 742 724 800; x_wconf 84' lang='grc' dir='ltr'><strong>καί</strong></span> <span class='ocrx_word' id='word_1_26' title='bbox 745 743 782 807; x_wconf 84' lang='grc' dir='ltr'><strong>είς</strong></span> <span class='ocrx_word' id='word_1_27' title='bbox 803 742 898 799; x_wconf 71' lang='lat' dir='ltr'><strong>incito·</strong></span> 
     </span>
     <span class='ocr_line' id='line_1_5' title="bbox 131 830 897 914; baseline 0.005 -25"><span class='ocrx_word' id='word_1_28' title='bbox 131 830 177 908; x_wconf 86' lang='grc' dir='ltr'>γίαν</span> <span class='ocrx_word' id='word_1_29' title='bbox 195 834 242 888; x_wconf 86' lang='grc' dir='ltr'><strong>τοῦ</strong></span> <span class='ocrx_word' id='word_1_30' title='bbox 255 833 378 913; x_wconf 78' lang='grc' dir='ltr'>Χριστοῦ</span> <span class='ocrx_word' id='word_1_31' title='bbox 390 875 399 902; x_wconf 89' lang='grc'>,</span> <span class='ocrx_word' id='word_1_32' title='bbox 409 831 455 890; x_wconf 80' lang='grc' dir='ltr'><strong>καί</strong></span> <span class='ocrx_word' id='word_1_33' title='bbox 477 836 513 901; x_wconf 85' lang='grc' dir='ltr'><strong>είς</strong></span> <span class='ocrx_word' id='word_1_34' title='bbox 526 833 687 914; x_wconf 75' lang='grc' dir='ltr'>κατηγορίαν</span> <span class='ocrx_word' id='word_1_35' title='bbox 700 837 752 892; x_wconf 88' lang='grc' dir='ltr'><strong>τῶν</strong></span> <span class='ocrx_word' id='word_1_36' title='bbox 763 833 897 894; x_wconf 79' lang='grc' dir='ltr'>Ἰουδαίων</span> 
     </span>
     <span class='ocr_line' id='line_1_6' title="bbox 132 921 898 1005; baseline 0.008 -25"><span class='ocrx_word' id='word_1_37' title='bbox 132 921 199 980; x_wconf 76' lang='grc' dir='ltr'>ἐστίν.</span> <span class='ocrx_word' id='word_1_38' title='bbox 209 921 299 982; x_wconf 60' lang='grc' dir='ltr'><strong>ζὍτε</strong></span> <span class='ocrx_word' id='word_1_39' title='bbox 310 930 375 1001; x_wconf 83' lang='grc' dir='ltr'>γοῦν</span> <span class='ocrx_word' id='word_1_40' title='bbox 388 924 524 1005; x_wconf 75' lang='grc' dir='ltr'>Στέφανος</span> <span class='ocrx_word' id='word_1_41' title='bbox 538 925 667 1004; x_wconf 79' lang='grc' dir='ltr'>ἀνῃρέθη,</span> <span class='ocrx_word' id='word_1_42' title='bbox 682 924 726 983; x_wconf 74' lang='grc' dir='ltr'><strong>ὅτε</strong></span> <span class='ocrx_word' id='word_1_43' title='bbox 741 927 848 993; x_wconf 89' lang='grc' dir='ltr'>Παῦλος</span> <span class='ocrx_word' id='word_1_44' title='bbox 860 927 898 994; x_wconf 85' lang='grc' dir='ltr'><strong>δίς</strong></span> 
     </span>
     <span class='ocr_line' id='line_1_7' title="bbox 133 1013 897 1095; baseline 0.008 -23"><span class='ocrx_word' id='word_1_45' title='bbox 133 1013 309 1086; x_wconf 82' lang='grc' dir='ltr'>ίιιινδύναισεν,</span> <span class='ocrx_word' id='word_1_46' title='bbox 330 1015 376 1075; x_wconf 74' lang='grc' dir='ltr'><strong>ὅτε</strong></span> <span class='ocrx_word' id='word_1_47' title='bbox 404 1021 429 1076; x_wconf 87' lang='grc' dir='ltr'><strong>οί</strong></span> <span class='ocrx_word' id='word_1_48' title='bbox 453 1017 595 1077; x_wconf 84' lang='grc' dir='ltr'>ἀπόστολοι</span> <span class='ocrx_word' id='word_1_49' title='bbox 619 1016 829 1095; x_wconf 78' lang='grc' dir='ltr'>έμαστίχθησαν,</span> <span class='ocrx_word' id='word_1_50' title='bbox 854 1017 897 1078; x_wconf 76' lang='grc' dir='ltr'><strong>ὅτε</strong></span> 
     </span>
     <span class='ocr_line' id='line_1_8' title="bbox 134 1104 896 1185; baseline 0.005 -23"><span class='ocrx_word' id='word_1_51' title='bbox 134 1105 248 1170; x_wconf 71' lang='grc' dir='ltr'>πολλάκις</span> <span class='ocrx_word' id='word_1_52' title='bbox 263 1107 416 1178; x_wconf 76' lang='grc' dir='ltr'>ἠλάθησαν,</span> <span class='ocrx_word' id='word_1_53' title='bbox 429 1105 489 1166; x_wconf 82' lang='grc' dir='ltr'>τότε</span> <span class='ocrx_word' id='word_1_54' title='bbox 501 1105 535 1165; x_wconf 75' lang='lat' dir='ltr'><strong>ris</strong></span> <span class='ocrx_word' id='word_1_55' title='bbox 557 1106 617 1178; x_wconf 89' lang='grc' dir='ltr'>έθνη</span> <span class='ocrx_word' id='word_1_56' title='bbox 633 1104 745 1185; x_wconf 81' lang='grc' dir='ltr'>ἐδέχθη,</span> <span class='ocrx_word' id='word_1_57' title='bbox 760 1106 820 1166; x_wconf 83' lang='grc' dir='ltr'>τότε</span> <span class='ocrx_word' id='word_1_58' title='bbox 837 1109 896 1166; x_wconf 89' lang='grc' dir='ltr'><strong>Σα-</strong></span> 
     </span>
    </p>
   </div>
   <div class='ocr_carea' id='block_1_3' title="bbox 950 439 1694 986">
    <p class='ocr_par' dir='ltr' id='par_1_3' title="bbox 950 439 1694 986">
     <span class='ocr_line' id='line_1_9' title="bbox 1537 439 1692 506; baseline -0.006 -23"><span class='ocrx_word' id='word_1_59' title='bbox 1537 471 1539 474; x_wconf 88' lang='grc'>.</span> <span class='ocrx_word' id='word_1_60' title='bbox 1627 439 1692 506; x_wconf 81' lang='lat'><strong>217</strong></span> 
     </span>
     <span class='ocr_line' id='line_1_10' title="bbox 952 555 1692 636; baseline 0.004 -25"><span class='ocrx_word' id='word_1_61' title='bbox 952 556 1089 634; x_wconf 79' lang='lat' dir='ltr'><em>usquead</em></span> <span class='ocrx_word' id='word_1_62' title='bbox 1099 557 1260 616; x_wconf 82' lang='lat' dir='ltr'><strong>Pbanicen</strong></span> <span class='ocrx_word' id='word_1_63' title='bbox 1272 569 1300 614; x_wconf 90' lang='lat' dir='ltr'><strong>et</strong></span> <span class='ocrx_word' id='word_1_64' title='bbox 1310 557 1475 636; x_wconf 69' lang='lat' dir='ltr'><strong>Cypntmet</strong></span> <span class='ocrx_word' id='word_1_65' title='bbox 1486 555 1692 629; x_wconf 72' lang='lat' dir='ltr'><em>Antiochiam,</em></span> 
     </span>
     <span class='ocr_line' id='line_1_11' title="bbox 952 649 1693 730; baseline 0.003 -26"><span class='ocrx_word' id='word_1_66' title='bbox 952 652 1062 707; x_wconf 89' lang='lat' dir='ltr'><strong>nemini</strong></span> <span class='ocrx_word' id='word_1_67' title='bbox 1086 650 1235 730; x_wconf 83' lang='lat' dir='ltr'><strong>loquentes</strong></span> <span class='ocrx_word' id='word_1_68' title='bbox 1259 652 1391 719; x_wconf 82' lang='lat' dir='ltr'><strong>uerbum,</strong></span> <span class='ocrx_word' id='word_1_69' title='bbox 1408 651 1464 707; x_wconf 87' lang='lat' dir='ltr'><strong>nisi</strong></span> <span class='ocrx_word' id='word_1_70' title='bbox 1476 649 1547 707; x_wconf 88' lang='lat' dir='ltr'><strong>solis</strong></span> <span class='ocrx_word' id='word_1_71' title='bbox 1570 651 1693 709; x_wconf 78' lang='lat' dir='ltr'><strong>ludaris.</strong></span> 
     </span>
     <span class='ocr_line' id='line_1_12' title="bbox 952 738 1694 820; baseline -0.003 -20"><span class='ocrx_word' id='word_1_72' title='bbox 952 738 1047 819; x_wconf 87' lang='lat' dir='ltr'><strong>Vides,</strong></span> <span class='ocrx_word' id='word_1_73' title='bbox 1075 741 1214 819; x_wconf 90' lang='lat' dir='ltr'><strong>quomodo</strong></span> <span class='ocrx_word' id='word_1_74' title='bbox 1248 740 1339 799; x_wconf 86' lang='lat' dir='ltr'><strong>omnia</strong></span> <span class='ocrx_word' id='word_1_75' title='bbox 1360 739 1429 798; x_wconf 87' lang='lat' dir='ltr'><strong>circa</strong></span> <span class='ocrx_word' id='word_1_76' title='bbox 1464 739 1619 799; x_wconf 88' lang='lat' dir='ltr'><strong>Cornelium</strong></span> <span class='ocrx_word' id='word_1_77' title='bbox 1646 761 1694 820; x_wconf 88' lang='lat' dir='ltr'><strong>per</strong></span> 
     </span>
     <span class='ocr_line' id='line_1_13' title="bbox 950 830 1693 913; baseline 0.003 -24"><span class='ocrx_word' id='word_1_78' title='bbox 950 830 1177 913; x_wconf 82' lang='lat' dir='ltr'><strong>dispensationem</strong></span> <span class='ocrx_word' id='word_1_79' title='bbox 1196 833 1266 892; x_wconf 80' lang='lat' dir='ltr'><strong>facta</strong></span> <span class='ocrx_word' id='word_1_80' title='bbox 1287 832 1364 891; x_wconf 77' lang='lat' dir='ltr'><strong>sint?</strong></span> <span class='ocrx_word' id='word_1_81' title='bbox 1378 831 1437 890; x_wconf 91' lang='lat' dir='ltr'><strong>Hoc</strong></span> <span class='ocrx_word' id='word_1_82' title='bbox 1452 845 1540 890; x_wconf 85' lang='lat' dir='ltr'><strong>antem</strong></span> <span class='ocrx_word' id='word_1_83' title='bbox 1552 845 1578 890; x_wconf 94' lang='lat' dir='ltr'><strong>et</strong></span> <span class='ocrx_word' id='word_1_84' title='bbox 1595 830 1631 891; x_wconf 87' lang='lat' dir='ltr'><strong>ad</strong></span> <span class='ocrx_word' id='word_1_85' title='bbox 1644 831 1693 891; x_wconf 90' lang='lat' dir='ltr'><strong>de-</strong></span> 
     </span>
     <span class='ocr_line' id='line_1_14' title="bbox 950 921 1693 986; baseline 0.005 -6"><span class='ocrx_word' id='word_1_86' title='bbox 950 921 1097 985; x_wconf 79' lang='lat' dir='ltr'><strong>fensionem</strong></span> <span class='ocrx_word' id='word_1_87' title='bbox 1117 925 1219 985; x_wconf 81' lang='lat' dir='ltr'>Christi</span> <span class='ocrx_word' id='word_1_88' title='bbox 1234 939 1260 984; x_wconf 90' lang='lat' dir='ltr'><strong>et</strong></span> <span class='ocrx_word' id='word_1_89' title='bbox 1273 924 1309 983; x_wconf 92' lang='lat' dir='ltr'><strong>ad</strong></span> <span class='ocrx_word' id='word_1_90' title='bbox 1323 923 1519 983; x_wconf 82' lang='lat' dir='ltr'><strong>accusationem</strong></span> <span class='ocrx_word' id='word_1_91' title='bbox 1533 923 1693 986; x_wconf 85' lang='lat' dir='ltr'><strong>Judaeorum</strong></span> 
     </span>
    </p>
   </div>
   <div class='ocr_carea' id='block_1_4' title="bbox 950 1015 1693 1188">
    <p class='ocr_par' dir='ltr' id='par_1_4' title="bbox 950 1015 1693 1188">
     <span class='ocr_line' id='line_1_15' title="bbox 950 1015 1692 1096; baseline 0.003 -23"><span class='ocrx_word' id='word_1_92' title='bbox 950 1016 1059 1074; x_wconf 83' lang='lat' dir='ltr'><strong>confert.</strong></span> <span class='ocrx_word' id='word_1_93' title='bbox 1076 1018 1169 1096; x_wconf 87' lang='lat' dir='ltr'><strong>ltaque</strong></span> <span class='ocrx_word' id='word_1_94' title='bbox 1195 1038 1258 1075; x_wconf 90' lang='lat' dir='ltr'><strong>cum</strong></span> <span class='ocrx_word' id='word_1_95' title='bbox 1276 1015 1429 1096; x_wconf 86' lang='lat' dir='ltr'><strong>Stephanus</strong></span> <span class='ocrx_word' id='word_1_96' title='bbox 1448 1016 1551 1075; x_wconf 82' lang='lat' dir='ltr'><strong>occisus</strong></span> <span class='ocrx_word' id='word_1_97' title='bbox 1563 1029 1618 1094; x_wconf 87' lang='lat' dir='ltr'><strong>est,</strong></span> <span class='ocrx_word' id='word_1_98' title='bbox 1630 1037 1692 1075; x_wconf 89' lang='lat' dir='ltr'><strong>cum</strong></span> 
     </span>
     <span class='ocr_line' id='line_1_16' title="bbox 950 1106 1693 1188; baseline 0.001 -23"><span class='ocrx_word' id='word_1_99' title='bbox 950 1106 1051 1166; x_wconf 88' lang='lat' dir='ltr'><strong>Paulus</strong></span> <span class='ocrx_word' id='word_1_100' title='bbox 1065 1107 1107 1166; x_wconf 89' lang='lat' dir='ltr'><strong>bis</strong></span> <span class='ocrx_word' id='word_1_101' title='bbox 1120 1122 1158 1167; x_wconf 91' lang='lat' dir='ltr'><strong>est</strong></span> <span class='ocrx_word' id='word_1_102' title='bbox 1169 1106 1346 1188; x_wconf 84' lang='lat' dir='ltr'><strong>periclitatus,</strong></span> <span class='ocrx_word' id='word_1_103' title='bbox 1362 1129 1424 1165; x_wconf 87' lang='lat' dir='ltr'><strong>curn</strong></span> <span class='ocrx_word' id='word_1_104' title='bbox 1437 1107 1549 1187; x_wconf 87' lang='lat' dir='ltr'><strong>apostoli</strong></span> <span class='ocrx_word' id='word_1_105' title='bbox 1566 1108 1693 1188; x_wconf 84' lang='lat' dir='ltr'><strong>flagellati</strong></span> 
     </span>
    </p>
   </div>
   <div class='ocr_carea' id='block_1_5' title="bbox 136 1191 1692 1282">
    <p class='ocr_par' dir='ltr' id='par_1_5' title="bbox 136 1191 1692 1282">
     <span class='ocr_line' id='line_1_17' title="bbox 136 1191 1692 1282; baseline 0.003 -28"><span class='ocrx_word' id='word_1_106' title='bbox 136 1205 257 1273; x_wconf 83' lang='grc' dir='ltr'>μιρεῖται.</span> <span class='ocrx_word' id='word_1_107' title='bbox 267 1196 308 1258; x_wconf 85' lang='grc' dir='ltr'>Ὃ</span> <span class='ocrx_word' id='word_1_108' title='bbox 318 1196 366 1256; x_wconf 81' lang='grc' dir='ltr'><strong>καί</strong></span> <span class='ocrx_word' id='word_1_109' title='bbox 380 1199 487 1265; x_wconf 87' lang='grc' dir='ltr'>Παῦλος</span> <span class='ocrx_word' id='word_1_110' title='bbox 502 1201 551 1279; x_wconf 76' lang='grc' dir='ltr'><strong>βοᾷ</strong></span> <span class='ocrx_word' id='word_1_111' title='bbox 565 1197 660 1276; x_wconf 82' lang='grc' dir='ltr'>λέγων·</span> <span class='ocrx_word' id='word_1_112' title='bbox 673 1198 753 1276; x_wconf 79' lang='grc' dir='ltr'>Ὑμῖν</span> <span class='ocrx_word' id='word_1_113' title='bbox 768 1191 801 1270; x_wconf 71' lang='grc' dir='ltr'>ἦν</span> <span class='ocrx_word' id='word_1_114' title='bbox 814 1203 896 1277; x_wconf 84' lang='grc' dir='ltr'>ἀναγ-</span> <span class='ocrx_word' id='word_1_115' title='bbox 912 1219 930 1264; x_wconf 74' lang='lat' dir='ltr'><strong>u</strong></span> <span class='ocrx_word' id='word_1_116' title='bbox 949 1214 1011 1258; x_wconf 88' lang='lat' dir='ltr'><strong>sunt</strong></span> <span class='ocrx_word' id='word_1_117' title='bbox 1024 1245 1032 1276; x_wconf 95' lang='lat'><strong>,</strong></span> <span class='ocrx_word' id='word_1_118' title='bbox 1044 1222 1107 1260; x_wconf 91' lang='lat' dir='ltr'><strong>cum</strong></span> <span class='ocrx_word' id='word_1_119' title='bbox 1126 1201 1224 1282; x_wconf 68' lang='lat' dir='ltr'><strong>saepius</strong></span> <span class='ocrx_word' id='word_1_120' title='bbox 1237 1200 1314 1280; x_wconf 86' lang='lat' dir='ltr'><strong>ejecti</strong></span> <span class='ocrx_word' id='word_1_121' title='bbox 1329 1245 1339 1272; x_wconf 90' lang='lat'><strong>,</strong></span> <span class='ocrx_word' id='word_1_122' title='bbox 1352 1213 1417 1259; x_wconf 92' lang='lat' dir='ltr'><strong>tunc</strong></span> <span class='ocrx_word' id='word_1_123' title='bbox 1442 1214 1550 1279; x_wconf 78' lang='lat' dir='ltr'><strong>gentes,</strong></span> <span class='ocrx_word' id='word_1_124' title='bbox 1565 1214 1629 1259; x_wconf 85' lang='lat' dir='ltr'><strong>tuuc</strong></span> <span class='ocrx_word' id='word_1_125' title='bbox 1643 1202 1692 1261; x_wconf 87' lang='lat' dir='ltr'><strong>Sa·</strong></span> 
     </span>
    </p>
   </div>
   <div class='ocr_carea' id='block_1_6' title="bbox 136 1289 896 1832">
    <p class='ocr_par' dir='ltr' id='par_1_6' title="bbox 136 1289 896 1832">
     <span class='ocr_line' id='line_1_18' title="bbox 136 1289 895 1369; baseline 0.005 -23"><span class='ocrx_word' id='word_1_126' title='bbox 136 1297 197 1346; x_wconf 86' lang='grc' dir='ltr'>ιαῖον</span> <span class='ocrx_word' id='word_1_127' title='bbox 209 1292 317 1368; x_wconf 78' lang='grc' dir='ltr'>πρῶτον</span> <span class='ocrx_word' id='word_1_128' title='bbox 326 1292 477 1361; x_wconf 77' lang='grc' dir='ltr'>λαληθῆναι</span> <span class='ocrx_word' id='word_1_129' title='bbox 496 1289 628 1369; x_wconf 85' lang='grc' dir='ltr'>τὸνλόγον</span> <span class='ocrx_word' id='word_1_130' title='bbox 643 1297 688 1350; x_wconf 91' lang='grc' dir='ltr'><strong>τοῦ</strong></span> <span class='ocrx_word' id='word_1_131' title='bbox 705 1293 792 1351; x_wconf 81' lang='grc' dir='ltr'>Θεοῦ·</span> <span class='ocrx_word' id='word_1_132' title='bbox 804 1292 895 1365; x_wconf 76' lang='grc' dir='ltr'>ἐπειδὴ</span> 
     </span>
     <span class='ocr_line' id='line_1_19' title="bbox 137 1378 896 1463; baseline 0.007 -25"><span class='ocrx_word' id='word_1_133' title='bbox 137 1378 332 1455; x_wconf 70' lang='grc' dir='ltr'>δέ“ἐπωθεῖσθε</span> <span class='ocrx_word' id='word_1_134' title='bbox 347 1381 437 1457; x_wconf 81' lang='grc' dir='ltr'>αὐτὸν,</span> <span class='ocrx_word' id='word_1_135' title='bbox 448 1382 493 1441; x_wconf 85' lang='grc' dir='ltr'><strong>καί</strong></span> <span class='ocrx_word' id='word_1_136' title='bbox 505 1385 552 1440; x_wconf 80' lang='grc' dir='ltr'><strong>οὐκ</strong></span> <span class='ocrx_word' id='word_1_137' title='bbox 565 1381 649 1450; x_wconf 76' lang='grc' dir='ltr'>ἀξίους</span> <span class='ocrx_word' id='word_1_138' title='bbox 661 1382 762 1463; x_wconf 81' lang='grc' dir='ltr'>κρίνετε</span> <span class='ocrx_word' id='word_1_139' title='bbox 773 1384 896 1459; x_wconf 78' lang='grc' dir='ltr'>ἑαυτοὺς,</span> 
     </span>
     <span class='ocr_line' id='line_1_20' title="bbox 139 1467 896 1557; baseline 0.007 -26"><span class='ocrx_word' id='word_1_140' title='bbox 139 1472 182 1531; x_wconf 66' lang='lat' dir='ltr'><strong>ab</strong></span> <span class='ocrx_word' id='word_1_141' title='bbox 201 1472 368 1553; x_wconf 78' lang='grc' dir='ltr'>στρερύμεθα</span> <span class='ocrx_word' id='word_1_142' title='bbox 395 1476 432 1540; x_wconf 86' lang='grc' dir='ltr'><strong>εἷς</strong></span> <span class='ocrx_word' id='word_1_143' title='bbox 460 1472 495 1532; x_wconf 79' lang='grc' dir='ltr'><strong>τὰ</strong></span> <span class='ocrx_word' id='word_1_144' title='bbox 514 1473 583 1547; x_wconf 82' lang='grc' dir='ltr'>ἔθνη.</span> <span class='ocrx_word' id='word_1_145' title='bbox 609 1475 770 1557; x_wconf 76' lang='grc' dir='ltr'>Περιῄεισαν</span> <span class='ocrx_word' id='word_1_146' title='bbox 785 1467 828 1535; x_wconf 81' lang='grc' dir='ltr'><strong>ούν</strong></span> <span class='ocrx_word' id='word_1_147' title='bbox 850 1477 896 1536; x_wconf 85' lang='grc' dir='ltr'><strong>καί</strong></span> 
     </span>
     <span class='ocr_line' id='line_1_21' title="bbox 138 1554 896 1649; baseline 0.009 -29"><span class='ocrx_word' id='word_1_148' title='bbox 138 1563 209 1622; x_wconf 80' lang='grc' dir='ltr'>ίθνεσι</span> <span class='ocrx_word' id='word_1_149' title='bbox 230 1564 422 1644; x_wconf 75' lang='grc' dir='ltr'>διαλεγόμενοι.</span> <span class='ocrx_word' id='word_1_150' title='bbox 434 1554 523 1626; x_wconf 76' lang='grc' dir='ltr'>Ἦσαν</span> <span class='ocrx_word' id='word_1_151' title='bbox 542 1566 572 1625; x_wconf 88' lang='grc' dir='ltr'><strong>δέ</strong></span> <span class='ocrx_word' id='word_1_152' title='bbox 587 1591 655 1634; x_wconf 84' lang='grc' dir='ltr'>τινες</span> <span class='ocrx_word' id='word_1_153' title='bbox 667 1567 693 1635; x_wconf 79' lang='grc' dir='ltr'><strong>ἐξ</strong></span> <span class='ocrx_word' id='word_1_154' title='bbox 708 1569 794 1626; x_wconf 82' lang='grc' dir='ltr'>αὐτῶν</span> <span class='ocrx_word' id='word_1_155' title='bbox 805 1569 896 1649; x_wconf 81' lang='grc' dir='ltr'>ἄνδρες</span> 
     </span>
     <span class='ocr_line' id='line_1_22' title="bbox 140 1655 896 1739; baseline 0.003 -23"><span class='ocrx_word' id='word_1_156' title='bbox 140 1655 238 1737; x_wconf 70' lang='grc' dir='ltr'>Κύπριοι</span> <span class='ocrx_word' id='word_1_157' title='bbox 253 1657 300 1718; x_wconf 80' lang='grc' dir='ltr'><strong>καί</strong></span> <span class='ocrx_word' id='word_1_158' title='bbox 323 1661 483 1739; x_wconf 83' lang='grc' dir='ltr'>Κυρηναῖοι,</span> <span class='ocrx_word' id='word_1_159' title='bbox 500 1657 591 1727; x_wconf 78' lang='grc' dir='ltr'>οἵτινες</span> <span class='ocrx_word' id='word_1_160' title='bbox 614 1660 730 1725; x_wconf 80' lang='grc' dir='ltr'>ἐλθόντες</span> <span class='ocrx_word' id='word_1_161' title='bbox 747 1662 783 1726; x_wconf 85' lang='grc' dir='ltr'><strong>είς</strong></span> <span class='ocrx_word' id='word_1_162' title='bbox 800 1659 896 1720; x_wconf 81' lang='grc' dir='ltr'>Ἀντιό-</span> 
     </span>
     <span class='ocr_line' id='line_1_23' title="bbox 139 1749 895 1832; baseline 0.004 -23"><span class='ocrx_word' id='word_1_163' title='bbox 139 1774 211 1830; x_wconf 84' lang='grc' dir='ltr'>χιιαν,</span> <span class='ocrx_word' id='word_1_164' title='bbox 223 1752 335 1810; x_wconf 65' lang='lat' dir='ltr'><strong>attan</strong></span> <span class='ocrx_word' id='word_1_165' title='bbox 348 1749 414 1829; x_wconf 83' lang='grc' dir='ltr'>πρὸς</span> <span class='ocrx_word' id='word_1_166' title='bbox 424 1749 485 1817; x_wconf 86' lang='grc' dir='ltr'>τοθς</span> <span class='ocrx_word' id='word_1_167' title='bbox 498 1749 681 1824; x_wconf 74' lang='grc' dir='ltr'>Ἑλληνιστθς,</span> <span class='ocrx_word' id='word_1_168' title='bbox 696 1751 895 1832; x_wconf 81' lang='grc' dir='ltr'>εὐαγγελιζόμε-</span> 
     </span>
    </p>
   </div>
   <div class='ocr_carea' id='block_1_7' title="bbox 949 1291 1693 1374">
    <p class='ocr_par' dir='ltr' id='par_1_7' title="bbox 949 1291 1693 1374">
     <span class='ocr_line' id='line_1_24' title="bbox 949 1291 1693 1374; baseline 0.004 -26"><span class='ocrx_word' id='word_1_169' title='bbox 949 1292 1072 1351; x_wconf 86' lang='lat' dir='ltr'><strong>maritani</strong></span> <span class='ocrx_word' id='word_1_170' title='bbox 1088 1293 1185 1374; x_wconf 79' lang='lat' dir='ltr'><strong>recepti</strong></span> <span class='ocrx_word' id='word_1_171' title='bbox 1200 1307 1280 1351; x_wconf 85' lang='lat' dir='ltr'><strong>sunt:</strong></span> <span class='ocrx_word' id='word_1_172' title='bbox 1298 1291 1371 1371; x_wconf 91' lang='lat' dir='ltr'><strong>quod</strong></span> <span class='ocrx_word' id='word_1_173' title='bbox 1386 1307 1412 1351; x_wconf 89' lang='lat' dir='ltr'><strong>et</strong></span> <span class='ocrx_word' id='word_1_174' title='bbox 1424 1292 1524 1352; x_wconf 88' lang='lat' dir='ltr'><strong>Paulus</strong></span> <span class='ocrx_word' id='word_1_175' title='bbox 1539 1293 1637 1351; x_wconf 86' lang='lat' dir='ltr'><strong>clamat</strong></span> <span class='ocrx_word' id='word_1_176' title='bbox 1647 1292 1693 1351; x_wconf 89' lang='lat' dir='ltr'><strong>di·</strong></span> 
     </span>
    </p>
   </div>
   <div class='ocr_carea' id='block_1_8' title="bbox 950 1385 1808 1464">
    <p class='ocr_par' dir='ltr' id='par_1_8' title="bbox 950 1385 1808 1464">
     <span class='ocr_line' id='line_1_25' title="bbox 950 1385 1808 1464; baseline 0.005 -26"><span class='ocrx_word' id='word_1_177' title='bbox 950 1402 1027 1440; x_wconf 82' lang='lat' dir='ltr'><strong>cens:</strong></span> <span class='ocrx_word' id='word_1_178' title='bbox 1046 1386 1133 1442; x_wconf 84' lang='lat' dir='ltr'><strong>Vobis</strong></span> <span class='ocrx_word' id='word_1_179' title='bbox 1149 1388 1299 1464; x_wconf 84' lang='lat' dir='ltr'><strong>oportebat</strong></span> <span class='ocrx_word' id='word_1_180' title='bbox 1318 1387 1445 1463; x_wconf 83' lang='lat' dir='ltr'><strong>primurn</strong></span> <span class='ocrx_word' id='word_1_181' title='bbox 1471 1385 1551 1464; x_wconf 83' lang='lat' dir='ltr'><strong>loqui</strong></span> <span class='ocrx_word' id='word_1_182' title='bbox 1569 1387 1693 1443; x_wconf 81' lang='lat' dir='ltr'><strong>verbum</strong></span> <span class='ocrx_word' id='word_1_183' title='bbox 1702 1406 1756 1462; x_wconf 74' lang='lat' dir='ltr'><strong>Aa.</strong></span> <span class='ocrx_word' id='word_1_184' title='bbox 1786 1397 1808 1443; x_wconf 82' lang='lat'><strong>3.</strong></span> 
     </span>
    </p>
   </div>
   <div class='ocr_carea' id='block_1_9' title="bbox 949 1471 1740 1831">
    <p class='ocr_par' dir='ltr' id='par_1_9' title="bbox 949 1471 1740 1831">
     <span class='ocr_line' id='line_1_26' title="bbox 950 1471 1740 1555; baseline 0.001 -21"><span class='ocrx_word' id='word_1_185' title='bbox 950 1475 1008 1534; x_wconf 88' lang='lat' dir='ltr'><strong>Dei</strong></span> <span class='ocrx_word' id='word_1_186' title='bbox 1023 1498 1032 1531; x_wconf 93' lang='grc'><strong>.·</strong></span> <span class='ocrx_word' id='word_1_187' title='bbox 1045 1477 1247 1555; x_wconf 80' lang='lat' dir='ltr'><strong>sedquoniam</strong></span> <span class='ocrx_word' id='word_1_188' title='bbox 1258 1476 1399 1553; x_wconf 78' lang='lat' dir='ltr'><strong>repellitis</strong></span> <span class='ocrx_word' id='word_1_189' title='bbox 1414 1476 1500 1551; x_wconf 82' lang='lat' dir='ltr'><strong>illud,</strong></span> <span class='ocrx_word' id='word_1_190' title='bbox 1516 1489 1544 1534; x_wconf 90' lang='lat' dir='ltr'><strong>et</strong></span> <span class='ocrx_word' id='word_1_191' title='bbox 1557 1477 1692 1555; x_wconf 81' lang='lat' dir='ltr'><strong>indignos</strong></span> <span class='ocrx_word' id='word_1_192' title='bbox 1702 1471 1740 1527; x_wconf 74' lang='lat'><strong>46.</strong></span> 
     </span>
     <span class='ocr_line' id='line_1_27' title="bbox 949 1568 1689 1648; baseline 0.003 -26"><span class='ocrx_word' id='word_1_193' title='bbox 949 1586 1005 1624; x_wconf 81' lang='grc' dir='ltr'><strong>οοο</strong></span> <span class='ocrx_word' id='word_1_194' title='bbox 1024 1568 1187 1648; x_wconf 81' lang='lat' dir='ltr'><strong>judicatis,</strong></span> <span class='ocrx_word' id='word_1_195' title='bbox 1204 1588 1269 1626; x_wconf 88' lang='lat' dir='ltr'><strong>ecce</strong></span> <span class='ocrx_word' id='word_1_196' title='bbox 1294 1570 1492 1626; x_wconf 78' lang='lat' dir='ltr'><strong>convertimur</strong></span> <span class='ocrx_word' id='word_1_197' title='bbox 1515 1569 1556 1626; x_wconf 82' lang='lat' dir='ltr'><strong>ad</strong></span> <span class='ocrx_word' id='word_1_198' title='bbox 1579 1580 1689 1648; x_wconf 81' lang='lat' dir='ltr'><strong>gentes.</strong></span> 
     </span>
     <span class='ocr_line' id='line_1_28' title="bbox 949 1656 1689 1737; baseline 0.004 -22"><span class='ocrx_word' id='word_1_199' title='bbox 949 1656 1119 1716; x_wconf 86' lang='lat' dir='ltr'><strong>Circuierunt</strong></span> <span class='ocrx_word' id='word_1_200' title='bbox 1132 1657 1233 1737; x_wconf 86' lang='lat' dir='ltr'><strong>igitur,</strong></span> <span class='ocrx_word' id='word_1_201' title='bbox 1254 1670 1281 1715; x_wconf 87' lang='lat' dir='ltr'><strong>et</strong></span> <span class='ocrx_word' id='word_1_202' title='bbox 1294 1671 1384 1737; x_wconf 77' lang='lat' dir='ltr'><strong>gentes</strong></span> <span class='ocrx_word' id='word_1_203' title='bbox 1399 1656 1616 1735; x_wconf 83' lang='lat' dir='ltr'><strong>alloquebantur.</strong></span> <span class='ocrx_word' id='word_1_204' title='bbox 1639 1661 1689 1718; x_wconf 76' lang='lat' dir='ltr'><strong>nt).</strong></span> 
     </span>
     <span class='ocr_line' id='line_1_29' title="bbox 949 1738 1692 1831; baseline 0.004 -24"><span class='ocrx_word' id='word_1_205' title='bbox 949 1751 1046 1809; x_wconf 85' lang='lat' dir='ltr'><strong>Erant</strong></span> <span class='ocrx_word' id='word_1_206' title='bbox 1057 1763 1154 1808; x_wconf 88' lang='lat' dir='ltr'><strong>autem</strong></span> <span class='ocrx_word' id='word_1_207' title='bbox 1162 1752 1283 1831; x_wconf 79' lang='lat' dir='ltr'><strong>quidam</strong></span> <span class='ocrx_word' id='word_1_208' title='bbox 1297 1771 1396 1808; x_wconf 88' lang='lat' dir='ltr'><strong>eorum</strong></span> <span class='ocrx_word' id='word_1_209' title='bbox 1406 1738 1467 1808; x_wconf 74' lang='lat' dir='ltr'><strong>viii</strong></span> <span class='ocrx_word' id='word_1_210' title='bbox 1479 1751 1583 1831; x_wconf 82' lang='lat' dir='ltr'><strong>Cyprii</strong></span> <span class='ocrx_word' id='word_1_211' title='bbox 1593 1765 1620 1809; x_wconf 91' lang='lat' dir='ltr'><strong>et</strong></span> <span class='ocrx_word' id='word_1_212' title='bbox 1632 1753 1692 1826; x_wconf 82' lang='lat' dir='ltr'><strong>Cy·</strong></span> 
     </span>
    </p>
   </div>
   <div class='ocr_carea' id='block_1_10' title="bbox 141 1835 1690 1925">
    <p class='ocr_par' dir='ltr' id='par_1_10' title="bbox 141 1835 1690 1925">
     <span class='ocr_line' id='line_1_30' title="bbox 141 1835 1690 1925; baseline 0.001 -24"><span class='ocrx_word' id='word_1_213' title='bbox 141 1867 171 1901; x_wconf 86' lang='grc' dir='ltr'><strong>νοι</strong></span> <span class='ocrx_word' id='word_1_214' title='bbox 191 1845 231 1903; x_wconf 82' lang='lat' dir='ltr'><strong>rin</strong></span> <span class='ocrx_word' id='word_1_215' title='bbox 253 1843 353 1924; x_wconf 80' lang='grc' dir='ltr'>Ιίύριον</span> <span class='ocrx_word' id='word_1_216' title='bbox 367 1842 482 1913; x_wconf 89' lang='grc' dir='ltr'>Ἰησοῦν.</span> <span class='ocrx_word' id='word_1_217' title='bbox 501 1844 554 1903; x_wconf 83' lang='grc' dir='ltr'><strong>Καὶ</strong></span> <span class='ocrx_word' id='word_1_218' title='bbox 576 1835 609 1915; x_wconf 68' lang='grc' dir='ltr'>ἦν</span> <span class='ocrx_word' id='word_1_219' title='bbox 636 1843 695 1925; x_wconf 81' lang='grc' dir='ltr'>χείρ</span> <span class='ocrx_word' id='word_1_220' title='bbox 721 1844 821 1925; x_wconf 83' lang='grc' dir='ltr'>Κυρίου</span> <span class='ocrx_word' id='word_1_221' title='bbox 838 1848 895 1923; x_wconf 89' lang='grc' dir='ltr'>μετ’</span> <span class='ocrx_word' id='word_1_222' title='bbox 946 1847 1046 1915; x_wconf 79' lang='lat' dir='ltr'><strong>reriaei,</strong></span> <span class='ocrx_word' id='word_1_223' title='bbox 1067 1848 1194 1924; x_wconf 83' lang='lat' dir='ltr'><strong>quicum</strong></span> <span class='ocrx_word' id='word_1_224' title='bbox 1207 1847 1357 1902; x_wconf 78' lang='lat' dir='ltr'><strong>venissent</strong></span> <span class='ocrx_word' id='word_1_225' title='bbox 1371 1843 1576 1915; x_wconf 76' lang='lat' dir='ltr'><strong>Antiochiam,</strong></span> <span class='ocrx_word' id='word_1_226' title='bbox 1592 1844 1690 1923; x_wconf 78' lang='grc' dir='ltr'>ίοριισ-</span> 
     </span>
    </p>
   </div>
   <div class='ocr_carea' id='block_1_11' title="bbox 141 1933 895 2016">
    <p class='ocr_par' dir='ltr' id='par_1_11' title="bbox 141 1933 895 2016">
     <span class='ocr_line' id='line_1_31' title="bbox 141 1933 895 2016; baseline 0.005 -25"><span class='ocrx_word' id='word_1_227' title='bbox 141 1937 223 2004; x_wconf 70' lang='lat' dir='ltr'><strong>arm,</strong></span> <span class='ocrx_word' id='word_1_228' title='bbox 238 1934 320 2000; x_wconf 84' lang='grc' dir='ltr'>πολύς</span> <span class='ocrx_word' id='word_1_229' title='bbox 336 1957 366 1992; x_wconf 89' lang='grc' dir='ltr'><strong>τε</strong></span> <span class='ocrx_word' id='word_1_230' title='bbox 381 1935 492 2015; x_wconf 76' lang='grc' dir='ltr'>ἀριθμὸς</span> <span class='ocrx_word' id='word_1_231' title='bbox 505 1933 648 2003; x_wconf 76' lang='grc' dir='ltr'>πιστεύσας</span> <span class='ocrx_word' id='word_1_232' title='bbox 672 1934 831 2016; x_wconf 73' lang='grc' dir='ltr'>ἐπέστρεψεν</span> <span class='ocrx_word' id='word_1_233' title='bbox 851 1937 895 1995; x_wconf 82' lang='grc' dir='ltr'><strong>ἐπὶ</strong></span> 
     </span>
    </p>
   </div>
   <div class='ocr_carea' id='block_1_12' title="bbox 948 1936 1692 2009">
    <p class='ocr_par' dir='ltr' id='par_1_12' title="bbox 948 1936 1692 2009">
     <span class='ocr_line' id='line_1_32' title="bbox 948 1936 1692 2009; baseline 0.001 -16"><span class='ocrx_word' id='word_1_234' title='bbox 948 1938 1057 1994; x_wconf 90' lang='lat' dir='ltr'><strong>bantur</strong></span> <span class='ocrx_word' id='word_1_235' title='bbox 1082 1937 1125 1995; x_wconf 84' lang='lat' dir='ltr'><strong>ad</strong></span> <span class='ocrx_word' id='word_1_236' title='bbox 1139 1937 1255 1996; x_wconf 71' lang='lat' dir='ltr'><strong>Graecos</strong></span> <span class='ocrx_word' id='word_1_237' title='bbox 1265 1980 1273 2009; x_wconf 91' lang='lat'><strong>,</strong></span> <span class='ocrx_word' id='word_1_238' title='bbox 1288 1938 1500 1994; x_wconf 82' lang='lat' dir='ltr'><strong>annuntiantes</strong></span> <span class='ocrx_word' id='word_1_239' title='bbox 1531 1936 1692 1995; x_wconf 88' lang='lat' dir='ltr'><strong>Dominum</strong></span> 
     </span>
    </p>
   </div>
   <div class='ocr_carea' id='block_1_13' title="bbox 86 2024 1786 4870">
    <p class='ocr_par' dir='ltr' id='par_1_13' title="bbox 86 2024 1786 4877">
     <span class='ocr_line' id='line_1_33' title="bbox 140 2024 1691 2108; baseline -0.001 -24"><span class='ocrx_word' id='word_1_240' title='bbox 140 2024 279 2105; x_wconf 77' lang='grc' dir='ltr'>τθνίίύριον</span> <span class='ocrx_word' id='word_1_241' title='bbox 289 2028 406 2096; x_wconf 83' lang='grc' dir='ltr'>Ἰησοῦν.</span> <span class='ocrx_word' id='word_1_242' title='bbox 421 2025 664 2107; x_wconf 73' lang='grc' dir='ltr'><strong>ο”Ορα,ἽΞλλησιν</strong></span> <span class='ocrx_word' id='word_1_243' title='bbox 675 2029 907 2108; x_wconf 78' lang='grc' dir='ltr'>εὐαγγελίζονται.’</span> <span class='ocrx_word' id='word_1_244' title='bbox 945 2030 1058 2087; x_wconf 79' lang='lat' dir='ltr'><strong>lesum.</strong></span> <span class='ocrx_word' id='word_1_245' title='bbox 1076 2030 1125 2086; x_wconf 77' lang='lat' dir='ltr'><strong>nt.</strong></span> <span class='ocrx_word' id='word_1_246' title='bbox 1141 2030 1180 2087; x_wconf 88' lang='lat' dir='ltr'><strong>Et</strong></span> <span class='ocrx_word' id='word_1_247' title='bbox 1194 2041 1257 2087; x_wconf 91' lang='lat' dir='ltr'><strong>erat</strong></span> <span class='ocrx_word' id='word_1_248' title='bbox 1275 2048 1380 2086; x_wconf 88' lang='lat' dir='ltr'><strong>rnanus</strong></span> <span class='ocrx_word' id='word_1_249' title='bbox 1402 2029 1526 2085; x_wconf 90' lang='lat' dir='ltr'><strong>Domini</strong></span> <span class='ocrx_word' id='word_1_250' title='bbox 1536 2048 1602 2086; x_wconf 88' lang='lat' dir='ltr'><strong>cum</strong></span> <span class='ocrx_word' id='word_1_251' title='bbox 1626 2033 1691 2086; x_wconf 89' lang='lat' dir='ltr'><strong>eis:</strong></span> 
     </span>
     <span class='ocr_line' id='line_1_34' title="bbox 139 2118 1693 2200; baseline 0.001 -24"><span class='ocrx_word' id='word_1_252' title='bbox 139 2119 204 2184; x_wconf 78' lang='grc' dir='ltr'>Εὀιὸς</span> <span class='ocrx_word' id='word_1_253' title='bbox 221 2118 272 2199; x_wconf 74' lang='grc' dir='ltr'>γὰρ</span> <span class='ocrx_word' id='word_1_254' title='bbox 287 2118 383 2187; x_wconf 81' lang='grc' dir='ltr'>αὐτούς</span> <span class='ocrx_word' id='word_1_255' title='bbox 396 2142 426 2178; x_wconf 90' lang='grc' dir='ltr'><strong>τε</strong></span> <span class='ocrx_word' id='word_1_256' title='bbox 444 2122 535 2180; x_wconf 85' lang='grc' dir='ltr'>λοιπὸν</span> <span class='ocrx_word' id='word_1_257' title='bbox 561 2118 656 2180; x_wconf 80' lang='grc' dir='ltr'>εἰδέναι</span> <span class='ocrx_word' id='word_1_258' title='bbox 677 2121 827 2195; x_wconf 75' lang='grc' dir='ltr'>ἑλληνιστὶ,</span> <span class='ocrx_word' id='word_1_259' title='bbox 851 2122 936 2200; x_wconf 62' lang='grc' dir='ltr'><strong>καλχ,1</strong></span> <span class='ocrx_word' id='word_1_260' title='bbox 948 2121 1115 2200; x_wconf 72' lang='lat' dir='ltr'><strong>multusque</strong></span> <span class='ocrx_word' id='word_1_261' title='bbox 1130 2141 1266 2179; x_wconf 88' lang='lat' dir='ltr'><strong>numerus</strong></span> <span class='ocrx_word' id='word_1_262' title='bbox 1287 2120 1467 2177; x_wconf 86' lang='lat' dir='ltr'><strong>credentium</strong></span> <span class='ocrx_word' id='word_1_263' title='bbox 1480 2139 1635 2179; x_wconf 82' lang='lat' dir='ltr'><strong>conversus</strong></span> <span class='ocrx_word' id='word_1_264' title='bbox 1651 2133 1693 2179; x_wconf 91' lang='lat' dir='ltr'><strong>est</strong></span> 
     </span>
     <span class='ocr_line' id='line_1_35' title="bbox 137 2203 1693 2293; baseline 0.001 -25"><span class='ocrx_word' id='word_1_265' title='bbox 137 2213 158 2268; x_wconf 88' lang='grc' dir='ltr'><strong>ίν</strong></span> <span class='ocrx_word' id='word_1_266' title='bbox 176 2209 320 2291; x_wconf 67' lang='grc' dir='ltr'>Ἀντιοχείᾳ</span> <span class='ocrx_word' id='word_1_267' title='bbox 340 2212 472 2278; x_wconf 72' lang='grc' dir='ltr'>τοιούτους</span> <span class='ocrx_word' id='word_1_268' title='bbox 488 2203 555 2272; x_wconf 76' lang='grc' dir='ltr'>εἶναι</span> <span class='ocrx_word' id='word_1_269' title='bbox 573 2213 695 2280; x_wconf 88' lang='grc' dir='ltr'>πολλούς.</span> <span class='ocrx_word' id='word_1_270' title='bbox 710 2213 764 2273; x_wconf 82' lang='grc' dir='ltr'><strong>Καὶ</strong></span> <span class='ocrx_word' id='word_1_271' title='bbox 781 2206 813 2285; x_wconf 75' lang='grc' dir='ltr'>ἦν</span> <span class='ocrx_word' id='word_1_272' title='bbox 836 2213 896 2293; x_wconf 79' lang='grc' dir='ltr'>χείρ</span> <span class='ocrx_word' id='word_1_273' title='bbox 912 2219 930 2263; x_wconf 85' lang='grc' dir='ltr'><strong>Δ</strong></span> <span class='ocrx_word' id='word_1_274' title='bbox 947 2212 989 2268; x_wconf 85' lang='lat' dir='ltr'><strong>ad</strong></span> <span class='ocrx_word' id='word_1_275' title='bbox 998 2213 1159 2270; x_wconf 90' lang='lat' dir='ltr'><strong>Dominum</strong></span> <span class='ocrx_word' id='word_1_276' title='bbox 1172 2213 1286 2270; x_wconf 79' lang='lat' dir='ltr'><strong>lesum.</strong></span> <span class='ocrx_word' id='word_1_277' title='bbox 1310 2210 1393 2286; x_wconf 82' lang='lat' dir='ltr'><strong>Vide,</strong></span> <span class='ocrx_word' id='word_1_278' title='bbox 1408 2210 1512 2269; x_wconf 85' lang='lat' dir='ltr'><strong>Graccis</strong></span> <span class='ocrx_word' id='word_1_279' title='bbox 1523 2211 1693 2289; x_wconf 88' lang='lat' dir='ltr'><strong>evangelium</strong></span> 
     </span>
     <span class='ocr_line' id='line_1_36' title="bbox 137 2301 1693 2386; baseline 0.001 -26"><span class='ocrx_word' id='word_1_280' title='bbox 137 2303 234 2383; x_wconf 80' lang='grc' dir='ltr'>Κυρίου,</span> <span class='ocrx_word' id='word_1_281' title='bbox 246 2301 329 2383; x_wconf 76' lang='grc' dir='ltr'>φησί,</span> <span class='ocrx_word' id='word_1_282' title='bbox 344 2307 402 2381; x_wconf 79' lang='grc' dir='ltr'>μετ’</span> <span class='ocrx_word' id='word_1_283' title='bbox 425 2308 523 2364; x_wconf 74' lang='grc' dir='ltr'>αὐτῶν·</span> <span class='ocrx_word' id='word_1_284' title='bbox 535 2307 670 2376; x_wconf 83' lang='grc' dir='ltr'>τουτέστι,</span> <span class='ocrx_word' id='word_1_285' title='bbox 689 2314 788 2381; x_wconf 88' lang='grc' dir='ltr'>σημεῖα</span> <span class='ocrx_word' id='word_1_286' title='bbox 806 2306 895 2386; x_wconf 81' lang='grc' dir='ltr'>εἰργοί·</span> <span class='ocrx_word' id='word_1_287' title='bbox 949 2303 1118 2362; x_wconf 83' lang='lat' dir='ltr'><strong>annuntiant.</strong></span> <span class='ocrx_word' id='word_1_288' title='bbox 1135 2302 1292 2364; x_wconf 84' lang='lat' dir='ltr'><strong>Verisimile</strong></span> <span class='ocrx_word' id='word_1_289' title='bbox 1318 2316 1357 2362; x_wconf 90' lang='lat' dir='ltr'><strong>est</strong></span> <span class='ocrx_word' id='word_1_290' title='bbox 1373 2303 1445 2364; x_wconf 90' lang='lat' dir='ltr'><strong>enim</strong></span> <span class='ocrx_word' id='word_1_291' title='bbox 1458 2301 1520 2362; x_wconf 89' lang='lat' dir='ltr'><strong>illos</strong></span> <span class='ocrx_word' id='word_1_292' title='bbox 1534 2303 1630 2362; x_wconf 70' lang='lat' dir='ltr'><strong>Graes</strong></span> <span class='ocrx_word' id='word_1_293' title='bbox 1643 2303 1693 2361; x_wconf 89' lang='lat' dir='ltr'><strong>sci-</strong></span> 
     </span>
     <span class='ocr_line' id='line_1_37' title="bbox 136 2394 1693 2479; baseline 0.002 -25"><span class='ocrx_word' id='word_1_294' title='bbox 136 2394 297 2477; x_wconf 72' lang='grc' dir='ltr'>ίοιτιιὉρᾷς</span> <span class='ocrx_word' id='word_1_295' title='bbox 306 2394 351 2454; x_wconf 72' lang='grc' dir='ltr'><strong>διὰ</strong></span> <span class='ocrx_word' id='word_1_296' title='bbox 364 2394 391 2453; x_wconf 92' lang='grc' dir='ltr'><strong>τί</strong></span> <span class='ocrx_word' id='word_1_297' title='bbox 404 2397 504 2458; x_wconf 85' lang='grc' dir='ltr'>καίνῦν</span> <span class='ocrx_word' id='word_1_298' title='bbox 518 2401 535 2468; x_wconf 84' lang='grc' dir='ltr'>ἡ</span> <span class='ocrx_word' id='word_1_299' title='bbox 549 2401 601 2456; x_wconf 82' lang='grc' dir='ltr'><strong>τῶν</strong></span> <span class='ocrx_word' id='word_1_300' title='bbox 610 2395 727 2474; x_wconf 83' lang='grc' dir='ltr'>σημείων</span> <span class='ocrx_word' id='word_1_301' title='bbox 737 2397 839 2479; x_wconf 74' lang='grc' dir='ltr'>ἀνάγκη</span> <span class='ocrx_word' id='word_1_302' title='bbox 854 2396 897 2476; x_wconf 90' lang='grc' dir='ltr'><strong>γέ·</strong></span> <span class='ocrx_word' id='word_1_303' title='bbox 948 2397 1039 2475; x_wconf 86' lang='lat' dir='ltr'><strong>visse,</strong></span> <span class='ocrx_word' id='word_1_304' title='bbox 1062 2412 1088 2457; x_wconf 87' lang='lat' dir='ltr'><strong>et</strong></span> <span class='ocrx_word' id='word_1_305' title='bbox 1125 2398 1274 2458; x_wconf 77' lang='lat' dir='ltr'><strong>Antiochiae</strong></span> <span class='ocrx_word' id='word_1_306' title='bbox 1309 2399 1409 2457; x_wconf 90' lang='lat' dir='ltr'><strong>multos</strong></span> <span class='ocrx_word' id='word_1_307' title='bbox 1431 2398 1497 2457; x_wconf 87' lang='lat' dir='ltr'><strong>tales</strong></span> <span class='ocrx_word' id='word_1_308' title='bbox 1530 2397 1624 2459; x_wconf 84' lang='lat' dir='ltr'><strong>fuisse.</strong></span> <span class='ocrx_word' id='word_1_309' title='bbox 1653 2401 1693 2457; x_wconf 85' lang='lat' dir='ltr'><strong>Et</strong></span> 
     </span>
     <span class='ocr_line' id='line_1_38' title="bbox 136 2485 1691 2569; baseline 0.003 -25"><span class='ocrx_word' id='word_1_310' title='bbox 136 2507 205 2560; x_wconf 79' lang='grc' dir='ltr'>γονεν,</span> <span class='ocrx_word' id='word_1_311' title='bbox 219 2485 263 2544; x_wconf 87' lang='grc' dir='ltr'><strong>ίνα</strong></span> <span class='ocrx_word' id='word_1_312' title='bbox 280 2487 475 2561; x_wconf 71' lang='grc' dir='ltr'>πιστεύσωσιν,</span> <span class='ocrx_word' id='word_1_313' title='bbox 488 2488 621 2562; x_wconf 80' lang='grc' dir='ltr'>Ἠκούσθη</span> <span class='ocrx_word' id='word_1_314' title='bbox 642 2487 669 2549; x_wconf 75' lang='grc' dir='ltr'><strong>δὲ</strong></span> <span class='ocrx_word' id='word_1_315' title='bbox 688 2493 703 2548; x_wconf 85' lang='grc' dir='ltr'>ὁ</span> <span class='ocrx_word' id='word_1_316' title='bbox 716 2490 792 2568; x_wconf 83' lang='grc' dir='ltr'>λύγος</span> <span class='ocrx_word' id='word_1_317' title='bbox 806 2493 842 2557; x_wconf 85' lang='grc' dir='ltr'><strong>εἷς</strong></span> <span class='ocrx_word' id='word_1_318' title='bbox 861 2490 896 2550; x_wconf 76' lang='grc' dir='ltr'><strong>τὰ</strong></span> <span class='ocrx_word' id='word_1_319' title='bbox 946 2502 1009 2549; x_wconf 84' lang='lat' dir='ltr'><strong>erat</strong></span> <span class='ocrx_word' id='word_1_320' title='bbox 1023 2534 1033 2561; x_wconf 91' lang='lat'><strong>,</strong></span> <span class='ocrx_word' id='word_1_321' title='bbox 1052 2490 1151 2569; x_wconf 88' lang='lat' dir='ltr'><strong>inquit,</strong></span> <span class='ocrx_word' id='word_1_322' title='bbox 1163 2511 1267 2549; x_wconf 90' lang='lat' dir='ltr'><strong>manus</strong></span> <span class='ocrx_word' id='word_1_323' title='bbox 1279 2492 1401 2549; x_wconf 88' lang='lat' dir='ltr'><strong>Domini</strong></span> <span class='ocrx_word' id='word_1_324' title='bbox 1411 2511 1477 2549; x_wconf 92' lang='lat' dir='ltr'><strong>cum</strong></span> <span class='ocrx_word' id='word_1_325' title='bbox 1491 2491 1553 2549; x_wconf 87' lang='lat' dir='ltr'><strong>illis</strong></span> <span class='ocrx_word' id='word_1_326' title='bbox 1565 2514 1574 2568; x_wconf 76' lang='lat'>5</span> <span class='ocrx_word' id='word_1_327' title='bbox 1588 2488 1616 2548; x_wconf 90' lang='lat' dir='ltr'><strong>id</strong></span> <span class='ocrx_word' id='word_1_328' title='bbox 1631 2503 1669 2549; x_wconf 91' lang='lat' dir='ltr'><strong>cst</strong></span> <span class='ocrx_word' id='word_1_329' title='bbox 1683 2535 1691 2564; x_wconf 94' lang='lat'><strong>,</strong></span> 
     </span>
     <span class='ocr_line' id='line_1_39' title="bbox 136 2563 1694 2661; baseline 0.003 -27"><span class='ocrx_word' id='word_1_330' title='bbox 136 2563 182 2634; x_wconf 72' lang='lat' dir='ltr'><strong>im</strong></span> <span class='ocrx_word' id='word_1_331' title='bbox 196 2580 242 2647; x_wconf 78' lang='grc' dir='ltr'><strong>τῆς</strong></span> <span class='ocrx_word' id='word_1_332' title='bbox 261 2575 426 2648; x_wconf 86' lang='grc' dir='ltr'>Ἐκκλησίας</span> <span class='ocrx_word' id='word_1_333' title='bbox 442 2582 491 2648; x_wconf 81' lang='grc' dir='ltr'><strong>τῆς</strong></span> <span class='ocrx_word' id='word_1_334' title='bbox 512 2577 590 2650; x_wconf 81' lang='grc' dir='ltr'>οὔσης</span> <span class='ocrx_word' id='word_1_335' title='bbox 606 2581 632 2637; x_wconf 87' lang='grc' dir='ltr'>έν</span> <span class='ocrx_word' id='word_1_336' title='bbox 648 2577 843 2659; x_wconf 87' lang='grc' dir='ltr'>Ἱεροσολύμοις</span> <span class='ocrx_word' id='word_1_337' title='bbox 861 2580 895 2640; x_wconf 69' lang='lat' dir='ltr'><strong>ab</strong></span> <span class='ocrx_word' id='word_1_338' title='bbox 946 2580 1022 2660; x_wconf 84' lang='lat' dir='ltr'><strong>signa</strong></span> <span class='ocrx_word' id='word_1_339' title='bbox 1032 2582 1173 2641; x_wconf 81' lang='lat' dir='ltr'><strong>iaciebant.</strong></span> <span class='ocrx_word' id='word_1_340' title='bbox 1189 2581 1298 2656; x_wconf 75' lang='lat' dir='ltr'><strong>Viden&#39;,</strong></span> <span class='ocrx_word' id='word_1_341' title='bbox 1313 2603 1362 2641; x_wconf 91' lang='lat' dir='ltr'><strong>cnr</strong></span> <span class='ocrx_word' id='word_1_342' title='bbox 1376 2582 1456 2640; x_wconf 89' lang='lat' dir='ltr'><strong>etiam</strong></span> <span class='ocrx_word' id='word_1_343' title='bbox 1473 2603 1544 2640; x_wconf 92' lang='lat' dir='ltr'><strong>nunc</strong></span> <span class='ocrx_word' id='word_1_344' title='bbox 1554 2582 1694 2661; x_wconf 87' lang='lat' dir='ltr'><strong>signorum</strong></span> 
     </span>
     <span class='ocr_line' id='line_1_40' title="bbox 86 2667 1693 2751; baseline 0.004 -26"><span class='ocrx_word' id='word_1_345' title='bbox 86 2667 91 2685; x_wconf 77' lang='lat'>¹</span> <span class='ocrx_word' id='word_1_346' title='bbox 137 2668 187 2747; x_wconf 77' lang='grc' dir='ltr'>περὶ</span> <span class='ocrx_word' id='word_1_347' title='bbox 198 2671 293 2738; x_wconf 78' lang='grc' dir='ltr'>αὐτῶν,</span> <span class='ocrx_word' id='word_1_348' title='bbox 307 2669 354 2728; x_wconf 80' lang='grc' dir='ltr'><strong>καί</strong></span> <span class='ocrx_word' id='word_1_349' title='bbox 370 2667 556 2735; x_wconf 78' lang='grc' dir='ltr'>ἐξαπέστειλαν</span> <span class='ocrx_word' id='word_1_350' title='bbox 569 2670 708 2751; x_wconf 78' lang='grc' dir='ltr'>Βαρνιίὸαν</span> <span class='ocrx_word' id='word_1_351' title='bbox 728 2674 836 2732; x_wconf 87' lang='grc' dir='ltr'>διελθεῖν</span> <span class='ocrx_word' id='word_1_352' title='bbox 846 2673 896 2742; x_wconf 76' lang='grc' dir='ltr'>ἕως</span> <span class='ocrx_word' id='word_1_353' title='bbox 946 2672 1087 2732; x_wconf 79' lang='lat' dir='ltr'><strong>necessitas</strong></span> <span class='ocrx_word' id='word_1_354' title='bbox 1096 2673 1186 2745; x_wconf 87' lang='lat' dir='ltr'><strong>suerit,</strong></span> <span class='ocrx_word' id='word_1_355' title='bbox 1198 2686 1228 2731; x_wconf 93' lang='lat' dir='ltr'><strong>nt</strong></span> <span class='ocrx_word' id='word_1_356' title='bbox 1241 2672 1378 2732; x_wconf 87' lang='lat' dir='ltr'><strong>crederent</strong></span> <span class='ocrx_word' id='word_1_357' title='bbox 1393 2673 1407 2732; x_wconf 75' lang='lat' dir='ltr'><strong>i</strong></span> <span class='ocrx_word' id='word_1_358' title='bbox 1424 2677 1472 2732; x_wconf 63' lang='grc' dir='ltr'><strong>λθ.</strong></span> <span class='ocrx_word' id='word_1_359' title='bbox 1488 2676 1627 2733; x_wconf 80' lang='lat' dir='ltr'><strong>Pervenit</strong></span> <span class='ocrx_word' id='word_1_360' title='bbox 1640 2695 1693 2732; x_wconf 90' lang='lat' dir='ltr'><strong>au-</strong></span> 
     </span>
     <span class='ocr_line' id='line_1_41' title="bbox 138 2759 1692 2845; baseline 0.003 -27"><span class='ocrx_word' id='word_1_361' title='bbox 138 2759 289 2840; x_wconf 80' lang='grc' dir='ltr'>’λντισχείας</span> <span class='ocrx_word' id='word_1_362' title='bbox 306 2759 345 2819; x_wconf 88' lang='grc' dir='ltr'><strong>Τί</strong></span> <span class='ocrx_word' id='word_1_363' title='bbox 368 2759 468 2831; x_wconf 77' lang='grc' dir='ltr'>δήποτε</span> <span class='ocrx_word' id='word_1_364' title='bbox 487 2761 609 2832; x_wconf 86' lang='grc' dir='ltr'>τοιαύτης</span> <span class='ocrx_word' id='word_1_365' title='bbox 629 2761 731 2830; x_wconf 79' lang='grc' dir='ltr'>πόλεως</span> <span class='ocrx_word' id='word_1_366' title='bbox 752 2766 896 2845; x_wconf 84' lang='grc' dir='ltr'>δεχομένης</span> <span class='ocrx_word' id='word_1_367' title='bbox 948 2775 1004 2822; x_wconf 90' lang='lat' dir='ltr'><strong>tem</strong></span> <span class='ocrx_word' id='word_1_368' title='bbox 1019 2785 1113 2823; x_wconf 88' lang='lat' dir='ltr'><strong>sermo</strong></span> <span class='ocrx_word' id='word_1_369' title='bbox 1126 2767 1168 2822; x_wconf 87' lang='lat' dir='ltr'><strong>ad</strong></span> <span class='ocrx_word' id='word_1_370' title='bbox 1177 2785 1262 2822; x_wconf 89' lang='lat' dir='ltr'><strong>aures</strong></span> <span class='ocrx_word' id='word_1_371' title='bbox 1277 2765 1430 2835; x_wconf 83' lang='lat' dir='ltr'><strong>Ecclesia,</strong></span> <span class='ocrx_word' id='word_1_372' title='bbox 1448 2784 1514 2844; x_wconf 80' lang='lat' dir='ltr'><strong>qua</strong></span> <span class='ocrx_word' id='word_1_373' title='bbox 1524 2777 1588 2823; x_wconf 88' lang='lat' dir='ltr'><strong>erat</strong></span> <span class='ocrx_word' id='word_1_374' title='bbox 1607 2766 1692 2823; x_wconf 84' lang='lat' dir='ltr'><strong>Jero·</strong></span> 
     </span>
     <span class='ocr_line' id='line_1_42' title="bbox 138 2843 1692 2936; baseline 0.004 -26"><span class='ocrx_word' id='word_1_375' title='bbox 138 2853 173 2910; x_wconf 65' lang='lat' dir='ltr'><strong>rt-</strong></span> <span class='ocrx_word' id='word_1_376' title='bbox 190 2853 274 2932; x_wconf 79' lang='grc' dir='ltr'>λόγον,</span> <span class='ocrx_word' id='word_1_377' title='bbox 292 2856 341 2913; x_wconf 85' lang='grc' dir='ltr'><strong>οῦκ</strong></span> <span class='ocrx_word' id='word_1_378' title='bbox 363 2843 443 2923; x_wconf 71' lang='grc' dir='ltr'>ἦλθον</span> <span class='ocrx_word' id='word_1_379' title='bbox 465 2851 553 2927; x_wconf 80' lang='lat' dir='ltr'><strong>abrai,</strong></span> <span class='ocrx_word' id='word_1_380' title='bbox 567 2852 635 2911; x_wconf 76' lang='grc' dir='ltr'>ἀλλὰ</span> <span class='ocrx_word' id='word_1_381' title='bbox 660 2855 803 2934; x_wconf 77' lang='grc' dir='ltr'>Βαρνάύαν</span> <span class='ocrx_word' id='word_1_382' title='bbox 826 2856 894 2934; x_wconf 88' lang='grc' dir='ltr'>πέμ·</span> <span class='ocrx_word' id='word_1_383' title='bbox 946 2855 1081 2929; x_wconf 83' lang='lat' dir='ltr'><strong>solymis,</strong></span> <span class='ocrx_word' id='word_1_384' title='bbox 1100 2876 1186 2936; x_wconf 84' lang='lat' dir='ltr'><strong>super</strong></span> <span class='ocrx_word' id='word_1_385' title='bbox 1201 2860 1288 2915; x_wconf 84' lang='lat' dir='ltr'><strong>istis:</strong></span> <span class='ocrx_word' id='word_1_386' title='bbox 1312 2869 1341 2914; x_wconf 88' lang='lat' dir='ltr'><strong>et</strong></span> <span class='ocrx_word' id='word_1_387' title='bbox 1359 2859 1500 2914; x_wconf 88' lang='lat' dir='ltr'><strong>miserunt</strong></span> <span class='ocrx_word' id='word_1_388' title='bbox 1520 2859 1692 2916; x_wconf 88' lang='lat' dir='ltr'><strong>Barnabam</strong></span> 
     </span>
     <span class='ocr_line' id='line_1_43' title="bbox 138 2936 1692 3028; baseline 0.003 -24"><span class='ocrx_word' id='word_1_389' title='bbox 138 2968 219 3020; x_wconf 72' lang='grc' dir='ltr'>πονοι,</span> <span class='ocrx_word' id='word_1_390' title='bbox 237 2947 290 3004; x_wconf 77' lang='grc' dir='ltr'><strong>Διὰ</strong></span> <span class='ocrx_word' id='word_1_391' title='bbox 303 2945 365 3013; x_wconf 74' lang='grc' dir='ltr'>τοὺς</span> <span class='ocrx_word' id='word_1_392' title='bbox 383 2944 534 3012; x_wconf 89' lang='grc' dir='ltr'>Ἰουδαίους.</span> <span class='ocrx_word' id='word_1_393' title='bbox 558 2945 635 3017; x_wconf 77' lang='grc' dir='ltr'>Πλὴν</span> <span class='ocrx_word' id='word_1_394' title='bbox 654 2949 684 3005; x_wconf 84' lang='grc' dir='ltr'><strong>οὐ</strong></span> <span class='ocrx_word' id='word_1_395' title='bbox 704 2948 797 3025; x_wconf 77' lang='grc' dir='ltr'>μικρὸν</span> <span class='ocrx_word' id='word_1_396' title='bbox 812 2949 844 3020; x_wconf 81' lang='grc' dir='ltr'><strong>δή</strong></span> <span class='ocrx_word' id='word_1_397' title='bbox 868 2974 895 3008; x_wconf 92' lang='grc' dir='ltr'><strong>τι</strong></span> <span class='ocrx_word' id='word_1_398' title='bbox 946 2936 1296 3028; x_wconf 78' lang='lat' dir='ltr'><strong>usqueadAntt&#39;ocbiam.</strong></span> <span class='ocrx_word' id='word_1_399' title='bbox 1316 2947 1372 3007; x_wconf 86' lang='lat' dir='ltr'><strong>Cur</strong></span> <span class='ocrx_word' id='word_1_400' title='bbox 1381 2960 1454 3007; x_wconf 88' lang='lat' dir='ltr'><strong>tanta</strong></span> <span class='ocrx_word' id='word_1_401' title='bbox 1463 2946 1571 3008; x_wconf 85' lang='lat' dir='ltr'><strong>civitate</strong></span> <span class='ocrx_word' id='word_1_402' title='bbox 1579 2949 1692 3009; x_wconf 89' lang='lat' dir='ltr'><strong>verbum</strong></span> 
     </span>
     <span class='ocr_line' id='line_1_44' title="bbox 139 3036 1692 3124; baseline 0.002 -28"><span class='ocrx_word' id='word_1_403' title='bbox 139 3040 296 3116; x_wconf 77' lang='grc' dir='ltr'>οἰκονομεῖται</span> <span class='ocrx_word' id='word_1_404' title='bbox 311 3037 358 3097; x_wconf 87' lang='grc' dir='ltr'><strong>καί</strong></span> <span class='ocrx_word' id='word_1_405' title='bbox 378 3036 447 3096; x_wconf 78' lang='lat' dir='ltr'><strong>abso</strong></span> <span class='ocrx_word' id='word_1_406' title='bbox 458 3037 489 3097; x_wconf 82' lang='grc' dir='ltr'><strong>τὸ</strong></span> <span class='ocrx_word' id='word_1_407' title='bbox 502 3037 546 3097; x_wconf 81' lang='grc' dir='ltr'><strong>τὸν</strong></span> <span class='ocrx_word' id='word_1_408' title='bbox 561 3040 667 3097; x_wconf 83' lang='grc' dir='ltr'>Παῦλον</span> <span class='ocrx_word' id='word_1_409' title='bbox 685 3043 797 3100; x_wconf 80' lang='grc' dir='ltr'>ἐνταῦθα</span> <span class='ocrx_word' id='word_1_410' title='bbox 811 3065 896 3124; x_wconf 79' lang='grc' dir='ltr'>παρα·</span> <span class='ocrx_word' id='word_1_411' title='bbox 947 3036 1091 3117; x_wconf 86' lang='lat' dir='ltr'><strong>recipiente</strong></span> <span class='ocrx_word' id='word_1_412' title='bbox 1109 3059 1161 3097; x_wconf 92' lang='grc' dir='ltr'><strong>οοο</strong></span> <span class='ocrx_word' id='word_1_413' title='bbox 1175 3051 1306 3099; x_wconf 87' lang='lat' dir='ltr'><strong>venerunt</strong></span> <span class='ocrx_word' id='word_1_414' title='bbox 1320 3037 1383 3118; x_wconf 87' lang='lat' dir='ltr'><strong>ipsi,</strong></span> <span class='ocrx_word' id='word_1_415' title='bbox 1398 3037 1446 3097; x_wconf 86' lang='lat' dir='ltr'><strong>sed</strong></span> <span class='ocrx_word' id='word_1_416' title='bbox 1459 3038 1613 3099; x_wconf 87' lang='lat' dir='ltr'><strong>Barnabam</strong></span> <span class='ocrx_word' id='word_1_417' title='bbox 1636 3040 1692 3098; x_wconf 90' lang='lat' dir='ltr'><strong>mi-</strong></span> 
     </span>
     <span class='ocr_line' id='line_1_45' title="bbox 141 3130 1693 3213; baseline 0.005 -24"><span class='ocrx_word' id='word_1_418' title='bbox 141 3132 257 3208; x_wconf 71' lang='grc' dir='ltr'>γενέσθαι·</span> <span class='ocrx_word' id='word_1_419' title='bbox 270 3130 331 3191; x_wconf 80' lang='grc' dir='ltr'>οὐδὲ</span> <span class='ocrx_word' id='word_1_420' title='bbox 346 3131 455 3201; x_wconf 75' lang='grc' dir='ltr'>ἁπλῶς,</span> <span class='ocrx_word' id='word_1_421' title='bbox 470 3131 538 3190; x_wconf 78' lang='grc' dir='ltr'>ἀλλὰ</span> <span class='ocrx_word' id='word_1_422' title='bbox 553 3131 598 3191; x_wconf 79' lang='grc' dir='ltr'><strong>καὶ</strong></span> <span class='ocrx_word' id='word_1_423' title='bbox 613 3132 713 3213; x_wconf 82' lang='grc' dir='ltr'>σφόδρα</span> <span class='ocrx_word' id='word_1_424' title='bbox 724 3136 895 3211; x_wconf 75' lang='grc' dir='ltr'>οἰκονομικῶς</span> <span class='ocrx_word' id='word_1_425' title='bbox 946 3132 1064 3190; x_wconf 80' lang='lat' dir='ltr'><strong>serunt?</strong></span> <span class='ocrx_word' id='word_1_426' title='bbox 1087 3133 1201 3213; x_wconf 86' lang='lat' dir='ltr'><strong>Propter</strong></span> <span class='ocrx_word' id='word_1_427' title='bbox 1214 3131 1333 3192; x_wconf 81' lang='lat' dir='ltr'><strong>Judaeos·</strong></span> <span class='ocrx_word' id='word_1_428' title='bbox 1353 3133 1458 3192; x_wconf 86' lang='lat' dir='ltr'><strong>Verum</strong></span> <span class='ocrx_word' id='word_1_429' title='bbox 1475 3153 1529 3192; x_wconf 91' lang='lat' dir='ltr'><strong>non</strong></span> <span class='ocrx_word' id='word_1_430' title='bbox 1540 3154 1625 3213; x_wconf 81' lang='lat' dir='ltr'><strong>parva</strong></span> <span class='ocrx_word' id='word_1_431' title='bbox 1651 3156 1693 3194; x_wconf 87' lang='lat' dir='ltr'><strong>res</strong></span> 
     </span>
     <span class='ocr_line' id='line_1_46' title="bbox 142 3221 1693 3308; baseline 0.004 -28"><span class='ocrx_word' id='word_1_432' title='bbox 142 3224 203 3281; x_wconf 72' lang='grc' dir='ltr'>α’πδν</span> <span class='ocrx_word' id='word_1_433' title='bbox 216 3222 441 3304; x_wconf 80' lang='grc' dir='ltr'>ἀποστρέφονται,</span> <span class='ocrx_word' id='word_1_434' title='bbox 453 3223 497 3282; x_wconf 79' lang='grc' dir='ltr'><strong>ἵνα</strong></span> <span class='ocrx_word' id='word_1_435' title='bbox 515 3223 552 3301; x_wconf 78' lang='grc' dir='ltr'><strong>μὴ</strong></span> <span class='ocrx_word' id='word_1_436' title='bbox 567 3226 747 3305; x_wconf 81' lang='grc' dir='ltr'>κατακλεισθῇ</span> <span class='ocrx_word' id='word_1_437' title='bbox 767 3229 795 3285; x_wconf 84' lang='grc' dir='ltr'>έν</span> <span class='ocrx_word' id='word_1_438' title='bbox 814 3226 895 3308; x_wconf 86' lang='grc' dir='ltr'>Ἱερο·</span> <span class='ocrx_word' id='word_1_439' title='bbox 911 3235 929 3283; x_wconf 83' lang='grc' dir='ltr'><strong>Β</strong></span> <span class='ocrx_word' id='word_1_440' title='bbox 947 3221 992 3283; x_wconf 89' lang='lat' dir='ltr'><strong>hic</strong></span> <span class='ocrx_word' id='word_1_441' title='bbox 1004 3225 1116 3304; x_wconf 77' lang='lat' dir='ltr'><strong>geritur,</strong></span> <span class='ocrx_word' id='word_1_442' title='bbox 1132 3224 1199 3285; x_wconf 90' lang='lat' dir='ltr'><strong>dum</strong></span> <span class='ocrx_word' id='word_1_443' title='bbox 1215 3224 1256 3284; x_wconf 90' lang='lat' dir='ltr'><strong>sic</strong></span> <span class='ocrx_word' id='word_1_444' title='bbox 1271 3224 1372 3283; x_wconf 86' lang='lat' dir='ltr'><strong>Paulus</strong></span> <span class='ocrx_word' id='word_1_445' title='bbox 1387 3224 1456 3284; x_wconf 89' lang='lat' dir='ltr'><strong>istuc</strong></span> <span class='ocrx_word' id='word_1_446' title='bbox 1469 3223 1572 3285; x_wconf 87' lang='lat' dir='ltr'><strong>accedit</strong></span> <span class='ocrx_word' id='word_1_447' title='bbox 1587 3250 1594 3283; x_wconf 74' lang='grc' dir='ltr'><strong><em>ε</em></strong></span> <span class='ocrx_word' id='word_1_448' title='bbox 1608 3248 1693 3305; x_wconf 87' lang='lat' dir='ltr'><strong>neque</strong></span> 
     </span>
     <span class='ocr_line' id='line_1_47' title="bbox 143 3314 1692 3397; baseline 0.004 -25"><span class='ocrx_word' id='word_1_449' title='bbox 143 3314 246 3392; x_wconf 78' lang='grc' dir='ltr'>πλύμοις</span> <span class='ocrx_word' id='word_1_450' title='bbox 256 3322 274 3387; x_wconf 76' lang='grc' dir='ltr'>ἡ</span> <span class='ocrx_word' id='word_1_451' title='bbox 286 3315 361 3396; x_wconf 72' lang='grc' dir='ltr'>φωνὴ</span> <span class='ocrx_word' id='word_1_452' title='bbox 376 3322 423 3374; x_wconf 91' lang='grc' dir='ltr'><strong>τοῦ</strong></span> <span class='ocrx_word' id='word_1_453' title='bbox 440 3315 617 3396; x_wconf 84' lang='grc' dir='ltr'>κηρύγματος,</span> <span class='ocrx_word' id='word_1_454' title='bbox 631 3323 648 3390; x_wconf 83' lang='grc' dir='ltr'><strong>ἡ</strong></span> <span class='ocrx_word' id='word_1_455' title='bbox 664 3316 779 3391; x_wconf 77' lang='grc' dir='ltr'>σάλπιγξ</span> <span class='ocrx_word' id='word_1_456' title='bbox 791 3323 843 3377; x_wconf 81' lang='grc' dir='ltr'><strong>τῶν</strong></span> <span class='ocrx_word' id='word_1_457' title='bbox 852 3322 895 3379; x_wconf 81' lang='grc' dir='ltr'><strong>οὐ·</strong></span> <span class='ocrx_word' id='word_1_458' title='bbox 944 3315 1003 3376; x_wconf 87' lang='lat' dir='ltr'><strong>sine</strong></span> <span class='ocrx_word' id='word_1_459' title='bbox 1030 3339 1130 3395; x_wconf 85' lang='lat' dir='ltr'><strong>causa,</strong></span> <span class='ocrx_word' id='word_1_460' title='bbox 1153 3316 1200 3377; x_wconf 87' lang='lat' dir='ltr'><strong>sed</strong></span> <span class='ocrx_word' id='word_1_461' title='bbox 1224 3337 1285 3375; x_wconf 89' lang='lat' dir='ltr'><strong>cnm</strong></span> <span class='ocrx_word' id='word_1_462' title='bbox 1300 3337 1397 3395; x_wconf 86' lang='lat' dir='ltr'><strong>magna</strong></span> <span class='ocrx_word' id='word_1_463' title='bbox 1421 3317 1590 3397; x_wconf 87' lang='lat' dir='ltr'><strong>providentia</strong></span> <span class='ocrx_word' id='word_1_464' title='bbox 1613 3319 1692 3378; x_wconf 85' lang='lat' dir='ltr'><strong>illurn</strong></span> 
     </span>
     <span class='ocr_line' id='line_1_48' title="bbox 144 3401 1691 3490; baseline 0.001 -22"><span class='ocrx_word' id='word_1_465' title='bbox 144 3410 217 3480; x_wconf 61' lang='lat' dir='ltr'><strong>mma.</strong></span> <span class='ocrx_word' id='word_1_466' title='bbox 231 3401 305 3476; x_wconf 73' lang='grc' dir='ltr'>Εἶδες</span> <span class='ocrx_word' id='word_1_467' title='bbox 317 3413 375 3476; x_wconf 84' lang='grc' dir='ltr'><strong>πῶς</strong></span> <span class='ocrx_word' id='word_1_468' title='bbox 389 3417 527 3488; x_wconf 77' lang='grc' dir='ltr'>πανταχοῦ</span> <span class='ocrx_word' id='word_1_469' title='bbox 544 3418 602 3476; x_wconf 87' lang='grc' dir='ltr'>ταῖς</span> <span class='ocrx_word' id='word_1_470' title='bbox 623 3408 729 3477; x_wconf 84' lang='grc' dir='ltr'>κακίαις</span> <span class='ocrx_word' id='word_1_471' title='bbox 751 3412 839 3468; x_wconf 87' lang='grc' dir='ltr'>αὐτῶν</span> <span class='ocrx_word' id='word_1_472' title='bbox 858 3415 895 3479; x_wconf 79' lang='grc' dir='ltr'><strong>εἰς</strong></span> <span class='ocrx_word' id='word_1_473' title='bbox 945 3423 1112 3486; x_wconf 88' lang='lat' dir='ltr'><strong>aversantur,</strong></span> <span class='ocrx_word' id='word_1_474' title='bbox 1131 3431 1164 3468; x_wconf 91' lang='lat' dir='ltr'><strong>ne</strong></span> <span class='ocrx_word' id='word_1_475' title='bbox 1180 3430 1236 3469; x_wconf 85' lang='lat' dir='ltr'><strong>vox</strong></span> <span class='ocrx_word' id='word_1_476' title='bbox 1254 3407 1454 3489; x_wconf 76' lang='lat' dir='ltr'><strong>predicationis</strong></span> <span class='ocrx_word' id='word_1_477' title='bbox 1471 3410 1589 3490; x_wconf 84' lang='lat' dir='ltr'><strong>tubaque</strong></span> <span class='ocrx_word' id='word_1_478' title='bbox 1609 3411 1691 3469; x_wconf 78' lang='lat' dir='ltr'><strong>cnlo-</strong></span> 
     </span>
     <span class='ocr_line' id='line_1_49' title="bbox 142 3495 1690 3584; baseline 0.007 -32"><span class='ocrx_word' id='word_1_479' title='bbox 142 3495 192 3567; x_wconf 77' lang='lat' dir='ltr'><strong>is‘n,</strong></span> <span class='ocrx_word' id='word_1_480' title='bbox 210 3498 252 3555; x_wconf 82' lang='grc' dir='ltr'><strong>καί</strong></span> <span class='ocrx_word' id='word_1_481' title='bbox 272 3497 366 3579; x_wconf 74' lang='grc' dir='ltr'>ὥσπερ</span> <span class='ocrx_word' id='word_1_482' title='bbox 381 3497 504 3557; x_wconf 77' lang='grc' dir='ltr'>έῦούλετο</span> <span class='ocrx_word' id='word_1_483' title='bbox 525 3499 539 3528; x_wconf 87' lang='lat'><strong>*</strong></span> <span class='ocrx_word' id='word_1_484' title='bbox 551 3500 700 3577; x_wconf 81' lang='grc' dir='ltr'>[ἄνοιθεν],</span> <span class='ocrx_word' id='word_1_485' title='bbox 721 3501 894 3583; x_wconf 73' lang='grc' dir='ltr'>ἀπεχρήσατο</span> <span class='ocrx_word' id='word_1_486' title='bbox 945 3523 1007 3561; x_wconf 91' lang='lat' dir='ltr'><strong>rum</strong></span> <span class='ocrx_word' id='word_1_487' title='bbox 1023 3503 1199 3584; x_wconf 71' lang='lat' dir='ltr'><strong>ierosolymae</strong></span> <span class='ocrx_word' id='word_1_488' title='bbox 1215 3501 1408 3561; x_wconf 88' lang='lat' dir='ltr'><strong>includeretur.</strong></span> <span class='ocrx_word' id='word_1_489' title='bbox 1425 3501 1536 3580; x_wconf 86' lang='lat' dir='ltr'><strong>Viden&#39;,</strong></span> <span class='ocrx_word' id='word_1_490' title='bbox 1554 3505 1690 3581; x_wconf 90' lang='lat' dir='ltr'><strong>quomodo</strong></span> 
     </span>
     <span class='ocr_line' id='line_1_50' title="bbox 142 3588 1786 3677; baseline 0.007 -34"><span class='ocrx_word' id='word_1_491' title='bbox 142 3588 332 3666; x_wconf 75' lang='grc' dir='ltr'>έλριστὸς,καὶ</span> <span class='ocrx_word' id='word_1_492' title='bbox 346 3593 385 3671; x_wconf 83' lang='grc' dir='ltr'><strong>τῷ</strong></span> <span class='ocrx_word' id='word_1_493' title='bbox 400 3589 472 3667; x_wconf 86' lang='grc' dir='ltr'>μίσει</span> <span class='ocrx_word' id='word_1_494' title='bbox 492 3594 529 3670; x_wconf 80' lang='grc' dir='ltr'><strong>τῷ</strong></span> <span class='ocrx_word' id='word_1_495' title='bbox 540 3589 604 3670; x_wconf 74' lang='grc' dir='ltr'>πρὸς</span> <span class='ocrx_word' id='word_1_496' title='bbox 618 3592 663 3651; x_wconf 90' lang='grc' dir='ltr'><strong>τὸν</strong></span> <span class='ocrx_word' id='word_1_497' title='bbox 679 3594 787 3652; x_wconf 86' lang='grc' dir='ltr'>Παῦλον</span> <span class='ocrx_word' id='word_1_498' title='bbox 801 3598 837 3661; x_wconf 82' lang='grc' dir='ltr'><strong>εἰς</strong></span> <span class='ocrx_word' id='word_1_499' title='bbox 853 3599 891 3654; x_wconf 83' lang='lat' dir='ltr'><strong>oi·</strong></span> <span class='ocrx_word' id='word_1_500' title='bbox 944 3595 1044 3673; x_wconf 89' lang='lat' dir='ltr'><strong>ubique</strong></span> <span class='ocrx_word' id='word_1_501' title='bbox 1062 3595 1166 3654; x_wconf 88' lang='lat' dir='ltr'><strong>malitia</strong></span> <span class='ocrx_word' id='word_1_502' title='bbox 1184 3615 1299 3672; x_wconf 90' lang='lat' dir='ltr'><strong>eorum,</strong></span> <span class='ocrx_word' id='word_1_503' title='bbox 1320 3609 1349 3653; x_wconf 93' lang='lat' dir='ltr'><strong>ut</strong></span> <span class='ocrx_word' id='word_1_504' title='bbox 1369 3616 1437 3675; x_wconf 89' lang='lat' dir='ltr'><strong>opus</strong></span> <span class='ocrx_word' id='word_1_505' title='bbox 1454 3608 1521 3671; x_wconf 89' lang='lat' dir='ltr'><strong>erat,</strong></span> <span class='ocrx_word' id='word_1_506' title='bbox 1544 3609 1614 3654; x_wconf 87' lang='lat' dir='ltr'><strong>etnt</strong></span> <span class='ocrx_word' id='word_1_507' title='bbox 1633 3598 1691 3677; x_wconf 91' lang='lat' dir='ltr'><strong>ipse</strong></span> <span class='ocrx_word' id='word_1_508' title='bbox 1783 3648 1786 3654; x_wconf 84' lang='grc'>,</span> 
     </span>
     <span class='ocr_line' id='line_1_51' title="bbox 142 3682 1688 3765; baseline 0.006 -25"><span class='ocrx_word' id='word_1_509' title='bbox 142 3682 236 3759; x_wconf 58' lang='lat' dir='ltr'><strong>imanis</strong></span> <span class='ocrx_word' id='word_1_510' title='bbox 252 3687 301 3753; x_wconf 83' lang='grc' dir='ltr'><strong>τῆς</strong></span> <span class='ocrx_word' id='word_1_511' title='bbox 321 3683 375 3741; x_wconf 85' lang='grc' dir='ltr'><strong>ἀπὸ</strong></span> <span class='ocrx_word' id='word_1_512' title='bbox 388 3687 440 3741; x_wconf 86' lang='grc' dir='ltr'><strong>τῶν</strong></span> <span class='ocrx_word' id='word_1_513' title='bbox 465 3685 545 3741; x_wconf 82' lang='grc' dir='ltr'>ἐθνῶν</span> <span class='ocrx_word' id='word_1_514' title='bbox 565 3683 741 3757; x_wconf 61' lang='grc' dir='ltr'>Ἐκκλησία,</span> <span class='ocrx_word' id='word_1_515' title='bbox 764 3684 833 3746; x_wconf 76' lang='grc' dir='ltr'>Ἀλλ’</span> <span class='ocrx_word' id='word_1_516' title='bbox 853 3688 893 3748; x_wconf 73' lang='lat' dir='ltr'><strong>tt.</strong></span> <span class='ocrx_word' id='word_1_517' title='bbox 943 3687 1060 3764; x_wconf 87' lang='lat' dir='ltr'><strong>volebat,</strong></span> <span class='ocrx_word' id='word_1_518' title='bbox 1076 3687 1201 3746; x_wconf 89' lang='lat' dir='ltr'><strong>Christus</strong></span> <span class='ocrx_word' id='word_1_519' title='bbox 1215 3702 1440 3765; x_wconf 88' lang='lat' dir='ltr'><strong>uteretur,atqne</strong></span> <span class='ocrx_word' id='word_1_520' title='bbox 1458 3688 1520 3746; x_wconf 91' lang='lat' dir='ltr'><strong>odio</strong></span> <span class='ocrx_word' id='word_1_521' title='bbox 1534 3688 1563 3746; x_wconf 93' lang='lat' dir='ltr'><strong>in</strong></span> <span class='ocrx_word' id='word_1_522' title='bbox 1573 3689 1688 3749; x_wconf 85' lang='lat' dir='ltr'><strong>Paulum</strong></span> 
     </span>
     <span class='ocr_line' id='line_1_52' title="bbox 142 3773 1689 3858; baseline 0.009 -31"><span class='ocrx_word' id='word_1_523' title='bbox 142 3773 175 3829; x_wconf 79' lang='lat' dir='ltr'><strong>mi</strong></span> <span class='ocrx_word' id='word_1_524' title='bbox 184 3781 268 3834; x_wconf 82' lang='grc' dir='ltr'>τοῦτον</span> <span class='ocrx_word' id='word_1_525' title='bbox 291 3776 338 3834; x_wconf 83' lang='grc' dir='ltr'><strong>τὸν</strong></span> <span class='ocrx_word' id='word_1_526' title='bbox 361 3773 446 3851; x_wconf 78' lang='grc' dir='ltr'>ἅγιον,</span> <span class='ocrx_word' id='word_1_527' title='bbox 464 3773 508 3833; x_wconf 82' lang='grc' dir='ltr'><strong>τὸν</strong></span> <span class='ocrx_word' id='word_1_528' title='bbox 524 3775 664 3855; x_wconf 79' lang='grc' dir='ltr'>Βαρνοίῦαν</span> <span class='ocrx_word' id='word_1_529' title='bbox 679 3775 764 3854; x_wconf 86' lang='grc' dir='ltr'>λέγω,</span> <span class='ocrx_word' id='word_1_530' title='bbox 786 3783 843 3846; x_wconf 82' lang='grc' dir='ltr'><strong>πῶς</strong></span> <span class='ocrx_word' id='word_1_531' title='bbox 861 3783 891 3840; x_wconf 85' lang='grc' dir='ltr'><strong>οὐ</strong></span> <span class='ocrx_word' id='word_1_532' title='bbox 942 3778 978 3839; x_wconf 86' lang='lat' dir='ltr'><strong>ad</strong></span> <span class='ocrx_word' id='word_1_533' title='bbox 988 3779 1195 3839; x_wconf 73' lang='lat' dir='ltr'><strong>aedificationem</strong></span> <span class='ocrx_word' id='word_1_534' title='bbox 1208 3779 1335 3838; x_wconf 72' lang='lat' dir='ltr'><strong>Ecclesiae</strong></span> <span class='ocrx_word' id='word_1_535' title='bbox 1350 3801 1384 3838; x_wconf 84' lang='lat' dir='ltr'><strong>ex</strong></span> <span class='ocrx_word' id='word_1_536' title='bbox 1398 3780 1546 3858; x_wconf 77' lang='lat' dir='ltr'><strong>gentibus?</strong></span> <span class='ocrx_word' id='word_1_537' title='bbox 1557 3780 1613 3841; x_wconf 84' lang='lat' dir='ltr'><strong>Sed</strong></span> <span class='ocrx_word' id='word_1_538' title='bbox 1623 3783 1689 3841; x_wconf 86' lang='lat' dir='ltr'><strong>vide</strong></span> 
     </span>
     <span class='ocr_line' id='line_1_53' title="bbox 141 3859 1688 3951; baseline 0.006 -28"><span class='ocrx_word' id='word_1_539' title='bbox 141 3865 245 3927; x_wconf 75' lang='grc' dir='ltr'>τὀαυτοῦ</span> <span class='ocrx_word' id='word_1_540' title='bbox 258 3859 338 3939; x_wconf 75' lang='grc' dir='ltr'>εἶδεν,</span> <span class='ocrx_word' id='word_1_541' title='bbox 351 3869 410 3925; x_wconf 79' lang='grc' dir='ltr'>ἀλλ’</span> <span class='ocrx_word' id='word_1_542' title='bbox 424 3866 536 3949; x_wconf 70' lang='grc' dir='ltr'>ἔδραμεν</span> <span class='ocrx_word' id='word_1_543' title='bbox 557 3871 593 3936; x_wconf 81' lang='grc' dir='ltr'><strong>εἰς</strong></span> <span class='ocrx_word' id='word_1_544' title='bbox 603 3869 719 3948; x_wconf 86' lang='grc' dir='ltr'>Ταρσόν.</span> <span class='ocrx_word' id='word_1_545' title='bbox 733 3867 785 3937; x_wconf 87' lang='grc' dir='ltr'>Ὃς</span> <span class='ocrx_word' id='word_1_546' title='bbox 805 3895 891 3951; x_wconf 87' lang='grc' dir='ltr'>παρα·</span> <span class='ocrx_word' id='word_1_547' title='bbox 942 3872 1015 3932; x_wconf 89' lang='lat' dir='ltr'><strong>hunc</strong></span> <span class='ocrx_word' id='word_1_548' title='bbox 1028 3892 1135 3950; x_wconf 88' lang='lat' dir='ltr'><strong>qnoque</strong></span> <span class='ocrx_word' id='word_1_549' title='bbox 1147 3884 1279 3943; x_wconf 89' lang='lat' dir='ltr'><strong>sanctum,</strong></span> <span class='ocrx_word' id='word_1_550' title='bbox 1295 3870 1448 3928; x_wconf 87' lang='lat' dir='ltr'><strong>Barnabam</strong></span> <span class='ocrx_word' id='word_1_551' title='bbox 1457 3870 1519 3929; x_wconf 90' lang='lat' dir='ltr'><strong>dico</strong></span> <span class='ocrx_word' id='word_1_552' title='bbox 1531 3915 1539 3945; x_wconf 92' lang='lat'><strong>,</strong></span> <span class='ocrx_word' id='word_1_553' title='bbox 1552 3873 1688 3949; x_wconf 90' lang='lat' dir='ltr'><strong>quomodo</strong></span> 
     </span>
     <span class='ocr_line' id='line_1_54' title="bbox 141 3957 1688 4042; baseline 0.003 -24"><span class='ocrx_word' id='word_1_554' title='bbox 141 3960 327 4036; x_wconf 72' lang='grc' dir='ltr'>γενόμενος,καἰ</span> <span class='ocrx_word' id='word_1_555' title='bbox 341 3957 404 4016; x_wconf 83' lang='grc' dir='ltr'>ἰδὼν</span> <span class='ocrx_word' id='word_1_556' title='bbox 414 3957 465 4030; x_wconf 70' lang='grc' dir='ltr'><strong>τὴν</strong></span> <span class='ocrx_word' id='word_1_557' title='bbox 474 3959 553 4041; x_wconf 82' lang='grc' dir='ltr'>χάριν</span> <span class='ocrx_word' id='word_1_558' title='bbox 568 3967 614 4020; x_wconf 92' lang='grc' dir='ltr'><strong>τοῦ</strong></span> <span class='ocrx_word' id='word_1_559' title='bbox 628 3964 714 4034; x_wconf 84' lang='grc' dir='ltr'>θεοῦ,</span> <span class='ocrx_word' id='word_1_560' title='bbox 731 3963 831 4042; x_wconf 86' lang='grc' dir='ltr'>έχοίρη,</span> <span class='ocrx_word' id='word_1_561' title='bbox 846 3963 891 4023; x_wconf 85' lang='grc' dir='ltr'><strong>καλ</strong></span> <span class='ocrx_word' id='word_1_562' title='bbox 943 3985 995 4023; x_wconf 90' lang='grc' dir='ltr'><strong>οοο</strong></span> <span class='ocrx_word' id='word_1_563' title='bbox 1009 3985 1056 4022; x_wconf 89' lang='lat' dir='ltr'><strong>sua</strong></span> <span class='ocrx_word' id='word_1_564' title='bbox 1078 3961 1213 4041; x_wconf 89' lang='lat' dir='ltr'><strong>respiciat,</strong></span> <span class='ocrx_word' id='word_1_565' title='bbox 1228 3959 1275 4019; x_wconf 85' lang='lat' dir='ltr'><strong>sed</strong></span> <span class='ocrx_word' id='word_1_566' title='bbox 1297 3974 1388 4019; x_wconf 87' lang='lat' dir='ltr'><strong>currat</strong></span> <span class='ocrx_word' id='word_1_567' title='bbox 1413 3962 1543 4020; x_wconf 89' lang='lat' dir='ltr'><strong>Tarsum.</strong></span> <span class='ocrx_word' id='word_1_568' title='bbox 1562 3964 1611 4022; x_wconf 67' lang='lat'><strong>95.</strong></span> <span class='ocrx_word' id='word_1_569' title='bbox 1630 3966 1688 4042; x_wconf 84' lang='lat' dir='ltr'><strong>Qui</strong></span> 
     </span>
     <span class='ocr_line' id='line_1_55' title="bbox 140 4050 1686 4136; baseline 0.006 -31"><span class='ocrx_word' id='word_1_570' title='bbox 140 4053 262 4130; x_wconf 68' lang='grc' dir='ltr'>παρεκάλει</span> <span class='ocrx_word' id='word_1_571' title='bbox 272 4050 378 4116; x_wconf 73' lang='grc' dir='ltr'>πάντας</span> <span class='ocrx_word' id='word_1_572' title='bbox 397 4073 430 4127; x_wconf 87' lang='grc' dir='ltr'><strong>ιη</strong></span> <span class='ocrx_word' id='word_1_573' title='bbox 444 4050 566 4131; x_wconf 85' lang='grc' dir='ltr'>προθέσει</span> <span class='ocrx_word' id='word_1_574' title='bbox 586 4055 633 4122; x_wconf 83' lang='grc' dir='ltr'><strong>τῆς</strong></span> <span class='ocrx_word' id='word_1_575' title='bbox 646 4051 756 4132; x_wconf 83' lang='grc' dir='ltr'>καρδίας</span> <span class='ocrx_word' id='word_1_576' title='bbox 773 4055 891 4136; x_wconf 81' lang='grc' dir='ltr'>προσμέ-</span> <span class='ocrx_word' id='word_1_577' title='bbox 942 4076 1008 4114; x_wconf 88' lang='lat' dir='ltr'><strong>curn</strong></span> <span class='ocrx_word' id='word_1_578' title='bbox 1018 4059 1169 4130; x_wconf 83' lang='lat' dir='ltr'><strong>venisset,</strong></span> <span class='ocrx_word' id='word_1_579' title='bbox 1190 4066 1217 4111; x_wconf 91' lang='lat' dir='ltr'><strong>et</strong></span> <span class='ocrx_word' id='word_1_580' title='bbox 1240 4054 1362 4111; x_wconf 82' lang='lat' dir='ltr'><strong>vidisset</strong></span> <span class='ocrx_word' id='word_1_581' title='bbox 1374 4058 1503 4133; x_wconf 84' lang='lat' dir='ltr'><strong>gratiam</strong></span> <span class='ocrx_word' id='word_1_582' title='bbox 1514 4056 1589 4127; x_wconf 89' lang='lat' dir='ltr'><strong>Dei,</strong></span> <span class='ocrx_word' id='word_1_583' title='bbox 1603 4061 1686 4135; x_wconf 82' lang='lat' dir='ltr'><strong>gaai-</strong></span> 
     </span>
     <span class='ocr_line' id='line_1_56' title="bbox 139 4133 1687 4228; baseline 0.01 -33"><span class='ocrx_word' id='word_1_584' title='bbox 139 4148 215 4223; x_wconf 73' lang='grc' dir='ltr'>νονςῷ</span> <span class='ocrx_word' id='word_1_585' title='bbox 227 4142 338 4224; x_wconf 81' lang='grc' dir='ltr'>Κυρίῳ,</span> <span class='ocrx_word' id='word_1_586' title='bbox 349 4141 391 4200; x_wconf 80' lang='grc' dir='ltr'><strong>ὅτι</strong></span> <span class='ocrx_word' id='word_1_587' title='bbox 402 4133 434 4213; x_wconf 70' lang='grc' dir='ltr'>ἦν</span> <span class='ocrx_word' id='word_1_588' title='bbox 449 4142 516 4222; x_wconf 71' lang='grc' dir='ltr'>ἀνὴρ</span> <span class='ocrx_word' id='word_1_589' title='bbox 528 4142 624 4221; x_wconf 78' lang='grc' dir='ltr'>ἀγαθὸς</span> <span class='ocrx_word' id='word_1_590' title='bbox 634 4144 681 4202; x_wconf 82' lang='grc' dir='ltr'><strong>καί</strong></span> <span class='ocrx_word' id='word_1_591' title='bbox 690 4144 795 4227; x_wconf 77' lang='grc' dir='ltr'>πλήρης</span> <span class='ocrx_word' id='word_1_592' title='bbox 807 4146 890 4207; x_wconf 88' lang='grc' dir='ltr'>Πνεύ-</span> <span class='ocrx_word' id='word_1_593' title='bbox 942 4169 990 4208; x_wconf 88' lang='lat' dir='ltr'><strong>sus</strong></span> <span class='ocrx_word' id='word_1_594' title='bbox 1000 4162 1053 4220; x_wconf 90' lang='lat' dir='ltr'><strong>est,</strong></span> <span class='ocrx_word' id='word_1_595' title='bbox 1063 4161 1090 4206; x_wconf 89' lang='lat' dir='ltr'><strong>et</strong></span> <span class='ocrx_word' id='word_1_596' title='bbox 1101 4149 1275 4205; x_wconf 77' lang='lat' dir='ltr'><strong>hortabatur</strong></span> <span class='ocrx_word' id='word_1_597' title='bbox 1285 4151 1425 4228; x_wconf 58' lang='lat' dir='ltr'><strong>omnesin</strong></span> <span class='ocrx_word' id='word_1_598' title='bbox 1438 4152 1687 4228; x_wconf 84' lang='lat' dir='ltr'><strong>propositocordis</strong></span> 
     </span>
     <span class='ocr_line' id='line_1_57' title="bbox 140 4232 1686 4319; baseline 0.006 -26"><span class='ocrx_word' id='word_1_599' title='bbox 140 4255 200 4304; x_wconf 75' lang='grc' dir='ltr'>ματος</span> <span class='ocrx_word' id='word_1_600' title='bbox 215 4237 289 4314; x_wconf 85' lang='grc' dir='ltr'>ἁγίου</span> <span class='ocrx_word' id='word_1_601' title='bbox 307 4236 354 4294; x_wconf 83' lang='grc' dir='ltr'><strong>καὶ</strong></span> <span class='ocrx_word' id='word_1_602' title='bbox 368 4232 492 4300; x_wconf 84' lang='grc' dir='ltr'>πίστεως.</span> <span class='ocrx_word' id='word_1_603' title='bbox 506 4234 560 4293; x_wconf 81' lang='grc' dir='ltr'><strong>Καί</strong></span> <span class='ocrx_word' id='word_1_604' title='bbox 579 4234 725 4315; x_wconf 85' lang='grc' dir='ltr'>προσετέθη</span> <span class='ocrx_word' id='word_1_605' title='bbox 738 4236 816 4317; x_wconf 74' lang='grc' dir='ltr'>ὄχλος</span> <span class='ocrx_word' id='word_1_606' title='bbox 829 4241 889 4297; x_wconf 86' lang='grc' dir='ltr'>ίκα-</span> <span class='ocrx_word' id='word_1_607' title='bbox 939 4261 1112 4319; x_wconf 83' lang='lat' dir='ltr'><strong>permanere</strong></span> <span class='ocrx_word' id='word_1_608' title='bbox 1123 4244 1155 4297; x_wconf 89' lang='lat' dir='ltr'><strong>in</strong></span> <span class='ocrx_word' id='word_1_609' title='bbox 1164 4241 1297 4297; x_wconf 90' lang='lat' dir='ltr'><strong>Domino</strong></span> <span class='ocrx_word' id='word_1_610' title='bbox 1310 4261 1319 4293; x_wconf 90' lang='lat'><strong>.·</strong></span> <span class='ocrx_word' id='word_1_611' title='bbox 1333 4237 1380 4297; x_wconf 62' lang='lat'><strong>24.</strong></span> <span class='ocrx_word' id='word_1_612' title='bbox 1402 4243 1474 4318; x_wconf 80' lang='lat' dir='ltr'><strong>quia</strong></span> <span class='ocrx_word' id='word_1_613' title='bbox 1482 4253 1546 4299; x_wconf 84' lang='lat' dir='ltr'><strong>erat</strong></span> <span class='ocrx_word' id='word_1_614' title='bbox 1561 4246 1612 4300; x_wconf 80' lang='lat' dir='ltr'><strong>vir</strong></span> <span class='ocrx_word' id='word_1_615' title='bbox 1632 4246 1686 4302; x_wconf 89' lang='lat' dir='ltr'><strong>bo-</strong></span> 
     </span>
     <span class='ocr_line' id='line_1_58' title="bbox 138 4324 1785 4413; baseline 0.004 -25"><span class='ocrx_word' id='word_1_616' title='bbox 138 4327 209 4407; x_wconf 74' lang='grc' dir='ltr'>θιτῷ</span> <span class='ocrx_word' id='word_1_617' title='bbox 228 4327 330 4409; x_wconf 82' lang='grc' dir='ltr'>Κυρίῳ.</span> <span class='ocrx_word' id='word_1_618' title='bbox 346 4324 457 4396; x_wconf 78' lang='grc' dir='ltr'>Ἐξῆλθε</span> <span class='ocrx_word' id='word_1_619' title='bbox 481 4325 510 4384; x_wconf 83' lang='grc' dir='ltr'><strong>δέ</strong></span> <span class='ocrx_word' id='word_1_620' title='bbox 528 4331 564 4393; x_wconf 78' lang='grc' dir='ltr'><strong>εἰς</strong></span> <span class='ocrx_word' id='word_1_621' title='bbox 582 4328 689 4409; x_wconf 82' lang='grc' dir='ltr'>Ταρσὸν</span> <span class='ocrx_word' id='word_1_622' title='bbox 713 4333 727 4387; x_wconf 79' lang='grc' dir='ltr'><strong>ὅ</strong></span> <span class='ocrx_word' id='word_1_623' title='bbox 749 4329 889 4408; x_wconf 77' lang='grc' dir='ltr'>Βαρνοίύας</span> <span class='ocrx_word' id='word_1_624' title='bbox 905 4353 923 4401; x_wconf 82' lang='lat' dir='ltr'><strong>c</strong></span> <span class='ocrx_word' id='word_1_625' title='bbox 942 4353 996 4391; x_wconf 89' lang='lat' dir='ltr'><strong>nus</strong></span> <span class='ocrx_word' id='word_1_626' title='bbox 1007 4345 1034 4390; x_wconf 90' lang='lat' dir='ltr'><strong>et</strong></span> <span class='ocrx_word' id='word_1_627' title='bbox 1046 4332 1152 4411; x_wconf 83' lang='lat' dir='ltr'><strong>plenus</strong></span> <span class='ocrx_word' id='word_1_628' title='bbox 1165 4331 1273 4410; x_wconf 85' lang='lat' dir='ltr'><strong>Spiritu</strong></span> <span class='ocrx_word' id='word_1_629' title='bbox 1283 4343 1387 4389; x_wconf 89' lang='lat' dir='ltr'><strong>sancto</strong></span> <span class='ocrx_word' id='word_1_630' title='bbox 1398 4343 1426 4388; x_wconf 91' lang='lat' dir='ltr'><strong>et</strong></span> <span class='ocrx_word' id='word_1_631' title='bbox 1433 4332 1509 4411; x_wconf 82' lang='lat' dir='ltr'><strong>fide.</strong></span> <span class='ocrx_word' id='word_1_632' title='bbox 1519 4335 1685 4413; x_wconf 82' lang='lat' dir='ltr'><strong>Etapposi-</strong></span> <span class='ocrx_word' id='word_1_633' title='bbox 1784 4343 1785 4346; x_wconf 72' lang='grc'>’</span> 
     </span>
     <span class='ocr_line' id='line_1_59' title="bbox 86 4418 1685 4505; baseline 0.007 -29"><span class='ocrx_word' id='word_1_634' title='bbox 86 4492 88 4499; x_wconf 33' lang='grc' dir='ltr'>Ι</span> <span class='ocrx_word' id='word_1_635' title='bbox 138 4418 278 4492; x_wconf 71' lang='grc' dir='ltr'>ἀναζητῆσαι</span> <span class='ocrx_word' id='word_1_636' title='bbox 292 4422 410 4493; x_wconf 86' lang='grc' dir='ltr'>Παῦλον,</span> <span class='ocrx_word' id='word_1_637' title='bbox 422 4420 468 4478; x_wconf 78' lang='grc' dir='ltr'><strong>καὶ</strong></span> <span class='ocrx_word' id='word_1_638' title='bbox 479 4419 560 4500; x_wconf 74' lang='grc' dir='ltr'>εὑρὼν</span> <span class='ocrx_word' id='word_1_639' title='bbox 571 4420 668 4499; x_wconf 83' lang='grc' dir='ltr'>ἤγαγεν</span> <span class='ocrx_word' id='word_1_640' title='bbox 683 4421 760 4481; x_wconf 83' lang='grc' dir='ltr'>αὐτὸν</span> <span class='ocrx_word' id='word_1_641' title='bbox 779 4425 814 4492; x_wconf 82' lang='grc' dir='ltr'><strong>εἰς</strong></span> <span class='ocrx_word' id='word_1_642' title='bbox 830 4423 886 4484; x_wconf 82' lang='grc' dir='ltr'>Ἀν-</span> <span class='ocrx_word' id='word_1_643' title='bbox 941 4438 972 4483; x_wconf 88' lang='lat' dir='ltr'><strong>ta</strong></span> <span class='ocrx_word' id='word_1_644' title='bbox 985 4438 1027 4484; x_wconf 91' lang='lat' dir='ltr'><strong>est</strong></span> <span class='ocrx_word' id='word_1_645' title='bbox 1042 4425 1234 4483; x_wconf 86' lang='lat' dir='ltr'><strong>multaturba</strong></span> <span class='ocrx_word' id='word_1_646' title='bbox 1249 4425 1388 4481; x_wconf 88' lang='lat' dir='ltr'><strong>Domino.</strong></span> <span class='ocrx_word' id='word_1_647' title='bbox 1403 4423 1452 4482; x_wconf 65' lang='grc'><strong>95.</strong></span> <span class='ocrx_word' id='word_1_648' title='bbox 1467 4425 1624 4505; x_wconf 76' lang='lat' dir='ltr'><strong>Profectus</strong></span> <span class='ocrx_word' id='word_1_649' title='bbox 1642 4442 1685 4487; x_wconf 89' lang='lat' dir='ltr'><strong>est</strong></span> 
     </span>
     <span class='ocr_line' id='line_1_60' title="bbox 137 4502 1682 4596; baseline 0.005 -29"><span class='ocrx_word' id='word_1_650' title='bbox 137 4509 239 4588; x_wconf 78' lang='grc' dir='ltr'>τιίχειαν,</span> <span class='ocrx_word' id='word_1_651' title='bbox 251 4510 328 4571; x_wconf 78' lang='grc' dir='ltr'>Πολὺ</span> <span class='ocrx_word' id='word_1_652' title='bbox 341 4511 460 4593; x_wconf 85' lang='grc' dir='ltr'>χρηστὸς</span> <span class='ocrx_word' id='word_1_653' title='bbox 470 4502 503 4583; x_wconf 73' lang='grc' dir='ltr'>ἦν</span> <span class='ocrx_word' id='word_1_654' title='bbox 516 4517 530 4570; x_wconf 78' lang='grc' dir='ltr'>ὁ</span> <span class='ocrx_word' id='word_1_655' title='bbox 543 4510 661 4593; x_wconf 78' lang='grc' dir='ltr'>ἀνὴρκαὶ</span> <span class='ocrx_word' id='word_1_656' title='bbox 676 4512 776 4592; x_wconf 78' lang='grc' dir='ltr'>ἀφελὴς</span> <span class='ocrx_word' id='word_1_657' title='bbox 786 4514 886 4575; x_wconf 85' lang='grc' dir='ltr'>καὶτοῦ</span> <span class='ocrx_word' id='word_1_658' title='bbox 939 4530 1037 4575; x_wconf 88' lang='lat' dir='ltr'><strong>autem</strong></span> <span class='ocrx_word' id='word_1_659' title='bbox 1046 4518 1200 4575; x_wconf 75' lang='lat' dir='ltr'><strong>barnabas</strong></span> <span class='ocrx_word' id='word_1_660' title='bbox 1213 4517 1238 4575; x_wconf 88' lang='lat' dir='ltr'><em>T</em></span> <span class='ocrx_word' id='word_1_661' title='bbox 1236 4536 1344 4587; x_wconf 83' lang='lat' dir='ltr'><strong>arsum,</strong></span> <span class='ocrx_word' id='word_1_662' title='bbox 1360 4529 1392 4574; x_wconf 91' lang='lat' dir='ltr'><strong>ut</strong></span> <span class='ocrx_word' id='word_1_663' title='bbox 1401 4531 1538 4596; x_wconf 82' lang='lat' dir='ltr'><strong>quareret</strong></span> <span class='ocrx_word' id='word_1_664' title='bbox 1548 4517 1682 4577; x_wconf 83' lang='lat' dir='ltr'><strong>Saulum:</strong></span> 
     </span>
     <span class='ocr_line' id='line_1_61' title="bbox 86 4595 1682 4688; baseline 0.007 -29"><span class='ocrx_word' id='word_1_665' title='bbox 86 4674 88 4683; x_wconf 33' lang='grc' dir='ltr'>Ι</span> <span class='ocrx_word' id='word_1_666' title='bbox 138 4601 220 4663; x_wconf 61' lang='lat' dir='ltr'><strong>aaa</strong></span> <span class='ocrx_word' id='word_1_667' title='bbox 231 4605 412 4675; x_wconf 75' lang='grc' dir='ltr'>συνήθηςΔιὸ</span> <span class='ocrx_word' id='word_1_668' title='bbox 422 4604 468 4663; x_wconf 82' lang='grc' dir='ltr'><strong>καί</strong></span> <span class='ocrx_word' id='word_1_669' title='bbox 478 4595 631 4676; x_wconf 72' lang='grc' dir='ltr'>ἦλθεν”έπί</span> <span class='ocrx_word' id='word_1_670' title='bbox 644 4605 687 4663; x_wconf 87' lang='grc' dir='ltr'><strong>τὸν</strong></span> <span class='ocrx_word' id='word_1_671' title='bbox 705 4606 831 4681; x_wconf 78' lang='grc' dir='ltr'>ἀθλητὴν,</span> <span class='ocrx_word' id='word_1_672' title='bbox 841 4608 886 4666; x_wconf 80' lang='grc' dir='ltr'>ἐπὶ</span> <span class='ocrx_word' id='word_1_673' title='bbox 939 4628 1023 4688; x_wconf 80' lang='lat' dir='ltr'><strong>quem</strong></span> <span class='ocrx_word' id='word_1_674' title='bbox 1046 4631 1112 4668; x_wconf 87' lang='lat' dir='ltr'><strong>cum</strong></span> <span class='ocrx_word' id='word_1_675' title='bbox 1127 4611 1301 4681; x_wconf 79' lang='lat' dir='ltr'><strong>invenisset,</strong></span> <span class='ocrx_word' id='word_1_676' title='bbox 1326 4611 1463 4688; x_wconf 74' lang='lat' dir='ltr'><strong>perduxit</strong></span> <span class='ocrx_word' id='word_1_677' title='bbox 1479 4610 1682 4670; x_wconf 76' lang='lat' dir='ltr'><strong>Antiochiam.</strong></span> 
     </span>
     <span class='ocr_line' id='line_1_62' title="bbox 86 4691 1684 4780; baseline 0.009 -31"><span class='ocrx_word' id='word_1_678' title='bbox 86 4764 88 4769; x_wconf 28' lang='grc' dir='ltr'>Ι</span> <span class='ocrx_word' id='word_1_679' title='bbox 138 4691 387 4775; x_wconf 51' lang='lat' dir='ltr'><strong>inexperta-(imni</strong></span> <span class='ocrx_word' id='word_1_680' title='bbox 407 4694 452 4754; x_wconf 83' lang='grc' dir='ltr'><strong>τὸν</strong></span> <span class='ocrx_word' id='word_1_681' title='bbox 470 4696 631 4777; x_wconf 80' lang='grc' dir='ltr'>μονομάχον,</span> <span class='ocrx_word' id='word_1_682' title='bbox 652 4697 697 4756; x_wconf 82' lang='grc' dir='ltr'><strong>ἐπί</strong></span> <span class='ocrx_word' id='word_1_683' title='bbox 720 4697 764 4757; x_wconf 87' lang='grc' dir='ltr'><strong>τὸν</strong></span> <span class='ocrx_word' id='word_1_684' title='bbox 784 4698 884 4758; x_wconf 86' lang='grc' dir='ltr'>λέοντα.</span> <span class='ocrx_word' id='word_1_685' title='bbox 939 4701 1066 4779; x_wconf 90' lang='lat' dir='ltr'><strong>Optimus</strong></span> <span class='ocrx_word' id='word_1_686' title='bbox 1093 4701 1207 4760; x_wconf 80' lang='lat' dir='ltr'><strong>viserat</strong></span> <span class='ocrx_word' id='word_1_687' title='bbox 1225 4715 1251 4759; x_wconf 90' lang='lat' dir='ltr'><strong>et</strong></span> <span class='ocrx_word' id='word_1_688' title='bbox 1265 4700 1398 4780; x_wconf 77' lang='lat' dir='ltr'><strong>simplex,</strong></span> <span class='ocrx_word' id='word_1_689' title='bbox 1413 4715 1493 4779; x_wconf 89' lang='lat' dir='ltr'><strong>atque</strong></span> <span class='ocrx_word' id='word_1_690' title='bbox 1507 4701 1591 4762; x_wconf 87' lang='lat' dir='ltr'><strong>Paulo</strong></span> <span class='ocrx_word' id='word_1_691' title='bbox 1606 4704 1684 4762; x_wconf 83' lang='lat' dir='ltr'><strong>tami-</strong></span> 
     </span>
     <span class='ocr_line' id='line_1_63' title="bbox 139 4784 1685 4870; baseline 0.008 -27.569"><span class='ocrx_word' id='word_1_692' title='bbox 139 4784 238 4866; x_wconf 71' lang='grc' dir='ltr'>θίιέχω</span> <span class='ocrx_word' id='word_1_693' title='bbox 255 4786 373 4846; x_wconf 85' lang='grc' dir='ltr'>τίιίπω.</span> <span class='ocrx_word' id='word_1_694' title='bbox 389 4784 465 4866; x_wconf 84' lang='grc' dir='ltr'><strong>Ὅσα</strong></span> <span class='ocrx_word' id='word_1_695' title='bbox 477 4786 530 4866; x_wconf 76' lang='grc' dir='ltr'>γὰρ</span> <span class='ocrx_word' id='word_1_696' title='bbox 545 4786 575 4846; x_wconf 84' lang='grc' dir='ltr'><strong>διν</strong></span> <span class='ocrx_word' id='word_1_697' title='bbox 595 4787 818 4861; x_wconf 83' lang='grc' dir='ltr'>είπυι,ἐλοίττονα</span> <span class='ocrx_word' id='word_1_698' title='bbox 837 4793 886 4860; x_wconf 78' lang='grc' dir='ltr'><strong>τῆς</strong></span> <span class='ocrx_word' id='word_1_699' title='bbox 939 4790 1023 4870; x_wconf 86' lang='lat' dir='ltr'><strong>liaris.</strong></span> <span class='ocrx_word' id='word_1_700' title='bbox 1038 4791 1101 4851; x_wconf 87' lang='lat' dir='ltr'><strong>Ideo</strong></span> <span class='ocrx_word' id='word_1_701' title='bbox 1113 4791 1232 4852; x_wconf 85' lang='lat' dir='ltr'><strong>venitad</strong></span> <span class='ocrx_word' id='word_1_702' title='bbox 1243 4791 1380 4866; x_wconf 85' lang='lat' dir='ltr'><strong>athletam,</strong></span> <span class='ocrx_word' id='word_1_703' title='bbox 1394 4792 1430 4853; x_wconf 85' lang='lat' dir='ltr'><strong>ad</strong></span> <span class='ocrx_word' id='word_1_704' title='bbox 1447 4791 1553 4866; x_wconf 87' lang='lat' dir='ltr'><strong>ducem,</strong></span> <span class='ocrx_word' id='word_1_705' title='bbox 1574 4794 1609 4852; x_wconf 86' lang='lat' dir='ltr'><strong>ad</strong></span> <span class='ocrx_word' id='word_1_706' title='bbox 1628 4817 1685 4855; x_wconf 91' lang='lat' dir='ltr'><strong>mo·</strong></span> 
     </span>
    </p>
   </div>
   <div class='ocr_carea' id='block_1_14' title="bbox 147 4951 1778 5334">
    <p class='ocr_par' dir='ltr' id='par_1_14' title="bbox 924 4951 1686 5027">
     <span class='ocr_line' id='line_1_64' title="bbox 924 4951 1686 5027; baseline 0.012 -26"><span class='ocrx_word' id='word_1_707' title='bbox 924 4955 1046 5018; x_wconf 83' lang='lat' dir='ltr'><strong>expressit</strong></span> <span class='ocrx_word' id='word_1_708' title='bbox 1061 4971 1116 5004; x_wconf 87' lang='lat' dir='ltr'><strong>eam</strong></span> <span class='ocrx_word' id='word_1_709' title='bbox 1132 4965 1202 5005; x_wconf 83' lang='lat' dir='ltr'><strong>vetus</strong></span> <span class='ocrx_word' id='word_1_710' title='bbox 1217 4951 1354 5019; x_wconf 78' lang='lat' dir='ltr'><strong>interpres.</strong></span> <span class='ocrx_word' id='word_1_711' title='bbox 1367 4955 1396 5002; x_wconf 78' lang='lat' dir='ltr'><strong>A.</strong></span> <span class='ocrx_word' id='word_1_712' title='bbox 1413 4953 1464 5004; x_wconf 81' lang='lat' dir='ltr'><strong>B...</strong></span> <span class='ocrx_word' id='word_1_713' title='bbox 1474 4960 1504 5012; x_wconf 77' lang='grc' dir='ltr'><strong>ιῑς</strong></span> <span class='ocrx_word' id='word_1_714' title='bbox 1520 4957 1569 5007; x_wconf 80' lang='grc' dir='ltr'>δέον</span> <span class='ocrx_word' id='word_1_715' title='bbox 1583 4965 1620 5009; x_wconf 79' lang='grc' dir='ltr'><strong>καί</strong></span> <span class='ocrx_word' id='word_1_716' title='bbox 1630 4963 1686 5027; x_wconf 75' lang='grc' dir='ltr'>ὐπῖμ</span> 
     </span>
    </p>

    <p class='ocr_par' dir='ltr' id='par_1_15' title="bbox 147 5023 1778 5334">
     <span class='ocr_line' id='line_1_65' title="bbox 165 5023 1778 5107; baseline 0.007 -28"><span class='ocrx_word' id='word_1_717' title='bbox 165 5023 191 5087; x_wconf 79' lang='lat' dir='ltr'><strong>t[</strong></span> <span class='ocrx_word' id='word_1_718' title='bbox 201 5034 317 5079; x_wconf 63' lang='lat' dir='ltr'><strong>musaea</strong></span> <span class='ocrx_word' id='word_1_719' title='bbox 332 5027 502 5086; x_wconf 77' lang='lat' dir='ltr'><strong>restituimus,</strong></span> <span class='ocrx_word' id='word_1_720' title='bbox 516 5026 663 5090; x_wconf 77' lang='lat' dir='ltr'><strong>juvantibus</strong></span> <span class='ocrx_word' id='word_1_721' title='bbox 673 5031 701 5078; x_wconf 80' lang='grc' dir='ltr'><strong>Α.</strong></span> <span class='ocrx_word' id='word_1_722' title='bbox 718 5030 748 5079; x_wconf 87' lang='lat' dir='ltr'><strong>B.</strong></span> <span class='ocrx_word' id='word_1_723' title='bbox 763 5030 793 5080; x_wconf 90' lang='lat' dir='ltr'><strong>C.</strong></span> <span class='ocrx_word' id='word_1_724' title='bbox 805 5029 835 5080; x_wconf 85' lang='lat' dir='ltr'><strong>l).</strong></span> <span class='ocrx_word' id='word_1_725' title='bbox 850 5041 876 5079; x_wconf 83' lang='lat' dir='ltr'><strong>et</strong></span> <span class='ocrx_word' id='word_1_726' title='bbox 925 5046 965 5091; x_wconf 80' lang='grc' dir='ltr'><strong>τῆς</strong></span> <span class='ocrx_word' id='word_1_727' title='bbox 977 5039 1093 5092; x_wconf 74' lang='grc' dir='ltr'>ἐκκλησίας</span> <span class='ocrx_word' id='word_1_728' title='bbox 1105 5043 1214 5100; x_wconf 81' lang='grc' dir='ltr'>κέχρηται</span> <span class='ocrx_word' id='word_1_729' title='bbox 1226 5037 1238 5085; x_wconf 84' lang='grc' dir='ltr'>δ</span> <span class='ocrx_word' id='word_1_730' title='bbox 1249 5048 1292 5094; x_wconf 76' lang='lat' dir='ltr'><strong>Xa-</strong></span> <span class='ocrx_word' id='word_1_731' title='bbox 1305 5047 1336 5100; x_wconf 73' lang='grc' dir='ltr'><strong>τῷ</strong></span> <span class='ocrx_word' id='word_1_732' title='bbox 1352 5040 1422 5096; x_wconf 77' lang='grc' dir='ltr'>μίσει.</span> <span class='ocrx_word' id='word_1_733' title='bbox 1434 5030 1465 5081; x_wconf 85' lang='lat' dir='ltr'><strong>C·</strong></span> <span class='ocrx_word' id='word_1_734' title='bbox 1482 5040 1512 5092; x_wconf 82' lang='grc' dir='ltr'><strong>είς</strong></span> <span class='ocrx_word' id='word_1_735' title='bbox 1523 5037 1571 5086; x_wconf 78' lang='grc' dir='ltr'>δίον</span> <span class='ocrx_word' id='word_1_736' title='bbox 1582 5043 1620 5089; x_wconf 77' lang='grc' dir='ltr'><strong>καί</strong></span> <span class='ocrx_word' id='word_1_737' title='bbox 1630 5041 1688 5107; x_wconf 83' lang='lat' dir='ltr'><strong>bnlp</strong></span> <span class='ocrx_word' id='word_1_738' title='bbox 1775 5054 1778 5059; x_wconf 85' lang='grc'><em>“</em></span> 
     </span>
     <span class='ocr_line' id='line_1_66' title="bbox 147 5101 1709 5168; baseline 0.004 -25"><span class='ocrx_word' id='word_1_739' title='bbox 147 5101 517 5168; x_wconf 71' lang='grc' dir='ltr'>οντγ.8ιινίί.ῑιίὶιίἀπωθιῑςς.]</span> <span class='ocrx_word' id='word_1_740' title='bbox 554 5122 560 5132; x_wconf 94' lang='grc'><em>·</em></span> <span class='ocrx_word' id='word_1_741' title='bbox 1706 5110 1709 5114; x_wconf 76' lang='grc'><em>’</em></span> 
     </span>
     <span class='ocr_line' id='line_1_67' title="bbox 169 5179 825 5249; baseline 0.021 -25"><span class='ocrx_word' id='word_1_742' title='bbox 169 5179 244 5241; x_wconf 63' lang='lat' dir='ltr'><strong>’item</strong></span> <span class='ocrx_word' id='word_1_743' title='bbox 253 5189 304 5249; x_wconf 75' lang='grc' dir='ltr'>δρα·</span> <span class='ocrx_word' id='word_1_744' title='bbox 317 5180 416 5241; x_wconf 66' lang='lat' dir='ltr'><strong>illusa</strong></span> <span class='ocrx_word' id='word_1_745' title='bbox 428 5187 618 5247; x_wconf 67' lang='grc' dir='ltr'>οὶαῃιλίςονται,</span> <span class='ocrx_word' id='word_1_746' title='bbox 629 5181 720 5234; x_wconf 78' lang='grc' dir='ltr'>ἀεοοοι</span> <span class='ocrx_word' id='word_1_747' title='bbox 732 5185 757 5235; x_wconf 89' lang='grc' dir='ltr'><strong>ἰο</strong></span> <span class='ocrx_word' id='word_1_748' title='bbox 766 5202 825 5238; x_wconf 88' lang='lat' dir='ltr'><strong>nno.</strong></span> 
     </span>
     <span class='ocr_line' id='line_1_68' title="bbox 173 5256 1557 5334; baseline 0.01 -30"><span class='ocrx_word' id='word_1_749' title='bbox 173 5256 295 5325; x_wconf 78' lang='lat' dir='ltr'><strong>⁸[lgmrat</strong></span> <span class='ocrx_word' id='word_1_750' title='bbox 308 5278 387 5327; x_wconf 84' lang='lat' dir='ltr'><strong>qnam</strong></span> <span class='ocrx_word' id='word_1_751' title='bbox 405 5257 553 5311; x_wconf 80' lang='lat' dir='ltr'><strong>inclusimus</strong></span> <span class='ocrx_word' id='word_1_752' title='bbox 569 5279 656 5315; x_wconf 73' lang='lat' dir='ltr'><strong>rocem</strong></span> <span class='ocrx_word' id='word_1_753' title='bbox 675 5271 759 5318; x_wconf 68' lang='grc' dir='ltr'>ἄνωθεν</span> <span class='ocrx_word' id='word_1_754' title='bbox 774 5264 817 5328; x_wconf 74' lang='grc' dir='ltr'><strong>Ι),</strong></span> <span class='ocrx_word' id='word_1_755' title='bbox 831 5281 876 5316; x_wconf 80' lang='grc' dir='ltr'><strong>οοο</strong></span> <span class='ocrx_word' id='word_1_756' title='bbox 925 5279 1000 5322; x_wconf 88' lang='lat' dir='ltr'><strong>scunt</strong></span> <span class='ocrx_word' id='word_1_757' title='bbox 1010 5264 1095 5322; x_wconf 83' lang='lat' dir='ltr'><strong>codd.</strong></span> <span class='ocrx_word' id='word_1_758' title='bbox 1107 5279 1207 5330; x_wconf 85' lang='lat' dir='ltr'><strong>omnes,</strong></span> <span class='ocrx_word' id='word_1_759' title='bbox 1218 5275 1244 5316; x_wconf 87' lang='lat' dir='ltr'><strong>et</strong></span> <span class='ocrx_word' id='word_1_760' title='bbox 1255 5262 1314 5333; x_wconf 84' lang='lat' dir='ltr'><strong>legit</strong></span> <span class='ocrx_word' id='word_1_761' title='bbox 1326 5275 1396 5319; x_wconf 81' lang='lat' dir='ltr'><strong>retus</strong></span> <span class='ocrx_word' id='word_1_762' title='bbox 1407 5267 1557 5334; x_wconf 86' lang='lat' dir='ltr'><strong>Interpres.]</strong></span> 
     </span>
    </p>
   </div>
   <div class='ocr_carea' id='block_1_15' title="bbox 162 4945 475 5017">
    <p class='ocr_par' dir='ltr' id='par_1_16' title="bbox 162 4945 475 5017">
     <span class='ocr_line' id='line_1_69' title="bbox 162 4945 475 5017; baseline -0.003 -20"><span class='ocrx_word' id='word_1_763' title='bbox 162 4945 241 4997; x_wconf 67' lang='grc' dir='ltr'><strong>’ΠΜ</strong></span> <span class='ocrx_word' id='word_1_764' title='bbox 250 4954 289 5001; x_wconf 75' lang='grc' dir='ltr'><strong>ὅτι</strong></span> <span class='ocrx_word' id='word_1_765' title='bbox 300 4955 345 5017; x_wconf 77' lang='grc' dir='ltr'>γὰρ</span> <span class='ocrx_word' id='word_1_766' title='bbox 357 4952 475 5017; x_wconf 64' lang='lat' dir='ltr'><strong>Iniquom.</strong></span> 
     </span>
    </p>
   </div>
   <div class='ocr_carea' id='block_1_16' title="bbox 822 5111 1688 5261">
    <p class='ocr_par' dir='ltr' id='par_1_17' title="bbox 822 5111 1688 5261">
     <span class='ocr_line' id='line_1_70' title="bbox 822 5111 1385 5176; baseline 0.005 -15"><span class='ocrx_word' id='word_1_767' title='bbox 822 5135 825 5142; x_wconf 59' lang='lat'><em>&gt;</em></span> <span class='ocrx_word' id='word_1_768' title='bbox 926 5123 965 5168; x_wconf 78' lang='grc' dir='ltr'><strong>τῆς</strong></span> <span class='ocrx_word' id='word_1_769' title='bbox 979 5114 1110 5169; x_wconf 81' lang='grc' dir='ltr'>δεσποτείας</span> <span class='ocrx_word' id='word_1_770' title='bbox 1124 5118 1150 5171; x_wconf 74' lang='grc' dir='ltr'>ἦν</span> <span class='ocrx_word' id='word_1_771' title='bbox 1163 5119 1245 5164; x_wconf 79' lang='grc' dir='ltr'>ταῦτα.</span> <span class='ocrx_word' id='word_1_772' title='bbox 1259 5122 1291 5176; x_wconf 85' lang='grc' dir='ltr'><strong>τῷ</strong></span> <span class='ocrx_word' id='word_1_773' title='bbox 1304 5111 1385 5176; x_wconf 68' lang='grc' dir='ltr'>μίσιιι]</span> 
     </span>
     <span class='ocr_line' id='line_1_71' title="bbox 961 5185 1688 5261; baseline 0.012 -33"><span class='ocrx_word' id='word_1_774' title='bbox 961 5204 971 5228; x_wconf 75' lang='grc' dir='ltr'>ι</span> <span class='ocrx_word' id='word_1_775' title='bbox 982 5186 1089 5254; x_wconf 44' lang='lat' dir='ltr'><strong>[verbm</strong></span> <span class='ocrx_word' id='word_1_776' title='bbox 1100 5197 1137 5243; x_wconf 64' lang='grc' dir='ltr'>ιπὶ</span> <span class='ocrx_word' id='word_1_777' title='bbox 1145 5197 1183 5241; x_wconf 59' lang='grc' dir='ltr'><strong>τὸ,</strong></span> <span class='ocrx_word' id='word_1_778' title='bbox 1194 5192 1304 5250; x_wconf 58' lang='grc' dir='ltr'>ἀθλητήν,</span> <span class='ocrx_word' id='word_1_779' title='bbox 1314 5185 1405 5254; x_wconf 84' lang='lat' dir='ltr'><strong>quihus</strong></span> <span class='ocrx_word' id='word_1_780' title='bbox 1417 5199 1505 5238; x_wconf 88' lang='lat' dir='ltr'><strong>carent</strong></span> <span class='ocrx_word' id='word_1_781' title='bbox 1517 5187 1599 5255; x_wconf 84' lang='lat' dir='ltr'><strong>Editi,</strong></span> <span class='ocrx_word' id='word_1_782' title='bbox 1610 5211 1688 5261; x_wconf 82' lang='lat' dir='ltr'><strong>agno.</strong></span> 
     </span>
    </p>
   </div>
   <div class='ocr_carea' id='block_1_17' title="bbox 0 0 1878 5978">
    <p class='ocr_par' dir='ltr' id='par_1_18' title="bbox 0 0 1878 5978">
     <span class='ocr_line' id='line_1_72' title="bbox 0 0 1878 5978; baseline 0 0"><span class='ocrx_word' id='word_1_783' title='bbox 0 0 1878 5978; x_wconf 95' lang='lat' dir='ltr'><strong> </strong></span> 
     </span>
    </p>
   </div>
  </div>
 </body>
</html>
