3728 5978
225 376 297 469 438
560 403 589 452 s.
616 401 757 454 ιοεεικιε
782 399 965 448 cuursosr.
995 399 1150 449 tuentur.
1178 401 1447 451 cousrsurruor.

225 523 359 586 mirabilis
369 526 415 606 sit,
432 540 461 586 tu
475 547 538 590 sero
551 527 661 586 malus?
676 525 738 589 vide
752 522 888 603 quomodo
901 521 967 582 huic
1021 529 1085 601 μοῦν
1109 525 1260 607 θεραπεύει·
1288 526 1421 606 μάρτυρας
1436 522 1488 605 γδρ
1511 524 1588 582 καλεῖ
1607 520 1711 587 πάντας
1734 521 1793 590 τούς

224 634 349 680 occurrat
357 620 512 702 objectioni:
524 633 602 680 testes
614 621 687 679 enim
695 617 809 679 advocat
817 636 908 676 omncs
916 617 965 676 lu·
1018 613 1230 685 Ἰουδαίουςτολς
1241 616 1419 697 γινώσκοντας
1440 615 1485 674 τὸν
1503 617 1584 674 αὐτοῦ
1606 612 1664 692 βίον
1686 612 1733 672 καί
1744 613 1791 686 τὴν

223 710 310 788 daos,
324 714 371 792 qui
392 713 450 794 ejus
469 713 554 774 vitam
568 727 595 773 et
609 711 838 773 conversationem
859 721 964 768 norant.
1017 710 1196 791 ἀναστροφήν.
1206 706 1295 770 Ἴσασι
1304 706 1568 789 γάρ,φησί,ποίντες
1576 706 1719 779 Ἰουδαῖοι,
1730 730 1791 787 προ

221 803 333 883 δαίεται,
346 805 445 884 iuquit,
459 827 558 866 omnes
571 807 680 877 Judoei,
696 809 747 886 qui
758 825 804 862 me
815 806 897 883 prius
913 821 963 859 rto·
1016 799 1188 877 γινύισκοντές
1202 825 1236 879 με
1256 801 1365 874 ἄνωθεν,
1384 799 1430 860 ἐὰν
1446 799 1542 858 θέλοισι
1563 805 1719 878 μαρτυρεῖν.
1736 798 1790 860 Καί

222 911 334 969 verum,
345 902 371 956 si
378 899 474 957 velint
486 899 782 978 testimouiumferre.
792 899 820 964 6,
831 897 872 953 Et
884 915 962 952 nuuc
1015 896 1060 950 νῦν
1074 897 1116 954 ἐπ’
1133 893 1221 954 ἐλπίδι
1238 898 1286 966 τῆς
1303 893 1369 974 πρδς
1380 891 1441 961 τοῦς
1454 891 1570 972 πατέρας
1583 895 1663 969 ἡμῶν
1676 890 1788 968 γενομέ-

218 993 251 1046 iu
265 1010 316 1070 spe
334 995 576 1071 repromissionis,
592 1012 657 1072 orca
672 991 714 1049 ad
728 1002 827 1070 patres
846 999 961 1046 nostros
1013 1006 1060 1057 νης
1081 985 1241 1066 ἐπαγγελίας
1254 985 1306 1046 θπδ
1327 990 1373 1046 τοῦ
1387 987 1474 1056 Θεοῦ,
1498 985 1599 1057 ἕστηκα
1617 983 1786 1065 κρινόμενος·

211 1080 301 1159 sacta
322 1096 365 1142 est
384 1105 404 1142 c
419 1086 494 1156 Deo,
515 1097 561 1144 sto
578 1085 689 1164 iudicio
710 1084 855 1161 subjectus
867 1103 876 1135 .·
886 1080 914 1138 7.
928 1082 961 1137 in
1013 1077 1050 1144 εἰς
1070 1078 1103 1151 ἢν
1122 1079 1153 1138 τδ
1167 1077 1348 1158 δωδεκάφυλον
1363 1081 1450 1156 ἡμῶν,
1470 1080 1497 1138 ἐν
1514 1074 1631 1156 ἐκτενείᾳ
1644 1075 1729 1136 νύκτα
1742 1076 1786 1136 καί

215 1193 306 1253 ρεισκε
326 1177 479 1236 duodecim
502 1181 593 1236 tribus
610 1188 728 1246 nostre,
752 1185 835 1232 nocte
853 1193 889 1232 ac
911 1173 960 1231 die
1011 1169 1114 1247 ἡμέραν
1131 1174 1268 1250 λατρεῦον,
1282 1169 1382 1238 ἐλπίζει
1395 1172 1574 1240 καταντῆσαι·
1587 1168 1650 1249 περλ
1662 1158 1785 1238 lectul-

214 1265 418 1340 deserrieales,
431 1281 549 1349 sperant
561 1266 753 1326 devenireede
764 1285 823 1345 qua
836 1285 895 1343 spe,
906 1284 958 1322 rear
1012 1261 1054 1329 δος
1077 1266 1255 1344 ἐγκαλοῦμαι,
1272 1266 1381 1342 βασιλεῦ
1404 1259 1552 1341 Ἀγρίππα,
1571 1260 1624 1320 ὑπὸ
1637 1258 1783 1320 ’lucinium

213 1356 359 1438 Agrippa,
373 1380 495 1420 accusor
508 1382 528 1418 a
542 1357 702 1419 Judaets.8.
722 1358 819 1435 Quid?
832 1357 957 1414 incredi·
1010 1353 1061 1427 Ti;
1075 1355 1186 1416 ἄπιστον
1211 1355 1329 1435 κρίνεται
1354 1356 1417 1435 παρ’
1436 1359 1507 1429 ὑμῖν,
1520 1355 1544 1412 εἰ
1563 1352 1662 1420 decise
1678 1351 1783 1435 νεκροῦ,

214 1450 519 1532 bilejudicaturcpud
526 1473 593 1529 nos,
602 1454 628 1511 si
638 1453 719 1510 Deus
729 1462 857 1508 mortuos
865 1452 956 1508 susci·
1009 1447 1118 1531 ἐγείρει,
1131 1448 1185 1509 Δύο
1196 1447 1287 1520 τίθησι
1300 1447 1361 1528 περὶ
1382 1445 1550 1513 ἀναστάσεως
1563 1443 1724 1526 λογισμούς,
1736 1445 1782 1506 tu

212 1544 363 1602 tutiDuas
373 1542 407 1602 de
418 1544 613 1604 resurrectione
622 1543 738 1602 rationes
746 1539 955 1624 ponitsaltcram
972 1547 991 1593 B
1009 1539 1057 1617 μὲν
1070 1539 1115 1599 τὸν
1133 1541 1186 1601 aa
1209 1543 1367 1624 προφητῶν·
1382 1539 1427 1599 καί
1450 1541 1480 1597 οῦ
1499 1536 1615 1616 παράγει
1632 1537 1780 1617 προφήτην,

210 1634 396 1714 aprophetis;
412 1649 438 1694 et
456 1635 563 1695 nullum
583 1633 696 1695 adducit
715 1633 893 1714 prophetam,
907 1631 953 1691 scd
1007 1632 1066 1695 ἀλλ’
1087 1631 1170 1705 αὐτὴν
1182 1635 1235 1692 τῶν
1247 1631 1383 1692 Ἰουδαίων
1402 1629 1450 1704 πλε
1466 1629 1558 1699 δόξαν·
1582 1629 1664 1689 ἄλλον
1685 1629 1714 1689 δέ
1736 1630 1779 1703 τὸν

210 1722 287 1784 illam
299 1725 457 1786 ludaeorum
470 1747 528 1786 esse
539 1726 693 1807 opinionem
703 1725 787 1800 dicit;
802 1724 914 1783 alteram
927 1737 954 1783 ct
1006 1723 1052 1783 καί
1064 1724 1233 1807 ἰσχυρότερον
1251 1723 1295 1784 τὸν
1311 1725 1364 1785 άπδ
1378 1723 1554 1803 πραγμάτων.
1571 1724 1655 1782 Ποῖον
1669 1721 1704 1795 δὴ
1718 1727 1777 1782 τοῦ·

208 1810 347 1877 fortiorem
371 1839 405 1877 ex
426 1817 507 1877 rebus
530 1818 607 1899 ipsis.
633 1821 725 1893 Quam
749 1816 848 1876 illam?
869 1816 952 1891 Quod
1004 1837 1065 1890 τον,
1081 1814 1147 1877 Ὅτι
1170 1816 1292 1897 διελέχθη
1316 1819 1421 1898 αιίτῷθ
1443 1814 1572 1896 Χριστὸς,
1586 1816 1725 1884 Ιάναστδις
1747 1819 1776 1876 ἐκ

208 1907 332 1968 Christus
344 1930 360 1968 a
373 1910 487 1969 mortuis
499 1911 643 1970 suscitatus
657 1931 685 1968 se
697 1909 852 1988 alloquutus
860 1907 904 1969 sit.
915 1909 951 1968 Et
1003 1913 1112 1990 νεκρῶν.
1123 1910 1177 1970 Καί
1191 1910 1383 1978 κατασκευάζει
1396 1909 1442 1969 καλ
1456 1914 1546 1968 τοῦτον
1560 1907 1614 1968 αἰπύ
1626 1909 1773 1987 λογισμῶν,

207 1997 280 2060 illud
292 2001 440 2062 ratiociniis
459 2003 567 2084 prohat,
584 2003 702 2084 priscam
725 2001 857 2061 insaniam
871 2022 948 2062 suam
1001 1999 1051 2072 πλε
1070 2000 1201 2081 προτέραν
1223 2002 1301 2061 αὐτοῦ
1326 2000 1422 2080 μανίαν
1446 1998 1618 2079 διηγούμενος
1641 2000 1772 2079 άκριύεῖες·

206 2107 331 2154 accurate
341 2094 572 2155 narrans:dciude
581 2095 662 2155 etiam
676 2115 736 2153 cum
748 2093 828 2154 laude
838 2094 947 2156 ludaeo-
1001 2083 1058 2153 εἶτα
1076 2095 1120 2153 καί
1142 2094 1210 2172 μετὰ
1226 2093 1358 2172 ἐγκωμίου
1375 2098 1429 2153 τῶν
1451 2092 1599 2152 Ἰουδαίων·
1614 2090 1709 2152 Νύκτα
1730 2093 1773 2152 καί

204 2206 277 2246 rum.
297 2189 391 2247 Nocte
404 2201 433 2246 et
445 2188 494 2247 die
504 2188 642 2266 colentes,
655 2185 753 2265 inquit,
766 2200 885 2268 sperant
898 2189 947 2247 de-
999 2185 1103 2268 ἡμέραν
1122 2188 1248 2266 λατρεῦον
1262 2186 1376 2260 ἐλπίζει,
1393 2183 1474 2266 ρησί,
1494 2187 1672 2255 καταντῆσαι.
1689 2181 1773 2244 Ὥστε

206 2282 313 2338 venue.
325 2279 419 2357 ltaque
435 2278 540 2338 etiamsi
555 2278 699 2360 inculpatae
713 2279 775 2339 vitre
786 2299 839 2337 non
850 2299 946 2356 essem,
1000 2281 1023 2338 el
1039 2280 1085 2339 καί
1101 2279 1138 2358 μὴ
1151 2279 1272 2352 ἀλήπτου
1286 2278 1344 2358 βίου
1358 2279 1441 2357 ἤμην,
1455 2277 1521 2358 ὑπὲρ
1538 2275 1712 2358 saurgan}
1722 2277 1773 2338 ἔδει

202 2391 285 2451 super
303 2370 347 2430 his
368 2392 421 2430 nou
445 2385 578 2452 oporteret
598 2369 733 2450 judicari,
749 2391 799 2429 rex
814 2370 944 2451 Agrippa.
1000 2372 1149 2452 κρίνεσθαι,
1166 2374 1275 2452 βασιλεῦ
1287 2370 1430 2452 Ἀγρίππα.
1444 2361 1513 2431 Εἶτα
1534 2371 1580 2430 καί
1602 2370 1683 2439 σίλλος
1698 2373 1772 2450 λογι·

202 2461 337 2522 Subditur
345 2463 398 2522 alia
413 2466 491 2522 ratio.
508 2464 786 2541 ρυίάθίεεοτεάὶύίίε
793 2465 948 2544 judicatur
1000 2464 1073 2543 σμύς.
1095 2464 1147 2537 Τί,
1164 2465 1276 2525 ἄπιστον
1298 2465 1416 2544 κρίνεται
1441 2463 1507 2546 παρ’
1529 2469 1605 2541 ὑμῖν,
1627 2466 1652 2522 εἰ
1678 2463 1773 2530 test<

202 2575 222 2613 a
232 2558 327 2628 cobis,
339 2559 366 2615 si
377 2557 460 2616 Deus
472 2569 600 2615 mortum
614 2559 757 2615 suscitat?
767 2556 845 2632 Nam,
853 2555 876 2615 si
890 2555 947 2616 haec
963 2555 982 2603 G
999 2556 1107 2636 νεκρούς
1120 2556 1229 2637 ἐγείρει,
1242 2560 1275 2616 Εἰ
1294 2558 1346 2638 γὰρ
1362 2556 1399 2637 μὴ
1413 2555 1522 2630 τοιαύτη
1536 2556 1598 2626 δόξα
1619 2547 1663 2631 ἦν,
1678 2560 1703 2616 εί
1722 2557 1771 2636 γάρ

201 2668 255 2707 nou
264 2661 331 2708 esset
344 2647 445 2729 opinio,
454 2648 477 2707 si
491 2647 519 2707 in
530 2647 574 2708 his
586 2647 759 2728 dogmatibus
774 2648 882 2709 educati
892 2670 945 2709 non
1001 2648 1039 2729 μὴ
1052 2649 1278 2732 άνατεθραμμένοι
1292 2642 1361 2724 ἦσαν
1373 2654 1399 2711 ἐν
1408 2650 1509 2718 τούτοις
1519 2658 1574 2718 τοῖς
1582 2648 1715 2730 δόγμασι,
1728 2655 1771 2708 νῦν

201 2755 401 2821 essent,etnunc
411 2762 442 2801 ea
453 2734 712 2818 efferrenturjforsan
723 2741 786 2820 quis
795 2762 945 2803 sermonem
998 2741 1026 2802 δέ
1036 2742 1198 2824 εἰσερίρετο,
1208 2741 1271 2810 ίσως
1280 2745 1329 2802 οῦκ
1340 2742 1371 2801 ἂν
1384 2741 1488 2812 ἐδάξατό
1497 2765 1537 2810 τις
1545 2740 1590 2801 τὸν
1603 2741 1693 2821 λόγον.
1703 2733 1769 2802 Eleu

200 2855 253 2895 uon
268 2836 418 2917 recepisset.
432 2834 539 2895 Deinde
551 2833 628 2912 dicit,
643 2834 781 2913 quomodo
796 2856 944 2917 perseque-
997 2833 1082 2914 λέγει,
1094 2838 1152 2902 πῶς
1165 2833 1274 2895 ἐδίωκε·
1289 2835 1335 2894 καί
1354 2840 1430 2895 τοῦτο
1450 2832 1709 2894 κατασκευαστικόν·
1724 2834 1769 2894 καί

199 2927 371 3007 θειιιειεμιοιί
384 2925 418 2987 ad
431 2924 602 3007 probandum
616 2919 743 2986 idoneum
758 2939 806 2987 est.
817 2928 854 2987 Et
866 2927 944 3009 prin·
996 2925 1055 2994 τοῦς
1065 2928 1195 3008 ἀρχιερεῖς
1205 2926 1320 3008 παράγει
1330 2925 1480 3006 μάρτυρας,
1491 2926 1535 2986 καί
1544 2925 1593 2994 τδις
1601 2924 1653 2994 ἐξω
1663 2925 1769 3000 πόλεις,

199 3018 272 3100 cipes
284 3018 453 3079 sacerdotum
466 3015 578 3076 adducit
593 3029 672 3076 testes
685 3029 712 3076 et
728 3030 852 3077 extenuas
869 3017 942 3079 civi-
996 3018 1042 3078 καί
1057 3017 1097 3078 ότι
1106 3019 1204 3090 ἤκουσε
1214 3018 1335 3097 λέγοντος
1348 3021 1433 3098 αὐτῷ·
1444 3016 1566 3098 Σκληρόν
1578 3040 1620 3077 σοι
1629 3016 1697 3099 πρὸς
1709 3017 1770 3078 κέν-

199 3110 398 3191 tates,etquod
409 3109 527 3170 audierit
540 3108 673 3169 dicentem
688 3109 739 3168 sulti
753 3132 760 3167 ι
773 3111 890 3169 Durum
900 3124 943 3170 est
994 3133 1045 3192 τρα
1064 3107 1227 3177 ἐλακείζεεν.
1240 3109 1356 3170 Ἔπειτα
1372 3108 1487 3169 δείκνυσι
1504 3107 1549 3168 καί
1564 3113 1611 3169 τοῦ
1625 3110 1698 3170 Θεοῦ
1720 3112 1768 3185 τὴν

200 3208 255 3264 tibi
260 3217 364 3265 contra
373 3204 525 3265 stimulum
536 3203 702 3262 calcitrare.
710 3200 816 3262 Deinde
827 3203 944 3264 ostendit
995 3201 1202 3283 φιλανθρωπίαν,
1213 3199 1254 3260 ότι
1269 3200 1314 3259 καὶ
1325 3199 1483 3278 διωκόμενος
1494 3200 1569 3282 ὤφθη
1579 3251 1587 3279 ,
1599 3202 1645 3261 καί
1659 3201 1703 3263 ὅτι
1721 3207 1768 3264 ούκ

199 3296 250 3356 Dei
270 3297 440 3357 clementiam
461 3295 535 3376 quod
559 3295 640 3355 etiam
658 3316 720 3355 cum
741 3311 943 3378 persequeretur
995 3294 1042 3371 ἐμὲ
1061 3293 1139 3372 μόνον
1158 3291 1477 3374 εύεργέτησεν,οἰλλὰκαλ
1491 3294 1589 3374 ἑτέροις
1608 3294 1714 3376 ἔπεμψε
1727 3297 1765 3355 δι·

199 3389 290 3470 ipsum
310 3390 422 3468 Saulus,
441 3390 494 3472 ipsi
511 3389 638 3470 apparuit
654 3413 661 3446 z
676 3391 733 3450 Nec
747 3391 817 3450 mihi
835 3393 941 3471 solum,
996 3386 1134 3447 δᾶσκαλον.

198 3479 303 3560 iuquit,
318 3481 471 3559 benefecit,
488 3481 574 3540 sedet
588 3480 649 3540 aliis
663 3481 798 3542 doctorem
812 3485 894 3545 misit.

237 3574 267 3632 2.
283 3571 410 3633 Ostendit
422 3573 487 3632 item
497 3572 670 3654 prophetiam
683 3575 888 3652 quamaudirit.
903 3580 942 3636 In
1034 3581 1157 3643 Δείκνυσι
1171 3580 1199 3643 δέ
1214 3583 1260 3642 καί
1281 3581 1330 3654 τὴν
1350 3581 1521 3664 προφητείαν,
1532 3582 1565 3656 ἣν
1585 3584 1708 3655 ἤκουσεν.
1720 3585 1768 3653 Εἰς

198 3667 254 3726 Ιεοο
278 3669 404 3747 apparui
428 3669 491 3738 tihi,
519 3669 645 3746 eripiens
667 3669 754 3726 tede
777 3670 886 3749 populo
912 3683 941 3730 et
993 3679 1069 3734 τοῦτο
1081 3674 1172 3755 ὤρθην
1185 3674 1432 3754 σοι·ἐξαιρούμενός
1441 3698 1471 3734 σε
1484 3678 1514 3734 ἐκ
1526 3683 1571 3735 τοῦ
1582 3678 1648 3735 λαοῦ
1659 3674 1767 3735 καὶτῶν

195 3762 342 3839 gentibus,
359 3759 401 3818 ad
411 3779 486 3839 quos
495 3761 563 3818 misi
569 3771 607 3817 tc.
620 3758 684 3818 Haec
695 3759 785 3818 omnia
799 3759 940 3822 ostendens
956 3756 976 3802 ⁰
992 3766 1082 3841 ἐθνῶν,
1097 3770 1134 3835 εἰς
1147 3767 1191 3836 οῦς
1206 3765 1258 3845 ἐγώ
1272 3790 1300 3826 σε
1316 3766 1481 3826 ἀποστέλλω.
1495 3769 1592 3827 Ταῦτα
1610 3767 1700 3827 πάντα
1713 3769 1766 3827 δει·

195 3847 303 3910 dicebat
319 3873 326 3907 ε
341 3851 372 3910 9.
395 3848 437 3910 Et
468 3869 521 3932 ego
546 3851 664 3932 quidem
687 3853 936 3940 existimaveram,
991 3855 1069 3928 κνῦς,
1083 3856 1185 3937 όλεγεν·
1200 3857 1272 3937 Ἐγὼ
1294 3857 1342 3934 μὲν
1365 3850 1409 3918 ούν
1423 3856 1500 3926 ἔδοξα
1523 3860 1632 3939 ἐμαυτῷ
1647 3859 1716 3940 π’ρδς
1734 3859 1765 3919 τό

194 3962 242 4002 me
264 3943 405 4003 adversus
430 3963 536 4002 nomen
557 3943 631 4002 Iesu
655 3944 808 4002 Nazarem'
833 3946 938 4005 debere
990 3948 1074 4027 ὄνομα
1093 3949 1198 4021 εἸησοῦ
1219 3957 1265 4009 τοῦ
1292 3949 1450 4030 Ναζωραίου
1472 3951 1525 4009 δεῖν
1549 3951 1638 4010 πολλὰ
1657 3949 1764 4011 ἐναντία

194 4035 290 4094 multa
306 4038 459 4108 contraria
470 4036 586 4119 facere.
602 4034 650 4094 10.
663 4035 749 4112 Quod
768 4049 797 4094 et
800 4037 869 4118 seci
881 4038 934 4098 Je·
988 4040 1096 4121 πρᾶξαι.
1117 4039 1156 4101 Ὃ
1169 4041 1215 4099 καλ
1230 4040 1342 4114 ἐποίησα
1356 4045 1382 4102 ἐν
1405 4041 1612 4122 Ἱεροσολύμοις,
1627 4042 1674 4102 καὶ
1694 4045 1763 4104 πολ-

192 4124 366 4199 rosolymis,
387 4139 416 4185 et
431 4127 540 4186 multas
555 4138 725 4186 sanctorum
749 4149 802 4208 ego
818 4132 851 4186 in
867 4150 935 4189 car-
987 4132 1049 4200 λοῦς
1061 4137 1113 4191 τῶν
1125 4133 1207 4212 ἁγίων
1222 4133 1275 4213 ἐγὼ
1292 4136 1423 4214 φυλακαῖς
1436 4134 1610 4210 κατέκλεισα,
1624 4133 1674 4208 clu
1688 4135 1763 4216 παρά

191 4218 306 4276 ceribus
328 4218 447 4288 inclusi,
462 4238 482 4275 c
493 4219 674 4296 principibus
684 4215 868 4278 sacerdotum
881 4242 933 4300 po·
985 4230 1039 4284 τῶν
1054 4224 1197 4307 ἀρχιερέων
1213 4223 1330 4293 ἐξουσίαν
1341 4226 1448 4286 λαύιύν·
1463 4225 1661 4307 ἀναιρουμένων
1674 4251 1703 4287 τε
1715 4229 1763 4287 αύ-

192 4318 297 4366 testcte
319 4320 508 4387 acceptaret
527 4328 595 4366 cum
619 4309 820 4368 occiderentur
840 4311 934 4371 detuli
984 4320 1038 4376 τῶν
1051 4316 1203 4398 κατήνεγκα
1217 4321 1320 4398 ψῆφον·
1336 4316 1382 4376 καλ
1397 4317 1467 4377 κατὰ
1481 4317 1762 4400 πάσαςταςσυναγω-

191 4402 392 4458 sententiam.-
409 4399 455 4455 11.
467 4410 496 4456 et
508 4419 561 4477 per
576 4418 675 4457 omues
688 4419 858 4480 synagogas
864 4403 932 4482 fre·
983 4408 1033 4487 γδς
1048 4409 1178 4477 πολλάκις
1200 4414 1325 4487 τιμωρῶν
1349 4407 1458 4484 αὐτούς,
1478 4410 1625 4488 ἠνάγκαζον
1641 4413 1763 4494 pho-pq.

191 4503 315 4572 quenter
325 4492 450 4570 puniens
474 4509 523 4549 eos
530 4535 541 4563 ‚
561 4490 772 4570 compellebam
797 4493 932 4574 blasphe-
986 4508 1057 4578 μεῖν·
1072 4504 1205 4583 περισσῶς
1222 4525 1252 4561 τε
1266 4501 1458 4580 ἐμμαινόμενος
1474 4504 1561 4568 αὐτοῖς
1570 4545 1578 4574 ,
1591 4501 1702 4563 ἐδίωκον
1714 4505 1763 4572 inc

189 4605 293 4645 mare.-
308 4597 337 4644 et
350 4583 479 4664 amplius
494 4587 647 4643 insaniens
661 4587 694 4641 in
703 4604 763 4657 eos,
778 4606 931 4669 perseque-
985 4591 1030 4652 καί
1050 4596 1086 4661 είς
1105 4592 1155 4659 τὰς
1166 4592 1215 4661 ἐξω
1230 4592 1328 4660 πόλεις.
1340 4591 1388 4651 Ἐν
1410 4583 1452 4669 οἷςΙ
1462 4592 1509 4651 καί
1528 4592 1706 4672 πορευόμενος
1726 4601 1763 4664 εἰς

190 4679 246 4737 bar
258 4697 349 4758 usque
362 4680 394 4735 in
405 4689 542 4735 externas
554 4678 698 4737 civitates.
715 4679 763 4735 te.
777 4680 932 4742 Interltoec
984 4684 1034 4757 την
1045 4684 1189 4763 Δασμακθν
1205 4688 1263 4765 μετ’
1275 4683 1392 4752 ἐξουσίας
1406 4681 1452 4742 καὶ
1463 4685 1609 4763 ἐπιτροπῆς
1623 4690 1672 4757 τῆς
1685 4687 1761 4766 παρά

188 4770 260 4829 dum
278 4773 350 4828 irem
370 4771 552 4827 Damascum
572 4788 640 4827 cum
657 4779 803 4848 potestate
816 4785 844 4830 et
865 4795 932 4854 per·
984 4781 1037 4838 τῶν
1051 4775 1208 4857 ἀρχιερέων,
1226 4775 1328 4855 ἡμέρας
1349 4773 1433 4854 μέσης
1452 4774 1521 4834 κατά
1533 4774 1583 4847 την
1605 4777 1664 4837 θδδν
1684 4769 1763 4853 εἶδον,

188 4864 279 4920 missu
295 4864 461 4941 principum
482 4859 683 4932 sacerdotum,
709 4860 755 4919 15.
771 4859 930 4926 diomedia
948 4885 967 4934 n
986 4870 1109 4948 βασιλεῦ,
1124 4867 1261 4948 οὐρανόθεν
1273 4867 1339 4947 ὑπὲρ
1359 4866 1408 4939 τὴν
1421 4866 1600 4949 λαμπρότητα
1622 4872 1669 4928 τοῦ
1685 4869 1761 4942 ἡλίου

220 5099 230 5122 ·
242 5093 341 5136 macris
350 5091 372 5136 ίκ
389 5098 470 5155 νεκρῶν
481 5082 548 5135 deest
562 5085 587 5136 iu
600 5100 649 5136 uno
659 5082 723 5137 cod.
736 5084 778 5150 [lu
788 5086 871 5142 tribur
879 5089 946 5146 acili-
1028 5094 1041 5132 ί·
1054 5099 1174 5156 λακτίζειν·
1186 5099 1223 5145 καί
1234 5095 1325 5145 δείκνυσι
1336 5099 1377 5145 τοῦ
1390 5099 1455 5150 θεοῦ,
1467 5092 1503 5142 tic
1514 5089 1586 5147 aliua.

185 5176 239 5231 cet,
253 5164 282 5216 Α.
290 5163 317 5217 Β.
328 5165 370 5227 Q]
823 5202 826 5207 <
1027 5185 1038 5211 ⁰
1050 5169 1126 5241 [ἰηεεθ
1137 5187 1187 5225 uon
1197 5169 1283 5240 legunt
1294 5169 1378 5226 Codd.
1390 5169 1493 5236 nostri]
