3728 5978
246 417 314 504 124
602 434 632 482 S.
659 432 801 481 loturus
826 430 1011 479 cttutsosr.
1040 428 1196 479 tuctuttt’.
1224 429 1500 480 consummor.

241 569 291 629 dit.
304 572 339 628 ht
354 567 481 631 videbant
494 589 547 629 non
562 567 642 628 modo
655 568 778 648 ipsorum
791 565 922 627 fiduciam
933 585 986 627 non
1038 567 1162 649 πληγήν·
1186 567 1256 633 olleo
1279 567 1312 643 δὴ
1335 568 1381 628 καλ
1402 557 1482 628 οὗτοι.
1497 565 1566 627 Ἀλλ’
1583 565 1674 646 tepus
1689 567 1719 626 οθ
1733 564 1811 644 μόνον

241 661 394 744 praepediri,
409 661 456 720 sed
467 661 687 744 praedicationem
699 660 785 739 magis
796 660 898 740 augeri,
912 659 986 720 illos·
1003 679 1022 727 n
1038 661 1086 726 οὐκ
1105 663 1314 740 ἀμποθιζομένςν
1329 662 1414 721 αὐτῶν
1433 659 1482 733 τὸν
1496 658 1658 740 παρρησίαν,
1679 656 1750 718 ἀλλά
1768 655 1812 716 καί

241 776 293 834 que
305 755 363 816 sine
381 768 454 814 metu
474 755 561 836 loqui,
584 754 740 834 nullamque
753 753 873 835 praebere
885 775 986 818 ansam.
1038 755 1138 829 μάλλον
1160 752 1300 832 αὐξόμενον
1313 753 1344 813 τὸ
1356 753 1498 836 κήρυγμα,
1509 749 1576 811 σκαί
1597 747 1811 821 ἀκαταπλήκτως

241 846 297 906 Hos
311 846 450 906 imitemur
460 858 488 906 et
500 867 561 921 nos,
581 845 686 924 dilecti,
709 860 735 906 et
750 846 779 906 iu
800 845 922 906 adversis
935 846 988 905 im·
1038 844 1238 927 διαλεγομένοις
1263 844 1375 923 αθτοὸς,
1398 846 1444 906 καί
1467 843 1506 926 μὴ
1530 843 1699 927 παρέχοντας
1718 841 1810 910 tutte.

240 939 375 1021 perterriti
396 938 489 998 simus.
511 939 589 1000 Nihil
613 960 696 1020 grave
715 952 755 1000 est
777 940 802 999 ei
809 984 818 1016 ,
837 937 887 1017 qui
911 938 988 998 timet
1037 936 1227 1019 Μιμησιίιμεθα
1247 938 1355 1008 τούτους
1375 937 1464 1013 ὸήκαί
1483 943 1576 1016 ἡμεῖς,
1596 933 1748 1016 ἀγαπητοί,
1767 933 1811 994 καί

240 1032 346 1109 Deum;
362 1028 406 1090 sod
430 1052 484 1091 non
499 1031 656 1091 timentibus
677 1052 739 1090 eum
757 1030 851 1111 gravia
874 1032 983 1091 instant.
1037 1030 1240 1103 ἀαατάπληκτοι
1261 1036 1288 1093 ἀν
1307 1041 1375 1093 πᾶσι
1392 1030 1530 1114 γενώμεθα
1547 1038 1602 1098 τοῖς
1626 1031 1730 1096 δεινοῖς.
1754 1027 1811 1087 Οὔκ

240 1123 311 1182 Nam
323 1122 369 1202 qui
383 1144 432 1203 per
444 1122 576 1185 virtutem
587 1122 671 1182 animi
685 1136 775 1182 motus
788 1136 910 1204 superat,
922 1143 985 1182 cum
1036 1123 1094 1184 ἔστι
1113 1122 1196 1183 δεινόν
1212 1128 1290 1205 τιτῷ
1305 1121 1459 1205 ροόουρόνῳ
1481 1123 1525 1183 τὸν
1541 1122 1621 1195 Θεὸν,
1639 1123 1700 1180 ἀλλ’
1716 1122 1744 1180 ἐν
1757 1125 1810 1187 τοῖς

239 1217 379 1298 presentia
392 1217 466 1279 velut
489 1217 613 1277 umbram
625 1230 821 1298 pretercurrat,
834 1215 902 1296 quid
922 1215 987 1276 mali
1037 1215 1075 1296 μὴ
1090 1215 1261 1298 ροόουμένοις
1275 1217 1330 1276 ἔστί
1340 1213 1376 1276 τὸ
1394 1213 1475 1276 δεινά.
1489 1213 1524 1274 ‘0
1535 1212 1587 1296 γάρ
1600 1217 1654 1273 τῶν
1670 1216 1763 1273 παθῶν
1775 1213 1808 1270 δι’

237 1308 274 1367 ah
294 1308 386 1387 aliquo
399 1307 536 1389 patiatur?
553 1307 621 1387 quid
635 1307 758 1367 timebit?
773 1321 799 1366 et
821 1328 870 1366 cur
892 1307 986 1388 gravia
1035 1313 1132 1391 ἀρετῆς
1145 1308 1274 1391 ἀνώτερος
1287 1308 1438 1390 γινόμενος,
1453 1304 1693 1388 καίύλσπερσκιὸν
1706 1303 1743 1364 τὸ
1753 1327 1806 1365 πα·

239 1400 286 1461 illa
305 1422 361 1461 esse
379 1399 505 1481 putabit?
517 1399 592 1480 Ergo
605 1400 793 1480 confugiamus
806 1399 841 1459 ad
854 1400 925 1460 hane
943 1400 986 1460 in·
1038 1402 1115 1484 ρόνια
1129 1400 1305 1484 παρατρέχων
1317 1400 1482 1482 πράγματα,
1494 1404 1552 1467 πῶς
1567 1398 1619 1460 θπό
1630 1421 1702 1466 τινος
1716 1396 1807 1456 πείσο-

238 1513 394 1553 oououssam
415 1506 528 1573 petram.
552 1492 583 1553 Si
607 1492 668 1571 quis
692 1491 770 1551 nohis
797 1493 894 1553 urbem
923 1513 986 1552 oon·
1035 1518 1080 1553 ται
1100 1493 1197 1569 δεινόνς
1210 1492 1271 1554 τίνα
1293 1493 1321 1554 δὲ
1335 1492 1532 1575 ρούηθιίσεταις
1554 1489 1573 1564 ἣ
1593 1489 1669 1551 τίτὸ
1682 1489 1808 1550 δεινὸλο

237 1598 367 1660 strueret,
383 1599 409 1645 et
429 1605 541 1644 murum
566 1583 797 1664 circumponeret,
817 1585 874 1644 imo
892 1584 916 1644 si
937 1605 985 1645 nos
1034 1597 1143 1667 γιεῖταις
1166 1590 1269 1649 Οὸκῶν
1291 1585 1484 1668 καταφύγωμεν
1505 1583 1549 1646 ἀπὸ
1567 1584 1667 1659 ταύιην
1687 1582 1738 1656 τὴν
1762 1581 1807 1643 τί·

238 1677 412 1737 transferret
404 1697 432 1735 ιο
443 1689 552 1752 terram,
563 1674 611 1734 uhi
622 1694 699 1735 nemo
712 1675 841 1752 turbaret,
855 1689 882 1736 et
893 1697 983 1736 rerum
992 1703 1101 1781 Μτραν
1114 1678 1163 1753 τὴν
1182 1680 1314 1741 ἀσιιστον.
1339 1681 1374 1740 Et
1388 1679 1466 1740 πόλιν
1479 1684 1545 1757 ἡμῖν
1565 1702 1606 1747 τις
1619 1676 1808 1750 mmo,

237 1768 344 1873 oopiam
357 1767 551 1872 suppeditaret,
567 1780 598 1826 ut
611 1767 719 1826 nullum
732 1780 800 1827 esset
816 1788 879 1827 eum
892 1742 1002 1848 aliquo
1001 1796 1021 1844 ,ς
1004 1742 1081 1832 maol
1091 1781 1180 1852 τεῖχος
1194 1771 1345 1853 περιετίθει·
1353 1773 1453 1851 μᾶλλον
1469 1771 1497 1832 δὲ
1510 1773 1534 1830 εί
1547 1768 1681 1851 ἀπῴκιζον
1694 1773 1766 1848 ἡμάς
1774 1771 1808 1837 τίς

237 1860 388 1965 negotium,
414 1879 467 1919 non
490 1860 519 1917 in
547 1871 621 1918 tanta
642 1879 694 1919 nos
716 1858 857 1918 securitate
883 1860 984 1919 eonsti-
1035 1868 1097 1943 γῆν,
1112 1864 1175 1923 ἔνθα
1187 1855 1316 1941 μηδείς
1297 1888 1330 1938 ην
1344 1867 1359 1923 ό
1370 1865 1498 1981 ἐνοχλῶν,
1512 1861 1558 1921 καί
1571 1869 1662 1921 τιάσαν
1688 1863 1807 1921 ἀκιῐπα-

238 1965 340 2029 tueret,
360 1952 388 2012 in
406 1965 507 2031 quanta
530 1972 603 2011 nune
624 1950 759 2012 Christus.
781 1951 865 2027 Esto,
885 1973 909 2011 οι
902 1951 984 2034 pla-
1036 1965 1108 2036 ριῑχε
1123 1954 1172 2029 τὴν
1196 1954 1330 2036 ἀρθονίαν,
1353 1959 1400 2016 οθκ
1415 1954 1489 2037 ἀφείς
1508 1953 1679 2035 πρὸςοθὸίνα
1699 1964 1808 2036 πρᾶγμα

238 2059 291 2124 oet,
313 2045 408 2106 civitas
432 2065 514 2119 aerea,
539 2041 679 2105 valido
655 2065 760 2103 circum
779 2065 858 2103 muro
881 2045 985 2106 munita
1034 2048 1115 2129 ἔχειν,
1129 2047 1219 2108 οὗκάν
1233 2049 1342 2126 ἡμάςέν
1357 2046 1472 2128 τοσαύτῃ
1486 2045 1649 2120 κατέστησεν
1664 2045 1808 2128 ἀσραλαίρ,

238 2152 265 2198 et
278 2090 504 2244 inexpugnabili.
497 2137 606 2196 ·uullus
619 2135 694 2196 dh
672 2150 707 2197 srt
719 2136 814 2214 hostis,
826 2139 985 2198 terramha
1034 2143 1062 2200 ἐν
1080 2140 1184 2220 deq*
1153 2164 1198 2200 νυν
1217 2144 1231 2200 θ
1251 2142 1274 2199 Χ
1278 2138 1378 2220 ρι.στός
1388 2138 1479 2199 Ἔστω
1494 2143 1565 2217 γῶν,
1579 2141 1603 2198 εί
1618 2137 1722 2218 βούλει,
1735 2137 1807 2209 mli

237 2231 345 2292 heat'
318 2251 447 2336 pinguem
465 2244 493 2290 et
510 2231 641 2290 uberem:
654 2229 726 2290 adsit
740 2251 849 2310 quoque
868 2230 985 2291 aliarum
1034 2231 1111 2299 πόλις
1124 2235 1229 2312 χαλκῆ,
1241 2240 1329 2313 τεῖχος
1341 2230 1491 2292 πάντοθεν·
1503 2228 1602 2312 ἔχουσα
1622 2228 1752 2311 καρτιρὸι
1764 2228 1809 2290 καί

237 2345 328 2383 rerum
342 2325 418 2406 eopia
430 2322 500 2382 zsiut
513 2321 586 2383 cives
606 2323 738 2383 mansueti
748 2335 774 2382 et
786 2322 883 2383 mites·
876 2368 882 2380 .
893 2324 986 2384 nullus
1035 2323 1186 2383 desilierat·
1199 2323 1336 2401 μηδείς’
1305 2346 1373 2402 αυτῃ
1356 2321 1556 2402 προσκείσθω
1571 2320 1715 2399 πολέμιος,
1727 2320 1808 2403 ἀρθο-

237 2415 278 2475 ihi
290 2416 335 2478 vir
346 2416 481 2496 malignus
494 2427 631 2496 appareat,
641 2436 695 2475 uon
706 2415 760 2487 sur,
773 2435 826 2474 non
840 2415 985 2497 expilator,
1035 2438 1079 2476 νον
1100 2414 1184 2496 ἐχέτω
1197 2419 1247 2496 γῆν
1270 2415 1316 2476 καί
1335 2413 1469 2496 λιπαράν·
1485 2412 1612 2496 παρέστω
1625 2413 1654 2473 dl
1671 2411 1747 2487 καίὴ
1758 2416 1808 2473 ῶν

116 2550 119 2555 -
237 2528 290 2566 non
304 2508 489 2589 syoophanta,
503 2526 557 2566 non
570 2506 661 2566 forum
679 2505 820 2588 judiciale,
839 2505 888 2566 sed
908 2520 986 2588 pacta
1035 2508 1123 2568 ἀλλων
1131 2504 1558 2590 ἀρθονίαπραγμάτονν·ἔστωσαν
1570 2505 1616 2566 καί
1625 2508 1735 2568 πολῖται
1744 2503 1809 2585 ἥμι-

237 2600 412 2681 simplioiter:
426 2613 451 2660 et
472 2598 542 2658 hanc
556 2598 710 2658 habitemus
730 2598 886 2658 civitatem:
899 2619 986 2678 neque
1036 2622 1077 2681 ροι
1090 2599 1136 2660 καί
1149 2609 1303 2683 προσηνεῖς,
1317 2599 1363 2659 καί
1374 2598 1466 2678 μηδείς
1479 2602 1534 2659 luet
1546 2596 1681 2680 ραινίσθω
1691 2603 1809 2680 κακῶρ-

237 2691 276 2751 sie
287 2705 376 2752 tamen
395 2713 487 2751 secure
504 2690 669 2752 viveremus.
683 2690 793 2762 Quare?
807 2689 879 2762 Quia
894 2711 985 2750 neces·
1026 2694 1080 2771 Ιγος
1091 2690 1178 2775 ἀνὴρ,
1190 2691 1229 2771 μὴ
1242 2691 1377 2766 ιιλίπτης,
1393 2688 1431 2768 μὴ
1442 2690 1613 2768 λωποὸίτης,
1628 2689 1668 2768 μὴ
1679 2690 1810 2773 συκοφάν-

237 2784 340 2844 sarium
353 2799 433 2861 esset,
447 2805 510 2844 eum
521 2785 616 2861 serris,
632 2804 695 2844 eum
709 2804 795 2843 uxore
808 2796 907 2842 etcum
920 2783 986 2844 filiis
1001 2811 1020 2859 B
1036 2809 1099 2858 της,
1125 2784 1163 2864 μὴ
1189 2784 1368 2864 δικαστήριον,
1380 2781 1449 2844 ἀλλὰ
1471 2782 1682 2865 συναλλάγματα
1704 2783 1809 2853 dul&-

237 2878 371 2955 altercari,
382 2878 515 2957 multique
525 2877 647 2937 moeroris
656 2890 725 2937 esset
735 2875 849 2938 occasio.
859 2876 912 2937 Hic
922 2898 987 2939 vem
1035 2875 1082 2937 καί
1101 2875 1200 2950 ταύτην
1211 2878 1326 2955 οίκῶμιν
1338 2874 1386 2950 τὴν
1400 2872 1491 2935 πόλιν·
1503 2875 1557 2934 eiu.
1569 2865 1603 2947 ἦν
1612 2874 1673 2936 etet
1687 2874 1809 2947 ούτωςίν

238 2969 307 3029 nihil
319 2969 477 3052 hujusmodi
489 2970 574 3030 ·nihil
587 2969 689 3050 quippe
702 2983 772 3045 erat,
783 2967 858 3047 quod
867 2967 911 3027 vel
920 2991 987 3029 mm·
1037 2967 1168 3050 depotitio
1191 2971 1222 3040 ζ’
1224 2990 1249 3026 ν
1271 2966 1324 3026 Διὸ
1334 2964 1378 3041 τί,
1390 2965 1455 3026 Ὅτι
1477 2965 1524 3025 καί
1546 2965 1613 3048 πρὸς
1625 2967 1746 3046 etatae,
1766 2966 1810 3028 καί

239 3084 327 3122 rorem
340 3062 384 3123 vel
394 3062 517 3122 dolorem
532 3062 649 3123 afferret.
668 3061 723 3121 Sed
734 3060 807 3139 quod
822 3061 922 3120 mirum
937 3075 986 3139 est,
1035 3062 1101 3143 πρὸς
1113 3069 1242 3142 γυναῖκα,
1261 3061 1308 3121 καί
1322 3059 1388 3141 πρὸς
1398 3058 1493 3120 παιδία
1504 3059 1608 3138 ἀνάγκη
1622 3060 1808 3144 διαφέρεσθαι,

239 3179 268 3216 ea
284 3157 360 3237 ipsa,
378 3178 438 3260 quae
458 3154 589 3218 videntur
609 3154 688 3214 nohis
708 3175 851 3214 moerorem
873 3153 986 3233 afferre,
1035 3155 1081 3215 καί
1092 3155 1193 3226 πολλης
1203 3152 1316 3232 ἀθυμίας
1330 3143 1397 3213 εἶναι
1406 3151 1541 3213 ὑπόθεσιν
1551 3152 1686 3213 ‘Enete
1699 3151 1808 3215 &totto

239 3269 319 3307 eausa
339 3248 428 3307 omnis
450 3247 551 3308 laetitiae
572 3260 598 3305 et
621 3245 740 3325 gaudii
735 3260 820 3306 erant.
843 3248 896 3309 Die
915 3250 987 3311 enim
1035 3252 1170 3308 τοιοῦτον·
1181 3248 1210 3307 οὐ
1224 3245 1277 3326 γὸρ
1291 3236 1333 3320 ἦν,
1346 3248 1394 3305 οωι
1406 3236 1483 3318 ηντὸ
1499 3246 1598 3305 λυπῶν
1614 3243 1674 3306 ortt
1688 3245 1808 3327 τὸπαρί

239 3340 322 3417 mihi,
332 3338 750 3417 curmoestiluisseutillilquid
764 3361 835 3420 agre
845 3341 987 3402 tulissent?
1036 3364 1083 3422 χον
1104 3339 1217 3419 ἀθυμίαν
1238 3337 1306 3398 τινά.
1321 3334 1447 3398 Ἀλλάτὸ
1432 3337 1631 3415 ὸθαυμαστὸν,
1648 3335 1809 3412 αθτάδήτὸ

238 3433 291 3495 vis
316 3436 471 3514 quempiam
495 3433 523 3493 in
546 3431 668 3493 medium
690 3432 855 3493 afferamus?
869 3435 911 3495 Sit
926 3436 988 3515 quis
1037 3436 1163 3494 δοκοῦντα
1174 3431 1300 3513 παρέχειν
1316 3428 1439 3509 ἀθυμίαν,
1451 3452 1535 3489 ταυτα
1548 3428 1638 3504 πάσης
1647 3429 1748 3511 ίγινετο
1757 3454 1809 3512 χα-

237 3527 282 3585 vir
295 3526 456 3601 oonsularis,
470 3525 576 3605 magnis
594 3525 742 3586 instructus
754 3527 866 3608 opibus,
881 3528 909 3587 in
920 3530 988 3589 urhe
1038 3537 1089 3609 ρᾶς
1097 3527 1142 3586 καί
1156 3525 1315 3607 εὐφροσύνης
1326 3525 1408 3585 αίτια.
1423 3521 1491 3584 Είπέ
1505 3521 1559 3606 γάρ
1570 3545 1632 3601 μοι,
1642 3523 1715 3593 τίνος
1725 3524 1809 3585 hmo

237 3619 414 3700 Imperatoria
426 3618 511 3679 vitam
522 3639 612 3697 agens,
625 3620 765 3698 negotium
776 3641 840 3679 eum
850 3621 926 3681 nullo
940 3621 987 3682 ha·
1036 3621 1145 3701 ἔμιλλον
1161 3616 1249 3679 ἀλύειν
1266 3622 1375 3693 ἀκτῖνας
1389 3618 1459 3686 τίνος
1471 3617 1500 3678 δὲ
1511 3614 1598 3677 ίνεαεν
1614 3615 1808 3699 ὸναχιραίνεινς

238 3711 316 3790 beat,
329 3711 435 3771 deliciis
447 3710 493 3770 det
507 3731 632 3791 operam,
650 3724 676 3769 et
690 3709 756 3771 huie
769 3711 818 3772 uni
831 3712 870 3772 rei
882 3712 987 3773 incum-
1036 3712 1131 3773 Βούλει
1148 3709 1349 3792 παραγάγωμίν
1371 3734 1431 3769 τινα
1455 3711 1483 3768 ίν
1498 3712 1537 3791 τῷ
1560 3707 1651 3789 μίσιρς
1665 3706 1759 3770 Ἔστιν
1771 3731 1809 3775 τις

237 3805 298 3880 hat,
312 3805 341 3864 in
355 3804 474 3864 eulmine
495 3802 666 3879 divitiarum,
680 3802 792 3865 honoris
812 3817 838 3864 et
860 3806 986 3886 potentia
1001 3813 1020 3860 G
1036 3804 1089 3866 ἀπὸ
1102 3803 1220 3876 ὑπάτων,
1231 3805 1343 3862 πλοῦτον
1354 3801 1493 3875 κεκτήσθω
1510 3800 1604 3875 πολὸν,
1616 3798 1697 3861 πόλιν
1707 3800 1808 3862 οίναίτω

237 3899 339 4004 positus
352 3915 538 4004 opponamus
551 3910 642 3957 autem
658 3896 700 3956 illi
714 3898 835 3971 Petrum,
850 3897 872 3954 si
886 3897 984 3978 placet,
1035 3895 1083 3969 τὸν
1103 3894 1254 3976 βασιλικὴν,
1268 3918 1290 3953 π
1291 3893 1416 4007 ράγματα
1436 3893 1501 3973 πρὸς
1515 3891 1617 3973 μηθένα
1630 3890 1731 3974 ἐχέτω,
1744 3915 1806 3974 τρι-

237 3992 266 4052 in
279 3990 398 4053 vinculis
409 4004 435 4050 et
448 3989 597 4050 innumeris
611 3988 691 4049 malis
705 3943 860 4068 degenterh;
873 4004 900 4050 et
913 3992 986 4053 huno
1036 3988 1112 4072 ράτω
1126 3986 1215 4066 μόνον,
1231 3985 1276 4046 καί
1290 3986 1355 4068 πρὸς
1368 3990 1445 4047 τῶτο
1460 3985 1638 4067 ἀσχολείσθω,
1650 3987 1725 4046 ἀν
1695 3991 1763 4065 αυτῇ
1774 3986 1807 4065 τῇ

238 4084 329 4164 potius
348 4083 515 4144 inveniemus
533 4082 712 4142 deliciantem.
727 4082 797 4141 Cum
819 4083 892 4143 enirn
913 4098 986 4147 tanta
1036 4105 1068 4141 κο
1070 4102 1136 4162 ρυρῃ
1118 4077 1255 4138 ”καλτου
1237 4075 1380 4138 πλούτου
1398 4077 1490 4138 καί
1456 4100 1505 4148 της
1514 4101 1593 4156 τιμης
1604 4075 1703 4138 καί
1666 4102 1717 4152 της
1733 4079 1807 4138 δυνα-

239 4177 274 4235 sit
286 4175 380 4256 gaudii
400 4176 491 4257 copia,
506 4188 537 4234 ut
552 4196 579 4234 1n
590 4174 708 4236 vinculis
726 4175 808 4235 etiarn
823 4164 985 4255 delectetur,
1036 4171 1125 4240 στείας
1147 4152 1310 4249 καθήμενος·
1334 4169 1587 4251 ἀντεπιξαγόγωμιν
1610 4170 1686 4252 αὐτῷ
1708 4170 1808 4253 Πίτραι

151 4311 165 4339 u
182 4295 230 4337 tum
240 4269 435 4349 coguaquanta
449 4267 484 4327 stt
495 4265 589 4347 gaudu
598 4266 767 4346 magnitudo
779 4268 857 4328 Sicut
867 4290 940 4330 emm
953 4271 984 4348 ii,
1037 4265 1082 4325 τὸν
1102 4267 1129 4325 ἀν
1150 4263 1274 4341 δεσμοῖς,
1286 4265 1311 4322 τί
1324 4263 1411 4337 δοκεῖ,
1433 4262 1477 4322 τὸν
1491 4265 1517 4323 ἕν
1532 4261 1635 4342 μυρίοις
1645 4286 1754 4332 κακοις
1746 4262 1808 4323 ’καί

99 4373 180 4462 ⁰¹¹¹¹¹¹r
206 4357 230 4399 ¹¹¹
239 4382 287 4441 qui
301 4381 431 4441 magnum
446 4358 583 4441 possident
599 4371 797 4439 magistratum,
807 4381 831 4419 si
824 4360 912 4438 quid
922 4317 987 4423 mali
1038 4361 1130 4418 τοῦτον
1146 4353 1334 4437 εθρήσομεντρ
1334 4358 1440 4435 υρῶντα
1460 4357 1570 4433 μᾶλλον.
1586 4352 1678 4415 Ὅταν
1694 4356 1748 4438 γάρ
1766 4379 1808 4417 το·

94 4434 200 4524 fii-sm„
239 4453 356 4527 accidat,
367 4473 421 4511 non
434 4451 562 4529 sentiunt,
579 4449 667 4510 sedin
680 4447 779 4532 gaudio
789 4467 984 4531 perseverant
1040 4448 1124 4521 σαύτη
1138 4445 1278 4528 περιουσία
1298 4438 1428 4527 χαρθςῃ
1447 4448 1484 4516 ὣς
1505 4447 1533 4505 ἓν
1553 4447 1660 4527 &wit
1684 4447 1810 4523 ἥδεσθαι,

100 4544 208 4587 atunur.
238 4548 278 4608 sie
299 4559 327 4605 et
344 4545 391 4605 isti
408 4556 519 4626 propter
532 4541 592 4602 haee
608 4542 728 4601 maxime
743 4542 905 4622 gaudebant
925 4545 985 4604 Non
1040 4540 1161 4614 ἐννόησον
1175 4538 1235 4599 ὅσον
1253 4538 1358 4598 ἀστίτὸ
1344 4537 1535 4620 ὸμὲγεθνς
1501 4549 1661 4620 meguod<-
1684 4540 1810 4621 ¹(ssth

238 4651 327 4720 potest
346 4635 429 4708 euim,
445 4655 499 4694 non
515 4631 608 4712 utrque
619 4645 707 4713 potest
720 4653 843 4693 sermone
855 4634 985 4715 exphcarr
1039 4632 1092 4716 γὸρ
1113 4635 1138 4692 οί
1156 4632 1199 4693 ἐπί
1219 4632 1336 4711 μεγάλης
1353 4630 1425 4697 ὄντες
1439 4634 1456 4690 ἀ
1458 4635 1539 4711 ρχης,
1556 4630 1606 4691 όσα
1626 4630 1659 4690 ἀν
1673 4633 1810 4715 προσπίση

238 4731 364 4812 voluptas
390 4747 494 4803 eorum,
523 4724 569 4804 qui
598 4737 707 4805 propter
733 4723 873 4784 Christum
902 4745 985 4805 grave
1039 4723 1129 4796 δεινὸ,
1153 4726 1201 4784 ουκ
1222 4722 1405 4795 αἰσθάνονται,
1424 4724 1483 4783 ἀλλ
1502 4721 1709 4801 largiemur*
1675 4749 1709 4806 τῃ
1726 4736 1810 4808 χαρᾷ·

238 4822 381 4928 quidpiam
401 4818 565 4901 patiuntur:
580 4837 642 4875 nam
656 4815 742 4876 multo
764 4817 851 4896 magis
867 4819 986 4898 gaudent
1001 4830 1021 4881 o
1039 4817 1108 4877 οὕτω
1118 4814 1209 4888 δὴ
1162 4839 1198 4874 κα
1197 4805 1290 4874 loiret
1304 4815 1337 4873 δι’
1350 4812 1459 4885 αθτὸὸὴ
1442 4813 1559 4885 ὴταυτα
1581 4816 1683 4893 μᾶλλον
1696 4814 1810 4898 ίχαιρον.

239 4918 265 4976 in
279 4917 368 4990 malis,
391 4935 473 4994 quam
493 4912 520 4970 in
541 4909 627 4970 bonis.
644 4909 703 4969 Hoc
725 4908 800 4991 quod
820 4908 894 4990 diro,
910 4912 984 4972 novit
1039 4913 1080 4971 Ου
1093 4907 1171 4988 γάρ
1156 4930 1238 4983 εστιν
1251 4930 1299 4966 ουκ
1310 4930 1366 4966 εστι
1379 4904 1449 4987 λόγῳ
1462 4929 1635 4988 παραστησαι
1645 4906 1695 4981 τὸν
1706 4907 1812 4983 ἡδονὴν

238 5008 359 5087 quisquis
375 5007 513 5067 Christum
536 5004 637 5084 diligit.
655 5002 707 5063 Sed
730 5003 863 5083 quidiau
883 5005 984 5065 securi·
1037 5004 1102 5076 ἀσιγν
1119 5001 1189 5082 ἔχειν
1210 4997 1402 5077 συμόαίνιι
1363 5021 1422 5066 τους
1434 4998 1477 5060 διὸ
1492 4999 1607 5079 Χριστον
1617 5024 1643 5060 τι
1658 5000 1812 5082 πάσχοντας

271 5216 281 5235 ¹¹
294 5195 366 5248 [dem
383 5206 419 5250 καὶ
432 5205 582 5267 appositum
599 5200 760 5260 διαλεγόμενοι.
1082 5208 1092 5230 ³
1106 5189 1177 5242 ldetn
1190 5197 1270 5256 ίχονσα
1287 5193 1370 5256 ὑψηλὸν
1381 5197 1418 5242 καί
1429 5194 1552 5243 ἀνάλωτον.
