3728 5978
779 468 963 518 enarrem.
1579 439 1650 536 457

83 592 208 674 Ἰσραήλ,
223 590 324 652 idest:
337 591 405 650 Non
415 590 532 649 dcendi
541 590 772 673 finemfaciam,
780 595 896 652 etiarnsi
908 590 1007 650 nullus
1016 591 1055 648 sit
1064 592 1115 670 qstc'
1124 590 1228 648 aueliat
1241 612 1250 645 .·
1262 589 1390 649 medicus
1399 609 1475 662 sum,
1486 588 1652 668 pharmaca

82 690 226 747 adhibeo:
239 688 341 746 doctor
350 698 449 746 sumet
462 686 607 745 ιιάιιιυιιοο
613 706 626 756 ς
637 689 681 747 nit
693 690 771 747 enim
785 686 1005 768 :Speculatorem
1014 682 1077 744 dedi
1090 697 1116 744 te
1131 682 1226 744 domm
1239 685 1331 744 lsrael.

124 781 156 839 ln
171 779 233 838 aliis
248 800 354 858 quoque
368 778 490 838 homiliis
505 777 653 838 Antiochia
668 778 770 840 habitis
784 778 833 838 illa
850 779 944 839 munia
962 798 991 836 se
1009 798 1132 837 exercere
1149 775 1227 851 dicit,
1244 799 1305 856 quae
1320 776 1448 839 videntur
1461 776 1498 838 ad
1510 778 1649 860 precipua

82 875 272 956 episcoporum
285 874 375 933 officia
389 873 529 954 pertinere.
544 874 590 934 Sic
603 873 632 933 in
644 874 776 953 vigesima
791 873 904 935 bomilia
914 872 949 932 ad
962 871 1094 954 populum
1109 871 1316 949 Antiocheam,
1329 887 1394 934 torn.
1405 877 1434 949 2,
1444 890 1507 954 pag.
1520 874 1592 950 2¹5,
1604 872 1627 932 B
1641 896 1647 929 :

82 969 280 1049 τεσσαράκοντα
293 969 384 1030 λοιπὸν
394 967 494 1049 ἡμέραι
506 972 655 1051 παρῆλθον·
668 968 699 1027 ἀν
718 967 804 1028 τοίνυν
825 968 857 1028 τὸ
870 968 965 1048 πάυχα
976 968 1096 1048 παρέλθῃ
1110 967 1141 1027 τὸ
1153 967 1233 1046 ἱερὸν,
1247 968 1331 1028 οὐδενί
1343 967 1530 1048 ουγγνώσομαι
1543 968 1648 1040 λοιπον,

79 1059 139 1121 οὐδὲ
158 1061 313 1142 παραίνεσιν
328 1060 452 1144 προσάξω
459 1105 469 1138 ,
484 1063 543 1121 ἀλλ’
560 1059 689 1141 ἐπιταγὴν
701 1062 746 1122 καί
760 1060 908 1140 ἀποτομίαν
924 1060 1152 1142 ἀκαταφρόνητον.
1167 1105 1174 1119 .
1191 1104 1219 1120 ..
1234 1072 1301 1121 πᾶσι
1317 1059 1402 1121 τοίνυν
1417 1059 1539 1142 προλίγω
1550 1061 1595 1124 καί
1606 1064 1651 1122 δια

83 1155 273 1236 μαρτύρομαι,
293 1156 335 1217 ὅτι
358 1155 389 1215 ἀν
403 1155 592 1236 συγγινόμενος
606 1160 668 1236 ὑμῖν
681 1160 741 1216 κατ’
760 1156 840 1230 ἰδίαν,
855 1156 900 1216 καί
911 1154 1001 1216 haddon
1021 1155 1168 1237 ἀπόπειραν
1183 1156 1319 1237 (λήψομαι
1333 1154 1360 1216 δὲ
1374 1155 1506 1231 πάντως),
1521 1156 1566 1217 καί
1582 1159 1649 1242 slipen

83 1246 157 1316 τινὰς
167 1247 204 1326 μὴ
218 1248 412 1331 διορθώσονται
425 1247 456 1307 τὸ
469 1248 626 1327 ἐλάττωμα,
638 1248 781 1321 ἀπαιτήσω
793 1247 880 1321 δίκην,
892 1247 1018 1315 κελεύσας
1031 1245 1081 1315 ἔξω
1095 1247 1181 1326 μίνιιν
1195 1250 1248 1306 τῶν
1260 1247 1414 1327 μυστηρίων
1428 1253 1481 1307 τῶν
1490 1251 1580 1332 ἱερῶν.
1592 1250 1653 1311 Hoc

82 1357 123 1403 est
140 1367 147 1400 ι
168 1344 375 1423 Quadraginta
385 1343 447 1402 dies
456 1343 524 1422 jam
539 1346 742 1422 preterierunt
757 1368 765 1401 .-
782 1346 809 1402 si
822 1346 911 1422 igitur
925 1329 1041 1402 sacrum
1057 1361 1172 1424 qnoque
1187 1344 1308 1402 Pascha
1322 1355 1465 1414 transeat,
1484 1344 1561 1404 nulli
1571 1346 1652 1405 ultra

83 1440 207 1498 veniam
228 1437 315 1507 daho,
337 1455 398 1494 non
413 1437 654 1514 admonitionem,
670 1435 723 1496 sed
735 1441 799 1496 vim
817 1440 931 1516 imperii
943 1448 973 1496 et
989 1439 1173 1495 severitatem
1191 1455 1251 1494 non
1264 1437 1508 1496 contemnendam
1525 1439 1651 1500 adhibe-

84 1531 148 1587 bo..
167 1575 174 1588 .
192 1574 199 1588 .
215 1531 356 1619 erdbns
368 1532 468 1609 itaque
478 1530 618 1610 &nuntio
629 1542 657 1589 et
666 1541 811 1611 protestor
821 1553 831 1586 .·
841 1531 922 1610 quod
932 1533 959 1589 si
972 1550 1027 1589 uos
1040 1529 1172 1608 singulos
1183 1532 1369 1602 conueniens,
1382 1541 1411 1589 et
1424 1535 1653 1611 experimentum

83 1644 201 1684 sumens
213 1625 224 1699 (
238 1645 308 1683 nom
323 1624 505 1682 hauddubie
521 1629 668 1699 sumam),
687 1625 902 1706 deprehendero
920 1624 1063 1704 quosdam
1080 1624 1136 1682 hoc
1150 1626 1258 1683 uitium
1274 1644 1334 1682 non
1349 1628 1520 1700 correxisse,
1535 1649 1654 1708 poenam

84 1722 232 1799 irrogabo,
249 1720 363 1778 edicam
380 1730 413 1778 ut
428 1719 504 1799 foris
521 1731 606 1779 entra
617 1738 704 1794 sacra
716 1723 861 1795 mysteria
875 1722 1027 1779 consistat.
1045 1722 1088 1777 An
1103 1716 1219 1798 pastoris
1233 1738 1330 1777 nomen
1344 1739 1475 1800 usurpare
1490 1741 1544 1782 non
1557 1723 1655 1783 audeat

83 1814 133 1893 qui
143 1814 209 1874 talia
222 1815 317 1874 fatur?
327 1815 432 1877 Verum
443 1813 501 1873 hac
510 1835 526 1875 a
536 1813 642 1895 judicio
654 1814 764 1878 ferendo
777 1813 983 1883 Tillemontium
996 1811 1153 1873 detinuere:
1165 1827 1192 1872 et
1207 1811 1393 1886 Antiochinae
1412 1835 1446 1874 an
1462 1817 1655 1879 Constantino-

85 1908 142 1990 poli
155 1909 283 1969 Homiliae
297 1909 325 1968 in
337 1909 489 1990 Epistolarn
499 1908 535 1968 ad
547 1912 682 1970 Romanos
694 1909 796 1970 habita
806 1909 918 1981 inerint,
931 1907 1046 1969 delinire
1060 1928 1114 1967 non
1129 1928 1211 1968 ausus
1225 1920 1273 1967 est.
1287 1909 1343 1968 Nos
1356 1921 1447 1968 nuum
1459 1911 1538 1989 quasi
1551 1927 1655 1974 certum

85 2016 112 2063 et
125 2004 295 2085 exploratum
311 2003 466 2064 habendum
481 2018 619 2085 putamus,
637 2004 699 2065 illas
718 2004 867 2065 Antiochia
881 2003 989 2063 habitas
1004 2001 1096 2063 fuisse.
1113 2001 1283 2063 Tillemontii
1298 2002 1371 2062 enim
1384 2003 1499 2085 objectio
1514 2027 1565 2066 nos
1577 2029 1593 2068 a
1607 2009 1657 2070 uli

85 2098 196 2158 ferenda
207 2099 335 2159 sententia
345 2098 479 2159 abducere
492 2120 545 2159 non
557 2112 653 2180 potest.
665 2092 736 2159 cnm
747 2099 820 2160 enim
833 2098 1053 2180 chrysostomus,
1065 2098 1163 2157 latente
1176 2096 1361 2173 Tillemontio,
1376 2098 1419 2157 bis
1430 2098 1502 2160 clare
1515 2099 1615 2163 indicet
1629 2125 1658 2164 se

86 2195 236 2256 Antiochia
250 2195 411 2272 concionari,
423 2193 491 2273 quid
500 2194 570 2253 ultra
582 2191 758 2273 queramus?
771 2209 797 2255 et
807 2215 857 2264 cur
867 2194 987 2260 temleri
998 2194 1176 2274 conjecturae
1187 2191 1375 2272 Chrysostotni
1385 2195 1537 2257 testimonio
1548 2218 1657 2277 sequen-

84 2284 124 2345 do
135 2284 330 2346 detineamur?
805 2304 816 2314 ‘

128 2380 248 2454 Annum,
261 2398 315 2457 quo
328 2377 408 2438 hasce
423 2372 550 2438 homilias
563 2379 679 2441 Joanncs
692 2377 836 2442 adornavit
848 2393 875 2439 et
889 2378 971 2455 dixit,
988 2400 1021 2439 ne
1034 2379 1188 2460 conjectura
1204 2378 1315 2457 quidem
1330 2378 1437 2459 assequi
1449 2380 1572 2441 valemus
1585 2406 1591 2440 :
1606 2383 1660 2445 hoe

86 2492 176 2530 unum
184 2470 242 2530 sine
256 2471 364 2531 amandi
374 2473 494 2553 periculo
507 2473 596 2534 dicere
608 2495 763 2556 possumus,
779 2475 886 2535 nonnisi
904 2488 965 2556 post
978 2495 1081 2534 annum
1093 2475 1154 2537 588
1167 2473 1285 2554 potuisse
1301 2473 1527 2554 chrysostomum
1541 2475 1585 2536 his
1598 2498 1658 2537 ma·

87 2585 154 2623 num
164 2577 190 2623 et
202 2585 311 2645 operam
323 2565 467 2628 admovere
480 2591 487 2623 ε
500 2568 577 2628 annis
588 2587 703 2648 namque
713 2569 769 2628 illis
779 2569 929 2650 prioribus,
941 2569 1018 2648 queis
1028 2567 1223 2629 concionatoris
1234 2567 1326 2627 officio
1338 2568 1449 2628 iunctus
1459 2581 1512 2647 est,
1522 2583 1562 2630 tet
1571 2570 1660 2632 edidit

91 2659 232 2718 conciones
245 2673 271 2718 et
281 2659 419 2735 homilias,
432 2675 463 2720 ut
477 2660 543 2742 ipsis
557 2662 623 2722 alias
632 2660 749 2745 adjicere
757 2683 811 2722 non
825 2662 944 2723 licuerit.
1104 2737 1108 2740 .

130 2753 201 2811 cum
214 2774 294 2832 porro
305 2753 440 2831 Julianus,
454 2755 501 2833 qni
513 2755 617 2835 Pelagii
630 2776 732 2815 errores
743 2757 882 2834 tuebatur,
897 2754 932 2814 ad
947 2767 1086 2836 peccatum
1100 2752 1231 2834 originale
1243 2753 1394 2814 tollendum
1408 2755 1596 2834 chrysostomi
1610 2776 1659 2816 au·

86 2847 211 2906 ctoritate
227 2868 291 2907 usus
305 2863 371 2908 esset
383 2872 392 2924 ;
407 2850 586 2930 Augustinus,
599 2850 648 2929 qui
658 2851 732 2911 hunc
744 2851 877 2912 hereseos
890 2864 1118 2933 propugnatorem
1128 2848 1235 2929 egregie
1250 2846 1363 2929 depulit,
1381 2869 1416 2907 ex
1429 2848 1542 2909 homilia
1553 2849 1659 2911 decima

87 2939 276 3020 chrysostomi
290 2941 374 3000 multa
389 2941 528 3002 confertim
539 2943 631 3003 attulit
640 2943 711 3004 libro
728 2949 740 3003 1
755 2957 847 3004 contm
859 2943 1013 3021 Julianum,
1027 2958 1112 3021 eaque
1125 2940 1220 3000 Latine
1233 2959 1372 3015 conversa,
1382 2960 1446 3017 qua·
1459 2940 1538 3002 nobis
1551 2940 1597 3001 bic
1608 2963 1660 3023 ap·

88 3054 189 3113 ponere
202 3033 292 3092 visum
306 3048 353 3111 est,
367 3036 501 3096 annotatis
516 3037 543 3095 in
558 3036 680 3117 margine
691 3037 768 3112 locis,
783 3037 855 3099 unde
869 3037 928 3097 brec
941 3035 1075 3117 excerpsit
1090 3033 1264 3114 Augustinus.

133 3130 208 3208 Lege
221 3133 311 3187 etiam
329 3131 575 3209 quemadmodum
590 3135 708 3211 exponit
722 3133 800 3192 idem
815 3136 877 3212 ipse
890 3135 1073 3193 aitsanctus
1085 3131 1217 3190 eumdem
1231 3131 1325 3207 ipsum
1337 3127 1476 3209 Apostoli
1488 3129 1594 3207 locum,
1609 3135 1662 3192 uhi
1693 3155 1812 3216 iugari...

89 3227 231 3302 scriptum
241 3236 283 3282 est
295 3247 302 3282 :
312 3226 364 3283 Per
376 3244 461 3282 unum
471 3223 609 3285 bominem
624 3239 766 3306 peccatum
775 3226 888 3288 intravit
901 3226 930 3286 in
942 3226 1088 3287 mundum.
1098 3227 1147 3284 Ibi
1155 3228 1234 3283 enim
1249 3224 1315 3283 luce
1325 3224 1436 3284 clarius
1445 3228 1477 3282 in
1491 3227 1579 3306 hujus
1580 3228 1661 3309 fidei
1668 3229 1752 3326 ffiffi
1762 3219 1812 3324 1*ίῖ

91 3320 254 3380 Catholicae
268 3323 395 3379 ueritate
406 3335 551 3381 uersatur.
571 3323 657 3401 Quod
671 3336 764 3383 totum
781 3327 853 3405 quia
869 3323 988 3405 longum
1002 3335 1045 3383 est
1058 3323 1127 3381 huic
1144 3323 1224 3400 operi
1241 3322 1381 3392 intexere,
1389 3323 1493 3399 paucis
1505 3323 1575 3380 inde
1588 3313 1814 3402 con-aimoini

90 3420 206 3495 cingam
218 3438 225 3471 ι
239 3421 250 3447 ¹
265 3415 449 3489 Manifestum,
466 3420 573 3497 inquit,
585 3418 713 3496 quoniam
725 3439 778 3480 non
800 3419 888 3501 ipsum
907 3431 1059 3500 peccatum,
1075 3415 1148 3496 quod
1162 3413 1276 3494 exlegis
1292 3413 1512 3493 transgressione,
1529 3415 1574 3476 sed
1588 3417 1657 3478 illud
1667 3404 1734 3503 ἔξω·
1743 3406 1768 3452 ⁵³
1778 3417 1814 3452 ¹²·

87 3527 239 3591 peccatum,
254 3508 327 3588 quod
342 3532 376 3569 cx
393 3511 458 3570 Adae
473 3511 668 3591 inobedientia,
681 3513 734 3573 hoc
752 3528 820 3594 erat,
839 3514 914 3594 quod
926 3513 1017 3574 omnia
1032 3509 1236 3572 contaminavit.
1252 3510 1294 3568 Et
1305 3509 1397 3588 paulo
1409 3521 1495 3588 post:
1510 3510 1657 3591 Regnavit,
1743 3533 1810 3578 102⁰.

86 3608 194 3685 inquit,
208 3624 281 3662 rnors
295 3602 330 3660 ab
344 3601 432 3662 Adam
444 3602 574 3681 usquead
588 3607 714 3685 Moysen,
728 3619 754 3665 et
767 3608 795 3665 in
805 3627 859 3680 eos,
876 3605 986 3685 quinon
1000 3614 1188 3684 peccaverunt.
1202 3599 1346 3672 Quomodo
1355 3600 1500 3680 regnavit?
1513 3601 1545 3661 In
1560 3602 1658 3664 simili·
1668 3596 1808 3706 neumas.

87 3698 184 3758 tudine
200 3696 416 3776 transgressionis
433 3696 510 3770 Adae,
525 3698 573 3777 qui
585 3712 624 3758 cst
636 3699 724 3760 forma
737 3696 832 3760 futuri.
849 3704 993 3782 Propterea
1007 3711 1033 3758 et
1045 3698 1131 3758 forma
1142 3709 1182 3756 est
1196 3692 1297 3756 christi
1309 3693 1404 3754 Adam.
1417 3693 1561 3769 Quomodo
1574 3670 1813 3778 sorman⁰i¹13ni.⁰in

87 3808 140 3871 est,
155 3792 259 3852 aiunt?
276 3792 413 3867 Quoniam
429 3792 499 3851 sicut
512 3792 558 3852 ille
571 3814 606 3852 ex
623 3795 766 3876 semetipso
782 3794 963 3872 nascentibus,
978 3793 1104 3873 quamvis
1119 3812 1172 3851 non
1186 3787 1407 3850 manducaverint
1423 3789 1458 3848 de
1473 3785 1558 3870 ligno,
1573 3780 1751 3888 sactusffimc
1784 3797 1809 3839 l·

89 3901 130 3946 est
144 3907 223 3946 causa
237 3885 341 3962 mortis,
363 3906 422 3962 quae
438 3905 488 3966 per
503 3885 593 3944 cibum
612 3886 723 3947 inducta
738 3901 777 3948 est
793 3912 799 3945 :
814 3888 852 3948 ita
869 3901 896 3948 et
910 3886 1036 3947 cbristus
1053 3885 1098 3962 iis,
1111 3883 1159 3963 qui
1174 3904 1210 3942 ex
1223 3882 1283 3962 ipso
1296 3895 1371 3961 sunt,
1386 3881 1492 3940 tametsi
1506 3881 1577 3941 nihil
1588 3874 1810 3967 jacencia.

89 3981 202 4060 egerint,
220 3981 305 4038 factus
318 3993 357 4038 est
370 3979 495 4059 provisor
507 3977 634 4060 justitie,
644 3999 726 4061 quam
740 4001 789 4064 per
805 4003 912 4044 crucem
929 3982 1008 4042 nobis
1020 3980 1147 4040 omnibus
1157 3976 1329 4038 condonavit.
1345 3976 1419 4036 Alio
1433 3979 1465 4032 in
1480 3975 1545 4036 loco
1560 3980 1661 4038 eodem

92 4096 225 4134 sermone
242 4098 248 4130 ι
264 4081 277 4107 ¹
288 4075 326 4133 Ut
337 4088 400 4131 cum
412 4072 464 4132 tibi
474 4073 575 4133 dixerit
586 4074 708 4153 Judaus,
725 4080 830 4158 lnquit,
847 4074 992 4152 Quomodo
1007 4074 1088 4134 unius
1102 4072 1203 4134 virtute
1216 4068 1318 4130 christi
1333 4067 1452 4128 mundus
1465 4069 1585 4131 salvatus
1597 4073 1661 4132 est?
1727 4109 1812 4158 ¹15„

91 4168 319 4252 possiseidicere,
330 4166 565 4241 Quemadmodum
576 4190 631 4229 uno
639 4169 809 4232 inobediente
816 4171 904 4233 Adam
913 4169 1032 4231 mundus
1041 4169 1185 4228 damnatus
1195 4179 1243 4225 est.
1256 4165 1430 4241 Quamquam
1442 4184 1495 4222 non
1507 4164 1561 4225 sint
1571 4187 1660 4245 aequa·
1669 4185 1694 4230 n·
1704 4168 1795 4223 saun

92 4265 140 4341 lia,
156 4264 333 4344 gratiamque
349 4276 599 4342 peccatum„nequc
611 4264 686 4345 paria
701 4266 757 4328 sint
770 4288 843 4328 mors
857 4281 938 4347 atque
953 4265 1020 4339 vita,
1036 4283 1089 4324 non
1101 4261 1211 4342 aqualis
1227 4262 1300 4319 Deus
1315 4279 1346 4318 ac
1357 4257 1491 4318 diabolus.
1505 4262 1581 4322 Item
1595 4274 1662 4342 post
1755 4307 1766 4321 .

92 4358 247 4437 paululum
264 4353 296 4411 :l
311 4353 365 4414 Sed
375 4376 427 4414 non
441 4356 817 4436 quemadmodumdelictnm,
829 4364 938 4443 inquit,
952 4361 988 4419 ita
998 4372 1025 4420 et
1034 4357 1127 4439 gratia.
1142 4354 1172 4416 Si
1185 4353 1257 4414 enim
1269 4352 1353 4411 unius
1359 4350 1459 4412 delicto
1470 4352 1551 4412 multi
1559 4355 1661 4415 mortui
1727 4389 1810 4433 ,mg
1861 4395 1862 4398 =

94 4465 170 4530 sum,
182 4450 268 4509 multo
279 4449 365 4529 magis
379 4449 466 4529 gratia
475 4451 526 4510 Dei
537 4465 565 4509 et
577 4451 681 4512 donum
691 4453 721 4514 in
731 4455 817 4534 gratia
828 4456 908 4516 unius
922 4451 1041 4516 hominis
1054 4456 1119 4515 Jssu
1131 4448 1232 4510 christi
1246 4447 1274 4507 in
1288 4424 1562 4508 multossbundavit.
1579 4449 1662 4522 Quod
1670 4448 1752 4553 ΕΜ,
1768 4453 1794 4504 t,

95 4546 168 4606 enim
181 4544 260 4622 dicit,
270 4547 376 4625 inquit,
384 4544 543 4625 hujusmodi
550 4560 590 4606 est
608 4546 656 4609 :si
664 4564 805 4629 peceatum
815 4551 916 4630 valuit,
929 4565 956 4610 et
969 4557 1109 4632 peccatum
1118 4544 1199 4605 unius
1207 4542 1345 4618 bominis3
1363 4542 1449 4623 gratia
1462 4556 1488 4602 et
1497 4543 1549 4603 Dei
1562 4542 1812 4624 gratia,n},m,5‚15,

95 4654 121 4699 et
132 4660 185 4699 non
195 4638 284 4699 solum
298 4638 396 4710 Patris,
413 4637 460 4697 sed
475 4637 555 4697 etiam
567 4640 641 4719 Filii,
657 4643 888 4721 quenadmodum
896 4666 950 4705 non
961 4643 1079 4724 amplius
1091 4637 1278 4722 prandebit?
1295 4636 1383 4697 Multo
1394 4636 1466 4696 enirn
1476 4636 1528 4695 boc
1540 4640 1662 4698 rationa-

95 4734 190 4792 bilius.
208 4734 279 4792 Nam
288 4731 373 4792 olium
388 4752 438 4813 pro
452 4731 507 4791 alio
519 4730 653 4812 damnari,
668 4756 721 4796 non
737 4737 816 4802 valde
830 4738 940 4800 videtur
952 4738 1050 4797 habere
1064 4734 1213 4794 rationem:
1227 4730 1312 4790 alium
1325 4742 1414 4788 autem
1428 4749 1477 4809 pro
1487 4729 1542 4788 alio
1553 4730 1662 4810 salvari,

96 4839 123 4886 et
135 4825 273 4886 decentius
287 4824 374 4904 magis
387 4837 413 4883 et
423 4824 611 4886 rationabilius
626 4843 746 4910 apparet.
763 4833 793 4891 Si
806 4833 889 4914 igitur
904 4831 975 4892 illud
988 4831 1090 4890 sactum
1105 4839 1154 4903 est,
1166 4824 1252 4884 multo
1269 4823 1357 4903 magis
1368 4822 1431 4881 hoc.
1449 4824 1581 4903 Itemque
1589 4825 1664 4885 alibi

97 4925 130 4979 in
142 4921 383 4999 consequentibus
394 4923 407 4975 ':
424 4917 574 4995 Judicium,
593 4924 701 5002 inquit,
718 4946 753 4985 ex
771 4948 825 4986 ιιυο
839 4927 867 4987 ἰιι
886 4923 1144 4998 condennationem,
1157 4918 1244 5001 gratia
1259 4930 1349 4977 aulem
1362 4937 1397 4975 0¹
1412 4913 1505 4974 ”¹⁰¹¹ss
1516 4911 1623 4977 (1⁰¹5ssss
1636 4919 1732 4994 inluta.
1742 4963 1764 4991 v.
1777 4945 1812 4995 ι6.

95 5011 325 5093 justificationem.
345 5009 403 5069 Hoc
418 5011 491 5070 idem
505 5025 555 5088 est,
574 5017 680 5094 inquit,
700 5017 774 5093 quod
792 5018 905 5098 dicitur,
927 5017 1055 5098 quoniam
1071 5012 1182 5094 quidem
1200 5023 1315 5070 mortem
1328 5004 1565 5079 etdamnationem
1577 5009 1666 5088 potuit

100 5120 241 5187 peccatum
253 5105 377 5165 inducere
387 5129 395 5182 3
410 5106 496 5186 gratia
510 5120 598 5165 airtcm
612 5128 664 5167 non
680 5132 764 5171 unum
781 5114 852 5176 illud
867 5113 1053 5175 tanturmmodo
1066 5107 1198 5169 interiecit
1213 5118 1362 5187 peccatum,
1373 5099 1420 5162 ted
1431 5097 1513 5172 03¹⁹&OE
1522 5115 1584 5184 90⁸¹
1596 5103 1669 5166 illud

74 5260 78 5268 ,
100 5199 262 5259 introeuntia
273 5212 389 5279 peccata.
404 5201 445 5258 Et
458 5181 675 5279 paullophstde
685 5205 811 5287 hocipso
825 5233 834 5266 :
848 5209 984 5284 Quoniam
999 5226 1071 5286 ergo,
1088 5205 1196 5282 inquit,
1209 5197 1291 5280 plura
1304 5192 1459 5257 introducta
1475 5190 1572 5255 sueth
1660 5210 1665 5213 “

102 5315 155 5352 non
170 5292 257 5352 solum
274 5292 344 5353 illud
361 5293 529 5353 intersectum
543 5308 581 5353 est
596 5311 748 5381 peccatum,
767 5302 907 5364 sedetiam
923 5300 1014 5364 omnia
1028 5297 1141 5376 reliqua,
1158 5289 1275 5377 ostendit
1291 5287 1384 5354 dans
1398 5286 1444 5353 :G
