3742 5970
775 120 822 169 nn
846 118 938 168 riou.
1565 93 1632 194 961

61 241 161 304 ’καὶτὸ
174 240 328 320 Πνεῦματὸ
343 241 431 341 ἅγιον·
446 242 531 303 Δαυὶθ
545 243 581 323 γλ
617 244 776 324 λέγει,Πῶ
791 268 844 306 πο-
899 243 928 304 in
942 243 1259 325 Euangeliurcredenti
1272 244 1374 303 σπιιιίσ
1383 224 1539 323 possibilia
1559 256 1637 304 sunt.
1650 261 1759 319 ussup.-

65 327 157 401 ρτυθῦ
172 322 226 383 ἀπὸ
243 326 290 381 τοῦ
304 319 454 400 πνευμοτότ
467 344 528 397 σοις
547 346 583 382 κα
605 324 658 384 ἀπὸ
675 330 723 385 τοῦ
735 323 844 407 προσύ-
899 322 1078 416 Omnipotens
1090 323 1245 405 etSpiritus
1257 336 1366 383 sununs
1376 334 1432 383 :est
1444 320 1528 396 euim,
1539 320 1640 403 inquit,
1650 333 1692 368 ²²·

62 424 122 461 που
138 424 185 462 σου
200 408 252 461 πσῦ
290 399 360 480 ύγω;
379 399 585 503 Παντσδύνσμος
599 407 614 463 ό
630 402 743 486 Πστλρ,
759 403 846 474 καθιλις
900 402 952 463 Dei
966 418 1056 463 uirtus
1069 402 1189 485 Spiritus
1202 415 1322 480 sununs,
1344 400 1464 495 Spiritus
1488 400 1642 493 intelligen-

63 480 143 560 λέγει
154 478 231 540 Ἰόνῦ·
241 423 330 554 ofin,
342 478 440 561 Κύριε,
451 479 493 539 ότι
506 504 591 541 παντο
606 484 732 557 δύνασαι,
744 485 845 543 ἀδυνα-
899 482 954 559 tite,
969 495 1086 553 sanctus,
1107 481 1294 559 multiformis,
1309 494 1407 556 tenuis,
1421 480 1500 540 facile
1514 481 1639 556 mobilis,

63 567 110 619 τιῖ
120 557 151 617 δέ
164 582 206 619 σοι
219 560 307 619 οὐδέν·
326 557 526 637 παντοδύναμος
544 564 560 620 ὁ
578 561 655 635 itte,
666 564 703 631 ὣς
720 562 844 645 λέγειτῷ
899 561 996 636 clarus,
1009 561 1177 643 perspicuus,
1190 561 1303 632 iliaesus,
1324 572 1429 632 acurtus,
1444 581 1499 621 nun
1523 559 1641 640 impedi-

65 636 291 698 δνσπιστιύσαντι
316 640 342 696 έν
364 642 404 718 τῷ
425 638 657 721 Εὖαγγελίιρ·Τι’γί
679 642 844 719 πιστεύοντι,
899 653 952 711 tus,
962 641 1108 715 beneficus,
1117 640 1259 700 huminum
1268 660 1370 716 amans,
1381 639 1485 714 surmus,
1496 652 1642 715 tutus,nun

65 716 152 796 φησὶ,
170 717 259 777 πάντα
279 717 390 776 δυνατά·
403 717 602 798 παντοδύναμον
619 721 665 780 καί
683 721 715 781 τὸ
733 724 846 799 Πνεῦμα
899 719 1042 796 sollicitus,
1061 720 1241 802 omnipotens,
1257 718 1347 780 omniu
1360 718 1532 799 perspiciens.
1547 719 1642 798 Neque

65 796 101 855 τὸ
111 795 199 874 ἀγισν·
214 795 295 856 Ἔστι
306 796 376 876 γὰρ,
408 797 478 869 ησὶν,
490 797 557 871 αὕτη
570 804 641 870 ἡτοῦ
651 803 722 860 Θεοῦ
736 801 845 880 δύναμις
898 797 978 858 modu
996 800 1086 860 omniu
1101 799 1265 891 perspiciens
1275 811 1315 859 est
1326 798 1448 879 Spiritus
1461 810 1579 871 sanetus,
1594 798 1641 859 sod

65 873 221 953 τὸΠνυῦμα
231 876 261 935 τὸ
280 876 364 955 ἀγιον,
379 820 490 954 [iscipu
501 879 603 959 νοερὸν,
619 878 704 958 ἅγιον,
725 883 845 959 πολυμε-
898 881 979 937 etiam
993 879 1115 939 homines
1129 901 1217 959 episco
1227 900 1279 956 ius,
1294 878 1353 937 sive
1365 877 1553 959 perspicientes
1564 877 1639 950 iecit,

101 977 127 1026 ς,
141 954 247 1028 λεπτὸν,
261 955 408 1028 εὐκίνητον,
428 956 538 1055 τρανὸν,
563 956 657 1038 σαφὲς,
678 959 843 1036 ἀπήμαντον,
899 971 929 1016 ut
951 959 1111 1018 testificatur
1134 959 1203 1018 mibi
1218 902 1327 1017 ιΡσυΙιισ
1348 957 1376 1016 in
1399 956 1512 1015 neribus
1534 957 1640 1017 dicens:

85 1030 130 1106 ξθ,
146 1031 291 1107 ἀκώλυτον,
314 1038 486 1113 εῦεργετικον,
530 1037 707 1115 ιλσίνθρωπον,
728 1038 844 1117 βέὸαιον,
898 1038 1055 1096 Attendite
1064 1041 1149 1097 uobis
1163 1051 1191 1098 et
1204 1040 1340 1097 universo
1359 1039 1450 1117 gregi,
1460 1040 1492 1093 in
1511 1056 1570 1116 quo
1586 1050 1789 1099 vosAceaoat.

66 1109 205 1192 ἀσφαλές,
230 1112 385 1211 ἀμέριμνον,
407 1116 624 1192 παντσδυναμον,
645 1116 691 1177 καλ
711 1120 844 1179 παντεπί-
861 1126 882 1173 1)
897 1117 1021 1196 Spiritus
1044 1130 1164 1176 sanctus
1188 1121 1286 1197 posuit
1305 1119 1461 1206 episcopos.
1475 1115 1552 1173 Misit
1571 1136 1640 1196 pru-

65 1193 233 1250 σκσπον.οιἰ
256 1214 333 1268 μονον
356 1192 384 1250 δέ
409 1194 621 1255 παντεπίσκοπον
635 1196 666 1256 τὸ
686 1198 796 1274 Πνεῦμα
813 1199 871 1259 τὸ.
898 1196 992 1278 phetas
1007 1198 1095 1270 Pater,
1109 1195 1183 1255 misit
1200 1196 1344 1277 prophetas
1352 1195 1447 1268 filius,
1456 1192 1530 1253 misit
1539 1207 1564 1254 et
1577 1194 1641 1275 Spi-

64 1271 156 1349 ἅγιον,
170 1270 542 1352 ἀλλάγάρκαὶ“ἀνθρῶποτις
561 1279 695 1349 ποιεῖ,ὡς
717 1286 846 1359 μαρτυρεῖ
898 1275 966 1335 ritus
979 1290 1096 1351 auctus,
1111 1289 1140 1333 nt
1154 1296 1272 1334 unuscx
1297 1274 1443 1355 prophetis}
1452 1272 1520 1332 dicit
1541 1275 1639 1333 lsains:

66 1373 118 1427 μοι
132 1351 238 1416 Παῦλος
252 1352 279 1408 ἐν
292 1359 350 1417 ταῖς
367 1351 481 1431 Πρέξεσι
503 1352 534 1411 λέ
573 1374 597 1411 ν·
612 1353 763 1435 Προσέγετε
780 1359 844 1415 iuru-
902 1356 941 1412 Et
955 1375 1034 1413 nuno
1048 1357 1205 1425 Dominus,
1217 1356 1363 1413 Dominus
1375 1356 1455 1412 misit
1467 1374 1522 1426 me,
1533 1367 1561 1412 et
1573 1355 1641 1434 Spi-

63 1437 126 1496 τοῖς
138 1428 184 1488 καλ
198 1429 278 1487 παντὶ
291 1433 329 1510 τῷ
339 1429 468 1512 ποιμνίῳ,
480 1434 506 1490 έν
530 1491 536 1513 Ι
558 1431 632 1492 ἔθετο
647 1437 717 1512 ὑμᾶς
736 1435 844 1495 έπισκό-
898 1436 972 1492 ritus
986 1437 1057 1514 ejus.
1072 1439 1095 1492 A
1108 1434 1179 1493 Filio
1191 1432 1266 1492 missi
1279 1446 1341 1492 suut
1354 1431 1481 1513 apostoli:
1492 1434 1571 1492 Ecce
1588 1453 1641 1513 ego
1649 1461 1737 1505 Mani,
1753 1472 1789 1504 w,

63 1530 136 1575 πσυς
148 1506 179 1566 τὸ
190 1509 301 1586 Πνεῦμα
315 1509 346 1569 τὸ
359 1509 441 1589 ἅγιον.
456 1509 605 1571 Ἀπέστειλε
615 1511 752 1593 προφήτας
765 1515 845 1574 θΠα-
899 1515 983 1570 mitto
1002 1533 1056 1572 uos
1073 1516 1149 1572 sicut
1159 1533 1227 1572 oves
1245 1516 1277 1570 in
1291 1513 1386 1570 medio
1401 1512 1552 1590 luporum:
1562 1512 1640 1571 missi
1651 1521 1689 1566 ιο.

65 1585 139 1666 τὴρ,
164 1585 304 1646 ἀπέστειλε
317 1589 454 1669 προφήτας
467 1593 481 1648 ὁ
496 1590 573 1662 Υἱὸς,
598 1591 738 1651 ἀπέστειλε
754 1592 798 1651 καλ
813 1595 845 1654 τὸ
898 1612 1006 1669 quoquc
1014 1605 1099 1650 sunta
1110 1591 1214 1671 Spiritu
1222 1605 1322 1665 sanctu,
1329 1590 1396 1649 sicut
1408 1590 1435 1648 in
1446 1589 1573 1649 Actibus:
1583 1593 1642 1669 Qui
1651 1596 1704 1640 Aci.
1717 1592 1753 1641 ¹3·
1765 1592 1790 1655 θ·

32 1666 41 1679 “
65 1667 182 1743 Πνεῦμα
201 1667 232 1725 τὸ
250 1666 334 1746 ἅγιον,
344 1672 379 1735 ὡς
393 1659 429 1736 εἷς
439 1673 492 1728 τῶν
503 1675 645 1750 προφητῶν
657 1669 770 1739 Ἡσαΐας
781 1675 844 1730 ἀνα·
898 1690 965 1749 ergo
974 1674 1057 1729 missi
1066 1684 1151 1730 erum
1161 1672 1295 1750 oSpr'ritu
1309 1683 1421 1747 sancto,
1430 1671 1641 1730 descenderunt

65 1746 226 1824 φθέγγεται,
235 1745 329 1823 λέγων·
338 1746 392 1807 Καὶ
403 1753 448 1806 νῦν
457 1747 571 1828 Κύριος,
582 1750 622 1809 Κύ
642 1772 678 1818 ισς
691 1750 844 1811 ἀπέσταλκέ
898 1749 1070 1808 Seleuciam.
1083 1749 1234 1809 Advocavit
1249 1751 1329 1807 Pater
1342 1749 1486 1828 apostulus,
1498 1747 1641 1810 advocavit

65 1825 525 1985 ἷὲίΐέέῖέέῗθῦῖέῗέρόέῗ
540 1773 844 1977 έλέίῖιῦιάέῖίί
899 1827 1705 1989 {iit'ttt‘sst‘tittffiiiii-‘sttttfittTl-tt'tit123·ii
1725 1932 1772 1963 ,2

64 1981 177 2043 όαταίν
192 1982 265 2064 μέσῳ
280 1983 383 2044 λύκων·
396 1932 595 2065 έξεπέγλφθησαν
612 1987 658 2048 καλ
681 1953 733 2048 uit
756 1933 840 2049 Πνέύ·
898 1987 1112 2058 Οιιὶλιιιειιοισάλ
1150 1987 1641 2066 stolisDicitSpiritussonctuere·

66 2085 153 2140 ματος
167 2060 257 2143 ἁγίου,
270 2061 306 2131 ὥς
320 2087 398 2144 φησιν
410 2068 437 2123 ἐν
452 2074 510 2132 ταῖς
524 2066 672 2147 Πρέξεσιν·
687 2071 722 2127 Οί
733 2067 782 2146 μέν
797 2060 842 2130 σύν
896 2081 1016 2147 gregato
1029 2068 1103 2125 mihi
1113 2009 1286 2126 Sirrnobam
1295 2079 1324 2125 et
1335 2067 1466 2125 Paulum
1478 2069 1510 2123 in
1521 2086 1592 2146 opus
1601 2068 1642 2126 od

64 2142 261 2224 ἐκπεμφθέντες
278 2145 331 2202 ὑπὸ
343 2148 389 2201 τοῦ
404 2145 558 2223 Πνεόματσς
568 2150 615 2205 τσῦ
625 2146 700 2250 ἁγίου
712 2150 843 2219 κατῆλθον
860 2167 879 2215 n
919 2149 979 2204 uod
996 2150 1103 2207 vocavi
1121 2166 1178 2206 eos.
1192 2148 1338 2225 segregate
1348 2165 1409 2218 vos,
1423 2159 1559 2225 segregate
1571 2146 1640 2206 mihi

65 2223 107 2289 είς
123 2202 288 2281 Σελεύκειαν.
303 2223 527 2303 Προσεκαλέσατο
546 2230 560 2285 ὁ
581 2228 683 2307 Πατηρ·
698 2225 758 2292 τοῦς
778 2231 842 2289 ἀπο-
897 2168 1049 2285 Sarnnbam
1065 2239 1091 2285 et
1103 2226 1226 2285 Paulum.
1241 2227 1351 2305 Loquor
1369 2238 1400 2283 ut
1417 2223 1558 2302 dominus3
1572 2226 1641 2285 obc-

65 2300 194 2368 στόλους.
205 2302 420 2383 προσεκαλέσατο
434 2303 479 2362 καλ
492 2308 507 2363 ὁ
521 2305 584 2372 Υἱὸς
594 2305 653 2374 τοθς
666 2308 842 2381 ἀποστολαις,
897 2303 953 2364 dite
965 2319 995 2364 ut
1008 2304 1090 2365 servi.
1103 2308 1313 2387 Jejunontr'bus
1332 2304 1502 2363 autemillis
1515 2317 1544 2364 et
1554 2309 1640 2364 mirri·

64 2378 166 2456 ὁμοίως
176 2379 222 2439 καλ
242 2380 273 2439 τὸ
289 2383 401 2461 Πνεῦμα
419 2383 450 2442 τὸ
469 2381 543 2462 ἀγιον
556 2386 771 2466 προσεκαλέσατο
791 2390 842 2447 αὖ·
896 2387 1057 2445 errantibus
1067 2388 1205 2444 Domino.
1213 2383 1387 2444 Attende:Et
1395 2386 1639 2445 ministrantibus.

63 2457 145 2525 τούς·
161 2462 256 2518 Λειτου
291 2460 389 2521 υόντων
402 2463 489 2520 αὐτῶν
501 2467 539 2543 τῷ
557 2462 765 2544 Κυρίῳ.Τίνων;
779 2469 841 2526 Τῶν
896 2464 954 2524 Ubi
968 2479 1032 2524 sunt
1045 2467 1091 2544 qui
1103 2465 1199 2525 dicunt
1211 2464 1345 2545 Spiritum
1355 2463 1640 2523 sanctumessemini-

27 2582 33 2590 .
67 2538 241 2598 ἀποστόλων·
256 2542 279 2599 λ,
293 2542 369 2601 πετὸ
383 2542 494 2619 Πνεῦμα
512 2542 841 2625 τὸάγισν·ἀφορίσατιδή
897 2546 1006 2603 strum?
1020 2545 1050 2606 Si
1064 2545 1186 2604 minister
1199 2559 1238 2603 est
1251 2543 1371 2625 Spiritus
1387 2555 1506 2619 sanctus,
1517 2564 1588 2603 unus
1601 2558 1639 2604 est

70 2628 119 2693 μοι
132 2618 175 2678 τὸν
193 2620 334 2699 Βαρνέόαν
342 2619 390 2679 καλ
400 2621 445 2679 τὸν
455 2624 561 2682 Παῦλον
574 2626 610 2689 είς
620 2623 651 2683 τὸ
664 2624 843 2708 ἔργσνθπρσ-
897 2626 1052 2715 οπμεθοτιιπι
1075 2625 1119 2684 rel
1135 2637 1288 2683 sanctorum
1311 2622 1560 2704 apostulorum:qni
1575 2624 1716 2683 tacituro.
1738 2629 1789 2679 ¹⁰³·

68 2695 205 2799 κέκλημαι
217 2700 319 2767 αὐτούς.
332 2697 485 2780 Ἀφορίσατε
494 2702 732 2784 θμεῖς,ἀφορίσατέ
742 2727 788 2782 μοι
797 2706 842 2766 τὸν
896 2723 968 2762 enim
990 2705 1100 2784 angelos
1125 2725 1189 2764 suos
1217 2703 1341 2785 spiritus,
1363 2717 1390 2762 et
1414 2702 1551 2762 ministros
1575 2695 1671 2764 suusi'

67 2776 211 2877 Βαρναῦαν
224 2780 270 2838 καὶ
288 2780 459 2840 τὀνΠαῦλον.
473 2781 551 2859 Λέγω
566 2785 601 2848 ὡς
616 2781 760 2856 δεσπότης,
772 2789 842 2844 ῦπα-
896 2782 1034 2842 flammam
1047 2783 1127 2863 ignis.
1139 2787 1239 2843 Atnun
1259 2782 1384 2842 minister
1395 2795 1435 2841 est
1448 2781 1568 2859 Spiritus
1576 2805 1637 2842 suu-

66 2878 181 2916 κουσατε
192 2861 229 2925 ὡς
243 2859 338 2919 δοῦλοι.
353 2859 540 2931 Νηοτευόντων
563 2859 591 2919 tt
612 2864 698 2921 αὐτῶν
712 2862 757 2920 καλ
782 2866 841 2924 λει-
896 2875 966 2936 ctus,
980 2861 1027 2921 sed
1040 2863 1207 2922 ministretur
1221 2860 1525 2921 illizMinistrantibus
1539 2875 1638 2922 autem

64 2935 247 3017 τωργούντων
260 2941 299 3018 τῷ
315 2937 413 3038 Κυρίῳ.
437 2938 575 3020 Πρόσεγε,
590 2942 644 3000 Καὶ
656 2943 841 3022 λειτουργούν-
897 2942 972 3016 illis,
985 2942 1084 3021 inquit,
1099 2944 1177 3001 dixit
1199 2942 1324 3021 Spiritus
1336 2942 1520 3001 sonctuere
1554 2955 1638 3022 egote

66 3037 134 3075 των.
144 3016 202 3076 Ποῦ
209 3019 275 3078 είσιν
290 3023 314 3078 οἱ
328 3019 448 3094 λεγοντες
461 3020 547 3079 λειτου
565 3020 640 3098 γικὸν
653 3020 684 3080 τὸ
692 3022 804 3100 Πνεῦμα
811 3022 843 3082 τὸ
897 3021 1041 3082 πιίθὲ.8ει1
1056 3034 1095 3081 est
1108 3020 1218 3081 Domini
1231 3042 1298 3095 vox,
1311 3021 1398 3101 Segre
1415 3033 1465 3079 ate
1479 3025 1520 3079 mi
1541 3025 1553 3079 i
1561 3023 1638 3080 Bur-

65 3093 157 3171 ἀγιονς
171 3097 205 3156 Et
218 3095 397 3177 λειτουργικόν
420 3099 476 3157 ἐστι
496 3098 527 3159 τὸ
542 3043 654 3179 Πνεῦμα
667 3099 697 3159 τὸ
712 3100 798 3182 ἀγιον,
813 3102 840 3163 έν
898 3104 1007 3160 nobam
1019 3114 1048 3161 et
1068 3101 1198 3161 Paulum
1221 3104 1253 3158 in
1274 3120 1345 3181 opus
1365 3043 1417 3160 σύ
1429 3102 1509 3183 quod
1529 3106 1639 3160 uocaui

64 3176 125 3234 ἐστι
137 3177 189 3234 τῶν
204 3177 321 3257 ἀγγελων
332 3176 378 3236 καὶ
391 3180 444 3236 τῶν
459 3177 541 3258 ἁγίων
555 3178 709 3240 ἀποστόλων
720 3204 727 3218 ·
737 3185 840 3243 ὁποαῦν
896 3201 955 3240 eos.
972 3181 1052 3240 Nunc
1066 3202 1116 3240 ros
1134 3193 1270 3260 segregate
1283 3178 1352 3239 mssii
1366 3179 1483 3241 Paulum
1493 3192 1520 3239 et
1531 3183 1638 3240 Berna-

62 3252 119 3333 γάρ
127 3253 186 3322 τοὺς
198 3257 324 3335 ἀγγέλους
335 3260 414 3317 αὐτοῦ
428 3257 586 3336 πνεύματα,
596 3259 642 3321 καλ
655 3258 715 3327 τοὺς
725 3263 841 3341 λειτουρ·
895 3259 972 3319 bam:
981 3281 1032 3340 ego
1045 3260 1117 3320 enim
1130 3258 1270 3352 segregari
1284 3281 1329 3320 eus
1348 3260 1384 3319 ab
1398 3273 1474 3319 uteru
1487 3260 1582 3319 matris
1594 3282 1639 3320 eo-

63 3331 128 3411 γοὺς
138 3335 217 3392 αὐτοῦ
230 3361 267 3395 πυ
285 3335 414 3417 ὸςφλόγα.
426 3336 533 3398 Ἀλλόὗ
542 3339 757 3418 λειτουργικλντὸ
767 3342 841 3420 ἅγιον
895 3361 966 3397 rum.
977 3340 1011 3399 Et
1020 3340 1083 3418 quia
1094 3362 1110 3398 u
1122 3339 1226 3421 Spiritu
1238 3354 1329 3399 sanctu
1338 3353 1449 3400 vocatus
1459 3353 1516 3398 erat
1529 3340 1639 3412 Paulus,

63 3412 195 3491 Πνεῦμα,
219 3360 288 3475 ἀλλά
305 3419 390 3475 λειτου
409 3415 551 3494 γούμενον·
571 3419 798 3498 Λειτουργούντων
813 3421 840 3481 tt
895 3419 930 3476 ab
943 3420 1070 3498 apostulis
1085 3433 1239 3497 segregatus
1255 3432 1293 3476 est
1309 3420 1337 3477 in
1352 3418 1532 3497 evangelium,
1550 3431 1580 3478 ut
1593 3419 1640 3480 ille

63 3493 162 3565 αὐτῶν,
177 3493 266 3572 φησὶν,
278 3485 335 3554 ε’ίπε
346 3495 377 3554 τὸ
387 3440 500 3574 Πνεῦμα
510 3497 540 3555 τὸ
551 3496 568 3554 ἀ
587 3521 634 3569 ιον,
650 3498 791 3577 ἀφορίσατε
808 3500 839 3573 δή
849 3518 886 3560 uus
896 3496 922 3555 iu
937 3499 1025 3576 prima
1034 3498 1155 3579 Epistula
1164 3497 1231 3556 dicit
1242 3497 1371 3566 :Seruus
1385 3509 1509 3556 uocatus
1521 3519 1539 3555 a
1560 3511 1638 3557 osto·
1647 3508 1714 3554 Rom.
1726 3523 1745 3554 r.
1757 3524 1776 3555 ι.

63 3593 123 3645 μοι.
142 3570 222 3632 Ἀλλά
237 3575 373 3635 Δεσπότου
387 3574 516 3654 φωνή·Ἀ
538 3520 645 3656 opinari
654 3599 700 3654 μοι
712 3577 756 3635 τὸν
768 3580 841 3659 Bup-
858 3577 879 3623 Α
895 3577 952 3648 ίιιε,
980 3590 1146 3665 segregatus
1171 3580 1204 3635 in
1228 3575 1415 3655 evangelium
1436 3576 1505 3634 Dei.
1550 3574 1583 3635 ed
1609 3576 1639 3637 id

62 3648 150 3709 νέόσν
167 3652 212 3710 καλ
227 3653 270 3713 τὸν
285 3655 392 3713 Παῦλον
407 3657 444 3722 εἰς
462 3655 493 3714 τὸ
513 3599 587 3734 ίύγσν
602 3655 617 3716 ό
635 3656 840 3738 προσκέκλημαι
895 3676 977 3731 nunc,
997 3655 1107 3731 dilecti,
1129 3655 1317 3735 excogitarunt
1339 3655 1375 3731 ii,
1390 3653 1439 3733 qui
1463 3654 1639 3736 blasphemius

62 3727 169 3798 αὐτούς.
185 3733 322 3810 Νῦνίιμεῖς
336 3738 388 3814 ἀφο
407 3733 481 3793 ίσατί
495 3758 541 3813 μοι
554 3736 598 3794 τὸν
613 3736 720 3795 Παῦλον
734 3736 780 3796 καὶ
795 3738 838 3797 τὸν
892 3734 958 3794 dunt
970 3756 1164 3816 upcrsmzcum
1178 3735 1340 3816 oportuisset
1353 3755 1463 3815 operam
1482 3733 1549 3793 dare
1565 3734 1639 3796 divi-

61 3808 205 3888 Παρνόόαν
218 3835 224 3849 ·
238 3813 291 3892 ἐγὼ
304 3813 356 3895 γὰρ
377 3756 428 3886 τίθη
444 3814 565 3893 ἀτὼρισσ
579 3813 671 3882 αὐτοὺς
691 3819 722 3875 ἐκ
738 3815 839 3886 κοιλίας
893 3835 933 3872 nae
947 3814 1006 3873 Scri
1028 3829 1110 3890 ttrrae,
1124 3828 1150 3874 et
1163 3835 1306 3894 agnoscere
1319 3814 1468 3873 Dominum
1488 3827 1515 3873 ct
1534 3812 1637 3875 dictum

61 3912 121 3964 μητ
138 3890 164 3958 ’ς
191 3895 286 3952 αὐτῶν.
316 3893 369 3953 Καὶ
392 3848 482 3965 έπειδλ
507 3894 558 3952 ὑπὸ
584 3893 737 3972 Πνεόματος
762 3896 838 3976 ἀγίσυ
891 3890 974 3952 illud:
1007 3907 1094 3954 acute
1104 3907 1132 3953 et
1140 3895 1248 3969 uidete,
1256 3897 1397 3975 quonium
1407 3914 1460 3975 ego
1468 3914 1536 3985 sum
1546 3896 1637 3957 Deus.
1647 3899 1714 3943 psat.
1725 3899 1765 3958 4⁵·

60 3971 111 4028 ε’κλ
129 3974 162 4040 θη
172 3972 291 4045 Παῦλος,
305 3972 356 4032 ὑπὸ
370 3972 398 4032 δὲ
412 3976 464 4031 τῶν
477 3972 632 4033 ἀποστολων
646 3974 783 4114 ἀφρρίσθη
801 3978 838 4044 είς
891 3974 970 4033 Nunc
981 3973 1062 4032 aliam
1075 3973 1262 4054 blasphemum
1276 3973 1450 4052 quaestiunem
1465 3988 1637 4053 invenerunt,
1651 3974 1686 4006 '¹’

59 4047 127 4106 τὸεθ
181 4050 261 4121 ελισν,
273 4050 361 4119 καθὼς
373 4054 399 4111 ἐν
411 4050 503 4132 πρώτη
514 4053 661 4131 Ἐπιστολῇ
699 4077 754 4133 γει·
767 4058 835 4115 Au?-
890 4052 1446 4134 etinterrugnntnosrThronumnehabet
1464 4054 1565 4114 Pater?
1579 4056 1637 4114 Re-

58 4128 118 4199 λοι,
166 4128 228 4200 ητὸς
251 4130 411 4203 ἀπόστολος,
432 4131 614 4212 ἀφωρισμένος
634 4136 671 4200 είς
685 4136 836 4213 εῦαγγελιον
890 4132 1068 4214 spondemus,
1092 4132 1184 4194 Etiam
1198 4157 1205 4190 ε
1220 4134 1366 4193 Dominus
1389 4154 1476 4215 super
1499 4134 1638 4194 thronum

57 4208 141 4265 Θεοῦ.
154 4207 235 4268 Ἀλλὰ
246 4215 290 4267 νῦν
304 4208 415 4288 ἐξεῦρον,
428 4213 576 4288 ἀγαπητοὶ,
590 4216 614 4272 σί
627 4216 661 4283 τῆ
679 4213 837 4293 βλασφημία
890 4226 1028 4272 sanetum
1055 4233 1149 4273 suum.
1165 4212 1288 4273 Hubctne
1308 4213 1438 4272 thronum
1462 4212 1569 4273 Filius?
1583 4215 1637 4274 Re-

57 4285 248 4365 σχολέζσντες,
263 4292 319 4348 ἀνθ’
331 4282 368 4349 ὧν
382 4289 434 4350 ἔδει
450 4290 587 4369 σχολάζειν
601 4294 634 4370 τῇ
648 4276 712 4373 ’θείφ
725 4275 835 4373 Γραφῇ,
889 4313 903 4349 s
922 4291 1331 4386 undcmus‚Etium:seriptum
1343 4305 1384 4351 est
1403 4292 1476 4352 euim
1496 4291 1531 4351 de
1551 4292 1636 4353 Filio:

55 4365 105 4421 καὶ
118 4365 256 4442 γινώσκειν
270 4368 314 4428 τὸν
330 4367 482 4448 Κόρισνκαὶ
496 4370 689 4449 τὸλεγόμενον,
704 4370 744 4430 ότι
758 4373 833 4452 220-
892 4312 1025 4431 Sironus
1049 4386 1128 4444 tuus,
1144 4374 1225 4432 Deus
1241 4394 1272 4430 ur
1295 4371 1433 4431 seculum
1449 4371 1559 4431 seculi.
1582 4372 1637 4433 Sed

55 4443 159 4504 irrisore
172 4447 217 4505 καλ
228 4450 326 4526 γνῶτε,
340 4447 381 4509 ότι
395 4449 448 4524 ἀγόν
459 4452 514 4526 εἶμι
523 4454 537 4509 ὁ
546 4451 623 4520 θεός.
634 4453 688 4511 Νῦν
700 4451 767 4524 ἄλλο
776 4398 835 4511 έπε-
888 4470 950 4508 cum
963 4451 1043 4510 aridis
1056 4451 1186 4510 thronum
1200 4450 1261 4524 Dei,
1270 4449 1300 4509 id
1316 4463 1347 4509 ut
1365 4451 1455 4510 Deum
1469 4448 1547 4511 docet
1559 4452 1637 4532 uugi·

56 4521 170 4603 ρώτημα
185 4526 356 4605 βλασφημίας
368 4518 454 4607 εῦρον,
470 4529 515 4586 καλ
529 4532 777 4610 έπερωτῶσινὴμῦς
790 4530 834 4590 λέ·
888 4529 1001 4589 tondum
1011 4544 1065 4603 est;
1079 4531 1219 4606 thronum,
1226 4551 1322 4610 nempe
1332 4543 1499 4610 potestatem,
1508 4552 1632 4611 regnum,

54 4626 158 4678 γοντες·
174 4608 216 4665 ὅτι
230 4605 318 4705 θρόνον
335 4606 418 4707 ipsiu
441 4608 550 4687 Πστόρς
567 4609 619 4668 Καὶ
633 4610 754 4688 λέγομεν,
770 4611 832 4669 ναί·
888 4608 1099 4669 dominationem
1111 4633 1116 4665 :
1129 4609 1205 4668 nubis
1219 4608 1289 4667 enim
1304 4609 1445 4690 Scriptura
1464 4622 1494 4667 ut
1513 4609 1634 4670 humini-

53 4682 121 4741 ‘'()ri
135 4687 149 4742 ὁ
160 4685 229 4751 Θεὸς
245 4685 288 4744 επλ
303 4692 393 4767 θρονου
407 4686 481 4766 ἁγίου
495 4690 584 4748 αὐτοῦ.
597 4687 675 4770 Ἔχει
687 4691 775 4773 θρόνον
787 4691 833 4750 καλ
888 4688 940 4748 hus
949 4690 1079 4768 loquitur.
1094 4688 1151 4749 Ubi
1166 4688 1236 4748 cuim
1247 4688 1379 4770 scriptum
1391 4701 1441 4765 est,
1453 4688 1534 4749 etiam
1546 4689 1635 4770 Spiri-

53 4763 160 4835 ὁλλός,
174 4765 353 4842 λέγομεν,ναί
363 4790 368 4802 ·
378 4766 527 4848 γέγραπται
536 4767 587 4847 γὰρ
598 4714 698 4830 iiiios
710 4771 787 4846 Υίοῦ,
797 4769 832 4830 ‘0
888 4782 945 4828 tum
958 4782 1082 4831 sanctum
1095 4767 1345 4846 habere-thronum,
1354 4782 1383 4829 ut
1391 4790 1427 4829 ex
1434 4769 1533 4831 throno
1543 4789 1633 4848 tequa-

88 4948 99 4970 ὓ
117 4932 207 4998 [Sati]
220 4942 239 4986 ῖσ
260 4936 413 4999 immortuus]
