<?xml version="1.0" encoding="UTF-8"?>
<!DOCTYPE html PUBLIC "-//W3C//DTD XHTML 1.0 Transitional//EN"
    "http://www.w3.org/TR/xhtml1/DTD/xhtml1-transitional.dtd">
<html xmlns="http://www.w3.org/1999/xhtml" xml:lang="en" lang="en">
 <head>
  <title>
</title>
<meta http-equiv="Content-Type" content="text/html;charset=utf-8" />
  <meta name='ocr-system' content='tesseract 3.04.00' />
  <meta name='ocr-capabilities' content='ocr_page ocr_carea ocr_par ocr_line ocrx_word'/>
</head>
<body>
  <div class='ocr_page' id='page_1' title='image "./sanctipatrisnos01chrygoog/sanctipatrisnos01chrygoog_0459.png"; bbox 0 0 3728 5978; ppageno 0'>
   <div class='ocr_carea' id='block_1_1' title="bbox 229 437 1452 527">
    <p class='ocr_par' dir='ltr' id='par_1_1' title="bbox 229 437 1452 527">
     <span class='ocr_line' id='line_1_1' title="bbox 229 437 1452 527; baseline -0.005 -19"><span class='ocrx_word' id='word_1_1' title='bbox 229 437 302 527; x_wconf 67' lang='lat'><strong>430</strong></span> <span class='ocrx_word' id='word_1_2' title='bbox 563 448 969 503; x_wconf 78' lang='lat' dir='ltr'><strong>c.tosuu1scunrsosr.</strong></span> <span class='ocrx_word' id='word_1_3' title='bbox 997 452 1153 502; x_wconf 73' lang='lat' dir='ltr'><strong>rucuma.</strong></span> <span class='ocrx_word' id='word_1_4' title='bbox 1182 451 1452 504; x_wconf 79' lang='lat' dir='ltr'><strong>cousraurruoe.</strong></span> 
     </span>
    </p>
   </div>
   <div class='ocr_carea' id='block_1_2' title="bbox 230 574 1820 4896">
    <p class='ocr_par' dir='ltr' id='par_1_2' title="bbox 230 574 1820 4154">
     <span class='ocr_line' id='line_1_2' title="bbox 230 574 1804 662; baseline 0.001 -24"><span class='ocrx_word' id='word_1_5' title='bbox 230 598 314 639; x_wconf 85' lang='lat' dir='ltr'><strong>rasse.</strong></span> <span class='ocrx_word' id='word_1_6' title='bbox 328 577 365 638; x_wconf 85' lang='lat' dir='ltr'><strong>Et</strong></span> <span class='ocrx_word' id='word_1_7' title='bbox 378 574 441 638; x_wconf 89' lang='lat' dir='ltr'><strong>vide</strong></span> <span class='ocrx_word' id='word_1_8' title='bbox 452 575 568 636; x_wconf 80' lang='lat' dir='ltr'><strong>Paulum</strong></span> <span class='ocrx_word' id='word_1_9' title='bbox 579 576 671 636; x_wconf 87' lang='lat' dir='ltr'><strong>statim</strong></span> <span class='ocrx_word' id='word_1_10' title='bbox 683 596 734 636; x_wconf 93' lang='lat' dir='ltr'><strong>non</strong></span> <span class='ocrx_word' id='word_1_11' title='bbox 745 575 780 635; x_wconf 92' lang='lat' dir='ltr'><strong>de</strong></span> <span class='ocrx_word' id='word_1_12' title='bbox 791 575 942 636; x_wconf 71' lang='lat' dir='ltr'><strong>induculam</strong></span> <span class='ocrx_word' id='word_1_13' title='bbox 953 587 979 634; x_wconf 87' lang='lat' dir='ltr'><strong>et</strong></span> <span class='ocrx_word' id='word_1_14' title='bbox 1021 574 1132 656; x_wconf 80' lang='grc' dir='ltr'>ὀδπερὶ</span> <span class='ocrx_word' id='word_1_15' title='bbox 1143 574 1257 644; x_wconf 87' lang='grc' dir='ltr'>πίστεως</span> <span class='ocrx_word' id='word_1_16' title='bbox 1273 576 1351 656; x_wconf 76' lang='grc' dir='ltr'>μόνον</span> <span class='ocrx_word' id='word_1_17' title='bbox 1363 577 1420 637; x_wconf 76' lang='grc' dir='ltr'>οὐδέ</span> <span class='ocrx_word' id='word_1_18' title='bbox 1433 577 1495 658; x_wconf 83' lang='grc' dir='ltr'>περί</span> <span class='ocrx_word' id='word_1_19' title='bbox 1509 575 1627 659; x_wconf 82' lang='grc' dir='ltr'>άρέσεως</span> <span class='ocrx_word' id='word_1_20' title='bbox 1642 578 1804 662; x_wconf 74' lang='grc' dir='ltr'>ἁμαρτημά-</span> 
     </span>
     <span class='ocr_line' id='line_1_3' title="bbox 230 666 1804 751; baseline -0.001 -19"><span class='ocrx_word' id='word_1_21' title='bbox 230 671 267 732; x_wconf 87' lang='lat' dir='ltr'><strong>de</strong></span> <span class='ocrx_word' id='word_1_22' title='bbox 287 671 442 732; x_wconf 76' lang='lat' dir='ltr'>remissione</span> <span class='ocrx_word' id='word_1_23' title='bbox 463 683 646 751; x_wconf 79' lang='lat' dir='ltr'><strong>peccatorum,</strong></span> <span class='ocrx_word' id='word_1_24' title='bbox 669 670 818 730; x_wconf 87' lang='lat' dir='ltr'><strong>sedetiam</strong></span> <span class='ocrx_word' id='word_1_25' title='bbox 841 669 876 729; x_wconf 90' lang='lat' dir='ltr'><strong>de</strong></span> <span class='ocrx_word' id='word_1_26' title='bbox 898 669 980 727; x_wconf 90' lang='lat' dir='ltr'><strong>rebus</strong></span> <span class='ocrx_word' id='word_1_27' title='bbox 1032 691 1094 743; x_wconf 91' lang='grc' dir='ltr'>των,</span> <span class='ocrx_word' id='word_1_28' title='bbox 1111 666 1180 728; x_wconf 76' lang='grc' dir='ltr'>ἀλλὰ</span> <span class='ocrx_word' id='word_1_29' title='bbox 1199 668 1244 729; x_wconf 87' lang='grc' dir='ltr'><strong>καὶ</strong></span> <span class='ocrx_word' id='word_1_30' title='bbox 1268 668 1331 750; x_wconf 79' lang='grc' dir='ltr'>περὶ</span> <span class='ocrx_word' id='word_1_31' title='bbox 1346 673 1424 728; x_wconf 80' lang='grc' dir='ltr'><strong>Ιιτῶν</strong></span> <span class='ocrx_word' id='word_1_32' title='bbox 1447 670 1587 748; x_wconf 76' lang='grc' dir='ltr'>πρακτέων</span> <span class='ocrx_word' id='word_1_33' title='bbox 1611 668 1804 749; x_wconf 73' lang='grc' dir='ltr'>διαλεγέμένσν.</span> 
     </span>
     <span class='ocr_line' id='line_1_4' title="bbox 231 757 1805 846; baseline -0.003 -21"><span class='ocrx_word' id='word_1_34' title='bbox 231 763 343 846; x_wconf 78' lang='lat' dir='ltr'>agendis</span> <span class='ocrx_word' id='word_1_35' title='bbox 361 762 546 823; x_wconf 74' lang='lat' dir='ltr'><strong>disserentem.</strong></span> <span class='ocrx_word' id='word_1_36' title='bbox 561 762 617 823; x_wconf 89' lang='lat' dir='ltr'><strong>Sed</strong></span> <span class='ocrx_word' id='word_1_37' title='bbox 635 763 760 844; x_wconf 90' lang='lat' dir='ltr'><strong>superius</strong></span> <span class='ocrx_word' id='word_1_38' title='bbox 780 762 854 823; x_wconf 84' lang='lat' dir='ltr'><strong>dicta</strong></span> <span class='ocrx_word' id='word_1_39' title='bbox 877 774 979 843; x_wconf 88' lang='lat' dir='ltr'><strong>repeta-</strong></span> <span class='ocrx_word' id='word_1_40' title='bbox 1033 757 1104 821; x_wconf 74' lang='grc' dir='ltr'>Ἀλλ’</span> <span class='ocrx_word' id='word_1_41' title='bbox 1118 761 1214 838; x_wconf 85' lang='grc' dir='ltr'>ίδωμεν</span> <span class='ocrx_word' id='word_1_42' title='bbox 1226 758 1368 820; x_wconf 70' lang='lat' dir='ltr'><strong>dumiensi</strong></span> <span class='ocrx_word' id='word_1_43' title='bbox 1379 759 1514 840; x_wconf 76' lang='grc' dir='ltr'>εἰρημένα.</span> <span class='ocrx_word' id='word_1_44' title='bbox 1532 762 1573 820; x_wconf 80' lang='grc' dir='ltr'><strong>Τὸ</strong></span> <span class='ocrx_word' id='word_1_45' title='bbox 1587 761 1717 842; x_wconf 76' lang='grc' dir='ltr'>νῦνέχον,</span> <span class='ocrx_word' id='word_1_46' title='bbox 1729 760 1805 841; x_wconf 73' lang='lat' dir='ltr'><strong>puel,</strong></span> 
     </span>
     <span class='ocr_line' id='line_1_5' title="bbox 231 850 1806 936; baseline -0.003 -20"><span class='ocrx_word' id='word_1_47' title='bbox 231 858 353 917; x_wconf 80' lang='lat' dir='ltr'><strong>masin</strong></span> <span class='ocrx_word' id='word_1_48' title='bbox 371 858 524 936; x_wconf 74' lang='lat' dir='ltr'><strong>prasenti,</strong></span> <span class='ocrx_word' id='word_1_49' title='bbox 538 854 641 934; x_wconf 86' lang='lat' dir='ltr'><strong>inquit,</strong></span> <span class='ocrx_word' id='word_1_50' title='bbox 655 858 719 925; x_wconf 87' lang='lat' dir='ltr'><strong>abi,·</strong></span> <span class='ocrx_word' id='word_1_51' title='bbox 733 858 980 935; x_wconf 73' lang='lat' dir='ltr'><em>opportunitatem</em></span> <span class='ocrx_word' id='word_1_52' title='bbox 1033 851 1162 934; x_wconf 78' lang='grc' dir='ltr'><strong>πορεύου·</strong></span> <span class='ocrx_word' id='word_1_53' title='bbox 1177 852 1267 934; x_wconf 88' lang='grc' dir='ltr'>καιρδν</span> <span class='ocrx_word' id='word_1_54' title='bbox 1284 850 1312 913; x_wconf 81' lang='grc' dir='ltr'>δέ</span> <span class='ocrx_word' id='word_1_55' title='bbox 1324 851 1425 926; x_wconf 74' lang='grc' dir='ltr'>λαθὼν,</span> <span class='ocrx_word' id='word_1_56' title='bbox 1444 852 1664 931; x_wconf 77' lang='grc' dir='ltr'>μετακαλέσομαί</span> <span class='ocrx_word' id='word_1_57' title='bbox 1680 875 1721 915; x_wconf 88' lang='grc' dir='ltr'><strong>σε.</strong></span> <span class='ocrx_word' id='word_1_58' title='bbox 1736 851 1806 936; x_wconf 88' lang='grc' dir='ltr'><strong>Ὅρα</strong></span> 
     </span>
     <span class='ocr_line' id='line_1_6' title="bbox 232 943 1807 1028; baseline -0.002 -21"><span class='ocrx_word' id='word_1_59' title='bbox 232 960 331 1008; x_wconf 87' lang='lat' dir='ltr'><strong>autem</strong></span> <span class='ocrx_word' id='word_1_60' title='bbox 351 959 474 1023; x_wconf 77' lang='lat' dir='ltr'><strong>metus,</strong></span> <span class='ocrx_word' id='word_1_61' title='bbox 498 966 648 1006; x_wconf 87' lang='lat' dir='ltr'><strong>accersam</strong></span> <span class='ocrx_word' id='word_1_62' title='bbox 667 959 703 1007; x_wconf 83' lang='lat' dir='ltr'><strong>te.</strong></span> <span class='ocrx_word' id='word_1_63' title='bbox 717 945 792 1008; x_wconf 87' lang='lat' dir='ltr'>Vide</span> <span class='ocrx_word' id='word_1_64' title='bbox 808 945 977 1005; x_wconf 79' lang='lat' dir='ltr'><strong>caecitatem:</strong></span> <span class='ocrx_word' id='word_1_65' title='bbox 1033 943 1081 1017; x_wconf 79' lang='grc' dir='ltr'><strong>τήν</strong></span> <span class='ocrx_word' id='word_1_66' title='bbox 1097 944 1357 1026; x_wconf 81' lang='grc' dir='ltr'>πιύριισιν·τοιαῦτα</span> <span class='ocrx_word' id='word_1_67' title='bbox 1379 943 1491 1016; x_wconf 81' lang='grc' dir='ltr'>ἀκούων,</span> <span class='ocrx_word' id='word_1_68' title='bbox 1511 944 1642 1026; x_wconf 77' lang='grc' dir='ltr'>χρήματα</span> <span class='ocrx_word' id='word_1_69' title='bbox 1659 944 1807 1028; x_wconf 72' lang='grc' dir='ltr'>προσεδόκα</span> 
     </span>
     <span class='ocr_line' id='line_1_7' title="bbox 232 1035 1808 1120; baseline -0.001 -22"><span class='ocrx_word' id='word_1_70' title='bbox 232 1038 290 1099; x_wconf 79' lang='lat' dir='ltr'><strong>bac</strong></span> <span class='ocrx_word' id='word_1_71' title='bbox 304 1037 417 1097; x_wconf 87' lang='lat' dir='ltr'><strong>audiens</strong></span> <span class='ocrx_word' id='word_1_72' title='bbox 435 1035 562 1117; x_wconf 80' lang='lat' dir='ltr'><strong>sperabat</strong></span> <span class='ocrx_word' id='word_1_73' title='bbox 574 1057 602 1096; x_wconf 92' lang='lat' dir='ltr'><strong>se</strong></span> <span class='ocrx_word' id='word_1_74' title='bbox 614 1036 741 1117; x_wconf 82' lang='lat' dir='ltr'>pecunias</span> <span class='ocrx_word' id='word_1_75' title='bbox 754 1049 927 1118; x_wconf 85' lang='lat' dir='ltr'><strong>accepturum</strong></span> <span class='ocrx_word' id='word_1_76' title='bbox 946 1035 981 1094; x_wconf 90' lang='lat' dir='ltr'><strong>ab</strong></span> <span class='ocrx_word' id='word_1_77' title='bbox 1033 1037 1164 1118; x_wconf 75' lang='grc' dir='ltr'>λήψεσθαι</span> <span class='ocrx_word' id='word_1_78' title='bbox 1175 1040 1240 1120; x_wconf 89' lang='grc' dir='ltr'>παρ’</span> <span class='ocrx_word' id='word_1_79' title='bbox 1252 1039 1342 1098; x_wconf 78' lang='grc' dir='ltr'>αὐτοῦ.</span> <span class='ocrx_word' id='word_1_80' title='bbox 1354 1036 1408 1097; x_wconf 81' lang='grc' dir='ltr'><strong>Καί</strong></span> <span class='ocrx_word' id='word_1_81' title='bbox 1419 1039 1448 1097; x_wconf 80' lang='grc' dir='ltr'>οὐ</span> <span class='ocrx_word' id='word_1_82' title='bbox 1457 1038 1623 1116; x_wconf 73' lang='grc' dir='ltr'>τοῦτομόνον</span> <span class='ocrx_word' id='word_1_83' title='bbox 1637 1036 1733 1108; x_wconf 84' lang='grc' dir='ltr'>δεινδν,</span> <span class='ocrx_word' id='word_1_84' title='bbox 1743 1035 1808 1097; x_wconf 73' lang='lat' dir='ltr'><strong>etti</strong></span> 
     </span>
     <span class='ocr_line' id='line_1_8' title="bbox 232 1126 1809 1211; baseline 0 -21"><span class='ocrx_word' id='word_1_85' title='bbox 232 1151 273 1190; x_wconf 85' lang='lat' dir='ltr'><strong>co.</strong></span> <span class='ocrx_word' id='word_1_86' title='bbox 283 1128 320 1189; x_wconf 85' lang='lat' dir='ltr'><strong>Et</strong></span> <span class='ocrx_word' id='word_1_87' title='bbox 336 1149 390 1189; x_wconf 91' lang='lat' dir='ltr'><strong>non</strong></span> <span class='ocrx_word' id='word_1_88' title='bbox 409 1127 497 1187; x_wconf 91' lang='lat' dir='ltr'><strong>solum</strong></span> <span class='ocrx_word' id='word_1_89' title='bbox 513 1127 564 1186; x_wconf 89' lang='lat' dir='ltr'><strong>boc</strong></span> <span class='ocrx_word' id='word_1_90' title='bbox 586 1147 681 1206; x_wconf 78' lang='lat' dir='ltr'><strong>grave3</strong></span> <span class='ocrx_word' id='word_1_91' title='bbox 695 1126 742 1185; x_wconf 91' lang='lat' dir='ltr'><strong>sed</strong></span> <span class='ocrx_word' id='word_1_92' title='bbox 760 1127 841 1186; x_wconf 87' lang='lat' dir='ltr'><strong>etiam</strong></span> <span class='ocrx_word' id='word_1_93' title='bbox 852 1127 981 1205; x_wconf 87' lang='lat' dir='ltr'><strong>loquutus</strong></span> <span class='ocrx_word' id='word_1_94' title='bbox 1034 1131 1081 1191; x_wconf 75' lang='grc' dir='ltr'><strong>καὶ</strong></span> <span class='ocrx_word' id='word_1_95' title='bbox 1092 1131 1254 1211; x_wconf 69' lang='grc' dir='ltr'>διαλεχθεὶς,</span> <span class='ocrx_word' id='word_1_96' title='bbox 1271 1133 1319 1191; x_wconf 74' lang='grc' dir='ltr'><strong>οὐκ</strong></span> <span class='ocrx_word' id='word_1_97' title='bbox 1332 1133 1433 1211; x_wconf 76' lang='grc' dir='ltr'>ἀρῆκιν</span> <span class='ocrx_word' id='word_1_98' title='bbox 1449 1129 1537 1204; x_wconf 78' lang='grc' dir='ltr'>αὐτὸν,</span> <span class='ocrx_word' id='word_1_99' title='bbox 1557 1132 1617 1190; x_wconf 73' lang='grc' dir='ltr'>ἀλλ’</span> <span class='ocrx_word' id='word_1_100' title='bbox 1633 1130 1727 1204; x_wconf 76' lang='grc' dir='ltr'>ἐπειδὴ</span> <span class='ocrx_word' id='word_1_101' title='bbox 1747 1129 1809 1211; x_wconf 87' lang='grc' dir='ltr'>πρδς</span> 
     </span>
     <span class='ocr_line' id='line_1_9' title="bbox 232 1213 1808 1303; baseline -0.001 -21"><span class='ocrx_word' id='word_1_102' title='bbox 232 1241 296 1282; x_wconf 86' lang='lat' dir='ltr'><strong>cum</strong></span> <span class='ocrx_word' id='word_1_103' title='bbox 312 1241 354 1299; x_wconf 86' lang='lat' dir='ltr'><strong>co,</strong></span> <span class='ocrx_word' id='word_1_104' title='bbox 365 1241 419 1280; x_wconf 93' lang='lat' dir='ltr'><strong>nou</strong></span> <span class='ocrx_word' id='word_1_105' title='bbox 429 1217 535 1278; x_wconf 84' lang='lat' dir='ltr'><strong>dimisit</strong></span> <span class='ocrx_word' id='word_1_106' title='bbox 547 1239 625 1297; x_wconf 72' lang='lat' dir='ltr'><strong>eum,</strong></span> <span class='ocrx_word' id='word_1_107' title='bbox 641 1217 689 1278; x_wconf 90' lang='lat' dir='ltr'><strong>sed</strong></span> <span class='ocrx_word' id='word_1_108' title='bbox 698 1218 763 1297; x_wconf 86' lang='lat' dir='ltr'><strong>quia</strong></span> <span class='ocrx_word' id='word_1_109' title='bbox 775 1217 982 1299; x_wconf 84' lang='lat' dir='ltr'><strong>inprincipatus</strong></span> <span class='ocrx_word' id='word_1_110' title='bbox 1035 1224 1073 1302; x_wconf 81' lang='grc' dir='ltr'><strong>τῷ</strong></span> <span class='ocrx_word' id='word_1_111' title='bbox 1086 1220 1157 1282; x_wconf 84' lang='grc' dir='ltr'>τέλει</span> <span class='ocrx_word' id='word_1_112' title='bbox 1169 1227 1218 1294; x_wconf 84' lang='grc' dir='ltr'><strong>τῆς</strong></span> <span class='ocrx_word' id='word_1_113' title='bbox 1230 1223 1316 1303; x_wconf 77' lang='grc' dir='ltr'>ἀρχῆς</span> <span class='ocrx_word' id='word_1_114' title='bbox 1330 1213 1373 1296; x_wconf 83' lang='grc' dir='ltr'>ήν,</span> <span class='ocrx_word' id='word_1_115' title='bbox 1381 1220 1521 1281; x_wconf 85' lang='grc' dir='ltr'>κατέλιπεν</span> <span class='ocrx_word' id='word_1_116' title='bbox 1538 1221 1616 1282; x_wconf 81' lang='grc' dir='ltr'>αθτδν</span> <span class='ocrx_word' id='word_1_117' title='bbox 1632 1221 1753 1301; x_wconf 81' lang='grc' dir='ltr'>δέσμιον,</span> <span class='ocrx_word' id='word_1_118' title='bbox 1767 1219 1808 1280; x_wconf 87' lang='grc' dir='ltr'><strong>ίνα</strong></span> 
     </span>
     <span class='ocr_line' id='line_1_10' title="bbox 234 1311 1808 1395; baseline -0.002 -20"><span class='ocrx_word' id='word_1_119' title='bbox 234 1315 317 1376; x_wconf 82' lang='lat' dir='ltr'><strong>linem</strong></span> <span class='ocrx_word' id='word_1_120' title='bbox 326 1328 444 1391; x_wconf 86' lang='lat' dir='ltr'><strong>venerat,</strong></span> <span class='ocrx_word' id='word_1_121' title='bbox 453 1313 771 1393; x_wconf 77' lang='lat' dir='ltr'><strong>reliquiteumvinuum‚</strong></span> <span class='ocrx_word' id='word_1_122' title='bbox 779 1327 809 1373; x_wconf 92' lang='lat' dir='ltr'><strong>ut</strong></span> <span class='ocrx_word' id='word_1_123' title='bbox 818 1313 982 1394; x_wconf 74' lang='lat' dir='ltr'><strong>gratificare·</strong></span> <span class='ocrx_word' id='word_1_124' title='bbox 1034 1312 1179 1394; x_wconf 84' lang='grc' dir='ltr'>χαρίσηται</span> <span class='ocrx_word' id='word_1_125' title='bbox 1200 1322 1254 1382; x_wconf 84' lang='grc' dir='ltr'>τοῖς</span> <span class='ocrx_word' id='word_1_126' title='bbox 1275 1313 1430 1382; x_wconf 74' lang='grc' dir='ltr'>Ἰουδαίοις·</span> <span class='ocrx_word' id='word_1_127' title='bbox 1449 1311 1520 1372; x_wconf 79' lang='grc' dir='ltr'>ὥστε</span> <span class='ocrx_word' id='word_1_128' title='bbox 1536 1315 1566 1373; x_wconf 86' lang='grc' dir='ltr'>ού</span> <span class='ocrx_word' id='word_1_129' title='bbox 1584 1313 1736 1395; x_wconf 80' lang='grc' dir='ltr'>χρημάτων</span> <span class='ocrx_word' id='word_1_130' title='bbox 1757 1312 1808 1393; x_wconf 89' lang='grc' dir='ltr'><strong>ήρα</strong></span> 
     </span>
     <span class='ocr_line' id='line_1_11' title="bbox 233 1400 1808 1488; baseline -0.003 -18"><span class='ocrx_word' id='word_1_131' title='bbox 233 1423 280 1470; x_wconf 91' lang='lat' dir='ltr'><strong>tur</strong></span> <span class='ocrx_word' id='word_1_132' title='bbox 288 1408 393 1472; x_wconf 73' lang='lat' dir='ltr'><strong>iudeis</strong></span> <span class='ocrx_word' id='word_1_133' title='bbox 405 1432 412 1466; x_wconf 80' lang='grc' dir='ltr'>ι</span> <span class='ocrx_word' id='word_1_134' title='bbox 425 1408 515 1488; x_wconf 87' lang='lat' dir='ltr'><strong>itaque</strong></span> <span class='ocrx_word' id='word_1_135' title='bbox 526 1428 578 1467; x_wconf 92' lang='lat' dir='ltr'><strong>non</strong></span> <span class='ocrx_word' id='word_1_136' title='bbox 588 1407 715 1488; x_wconf 81' lang='lat' dir='ltr'><strong>pecunias</strong></span> <span class='ocrx_word' id='word_1_137' title='bbox 726 1406 819 1485; x_wconf 81' lang='grc' dir='ltr'>οιοάο,</span> <span class='ocrx_word' id='word_1_138' title='bbox 829 1406 877 1467; x_wconf 89' lang='lat' dir='ltr'><strong>scd</strong></span> <span class='ocrx_word' id='word_1_139' title='bbox 887 1420 913 1466; x_wconf 90' lang='lat' dir='ltr'><strong>et</strong></span> <span class='ocrx_word' id='word_1_140' title='bbox 923 1406 981 1486; x_wconf 77' lang='lat' dir='ltr'><strong>glo·</strong></span> <span class='ocrx_word' id='word_1_141' title='bbox 1035 1405 1124 1484; x_wconf 85' lang='grc' dir='ltr'>μάνον,</span> <span class='ocrx_word' id='word_1_142' title='bbox 1137 1404 1206 1466; x_wconf 72' lang='lat' dir='ltr'><strong>citt</strong></span> <span class='ocrx_word' id='word_1_143' title='bbox 1216 1406 1262 1465; x_wconf 81' lang='lat' dir='ltr'><strong>nul</strong></span> <span class='ocrx_word' id='word_1_144' title='bbox 1275 1403 1359 1478; x_wconf 66' lang='lat' dir='ltr'><strong>deins.</strong></span> <span class='ocrx_word' id='word_1_145' title='bbox 1374 1400 1443 1474; x_wconf 78' lang='grc' dir='ltr'><strong>Πῶς</strong></span> <span class='ocrx_word' id='word_1_146' title='bbox 1456 1406 1602 1486; x_wconf 86' lang='grc' dir='ltr'>χρήματα,</span> <span class='ocrx_word' id='word_1_147' title='bbox 1619 1405 1722 1488; x_wconf 74' lang='lat' dir='ltr'><strong>propi,</strong></span> <span class='ocrx_word' id='word_1_148' title='bbox 1737 1404 1808 1485; x_wconf 83' lang='grc' dir='ltr'>παρδ</span> 
     </span>
     <span class='ocr_line' id='line_1_12' title="bbox 233 1495 1808 1579; baseline 0.001 -22"><span class='ocrx_word' id='word_1_149' title='bbox 233 1496 303 1557; x_wconf 76' lang='grc' dir='ltr'>τίετο</span> <span class='ocrx_word' id='word_1_150' title='bbox 319 1497 453 1578; x_wconf 88' lang='lat' dir='ltr'><strong>cupiebat.</strong></span> <span class='ocrx_word' id='word_1_151' title='bbox 475 1496 542 1574; x_wconf 85' lang='lat' dir='ltr'><strong>Cur,</strong></span> <span class='ocrx_word' id='word_1_152' title='bbox 561 1496 679 1570; x_wconf 88' lang='lat' dir='ltr'><strong>sceleste,</strong></span> <span class='ocrx_word' id='word_1_153' title='bbox 698 1495 828 1576; x_wconf 78' lang='lat' dir='ltr'><strong>pecunias</strong></span> <span class='ocrx_word' id='word_1_154' title='bbox 846 1496 947 1575; x_wconf 83' lang='lat' dir='ltr'><strong>quaeris</strong></span> <span class='ocrx_word' id='word_1_155' title='bbox 965 1495 981 1556; x_wconf 81' lang='lat' dir='ltr'><strong>a</strong></span> <span class='ocrx_word' id='word_1_156' title='bbox 997 1517 1017 1566; x_wconf 81' lang='lat' dir='ltr'><strong>c</strong></span> <span class='ocrx_word' id='word_1_157' title='bbox 1034 1495 1172 1579; x_wconf 78' lang='grc' dir='ltr'>ἀνθρώπου</span> <span class='ocrx_word' id='word_1_158' title='bbox 1183 1497 1213 1558; x_wconf 86' lang='grc' dir='ltr'><strong>τδ</strong></span> <span class='ocrx_word' id='word_1_159' title='bbox 1227 1495 1341 1557; x_wconf 81' lang='grc' dir='ltr'>έναντίον</span> <span class='ocrx_word' id='word_1_160' title='bbox 1354 1496 1527 1578; x_wconf 78' lang='grc' dir='ltr'>κηρύττοντος</span> <span class='ocrx_word' id='word_1_161' title='bbox 1538 1501 1686 1570; x_wconf 59' lang='grc' dir='ltr'>ἐπιζητεῖς</span> <span class='ocrx_word' id='word_1_162' title='bbox 1698 1495 1766 1577; x_wconf 74' lang='grc' dir='ltr'><strong>Ὅτι</strong></span> <span class='ocrx_word' id='word_1_163' title='bbox 1781 1498 1808 1558; x_wconf 77' lang='grc' dir='ltr'>δέ</span> 
     </span>
     <span class='ocr_line' id='line_1_13' title="bbox 233 1581 1808 1672; baseline -0.003 -19"><span class='ocrx_word' id='word_1_164' title='bbox 233 1590 471 1653; x_wconf 63' lang='lat' dir='ltr'><strong>ammonariam</strong></span> <span class='ocrx_word' id='word_1_165' title='bbox 482 1590 667 1672; x_wconf 72' lang='lat' dir='ltr'><strong>praedicante?</strong></span> <span class='ocrx_word' id='word_1_166' title='bbox 680 1590 762 1663; x_wconf 92' lang='lat' dir='ltr'><strong>Quod</strong></span> <span class='ocrx_word' id='word_1_167' title='bbox 774 1604 864 1650; x_wconf 89' lang='lat' dir='ltr'><strong>autem</strong></span> <span class='ocrx_word' id='word_1_168' title='bbox 877 1611 982 1651; x_wconf 86' lang='lat' dir='ltr'><strong>nonre-</strong></span> <span class='ocrx_word' id='word_1_169' title='bbox 1033 1591 1081 1649; x_wconf 77' lang='lat' dir='ltr'><strong>clx</strong></span> <span class='ocrx_word' id='word_1_170' title='bbox 1099 1587 1193 1664; x_wconf 76' lang='grc' dir='ltr'>ίλαάε,</span> <span class='ocrx_word' id='word_1_171' title='bbox 1211 1589 1289 1661; x_wconf 80' lang='grc' dir='ltr'>δῆλον</span> <span class='ocrx_word' id='word_1_172' title='bbox 1309 1588 1335 1658; x_wconf 74' lang='grc' dir='ltr'><strong>ἐξ</strong></span> <span class='ocrx_word' id='word_1_173' title='bbox 1356 1581 1393 1649; x_wconf 73' lang='grc' dir='ltr'><strong>ὧν</strong></span> <span class='ocrx_word' id='word_1_174' title='bbox 1414 1587 1486 1649; x_wconf 87' lang='grc' dir='ltr'>είασε</span> <span class='ocrx_word' id='word_1_175' title='bbox 1501 1589 1649 1666; x_wconf 84' lang='grc' dir='ltr'>δεδεμένον,</span> <span class='ocrx_word' id='word_1_176' title='bbox 1665 1587 1749 1655; x_wconf 83' lang='grc' dir='ltr'>λύσας</span> <span class='ocrx_word' id='word_1_177' title='bbox 1768 1590 1808 1662; x_wconf 77' lang='grc' dir='ltr'>δν,</span> 
     </span>
     <span class='ocr_line' id='line_1_14' title="bbox 234 1672 1809 1765; baseline -0.003 -22"><span class='ocrx_word' id='word_1_178' title='bbox 234 1683 345 1765; x_wconf 91' lang='lat' dir='ltr'><strong>ceperit,</strong></span> <span class='ocrx_word' id='word_1_179' title='bbox 360 1682 452 1764; x_wconf 87' lang='lat' dir='ltr'><strong>palam</strong></span> <span class='ocrx_word' id='word_1_180' title='bbox 464 1696 503 1742; x_wconf 90' lang='lat' dir='ltr'><strong>est</strong></span> <span class='ocrx_word' id='word_1_181' title='bbox 520 1703 556 1742; x_wconf 86' lang='lat' dir='ltr'><strong>ex</strong></span> <span class='ocrx_word' id='word_1_182' title='bbox 569 1702 611 1760; x_wconf 91' lang='lat' dir='ltr'><strong>eo,</strong></span> <span class='ocrx_word' id='word_1_183' title='bbox 629 1681 705 1761; x_wconf 87' lang='lat' dir='ltr'><strong>quod</strong></span> <span class='ocrx_word' id='word_1_184' title='bbox 724 1682 847 1744; x_wconf 87' lang='lat' dir='ltr'><strong>vinctum</strong></span> <span class='ocrx_word' id='word_1_185' title='bbox 867 1680 982 1760; x_wconf 71' lang='lat' dir='ltr'><strong>relique</strong></span> <span class='ocrx_word' id='word_1_186' title='bbox 1033 1677 1205 1762; x_wconf 79' lang='grc' dir='ltr'>εῐσερδλαύε.</span> <span class='ocrx_word' id='word_1_187' title='bbox 1219 1682 1286 1762; x_wconf 76' lang='grc' dir='ltr'>Περὶ</span> <span class='ocrx_word' id='word_1_188' title='bbox 1297 1672 1533 1763; x_wconf 76' lang='grc' dir='ltr'>έγκρατείαςούτος</span> <span class='ocrx_word' id='word_1_189' title='bbox 1548 1679 1697 1759; x_wconf 83' lang='grc' dir='ltr'>διελέγετο,</span> <span class='ocrx_word' id='word_1_190' title='bbox 1712 1681 1809 1750; x_wconf 57' lang='lat' dir='ltr'><strong>incisor</strong></span> 
     </span>
     <span class='ocr_line' id='line_1_15' title="bbox 235 1770 1807 1855; baseline -0.003 -20"><span class='ocrx_word' id='word_1_191' title='bbox 235 1776 283 1850; x_wconf 90' lang='lat' dir='ltr'><strong>rit,</strong></span> <span class='ocrx_word' id='word_1_192' title='bbox 296 1775 435 1834; x_wconf 88' lang='lat' dir='ltr'><strong>soluturus</strong></span> <span class='ocrx_word' id='word_1_193' title='bbox 456 1774 480 1832; x_wconf 91' lang='lat' dir='ltr'><strong>si</strong></span> <span class='ocrx_word' id='word_1_194' title='bbox 502 1773 655 1855; x_wconf 75' lang='lat' dir='ltr'><strong>accepisset.</strong></span> <span class='ocrx_word' id='word_1_195' title='bbox 673 1775 715 1834; x_wconf 89' lang='lat' dir='ltr'><strong>De</strong></span> <span class='ocrx_word' id='word_1_196' title='bbox 737 1774 914 1855; x_wconf 87' lang='lat' dir='ltr'><strong>temperantia</strong></span> <span class='ocrx_word' id='word_1_197' title='bbox 936 1773 982 1833; x_wconf 92' lang='lat' dir='ltr'><strong>hic</strong></span> <span class='ocrx_word' id='word_1_198' title='bbox 1035 1770 1062 1833; x_wconf 78' lang='grc' dir='ltr'>δέ</span> <span class='ocrx_word' id='word_1_199' title='bbox 1077 1773 1204 1854; x_wconf 79' lang='grc' dir='ltr'>χρήματα</span> <span class='ocrx_word' id='word_1_200' title='bbox 1218 1773 1368 1852; x_wconf 87' lang='grc' dir='ltr'>προσεδόκα</span> <span class='ocrx_word' id='word_1_201' title='bbox 1376 1773 1468 1832; x_wconf 78' lang='grc' dir='ltr'>λαθεῖν</span> <span class='ocrx_word' id='word_1_202' title='bbox 1482 1776 1546 1854; x_wconf 88' lang='grc' dir='ltr'>παρ’</span> <span class='ocrx_word' id='word_1_203' title='bbox 1559 1776 1639 1834; x_wconf 70' lang='grc' dir='ltr'>αὐτοῦ</span> <span class='ocrx_word' id='word_1_204' title='bbox 1651 1777 1738 1832; x_wconf 72' lang='grc' dir='ltr'>ταῦτα</span> <span class='ocrx_word' id='word_1_205' title='bbox 1751 1773 1807 1832; x_wconf 87' lang='grc' dir='ltr'>δια-</span> 
     </span>
     <span class='ocr_line' id='line_1_16' title="bbox 234 1863 1807 1946; baseline 0 -22"><span class='ocrx_word' id='word_1_206' title='bbox 234 1864 401 1946; x_wconf 87' lang='lat' dir='ltr'><strong>disputabat,</strong></span> <span class='ocrx_word' id='word_1_207' title='bbox 418 1877 444 1924; x_wconf 86' lang='lat' dir='ltr'><strong>et</strong></span> <span class='ocrx_word' id='word_1_208' title='bbox 463 1864 510 1924; x_wconf 91' lang='lat' dir='ltr'><strong>ille</strong></span> <span class='ocrx_word' id='word_1_209' title='bbox 524 1885 540 1923; x_wconf 90' lang='lat' dir='ltr'><strong>a</strong></span> <span class='ocrx_word' id='word_1_210' title='bbox 553 1864 613 1925; x_wconf 86' lang='lat' dir='ltr'><strong>viro</strong></span> <span class='ocrx_word' id='word_1_211' title='bbox 632 1864 697 1923; x_wconf 85' lang='lat' dir='ltr'><strong>talia</strong></span> <span class='ocrx_word' id='word_1_212' title='bbox 716 1863 839 1944; x_wconf 84' lang='lat' dir='ltr'><strong>loquente</strong></span> <span class='ocrx_word' id='word_1_213' title='bbox 858 1864 982 1945; x_wconf 82' lang='lat' dir='ltr'><strong>sperabat</strong></span> <span class='ocrx_word' id='word_1_214' title='bbox 1033 1863 1185 1946; x_wconf 77' lang='grc' dir='ltr'>λεγομένω.</span> <span class='ocrx_word' id='word_1_215' title='bbox 1208 1865 1263 1925; x_wconf 75' lang='grc' dir='ltr'><strong>Καὶ</strong></span> <span class='ocrx_word' id='word_1_216' title='bbox 1287 1868 1395 1937; x_wconf 76' lang='grc' dir='ltr'>αἰτῆσαι</span> <span class='ocrx_word' id='word_1_217' title='bbox 1411 1863 1458 1943; x_wconf 82' lang='grc' dir='ltr'>μέν</span> <span class='ocrx_word' id='word_1_218' title='bbox 1482 1867 1528 1925; x_wconf 82' lang='grc' dir='ltr'><strong>οὐκ</strong></span> <span class='ocrx_word' id='word_1_219' title='bbox 1550 1864 1667 1942; x_wconf 83' lang='grc' dir='ltr'>ίτολμα·</span> <span class='ocrx_word' id='word_1_220' title='bbox 1692 1869 1807 1924; x_wconf 80' lang='grc' dir='ltr'>τοιοῦτον</span> 
     </span>
     <span class='ocr_line' id='line_1_17' title="bbox 235 1954 1808 2039; baseline -0.001 -23"><span class='ocrx_word' id='word_1_221' title='bbox 235 1978 264 2016; x_wconf 89' lang='lat' dir='ltr'><strong>se</strong></span> <span class='ocrx_word' id='word_1_222' title='bbox 282 1957 426 2039; x_wconf 76' lang='grc' dir='ltr'>μεοοοὶοιο</span> <span class='ocrx_word' id='word_1_223' title='bbox 440 1970 624 2037; x_wconf 85' lang='lat' dir='ltr'><strong>accepturum.</strong></span> <span class='ocrx_word' id='word_1_224' title='bbox 641 1956 677 2015; x_wconf 86' lang='lat' dir='ltr'><strong>Et</strong></span> <span class='ocrx_word' id='word_1_225' title='bbox 691 1969 781 2037; x_wconf 87' lang='lat' dir='ltr'><strong>petere</strong></span> <span class='ocrx_word' id='word_1_226' title='bbox 799 1954 909 2035; x_wconf 88' lang='lat' dir='ltr'><strong>quidem</strong></span> <span class='ocrx_word' id='word_1_227' title='bbox 928 1977 981 2017; x_wconf 91' lang='lat' dir='ltr'><strong>non</strong></span> <span class='ocrx_word' id='word_1_228' title='bbox 1033 1957 1118 2038; x_wconf 77' lang='grc' dir='ltr'>γδρή</span> <span class='ocrx_word' id='word_1_229' title='bbox 1138 1956 1236 2032; x_wconf 82' lang='grc' dir='ltr'>κακία,</span> <span class='ocrx_word' id='word_1_230' title='bbox 1249 1954 1352 2017; x_wconf 60' lang='grc' dir='ltr'><strong>δδειλδν</strong></span> <span class='ocrx_word' id='word_1_231' title='bbox 1367 1958 1413 2017; x_wconf 80' lang='grc' dir='ltr'><strong>καί</strong></span> <span class='ocrx_word' id='word_1_232' title='bbox 1427 1957 1514 2017; x_wconf 87' lang='grc' dir='ltr'>πάντα</span> <span class='ocrx_word' id='word_1_233' title='bbox 1533 1961 1701 2018; x_wconf 63' lang='lat' dir='ltr'><strong>temact-</strong></span> <span class='ocrx_word' id='word_1_234' title='bbox 1715 1956 1808 2028; x_wconf 83' lang='grc' dir='ltr'>ήλπιζε</span> 
     </span>
     <span class='ocr_line' id='line_1_18' title="bbox 235 2045 1807 2132; baseline 0.001 -26"><span class='ocrx_word' id='word_1_235' title='bbox 235 2046 354 2108; x_wconf 87' lang='lat' dir='ltr'><strong>audebat</strong></span> <span class='ocrx_word' id='word_1_236' title='bbox 364 2072 370 2106; x_wconf 93' lang='lat'><strong>:</strong></span> <span class='ocrx_word' id='word_1_237' title='bbox 381 2047 553 2127; x_wconf 88' lang='lat' dir='ltr'><strong>talisquippe</strong></span> <span class='ocrx_word' id='word_1_238' title='bbox 562 2059 603 2106; x_wconf 89' lang='lat' dir='ltr'><strong>est</strong></span> <span class='ocrx_word' id='word_1_239' title='bbox 616 2046 729 2123; x_wconf 84' lang='lat' dir='ltr'><strong>malitia,</strong></span> <span class='ocrx_word' id='word_1_240' title='bbox 739 2045 836 2106; x_wconf 87' lang='lat' dir='ltr'><strong>timida</strong></span> <span class='ocrx_word' id='word_1_241' title='bbox 850 2063 946 2130; x_wconf 86' lang='lat' dir='ltr'><strong>nempe</strong></span> <span class='ocrx_word' id='word_1_242' title='bbox 956 2063 983 2109; x_wconf 87' lang='lat' dir='ltr'><strong>et</strong></span> <span class='ocrx_word' id='word_1_243' title='bbox 1035 2050 1079 2110; x_wconf 86' lang='grc' dir='ltr'>δέ·</span> <span class='ocrx_word' id='word_1_244' title='bbox 1092 2049 1161 2111; x_wconf 80' lang='grc' dir='ltr'>ὥστε</span> <span class='ocrx_word' id='word_1_245' title='bbox 1176 2048 1282 2117; x_wconf 79' lang='grc' dir='ltr'>εἰκότως</span> <span class='ocrx_word' id='word_1_246' title='bbox 1301 2051 1389 2118; x_wconf 84' lang='grc' dir='ltr'>αὐτοῖς</span> <span class='ocrx_word' id='word_1_247' title='bbox 1402 2049 1554 2132; x_wconf 79' lang='grc' dir='ltr'>ἐχαρίζετο,</span> <span class='ocrx_word' id='word_1_248' title='bbox 1568 2050 1616 2109; x_wconf 77' lang='grc' dir='ltr'><strong>ἅτε</strong></span> <span class='ocrx_word' id='word_1_249' title='bbox 1626 2056 1752 2110; x_wconf 71' lang='grc' dir='ltr'>τοσοῦτον</span> <span class='ocrx_word' id='word_1_250' title='bbox 1764 2048 1807 2129; x_wconf 83' lang='grc' dir='ltr'>άρ</span> 
     </span>
     <span class='ocr_line' id='line_1_19' title="bbox 236 2132 1807 2222; baseline 0 -22"><span class='ocrx_word' id='word_1_251' title='bbox 236 2141 327 2200; x_wconf 86' lang='lat' dir='ltr'><strong>omnia</strong></span> <span class='ocrx_word' id='word_1_252' title='bbox 344 2153 466 2220; x_wconf 85' lang='lat' dir='ltr'><strong>suspecta</strong></span> <span class='ocrx_word' id='word_1_253' title='bbox 489 2138 609 2217; x_wconf 78' lang='lat' dir='ltr'><strong>babens3</strong></span> <span class='ocrx_word' id='word_1_254' title='bbox 632 2138 758 2221; x_wconf 85' lang='lat' dir='ltr'><strong>sperabat</strong></span> <span class='ocrx_word' id='word_1_255' title='bbox 785 2153 874 2199; x_wconf 87' lang='lat' dir='ltr'><strong>tamen</strong></span> <span class='ocrx_word' id='word_1_256' title='bbox 889 2163 896 2199; x_wconf 79' lang='grc' dir='ltr'><strong>τ</strong></span> <span class='ocrx_word' id='word_1_257' title='bbox 909 2139 983 2200; x_wconf 92' lang='lat' dir='ltr'><strong>unde</strong></span> <span class='ocrx_word' id='word_1_258' title='bbox 1036 2142 1081 2213; x_wconf 78' lang='grc' dir='ltr'><strong>ξας</strong></span> <span class='ocrx_word' id='word_1_259' title='bbox 1094 2145 1157 2204; x_wconf 79' lang='lat' dir='ltr'><strong>inei.</strong></span> <span class='ocrx_word' id='word_1_260' title='bbox 1170 2143 1279 2214; x_wconf 70' lang='grc' dir='ltr'>Φῆστος</span> <span class='ocrx_word' id='word_1_261' title='bbox 1294 2132 1338 2201; x_wconf 82' lang='grc' dir='ltr'>ούν</span> <span class='ocrx_word' id='word_1_262' title='bbox 1355 2140 1640 2222; x_wconf 75' lang='grc' dir='ltr'>ἐπιάὰςτῇέπαρχίρ·</span> <span class='ocrx_word' id='word_1_263' title='bbox 1656 2139 1807 2222; x_wconf 79' lang='grc' dir='ltr'>ένεράνισαι</span> 
     </span>
     <span class='ocr_line' id='line_1_20' title="bbox 232 2227 1808 2316; baseline 0.005 -32"><span class='ocrx_word' id='word_1_264' title='bbox 232 2229 296 2310; x_wconf 76' lang='lat' dir='ltr'><strong>jaare</strong></span> <span class='ocrx_word' id='word_1_265' title='bbox 309 2227 365 2288; x_wconf 88' lang='lat' dir='ltr'><strong>illis</strong></span> <span class='ocrx_word' id='word_1_266' title='bbox 376 2227 591 2307; x_wconf 78' lang='lat' dir='ltr'><strong>gratificabatur,</strong></span> <span class='ocrx_word' id='word_1_267' title='bbox 607 2241 700 2308; x_wconf 86' lang='lat' dir='ltr'><strong>utpote</strong></span> <span class='ocrx_word' id='word_1_268' title='bbox 713 2227 762 2306; x_wconf 88' lang='lat' dir='ltr'><strong>qui</strong></span> <span class='ocrx_word' id='word_1_269' title='bbox 777 2227 817 2286; x_wconf 90' lang='lat' dir='ltr'><strong>ibi</strong></span> <span class='ocrx_word' id='word_1_270' title='bbox 830 2241 906 2288; x_wconf 82' lang='lat' dir='ltr'><strong>tantu</strong></span> <span class='ocrx_word' id='word_1_271' title='bbox 916 2241 984 2289; x_wconf 89' lang='lat' dir='ltr'><strong>tem·</strong></span> <span class='ocrx_word' id='word_1_272' title='bbox 1036 2238 1108 2316; x_wconf 78' lang='grc' dir='ltr'>αὖτῷ</span> <span class='ocrx_word' id='word_1_273' title='bbox 1119 2234 1171 2295; x_wconf 74' lang='grc' dir='ltr'><strong>ὅτε</strong></span> <span class='ocrx_word' id='word_1_274' title='bbox 1182 2232 1319 2315; x_wconf 76' lang='grc' dir='ltr'>ἀρχιερεὺς</span> <span class='ocrx_word' id='word_1_275' title='bbox 1328 2233 1374 2293; x_wconf 79' lang='grc' dir='ltr'><strong>καὶ</strong></span> <span class='ocrx_word' id='word_1_276' title='bbox 1383 2238 1408 2294; x_wconf 83' lang='lat' dir='ltr'><strong>ci</strong></span> <span class='ocrx_word' id='word_1_277' title='bbox 1418 2236 1519 2315; x_wconf 78' lang='grc' dir='ltr'>πρῶτον</span> <span class='ocrx_word' id='word_1_278' title='bbox 1529 2237 1582 2291; x_wconf 88' lang='grc' dir='ltr'><strong>τῶν</strong></span> <span class='ocrx_word' id='word_1_279' title='bbox 1594 2232 1732 2293; x_wconf 70' lang='grc' dir='ltr'>Ἰουδαίων</span> <span class='ocrx_word' id='word_1_280' title='bbox 1742 2232 1808 2292; x_wconf 77' lang='lat' dir='ltr'><strong>nard</strong></span> 
     </span>
     <span class='ocr_line' id='line_1_21' title="bbox 236 2322 1808 2406; baseline -0.001 -23"><span class='ocrx_word' id='word_1_281' title='bbox 236 2344 302 2402; x_wconf 79' lang='lat' dir='ltr'><strong>pote</strong></span> <span class='ocrx_word' id='word_1_282' title='bbox 311 2322 478 2404; x_wconf 85' lang='lat' dir='ltr'><strong>imperasset.</strong></span> <span class='ocrx_word' id='word_1_283' title='bbox 490 2326 587 2403; x_wconf 76' lang='lat' dir='ltr'><strong>Igitur</strong></span> <span class='ocrx_word' id='word_1_284' title='bbox 594 2324 726 2396; x_wconf 84' lang='lat' dir='ltr'><strong>Festum,</strong></span> <span class='ocrx_word' id='word_1_285' title='bbox 736 2325 788 2382; x_wconf 81' lang='lat' dir='ltr'><strong>ubi</strong></span> <span class='ocrx_word' id='word_1_286' title='bbox 798 2326 984 2403; x_wconf 78' lang='lat' dir='ltr'><strong>provinciam</strong></span> <span class='ocrx_word' id='word_1_287' title='bbox 1035 2325 1163 2400; x_wconf 86' lang='grc' dir='ltr'>Παύλου,</span> <span class='ocrx_word' id='word_1_288' title='bbox 1176 2324 1266 2406; x_wconf 74' lang='grc' dir='ltr'>φησίν.</span> <span class='ocrx_word' id='word_1_289' title='bbox 1285 2324 1391 2393; x_wconf 82' lang='grc' dir='ltr'>Εὐθέως</span> <span class='ocrx_word' id='word_1_290' title='bbox 1408 2324 1454 2384; x_wconf 80' lang='grc' dir='ltr'><strong>καί</strong></span> <span class='ocrx_word' id='word_1_291' title='bbox 1471 2327 1499 2384; x_wconf 87' lang='grc' dir='ltr'>έν</span> <span class='ocrx_word' id='word_1_292' title='bbox 1520 2329 1591 2406; x_wconf 80' lang='grc' dir='ltr'>ἀρχῇ</span> <span class='ocrx_word' id='word_1_293' title='bbox 1612 2326 1766 2404; x_wconf 77' lang='grc' dir='ltr'>προσῆλθον</span> <span class='ocrx_word' id='word_1_294' title='bbox 1785 2327 1808 2382; x_wconf 88' lang='lat' dir='ltr'><strong>ol</strong></span> 
     </span>
     <span class='ocr_line' id='line_1_22' title="bbox 237 2415 1808 2501; baseline -0.003 -24"><span class='ocrx_word' id='word_1_295' title='bbox 237 2420 418 2497; x_wconf 78' lang='lat' dir='ltr'><strong>suscepisset,</strong></span> <span class='ocrx_word' id='word_1_296' title='bbox 436 2417 573 2474; x_wconf 79' lang='lat' dir='ltr'><strong>adierunt</strong></span> <span class='ocrx_word' id='word_1_297' title='bbox 588 2418 734 2496; x_wconf 81' lang='lat' dir='ltr'><strong>principes</strong></span> <span class='ocrx_word' id='word_1_298' title='bbox 750 2418 936 2476; x_wconf 79' lang='lat' dir='ltr'><strong>sacerdotum</strong></span> <span class='ocrx_word' id='word_1_299' title='bbox 954 2429 984 2476; x_wconf 85' lang='lat' dir='ltr'><strong>ct</strong></span> <span class='ocrx_word' id='word_1_300' title='bbox 1035 2421 1129 2501; x_wconf 80' lang='grc' dir='ltr'>ἱερεῖς,</span> <span class='ocrx_word' id='word_1_301' title='bbox 1149 2421 1196 2478; x_wconf 76' lang='grc' dir='ltr'><strong>οὐκ</strong></span> <span class='ocrx_word' id='word_1_302' title='bbox 1208 2416 1240 2476; x_wconf 75' lang='grc' dir='ltr'><strong>ἂν</strong></span> <span class='ocrx_word' id='word_1_303' title='bbox 1251 2416 1409 2490; x_wconf 73' lang='grc' dir='ltr'>ὀκνήσαντες</span> <span class='ocrx_word' id='word_1_304' title='bbox 1421 2415 1468 2476; x_wconf 79' lang='grc' dir='ltr'><strong>καλ</strong></span> <span class='ocrx_word' id='word_1_305' title='bbox 1483 2420 1520 2484; x_wconf 81' lang='grc' dir='ltr'><strong>είς</strong></span> <span class='ocrx_word' id='word_1_306' title='bbox 1537 2417 1702 2497; x_wconf 81' lang='grc' dir='ltr'>Καισάρειαν</span> <span class='ocrx_word' id='word_1_307' title='bbox 1717 2419 1808 2486; x_wconf 75' lang='grc' dir='ltr'>ἐλθεῖν,</span> 
     </span>
     <span class='ocr_line' id='line_1_23' title="bbox 236 2505 1820 2591; baseline -0.001 -22"><span class='ocrx_word' id='word_1_308' title='bbox 236 2513 326 2591; x_wconf 91' lang='lat' dir='ltr'><strong>primi</strong></span> <span class='ocrx_word' id='word_1_309' title='bbox 336 2505 663 2580; x_wconf 69' lang='lat' dir='ltr'><strong>Iudaeorum,‚adversus</strong></span> <span class='ocrx_word' id='word_1_310' title='bbox 678 2508 805 2585; x_wconf 87' lang='lat' dir='ltr'><strong>Paulum,</strong></span> <span class='ocrx_word' id='word_1_311' title='bbox 815 2508 915 2587; x_wconf 88' lang='lat' dir='ltr'><strong>inquit.</strong></span> <span class='ocrx_word' id='word_1_312' title='bbox 923 2509 984 2570; x_wconf 90' lang='lat' dir='ltr'><strong>Sta·</strong></span> <span class='ocrx_word' id='word_1_313' title='bbox 1000 2522 1019 2568; x_wconf 92' lang='lat' dir='ltr'><strong>n</strong></span> <span class='ocrx_word' id='word_1_314' title='bbox 1037 2508 1108 2590; x_wconf 81' lang='grc' dir='ltr'>εἰμὴ</span> <span class='ocrx_word' id='word_1_315' title='bbox 1120 2509 1186 2591; x_wconf 83' lang='grc' dir='ltr'>έρθη</span> <span class='ocrx_word' id='word_1_316' title='bbox 1197 2508 1323 2580; x_wconf 78' lang='grc' dir='ltr'>ἀνελθὼν,</span> <span class='ocrx_word' id='word_1_317' title='bbox 1336 2508 1400 2570; x_wconf 77' lang='grc' dir='ltr'>ὅπου</span> <span class='ocrx_word' id='word_1_318' title='bbox 1412 2533 1444 2588; x_wconf 90' lang='grc' dir='ltr'><strong>γε</strong></span> <span class='ocrx_word' id='word_1_319' title='bbox 1457 2508 1550 2575; x_wconf 81' lang='grc' dir='ltr'>εὐθέως</span> <span class='ocrx_word' id='word_1_320' title='bbox 1561 2509 1685 2569; x_wconf 81' lang='grc' dir='ltr'>έπιύάντι</span> <span class='ocrx_word' id='word_1_321' title='bbox 1695 2510 1820 2590; x_wconf 80' lang='grc' dir='ltr'>προσάρ·</span> 
     </span>
     <span class='ocr_line' id='line_1_24' title="bbox 238 2600 1809 2685; baseline -0.001 -23"><span class='ocrx_word' id='word_1_322' title='bbox 238 2602 328 2662; x_wconf 85' lang='lat' dir='ltr'><strong>timet</strong></span> <span class='ocrx_word' id='word_1_323' title='bbox 343 2623 360 2660; x_wconf 89' lang='lat' dir='ltr'><strong>a</strong></span> <span class='ocrx_word' id='word_1_324' title='bbox 373 2600 508 2682; x_wconf 88' lang='lat' dir='ltr'><strong>principio</strong></span> <span class='ocrx_word' id='word_1_325' title='bbox 520 2615 687 2661; x_wconf 76' lang='lat' dir='ltr'><strong>accesserunt</strong></span> <span class='ocrx_word' id='word_1_326' title='bbox 699 2601 856 2678; x_wconf 89' lang='lat' dir='ltr'><strong>sacerdotes,</strong></span> <span class='ocrx_word' id='word_1_327' title='bbox 868 2602 915 2681; x_wconf 85' lang='lat' dir='ltr'><strong>qui</strong></span> <span class='ocrx_word' id='word_1_328' title='bbox 930 2623 984 2663; x_wconf 87' lang='lat' dir='ltr'><strong>non</strong></span> <span class='ocrx_word' id='word_1_329' title='bbox 1037 2625 1139 2685; x_wconf 83' lang='grc' dir='ltr'>χονται.</span> <span class='ocrx_word' id='word_1_330' title='bbox 1155 2600 1209 2664; x_wconf 73' lang='grc' dir='ltr'><strong>Καὶ</strong></span> <span class='ocrx_word' id='word_1_331' title='bbox 1230 2601 1348 2668; x_wconf 77' lang='grc' dir='ltr'>καταὸάς</span> <span class='ocrx_word' id='word_1_332' title='bbox 1360 2606 1387 2662; x_wconf 80' lang='grc' dir='ltr'>έν</span> <span class='ocrx_word' id='word_1_333' title='bbox 1404 2601 1567 2684; x_wconf 63' lang='grc' dir='ltr'>Καισαρείᾳ,</span> <span class='ocrx_word' id='word_1_334' title='bbox 1589 2601 1721 2682; x_wconf 79' lang='grc' dir='ltr'>διατρίύει</span> <span class='ocrx_word' id='word_1_335' title='bbox 1748 2600 1809 2660; x_wconf 84' lang='grc' dir='ltr'>δέκα</span> 
     </span>
     <span class='ocr_line' id='line_1_25' title="bbox 239 2691 1810 2776; baseline -0.001 -23"><span class='ocrx_word' id='word_1_336' title='bbox 239 2693 344 2774; x_wconf 76' lang='lat' dir='ltr'><strong>gravati</strong></span> <span class='ocrx_word' id='word_1_337' title='bbox 359 2693 473 2753; x_wconf 85' lang='lat' dir='ltr'><strong>luissent</strong></span> <span class='ocrx_word' id='word_1_338' title='bbox 490 2693 638 2752; x_wconf 69' lang='lat' dir='ltr'><strong>Caesarum</strong></span> <span class='ocrx_word' id='word_1_339' title='bbox 654 2692 755 2770; x_wconf 87' lang='lat' dir='ltr'><strong>venire,</strong></span> <span class='ocrx_word' id='word_1_340' title='bbox 769 2691 821 2753; x_wconf 89' lang='lat' dir='ltr'><strong>nisi</strong></span> <span class='ocrx_word' id='word_1_341' title='bbox 836 2694 984 2774; x_wconf 79' lang='lat' dir='ltr'><strong>praevenis-</strong></span> <span class='ocrx_word' id='word_1_342' title='bbox 1037 2695 1147 2776; x_wconf 75' lang='grc' dir='ltr'>ἡμέρας.</span> <span class='ocrx_word' id='word_1_343' title='bbox 1158 2693 1254 2775; x_wconf 83' lang='grc' dir='ltr'>Τάχα,</span> <span class='ocrx_word' id='word_1_344' title='bbox 1266 2697 1350 2769; x_wconf 88' lang='grc' dir='ltr'>δοκῶ,</span> <span class='ocrx_word' id='word_1_345' title='bbox 1364 2693 1434 2754; x_wconf 85' lang='grc' dir='ltr'>ὥστε</span> <span class='ocrx_word' id='word_1_346' title='bbox 1449 2691 1601 2774; x_wconf 75' lang='grc' dir='ltr'>ἐγγενέσθαι</span> <span class='ocrx_word' id='word_1_347' title='bbox 1610 2701 1666 2761; x_wconf 84' lang='grc' dir='ltr'>τοῖς</span> <span class='ocrx_word' id='word_1_348' title='bbox 1680 2691 1810 2772; x_wconf 83' lang='grc' dir='ltr'>βουλομέ-</span> 
     </span>
     <span class='ocr_line' id='line_1_26' title="bbox 238 2778 1810 2870; baseline 0 -25"><span class='ocrx_word' id='word_1_349' title='bbox 238 2799 279 2845; x_wconf 89' lang='lat' dir='ltr'><strong>set</strong></span> <span class='ocrx_word' id='word_1_350' title='bbox 296 2784 406 2846; x_wconf 75' lang='lat' dir='ltr'><strong>veniens</strong></span> <span class='ocrx_word' id='word_1_351' title='bbox 420 2784 478 2869; x_wconf 83' lang='lat' dir='ltr'><strong>ille,</strong></span> <span class='ocrx_word' id='word_1_352' title='bbox 491 2783 712 2864; x_wconf 88' lang='lat' dir='ltr'><strong>quandoquidem</strong></span> <span class='ocrx_word' id='word_1_353' title='bbox 728 2785 775 2845; x_wconf 91' lang='lat' dir='ltr'><strong>ubi</strong></span> <span class='ocrx_word' id='word_1_354' title='bbox 795 2784 915 2860; x_wconf 85' lang='lat' dir='ltr'><strong>advenit,</strong></span> <span class='ocrx_word' id='word_1_355' title='bbox 927 2799 983 2847; x_wconf 91' lang='lat' dir='ltr'><strong>sta·</strong></span> <span class='ocrx_word' id='word_1_356' title='bbox 1037 2812 1091 2856; x_wconf 92' lang='grc' dir='ltr'>νοις</span> <span class='ocrx_word' id='word_1_357' title='bbox 1100 2787 1178 2848; x_wconf 83' lang='grc' dir='ltr'>αύτδν</span> <span class='ocrx_word' id='word_1_358' title='bbox 1190 2786 1347 2870; x_wconf 76' lang='grc' dir='ltr'>διαρθεῖραι.</span> <span class='ocrx_word' id='word_1_359' title='bbox 1359 2789 1464 2855; x_wconf 79' lang='grc' dir='ltr'>Παῦλος</span> <span class='ocrx_word' id='word_1_360' title='bbox 1484 2785 1511 2845; x_wconf 83' lang='grc' dir='ltr'>δέ</span> <span class='ocrx_word' id='word_1_361' title='bbox 1531 2778 1564 2859; x_wconf 82' lang='grc' dir='ltr'><strong>ήν</strong></span> <span class='ocrx_word' id='word_1_362' title='bbox 1580 2787 1658 2868; x_wconf 80' lang='grc' dir='ltr'>ίντῷ</span> <span class='ocrx_word' id='word_1_363' title='bbox 1669 2788 1810 2866; x_wconf 78' lang='grc' dir='ltr'>δεσμωτη-</span> 
     </span>
     <span class='ocr_line' id='line_1_27' title="bbox 240 2876 1811 2961; baseline 0 -24"><span class='ocrx_word' id='word_1_364' title='bbox 240 2877 291 2937; x_wconf 75' lang='lat' dir='ltr'><strong>um</strong></span> <span class='ocrx_word' id='word_1_365' title='bbox 300 2876 381 2951; x_wconf 85' lang='lat' dir='ltr'><strong>illurn</strong></span> <span class='ocrx_word' id='word_1_366' title='bbox 392 2876 527 2937; x_wconf 88' lang='lat' dir='ltr'><strong>adierunt.</strong></span> <span class='ocrx_word' id='word_1_367' title='bbox 543 2879 584 2936; x_wconf 82' lang='lat' dir='ltr'><strong>Et</strong></span> <span class='ocrx_word' id='word_1_368' title='bbox 596 2898 664 2937; x_wconf 90' lang='lat' dir='ltr'><strong>cum</strong></span> <span class='ocrx_word' id='word_1_369' title='bbox 677 2879 872 2938; x_wconf 78' lang='lat' dir='ltr'><strong>descendisset</strong></span> <span class='ocrx_word' id='word_1_370' title='bbox 887 2880 985 2939; x_wconf 78' lang='lat' dir='ltr'><strong>Casa·</strong></span> <span class='ocrx_word' id='word_1_371' title='bbox 1040 2877 1096 2961; x_wconf 76' lang='grc' dir='ltr'>ρίρ.</span> <span class='ocrx_word' id='word_1_372' title='bbox 1109 2879 1163 2940; x_wconf 75' lang='grc' dir='ltr'><strong>Καὶ</strong></span> <span class='ocrx_word' id='word_1_373' title='bbox 1175 2879 1339 2961; x_wconf 72' lang='grc' dir='ltr'>παρεκάλουν</span> <span class='ocrx_word' id='word_1_374' title='bbox 1351 2878 1437 2950; x_wconf 81' lang='grc' dir='ltr'>αὐτὸν,</span> <span class='ocrx_word' id='word_1_375' title='bbox 1448 2877 1537 2959; x_wconf 81' lang='grc' dir='ltr'>ρησλν,</span> <span class='ocrx_word' id='word_1_376' title='bbox 1546 2876 1618 2944; x_wconf 77' lang='grc' dir='ltr'>ὅπως</span> <span class='ocrx_word' id='word_1_377' title='bbox 1634 2876 1811 2958; x_wconf 73' lang='grc' dir='ltr'>μεταπέμψη-</span> 
     </span>
     <span class='ocr_line' id='line_1_28' title="bbox 240 2967 1810 3052; baseline -0.004 -20"><span class='ocrx_word' id='word_1_378' title='bbox 240 2992 333 3044; x_wconf 76' lang='grc' dir='ltr'>τεαια,</span> <span class='ocrx_word' id='word_1_379' title='bbox 345 2974 517 3031; x_wconf 74' lang='lat' dir='ltr'><strong>morabatur</strong></span> <span class='ocrx_word' id='word_1_380' title='bbox 527 2973 568 3028; x_wconf 85' lang='lat' dir='ltr'><strong>ibi</strong></span> <span class='ocrx_word' id='word_1_381' title='bbox 579 2972 678 3030; x_wconf 84' lang='lat' dir='ltr'><strong>decem</strong></span> <span class='ocrx_word' id='word_1_382' title='bbox 691 2973 763 3032; x_wconf 85' lang='lat' dir='ltr'><strong>dies.</strong></span> <span class='ocrx_word' id='word_1_383' title='bbox 778 2971 868 3049; x_wconf 82' lang='lat' dir='ltr'><strong>Forte,</strong></span> <span class='ocrx_word' id='word_1_384' title='bbox 878 2971 985 3052; x_wconf 89' lang='lat' dir='ltr'><strong>opinor,</strong></span> <span class='ocrx_word' id='word_1_385' title='bbox 1038 2994 1084 3030; x_wconf 89' lang='grc' dir='ltr'><strong>ται</strong></span> <span class='ocrx_word' id='word_1_386' title='bbox 1098 2971 1174 3032; x_wconf 85' lang='grc' dir='ltr'>σθτδν</span> <span class='ocrx_word' id='word_1_387' title='bbox 1187 2973 1223 3038; x_wconf 82' lang='grc' dir='ltr'><strong>είς</strong></span> <span class='ocrx_word' id='word_1_388' title='bbox 1234 2969 1419 3052; x_wconf 83' lang='grc' dir='ltr'>Ἰερουσαλήμ.</span> <span class='ocrx_word' id='word_1_389' title='bbox 1434 2970 1489 3030; x_wconf 80' lang='grc' dir='ltr'><strong>Καὶ</strong></span> <span class='ocrx_word' id='word_1_390' title='bbox 1502 2968 1547 3029; x_wconf 79' lang='grc' dir='ltr'><strong>διά</strong></span> <span class='ocrx_word' id='word_1_391' title='bbox 1560 2967 1586 3028; x_wconf 86' lang='grc' dir='ltr'><strong>τί</strong></span> <span class='ocrx_word' id='word_1_392' title='bbox 1605 2969 1687 3052; x_wconf 86' lang='grc' dir='ltr'>χάριν</span> <span class='ocrx_word' id='word_1_393' title='bbox 1699 2969 1810 3049; x_wconf 73' lang='grc' dir='ltr'>ᾔτησαν,</span> 
     </span>
     <span class='ocr_line' id='line_1_29' title="bbox 242 3058 1810 3144; baseline -0.003 -21"><span class='ocrx_word' id='word_1_394' title='bbox 242 3078 272 3123; x_wconf 88' lang='lat' dir='ltr'><strong>ut</strong></span> <span class='ocrx_word' id='word_1_395' title='bbox 294 3076 426 3144; x_wconf 86' lang='lat' dir='ltr'><strong>prostaret</strong></span> <span class='ocrx_word' id='word_1_396' title='bbox 444 3061 492 3137; x_wconf 89' lang='lat' dir='ltr'><strong>eis,</strong></span> <span class='ocrx_word' id='word_1_397' title='bbox 506 3060 553 3140; x_wconf 87' lang='lat' dir='ltr'><strong>qui</strong></span> <span class='ocrx_word' id='word_1_398' title='bbox 572 3060 674 3122; x_wconf 80' lang='lat' dir='ltr'><strong>vellent</strong></span> <span class='ocrx_word' id='word_1_399' title='bbox 693 3058 792 3143; x_wconf 81' lang='lat' dir='ltr'><strong>ipsum</strong></span> <span class='ocrx_word' id='word_1_400' title='bbox 804 3083 985 3144; x_wconf 85' lang='lat' dir='ltr'><strong>corrumpere.</strong></span> <span class='ocrx_word' id='word_1_401' title='bbox 1039 3066 1062 3124; x_wconf 84' lang='lat' dir='ltr'><strong>cl</strong></span> <span class='ocrx_word' id='word_1_402' title='bbox 1076 3061 1176 3131; x_wconf 83' lang='grc' dir='ltr'>δίκαιός</span> <span class='ocrx_word' id='word_1_403' title='bbox 1194 3065 1264 3122; x_wconf 82' lang='grc' dir='ltr'>ίστιν</span> <span class='ocrx_word' id='word_1_404' title='bbox 1276 3064 1431 3134; x_wconf 73' lang='grc' dir='ltr'>ἀποθανεῖν,</span> <span class='ocrx_word' id='word_1_405' title='bbox 1444 3061 1514 3121; x_wconf 74' lang='grc' dir='ltr'>Ἀλλ’</span> <span class='ocrx_word' id='word_1_406' title='bbox 1527 3059 1596 3120; x_wconf 84' lang='grc' dir='ltr'>ούτω</span> <span class='ocrx_word' id='word_1_407' title='bbox 1613 3060 1731 3142; x_wconf 76' lang='grc' dir='ltr'>κάκείνῳ</span> <span class='ocrx_word' id='word_1_408' title='bbox 1746 3059 1810 3133; x_wconf 85' lang='grc' dir='ltr'>δήλη</span> 
     </span>
     <span class='ocr_line' id='line_1_30' title="bbox 242 3151 1812 3235; baseline -0.002 -21"><span class='ocrx_word' id='word_1_409' title='bbox 242 3154 344 3214; x_wconf 91' lang='lat' dir='ltr'><strong>Paulus</strong></span> <span class='ocrx_word' id='word_1_410' title='bbox 361 3173 425 3214; x_wconf 82' lang='lat' dir='ltr'><strong>vero</strong></span> <span class='ocrx_word' id='word_1_411' title='bbox 445 3165 502 3211; x_wconf 89' lang='lat' dir='ltr'><strong>erat</strong></span> <span class='ocrx_word' id='word_1_412' title='bbox 519 3152 547 3211; x_wconf 90' lang='lat' dir='ltr'><strong>in</strong></span> <span class='ocrx_word' id='word_1_413' title='bbox 563 3173 675 3212; x_wconf 86' lang='lat' dir='ltr'><strong>carcere.</strong></span> <span class='ocrx_word' id='word_1_414' title='bbox 692 3154 734 3212; x_wconf 84' lang='lat' dir='ltr'><strong>Et</strong></span> <span class='ocrx_word' id='word_1_415' title='bbox 749 3157 894 3234; x_wconf 80' lang='lat' dir='ltr'><strong>rogabant</strong></span> <span class='ocrx_word' id='word_1_416' title='bbox 907 3175 984 3233; x_wconf 84' lang='lat' dir='ltr'><strong>eum,</strong></span> <span class='ocrx_word' id='word_1_417' title='bbox 1039 3156 1141 3235; x_wconf 85' lang='grc' dir='ltr'>ίγάνιτο</span> <span class='ocrx_word' id='word_1_418' title='bbox 1156 3160 1173 3227; x_wconf 83' lang='grc' dir='ltr'>ἡ</span> <span class='ocrx_word' id='word_1_419' title='bbox 1189 3154 1332 3228; x_wconf 77' lang='grc' dir='ltr'>ίπιύουλή,</span> <span class='ocrx_word' id='word_1_420' title='bbox 1346 3157 1384 3222; x_wconf 81' lang='grc' dir='ltr'><strong>ὡς</strong></span> <span class='ocrx_word' id='word_1_421' title='bbox 1397 3154 1581 3235; x_wconf 77' lang='grc' dir='ltr'>διαλεγόμενον</span> <span class='ocrx_word' id='word_1_422' title='bbox 1595 3156 1695 3213; x_wconf 77' lang='lat' dir='ltr'><strong>cincto·</strong></span> <span class='ocrx_word' id='word_1_423' title='bbox 1708 3151 1812 3232; x_wconf 78' lang='grc' dir='ltr'>Ἄνδρες</span> 
     </span>
     <span class='ocr_line' id='line_1_31' title="bbox 242 3235 1811 3328; baseline -0.001 -22"><span class='ocrx_word' id='word_1_424' title='bbox 242 3246 340 3326; x_wconf 88' lang='lat' dir='ltr'><strong>iuquit,</strong></span> <span class='ocrx_word' id='word_1_425' title='bbox 359 3259 390 3306; x_wconf 93' lang='lat' dir='ltr'><strong>ut</strong></span> <span class='ocrx_word' id='word_1_426' title='bbox 408 3249 503 3325; x_wconf 89' lang='lat' dir='ltr'><strong>ipsum</strong></span> <span class='ocrx_word' id='word_1_427' title='bbox 523 3248 734 3304; x_wconf 84' lang='lat' dir='ltr'><strong>transmitteret</strong></span> <span class='ocrx_word' id='word_1_428' title='bbox 755 3248 787 3302; x_wconf 92' lang='lat' dir='ltr'><strong>in</strong></span> <span class='ocrx_word' id='word_1_429' title='bbox 806 3246 983 3306; x_wconf 79' lang='lat' dir='ltr'><strong>Jerusalem.</strong></span> <span class='ocrx_word' id='word_1_430' title='bbox 1039 3253 1064 3309; x_wconf 85' lang='lat' dir='ltr'><strong>oi</strong></span> <span class='ocrx_word' id='word_1_431' title='bbox 1079 3245 1261 3328; x_wconf 81' lang='grc' dir='ltr'>συμπαρέντες</span> <span class='ocrx_word' id='word_1_432' title='bbox 1274 3252 1395 3328; x_wconf 86' lang='grc' dir='ltr'>θεωρεῖτε</span> <span class='ocrx_word' id='word_1_433' title='bbox 1415 3252 1517 3319; x_wconf 80' lang='grc' dir='ltr'>τοῦτον,</span> <span class='ocrx_word' id='word_1_434' title='bbox 1530 3244 1591 3325; x_wconf 82' lang='grc' dir='ltr'>περί</span> <span class='ocrx_word' id='word_1_435' title='bbox 1613 3235 1643 3303; x_wconf 79' lang='grc' dir='ltr'>ού</span> <span class='ocrx_word' id='word_1_436' title='bbox 1664 3245 1696 3306; x_wconf 89' lang='grc' dir='ltr'><strong>τδ</strong></span> <span class='ocrx_word' id='word_1_437' title='bbox 1715 3247 1811 3316; x_wconf 76' lang='grc' dir='ltr'>πλῆθος</span> 
     </span>
     <span class='ocr_line' id='line_1_32' title="bbox 243 3334 1811 3419; baseline -0.003 -21"><span class='ocrx_word' id='word_1_438' title='bbox 243 3337 279 3398; x_wconf 89' lang='lat' dir='ltr'><strong>Et</strong></span> <span class='ocrx_word' id='word_1_439' title='bbox 292 3359 342 3397; x_wconf 90' lang='lat' dir='ltr'><strong>cur</strong></span> <span class='ocrx_word' id='word_1_440' title='bbox 351 3338 466 3417; x_wconf 77' lang='lat' dir='ltr'><strong>gratiam</strong></span> <span class='ocrx_word' id='word_1_441' title='bbox 477 3335 620 3417; x_wconf 88' lang='lat' dir='ltr'><strong>petierunt,</strong></span> <span class='ocrx_word' id='word_1_442' title='bbox 635 3334 658 3394; x_wconf 89' lang='lat' dir='ltr'><strong>si</strong></span> <span class='ocrx_word' id='word_1_443' title='bbox 668 3335 774 3413; x_wconf 87' lang='lat' dir='ltr'><strong>justum</strong></span> <span class='ocrx_word' id='word_1_444' title='bbox 787 3350 844 3395; x_wconf 89' lang='lat' dir='ltr'><strong>erat</strong></span> <span class='ocrx_word' id='word_1_445' title='bbox 856 3350 887 3395; x_wconf 91' lang='lat' dir='ltr'><strong>ut</strong></span> <span class='ocrx_word' id='word_1_446' title='bbox 899 3358 987 3397; x_wconf 90' lang='lat' dir='ltr'><strong>more·</strong></span> <span class='ocrx_word' id='word_1_447' title='bbox 1040 3339 1160 3419; x_wconf 82' lang='grc' dir='ltr'>ένάτοχέν</span> <span class='ocrx_word' id='word_1_448' title='bbox 1174 3361 1220 3417; x_wconf 90' lang='grc' dir='ltr'>μοι</span> <span class='ocrx_word' id='word_1_449' title='bbox 1234 3342 1286 3397; x_wconf 77' lang='grc' dir='ltr'><strong>τῶν</strong></span> <span class='ocrx_word' id='word_1_450' title='bbox 1300 3337 1443 3397; x_wconf 86' lang='grc' dir='ltr'>Ἰουδαίων.</span> <span class='ocrx_word' id='word_1_451' title='bbox 1457 3337 1509 3397; x_wconf 78' lang='grc' dir='ltr'><strong>Διὰ</strong></span> <span class='ocrx_word' id='word_1_452' title='bbox 1521 3336 1573 3417; x_wconf 81' lang='grc' dir='ltr'>γάρ</span> <span class='ocrx_word' id='word_1_453' title='bbox 1585 3343 1646 3410; x_wconf 78' lang='grc' dir='ltr'>τοῦ,</span> <span class='ocrx_word' id='word_1_454' title='bbox 1659 3335 1811 3416; x_wconf 64' lang='grc' dir='ltr'>Ἐνέπκγω,</span> 
     </span>
     <span class='ocr_line' id='line_1_33' title="bbox 241 3425 1811 3510; baseline -0.001 -21"><span class='ocrx_word' id='word_1_455' title='bbox 241 3427 446 3490; x_wconf 83' lang='lat' dir='ltr'><strong>returi’Sedita</strong></span> <span class='ocrx_word' id='word_1_456' title='bbox 454 3427 496 3486; x_wconf 91' lang='lat' dir='ltr'><strong>illi</strong></span> <span class='ocrx_word' id='word_1_457' title='bbox 507 3425 653 3485; x_wconf 76' lang='lat' dir='ltr'><strong>manifesta</strong></span> <span class='ocrx_word' id='word_1_458' title='bbox 661 3425 769 3485; x_wconf 86' lang='lat' dir='ltr'><strong>fuerunt</strong></span> <span class='ocrx_word' id='word_1_459' title='bbox 777 3425 894 3501; x_wconf 76' lang='lat' dir='ltr'><strong>insidiae,</strong></span> <span class='ocrx_word' id='word_1_460' title='bbox 903 3442 933 3487; x_wconf 94' lang='lat' dir='ltr'><strong>ut</strong></span> <span class='ocrx_word' id='word_1_461' title='bbox 944 3427 986 3487; x_wconf 93' lang='lat' dir='ltr'><strong>di·</strong></span> <span class='ocrx_word' id='word_1_462' title='bbox 1003 3448 1022 3495; x_wconf 69' lang='lat' dir='ltr'><strong>a:</strong></span> <span class='ocrx_word' id='word_1_463' title='bbox 1039 3432 1070 3491; x_wconf 80' lang='grc' dir='ltr'><strong>τὸ</strong></span> <span class='ocrx_word' id='word_1_464' title='bbox 1088 3429 1238 3509; x_wconf 78' lang='grc' dir='ltr'>αἰτουμένοι</span> <span class='ocrx_word' id='word_1_465' title='bbox 1259 3429 1321 3489; x_wconf 85' lang='grc' dir='ltr'>κατ’</span> <span class='ocrx_word' id='word_1_466' title='bbox 1341 3433 1420 3489; x_wconf 80' lang='grc' dir='ltr'>αὐτοῦ</span> <span class='ocrx_word' id='word_1_467' title='bbox 1442 3429 1520 3510; x_wconf 81' lang='grc' dir='ltr'>χάριν</span> <span class='ocrx_word' id='word_1_468' title='bbox 1543 3431 1628 3502; x_wconf 87' lang='grc' dir='ltr'>δηλοῖ.</span> <span class='ocrx_word' id='word_1_469' title='bbox 1648 3428 1737 3488; x_wconf 78' lang='grc' dir='ltr'>Ὥστε</span> <span class='ocrx_word' id='word_1_470' title='bbox 1761 3430 1811 3501; x_wconf 86' lang='grc' dir='ltr'><strong>ήδη</strong></span> 
     </span>
     <span class='ocr_line' id='line_1_34' title="bbox 242 3521 1813 3603; baseline -0.002 -20"><span class='ocrx_word' id='word_1_471' title='bbox 242 3535 312 3583; x_wconf 81' lang='lat' dir='ltr'><strong>reret</strong></span> <span class='ocrx_word' id='word_1_472' title='bbox 324 3545 332 3580; x_wconf 77' lang='grc' dir='ltr'>ι</span> <span class='ocrx_word' id='word_1_473' title='bbox 345 3524 408 3581; x_wconf 85' lang='lat' dir='ltr'><strong>Viri</strong></span> <span class='ocrx_word' id='word_1_474' title='bbox 418 3525 469 3603; x_wconf 87' lang='lat' dir='ltr'><strong>qui</strong></span> <span class='ocrx_word' id='word_1_475' title='bbox 480 3533 637 3601; x_wconf 72' lang='lat' dir='ltr'><strong>presentes</strong></span> <span class='ocrx_word' id='word_1_476' title='bbox 649 3524 719 3580; x_wconf 87' lang='lat' dir='ltr'><strong>estis</strong></span> <span class='ocrx_word' id='word_1_477' title='bbox 732 3523 832 3581; x_wconf 79' lang='lat' dir='ltr'><strong>aridete</strong></span> <span class='ocrx_word' id='word_1_478' title='bbox 845 3524 934 3594; x_wconf 87' lang='lat' dir='ltr'><strong>bunc,</strong></span> <span class='ocrx_word' id='word_1_479' title='bbox 950 3525 988 3584; x_wconf 85' lang='lat' dir='ltr'><strong>de</strong></span> <span class='ocrx_word' id='word_1_480' title='bbox 1041 3523 1178 3584; x_wconf 83' lang='grc' dir='ltr'>έάούλοντο</span> <span class='ocrx_word' id='word_1_481' title='bbox 1190 3523 1268 3582; x_wconf 81' lang='grc' dir='ltr'>αὐτὸν</span> <span class='ocrx_word' id='word_1_482' title='bbox 1286 3526 1322 3590; x_wconf 77' lang='grc' dir='ltr'><strong>εἰς</strong></span> <span class='ocrx_word' id='word_1_483' title='bbox 1336 3522 1467 3602; x_wconf 77' lang='grc' dir='ltr'>ἀπέρασιν</span> <span class='ocrx_word' id='word_1_484' title='bbox 1487 3521 1639 3600; x_wconf 80' lang='grc' dir='ltr'>ἐξενεγκεῖν,</span> <span class='ocrx_word' id='word_1_485' title='bbox 1657 3521 1813 3602; x_wconf 73' lang='grc' dir='ltr'>ροδούμενοι</span> 
     </span>
     <span class='ocr_line' id='line_1_35' title="bbox 242 3613 1813 3695; baseline -0.001 -21"><span class='ocrx_word' id='word_1_486' title='bbox 242 3635 301 3695; x_wconf 80' lang='lat' dir='ltr'><strong>quo</strong></span> <span class='ocrx_word' id='word_1_487' title='bbox 310 3615 471 3674; x_wconf 80' lang='lat' dir='ltr'><strong>multitudo</strong></span> <span class='ocrx_word' id='word_1_488' title='bbox 477 3614 648 3672; x_wconf 63' lang='lat' dir='ltr'><strong>ludaeorum</strong></span> <span class='ocrx_word' id='word_1_489' title='bbox 658 3634 705 3671; x_wconf 88' lang='lat' dir='ltr'><strong>me</strong></span> <span class='ocrx_word' id='word_1_490' title='bbox 715 3614 923 3693; x_wconf 82' lang='lat' dir='ltr'><strong>interpellavit.</strong></span> <span class='ocrx_word' id='word_1_491' title='bbox 936 3616 988 3675; x_wconf 90' lang='lat' dir='ltr'><strong>Per</strong></span> <span class='ocrx_word' id='word_1_492' title='bbox 1040 3615 1088 3688; x_wconf 80' lang='grc' dir='ltr'><strong>τήν</strong></span> <span class='ocrx_word' id='word_1_493' title='bbox 1099 3613 1208 3674; x_wconf 85' lang='grc' dir='ltr'>Παύλου</span> <span class='ocrx_word' id='word_1_494' title='bbox 1215 3617 1344 3692; x_wconf 83' lang='grc' dir='ltr'>γλῶτταν.</span> <span class='ocrx_word' id='word_1_495' title='bbox 1357 3616 1394 3674; x_wconf 86' lang='grc' dir='ltr'><strong>Τί</strong></span> <span class='ocrx_word' id='word_1_496' title='bbox 1407 3614 1544 3693; x_wconf 74' lang='grc' dir='ltr'>ροθεῐσθες</span> <span class='ocrx_word' id='word_1_497' title='bbox 1556 3613 1582 3672; x_wconf 85' lang='grc' dir='ltr'><strong>τί</strong></span> <span class='ocrx_word' id='word_1_498' title='bbox 1595 3613 1731 3692; x_wconf 63' lang='lat' dir='ltr'><strong>turipum</strong></span> <span class='ocrx_word' id='word_1_499' title='bbox 1743 3615 1813 3672; x_wconf 73' lang='grc' dir='ltr'><strong>Τῶ-</strong></span> 
     </span>
     <span class='ocr_line' id='line_1_36' title="bbox 242 3701 1814 3788; baseline -0.003 -21"><span class='ocrx_word' id='word_1_500' title='bbox 242 3706 313 3767; x_wconf 89' lang='lat' dir='ltr'><strong>illud</strong></span> <span class='ocrx_word' id='word_1_501' title='bbox 332 3706 415 3778; x_wconf 89' lang='lat' dir='ltr'><strong>enim,</strong></span> <span class='ocrx_word' id='word_1_502' title='bbox 432 3704 648 3785; x_wconf 81' lang='lat' dir='ltr'><strong>Interpellavit,</strong></span> <span class='ocrx_word' id='word_1_503' title='bbox 664 3703 778 3783; x_wconf 80' lang='lat' dir='ltr'><strong>gratiam</strong></span> <span class='ocrx_word' id='word_1_504' title='bbox 795 3719 888 3765; x_wconf 82' lang='lat' dir='ltr'><strong>conua</strong></span> <span class='ocrx_word' id='word_1_505' title='bbox 909 3706 988 3766; x_wconf 91' lang='lat' dir='ltr'><strong>illum</strong></span> <span class='ocrx_word' id='word_1_506' title='bbox 1040 3730 1071 3766; x_wconf 89' lang='grc' dir='ltr'><strong>το</strong></span> <span class='ocrx_word' id='word_1_507' title='bbox 1091 3704 1144 3788; x_wconf 84' lang='grc' dir='ltr'>γδρ</span> <span class='ocrx_word' id='word_1_508' title='bbox 1166 3706 1286 3786; x_wconf 83' lang='grc' dir='ltr'>έμραίνει</span> <span class='ocrx_word' id='word_1_509' title='bbox 1306 3706 1353 3778; x_wconf 89' lang='grc' dir='ltr'><strong>τὸ,</strong></span> <span class='ocrx_word' id='word_1_510' title='bbox 1368 3705 1555 3765; x_wconf 87' lang='grc' dir='ltr'>Φυλάττεσθοιι</span> <span class='ocrx_word' id='word_1_511' title='bbox 1580 3704 1668 3764; x_wconf 80' lang='grc' dir='ltr'>αὐτόν.</span> <span class='ocrx_word' id='word_1_512' title='bbox 1690 3703 1739 3777; x_wconf 80' lang='grc' dir='ltr'><strong>Μή</strong></span> <span class='ocrx_word' id='word_1_513' title='bbox 1763 3701 1814 3783; x_wconf 75' lang='grc' dir='ltr'>γάρ</span> 
     </span>
     <span class='ocr_line' id='line_1_37' title="bbox 242 3790 1814 3881; baseline -0.003 -22"><span class='ocrx_word' id='word_1_514' title='bbox 242 3798 352 3880; x_wconf 86' lang='lat' dir='ltr'><strong>petiisse</strong></span> <span class='ocrx_word' id='word_1_515' title='bbox 367 3797 513 3877; x_wconf 80' lang='lat' dir='ltr'><strong>significat.</strong></span> <span class='ocrx_word' id='word_1_516' title='bbox 525 3797 620 3874; x_wconf 88' lang='lat' dir='ltr'><strong>ltaque</strong></span> <span class='ocrx_word' id='word_1_517' title='bbox 631 3796 689 3876; x_wconf 88' lang='lat' dir='ltr'><strong>jam</strong></span> <span class='ocrx_word' id='word_1_518' title='bbox 709 3796 835 3857; x_wconf 86' lang='lat' dir='ltr'><strong>volebant</strong></span> <span class='ocrx_word' id='word_1_519' title='bbox 853 3797 932 3857; x_wconf 90' lang='lat' dir='ltr'><strong>illum</strong></span> <span class='ocrx_word' id='word_1_520' title='bbox 950 3797 988 3858; x_wconf 91' lang='lat' dir='ltr'><strong>ad</strong></span> <span class='ocrx_word' id='word_1_521' title='bbox 1041 3800 1145 3881; x_wconf 73' lang='grc' dir='ltr'>φεύγει,</span> <span class='ocrx_word' id='word_1_522' title='bbox 1160 3801 1196 3858; x_wconf 85' lang='grc' dir='ltr'><strong>Οἱ</strong></span> <span class='ocrx_word' id='word_1_523' title='bbox 1210 3790 1253 3858; x_wconf 79' lang='lat' dir='ltr'><strong>ciis</strong></span> <span class='ocrx_word' id='word_1_524' title='bbox 1270 3801 1296 3857; x_wconf 79' lang='grc' dir='ltr'>έν</span> <span class='ocrx_word' id='word_1_525' title='bbox 1311 3803 1382 3875; x_wconf 84' lang='grc' dir='ltr'>ὑμῖν,</span> <span class='ocrx_word' id='word_1_526' title='bbox 1398 3798 1475 3877; x_wconf 82' lang='grc' dir='ltr'>ρησλ,</span> <span class='ocrx_word' id='word_1_527' title='bbox 1497 3798 1601 3857; x_wconf 77' lang='grc' dir='ltr'>δυνατοὶ</span> <span class='ocrx_word' id='word_1_528' title='bbox 1615 3796 1814 3878; x_wconf 84' lang='grc' dir='ltr'>κατηγορείτω·</span> 
     </span>
     <span class='ocr_line' id='line_1_38' title="bbox 241 3885 1814 3969; baseline -0.003 -19"><span class='ocrx_word' id='word_1_529' title='bbox 241 3889 400 3950; x_wconf 87' lang='lat' dir='ltr'><strong>sententiam</strong></span> <span class='ocrx_word' id='word_1_530' title='bbox 417 3886 553 3949; x_wconf 82' lang='lat' dir='ltr'><strong>serendam</strong></span> <span class='ocrx_word' id='word_1_531' title='bbox 574 3885 710 3964; x_wconf 84' lang='lat' dir='ltr'><strong>inducere,</strong></span> <span class='ocrx_word' id='word_1_532' title='bbox 721 3886 844 3967; x_wconf 77' lang='lat' dir='ltr'><strong>linguam</strong></span> <span class='ocrx_word' id='word_1_533' title='bbox 861 3888 940 3948; x_wconf 90' lang='lat' dir='ltr'><strong>Pauli</strong></span> <span class='ocrx_word' id='word_1_534' title='bbox 953 3888 987 3948; x_wconf 91' lang='lat' dir='ltr'><strong>ti·</strong></span> <span class='ocrx_word' id='word_1_535' title='bbox 1041 3915 1090 3952; x_wconf 90' lang='grc' dir='ltr'><strong>σαν</strong></span> <span class='ocrx_word' id='word_1_536' title='bbox 1102 3894 1189 3951; x_wconf 73' lang='grc' dir='ltr'>αὐτοῦ.</span> <span class='ocrx_word' id='word_1_537' title='bbox 1205 3889 1290 3949; x_wconf 65' lang='lat' dir='ltr'><strong>licitu</strong></span> <span class='ocrx_word' id='word_1_538' title='bbox 1301 3889 1443 3968; x_wconf 84' lang='grc' dir='ltr'>κατήγοροι</span> <span class='ocrx_word' id='word_1_539' title='bbox 1456 3893 1481 3948; x_wconf 81' lang='grc' dir='ltr'><strong>ἐν</strong></span> <span class='ocrx_word' id='word_1_540' title='bbox 1496 3888 1661 3969; x_wconf 71' lang='grc' dir='ltr'>Καισαρείᾳ,</span> <span class='ocrx_word' id='word_1_541' title='bbox 1676 3888 1724 3947; x_wconf 82' lang='grc' dir='ltr'><strong>καλ</strong></span> <span class='ocrx_word' id='word_1_542' title='bbox 1734 3888 1814 3948; x_wconf 83' lang='grc' dir='ltr'>παλιν</span> 
     </span>
     <span class='ocr_line' id='line_1_39' title="bbox 242 3975 1816 4062; baseline -0.004 -19"><span class='ocrx_word' id='word_1_543' title='bbox 242 3995 354 4043; x_wconf 84' lang='lat' dir='ltr'><strong>mentes.</strong></span> <span class='ocrx_word' id='word_1_544' title='bbox 365 3979 441 4053; x_wconf 90' lang='lat' dir='ltr'><strong>Quid</strong></span> <span class='ocrx_word' id='word_1_545' title='bbox 461 3975 662 4058; x_wconf 76' lang='lat' dir='ltr'><strong>timetisiquid</strong></span> <span class='ocrx_word' id='word_1_546' title='bbox 682 3977 830 4038; x_wconf 77' lang='lat' dir='ltr'><strong>festinatis?</strong></span> <span class='ocrx_word' id='word_1_547' title='bbox 846 3979 897 4039; x_wconf 91' lang='lat' dir='ltr'><strong>boc</strong></span> <span class='ocrx_word' id='word_1_548' title='bbox 915 3980 988 4040; x_wconf 88' lang='lat' dir='ltr'><strong>enim</strong></span> <span class='ocrx_word' id='word_1_549' title='bbox 1042 3982 1161 4062; x_wconf 78' lang='grc' dir='ltr'>ἐξάγεται</span> <span class='ocrx_word' id='word_1_550' title='bbox 1173 3983 1288 4049; x_wconf 84' lang='grc' dir='ltr'>Παῦλος.</span> <span class='ocrx_word' id='word_1_551' title='bbox 1294 3983 1337 4062; x_wconf 77' lang='grc' dir='ltr'><strong>Τῇ</strong></span> <span class='ocrx_word' id='word_1_552' title='bbox 1352 3981 1380 4041; x_wconf 83' lang='grc' dir='ltr'>δέ</span> <span class='ocrx_word' id='word_1_553' title='bbox 1390 3980 1515 4062; x_wconf 84' lang='grc' dir='ltr'>έπαύριον</span> <span class='ocrx_word' id='word_1_554' title='bbox 1528 3981 1655 4057; x_wconf 87' lang='grc' dir='ltr'>καθίσας,</span> <span class='ocrx_word' id='word_1_555' title='bbox 1669 3979 1761 4061; x_wconf 82' lang='grc' dir='ltr'>ρησὶν,</span> <span class='ocrx_word' id='word_1_556' title='bbox 1772 3979 1816 4040; x_wconf 69' lang='lat' dir='ltr'><strong>tot</strong></span> 
     </span>
     <span class='ocr_line' id='line_1_40' title="bbox 242 4070 1232 4154; baseline -0.002 -21"><span class='ocrx_word' id='word_1_557' title='bbox 242 4070 467 4154; x_wconf 73' lang='lat' dir='ltr'><strong>significatillud,</strong></span> <span class='ocrx_word' id='word_1_558' title='bbox 477 4071 627 4131; x_wconf 81' lang='lat' dir='ltr'><strong>Custodiri</strong></span> <span class='ocrx_word' id='word_1_559' title='bbox 639 4091 714 4129; x_wconf 85' lang='lat' dir='ltr'><strong>eum.</strong></span> <span class='ocrx_word' id='word_1_560' title='bbox 726 4071 800 4130; x_wconf 89' lang='lat' dir='ltr'><strong>Num</strong></span> <span class='ocrx_word' id='word_1_561' title='bbox 811 4070 918 4150; x_wconf 79' lang='lat' dir='ltr'><strong>lugiet?</strong></span> <span class='ocrx_word' id='word_1_562' title='bbox 932 4074 989 4151; x_wconf 85' lang='lat' dir='ltr'><strong>Qui</strong></span> <span class='ocrx_word' id='word_1_563' title='bbox 1041 4081 1087 4136; x_wconf 80' lang='grc' dir='ltr'><strong>τοῦ</strong></span> <span class='ocrx_word' id='word_1_564' title='bbox 1102 4073 1232 4153; x_wconf 79' lang='grc' dir='ltr'>βήματος.</span> 
     </span>
    </p>

    <p class='ocr_par' dir='ltr' id='par_1_3' title="bbox 242 4162 988 4246">
     <span class='ocr_line' id='line_1_41' title="bbox 242 4162 988 4246; baseline 0 -21"><span class='ocrx_word' id='word_1_565' title='bbox 242 4188 309 4246; x_wconf 81' lang='lat' dir='ltr'><strong>ergo</strong></span> <span class='ocrx_word' id='word_1_566' title='bbox 326 4171 361 4235; x_wconf 82' lang='lat' dir='ltr'><strong>in</strong></span> <span class='ocrx_word' id='word_1_567' title='bbox 380 4168 475 4235; x_wconf 86' lang='lat' dir='ltr'><strong>vobis,</strong></span> <span class='ocrx_word' id='word_1_568' title='bbox 492 4162 592 4243; x_wconf 89' lang='lat' dir='ltr'><strong>inquit,</strong></span> <span class='ocrx_word' id='word_1_569' title='bbox 603 4175 736 4244; x_wconf 84' lang='lat' dir='ltr'><strong>potentes</strong></span> <span class='ocrx_word' id='word_1_570' title='bbox 754 4177 835 4239; x_wconf 83' lang='lat' dir='ltr'><strong>sunt,</strong></span> <span class='ocrx_word' id='word_1_571' title='bbox 850 4179 988 4225; x_wconf 72' lang='lat' dir='ltr'><strong>metuent</strong></span> 
     </span>
    </p>

    <p class='ocr_par' dir='ltr' id='par_1_4' title="bbox 242 4257 989 4334">
     <span class='ocr_line' id='line_1_42' title="bbox 242 4257 989 4334; baseline -0.001 -15"><span class='ocrx_word' id='word_1_572' title='bbox 242 4261 338 4319; x_wconf 88' lang='lat' dir='ltr'><strong>illum.</strong></span> <span class='ocrx_word' id='word_1_573' title='bbox 353 4260 472 4317; x_wconf 86' lang='lat' dir='ltr'><strong>Rursum</strong></span> <span class='ocrx_word' id='word_1_574' title='bbox 490 4270 658 4316; x_wconf 87' lang='lat' dir='ltr'><strong>accusatores</strong></span> <span class='ocrx_word' id='word_1_575' title='bbox 680 4257 818 4334; x_wconf 72' lang='lat' dir='ltr'><strong>Caesmeae,</strong></span> <span class='ocrx_word' id='word_1_576' title='bbox 834 4271 861 4316; x_wconf 92' lang='lat' dir='ltr'><strong>et</strong></span> <span class='ocrx_word' id='word_1_577' title='bbox 880 4280 989 4319; x_wconf 89' lang='lat' dir='ltr'><strong>rursum</strong></span> 
     </span>
    </p>

    <p class='ocr_par' dir='ltr' id='par_1_5' title="bbox 242 4347 988 4429">
     <span class='ocr_line' id='line_1_43' title="bbox 242 4347 988 4429; baseline -0.001 -18"><span class='ocrx_word' id='word_1_578' title='bbox 242 4350 369 4411; x_wconf 85' lang='lat' dir='ltr'><strong>educitur</strong></span> <span class='ocrx_word' id='word_1_579' title='bbox 391 4348 504 4409; x_wconf 87' lang='lat' dir='ltr'><strong>Paulus.</strong></span> <span class='ocrx_word' id='word_1_580' title='bbox 522 4349 660 4429; x_wconf 79' lang='lat' dir='ltr'><strong>Sequenti</strong></span> <span class='ocrx_word' id='word_1_581' title='bbox 684 4349 749 4421; x_wconf 84' lang='lat' dir='ltr'><strong>die,</strong></span> <span class='ocrx_word' id='word_1_582' title='bbox 765 4347 870 4427; x_wconf 87' lang='lat' dir='ltr'><strong>inquit,</strong></span> <span class='ocrx_word' id='word_1_583' title='bbox 886 4351 988 4410; x_wconf 84' lang='lat' dir='ltr'><strong>sedens</strong></span> 
     </span>
    </p>

    <p class='ocr_par' dir='ltr' id='par_1_6' title="bbox 241 4443 464 4524">
     <span class='ocr_line' id='line_1_44' title="bbox 241 4443 464 4524; baseline -0.013 -21"><span class='ocrx_word' id='word_1_584' title='bbox 241 4464 296 4524; x_wconf 88' lang='lat' dir='ltr'><strong>pro</strong></span> <span class='ocrx_word' id='word_1_585' title='bbox 311 4443 464 4502; x_wconf 82' lang='lat' dir='ltr'><strong>tribunali.</strong></span> 
     </span>
    </p>

    <p class='ocr_par' dir='ltr' id='par_1_7' title="bbox 240 4530 1817 4896">
     <span class='ocr_line' id='line_1_45' title="bbox 282 4530 1814 4616; baseline -0.002 -20"><span class='ocrx_word' id='word_1_586' title='bbox 282 4538 312 4597; x_wconf 72' lang='grc' dir='ltr'><strong>ὅ.</strong></span> <span class='ocrx_word' id='word_1_587' title='bbox 333 4534 424 4610; x_wconf 83' lang='lat' dir='ltr'><strong>Vide,</strong></span> <span class='ocrx_word' id='word_1_588' title='bbox 438 4533 529 4593; x_wconf 86' lang='lat' dir='ltr'><strong>statim</strong></span> <span class='ocrx_word' id='word_1_589' title='bbox 551 4532 660 4594; x_wconf 75' lang='lat' dir='ltr'><strong>veniens</strong></span> <span class='ocrx_word' id='word_1_590' title='bbox 678 4531 747 4592; x_wconf 89' lang='lat' dir='ltr'><strong>sedit</strong></span> <span class='ocrx_word' id='word_1_591' title='bbox 768 4552 817 4613; x_wconf 89' lang='lat' dir='ltr'><strong>pro</strong></span> <span class='ocrx_word' id='word_1_592' title='bbox 837 4532 986 4594; x_wconf 76' lang='lat' dir='ltr'><strong>tribuudi:</strong></span> <span class='ocrx_word' id='word_1_593' title='bbox 1083 4534 1172 4616; x_wconf 69' lang='grc' dir='ltr'>Ὥρα,</span> <span class='ocrx_word' id='word_1_594' title='bbox 1197 4533 1291 4602; x_wconf 74' lang='grc' dir='ltr'>εὐθέως</span> <span class='ocrx_word' id='word_1_595' title='bbox 1311 4533 1394 4593; x_wconf 75' lang='grc' dir='ltr'>ἐλθὼν</span> <span class='ocrx_word' id='word_1_596' title='bbox 1418 4533 1539 4594; x_wconf 78' lang='grc' dir='ltr'>ἐκάθισεν</span> <span class='ocrx_word' id='word_1_597' title='bbox 1558 4531 1603 4592; x_wconf 73' lang='lat' dir='ltr'><strong>iul</strong></span> <span class='ocrx_word' id='word_1_598' title='bbox 1619 4537 1665 4593; x_wconf 80' lang='grc' dir='ltr'><strong>τοθ</strong></span> <span class='ocrx_word' id='word_1_599' title='bbox 1680 4530 1814 4611; x_wconf 80' lang='grc' dir='ltr'>βήματος·</span> 
     </span>
     <span class='ocr_line' id='line_1_46' title="bbox 242 4624 1816 4707; baseline -0.003 -18"><span class='ocrx_word' id='word_1_600' title='bbox 242 4629 281 4690; x_wconf 91' lang='lat' dir='ltr'><strong>sic</strong></span> <span class='ocrx_word' id='word_1_601' title='bbox 296 4628 376 4688; x_wconf 91' lang='lat' dir='ltr'><strong>illum</strong></span> <span class='ocrx_word' id='word_1_602' title='bbox 386 4640 413 4686; x_wconf 91' lang='lat' dir='ltr'><strong>et</strong></span> <span class='ocrx_word' id='word_1_603' title='bbox 428 4640 574 4686; x_wconf 87' lang='lat' dir='ltr'><strong>cumtanto</strong></span> <span class='ocrx_word' id='word_1_604' title='bbox 587 4624 679 4688; x_wconf 90' lang='lat' dir='ltr'><strong>studio</strong></span> <span class='ocrx_word' id='word_1_605' title='bbox 691 4624 876 4705; x_wconf 83' lang='lat' dir='ltr'><strong>impellebant,</strong></span> <span class='ocrx_word' id='word_1_606' title='bbox 888 4626 927 4686; x_wconf 93' lang='lat' dir='ltr'><strong>sic</strong></span> <span class='ocrx_word' id='word_1_607' title='bbox 941 4649 986 4686; x_wconf 90' lang='lat' dir='ltr'><strong>ur·</strong></span> <span class='ocrx_word' id='word_1_608' title='bbox 997 4668 1034 4707; x_wconf 55' lang='grc' dir='ltr'>ω,</span> <span class='ocrx_word' id='word_1_609' title='bbox 1043 4626 1125 4695; x_wconf 84' lang='grc' dir='ltr'>ούτως</span> <span class='ocrx_word' id='word_1_610' title='bbox 1144 4625 1222 4686; x_wconf 83' lang='grc' dir='ltr'>αὐτὸν</span> <span class='ocrx_word' id='word_1_611' title='bbox 1244 4626 1326 4687; x_wconf 84' lang='grc' dir='ltr'>ὤθουν</span> <span class='ocrx_word' id='word_1_612' title='bbox 1349 4625 1417 4704; x_wconf 73' lang='lat' dir='ltr'><strong>pecli</strong></span> <span class='ocrx_word' id='word_1_613' title='bbox 1431 4626 1559 4697; x_wconf 84' lang='grc' dir='ltr'>τοσαύτης</span> <span class='ocrx_word' id='word_1_614' title='bbox 1579 4627 1695 4697; x_wconf 82' lang='grc' dir='ltr'>σπουδῆς</span> <span class='ocrx_word' id='word_1_615' title='bbox 1703 4671 1712 4698; x_wconf 92' lang='grc'>,</span> <span class='ocrx_word' id='word_1_616' title='bbox 1736 4624 1816 4689; x_wconf 77' lang='grc' dir='ltr'>οὕτως</span> 
     </span>
     <span class='ocr_line' id='line_1_47' title="bbox 242 4709 1815 4802; baseline -0.004 -20"><span class='ocrx_word' id='word_1_617' title='bbox 242 4722 348 4802; x_wconf 81' lang='lat' dir='ltr'><strong>gebant.</strong></span> <span class='ocrx_word' id='word_1_618' title='bbox 363 4718 501 4795; x_wconf 87' lang='lat' dir='ltr'><strong>Quamdiu</strong></span> <span class='ocrx_word' id='word_1_619' title='bbox 515 4739 580 4798; x_wconf 78' lang='lat' dir='ltr'><strong>ergo</strong></span> <span class='ocrx_word' id='word_1_620' title='bbox 597 4714 718 4778; x_wconf 91' lang='lat' dir='ltr'><strong>nondum</strong></span> <span class='ocrx_word' id='word_1_621' title='bbox 730 4731 858 4798; x_wconf 86' lang='lat' dir='ltr'><strong>expertus</strong></span> <span class='ocrx_word' id='word_1_622' title='bbox 871 4733 928 4779; x_wconf 89' lang='lat' dir='ltr'><strong>erat</strong></span> <span class='ocrx_word' id='word_1_623' title='bbox 938 4722 987 4783; x_wconf 87' lang='lat' dir='ltr'><strong>Ju-</strong></span> <span class='ocrx_word' id='word_1_624' title='bbox 1005 4725 1025 4771; x_wconf 77' lang='grc' dir='ltr'>Α</span> <span class='ocrx_word' id='word_1_625' title='bbox 1042 4720 1199 4800; x_wconf 79' lang='grc' dir='ltr'>ἐπείγουσιν.</span> <span class='ocrx_word' id='word_1_626' title='bbox 1221 4717 1295 4788; x_wconf 83' lang='grc' dir='ltr'><strong>Ἕως</strong></span> <span class='ocrx_word' id='word_1_627' title='bbox 1310 4719 1357 4796; x_wconf 85' lang='grc' dir='ltr'>μέν</span> <span class='ocrx_word' id='word_1_628' title='bbox 1372 4710 1416 4779; x_wconf 66' lang='grc' dir='ltr'>οἶν</span> <span class='ocrx_word' id='word_1_629' title='bbox 1439 4717 1542 4778; x_wconf 82' lang='grc' dir='ltr'>οὐδέπω</span> <span class='ocrx_word' id='word_1_630' title='bbox 1562 4727 1657 4798; x_wconf 87' lang='grc' dir='ltr'>πεῖραν</span> <span class='ocrx_word' id='word_1_631' title='bbox 1680 4709 1714 4790; x_wconf 89' lang='grc' dir='ltr'><strong>ήν</strong></span> <span class='ocrx_word' id='word_1_632' title='bbox 1727 4716 1815 4776; x_wconf 61' lang='lat' dir='ltr'><strong>ludin</strong></span> 
     </span>
     <span class='ocr_line' id='line_1_48' title="bbox 240 4811 1817 4896; baseline -0.003 -23"><span class='ocrx_word' id='word_1_633' title='bbox 240 4814 313 4876; x_wconf 79' lang='lat' dir='ltr'><strong>daos</strong></span> <span class='ocrx_word' id='word_1_634' title='bbox 330 4828 356 4876; x_wconf 89' lang='lat' dir='ltr'><strong>et</strong></span> <span class='ocrx_word' id='word_1_635' title='bbox 366 4816 497 4875; x_wconf 85' lang='lat' dir='ltr'><strong>bonorem</strong></span> <span class='ocrx_word' id='word_1_636' title='bbox 515 4812 642 4888; x_wconf 87' lang='lat' dir='ltr'><strong>illorum,</strong></span> <span class='ocrx_word' id='word_1_637' title='bbox 658 4824 728 4870; x_wconf 82' lang='lat' dir='ltr'><strong>recte</strong></span> <span class='ocrx_word' id='word_1_638' title='bbox 746 4811 987 4896; x_wconf 76' lang='lat' dir='ltr'><strong>respondi13post-</strong></span> <span class='ocrx_word' id='word_1_639' title='bbox 1040 4816 1093 4873; x_wconf 84' lang='grc' dir='ltr'><strong>τῶν</strong></span> <span class='ocrx_word' id='word_1_640' title='bbox 1105 4811 1250 4888; x_wconf 71' lang='grc' dir='ltr'>Ἰουδαίων,</span> <span class='ocrx_word' id='word_1_641' title='bbox 1265 4812 1310 4871; x_wconf 75' lang='grc' dir='ltr'><strong>καί</strong></span> <span class='ocrx_word' id='word_1_642' title='bbox 1323 4815 1371 4884; x_wconf 80' lang='grc' dir='ltr'><strong>τῆς</strong></span> <span class='ocrx_word' id='word_1_643' title='bbox 1383 4817 1464 4890; x_wconf 80' lang='grc' dir='ltr'>τιμῆς</span> <span class='ocrx_word' id='word_1_644' title='bbox 1481 4815 1529 4883; x_wconf 79' lang='grc' dir='ltr'><strong>τῆς</strong></span> <span class='ocrx_word' id='word_1_645' title='bbox 1541 4815 1608 4893; x_wconf 86' lang='grc' dir='ltr'>παρ’·</span> <span class='ocrx_word' id='word_1_646' title='bbox 1622 4812 1721 4883; x_wconf 81' lang='grc' dir='ltr'>αὐτῶν,</span> <span class='ocrx_word' id='word_1_647' title='bbox 1736 4812 1817 4889; x_wconf 75' lang='grc' dir='ltr'>ὀρθῶς</span> 
     </span>
    </p>
   </div>
   <div class='ocr_carea' id='block_1_3' title="bbox 241 4997 1818 5310">
    <p class='ocr_par' dir='ltr' id='par_1_8' title="bbox 241 4997 1818 5310">
     <span class='ocr_line' id='line_1_49' title="bbox 274 4997 1818 5072; baseline -0.001 -20"><span class='ocrx_word' id='word_1_648' title='bbox 274 5018 285 5042; x_wconf 84' lang='grc'><em>·</em></span> <span class='ocrx_word' id='word_1_649' title='bbox 297 5000 407 5065; x_wconf 84' lang='lat' dir='ltr'><strong>Quidam</strong></span> <span class='ocrx_word' id='word_1_650' title='bbox 421 5017 464 5056; x_wconf 78' lang='grc' dir='ltr'><strong>τῶν</strong></span> <span class='ocrx_word' id='word_1_651' title='bbox 477 5012 615 5072; x_wconf 80' lang='grc' dir='ltr'>πρακτικῶν.</span> <span class='ocrx_word' id='word_1_652' title='bbox 1055 5019 1114 5055; x_wconf 76' lang='lat' dir='ltr'><strong>sero</strong></span> <span class='ocrx_word' id='word_1_653' title='bbox 1126 5000 1215 5053; x_wconf 85' lang='lat' dir='ltr'><strong>lacuna</strong></span> <span class='ocrx_word' id='word_1_654' title='bbox 1228 5003 1253 5053; x_wconf 91' lang='lat' dir='ltr'><strong>iu</strong></span> <span class='ocrx_word' id='word_1_655' title='bbox 1266 5003 1294 5052; x_wconf 77' lang='lat' dir='ltr'><strong>A.</strong></span> <span class='ocrx_word' id='word_1_656' title='bbox 1302 5000 1409 5052; x_wconf 85' lang='lat' dir='ltr'><strong>Savilius</strong></span> <span class='ocrx_word' id='word_1_657' title='bbox 1421 5012 1478 5067; x_wconf 84' lang='lat' dir='ltr'><strong>post</strong></span> <span class='ocrx_word' id='word_1_658' title='bbox 1491 5008 1590 5070; x_wconf 68' lang='grc' dir='ltr'>έπσρχίᾳ</span> <span class='ocrx_word' id='word_1_659' title='bbox 1601 4997 1675 5050; x_wconf 87' lang='lat' dir='ltr'><strong>addit</strong></span> <span class='ocrx_word' id='word_1_660' title='bbox 1684 5008 1749 5065; x_wconf 78' lang='grc' dir='ltr'>μετὰ</span> <span class='ocrx_word' id='word_1_661' title='bbox 1760 5010 1818 5069; x_wconf 78' lang='grc' dir='ltr'>τρεῖς</span> 
     </span>
     <span class='ocr_line' id='line_1_50' title="bbox 276 5076 1818 5152; baseline 0.001 -21"><span class='ocrx_word' id='word_1_662' title='bbox 276 5083 383 5145; x_wconf 69' lang='lat' dir='ltr'><strong>bilae,</strong></span> <span class='ocrx_word' id='word_1_663' title='bbox 398 5085 470 5133; x_wconf 82' lang='grc' dir='ltr'>δειλδν</span> <span class='ocrx_word' id='word_1_664' title='bbox 488 5088 524 5133; x_wconf 78' lang='grc' dir='ltr'><strong>καὶ</strong></span> <span class='ocrx_word' id='word_1_665' title='bbox 545 5089 620 5134; x_wconf 82' lang='grc' dir='ltr'>πάντα</span> <span class='ocrx_word' id='word_1_666' title='bbox 641 5083 778 5143; x_wconf 76' lang='grc' dir='ltr'>ὑποπτεύω,</span> <span class='ocrx_word' id='word_1_667' title='bbox 798 5079 890 5129; x_wconf 86' lang='lat' dir='ltr'><strong>obsunt</strong></span> <span class='ocrx_word' id='word_1_668' title='bbox 912 5095 926 5127; x_wconf 82' lang='lat' dir='ltr'><strong>c</strong></span> <span class='ocrx_word' id='word_1_669' title='bbox 950 5078 1007 5146; x_wconf 90' lang='lat' dir='ltr'><strong>qui·</strong></span> <span class='ocrx_word' id='word_1_670' title='bbox 1056 5088 1144 5152; x_wconf 76' lang='grc' dir='ltr'>ἡμέρας</span> <span class='ocrx_word' id='word_1_671' title='bbox 1162 5086 1229 5140; x_wconf 68' lang='lat' dir='ltr'><strong>autin</strong></span> <span class='ocrx_word' id='word_1_672' title='bbox 1242 5089 1272 5140; x_wconf 82' lang='grc' dir='ltr'><strong>είς</strong></span> <span class='ocrx_word' id='word_1_673' title='bbox 1282 5076 1435 5150; x_wconf 78' lang='grc' dir='ltr'>ίαροσὸλυμα,</span> <span class='ocrx_word' id='word_1_674' title='bbox 1448 5087 1575 5150; x_wconf 82' lang='grc' dir='ltr'>ένεράνισαν</span> <span class='ocrx_word' id='word_1_675' title='bbox 1587 5084 1620 5132; x_wconf 81' lang='lat' dir='ltr'><strong>tt.</strong></span> <span class='ocrx_word' id='word_1_676' title='bbox 1632 5077 1709 5142; x_wconf 80' lang='lat' dir='ltr'><strong>Quod</strong></span> <span class='ocrx_word' id='word_1_677' title='bbox 1728 5076 1818 5146; x_wconf 75' lang='lat' dir='ltr'><strong>legitur</strong></span> 
     </span>
     <span class='ocr_line' id='line_1_51' title="bbox 243 5156 1732 5229; baseline 0.001 -22"><span class='ocrx_word' id='word_1_678' title='bbox 243 5157 359 5212; x_wconf 82' lang='lat' dir='ltr'><strong>busdam.</strong></span> <span class='ocrx_word' id='word_1_679' title='bbox 369 5159 417 5224; x_wconf 79' lang='lat' dir='ltr'><strong>[Ab</strong></span> <span class='ocrx_word' id='word_1_680' title='bbox 429 5161 491 5208; x_wconf 63' lang='lat' dir='ltr'><strong>ull.</strong></span> <span class='ocrx_word' id='word_1_681' title='bbox 501 5158 542 5220; x_wconf 86' lang='lat' dir='ltr'><strong>C.,</strong></span> <span class='ocrx_word' id='word_1_682' title='bbox 552 5175 658 5224; x_wconf 76' lang='lat' dir='ltr'><strong>qrtorum</strong></span> <span class='ocrx_word' id='word_1_683' title='bbox 671 5159 699 5208; x_wconf 83' lang='lat' dir='ltr'><strong>B.</strong></span> <span class='ocrx_word' id='word_1_684' title='bbox 711 5159 740 5209; x_wconf 87' lang='lat' dir='ltr'><strong>C.</strong></span> <span class='ocrx_word' id='word_1_685' title='bbox 751 5176 809 5209; x_wconf 83' lang='lat' dir='ltr'><strong>mox</strong></span> <span class='ocrx_word' id='word_1_686' title='bbox 822 5166 892 5229; x_wconf 71' lang='grc' dir='ltr'>αρξας</span> <span class='ocrx_word' id='word_1_687' title='bbox 903 5167 956 5212; x_wconf 72' lang='grc' dir='ltr'>λιιι.</span> <span class='ocrx_word' id='word_1_688' title='bbox 971 5167 1007 5212; x_wconf 72' lang='lat' dir='ltr'><strong>c)-</strong></span> <span class='ocrx_word' id='word_1_689' title='bbox 1056 5159 1124 5228; x_wconf 79' lang='lat' dir='ltr'><strong>aprtd</strong></span> <span class='ocrx_word' id='word_1_690' title='bbox 1136 5176 1192 5228; x_wconf 82' lang='lat' dir='ltr'><strong>uos,</strong></span> <span class='ocrx_word' id='word_1_691' title='bbox 1203 5157 1280 5212; x_wconf 82' lang='lat' dir='ltr'><strong>babet</strong></span> <span class='ocrx_word' id='word_1_692' title='bbox 1292 5159 1323 5210; x_wconf 88' lang='lat' dir='ltr'><strong>D.</strong></span> <span class='ocrx_word' id='word_1_693' title='bbox 1336 5169 1361 5210; x_wconf 84' lang='lat' dir='ltr'><strong>et</strong></span> <span class='ocrx_word' id='word_1_694' title='bbox 1372 5159 1495 5227; x_wconf 71' lang='lat' dir='ltr'><strong>expressit</strong></span> <span class='ocrx_word' id='word_1_695' title='bbox 1507 5159 1564 5210; x_wconf 85' lang='lat' dir='ltr'><strong>Lat.</strong></span> <span class='ocrx_word' id='word_1_696' title='bbox 1578 5156 1732 5225; x_wconf 75' lang='lat' dir='ltr'><strong>Interprss]</strong></span> 
     </span>
     <span class='ocr_line' id='line_1_52' title="bbox 241 5235 1008 5310; baseline -0.001 -20"><span class='ocrx_word' id='word_1_697' title='bbox 241 5246 296 5297; x_wconf 72' lang='grc' dir='ltr'>θεας</span> <span class='ocrx_word' id='word_1_698' title='bbox 308 5245 329 5291; x_wconf 73' lang='grc' dir='ltr'><strong>θα</strong></span> <span class='ocrx_word' id='word_1_699' title='bbox 340 5247 443 5310; x_wconf 69' lang='grc' dir='ltr'>αρχγ...,</span> <span class='ocrx_word' id='word_1_700' title='bbox 456 5238 694 5305; x_wconf 69' lang='lat' dir='ltr'><strong>praetermissisque</strong></span> <span class='ocrx_word' id='word_1_701' title='bbox 706 5239 732 5290; x_wconf 91' lang='lat' dir='ltr'><strong>in</strong></span> <span class='ocrx_word' id='word_1_702' title='bbox 746 5235 830 5291; x_wconf 86' lang='lat' dir='ltr'><strong>medic</strong></span> <span class='ocrx_word' id='word_1_703' title='bbox 849 5250 917 5292; x_wconf 86' lang='lat' dir='ltr'><strong>sunt.</strong></span> <span class='ocrx_word' id='word_1_704' title='bbox 927 5237 1008 5306; x_wconf 80' lang='lat' dir='ltr'><strong>llajor</strong></span> 
     </span>
    </p>
   </div>
   <div class='ocr_carea' id='block_1_4' title="bbox 0 0 1884 5978">
    <p class='ocr_par' dir='ltr' id='par_1_9' title="bbox 0 0 1884 5978">
     <span class='ocr_line' id='line_1_53' title="bbox 0 0 1884 5978; baseline 0 0"><span class='ocrx_word' id='word_1_705' title='bbox 0 0 1884 5978; x_wconf 95' lang='lat' dir='ltr'><strong> </strong></span> 
     </span>
    </p>
   </div>
  </div>
 </body>
</html>
