3728 5978
559 459 592 506 ru
619 457 727 505 arrsr.
756 454 802 502 ao
829 452 912 502 nost.
940 455 1059 505 nourr.
1086 459 1123 507 ιι.
1551 439 1620 533 [173

55 590 128 642 ποιεῖ
140 579 293 662 λαμπρούς,
310 579 356 640 καί
374 579 439 660 πρὸς
457 579 505 652 την
525 580 671 658 μελλουσαν
686 582 750 657 ἡμῖν
765 600 827 638 συν-
881 591 1005 638 accurate
1023 579 1151 656 custodit,
1168 579 1226 656 illo,
1244 580 1294 658 qui
1310 580 1462 642 diademate
1479 580 1623 642 redimitur

56 675 191 752 αποδημεῖ
204 672 284 744 ζωήν.
300 671 334 732 Ὁ
344 669 396 752 γδρ
408 671 458 743 τὴν
475 670 605 732 υἱοθεσίαν
622 672 765 752 διατηρῶν,
783 667 829 728 καί
879 682 907 729 et
916 691 1037 751 purpura
1049 670 1184 751 induitur,
1196 672 1274 752 longe
1289 672 1455 755 splendidior
1466 673 1624 752 feliciorque

55 767 106 839 τὴν
118 767 267 848 ἁγιωσύνην
279 762 347 844 μετὰ
361 762 497 848 ἀκριύείας
509 772 521 797 ⁰
531 763 679 845 φυλάττων,
693 764 772 822 αὐτοῦ
782 766 830 822 τοῦ
879 773 932 838 est,
950 775 1032 841 atquc
1053 762 1080 822 in
1096 764 1220 844 praemi
1234 764 1292 826 vita
1312 765 1509 844 tranquillitate
1522 765 1624 827 fruitur

55 860 217 938 τὸδιόδημα
231 857 413 940 περικειμένου
428 857 474 916 καί
487 855 535 929 τὴν
546 854 688 936 ἁλουργίδα
705 854 829 937 ἔχοντος,
881 872 988 936 magna,
1003 873 1050 936 spe
1070 853 1140 915 bona
1160 856 1256 934 frctus,
1277 856 1435 936 nullamque
1454 857 1558 938 babens
1574 871 1622 918 tu-

55 950 241 1034 λαμπρότερός
251 948 281 1010 τί
293 953 350 1010 ἐστι
367 951 458 1029 πολλῷ
470 948 516 1009 καί
531 945 769 1029 μακαριστότερος,
784 942 830 1005 καί
881 948 984 1009 multus
1003 963 1030 1010 et
1047 950 1257 1031 perturbationis
1277 952 1455 1032 occasionem,
1472 953 1520 1015 sed
1541 954 1625 1016 volu·
1712 958 1716 963 ’

57 1043 129 1106 κατὰ
146 1043 191 1103 τὸν
211 1043 330 1127 παρόντα
343 1041 399 1122 βίον
411 1041 514 1124 γαλήνη
533 1064 564 1101 τε
583 1042 716 1124 ἐντρυφῶν
727 1039 829 1119 πολλῇ,
880 1055 954 1123 ptate
968 1057 1097 1126 perpetua
1106 1044 1236 1126 gandensi
1252 1045 1425 1108 Hilaritatem
1438 1046 1624 1108 autmutari-

58 1136 106 1196 καὶ
128 1143 258 1218 χρησταῖς
276 1134 482 1218 συντρεφόμενοι
502 1133 608 1208 ἐλπίσι,
634 1131 681 1192 καὶ
705 1130 829 1209 attegias
881 1137 947 1197 tiam
959 1160 1012 1199 non
1023 1139 1130 1220 imperii
1140 1139 1310 1220 magnitudo,
1324 1141 1625 1224 nonvispeouniarum,

59 1227 169 1309 00p155⁰⁰
182 1226 229 1286 καί
237 1232 358 1310 τθρᾱὶςῗις
373 1227 442 1308 ἔχων
450 1225 582 1300 ὑπόθεσιν,
594 1226 653 1287 ἀλλ’
665 1224 759 1296 bimis
773 1223 830 1294 δίη·
882 1252 935 1292 non
945 1232 1070 1314 potentie
1080 1233 1176 1313 fastus,
1188 1255 1241 1294 non
1251 1235 1336 1295 robur
1346 1235 1476 1317 corporis,
1487 1256 1540 1295 non
1550 1235 1627 1295 lauta
1645 1224 1661 1251 ‘'

59 1327 149 1389 νεκοῢς
163 1319 314 1380 ἀπολαύων.
326 1319 462 1398 Εύθνμίαν
473 1318 524 1399 γὰρ
534 1314 675 1398 καλχαμίῐν
686 1317 733 1375 οὒκ
746 1317 832 1396 laxit
849 1332 869 1378 tt
883 1345 985 1399 mensa,
1000 1345 1053 1385 non
1066 1325 1182 1387 vestium
1196 1340 1318 1405 ornatus,
1334 1347 1387 1388 non
1399 1326 1476 1387 aliud
1485 1326 1629 1408 quidpiam

60 1415 185 1494 μέγεθος,
198 1415 227 1473 ού
241 1412 388 1493 χρημάτων
399 1413 516 1483 πλῆθος,
529 1414 559 1471 οὗ
575 1406 727 1475 δυναστείας
740 1406 832 1485 opor,
883 1415 1033 1477 humanum
1044 1439 1138 1500 parere
1146 1417 1223 1494 solet,
1236 1418 1283 1478 sed
1294 1433 1366 1479 recte
1375 1421 1476 1479 factum
1485 1418 1628 1501 spirituale

56 1511 108 1567 οὐκ
132 1505 207 1586 ἰσχύς
225 1506 360 1584 σώματος,
385 1505 416 1563 ού
437 1501 594 1564 πολυτέλεια
612 1499 757 1581 sportellas,
784 1505 833 1584 οὐχ
883 1521 988 1587 tantum
1001 1522 1028 1569 ct
1040 1509 1110 1569 bona
1122 1509 1290 1571 conscientia.
1304 1511 1361 1590 Qui
1372 1532 1468 1593 puram
1481 1511 1559 1571 illam
1571 1532 1627 1572 ser-

57 1599 173 1677 ίμετίων
184 1598 299 1677 κόσμος,
317 1601 364 1658 οῦκ
380 1598 446 1657 ἀλλο
461 1601 554 1656 τιτῶν
569 1594 739 1679 ἀνθρωπίνων
749 1609 833 1659 ποιεῖν
883 1614 942 1678 vat,
953 1599 1057 1661 etiamsi
1066 1602 1161 1662 laceris
1170 1602 1265 1682 pannis
1275 1602 1417 1682 induatur,
1426 1603 1480 1663 etsi
1487 1625 1548 1664 cum
1557 1603 1628 1664 fame

59 1692 160 1766 εἴωθεν,
182 1693 241 1750 ἀλλ’
259 1689 277 1763 ἢ
297 1689 458 1770 κατόρθωμα
479 1686 558 1766 μόνον
578 1689 766 1768 πνευματικόν,
788 1691 834 1751 καλ
883 1688 1009 1765 luctetur,
1018 1689 1105 1750 latior
1113 1705 1155 1750 est
1166 1690 1211 1769 iis,
1221 1691 1269 1770 qui
1280 1691 1312 1752 in
1323 1694 1437 1754 summis
1446 1691 1553 1752 deliciis
1567 1713 1630 1752 rer-

59 1783 177 1851 συνειδὸς
196 1782 303 1864 ἀγαθόν.
326 1782 379 1842 Καί
402 1785 416 1841 θ
439 1787 515 1841 τοῦτο
536 1779 730 1863 κεκαθαρμένον
754 1781 833 1863 ἔχων,
884 1793 990 1854 santur3
1005 1795 1036 1840 ut
1048 1781 1108 1842 vice
1120 1802 1210 1857 versa,
1225 1781 1273 1861 qui
1289 1782 1424 1843 maiorum
1437 1783 1490 1847 sibi
1506 1783 1630 1844 conscius

60 1877 111 1937 κᾶν
130 1876 211 1959 βαίκια
222 1874 403 1958 περικείμενος
419 1865 454 1954 ᾖ,
470 1872 516 1932 καί
532 1875 603 1953 λιμῷ
622 1871 757 1947 παλαίων,
779 1876 833 1934 τῶν
884 1889 932 1951 est,
946 1873 1052 1935 etiamsi
1065 1874 1192 1936 omnibus
1203 1875 1302 1956 opibus
1313 1875 1493 1949 circumfluat,
1507 1875 1630 1936 omnium

60 1968 163 2050 σφόδρα
182 1967 340 2050 τρυφώντων
359 1965 429 2028 ἰστίν
451 1965 637 2046 εὐθυμότεροι·
655 1964 747 2046 ὥσπερ
763 1957 835 2027 aiot
885 1966 1054 2028 miserrimus
1067 1980 1117 2028 est.
1140 1966 1258 2046 Ideoque
1271 1967 1371 2029 Paulus
1389 1968 1418 2028 in
1437 1967 1545 2029 assidua
1560 1968 1631 2028 lame

60 2059 166 2142 πονηρά
176 2059 298 2127 συνειδώς
311 2061 412 2139 ἑαυτῷ,
424 2057 474 2117 κᾶν
482 2055 630 2117 τδπάντων
639 2057 835 2137 περιόιίλληται
885 2073 912 2120 et
927 2059 1048 2120 nuditate
1060 2081 1180 2136 versans,
1192 2059 1308 2141 flagellis
1320 2061 1442 2141 quotidie
1459 2082 1553 2135 caesus,
1569 2062 1631 2143 plus

60 2152 207 2233 χρήματα,
220 2149 327 2211 πάντων
346 2149 415 2210 ἐστίν
431 2147 595 2229 ἀθλιώτερος.
612 2145 665 2210 nrt
686 2147 836 2222 δὴτοῦτοθ
886 2172 968 2230 quam
988 2172 1063 2233 reges
1082 2152 1215 2232 gaudebat
1236 2166 1263 2212 et
1280 2152 1421 2212 laetabatur
1435 2178 1442 2211 ι
1458 2154 1554 2215 Achab
1567 2175 1632 2217 veru

62 2244 112 2322 plu
126 2246 233 2311 Παῦλος
243 2247 269 2303 ἰν
280 2246 352 2324 λιμῷ
366 2245 417 2310 ζῶν
431 2245 470 2322 τῷ
489 2242 603 2313 διηνεκεῖ
616 2240 661 2301 καί
674 2241 834 2320 γυμνότητι,
887 2263 1000 2323 regnans
1018 2257 1046 2304 et
1065 2243 1147 2306 lautis
1163 2246 1253 2305 fruens
1271 2244 1388 2323 deliciis,
1407 2246 1471 2325 quia
1492 2261 1633 2329 peccatum

63 2336 110 2396 καί
127 2336 315 2415 μαστιζόμενος
336 2337 395 2394 καθ’
422 2332 536 2405 ἑκάστην
558 2332 670 2412 ἡμέραν,
694 2330 786 2412 ίχαιρί
807 2355 837 2391 τε
887 2333 959 2394 illud
975 2334 1132 2415 admiserat,
1150 2336 1284 2416 gemebat,
1299 2336 1398 2399 anxius
1417 2351 1484 2416 erat,
1498 2352 1527 2399 et
1540 2339 1633 2401 vultus

63 2428 111 2489 καί
137 2429 236 2510 ἐτρύφα
262 2430 362 2506 μᾶλλον
385 2429 437 2486 τῶν
463 2424 654 2504 βασιλευόντων
677 2424 750 2485 τότε·
774 2427 789 2484 θ
808 2425 836 2484 δί
853 2427 872 2475 Ε
887 2426 945 2507 ejus
958 2426 1122 2506 conciderat,
1139 2440 1166 2486 et
1181 2441 1394 2508 antepeccatum
1411 2442 1439 2488 et
1457 2443 1517 2511 post
1536 2451 1633 2510 pecca-

63 2520 168 2601 Ἀχαάῦ
188 2518 355 2599 ἀβασιλεύων
375 2518 421 2578 καὶ
442 2521 543 2599 τρυφῆς
562 2515 702 2576 ἀπολαύων
723 2519 837 2578 πολυτε·
888 2506 1004 2581 auulsi
1018 2520 1136 2582 velimus
1149 2541 1214 2601 ergo
1232 2519 1372 2601 voluptate
1386 2521 1450 2600 srui,
1467 2535 1529 2582 ante
1543 2521 1635 2583 omn'u

63 2615 141 2685 λοῦς,
154 2611 245 2685 ἐπειδὴ
259 2610 307 2684 την
322 2608 453 2692 ἁμαρτίαν
467 2608 569 2681 ἐκείνην
580 2607 735 2687 εἰργάσατο,
749 2607 838 2668 ἔστενί
889 2610 1038 2689 nequitiam
1053 2613 1199 2692 fugiamus,
1214 2612 1397 2690 virtutemque
1409 2627 1549 2691 sectemur,
1562 2612 1636 2694 quod

63 2731 94 2765 τε
107 2704 153 2765 καί
166 2704 278 2784 ἠθύμει,
294 2703 340 2763 καί
352 2703 383 2762 τθ
393 2701 534 2785 πρόσωπον
553 2703 631 2760 αὐτοῦ
644 2699 838 2780 συμπεπτωκὸς
890 2725 943 2765 non
968 2705 1102 2786 possimus
1128 2705 1183 2765 alio
1208 2704 1289 2765 modo
1315 2705 1481 2785 voluptatem
1508 2707 1633 2786 assequi,

63 2790 108 2872 ἦν,
124 2797 170 2857 καί
184 2795 236 2877 πρὸ
253 2800 301 2868 τῆς
322 2794 455 2876 &popalus
476 2792 522 2853 καλ
542 2791 609 2870 μετὰ
627 2791 676 2866 vlt
692 2793 835 2874 amata.
890 2799 994 2860 etiamsi
1025 2799 1053 2859 in
1079 2800 1170 2881 ipsum
1193 2799 1292 2860 solium
1318 2800 1424 2879 regium
1451 2801 1635 2863 ascendamus.

64 2894 100 2951 Ei
109 2890 197 2950 τοίνυν
211 2887 360 2968 βουλόμεθα
374 2885 517 2947 ἀπολαύειν
530 2887 643 2959 ἡδονῆς,
656 2886 709 2968 πρδ
721 2890 774 2946 τῶν
788 2887 836 2947 ἀλ·
890 2891 1074 2967 Quamobrem
1084 2893 1186 2953 Paulus
1195 2892 1301 2954 dicebat
1311 2917 1320 2953 ε
1331 2895 1460 2953 chtus
1468 2895 1636 2975 autemSpt'·
1648 2901 1704 2946 Gal·
1712 2902 1735 2950 5·
1746 2914 1785 2948 22·

63 2988 119 3044 λων
142 2982 266 3043 ἁπάντων
292 2980 430 3062 φεύγωμεν
452 2978 597 3062 πονηρίαν,
622 2979 668 3040 καί
698 2978 835 3056 διώκωμεν
889 2986 964 3043 ritus
987 2997 1031 3045 est
1052 2988 1174 3056 caritas,
1195 2987 1353 3066 gaudium,
1376 3003 1449 3062 ματ.
1471 2985 1552 3045 Hunc
1572 3007 1636 3068 ergo

65 3075 174 3160 ἀρετὴν,
188 3079 224 3145 ώς
233 3079 282 3136 οῦκ
292 3073 349 3135 ἐνὸν
362 3074 449 3142 ἄλλως
458 3072 549 3133 τούτου
565 3082 720 3154 μετασχεῖν,
728 3071 779 3133 κθν
794 3074 836 3133 ἐπ’
890 3075 1010 3134 fructum
1022 3072 1097 3155 apud
1112 3095 1160 3135 nos
1180 3096 1330 3153 servemus,
1349 3086 1381 3132 ut
1394 3072 1439 3135 bic
1451 3075 1546 3136 laetitia
1560 3078 1635 3137 irua-

65 3169 147 3230 αὐτὸν
156 3167 295 3246 ἀναθῶμεν
312 3165 357 3226 τὸν
370 3164 459 3247 θρόνον
471 3165 516 3225 τὸν
535 3164 680 3246 βασιλικόν.
698 3165 747 3226 tu
760 3164 807 3225 καλ
822 3168 964 3262 ommur,
981 3180 1010 3228 et
1027 3168 1151 3228 futurum
1165 3189 1279 3248 regnum
1296 3189 1481 3249 assequamur,
1502 3167 1590 3248 gratia
1609 3183 1655 3235 et⁴

64 3264 174 3329 Παῦλος
187 3261 288 3341 ἰλεγεν·
299 3258 336 3321 Ὁ
349 3258 376 3320 δὲ
389 3259 489 3339 καρπὸς
503 3264 549 3318 τοῦ
559 3260 715 3337 Πνεύματοτ
729 3258 837 3338 ἀγάπη,
856 3277 877 3324 Α
891 3259 1058 3340 benignitate
1076 3259 1189 3321 Domini
1207 3261 1293 3321 nostri
1307 3263 1373 3323 lesu
1392 3261 1504 3337 Christi,
1525 3260 1636 3340 quicum
1671 3337 1674 3345 Ι

64 3354 149 3436 χαρδι,
159 3354 260 3437 εἰρήνη.
275 3356 377 3414 Τοῦτον
391 3343 435 3413 σύν
449 3352 493 3411 τόν
507 3351 609 3434 καρπδν
622 3349 760 3433 τρέφωμεν
773 3355 837 3433 παρ’
893 3355 968 3416 Patri
978 3354 1077 3435 gloria,
1090 3375 1142 3414 una
1152 3376 1215 3416 cum
1225 3370 1316 3417 sancto
1326 3355 1440 3437 Spiritu,
1449 3369 1556 3418 nuncet
1565 3376 1634 3416 scm·

59 3452 185 3521 έαυτοῐς,
198 3446 242 3506 ίνα
262 3446 308 3506 καί
329 3449 376 3518 τῆς
397 3447 507 3505 ἐνταῦθα
528 3452 613 3526 χαρᾶς
635 3443 838 3522 ἀπολαύσωμεν,
891 3469 948 3529 per,
963 3448 1031 3508 etin
1045 3446 1320 3509 saecrrlasaeculornm.
1337 3453 1432 3509 Amen.

65 3540 114 3600 καί
127 3544 175 3613 τῆς
189 3539 335 3619 μελλούσης
348 3537 514 3618 ἰπιιύχωμεν
529 3536 679 3616 βασιλείας,
690 3536 782 3618 χάριτι
792 3536 839 3597 καί

66 3631 254 3714 φιλανθρωπίᾳ
266 3637 311 3692 τοῦ
330 3629 428 3713 Κυρίου
441 3632 518 3709 ἡμῶν
533 3629 622 3702 Ἰησοῦ
636 3630 768 3709 Χριστοῦ,
782 3632 839 3707 μιθ’

65 3715 98 3783 οὗ
116 3728 155 3803 τῷ
166 3723 285 3804 Πατρίή
301 3722 382 3795 δόξα,
397 3723 455 3801 ἅμα
474 3723 513 3801 τῷ
534 3720 602 3802 ἁγίιρ
623 3718 778 3797 Πνεύματι,
793 3724 839 3777 νῦν

61 3816 110 3876 καί
122 3813 179 3888 ἀεί,
190 3815 235 3874 καί
244 3818 280 3884 εἰς
290 3814 350 3883 τούς
361 3818 457 3883 αἰῶνας
471 3818 523 3873 τῶν
536 3811 647 3872 αἰώνων.
664 3811 757 3891 Ἀμήν.

96 4040 107 4064 s
125 4026 182 4075 Duo
193 4026 251 4079 lisa.
264 4029 428 4096 διαφυλάττων.
442 4023 519 4075 Paulo
533 4035 589 4090 post
600 4021 676 4074 iidem
688 4023 725 4088 [et
734 4024 776 4088 1.]
788 4028 824 4074 καί
906 4020 920 4059 d
938 4016 1019 4071 tidem
1030 4023 1135 4088 βασιλεὺς
1145 4017 1202 4083 ών,[
1213 4016 1255 4069 Sic
1266 4018 1294 4068 λ.
1304 4015 1375 4068 Idem
1385 4027 1443 4068 ante
1454 4021 1547 4077 διηνεκεῖ
1557 4017 1633 4068 omit·

61 4116 247 4176 μακαριώτερος.
312 4101 315 4105 ’
875 4096 1072 4163 θὶθσσῑίσυίυω]

76 4294 1614 4332 m

367 4474 503 4533 utttttt
523 4471 558 4530 ῦ.
1152 4463 1314 4526 Hontltla
1335 4408 1371 4525 li.

64 4660 180 4742 Πρῶτον
198 4658 245 4736 μὲν
261 4661 410 4740 εὐχαριστῶ
422 4660 460 4738 τῷ
471 4660 534 4739 Θεῷ
549 4682 598 4737 μου
611 4658 658 4717 διίι
671 4656 760 4729 Ἰησοῦ
772 4658 839 4738 Χρι·
856 4658 876 4705 B
891 4619 968 4713 Car..
977 4652 999 4711 l.
1014 4673 1041 4712 ν.
1058 4649 1088 4711 8.
1097 4651 1238 4710 'Primum
1252 4650 1370 4730 quidem
1376 4652 1490 4730 gratias
1503 4651 1633 4731 agoDeo

107 4750 364 4833 στοῦῦπθρπόντων
379 4754 462 4829 ὑμῶν,
474 4749 542 4822 όειὴ
555 4751 728 4829 πίστιςθμῦν
739 4771 840 4827 καταγ-
931 4764 994 4804 meo
1011 4762 1063 4824 per
1075 4744 1177 4803 Iesum
1196 4742 1345 4803 Christum
1353 4761 1409 4821 pro
1424 4742 1558 4800 omnibus
1573 4760 1634 4800 uo-

108 4843 230 4922 γε’λλεται
242 4846 268 4904 ἐν
279 4843 334 4925 dap
345 4846 384 4925 τῷ
399 4843 501 4924 κόσμῳ.
933 4841 976 4898 bis
986 4881 995 4914 ,
1015 4836 1173 4918 quiafides
1192 4837 1501 4897 oasuaannunttacur
1520 4836 1552 4892 ιἰι
1572 4845 1635 4911 toto

934 4931 1054 4990 mundo.

110 5125 218 5207 Πρίπον
233 5124 399 5205 τῇμακαρίρ
409 5124 482 5203 ψνγη
492 5122 523 5183 τὸ
534 5119 680 5203 προοίμιον,
698 5119 743 5180 καλ
753 5118 842 5178 ἱκανὸν
934 5117 961 5172 1.
985 5116 1074 5174 Beatae
1095 5112 1192 5171 anima
1215 5129 1364 5191 congruent
1382 5128 1456 5177 autu

68 5224 189 5287 ἅπαντας
213 5218 352 5276 παιδεῦσαι
378 5216 424 5276 καί
448 5215 531 5298 ἔργων
554 5213 600 5273 καί
623 5211 709 5292 λόγων
736 5214 841 5290 ἀγαθῶν
895 5206 979 5291 possit
992 5226 1084 5270 omnes
1100 5203 1251 5281 instituere,
1271 5215 1302 5264 ut
1320 5214 1456 5285 σφω’-θ
