3728 5978
545 425 578 472 ιιι
610 425 699 473 serr
725 422 980 472 ιιοιτοιοιιιιιι
1004 421 1124 471 noum.
1152 425 1203 474 ιιι.
1457 382 1466 394 ’
1560 406 1567 414 ’
1599 429 1643 501 29

68 537 169 596 ἐῶσι
145 560 188 596 τον
210 537 338 612 Ἰησοῦν.
361 543 419 604 Καὶ
435 545 498 626 πρὶν
518 546 537 620 ἢ
558 551 651 625 εἰπεῖν,
672 551 723 609 ποῦ
747 537 847 607 elueri
898 543 1040 624 detorquet
1051 560 1184 651 quantum
1203 560 1299 630 potest.
1312 550 1353 609 Ae
1372 569 1459 629 neque
1472 547 1534 610 illos
1546 549 1641 609 vehe-

66 627 139 686 ιαυιδ
144 627 289 741 ,λέγειτὰ
302 637 490 714 πεπραγμένα
504 641 590 720 αὐτιρ,
600 638 644 699 ίνα
659 638 761 699 ἀπὸ
725 661 778 698 των
792 662 847 697 πα·
899 651 1004 697 menter
1018 639 1145 718 exagitat.
1163 641 1305 722 Quifur't,
1325 640 1424 719 inquit,
1447 643 1509 701 ιιιιτ
1529 661 1643 729 eorum,

67 720 150 831 ρι’γτιον
162 721 209 778 καὶ
223 722 426 802 τὰμέλλοντα
440 730 626 804 πιστώσηται,
640 754 686 791 και
675 729 774 811 δείξῃ
793 730 845 801 ἤδη
864 741 884 789 c
900 732 953 808 qui
975 734 1255 810 comprehenderunt
1275 735 1388 793 Jesum.
1416 736 1457 794 Ae
1480 734 1656 814 priusquam·
1773 756 1781 765 “

67 812 291 886 ιιιικιίταδίκην.
309 817 381 879 Ὅτι
398 822 631 902 κατηριθμημένος
648 815 729 895 ils
703 845 749 882 συν
769 827 845 901 ἡμῖν,
898 818 982 898 dicat,
998 822 1045 881 ubi
1059 822 1281 905 hoepredixerit
1297 823 1403 903 David,
1419 839 1583 905 narratque
1597 827 1640 886 se-

67 927 102 960 xu
93 902 241 1020 ἔλαχε
214 929 264 965 τον
290 911 452 992 κλῆρον
419 937 467 986 της
482 913 615 983 διακονίας
633 914 741 988 ταύτης.
719 906 847 983 §Oinoe
898 911 964 971 eerit
985 913 1082 987 ludas,
1108 929 1139 974 ut
1160 936 1195 974 ex
1216 916 1393 996 praesentibus
1417 917 1508 976 lutura
1529 916 1640 993 indicet,

67 996 105 1071 μὲν
124 987 164 1056 odo
187 998 337 1113 ἐκτήσατο
359 1005 462 1085 χωρίον
487 1009 517 1066 ἐκ
540 1011 687 1084 μισθοῦ
653 1031 702 1079 της
729 1004 842 1074 ἀδικίας.
897 1004 1094 1086 ostendatque
1086 1028 1176 1087 ipsum
1193 1008 1252 1113 jam
1272 1030 1362 1089 poenas
1384 1007 1498 1069 dedisse
1514 1012 1562 1070 l'l.
1582 1011 1640 1089 Qui

67 1088 157 1147 Ἠθικὸν
168 1101 242 1151 ποιεῖ
264 1093 316 1153 τδν
338 1095 432 1175 λόγον,
445 1121 490 1158 και
480 1097 741 1171 λανθανόντωςιην
756 1098 844 1159 αἰτίαν
897 1111 1125 1158 connumeratus
1132 1111 1195 1157 erat
1208 1103 1240 1157 ιἰι
1248 1101 1341 1170 nolis,
1355 1112 1384 1158 et
1394 1103 1515 1158 sortitus
1527 1112 1640 1163 estere

66 1183 160 1240 terito:
161 1175 279 1255 ικὴν
244 1209 337 1246 ουσαν
360 1191 554 1250 ἀποκαλύπτει.
568 1193 609 1251 Οὐ
627 1192 699 1271 λέγει
719 1191 788 1272 γδρ,
801 1191 843 1252 ὅτι
896 1199 953 1249 tem
967 1193 1121 1249 ministerii
1133 1192 1228 1271 liujus.
1241 1190 1291 1252 18.
1303 1191 1346 1251 Et
1359 1191 1533 1271 diequidem
1542 1210 1640 1272 posse·

68 1275 226 1337 elimentur·
241 1281 310 1338 ἀλλ’
311 1272 491 1354 ,οὗτοςαιιτὸ
477 1283 648 1358 δὲκτησατο.
659 1284 770 1358 Επειδὴ
790 1283 843 1367 γὰρ
895 1280 939 1336 dit
962 1300 1066 1360 αςιιιιιι
1088 1283 1126 1340 de
1147 1281 1277 1341 mercede
1302 1285 1478 1363 iniquitatis.
1504 1282 1637 1343 Moralem

70 1392 91 1424 ιι
83 1369 180 1446 'tergm
199 1374 259 1429 τῶν
280 1373 447 1434 ἀσθενῶν’
421 1397 471 1490 urg
483 1374 550 1436 οὕτω
565 1378 630 1457 πρὸς
654 1377 688 1436 τι
711 1376 842 1491 μέλλρνςι
893 1368 983 1434 reddit
996 1393 1154 1450 sermonem,
1165 1386 1191 1432 et
1206 1373 1318 1432 latenter
1336 1371 1499 1448 subindicat,
1507 1395 1565 1434 rem
1579 1395 1637 1435 esse

70 1462 186 1566 ιρῖοσινῇ
171 1485 209 1528 ως
231 1462 308 1541 πρὸς
330 1464 366 1524 τὰ
391 1466 526 1580 medere,
552 1468 670 1550 περὶ
636 1491 685 1539 της
706 1469 842 1548 παρούσης
893 1461 928 1521 ad
942 1465 1137 1543 correptionem
1158 1478 1258 1546 aptam.
1282 1466 1343 1524 Non
1364 1460 1432 1525 dicit
1446 1465 1571 1543 Judaeos,
1587 1467 1637 1528 sed

70 1548 129 1621 δίκης
155 1553 328 1634 διαλέγιται.
360 1557 417 1616 Καί
440 1558 544 1638 πρηνὴς
568 1558 705 1640 γενόμενος
727 1561 841 1633 tidem
894 1574 984 1633 ipsum
991 1555 1141 1636 possedisse
1152 1577 1258 1636 agrum
1270 1556 1342 1629 Quia
1355 1578 1428 1616 emm
1437 1556 1637 1620 imbecillorum

71 1641 141 1716 uiroc.
158 1646 301 1713 ume‘
272 1670 327 1706 ουκ
343 1649 422 1708 lo*
385 1672 425 1729 ιιρ
438 1650 629 1732 ἁμαρτήματι,
640 1653 699 1711 ἀλλ’
715 1655 785 1731 ἔνι-ᾖ
798 1675 841 1710 τι-
894 1646 1044 1709 animinon
1068 1650 1106 1709 ita
1128 1651 1221 1709 sutura
1243 1664 1273 1709 ιιι
1295 1649 1437 1732 presentie
1458 1651 1635 1732 perspiciunt,

70 1735 142 1814 ,ιιιρίρ
163 1737 209 1795 τὸν
229 1737 317 1817 λόγον
339 1741 435 1821 ιπῆρι.
451 1742 504 1800 Kos
521 1740 646 1824 ἐξεχυθη,
660 1744 740 1825 ρησὶ,
753 1743 841 1804 πάντα
858 1752 878 1799 ιι
893 1738 928 1799 de
940 1741 1064 1821 presenti
1077 1741 1178 1802 ultione
1196 1741 1326 1823 loquitur.
1339 1744 1381 1801 Et
1394 1762 1549 1821 suspensus
1570 1765 1636 1805 ere-

70 1823 243 1908 τιπλιιγχνα
255 1833 352 1892 αὐτοῦ.
369 1834 395 1890 T
396 1838 456 1892 οῦτο
471 1833 640 1916 παραμυθίαν
652 1834 760 1902 ἐκείνοις
776 1834 838 1917 ἔρε-
891 1837 956 1913 ριιίι
967 1835 1088 1896 medius.
1099 1836 1180 1894 Recte
1193 1856 1245 1893 non
1259 1834 1288 1892 in
1296 1846 1415 1915 peceato,
1425 1832 1473 1892 sed
1485 1833 1514 1893 in
1533 1833 1637 1895 ultione

70 1941 98 1995 ρι.
107 1921 155 1978 Καὶ
165 1922 292 1998 γνωστὸν
306 1924 414 2003 ἐγένετο
426 1934 495 1983 πᾶσι
504 1936 558 1994 τοῖς
567 1932 734 1988 κατοικοῦσιν
745 1927 840 2008 Ἱεροι»
891 1924 1001 1987 insistit.
1018 1930 1060 1988 Et
1070 1929 1173 2010 effusa
1184 1941 1275 2002 sunt„
1284 1926 1383 2006 inquit,
1399 1932 1498 1986 omnia
1517 1933 1636 1990 viscera

69 2011 160 2088 σιλιμ,
172 2013 247 2074 ὥστε
261 2018 401 2087 κληθῆναι
421 2017 451 2077 τὸ
463 2011 560 2099 χωρίον
572 2022 655 2079 ἐκεῖνο
666 2045 699 2100 τη
715 2020 768 2101 tete
779 2022 840 2080 δια·
892 2021 965 2102 ejus
978 2017 1037 2078 Hoc
1044 2018 1100 2078 illis
1112 2019 1320 2101 eonsolationem
1331 2018 1519 2079 afferebant&
1530 2021 1572 2080 Et
1583 2041 1635 2080 ιιο-

68 2104 241 2183 ιιιτμαιιιιῦν
264 2105 435 2186 Ἀκιλδαμὰ,
450 2108 585 2187 τουτέστι,
599 2111 838 2193 χωρίον-αἵματος.
892 2122 954 2170 tum
958 2113 1080 2192 sactum
1091 2126 1135 2172 est
1144 2115 1278 2172 οιιιιιιῖιιιι
1292 2114 1495 2172 habitantibus
1508 2114 1633 2174 Jerusa-

893 2201 960 2274 lem,
972 2206 1016 2261 ito
1025 2216 1058 2262 ut
1069 2205 1269 2283 appellaretur
1278 2223 1349 2284 ager
1361 2203 1413 2261 ille
1422 2204 1525 2283 lingua
1535 2224 1635 2265 eorum

891 2292 1070 2367 Aceldama‚
1084 2296 1140 2354 loc
1149 2307 1203 2366 est,
1217 2315 1288 2375 ager
1300 2297 1464 2373 sanguinis.

94 2387 126 2444 0t
137 2376 522 2470 moderantissimum}
533 2389 697 2473 προσηγοριρ
709 2391 838 2454 ἐκᾶλιιιιο
929 2390 958 2446 2.
973 2386 1064 2448 Judei
1076 2408 1140 2468 ergo
1149 2386 1202 2447 hoe
1210 2406 1312 2463 ¹nomen
1325 2405 1391 2465 agro
1404 2383 1513 2464 dedere,
1530 2406 1585 2446 non
1598 2387 1635 2448 ob

65 2476 127 2552 τιτὸ,
146 2481 177 2538 ὠ
201 2478 252 2539 διὰ
275 2484 372 2550 τοῦτο,
391 2479 461 2539 ἀλλὰ
476 2480 520 2539 διὰ
535 2480 578 2540 τὸν
591 2481 706 2542 Ἰώδαν·
719 2476 793 2552 οὗτος
809 2486 837 2546 δὲ
889 2498 987 2557 agrum
995 2478 1152 2560 ipsum,sed
1163 2478 1199 2540 ob
1211 2478 1311 2540 ludam
1326 2502 1333 2535 ι
1349 2498 1412 2537 nam
1424 2477 1447 2537 is
1455 2498 1523 2558 agro
1536 2500 1634 2541 nomen

64 2571 259 2635 ιίςτοῦτοαῦτδ
274 2569 428 2650 μετήγαγε,
441 2572 647 2653 μοίρτυραςτοθς
667 2575 776 2656 ἐχθροὺς
789 2577 837 2658 ρέ-
888 2570 997 2633 indidit.
1012 2571 1048 2631 Et
1064 2583 1142 2632 testes
1154 2573 1235 2632 allent
1255 2571 1399 2631 inimioos:
1419 2571 1448 2630 id
1461 2571 1534 2631 enim
1548 2573 1634 2653 signi·

64 2663 193 2743 omo
212 2687 247 2722 τε
262 2663 320 2744 γὰρ
331 2666 425 2738 εἰπιιν
433 2663 475 2723 ὅτι
486 2665 637 2743 ιονόμασαν
649 2668 695 2726 καὶ
713 2692 752 2748 τω
732 2671 845 2729 Ὓὲπα-
888 2663 962 2742 licat,
977 2685 1040 2723 enm
1051 2664 1152 2723 ιιιιιι
1120 2686 1218 2746 ιριοι
1226 2661 1414 2744 appellarusse
1433 2677 1460 2723 et
1474 2686 1536 2723 eum
1545 2664 1634 2740 addit,

62 2764 146 2834 γαγεῖν,
157 2757 204 2834 Τῇ
225 2755 286 2836 ἰδίρ
308 2754 484 2836 διαλέκτηί
455 2761 550 2829 αυτῶν,
568 2764 645 2818 τοῦτο
659 2760 752 2832 δηλοῦν
768 2760 834 2840 βού-
886 2757 1003 2837 lingua
1025 2778 1136 2818 eorum
1151 2756 1256 2816 Deinde
1271 2771 1332 2837 post
1355 2769 1492 2831 eventum,
1509 2759 1634 2839 apposite

61 2870 128 2908 mee
136 2781 220 2908 Ειια
236 2847 313 2927 μετὰ
324 2847 375 2921 τὴν
388 2846 497 2910 ἔκδοσιν
512 2848 614 2919 οἰκείως
633 2851 814 2931 ἐπεισάγιι
790 2877 834 2913 τσο
852 2868 872 2916 ιι,
886 2846 1171 2956 ριοριιιιιιιιιιιιιιιοιι,
1179 2847 1287 2907 dicens:
1296 2849 1345 2907 90
1351 2847 1495 2928 Scriptum
1504 2855 1632 2912 estemm

62 2963 184 3021 ·ρορτιην
195 2942 301 3022 λογων
315 2941 473 3022 Γίγραπται
486 2941 577 3024 γὰρέν
592 2942 678 3057 βίὸλρρ
689 2945 833 3024 Ψαλμῶν·
885 2941 1005 3000 ιιιιὶιιιο
1016 2942 1228 3001 Psalmorum:
1241 2943 1516 3002 Fioteommoratio
1530 2964 1630 3004 eorum
1645 2957 1690 3007 ιιι
1692 2963 1708 3008 ι.
1720 2961 1759 3014 σι.

61 3032 223 3107 Γινηθητωὴ
245 3034 412 3102 ἔπαυλις’
383 3039 470 3094 αυτῶν
486 3034 502 3094 ι
502 3059 600 3117 ρημος,
613 3035 704 3095 καὶι
683 3035 834 3114 ιὴέστωὸ
886 3033 1011 3105 deserta,
1025 3045 1123 3093 elnon
1142 3037 1182 3094 sit
1196 3035 1503 3115 quiinlrobitetirrea.
1526 3021 1680 3097 Hocde²⁶

60 3148 174 3186 ιιτουιων
198 3130 230 3187 ἐν
252 3130 336 3204 αῦτη.
351 3129 438 3187 Τοῦτο
453 3151 503 3208 πιρ
503 3126 514 3186 l
533 3133 579 3188 τοῦ
598 3127 697 3208 χωρίου
717 3128 818 3188 καὶ
785 3154 834 3202 της
885 3140 989 3205 agroet
1012 3124 1141 3187 dedomo
1156 3126 1268 3186 dieitur.
1282 3129 1324 3187 Et
1346 3131 1543 3208 episcopatum
1565 3132 1630 3213 ejus

60 3219 136 3287 ιαίας
151 3219 208 3279 Καὶ
223 3218 278 3291 τὴν
293 3218 443 3291 ἐπισκοπὴν
456 3223 535 3279 αὐτοῦ
545 3220 651 3281 λαθέτω
660 3220 764 3304 ἔτερος·
775 3246 834 3282 ται-
884 3224 1012 3300 accipiat
1023 3220 1112 3292 alten
1122 3220 1175 3281 hoe
1182 3234 1230 3298 est,
1237 3234 1430 3302 principatum,
1438 3221 1628 3282 sacerdotium.

59 3311 129 3385 πότι,
149 3311 203 3383 τιν
229 3310 335 3391 ἀρχὴν,
356 3308 406 3382 τὴν
427 3311 583 3390 ἱερωσύνην.
594 3311 685 3374 ‘llere
704 3315 752 3374 οῦκ
779 3317 831 3396 ἐμῇ
884 3311 1048 3391 ltaquehaee
1058 3333 1111 3383 non
1123 3312 1273 3390 meofiunt,
1286 3311 1334 3371 sed
1347 3312 1414 3393 ejus,
1428 3312 1475 3392 qni
1487 3312 1545 3374 haec
1559 3337 1629 3396 pne-

57 3403 135 3483 μιιμη
148 3411 233 3465 τοῦτο
245 3403 392 3483 τυγχάνει,
405 3406 463 3463 ἀλλ’
477 3403 576 3465 ἐκείνου
587 3412 633 3466 τοῦ
647 3411 732 3466 ταῦτα
742 3432 832 3490 προει·
882 3404 955 3464 dixit
968 3451 976 3480 ,
990 3405 1112 3466 consilio.
1125 3407 1166 3465 Ne
1190 3405 1327 3464 videretur
1342 3405 1414 3463 enim
1430 3427 1555 3486 magnam
1572 3430 1629 3468 rem

57 3495 161 3570 μιαότος.
170 3494 238 3555 Ἵνα
252 3493 362 3576 γὰρμὴ
377 3493 437 3575 διξη
454 3496 560 3577 μεγάλῳ
571 3496 712 3578 πράγματι
725 3501 830 3579 ἐπιχει-
880 3497 1004 3578 aggredi,
1016 3511 1041 3557 et
1052 3498 1158 3577 qualem
1170 3497 1293 3557 Christus
1307 3496 1365 3577 ipse
1378 3497 1493 3571 lecisset,
1508 3501 1627 3582 prophe-

56 3594 107 3661 ριῐν,
125 3587 171 3645 καὶ
195 3586 317 3667 tmolum
331 3585 379 3666 οἵῳ
392 3591 407 3646 δ
421 3588 550 3670 Χριστὸς,
575 3589 693 3668 ἐπήγαγε
708 3588 830 3671 μοίρτυρα
881 3604 937 3650 tam
948 3605 1041 3651 testem
1054 3589 1232 3649 adhiberet.
1249 3590 1368 3668 Oportet
1382 3610 1461 3670 ergo,
1476 3589 1575 3668 inquit,
1590 3615 1627 3651 ex

53 3679 88 3736 τὀι
101 3679 256 3759 τρορὴτην.
279 3683 330 3738 Δεῖ
344 3671 402 3755 οὖν,
417 3680 498 3760 φησι,
511 3684 563 3740 τῶν
575 3682 748 3743 συνελθόντων
765 3688 829 3761 ἡμῖν
845 3716 870 3755 ι,
881 3683 927 3743 liis
947 3686 1043 3754 viris,
1071 3682 1122 3763 qui
1145 3683 1293 3739 nobiseum
1316 3693 1386 3740 sunt
1403 3686 1573 3762 congregati
1594 3688 1627 3742 ιἰι

54 3773 145 3848 impleo
159 3776 187 3831 ἐν
204 3771 293 3831 παντὶ
304 3769 401 3851 χρόνῳ.
413 3771 492 3831 Διατί
505 3779 638 3834 κοινοῦται
653 3775 755 3849 αὐτοῖς
771 3774 828 3835 Ἵνα
848 3773 868 3820 Α
882 3781 962 3836 omni
977 3789 1113 3856 tempore.
1128 3774 1185 3833 Cur
1197 3793 1260 3831 eum
1276 3771 1333 3832 illis
1353 3773 1405 3833 hoe
1420 3774 1626 3835 communicat?

53 3863 85 3938 μι,
98 3866 294 3946 περιμάχητον
308 3865 340 3924 τδ
351 3874 464 3945 πρᾶγμα
473 3863 597 3944 γένηται,
610 3867 657 3925 καὶ
667 3869 702 3934 εις
716 3869 828 3948 ριλονιι·
881 3871 960 3930 Utne
970 3869 1101 3929 contentio
1110 3868 1160 3927 hac
1172 3866 1242 3926 dere
1252 3865 1379 3941 oriretur,
1393 3880 1419 3926 et
1430 3869 1626 3928 nemutuoliti-

52 3957 104 4014 ιίπι
118 3957 289 4034 ἐμπέσωσιν.
308 3958 362 4015 'El
375 3956 427 4035 γὰρ
441 3958 514 4016 αὐτοὶ
526 3963 604 4018 τοῦτο
618 3957 724 4033 ἔπαθον,
737 3963 828 4040 πολλῷ
880 3976 983 4041 gerent.
991 3963 1059 4021 Nam
1070 3959 1128 4020 siid
1138 3959 1204 4040 ipsis
1213 3956 1321 4032 accidit,
1330 3959 1509 4039 multomagis
1521 3959 1577 4019 illis
1584 3982 1626 4020 ac·

51 4051 145 4123 μῖλλυν
168 4052 283 4109 ἐκεῖνοι.
311 4047 365 4108 Καὶ
384 4045 446 4108 bdel
469 4054 546 4108 τοῦτο
571 4057 750 4131 παραιτεῖται.
775 4052 827 4112 Διὰ
882 4053 1136 4112 cidisset.Hocvero
1146 4050 1371 4132 semperdevitat.
1379 4049 1443 4110 ideo
1454 4051 1480 4110 in
1488 4052 1624 4134 principio

50 4148 120 4200 ττῑτσ
138 4143 296 4225 ἀρχόμενος
311 4141 416 4220 ἔλεγεν·
437 4141 541 4224 Ἄνδρες
552 4143 683 4224 ζάδιλροὶ,
697 4147 736 4204 δεῖ
750 4145 826 4206 ἔκλε’·
881 4146 998 4222 dieehat,
1015 4147 1078 4204 Viri
1082 4146 1211 4227 fratres,
1226 4156 1337 4223 oportet
1349 4143 1454 4225 eligere
1476 4168 1512 4204 er
1526 4151 1620 4208 nobis.

50 4232 135 4300 ξασθαι
156 4235 189 4304 ἐξ
211 4238 304 4313 ἡμῶν.
318 4238 368 4317 Τῷ
388 4234 483 4306 πλήθει
506 4234 554 4309 τὴν
569 4235 655 4319 κρίσιν
676 4238 827 4318 ἐπιτρέπει,
881 4235 1054 4298 Multitudini
1075 4235 1207 4319 permittit
1219 4234 1365 4315 judicium,
1381 4236 1464 4295 simul
1490 4258 1546 4317 eos,
1576 4240 1624 4319 qui

49 4327 311 4408 τοιςτιγιιομέναις
323 4326 473 4404 αἰδεσίμους
484 4332 576 4402 ποιῶν,
590 4329 635 4387 καὶ
650 4329 726 4397 αθτδς
739 4334 826 4390 ἀπαλ-
880 4330 1059 4410 eligebantur,
1084 4326 1250 4387 venerandos
1266 4324 1390 4404 reddens,
1403 4349 1485 4407 seque
1504 4328 1625 4391 liberam
1712 4359 1715 4364 ¹

49 4421 201 4497 λιπόμενος
220 4419 368 4500 ἀπεχθείας
380 4419 507 4502 τῆςπρδς
521 4418 581 4488 τοὺς
594 4421 696 4490 σίλλους.
711 4423 825 4503 Μεγάλαι
880 4422 916 4481 ab
925 4421 1040 4498 invidia,
1050 4441 1111 4498 que
1120 4417 1237 4478 suboriri
1248 4431 1363 4498 poterut.
1376 4420 1446 4479 Nam
1457 4421 1515 4481 haee
1524 4444 1622 4504 magna

49 4511 94 4590 γὰρ
106 4514 147 4572 ἀεὶ
162 4512 196 4572 τὰ
213 4519 328 4573 τοιαῦτα
342 4512 498 4592 ἐργάζεται
494 4514 573 4573 κακοί.
589 4512 652 4573 Ὅτι
664 4514 712 4593 μὲν
726 4506 770 4575 οὖν
787 4518 825 4576 δεῖ
879 4536 948 4596 saepe
963 4515 1050 4574 solent
1073 4532 1167 4594 parere
1189 4510 1270 4570 mala.
1284 4510 1367 4583 Quod
1389 4513 1472 4592 igitur
1495 4516 1534 4575 sie
1560 4516 1621 4576 fieri

49 4606 176 4719 γενέσθαι,
186 4606 233 4666 τὸν
247 4604 392 4687 προφήτην
412 4602 528 4685 παριίγει
548 4604 683 4689 μάρτυρα·
703 4630 734 4666 εκ
746 4607 824 4667 τίνων
878 4620 1007 4689 oporteat,
1021 4605 1181 4688 prophetam
1201 4602 1314 4662 adducit
1328 4617 1445 4664 testem.
1462 4627 1496 4666 ex
1520 4606 1620 4687 quihus

51 4696 121 4756 teeti
127 4699 226 4771 ουτος
237 4696 384 4777 έρμτνιυει
394 4696 499 4776 λεγοιν
512 4697 628 4848 ’Egeriae
649 4699 824 4782 ουνελθόμων
877 4721 940 4761 vero
956 4694 1185 4758 electionemlieri
1201 4708 1334 4775 oporteat,
1356 4695 1548 4776 interpretatur
1562 4699 1620 4779 ipse

51 4791 237 4864 ἡμῖνινπαντι
251 4790 352 4904 χρόνῳ.
369 4781 595 4868 Ειμινγαρεῖπι
604 4791 686 4864 ,τοὺς
700 4797 823 4862 ἐπιεικεῖς
876 4790 981 4866 dicens,
993 4792 1080 4850 Ex⁰
1058 4811 1104 4861 us,
1121 4809 1171 4868 qur
1166 4789 1335 4846 nobiseum
1357 4793 1616 4869 congregotisunt,

52 4881 86 4940 διῖ
96 4893 231 4965 παρεῖναι,
240 4880 303 4949 τοὺς
315 4880 416 4948 ἄλλους
430 4877 462 4937 ἂν
471 4880 576 4960 ῦὸρισε
588 4888 634 4943 νῦν
644 4882 721 4943 δὲ
686 4907 770 4965 τιρχρ
756 4884 823 4966 μόνῳ
840 4897 859 4946 Β
876 4889 909 4944 ιιι
922 4886 1147 4963 omnitempore.
1162 4878 1277 4941 sienim
1288 4878 1413 4957 dixisset,
1425 4878 1528 4959 Dignos
1536 4901 1620 4961 opor

82 5065 92 5085 ¹
107 5063 220 5127 Quidem.
234 5064 295 5115 tto.
311 5070 351 5115 ιιι
364 5066 394 5114 δι’
405 5063 436 5113 ὧν
446 5068 572 5126 ὠνόμασαν,
582 5071 618 5116 καὶ
630 5077 662 5133 τῷ
673 5072 754 5129 ιιπιῑν,
769 5080 806 5135 τῇ.
857 5065 963 5135 eligendi
981 5076 1054 5115 erant
1071 5065 1097 5114 in
1109 5060 1192 5113 locum
1203 5059 1291 5124 lude,
1304 5062 1371 5111 inter
1385 5077 1411 5112 se
1424 5061 1615 5119 contenderent,

82 5156 91 5178 ²
107 5151 180 5215 ιγιρ.
195 5142 292 5205 idest,
307 5144 329 5192 ei
352 5137 482 5206 apostolis
497 5139 589 5193 eccidit
603 5155 630 5193 ιιι
648 5141 680 5194 de
699 5144 808 5212 primatu
890 5146 904 5184 ιι
921 5142 1008 5195 Μοιυι.
1020 5141 1087 5194 solue
1098 5149 1133 5195 οιιί
1144 5145 1180 5193 διὰ
1192 5147 1258 5195 τοῦτα
1270 5161 1325 5209 παρ.

57 5220 228 5290 contenderent,
248 5219 335 5272 multo
356 5219 443 5284 magia
460 5216 573 5270 accidere
593 5231 707 5289 poteret,
721 5235 748 5272 nt
767 5224 808 5289 qui
