3728 5978
103 451 177 543 634
440 475 470 524 s.
497 477 637 526 sonuum
663 479 844 527 ennrsosr.
874 479 1032 529 recurre.
1061 480 1329 537 cousruurruor.

28 642 32 649 -
104 616 183 657 aures
191 611 293 658 uestras
301 597 450 678 pulsamus,
462 612 493 658 ut
499 619 534 659 ex
542 599 698 660 assiduitate
706 600 846 682 quidpiam
862 608 881 655 lt
898 601 964 683 ρίων
976 603 1117 681 μαίνεσθαι
1131 604 1268 681 μειζόνως·
1283 605 1329 663 καί
1341 602 1395 683 γὰρ
1404 603 1534 684 χαλεπὸν
1549 600 1582 660 τὸ
1593 599 1679 670 πόθος,

105 688 176 748 lueri
188 688 305 748 accedat.
319 691 422 749 Verum
432 710 465 749 ne
475 688 642 750 contendatis
656 714 662 748 :
676 711 762 770 neque
773 691 846 751 enim
899 693 946 751 καλ
960 696 1041 755 δεινόν
1062 694 1093 755 τδ
1110 695 1224 774 νόσημα.
1237 695 1290 755 Διδ
1306 695 1338 768 δὴ
1356 700 1441 754 τοῦτο
1462 692 1513 754 καί
1533 698 1616 771 ἡμεῖς
1628 698 1678 752 καθ’

37 773 41 778 ’
106 786 134 846 in
149 786 238 844 futura
253 782 300 843 illa
321 784 366 844 die
381 797 496 861 tantum,
511 784 557 845 sed
573 800 599 844 et
621 800 682 846 ante
704 785 780 846 illam
801 786 847 845 hic
899 785 1014 858 ἑκάστην
1032 791 1093 863 ὑμῖν
1113 787 1257 859 ἐκκλησίαν
1276 787 1343 868 ὑπὲρ
1365 787 1466 847 τούτου
1490 783 1679 863 διαλεγόμεθα,

105 875 278 937 multiformis
292 878 402 936 morbus
415 876 532 958 plurima
554 877 682 959 importat
700 877 845 959 supplicia.
900 877 946 937 καί
966 882 1082 959 συνεχῶς
1094 880 1275 959 ἐπαντλοῦμεν
1294 883 1369 958 ὑμῶν
1381 879 1433 948 ed<
1449 878 1556 951 α’σιοδς,
1577 875 1622 935 ίνα
1638 876 1679 934 κᾶν

105 969 174 1028 Nem
196 967 218 1028 si
232 967 338 1047 eosqui
360 968 388 1027 in
409 968 526 1029 vinculis
544 983 652 1029 manent
664 983 805 1050 perpetuo,
823 971 845 1029 si
900 970 1074 1054 τῇσυνηθείορ
1095 970 1216 1044 δυνηθείη
1240 971 1362 1050 γενέσθαι
1383 997 1411 1031 τι
1435 971 1537 1031 πλέον.
1554 967 1635 1028 Ἀλλλ
1647 969 1678 1044 μί,

105 1059 235 1119 diuturno
248 1061 344 1120 morbo
358 1059 507 1136 detentum,
520 1060 544 1121 si
557 1081 619 1120 eum
639 1060 709 1119 same
724 1082 846 1142 pugnan·
900 1061 1113 1140 ριλονεικήσατε·
1128 1061 1186 1122 οὐδὲ
1196 1060 1248 1142 γὰρ
1260 1065 1328 1122 κατὰ
1346 1062 1396 1135 τὴν
1411 1061 1574 1142 μέλλουσαν
1584 1059 1678 1139 ἡμέραν

105 1163 169 1229 tem,
182 1153 223 1210 sin
237 1150 360 1230 quemvis
372 1151 456 1211 alium
470 1171 676 1211 commemorem
683 1174 692 1227 ;
712 1151 846 1212 neminem
900 1152 988 1229 μόνον,
1000 1152 1068 1213 ἀλλίι
1083 1153 1127 1212 καί
1139 1154 1191 1233 πρὸ
1204 1152 1304 1225 ἐκείνης
1315 1152 1420 1222 πολλός
1431 1160 1516 1214 τοῦτο
1525 1150 1677 1211 renaudot

104 1242 243 1303 ostendere
256 1243 356 1324 possim
375 1242 440 1301 talia
460 1244 614 1323 patientem,
635 1242 727 1321 qualia
743 1242 763 1301 ii
780 1242 846 1303 tole·
898 1243 980 1311 πόθος
1001 1245 1095 1324 ἐπάγει
1116 1243 1163 1312 τὰς
1177 1247 1314 1327 τιμωρίας.
1328 1245 1386 1304 tter
1406 1245 1465 1328 γὰρ
1478 1246 1545 1312 τοὺς
1559 1244 1676 1314 διηντιυῗνς

103 1349 165 1395 rant
176 1335 222 1414 qui
232 1335 359 1416 pecunias
374 1349 473 1397 amant.
488 1334 565 1410 Quid
584 1336 656 1394 enim
676 1335 787 1416 gravius
800 1335 845 1410 sit,
899 1335 1049 1413 δεδεμένους
1059 1336 1139 1410 είπω,
1149 1337 1199 1395 κδιν
1210 1338 1255 1397 τὸν
1265 1338 1333 1418 νόσῳ
1348 1348 1445 1420 μακρᾷ
1457 1335 1675 1418 προσηλωμένον,

104 1447 185 1504 quam
197 1426 233 1485 ab
253 1426 379 1486 omnibus
399 1427 463 1488 odic
477 1427 592 1488 haberi?
613 1449 705 1488 omnes
721 1428 784 1488 odio
796 1427 844 1487 ha·
897 1425 946 1483 κδν
956 1426 1000 1486 τδν
1011 1429 1082 1506 λιμῷ
1091 1428 1253 1501 παλαίοντα,
1264 1428 1313 1487 κδν
1323 1434 1465 1489 ὁντιναοῦν
1475 1426 1675 1506 {repoenitere

102 1518 174 1596 bere,
188 1541 250 1579 eum
264 1520 369 1580 nemine
382 1520 488 1602 placide
510 1521 621 1595 versari,
632 1542 779 1600 numquam
796 1543 844 1580 ex·
897 1518 1042 1596 δυνήσομαι
1053 1518 1136 1588 δεῖξαι
1145 1519 1286 1600 ποίσγοντα
1301 1511 1485 1590 τοιαῦτα,σῖοι
1497 1518 1564 1590 τοὺς
1574 1522 1675 1602 χρημά-

101 1611 317 1693 satiari,semper
325 1612 409 1689 sitire,
419 1634 481 1671 eum
491 1613 561 1672 same
571 1626 699 1693 perpetua
709 1632 839 1693 pugnare,
852 1669 888 1706 m
896 1632 949 1667 των
960 1611 1084 1689 ἐρῶντας.
1097 1610 1134 1672 Τί
1150 1611 1201 1693 γδρ
1221 1611 1323 1692 γίνοιτο
1335 1611 1535 1694 χαλεπώτερον
1547 1617 1596 1672 τοῦ
1609 1614 1675 1691 παρὰ

101 1717 128 1764 et
140 1704 251 1783 quidem
263 1704 398 1785 graviore,
405 1726 489 1783 quam
502 1705 550 1764 illa
561 1704 681 1784 vulgaris
691 1703 774 1763 fames
787 1705 843 1765 sit?
862 1724 881 1770 t
896 1704 1002 1764 πόντων
1011 1713 1207 1784 μισεῖσθαι,τοῦ
1217 1706 1318 1775 πάντας
1325 1718 1432 1786 μισεῖν;
1443 1715 1494 1768 τοῦ
1503 1708 1574 1790 πρὸς
1581 1707 1673 1786 μηδένα

101 1797 242 1857 doloribus
255 1796 341 1878 premi
359 1796 533 1876 quotidianis,
547 1818 694 1876 numquam
710 1818 775 1856 sano
788 1819 845 1857 esse
896 1795 979 1866 ἡδέως
986 1795 1126 1877 ίχειητοῦ
1131 1796 1264 1876 μηδέποτε
1273 1799 1520 1880 κορίννυσθαιςταδ
1528 1800 1566 1856 δι’
1576 1796 1637 1857 όλαι
1645 1799 1675 1854 δι·

101 1890 201 1963 animo,
215 1912 320 1971 semper
338 1889 365 1949 in
385 1890 505 1949 tumultu
527 1890 642 1950 vivere?
658 1889 721 1949 Haec
743 1892 844 1972 quippe
896 1889 1017 1967 ψῇν;το’ύ
1027 1889 1229 1970 λιμῷπαλαίειν
1240 1891 1423 1964 διηνεκεῖ,καλ
1432 1888 1625 1971 χαλεπωτέρῳ
1635 1897 1674 1948 τοῦ

101 1982 191 2044 omnia
205 1998 231 2044 et
243 1984 286 2043 his
296 1984 377 2065 plura
395 1983 470 2043 arari
485 1983 636 2065 patiuntur.
649 1985 723 2043 Dum
736 1983 843 2043 lueran-
895 1979 1044 2059 παρίιπδσι
1056 1983 1257 2060 νενομισμίνσυς
1272 1991 1319 2043 τοῦ
1333 1982 1421 2050 λύπας
1439 1982 1517 2063 ἐγειν
1532 1986 1673 2063 καθημερ-

5 2085 11 2094 ’
101 2091 155 2155 tur,
168 2075 273 2136 etiamsi
284 2075 406 2136 omnium
420 2075 489 2134 bona
503 2073 557 2135 sibi
577 2075 724 2153 attrahant,
740 2076 844 2136 nullam
896 2070 955 2146 νᾶςς
969 2072 1161 2152 τοῦμηδίποτε
1174 2074 1336 2155 νῆφειν;τοῦ
1345 2076 1495 2142 διαπαντὸς
1512 2076 1543 2134 όν
1554 2074 1671 2156 θυρίόοις

100 2167 219 2227 sentiunt
227 2165 407 2246 voluptatem,
419 2186 450 2224 ec
464 2165 538 2243 quod
547 2164 627 2246 plura
637 2164 842 2246 concupiscant:
895 2153 961 2222 εἶναι
973 2164 1019 2223 καί
1031 2175 1174 2246 ταραχαὶςς
1184 2169 1280 2227 Ταῦτα
1295 2165 1347 2247 γὰρ
1369 2166 1480 2227 ἅπαντα
1504 2166 1556 2227 καί
1577 2167 1671 2226 τούοννν

99 2256 195 2327 sivero
200 2258 335 2340 jacturam
344 2256 441 2318 saciant
451 2254 858 2333 reluniusoboli,secmnium·
894 2257 1511 2340 πλείοναοίπλιονίκταιύρίστανται·ἐνμίντῷ
1519 2259 1673 2339 κερδαίνειν,

100 2349 259 2431 gravissima
272 2371 384 2432 passos,
396 2371 412 2408 a
425 2348 484 2409 vita
498 2348 580 2408 etiam
590 2345 722 2407 excidisse
735 2362 840 2429 putant.
894 2347 942 2407 κᾶν
953 2347 987 2408 td
1002 2349 1109 2408 πόντων
1120 2350 1334 2430 περιύόλωνιαι,
1345 2352 1470 2429 οὐδεμιᾶς
1485 2352 1673 2431 αἰσθανόμενοι

99 2445 169 2519 Quis
190 2467 278 2507 sermo
303 2446 361 2505 lraec
387 2458 460 2529 tanta
483 2443 555 2502 mala
578 2443 725 2524 patefacere
738 2443 840 2521 queat?
893 2440 1003 2515 ἡδονῆς,
1017 2444 1055 2522 τῷ
1066 2434 1195 2503 πλειόνων
1209 2442 1344 2524 ἐφίεσθαι·
1359 2446 1385 2503 ἐν
1400 2443 1429 2502 δέ
1445 2447 1671 2525 τῷζημιῶσθαι,

98 2537 182 2612 Quod
196 2539 221 2598 si
235 2539 300 2598 talia
312 2549 376 2598 sunt
388 2558 429 2616 ea,
444 2557 504 2615 quar
524 2534 569 2594 hic
582 2534 733 2616 patiuntur,
749 2536 841 2595 futura
892 2530 942 2591 κᾶν
951 2532 1326 2610 όόολδναίπολέσωσι,ποίντων
1337 2535 1484 2614 ἡγούμενοι
1494 2537 1673 2618 χαλεπώτερα

98 2633 186 2712 cogita
201 2656 208 2690 ε
224 2632 301 2712 regni
312 2630 423 2692 caelestis
429 2631 576 2712 jacturam,
584 2628 712 2707 gehennae
725 2627 840 2705 dolores,
892 2626 1051 2688 πεπονθίναι
1060 2672 1068 2705 ,
1078 2628 1124 2687 καί
1137 2633 1217 2700 αὐτῆς
1227 2628 1427 2689 ἐκπεπτωκέναι
1435 2633 1487 2701 τῆς
1502 2633 1587 2702 ζωῆς.
1597 2632 1675 2697 noto<

97 2737 225 2806 perpetua
249 2723 370 2796 vincula,
394 2722 516 2783 tenebras
543 2720 697 2796 exteriores,
721 2740 840 2781 vermem
857 2722 875 2767 Β
892 2709 936 2778 σύν
951 2727 1035 2782 ταῦτα
1048 2725 1220 2801 παραστῆσαι
1238 2722 1378 2794 δυνῆσιται
1390 2720 1470 2802 λόγος
1486 2722 1526 2783 τὰ
1540 2723 1628 2797 κακός
1643 2726 1674 2783 Εἰ

97 2831 268 2895 rmenatum,
282 2814 425 2877 stridorem
441 2815 573 2893 dentium,
592 2826 736 2892 tormenta,
751 2834 840 2896 angu-
893 2809 920 2872 δέ
933 2809 967 2871 τό
980 2815 1091 2873 ἐνταῦθα
1103 2819 1226 2885 τοιαῦτα,
1239 2812 1362 2887 ἐννόησον
1374 2813 1409 2874 ad
1420 2814 1494 2894 perd
1507 2821 1614 2889 ταῦτα,
1627 2815 1672 2884 τῆν

97 2909 187 2987 stiam,
200 2908 299 2970 ssurios
314 2908 416 2989 igneos,
432 2905 553 2968 fornaces
570 2926 719 2985 numquam
738 2905 840 2966 exstin-
891 2900 1022 2961 ίαπςωσιν
1043 2905 1091 2974 τῆς
1113 2902 1263 2981 βασιλείας,
1286 2904 1334 2978 τλν
1355 2905 1449 2978 ὀδύνην
1472 2905 1528 2979 τὴν
1549 2906 1608 2966 ἀπὸ
1629 2912 1674 2979 τῆς

97 3000 218 3082 guendas
233 3024 240 3057 :
257 2999 368 3077 haecque
381 2998 471 3060 omnia
484 2997 624 3079 colligens,
637 3010 663 3057 et
676 3018 740 3057 cum
759 3019 840 3079 pecu·
892 2990 1014 3069 γείννης,
1026 2993 1061 3053 τίς
1081 2995 1188 3068 διηνεκῆ
1209 2996 1309 3076 δεσμὰ,
1323 2996 1354 3057 τδ
1367 2998 1461 3067 σκότος
1477 3000 1513 3058 τδ
1534 2999 1673 3082 ἐξώτερον,

97 3095 205 3157 uiarum
232 3093 371 3175 voluptate
404 3114 583 3175 comparans,
611 3092 743 3153 radicitus
767 3093 841 3152 hune
892 3082 937 3143 τὸν
951 3083 1078 3158 σκώληκα
1096 3086 1140 3146 τὸν
1155 3088 1268 3163 ἰοόόλυν,
1281 3090 1325 3150 τὸν
1340 3089 1459 3171 βρυγμδν
1473 3095 1533 3151 τῶν
1546 3093 1671 3165 ὀδόντων,

98 3188 223 3248 morbum
235 3186 328 3263 evelle,
337 3200 367 3245 ut
382 3207 459 3246 veras
473 3200 567 3246 nactus
575 3185 696 3262 diuitias,
705 3199 731 3245 et
739 3206 778 3246 ex
789 3184 841 3245 hac
893 3175 941 3249 etv
962 3179 1058 3257 θλῖψῑν,
1071 3176 1120 3250 vic
1144 3179 1400 3262 στενυγωρίαν,τούς
1422 3189 1469 3241 τοῦ
1491 3185 1581 3260 πυρὸς
1594 3208 1674 3244 ποτα-

98 3281 175 3362 gravi
192 3293 351 3363 paupertate
368 3292 485 3361 ereptus,
497 3294 524 3338 et
537 3278 679 3361 presentia
700 3293 726 3338 et
748 3280 840 3338 sutura
894 3267 971 3346 μοῦς,
992 3269 1041 3336 τὰς
1057 3271 1183 3350 καμίνους
1197 3274 1244 3342 τὰς
1268 3273 1399 3352 μηδέποτε
1414 3274 1617 3354 σδεννυμένας·
1632 3281 1674 3337 καί

97 3374 168 3433 bona
179 3371 340 3450 assequaris,
356 3371 442 3451 gratia
454 3384 480 3429 et
491 3370 657 3449 benignitate
668 3369 779 3430 Domini
793 3392 841 3430 no·
893 3367 976 3421 ταῦτα
991 3362 1096 3423 ἅπαντα
1111 3364 1275 3445 συναγαγὼν,
1289 3366 1335 3424 καί
1347 3371 1381 3444 τῇ
1392 3371 1446 3426 τῶν
1460 3368 1619 3448 χρημάτων
1632 3375 1674 3430 δν

100 3466 149 3528 stri
173 3467 237 3526 Jmo
259 3463 361 3524 Christi
368 3508 378 3540 ,
403 3464 513 3542 quicum
536 3463 610 3522 Patri
633 3463 719 3543 gloria
734 3486 841 3543 unaque
892 3455 1019 3528 τιστλίσθῑς
1030 3457 1128 3536 ἡδονῇ,
1142 3458 1280 3539 πρόῤῥιζον
1292 3457 1444 3519 ἀνάσπασον
1455 3461 1536 3520 τουτὶ
1550 3463 1584 3521 τὸ
1599 3464 1674 3534 νόση·

98 3559 213 3641 Spiritui
222 3571 323 3632 sancto,
340 3571 451 3617 nuncet
461 3577 576 3640 semper,
594 3572 620 3618 et
635 3559 663 3619 in
678 3559 775 3619 secula
790 3581 840 3621 sae·
895 3573 949 3627 μαι
962 3547 1006 3606 ἵνα
1018 3547 1062 3607 τὸν
1075 3551 1161 3619 etati]
1177 3553 1288 3609 πλοῦτον
1301 3549 1401 3624 dedit,
1415 3551 1461 3611 καὶ
1476 3556 1529 3624 τῆς
1550 3557 1676 3635 χαλεπῆς

99 3650 234 3712 culorum.
254 3655 348 3710 Amen.
893 3640 991 3714 ταύτης
1010 3639 1102 3707 πενίας
1122 3641 1298 3721 ἀπαλλαγείς,
1319 3641 1365 3701 καί
1380 3646 1433 3701 τῶν
1458 3645 1610 3724 παρόντοιν
1634 3650 1678 3707 καὶ

892 3735 945 3791 τῶν
960 3731 1109 3811 μελλόντων
1127 3735 1233 3811 ἀγαθῶν
1249 3731 1390 3814 ἐπιτύχῃς,
1403 3735 1501 3814 χοίριτι
1516 3738 1565 3796 καί
1586 3743 1678 3820 τριλαν-

857 3823 998 3906 ὒθρωπίᾳ
1019 3831 1065 3884 τοῦ
1088 3824 1187 3906 Κυρίου
1209 3828 1286 3903 ἡμῶν
1301 3824 1389 3898 Ἰησοῦ
1412 3829 1553 3906 Χριστοῦ,
1571 3837 1634 3909 μεθ’
1650 3825 1678 3894 ei

893 3920 932 3997 τῷ
945 3915 1034 3998 Πατρί
1047 3914 1109 3984 δόξα
1128 3916 1232 3996 ἅματῷ
1245 3917 1312 3998 ιίγίιρ
1327 3917 1484 3997 Πνεύμοτι,
1495 3925 1544 3980 νῦν
1555 3923 1606 3982 καλ
1622 3927 1678 4000 ἀεὶ,

894 4008 940 4069 καί
952 4011 988 4077 είς
997 4008 1058 4077 τοὺς
1072 4011 1169 4077 αἰῶνας
1182 4014 1235 4070 τῶν
1250 4009 1362 4071 αἰώνων.
1377 4011 1473 4089 Ἀμήν.

344 4352 505 4412 nonnum
523 4350 602 4414 xiv.
699 4428 705 4438 ,
1175 4353 1312 4412 ouum
1334 4349 1376 4411 ια.

101 4542 170 4602 Car.
182 4540 260 4602 vlll.
276 4559 304 4599 ν.
322 4541 369 4597 θλ.
390 4539 481 4619 Ergo,
488 4541 617 4620 fratres,
634 4543 778 4602 debitores
795 4562 843 4602 su·
892 4535 959 4619 Ἄρα
971 4526 1026 4610 σ’ύν,
1038 4538 1160 4619 ἀδελφοί,
1173 4537 1306 4619 όρειλέται
1325 4538 1405 4619 ἐσμὲν
1418 4541 1448 4598 οὐ
1463 4544 1499 4620 τῇ
1516 4544 1620 4623 σαρκί,
1633 4553 1678 4605 ταῦ

139 4656 203 4696 mus
216 4654 276 4692 non
286 4635 382 4708 carni,
397 4642 432 4690 ut
448 4636 607 4694 secundum
619 4655 738 4695 carnem
755 4638 842 4695 viva·
931 4627 1002 4689 κατλι
1014 4629 1100 4709 σόρκα
1110 4634 1166 4711 ζῇν.
1176 4633 1211 4691 Εἰ
1222 4630 1273 4711 γὰρ
1285 4629 1354 4690 κατὰ
1362 4631 1449 4710 σόρκα
1461 4636 1546 4706 ζῆτε,
1560 4635 1680 4712 μέλλετε

138 4748 213 4788 mus.
234 4726 280 4785 13.
293 4725 326 4785 Si
338 4727 416 4783 enim
436 4727 596 4785 secundum
617 4747 735 4785 carnem
759 4731 842 4785 vixe-
932 4718 1123 4792 ἀποθνήσκειν·
1155 4725 1179 4780 εἰ
1204 4721 1231 4780 δὲ
1256 4721 1395 4801 Πνεύματι
1417 4722 1465 4790 et<
1488 4726 1608 4806 πράξεις
1633 4735 1677 4787 τοῦ

136 4823 212 4892 ritis,
239 4822 424 4889 moriemini,·
451 4823 477 4879 εἰ
500 4832 599 4879 autem
624 4817 732 4898 Spiritu
747 4819 841 4901 saeta
932 4810 1055 4890 σώματος
1065 4819 1222 4889 θανατοῦτε,
1237 4814 1356 4887 ζήσεσθε.

135 4912 235 4970 carnis
245 4908 506 4987 mortrjicaveritis,
523 4911 640 4968 vivetis.
854 4912 875 4958 Ι)

136 5094 164 5154 t.
179 5091 247 5151 Cum
258 5090 415 5152 ostendisset
426 5107 558 5171 quantum
568 5092 604 5153 sit
612 5092 676 5155 vitae
689 5094 839 5175 spiritualis
928 5102 1021 5173 Δαίξας
1034 5103 1093 5165 ὅσον
1108 5103 1139 5164 τὸ
1149 5103 1262 5166 ἔπαθλον
1275 5111 1322 5166 τοῦ
1332 5104 1516 5184 πνευματικοῦ
1535 5107 1616 5188 βίου,
1629 5114 1673 5171 καὶ

93 5183 249 5268 praemium,
271 5181 345 5262 quod
365 5184 505 5246 Christum
529 5184 727 5248 inhabitantem
746 5189 837 5265 faeiat,
887 5195 928 5255 ότι
942 5195 1058 5277 Χριστὸν
1070 5195 1169 5256 ἔνοικον
1186 5197 1329 5272 ποιεῑ,καὶ
1342 5196 1384 5257 ότι
1398 5200 1573 5267 ζωοποιεῑτδ
1588 5205 1673 5275 θνητὰ

92 5274 165 5357 quod
184 5286 288 5335 mortua
311 5293 422 5356 corpora
435 5274 567 5356 vivificet,
589 5277 664 5357 quod
685 5278 720 5343 ad
741 5282 836 5346 celum
886 5286 1017 5368 στύματα,
1032 5287 1079 5348 καὶ
1094 5288 1159 5370 πρὸς
1172 5288 1216 5350 τὸν
1231 5289 1340 5372 σθρανδν
1354 5299 1463 5371 πτεροῐ,
1480 5292 1531 5353 καί
1544 5293 1598 5371 τῆν
1611 5296 1672 5357 ὁδον
