3728 5978
95 484 136 529 10
449 482 478 529 S.
506 480 648 529 tonuuts
672 477 858 562 CHRYSOST·
885 478 1042 525 tactatur.
1071 478 1346 527 CONSTANTINOP-

90 615 120 677 si
133 615 180 674 illo
192 629 319 696 praesente
330 616 453 691 venisset,
463 637 515 674 non
530 615 557 673 in
568 627 642 672 tanta
653 611 831 695 exspectatio·
884 615 969 675 ἐκεῖνο
979 607 1069 689 ήλθεν.
1088 617 1122 675 Et
1134 615 1161 675 δὲ
1180 605 1261 687 ήλθε,
1276 612 1403 692 παρόντος
1422 614 1516 682 αὐτοῦ,
1528 611 1576 670 οῦκ
1589 607 1620 666 ἀν
1634 608 1662 664 ἐν

53 708 56 713 ’
91 727 124 766 οε
137 707 256 766 fuissent.
265 706 368 766 ldcireo
381 728 467 785 neque
477 705 568 766 statim
577 719 638 786 post
651 704 831 764 ascensionem
884 705 999 786 τοσαύτη
1014 707 1132 786 ἐγένοντο
1148 705 1301 790 προσδοκίᾳ.
1321 704 1373 763 Διά
1393 709 1470 763 τοῦτο
1490 701 1548 762 atet
1564 699 1662 764 εὐθέως

91 801 149 882 ejus
161 800 280 875 advenit,
294 801 340 860 sed
354 814 413 882 post
424 815 484 860 octo
496 799 542 860 vel
559 820 656 859 novem
669 798 736 857 dies.
750 798 792 857 lta
806 809 832 856 et
886 797 1036 866 ἀνελθόντος
1062 802 1141 857 αὐτοῦ
1166 794 1444 878 παραγίνεται,·ἀλλά
1465 793 1533 873 μετά
1556 789 1628 852 θκτὼ
1642 787 1661 859 ἢ

91 912 139 952 nos
158 906 217 951 tum
233 893 352 953 maxime
368 892 520 952 excitamur
539 911 602 970 erga
616 893 715 960 Deum,
729 910 791 948 cum
803 888 831 947 in
886 889 960 949 ἐννέα
978 890 1087 970 ἡμέρας.
1103 890 1182 950 Οῦτω
1203 890 1248 949 καλ
1262 895 1339 968 ἡμεῖς
1358 889 1423 966 πρδς
1439 888 1484 948 τδν
1506 886 1575 947 Θεὸν
1599 882 1661 941 τότε

91 983 243 1042 necessitate
257 985 394 1043 constituti
405 1005 507 1043 sumus.
518 982 637 1060 ideoque
646 983 833 1043 Joannestunc
886 980 1004 1057 μάλιστα
1028 981 1223 1062 διεγειρόμεθα,
1240 981 1303 1042 ὅταν
1329 983 1355 1040 ἐν
1375 979 1454 1063 χρείογ
1474 979 1661 1053 καταστῶμεν.

91 1073 175 1132 mittit
190 1072 338 1157 discipulos
357 1096 420 1135 suos
434 1074 470 1133 ad
489 1074 647 1150 Christum,
661 1072 771 1150 quando
784 1071 832 1131 illo
849 1093 868 1138 ι)
885 1071 937 1133 Διά
958 1074 1094 1133 τοῦτοκαὶ
1115 1073 1241 1146 ’Ἰωάννης
1260 1073 1320 1134 τότε
1344 1072 1461 1151 μάλιστα
1484 1069 1587 1146 πέμπει
1600 1064 1662 1132 τοὺς

91 1186 160 1246 opus
173 1163 293 1225 habituri
310 1180 396 1241 erant,
412 1156 514 1227 loanne
536 1166 564 1225 in
587 1185 691 1223 carcere
711 1163 831 1244 degente.
886 1163 1006 1241 μαθητάς
1028 1163 1094 1246 πρὸς
1113 1166 1158 1225 τὸν
1182 1166 1307 1247 Χριστὸν,
1328 1164 1372 1225 ότε
1386 1162 1521 1242 *ἔμελλον
1539 1163 1565 1219 ἐν
1581 1156 1660 1240 χρείᾳ

92 1256 219 1334 Alioquin
234 1278 297 1317 vero
309 1256 449 1338 oportebat
463 1256 491 1314 in
504 1254 568 1315 caelo
587 1275 740 1335 comparere
752 1269 832 1314 natu·
886 1247 953 1316 εἶναι
974 1263 1020 1316 τοῦ
1034 1257 1139 1332 Ἰησοῦ,
1160 1260 1191 1318 τὸ
1207 1257 1387 1339 δεσμωτήριον
1401 1259 1532 1320 οἰκοῦντος
1551 1252 1660 1311 ἐκείνου.

91 1369 151 1408 ram
164 1361 292 1426 nostram,
309 1363 334 1407 et
347 1349 492 1429 perfectam
504 1347 749 1407 reconciliationem
762 1347 832 1425 fieri,
886 1346 987 1416 Ἄλλως
1001 1349 1028 1409 δὲ
1038 1396 1047 1421 ,
1059 1351 1112 1409 ἔδει
1125 1353 1152 1410 ἐν
1165 1353 1266 1433 οὐρανῷ
1277 1352 1392 1430 φανῆναι
1405 1346 1453 1420 τήν
1464 1344 1596 1425 ἡμετέραν
1609 1341 1660 1423 ρό-

92 1443 124 1501 ac'
137 1455 194 1500 tum
206 1442 297 1503 venire
309 1442 460 1524 Spiritum,
473 1462 623 1522 puramque
635 1440 738 1522 percipi
756 1440 833 1501 volu·
887 1464 939 1514 σιν,
953 1440 999 1500 καὶ
1011 1441 1058 1509 τάς
1070 1442 1239 1522 καταλλαγάς
1254 1442 1374 1520 γενέσθαι
1387 1439 1601 1521 ἀπηρτισμένας,
1614 1436 1661 1495 καλ

91 1545 201 1614 putem.
213 1535 282 1593 Nam
292 1535 316 1593 si
326 1534 430 1615 Spiritu
448 1547 588 1614 presente,
602 1532 735 1592 Dominus
752 1532 835 1591 abiis·
887 1534 946 1590 τότε
968 1534 1051 1592 ἐλθεῖν
1072 1534 1104 1594 τὸ
1124 1535 1255 1612 Πνεῦμα,
1269 1533 1315 1592 καὶ
1328 1531 1447 1610 καθαράν
1468 1529 1589 1610 γενέσθαι
1610 1526 1661 1598 τήν

92 1638 141 1700 set,
154 1624 201 1683 ille
214 1645 278 1685 vero
291 1626 441 1704 mansisset,
457 1646 510 1684 non
520 1638 594 1684 tanta
606 1623 699 1684 suisset
712 1624 834 1683 consola-
887 1625 992 1698 ἡδονήν.
1006 1627 1040 1684 Et
1053 1627 1105 1705 γάρ
1120 1626 1249 1708 παρόντος
1264 1629 1357 1696 αὐτοῦ,
1370 1629 1384 1683 θ
1396 1623 1443 1702 μέν
1461 1625 1588 1695 ἀπῆλθεν,
1603 1625 1618 1679 θ
1632 1618 1660 1680 δὲ

91 1716 147 1791 tio;
162 1715 270 1776 Christo
291 1717 362 1776 enim
386 1715 533 1775 admodum
558 1717 706 1793 liaerentes,
730 1716 764 1775 ab
787 1715 835 1775 illo
888 1715 999 1795 ἔμεινεν,
1016 1719 1063 1776 οθκ
1077 1719 1108 1776 ἀν
1122 1710 1155 1792 ήν
1170 1724 1283 1778 τοσαῦτα
1296 1717 1331 1776 τά
1349 1722 1397 1788 τῆς
1412 1713 1600 1795 παραμυθίας·
1615 1711 1661 1770 καὶ

92 1827 162 1888 tegre
185 1807 289 1870 urunt
313 1809 433 1869 luissent.
457 1808 539 1869 Unde
563 1823 590 1869 et
610 1809 748 1868 consolans
772 1807 835 1868 illos
888 1808 939 1891 γάρ
959 1809 1060 1892 σρόδρα
1086 1814 1164 1871 αὐτοῦ
1187 1810 1414 1876 δυσαποσπάστως
1432 1798 1512 1888 εἶχον.
1537 1803 1587 1864 Διδ
1615 1803 1661 1862 καλ

1 1935 5 1945 ·
19 1900 80 1963 16·7·
91 1896 198 1958 dicebat
217 1901 367 1981 :Expedit
389 1903 474 1960 vobis
495 1913 527 1960 ut
546 1922 598 1982 ego
622 1901 746 1960 vadam.
770 1899 835 1960 ldeo
887 1901 961 1982 ἐλεγε
975 1902 1212 1985 παραμυθούμενος
1221 1902 1326 1970 αὐτούς·
1337 1899 1472 1982 Συμρέρει
1482 1904 1543 1976 ὑμῖν
1551 1896 1595 1956 ἵνα
1607 1896 1661 1976 ἐγὼ

91 1990 246 2051 missionem
262 1992 382 2073 Spiritus
401 2013 451 2073 per
467 1991 571 2070 aliquot
592 1990 650 2050 dies
666 1990 780 2069 differt,
805 2006 835 2051 ut
850 2017 868 2063 fl
888 1994 1004 2054 ἀπέλθω.
1017 1995 1070 2055 Διά
1082 2003 1159 2056 τοῦτο
1172 1995 1217 2055 καλ
1234 1994 1337 2075 ἡμέρας
1352 1991 1478 2071 ἀναμένει
1490 1990 1538 2059 ete
1552 1988 1662 2069 μεταξὺ,

91 2080 259 2161 aliquamdiu
273 2082 370 2160 moesti,
386 2095 423 2161 et,
439 2096 469 2142 ut
481 2081 552 2157 diri,
564 2082 592 2143 in
606 2082 761 2143 necessitate
773 2103 836 2143 con·
887 2084 930 2145 ἵνα
945 2086 1037 2166 μικρὸν
1063 2088 1262 2166 ἀθυμήσαντες,
1284 2087 1330 2145 καί
1344 2090 1370 2146 ἐν
1386 2084 1478 2167 χρείᾳ,
1497 2083 1564 2164 όπερ
1584 2081 1661 2162 ἔρην,

30 2244 33 2251 ⁴
90 2173 191 2252 stituti,
201 2173 280 2256 plena
293 2188 319 2233 et
330 2175 558 2257 puralruerentur
568 2174 717 2256 voluptate.
728 2175 760 2235 Si
769 2197 836 2237 vero
886 2178 1079 2250 καταστάντες,
1101 2178 1245 2260 ὁλόκληρον
1261 2178 1307 2237 καλ
1329 2176 1448 2259 καθαράν
1465 2172 1663 2255 καρπώσωνται

91 2265 181 2325 minor
193 2280 260 2325 esset
274 2266 345 2325 Filio
357 2267 493 2348 Spiritus,
508 2287 561 2326 non
583 2267 677 2326 luisset
698 2266 835 2328 sufficiens
885 2270 935 2344 τήν
949 2273 1112 2346 ἡδονήνἛέ
1124 2270 1151 2331 δέ
1163 2271 1270 2331 ἔλαττον
1286 2262 1319 2344 ilo
1332 2269 1363 2328 τὸ
1377 2272 1501 2347 Πνεῦμα,
1510 2269 1559 2325 οῦκ
1568 2257 1601 2337 ἦν
1611 2271 1658 2347 ἀρ

92 2357 255 2417 consolatio:
269 2357 405 2438 quomodo
419 2360 492 2419 enim
505 2359 630 2433 dixisset,
643 2360 772 2440 Expedit
781 2380 835 2419 vo·
886 2370 992 2436 κοῦσαή
1003 2364 1169 2445 παραμυθία.
1178 2365 1243 2431 Πῶς
1254 2363 1280 2424 δὲ
1291 2364 1336 2422 καλ
1346 2358 1573 2440 έλεγε,Συμρέρει
1581 2363 1662 2436 ὑμῖν,

93 2451 158 2509 bis?
167 2448 232 2510 Ideo
244 2452 331 2532 major
343 2450 386 2511 illi
402 2449 525 2511 doctrina
541 2463 674 2510 reservata
690 2464 740 2529 est,
753 2472 787 2510 ne
800 2451 833 2511 il·
886 2455 1061 2516 Διάτοῦτστά
1071 2455 1177 2535 μείζονα
1187 2455 1407 2536 αὐτῷτειήρηται
1416 2451 1660 2524 τήςδιδασκαλίας,

90 2541 149 2602 lum
159 2542 290 2602 minorem
299 2557 435 2626 putarent.
442 2542 601 2605 consideres
615 2543 834 2622 velimquantam
886 2547 929 2606 ive
940 2545 1095 2626 μήέλαττον
1102 2549 1167 2609 αὐτὸ
1174 2546 1312 2626 νομίσωσι.
1325 2547 1425 2606 Σκόπει
1435 2544 1463 2604 δέ
1473 2542 1568 2617 ἡλίκην
1574 2548 1663 2610 αὐτοῖς

90 2634 147 2694 illis
171 2636 355 2696 necessitatem
374 2637 532 2719 imposuerit
549 2636 675 2696 manendi
700 2637 835 2719 lerosoly-
887 2640 1004 2718 ἀνάγκην
1018 2640 1145 2715 ἐπέθηκεν
1162 2645 1188 2701 ἐν
1199 2638 1390 2721 Ἱεροσολύμοις
1401 2628 1485 2709 εἶναι,
1496 2640 1535 2716 τῷ
1546 2636 1661 2716 ὑποσχέ-

90 2729 151 2807 mis,
157 2749 220 2788 cum
229 2729 396 2811 promisisset
411 2750 440 2789 se
449 2729 507 2788 illic
516 2730 649 2810 Spiritum
656 2729 835 2810 praebiturum
887 2736 948 2792 σθαι
964 2735 1018 2792 ἐκεῖ
1032 2732 1062 2793 τὸ
1076 2735 1186 2811 Πνεῦμα
1203 2716 1448 2813 παρέχεσθαὶῗίίνα
1461 2729 1513 2810 γάρ
1528 2728 1566 2807 μὴ
1579 2729 1662 2788 πάλιν

90 2841 155 2882 osse.
165 2825 235 2883 Nam
249 2844 283 2882 ne
293 2845 401 2883 rursum
416 2836 478 2905 post
492 2822 681 2882 assumtionem
691 2821 778 2905 ipsius
791 2823 834 2882 l'u-
850 2796 873 2900 i
888 2822 957 2903 μετά
968 2822 1017 2896 τήν
1031 2826 1162 2906 ἀνάληψιν
1177 2829 1256 2884 αὐτοῦ
1269 2823 1369 2905 ρόγωσι
1380 2868 1386 2895 ,
1399 2818 1590 2902 τῇπροσδοκία
1599 2819 1663 2878 ταῦ·

91 2928 195 2995 gerent,
203 2914 255 2972 hac
264 2915 471 2994 exspectatione,
482 2935 530 2973 ceu
543 2913 664 2988 vinculo,
673 2913 736 2973 illos
745 2935 837 2976 omnes
887 2941 921 2998 τη
933 2917 1053 3000 καθάπερ
1063 2918 1114 2978 τινί
1128 2919 1217 2997 δεσμῷ
1228 2917 1336 2996 κατέχει
1347 2916 1447 2980 πάντας
1461 2911 1555 2980 αὐτοὺς
1567 2915 1661 2971 ἐκεῖσε.

90 3005 130 3065 ibi
143 3005 249 3066 retinet.
268 3008 415 3085 Postquam
427 3019 518 3065 autem
531 3004 621 3064 dixitt
640 3008 836 3086 Utexspecta-
888 3008 980 3069 Εἰπὼν
997 3010 1039 3085 δὲ,
1053 3010 1210 3092 Περιμένειν
1233 3008 1282 3080 τὴν
1298 3006 1457 3086 ἐπαγγελίαν
1478 3012 1524 3064 τοῦ
1538 3003 1661 3084 Πατρδς,

90 3112 157 3159 rent
166 3102 389 3178 promissionem
396 3100 508 3170 Patris,
519 3119 609 3179 qaam
620 3099 744 3158 audistis
753 3120 835 3177 ame,
888 3098 921 3171 ἣν
934 3100 1066 3171 ἠκούσατέ
1076 3125 1144 3179 μου,
1158 3101 1290 3179 ἐπήγαγεν
1301 3125 1307 3136 ·
1317 3098 1383 3161 Ὅτι
1397 3098 1522 3168 Ἰωάννης
1536 3096 1584 3175 μὲν
1599 3096 1661 3157 ἐθά-

91 3191 195 3250 subdit:
204 3191 572 3272 5.QuiaJoanaesquidem
581 3192 836 3271 baptizavitaqua‚
888 3216 979 3252 πτισεν
994 3191 1081 3265 ὕδατι,
1103 3197 1179 3271 ὑμεῖς
1199 3192 1226 3252 δέ
1248 3192 1461 3270 βαπτισθήσεσθε
1474 3192 1501 3249 ἐν
1522 3188 1662 3267 Πνειίματι

92 3305 148 3345 vos
158 3297 257 3344 autem
266 3286 489 3364 baptizabimini
496 3287 529 3340 in
541 3282 651 3361 Spiritu
662 3293 766 3341 sancto
778 3303 837 3341 non
889 3283 956 3367 ἁγίῳ
970 3288 1000 3344 οὐ
1014 3284 1082 3364 μετά
1093 3285 1194 3356 πολλὰς
1203 3284 1300 3353 ταύτας
1310 3282 1421 3363 ἡμέρας.
1436 3280 1560 3341 Δείκνυσι
1569 3281 1661 3340 λοιπὸν

89 3391 155 3459 post
170 3379 277 3439 maltos
291 3380 345 3438 bos
356 3379 426 3437 dies.
437 3375 562 3437 Ostendit
574 3374 693 3453 demum,
705 3389 836 3454 quantum
888 3379 920 3440 τὸ
935 3378 1014 3457 μέσον
1030 3380 1109 3438 αὐτοῦ
1125 3378 1172 3437 καί
1187 3377 1324 3450 Ἰωάννου,
1340 3379 1387 3436 οὐκ
1401 3375 1440 3434 ἐτι
1455 3379 1491 3441 ὡς
1505 3373 1558 3454 πρὸ
1571 3373 1662 3433 τούτω

92 3470 197 3531 intersit
209 3472 342 3532 ioannem
355 3468 424 3528 inter
435 3483 461 3528 et
476 3467 567 3549 ipsum
577 3490 586 3544 5
597 3467 655 3548 jam
674 3486 725 3526 non
741 3466 837 3526 adnm·
889 3470 1117 3550 συνεσννασμένως
1133 3469 1258 3550 (καὶγὰρ
1272 3469 1372 3550 σφόδρα
1389 3466 1543 3527 συνεσκίασε
1557 3465 1601 3525 τὸν
1614 3463 1663 3525 λό·

91 3563 168 3623 hrate
182 3577 212 3622 ut
228 3574 305 3622 antea
321 3567 400 3636 (nam
412 3560 525 3620 obscure
538 3558 687 3619 admodum
709 3559 837 3639 loquutus
889 3587 934 3644 γον
945 3563 989 3623 ὅτε
1001 3562 1102 3644 ἔλεγεν·
1117 3560 1152 3623 Ὁ
1174 3561 1202 3621 δέ
1217 3562 1370 3642 μικρότερος
1384 3562 1411 3619 ἐν
1423 3562 1457 3638 τῇ
1475 3556 1597 3637 βασιλείᾳ
1609 3561 1663 3616 τῶν

1 3677 27 3721 a,
43 3653 310 3734 11,suerat,quando
324 3653 414 3714 dixit:
429 3654 488 3732 Qui
506 3666 606 3712 autem
620 3656 717 3712 minor
733 3663 777 3712 est
805 3656 837 3712 in
889 3658 1006 3736 οὐρανῶν
1027 3654 1122 3734 μείζων
1137 3658 1216 3714 αθτοῦ
1233 3652 1418 3732 ἐστιν),ἀλλδι
1438 3657 1499 3712 ΙΙνῦν
1514 3649 1664 3732 φανερώτε-

92 3770 181 3831 regno
200 3749 351 3824 calorum,
364 3748 461 3827 major
474 3758 517 3805 est
531 3745 613 3820 illo),
627 3742 675 3804 sod
690 3765 760 3804 nuuc
773 3766 834 3804 ma·
891 3769 949 3832 ρον·
961 3746 1201 3827 Ἰωάννης,·ρησὶν,
1212 3743 1353 3806 ἐβάπτισεν
1364 3745 1456 3819 teari,
1473 3749 1549 3824 ὑμεῖς
1572 3742 1600 3801 δέ
1615 3747 1664 3823 βα-

91 3840 214 3902 uilestius
236 3865 242 3898 :
261 3843 407 3917 Ioannes,
423 3837 529 3917 inquit,
549 3841 712 3917 baptizavit
736 3859 816 3920 aqua
825 3882 835 3912 ,
890 3841 1067 3913 πττοθήσεσθε
1079 3841 1106 3897 ἐν
1121 3837 1346 3919 Πνετίματιᾶγίῳ.
1361 3836 1470 3898 Οὐκέτι
1484 3837 1663 3918 >repperere-p

91 3948 254 3995 vosautem
263 3935 488 4015 baptizabimini
497 3931 644 4011 inSpiritu
655 3932 838 3991 sanctoNon
853 3953 871 3999 13
891 3931 1041 4015 μαρτυρίᾳ,
1057 3929 1127 3990 ἀλλά
1141 3930 1338 4008 ἀναμιμνήσκει
1351 3937 1397 3991 τοῦ
1417 3928 1560 4012 προσώπου
1573 3930 1663 4008 μόνον,

88 4031 147 4110 jam
158 4029 244 4089 utitur
256 4027 417 4103 testimonio,
431 4024 480 4086 sed
493 4045 634 4107 personam
652 4039 758 4084 tantum
782 4046 837 4086 me-
889 4029 927 4093 είς
948 4025 1055 4103 μνήμην
1068 4027 1121 4083 τῶν
1134 4025 1198 4104 παρ’
1219 4024 1298 4081 αὐτοῦ
1309 4021 1456 4104 εἰρημένων
1470 4021 1596 4103 δένοίγων,
1616 4022 1664 4081 καί

91 4137 197 4197 morat,
211 4123 239 4182 in
252 4122 410 4181 memoriam
425 4140 552 4179 revocans
563 4140 602 4197 ea,
614 4140 673 4197 quae
694 4121 771 4201 prius
788 4119 836 4179 di·
890 4116 1019 4178 δείκνυσιν
1044 4113 1138 4183 αὐτοὺς
1159 4115 1210 4188 ήδη
1235 4114 1338 4193 μείζους
1360 4114 1451 4173 λοιπὸν
1473 4114 1664 4193 γεγενημένους

91 4229 178 4289 xerat,
186 4214 373 4294 significatque
384 4214 456 4294 ipsos
462 4213 520 4292 jam
531 4212 645 4292 majores
654 4233 710 4272 esse
719 4214 836 4291 Joanne5
890 4210 1025 4281 Ἰωάννου,
1037 4208 1062 4268 εί
1071 4232 1101 4287 γε
1114 4210 1142 4267 ἐν
1153 4207 1291 4286 Πνεάματι
1301 4207 1412 4284 ἔμελλον
1424 4207 1470 4266 καλ
1482 4208 1555 4267 αὐτοὶ
1567 4206 1664 4286 βαπτί-

91 4306 228 4387 siquidem
241 4306 269 4366 in
283 4306 387 4386 Spiritu
402 4318 429 4363 et
439 4304 493 4384 ipsi
503 4302 667 4384 baptizaturi
679 4317 764 4363 erant.
776 4306 837 4365 Non
890 4307 951 4374 ζειν.
967 4302 1022 4363 Καὶ
1035 4303 1083 4361 οὐκ
1096 4291 1178 4374 εἶπεν,
1197 4303 1267 4377 ὑμᾶς
1281 4298 1308 4360 δὲ
1323 4299 1377 4378 ἐγὼ
1391 4300 1512 4378 βαπτίζω
1529 4304 1556 4360 ἐν
1575 4301 1663 4361 Πνεῦ-

91 4397 172 4474 dixit,
187 4399 245 4458 Vos
268 4417 318 4476 ego
341 4395 449 4478 baptiao
474 4395 502 4455 in
526 4393 631 4474 Spiritu
652 4408 744 4473 saneto
754 4441 764 4473 ,
778 4395 836 4476 sed,
890 4419 957 4475 ματι
980 4394 1065 4476 ἁγίνρ,
1086 4393 1171 4467 ἀλλά,
1188 4391 1422 4464 Βαττττσθήσεσθε,
1442 4392 1572 4452 διδάσκων
1591 4398 1665 4470 ἡμᾶς

93 4492 345 4572 baptizabimini:
367 4488 466 4549 doeens
487 4507 536 4547 uos
553 4487 744 4548 humilitatem.
768 4492 839 4550 Nam
890 4495 1111 4569 renetropporsir.
1121 4488 1208 4546 Τοῦτο
1218 4483 1271 4564 γάρ
1284 4484 1338 4542 ἀπὸ
1350 4487 1399 4554 τῆς
1414 4484 1559 4564 μαρτυρίας
1573 4483 1665 4544 Ἰωάν-

92 4605 129 4643 ex
139 4583 291 4644 testimonio
304 4581 416 4643 Joannis
434 4579 524 4661 palam
537 4593 594 4639 erat
611 4579 702 4662 ipsum
718 4580 838 4662 baptiza·
890 4604 934 4642 νου
949 4580 1026 4651 δῆλον
1039 4577 1132 4638 λοιπὸν
1145 4567 1187 4649 ήν,
1207 4575 1248 4634 ὅτι
1272 4577 1349 4643 αὐτὸς
1363 4568 1395 4647 lv
1412 4580 1426 4633 θ
1443 4573 1586 4651 βαπτίζων,
1607 4579 1664 4636 ‘ei-

8 4689 33 4736 3.
46 4690 82 4738 ιθ.
94 4689 186 4735 turum
199 4696 257 4735 esse
264 4698 274 4753 ;
291 4674 362 4733 dixit
376 4674 468 4733 enim:
485 4673 544 4731 Ille
557 4693 613 4732 aas
629 4676 795 4753 baptizabit
807 4678 840 4733 in
890 4672 997 4745 πόντος,
1010 4671 1052 4730 δτι
1074 4669 1159 4735 Αὐτὸς
1172 4671 1241 4746 ὑμᾶς
1262 4667 1388 4747 βαπτίσει
1401 4671 1428 4726 ἐν
1443 4667 1582 4746 Πνεόματι
1597 4668 1665 4748 ἁγίῳ

92 4768 203 4848 Spiritu
230 4780 336 4828 sancto
360 4779 388 4825 et
411 4769 497 4847 igne:
512 4764 628 4842 ideoque
651 4765 731 4825 illum
754 4787 840 4825 unum
890 4765 937 4825 καί
947 4763 1028 4843 πυρί·
1044 4762 1085 4821 διὸ
1098 4761 1144 4821 καλ
1159 4761 1239 4839 μόνου
1254 4763 1332 4821 αὐτοῦ
1346 4761 1533 4838 ἐμνημόνευσε.
1549 4759 1593 4818 Τὰ
1616 4759 1665 4837 μὲν

92 4860 259 4921 memoravit.
289 4858 436 4936 Evangelia
467 4855 551 4935 igitur
574 4855 685 4915 historia
709 4871 772 4916 suut
796 4879 840 4916 eo·
891 4848 935 4917 οθν
949 4855 1105 4936 εὐαγγελια,
1121 4844 1308 4933 ῶνόΧριστὸς
1328 4852 1435 4923 ἐποίησε
1451 4843 1580 4911 καὶεῖπεν
1595 4857 1664 4911 ἱστο-

124 5057 137 5082 “
156 5058 165 5121 [
173 5062 276 5122 μάλιστα
289 5061 385 5123 ἔμελλον
395 5052 472 5105 savit.
486 5063 512 5102 et
522 5050 566 5118 0.]
900 5051 992 5121 [Supra
1003 5049 1079 5103 Savil.
1092 5062 1118 5100 et
1128 5051 1158 5101 C.
1172 5050 1265 5105 ἰυάννον
1278 5063 1383 5118 praepar.
1398 5054 1436 5101 ria
1449 5050 1504 5113 ist]

123 5151 133 5173 ι
154 5134 225 5185 Unus
238 5144 256 5186 el
268 5143 312 5203 γὰρ
325 5140 427 5186 ἔλαττον.
933 5132 946 5170 b
964 5129 1035 5180 Unus
1047 5139 1143 5194 ἀνάγων.

121 5227 132 5250 ·
149 5211 221 5263 Unus
231 5209 318 5264 Codex
331 5220 366 5264 νῦν
379 5224 477 5279 pampas
486 5206 661 5279 praetuleritne
670 5213 713 5273 μὶν
724 5212 851 5263 ἐδείπνισεν.
934 5222 944 5247 ⁰
962 5216 1061 5268 τίπέντος
1077 5215 1112 5262 brt
1126 5204 1196 5257 deest
1208 5206 1233 5256 in
1246 5221 1296 5255 uuo
1308 5202 1374 5256 Cod.
