<?xml version="1.0" encoding="UTF-8"?>
<!DOCTYPE html PUBLIC "-//W3C//DTD XHTML 1.0 Transitional//EN"
    "http://www.w3.org/TR/xhtml1/DTD/xhtml1-transitional.dtd">
<html xmlns="http://www.w3.org/1999/xhtml" xml:lang="en" lang="en">
 <head>
  <title>
</title>
<meta http-equiv="Content-Type" content="text/html;charset=utf-8" />
  <meta name='ocr-system' content='tesseract 3.04.00' />
  <meta name='ocr-capabilities' content='ocr_page ocr_carea ocr_par ocr_line ocrx_word'/>
</head>
<body>
  <div class='ocr_page' id='page_1' title='image "./sanctipatrisnos01chrygoog/sanctipatrisnos01chrygoog_0887.png"; bbox 0 0 3742 5970; ppageno 0'>
   <div class='ocr_carea' id='block_1_1' title="bbox 127 443 199 518">
    <p class='ocr_par' dir='ltr' id='par_1_1' title="bbox 127 443 199 518">
     <span class='ocr_line' id='line_1_1' title="bbox 127 443 199 518; baseline 0 -1"><span class='ocrx_word' id='word_1_1' title='bbox 127 443 199 518; x_wconf 86' lang='grc'>856</span> 
     </span>
    </p>
   </div>
   <div class='ocr_carea' id='block_1_2' title="bbox 52 580 871 1297">
    <p class='ocr_par' dir='ltr' id='par_1_2' title="bbox 52 580 871 1297">
     <span class='ocr_line' id='line_1_2' title="bbox 127 580 870 666; baseline -0.013 -18"><span class='ocrx_word' id='word_1_2' title='bbox 127 591 220 651; x_wconf 76' lang='lat' dir='ltr'><strong>dentes</strong></span> <span class='ocrx_word' id='word_1_3' title='bbox 243 586 383 666; x_wconf 68' lang='lat' dir='ltr'><strong>confregit,</strong></span> <span class='ocrx_word' id='word_1_4' title='bbox 406 585 586 664; x_wconf 88' lang='lat' dir='ltr'><strong>contrivitque</strong></span> <span class='ocrx_word' id='word_1_5' title='bbox 598 586 656 666; x_wconf 85' lang='lat' dir='ltr'><strong>ejus</strong></span> <span class='ocrx_word' id='word_1_6' title='bbox 682 580 870 643; x_wconf 88' lang='lat' dir='ltr'><strong>fortitudinem</strong></span> 
     </span>
     <span class='ocr_line' id='line_1_3' title="bbox 127 661 870 748; baseline -0.016 -17"><span class='ocrx_word' id='word_1_7' title='bbox 127 691 280 748; x_wconf 87' lang='lat' dir='ltr'><strong>vanumque</strong></span> <span class='ocrx_word' id='word_1_8' title='bbox 293 669 377 727; x_wconf 92' lang='lat' dir='ltr'><strong>robur</strong></span> <span class='ocrx_word' id='word_1_9' title='bbox 389 666 447 746; x_wconf 88' lang='lat' dir='ltr'><strong>ejus</strong></span> <span class='ocrx_word' id='word_1_10' title='bbox 457 689 464 722; x_wconf 80' lang='grc' dir='ltr'>ι</span> <span class='ocrx_word' id='word_1_11' title='bbox 476 665 503 726; x_wconf 85' lang='grc' dir='ltr'>ἱο</span> <span class='ocrx_word' id='word_1_12' title='bbox 516 665 568 725; x_wconf 92' lang='lat' dir='ltr'><strong>boc</strong></span> <span class='ocrx_word' id='word_1_13' title='bbox 580 662 742 744; x_wconf 89' lang='lat' dir='ltr'><strong>glorieturis</strong></span> <span class='ocrx_word' id='word_1_14' title='bbox 753 662 800 742; x_wconf 89' lang='lat' dir='ltr'>qui</span> <span class='ocrx_word' id='word_1_15' title='bbox 812 661 870 740; x_wconf 91' lang='lat' dir='ltr'><strong>glo·</strong></span> 
     </span>
     <span class='ocr_line' id='line_1_4' title="bbox 52 743 870 832; baseline -0.015 -22"><span class='ocrx_word' id='word_1_16' title='bbox 52 769 77 803; x_wconf 86' lang='lat' dir='ltr'>·t</span> <span class='ocrx_word' id='word_1_17' title='bbox 91 773 115 820; x_wconf 88' lang='lat'>9·</span> <span class='ocrx_word' id='word_1_18' title='bbox 127 750 223 824; x_wconf 89' lang='lat' dir='ltr'><strong>riatur,</strong></span> <span class='ocrx_word' id='word_1_19' title='bbox 240 763 269 806; x_wconf 92' lang='lat' dir='ltr'>ut</span> <span class='ocrx_word' id='word_1_20' title='bbox 282 746 413 826; x_wconf 85' lang='lat' dir='ltr'><strong>scripturn</strong></span> <span class='ocrx_word' id='word_1_21' title='bbox 428 759 467 805; x_wconf 86' lang='lat' dir='ltr'>est</span> <span class='ocrx_word' id='word_1_22' title='bbox 479 769 486 802; x_wconf 85' lang='grc' dir='ltr'>ι</span> <span class='ocrx_word' id='word_1_23' title='bbox 499 743 766 832; x_wconf 40' lang='lat' dir='ltr'><strong>Glorietursrater&#39;</strong></span> <span class='ocrx_word' id='word_1_24' title='bbox 776 743 870 830; x_wconf 69' lang='lat' dir='ltr'><strong>burni-</strong></span> 
     </span>
     <span class='ocr_line' id='line_1_5' title="bbox 128 822 871 900; baseline -0.017 -11"><span class='ocrx_word' id='word_1_25' title='bbox 128 831 165 889; x_wconf 77' lang='lat' dir='ltr'>tis</span> <span class='ocrx_word' id='word_1_26' title='bbox 180 832 213 886; x_wconf 84' lang='lat' dir='ltr'>in</span> <span class='ocrx_word' id='word_1_27' title='bbox 227 828 412 886; x_wconf 77' lang='lat' dir='ltr'><strong>exultatione</strong></span> <span class='ocrx_word' id='word_1_28' title='bbox 433 846 487 885; x_wconf 83' lang='lat' dir='ltr'>sua</span> <span class='ocrx_word' id='word_1_29' title='bbox 499 848 507 880; x_wconf 91' lang='lat'>.·</span> <span class='ocrx_word' id='word_1_30' title='bbox 520 825 566 883; x_wconf 92' lang='lat' dir='ltr'>bic</span> <span class='ocrx_word' id='word_1_31' title='bbox 579 822 651 882; x_wconf 90' lang='lat' dir='ltr'><strong>enim</strong></span> <span class='ocrx_word' id='word_1_32' title='bbox 669 835 708 881; x_wconf 89' lang='lat' dir='ltr'>cst</span> <span class='ocrx_word' id='word_1_33' title='bbox 721 843 768 900; x_wconf 83' lang='lat' dir='ltr'>qut</span> <span class='ocrx_word' id='word_1_34' title='bbox 786 822 871 880; x_wconf 81' lang='lat' dir='ltr'><strong>vincit</strong></span> 
     </span>
     <span class='ocr_line' id='line_1_6' title="bbox 127 898 870 968; baseline -0.015 0"><span class='ocrx_word' id='word_1_35' title='bbox 127 907 270 968; x_wconf 92' lang='lat' dir='ltr'><strong>mundum.</strong></span> <span class='ocrx_word' id='word_1_36' title='bbox 291 903 390 966; x_wconf 88' lang='lat' dir='ltr'><strong>Viden’</strong></span> <span class='ocrx_word' id='word_1_37' title='bbox 410 904 572 963; x_wconf 89' lang='lat' dir='ltr'><strong>humilitatis</strong></span> <span class='ocrx_word' id='word_1_38' title='bbox 591 900 809 962; x_wconf 76' lang='lat' dir='ltr'><strong>sublimitatem?</strong></span> <span class='ocrx_word' id='word_1_39' title='bbox 829 898 870 959; x_wconf 86' lang='lat' dir='ltr'>vi-</span> 
     </span>
     <span class='ocr_line' id='line_1_7' title="bbox 127 978 870 1067; baseline -0.016 -19"><span class='ocrx_word' id='word_1_40' title='bbox 127 988 189 1048; x_wconf 90' lang='lat' dir='ltr'><strong>den&#39;</strong></span> <span class='ocrx_word' id='word_1_41' title='bbox 200 984 364 1067; x_wconf 75' lang='lat' dir='ltr'>paupertatis</span> <span class='ocrx_word' id='word_1_42' title='bbox 373 983 515 1044; x_wconf 86' lang='lat' dir='ltr'><strong>victoriam</strong></span> <span class='ocrx_word' id='word_1_43' title='bbox 525 983 539 1041; x_wconf 72' lang='grc' dir='ltr'>ί</span> <span class='ocrx_word' id='word_1_44' title='bbox 548 981 639 1042; x_wconf 82' lang='lat' dir='ltr'><strong>viden&#39;</strong></span> <span class='ocrx_word' id='word_1_45' title='bbox 650 979 779 1041; x_wconf 85' lang='lat' dir='ltr'><strong>invictam</strong></span> <span class='ocrx_word' id='word_1_46' title='bbox 786 978 870 1038; x_wconf 82' lang='lat' dir='ltr'>aciem</span> 
     </span>
     <span class='ocr_line' id='line_1_8' title="bbox 127 1058 870 1147; baseline -0.013 -20"><span class='ocrx_word' id='word_1_47' title='bbox 127 1068 187 1147; x_wconf 88' lang='lat' dir='ltr'><strong>ejus</strong></span> <span class='ocrx_word' id='word_1_48' title='bbox 203 1060 250 1143; x_wconf 85' lang='lat' dir='ltr'>qui</span> <span class='ocrx_word' id='word_1_49' title='bbox 264 1078 304 1124; x_wconf 92' lang='lat' dir='ltr'>est</span> <span class='ocrx_word' id='word_1_50' title='bbox 318 1063 431 1122; x_wconf 89' lang='lat' dir='ltr'><strong>humilis</strong></span> <span class='ocrx_word' id='word_1_51' title='bbox 444 1061 547 1122; x_wconf 71' lang='lat' dir='ltr'><strong>eorde?</strong></span> <span class='ocrx_word' id='word_1_52' title='bbox 561 1063 587 1120; x_wconf 94' lang='lat'>0</span> <span class='ocrx_word' id='word_1_53' title='bbox 603 1072 748 1141; x_wconf 77' lang='lat' dir='ltr'><strong>paupertas</strong></span> <span class='ocrx_word' id='word_1_54' title='bbox 760 1058 870 1138; x_wconf 90' lang='lat' dir='ltr'><strong>regibus</strong></span> 
     </span>
     <span class='ocr_line' id='line_1_9' title="bbox 127 1138 868 1224; baseline -0.012 -19"><span class='ocrx_word' id='word_1_55' title='bbox 127 1145 254 1205; x_wconf 88' lang='lat' dir='ltr'><strong>omnibus</strong></span> <span class='ocrx_word' id='word_1_56' title='bbox 272 1140 442 1224; x_wconf 88' lang='lat' dir='ltr'><strong>opulentior!</strong></span> <span class='ocrx_word' id='word_1_57' title='bbox 459 1163 475 1201; x_wconf 94' lang='grc' dir='ltr'>ο</span> <span class='ocrx_word' id='word_1_58' title='bbox 489 1140 629 1200; x_wconf 84' lang='lat' dir='ltr'><strong>humilitas</strong></span> <span class='ocrx_word' id='word_1_59' title='bbox 642 1138 798 1219; x_wconf 76' lang='lat' dir='ltr'><strong>gigantibus</strong></span> <span class='ocrx_word' id='word_1_60' title='bbox 816 1159 868 1218; x_wconf 90' lang='lat' dir='ltr'>pn·</span> 
     </span>
     <span class='ocr_line' id='line_1_10' title="bbox 127 1211 869 1297; baseline -0.013 -13"><span class='ocrx_word' id='word_1_61' title='bbox 127 1225 235 1294; x_wconf 70' lang='lat' dir='ltr'><strong>tendor,</strong></span> <span class='ocrx_word' id='word_1_62' title='bbox 261 1238 287 1282; x_wconf 90' lang='lat' dir='ltr'>et</span> <span class='ocrx_word' id='word_1_63' title='bbox 306 1221 457 1281; x_wconf 88' lang='lat' dir='ltr'><strong>obedientia</strong></span> <span class='ocrx_word' id='word_1_64' title='bbox 479 1220 562 1280; x_wconf 91' lang='lat' dir='ltr'><strong>telum</strong></span> <span class='ocrx_word' id='word_1_65' title='bbox 585 1232 677 1278; x_wconf 86' lang='lat' dir='ltr'><strong>eontra</strong></span> <span class='ocrx_word' id='word_1_66' title='bbox 700 1211 869 1297; x_wconf 82' lang='lat' dir='ltr'><strong>malignum!</strong></span> 
     </span>
    </p>
   </div>
   <div class='ocr_carea' id='block_1_3' title="bbox 843 457 973 508">
    <p class='ocr_par' dir='ltr' id='par_1_3' title="bbox 843 457 973 508">
     <span class='ocr_line' id='line_1_11' title="bbox 843 457 973 508; baseline -0.015 -2"><span class='ocrx_word' id='word_1_67' title='bbox 843 457 973 508; x_wconf 76' lang='lat' dir='ltr'><strong>seuutt.</strong></span> 
     </span>
    </p>
   </div>
   <div class='ocr_carea' id='block_1_4' title="bbox 51 577 1696 4011">
    <p class='ocr_par' dir='ltr' id='par_1_4' title="bbox 87 577 1696 2968">
     <span class='ocr_line' id='line_1_12' title="bbox 924 577 1692 665; baseline 0.012 -29"><span class='ocrx_word' id='word_1_68' title='bbox 924 577 1033 658; x_wconf 90' lang='grc' dir='ltr'>κόσμον.</span> <span class='ocrx_word' id='word_1_69' title='bbox 1048 577 1131 660; x_wconf 71' lang='grc' dir='ltr'>Ὁρᾷς</span> <span class='ocrx_word' id='word_1_70' title='bbox 1142 585 1190 653; x_wconf 80' lang='grc' dir='ltr'>τῆς</span> <span class='ocrx_word' id='word_1_71' title='bbox 1200 582 1448 664; x_wconf 72' lang='grc' dir='ltr'>ταπεινοφροσύνης</span> <span class='ocrx_word' id='word_1_72' title='bbox 1463 584 1496 644; x_wconf 79' lang='grc' dir='ltr'>τὸ</span> <span class='ocrx_word' id='word_1_73' title='bbox 1508 583 1588 665; x_wconf 74' lang='grc' dir='ltr'>ῦψοςς</span> <span class='ocrx_word' id='word_1_74' title='bbox 1603 585 1692 663; x_wconf 75' lang='grc' dir='ltr'>βλέπις</span> 
     </span>
     <span class='ocr_line' id='line_1_13' title="bbox 925 651 1693 745; baseline 0.012 -28"><span class='ocrx_word' id='word_1_75' title='bbox 925 663 973 730; x_wconf 74' lang='grc' dir='ltr'>τῆς</span> <span class='ocrx_word' id='word_1_76' title='bbox 993 659 1127 738; x_wconf 80' lang='grc' dir='ltr'>πτωχείας</span> <span class='ocrx_word' id='word_1_77' title='bbox 1138 661 1168 720; x_wconf 89' lang='grc' dir='ltr'>τδ</span> <span class='ocrx_word' id='word_1_78' title='bbox 1176 669 1259 737; x_wconf 70' lang='grc' dir='ltr'>νῖκος,</span> <span class='ocrx_word' id='word_1_79' title='bbox 1272 651 1339 730; x_wconf 75' lang='grc' dir='ltr'>εἶδες</span> <span class='ocrx_word' id='word_1_80' title='bbox 1353 663 1493 736; x_wconf 76' lang='grc' dir='ltr'>ἀήττητον</span> <span class='ocrx_word' id='word_1_81' title='bbox 1503 664 1647 745; x_wconf 76' lang='grc' dir='ltr'>παράταξιν</span> <span class='ocrx_word' id='word_1_82' title='bbox 1657 674 1693 726; x_wconf 77' lang='grc' dir='ltr'>τοῦ</span> 
     </span>
     <span class='ocr_line' id='line_1_14' title="bbox 923 740 1694 839; baseline 0.01 -44"><span class='ocrx_word' id='word_1_83' title='bbox 923 743 1048 796; x_wconf 79' lang='grc' dir='ltr'>ταπεινοῦ</span> <span class='ocrx_word' id='word_1_84' title='bbox 1069 745 1103 818; x_wconf 82' lang='grc' dir='ltr'>τῇ</span> <span class='ocrx_word' id='word_1_85' title='bbox 1125 740 1237 839; x_wconf 74' lang='grc' dir='ltr'>καρδίφς</span> <span class='ocrx_word' id='word_1_86' title='bbox 1250 740 1291 802; x_wconf 82' lang='grc' dir='ltr'>Ὢ</span> <span class='ocrx_word' id='word_1_87' title='bbox 1301 743 1431 823; x_wconf 79' lang='grc' dir='ltr'>πτωχεία</span> <span class='ocrx_word' id='word_1_88' title='bbox 1444 744 1630 823; x_wconf 79' lang='grc' dir='ltr'>πλουσιωτέρα</span> <span class='ocrx_word' id='word_1_89' title='bbox 1640 748 1694 803; x_wconf 78' lang='grc' dir='ltr'>τίν-</span> 
     </span>
     <span class='ocr_line' id='line_1_15' title="bbox 924 820 1695 904; baseline 0.013 -30"><span class='ocrx_word' id='word_1_90' title='bbox 924 839 977 875; x_wconf 89' lang='grc' dir='ltr'>των</span> <span class='ocrx_word' id='word_1_91' title='bbox 1000 821 1052 876; x_wconf 85' lang='grc' dir='ltr'>τῶν</span> <span class='ocrx_word' id='word_1_92' title='bbox 1076 822 1220 897; x_wconf 85' lang='grc' dir='ltr'>βασιλεων·</span> <span class='ocrx_word' id='word_1_93' title='bbox 1244 820 1267 879; x_wconf 76' lang='grc' dir='ltr'>ιλ</span> <span class='ocrx_word' id='word_1_94' title='bbox 1292 822 1530 904; x_wconf 79' lang='grc' dir='ltr'>ταπεινοφροσύνῃ</span> <span class='ocrx_word' id='word_1_95' title='bbox 1544 825 1695 903; x_wconf 70' lang='grc' dir='ltr'>δυνατωτέρα</span> 
     </span>
     <span class='ocr_line' id='line_1_16' title="bbox 922 894 1696 982; baseline 0.013 -30"><span class='ocrx_word' id='word_1_96' title='bbox 922 894 1053 975; x_wconf 77' lang='grc' dir='ltr'>γιγάντων</span> <span class='ocrx_word' id='word_1_97' title='bbox 1066 920 1072 932; x_wconf 92' lang='grc'><em>·</em></span> <span class='ocrx_word' id='word_1_98' title='bbox 1084 896 1106 955; x_wconf 80' lang='grc' dir='ltr'>ιλ</span> <span class='ocrx_word' id='word_1_99' title='bbox 1116 900 1273 968; x_wconf 82' lang='grc' dir='ltr'>ταπείνωσις</span> <span class='ocrx_word' id='word_1_100' title='bbox 1287 901 1335 960; x_wconf 77' lang='grc' dir='ltr'>καὶ</span> <span class='ocrx_word' id='word_1_101' title='bbox 1345 902 1564 974; x_wconf 78' lang='grc' dir='ltr'>ὑπακοὴ,όπλαν</span> <span class='ocrx_word' id='word_1_102' title='bbox 1577 907 1620 962; x_wconf 85' lang='grc' dir='ltr'>καί</span> <span class='ocrx_word' id='word_1_103' title='bbox 1633 904 1696 982; x_wconf 78' lang='grc' dir='ltr'>βῦος</span> 
     </span>
     <span class='ocr_line' id='line_1_17' title="bbox 923 974 1696 1063; baseline 0.009 -30"><span class='ocrx_word' id='word_1_104' title='bbox 923 974 993 1034; x_wconf 74' lang='grc' dir='ltr'>κατὰ</span> <span class='ocrx_word' id='word_1_105' title='bbox 1006 984 1053 1036; x_wconf 92' lang='grc' dir='ltr'>τοῦ</span> <span class='ocrx_word' id='word_1_106' title='bbox 1076 985 1203 1059; x_wconf 88' lang='grc' dir='ltr'>πονηροῦ.</span> <span class='ocrx_word' id='word_1_107' title='bbox 1224 979 1329 1047; x_wconf 87' lang='grc' dir='ltr'>Ὀντως</span> <span class='ocrx_word' id='word_1_108' title='bbox 1353 982 1450 1060; x_wconf 89' lang='grc' dir='ltr'>μάτην</span> <span class='ocrx_word' id='word_1_109' title='bbox 1469 983 1632 1063; x_wconf 84' lang='grc' dir='ltr'>ταράσσεται</span> <span class='ocrx_word' id='word_1_110' title='bbox 1653 995 1696 1052; x_wconf 71' lang='grc' dir='ltr'>πᾶς</span> 
     </span>
     <span class='ocr_line' id='line_1_18' title="bbox 924 1055 1696 1144; baseline 0.016 -32"><span class='ocrx_word' id='word_1_111' title='bbox 924 1055 1060 1135; x_wconf 87' lang='grc' dir='ltr'>άνθριυπος</span> <span class='ocrx_word' id='word_1_112' title='bbox 1069 1101 1077 1129; x_wconf 93' lang='grc'>,</span> <span class='ocrx_word' id='word_1_113' title='bbox 1099 1058 1182 1139; x_wconf 83' lang='grc' dir='ltr'>χωρίς</span> <span class='ocrx_word' id='word_1_114' title='bbox 1202 1066 1247 1119; x_wconf 92' lang='grc' dir='ltr'>τοῦ</span> <span class='ocrx_word' id='word_1_115' title='bbox 1265 1061 1366 1144; x_wconf 83' lang='grc' dir='ltr'>τρόπον</span> <span class='ocrx_word' id='word_1_116' title='bbox 1378 1060 1480 1124; x_wconf 80' lang='grc' dir='ltr'>τούτοιν</span> <span class='ocrx_word' id='word_1_117' title='bbox 1495 1067 1605 1134; x_wconf 74' lang='grc' dir='ltr'>νικῆσαι</span> <span class='ocrx_word' id='word_1_118' title='bbox 1621 1065 1696 1140; x_wconf 79' lang='grc' dir='ltr'>βωλί-</span> 
     </span>
     <span class='ocr_line' id='line_1_19' title="bbox 923 1133 1695 1222; baseline 0.012 -30"><span class='ocrx_word' id='word_1_119' title='bbox 923 1156 1010 1211; x_wconf 88' lang='grc' dir='ltr'>μενος.</span> <span class='ocrx_word' id='word_1_120' title='bbox 1037 1133 1085 1206; x_wconf 80' lang='grc' dir='ltr'>Μὴ</span> <span class='ocrx_word' id='word_1_121' title='bbox 1108 1140 1216 1213; x_wconf 81' lang='grc' dir='ltr'>πλανῶ,</span> <span class='ocrx_word' id='word_1_122' title='bbox 1239 1139 1378 1221; x_wconf 79' lang='grc' dir='ltr'>ἄνθρωπε,</span> <span class='ocrx_word' id='word_1_123' title='bbox 1394 1141 1488 1208; x_wconf 76' lang='grc' dir='ltr'>οῦδείς</span> <span class='ocrx_word' id='word_1_124' title='bbox 1503 1144 1621 1222; x_wconf 83' lang='grc' dir='ltr'>Χριστοῦ</span> <span class='ocrx_word' id='word_1_125' title='bbox 1634 1147 1695 1222; x_wconf 63' lang='lat' dir='ltr'><strong>lego·</strong></span> 
     </span>
     <span class='ocr_line' id='line_1_20' title="bbox 922 1212 1695 1350; baseline 0.014 -79"><span class='ocrx_word' id='word_1_126' title='bbox 922 1212 1039 1350; x_wconf 75' lang='grc' dir='ltr'>ρόιερος·</span> <span class='ocrx_word' id='word_1_127' title='bbox 1063 1217 1122 1274; x_wconf 76' lang='grc' dir='ltr'>ἀλλ’</span> <span class='ocrx_word' id='word_1_128' title='bbox 1136 1218 1211 1286; x_wconf 80' lang='grc' dir='ltr'>αὐτὸς</span> <span class='ocrx_word' id='word_1_129' title='bbox 1227 1216 1310 1286; x_wconf 78' lang='grc' dir='ltr'>οὕτως</span> <span class='ocrx_word' id='word_1_130' title='bbox 1325 1220 1507 1300; x_wconf 74' lang='grc' dir='ltr'>παρετάξατο</span> <span class='ocrx_word' id='word_1_131' title='bbox 1527 1223 1575 1281; x_wconf 77' lang='grc' dir='ltr'>καί</span> <span class='ocrx_word' id='word_1_132' title='bbox 1593 1224 1695 1295; x_wconf 73' lang='grc' dir='ltr'>ένίκνμι,</span> 
     </span>
     <span class='ocr_line' id='line_1_21' title="bbox 128 1293 1695 1382; baseline -0.004 -18"><span class='ocrx_word' id='word_1_133' title='bbox 128 1307 200 1365; x_wconf 83' lang='lat' dir='ltr'>Vere</span> <span class='ocrx_word' id='word_1_134' title='bbox 218 1304 316 1362; x_wconf 88' lang='lat' dir='ltr'><strong>frustra</strong></span> <span class='ocrx_word' id='word_1_135' title='bbox 338 1302 515 1360; x_wconf 88' lang='lat' dir='ltr'><strong>conturbatur</strong></span> <span class='ocrx_word' id='word_1_136' title='bbox 533 1298 725 1369; x_wconf 85' lang='lat' dir='ltr'><strong>omnishomo,</strong></span> <span class='ocrx_word' id='word_1_137' title='bbox 747 1296 795 1375; x_wconf 85' lang='lat' dir='ltr'>qui</span> <span class='ocrx_word' id='word_1_138' title='bbox 815 1296 869 1355; x_wconf 92' lang='lat' dir='ltr'><strong>alio</strong></span> <span class='ocrx_word' id='word_1_139' title='bbox 939 1293 1027 1363; x_wconf 80' lang='grc' dir='ltr'>ιδάξος</span> <span class='ocrx_word' id='word_1_140' title='bbox 1045 1300 1118 1372; x_wconf 65' lang='grc' dir='ltr'>ἡμᾶς</span> <span class='ocrx_word' id='word_1_141' title='bbox 1141 1296 1238 1377; x_wconf 79' lang='grc' dir='ltr'>τρόπον</span> <span class='ocrx_word' id='word_1_142' title='bbox 1265 1299 1342 1370; x_wconf 91' lang='grc' dir='ltr'>νίκης</span> <span class='ocrx_word' id='word_1_143' title='bbox 1370 1302 1531 1374; x_wconf 75' lang='grc' dir='ltr'>ἀήττητον·</span> <span class='ocrx_word' id='word_1_144' title='bbox 1559 1307 1598 1382; x_wconf 76' lang='grc' dir='ltr'>τῷ</span> <span class='ocrx_word' id='word_1_145' title='bbox 1619 1303 1695 1382; x_wconf 72' lang='grc' dir='ltr'>τρόσρ</span> 
     </span>
     <span class='ocr_line' id='line_1_22' title="bbox 128 1371 1694 1462; baseline 0.001 -21"><span class='ocrx_word' id='word_1_146' title='bbox 128 1383 211 1442; x_wconf 92' lang='lat' dir='ltr'><strong>modo</strong></span> <span class='ocrx_word' id='word_1_147' title='bbox 221 1382 282 1440; x_wconf 82' lang='lat' dir='ltr'><strong>uult</strong></span> <span class='ocrx_word' id='word_1_148' title='bbox 291 1382 398 1442; x_wconf 86' lang='lat' dir='ltr'><strong>vincere</strong></span> <span class='ocrx_word' id='word_1_149' title='bbox 409 1378 551 1440; x_wconf 89' lang='lat' dir='ltr'><strong>mundum.</strong></span> <span class='ocrx_word' id='word_1_150' title='bbox 563 1377 625 1438; x_wconf 87' lang='lat' dir='ltr'><strong>Noli</strong></span> <span class='ocrx_word' id='word_1_151' title='bbox 635 1398 732 1452; x_wconf 88' lang='lat' dir='ltr'><strong>errare,</strong></span> <span class='ocrx_word' id='word_1_152' title='bbox 747 1376 866 1451; x_wconf 90' lang='lat' dir='ltr'><strong>obomo,</strong></span> <span class='ocrx_word' id='word_1_153' title='bbox 921 1371 1005 1432; x_wconf 85' lang='grc' dir='ltr'>τούτω</span> <span class='ocrx_word' id='word_1_154' title='bbox 1031 1373 1162 1435; x_wconf 79' lang='grc' dir='ltr'>κατέόαλε</span> <span class='ocrx_word' id='word_1_155' title='bbox 1185 1377 1230 1436; x_wconf 83' lang='grc' dir='ltr'>τὸν</span> <span class='ocrx_word' id='word_1_156' title='bbox 1247 1378 1438 1459; x_wconf 75' lang='grc' dir='ltr'>θπερήρανον,</span> <span class='ocrx_word' id='word_1_157' title='bbox 1460 1386 1497 1462; x_wconf 83' lang='grc' dir='ltr'>τῇ</span> <span class='ocrx_word' id='word_1_158' title='bbox 1521 1380 1604 1460; x_wconf 76' lang='grc' dir='ltr'>τέχνη</span> <span class='ocrx_word' id='word_1_159' title='bbox 1626 1382 1694 1461; x_wconf 68' lang='grc' dir='ltr'>ταύτῃ</span> 
     </span>
     <span class='ocr_line' id='line_1_23' title="bbox 127 1452 1695 1542; baseline 0.001 -21"><span class='ocrx_word' id='word_1_160' title='bbox 127 1483 206 1522; x_wconf 93' lang='lat' dir='ltr'><strong>nemo</strong></span> <span class='ocrx_word' id='word_1_161' title='bbox 218 1460 325 1520; x_wconf 87' lang='lat' dir='ltr'><strong>Christo</strong></span> <span class='ocrx_word' id='word_1_162' title='bbox 336 1460 449 1535; x_wconf 85' lang='lat' dir='ltr'><strong>fortior;</strong></span> <span class='ocrx_word' id='word_1_163' title='bbox 464 1457 511 1517; x_wconf 89' lang='lat' dir='ltr'>sed</span> <span class='ocrx_word' id='word_1_164' title='bbox 523 1459 580 1539; x_wconf 89' lang='lat' dir='ltr'><strong>ipse</strong></span> <span class='ocrx_word' id='word_1_165' title='bbox 592 1457 631 1517; x_wconf 91' lang='lat' dir='ltr'>sic</span> <span class='ocrx_word' id='word_1_166' title='bbox 642 1457 728 1515; x_wconf 89' lang='lat' dir='ltr'><strong>aciem</strong></span> <span class='ocrx_word' id='word_1_167' title='bbox 741 1455 871 1515; x_wconf 82' lang='lat' dir='ltr'><strong>instruxit</strong></span> <span class='ocrx_word' id='word_1_168' title='bbox 921 1453 986 1512; x_wconf 76' lang='grc' dir='ltr'>κατέ</span> <span class='ocrx_word' id='word_1_169' title='bbox 1005 1455 1052 1512; x_wconf 87' lang='grc' dir='ltr'>αλι</span> <span class='ocrx_word' id='word_1_170' title='bbox 1065 1452 1110 1512; x_wconf 83' lang='grc' dir='ltr'>τόν</span> <span class='ocrx_word' id='word_1_171' title='bbox 1131 1456 1253 1527; x_wconf 84' lang='grc' dir='ltr'>εἰπόντα,</span> <span class='ocrx_word' id='word_1_172' title='bbox 1266 1458 1389 1536; x_wconf 67' lang='lat' dir='ltr'><strong>&#39;Eccum</strong></span> <span class='ocrx_word' id='word_1_173' title='bbox 1411 1460 1508 1539; x_wconf 78' lang='grc' dir='ltr'>ὅμοιος</span> <span class='ocrx_word' id='word_1_174' title='bbox 1521 1466 1563 1542; x_wconf 76' lang='grc' dir='ltr'>τῷ</span> <span class='ocrx_word' id='word_1_175' title='bbox 1578 1460 1695 1542; x_wconf 66' lang='lat' dir='ltr'><strong>‘fluimu-</strong></span> 
     </span>
     <span class='ocr_line' id='line_1_24' title="bbox 128 1531 1694 1618; baseline 0.001 -18"><span class='ocrx_word' id='word_1_176' title='bbox 128 1554 154 1600; x_wconf 91' lang='lat' dir='ltr'>et</span> <span class='ocrx_word' id='word_1_177' title='bbox 166 1538 245 1615; x_wconf 86' lang='lat' dir='ltr'><strong>vicit,</strong></span> <span class='ocrx_word' id='word_1_178' title='bbox 269 1562 331 1599; x_wconf 91' lang='lat' dir='ltr'>cum</span> <span class='ocrx_word' id='word_1_179' title='bbox 345 1561 393 1599; x_wconf 93' lang='lat' dir='ltr'>nos</span> <span class='ocrx_word' id='word_1_180' title='bbox 414 1538 548 1597; x_wconf 83' lang='lat' dir='ltr'><strong>docuisset</strong></span> <span class='ocrx_word' id='word_1_181' title='bbox 568 1536 680 1596; x_wconf 90' lang='lat' dir='ltr'><strong>modum</strong></span> <span class='ocrx_word' id='word_1_182' title='bbox 702 1534 870 1616; x_wconf 64' lang='lat' dir='ltr'><strong>reportandae</strong></span> <span class='ocrx_word' id='word_1_183' title='bbox 921 1531 1005 1610; x_wconf 83' lang='grc' dir='ltr'>ταύτῃ</span> <span class='ocrx_word' id='word_1_184' title='bbox 1028 1537 1061 1610; x_wconf 78' lang='grc' dir='ltr'>τῇ</span> <span class='ocrx_word' id='word_1_185' title='bbox 1087 1536 1210 1612; x_wconf 83' lang='grc' dir='ltr'>μιθοδεία</span> <span class='ocrx_word' id='word_1_186' title='bbox 1230 1535 1336 1610; x_wconf 78' lang='grc' dir='ltr'>ἐνίκησε</span> <span class='ocrx_word' id='word_1_187' title='bbox 1350 1539 1398 1598; x_wconf 83' lang='grc' dir='ltr'>τὸν</span> <span class='ocrx_word' id='word_1_188' title='bbox 1420 1541 1527 1618; x_wconf 87' lang='grc' dir='ltr'>κόσμον</span> <span class='ocrx_word' id='word_1_189' title='bbox 1539 1541 1585 1601; x_wconf 80' lang='grc' dir='ltr'>καὶ</span> <span class='ocrx_word' id='word_1_190' title='bbox 1603 1548 1694 1600; x_wconf 73' lang='grc' dir='ltr'>τοῦκό-</span> 
     </span>
     <span class='ocr_line' id='line_1_25' title="bbox 128 1598 1694 1711; baseline 0.008 -32"><span class='ocrx_word' id='word_1_191' title='bbox 128 1619 248 1680; x_wconf 73' lang='lat' dir='ltr'><strong>victorias</strong></span> <span class='ocrx_word' id='word_1_192' title='bbox 270 1615 654 1711; x_wconf 85' lang='lat' dir='ltr'><strong>insuperabilem:bocmodo</strong></span> <span class='ocrx_word' id='word_1_193' title='bbox 667 1615 814 1696; x_wconf 88' lang='lat' dir='ltr'><strong>superbum</strong></span> <span class='ocrx_word' id='word_1_194' title='bbox 834 1614 868 1673; x_wconf 89' lang='lat' dir='ltr'>it·</span> <span class='ocrx_word' id='word_1_195' title='bbox 886 1616 906 1664; x_wconf 71' lang='grc' dir='ltr'><strong><em>Β</em></strong></span> <span class='ocrx_word' id='word_1_196' title='bbox 922 1609 1102 1692; x_wconf 73' lang='grc' dir='ltr'>σμοκρᾶτορῡς</span> <span class='ocrx_word' id='word_1_197' title='bbox 1135 1598 1284 1676; x_wconf 69' lang='grc' dir='ltr'>κατίκλασε</span> <span class='ocrx_word' id='word_1_198' title='bbox 1311 1615 1373 1685; x_wconf 68' lang='grc' dir='ltr'>τοὺς</span> <span class='ocrx_word' id='word_1_199' title='bbox 1408 1621 1548 1690; x_wconf 68' lang='grc' dir='ltr'>ὀδόντας»</span> <span class='ocrx_word' id='word_1_200' title='bbox 1585 1621 1694 1699; x_wconf 52' lang='lat' dir='ltr'><strong>imit*</strong></span> 
     </span>
     <span class='ocr_line' id='line_1_26' title="bbox 126 1692 1694 1780; baseline 0.006 -21"><span class='ocrx_word' id='word_1_201' title='bbox 126 1700 186 1759; x_wconf 90' lang='lat' dir='ltr'>lum</span> <span class='ocrx_word' id='word_1_202' title='bbox 200 1712 357 1780; x_wconf 83' lang='lat' dir='ltr'><strong>prostravit,</strong></span> <span class='ocrx_word' id='word_1_203' title='bbox 379 1698 430 1758; x_wconf 88' lang='lat' dir='ltr'><strong>bac</strong></span> <span class='ocrx_word' id='word_1_204' title='bbox 441 1711 498 1757; x_wconf 89' lang='lat' dir='ltr'><strong>arte</strong></span> <span class='ocrx_word' id='word_1_205' title='bbox 508 1696 606 1777; x_wconf 83' lang='lat' dir='ltr'><strong>dejecit</strong></span> <span class='ocrx_word' id='word_1_206' title='bbox 619 1716 681 1755; x_wconf 91' lang='lat' dir='ltr'>eum</span> <span class='ocrx_word' id='word_1_207' title='bbox 693 1694 739 1773; x_wconf 86' lang='lat' dir='ltr'>qui</span> <span class='ocrx_word' id='word_1_208' title='bbox 751 1692 869 1771; x_wconf 86' lang='lat' dir='ltr'><strong>dicebat,</strong></span> <span class='ocrx_word' id='word_1_209' title='bbox 921 1712 981 1764; x_wconf 78' lang='grc' dir='ltr'>νοτ,</span> <span class='ocrx_word' id='word_1_210' title='bbox 1009 1693 1264 1772; x_wconf 73' lang='grc' dir='ltr'>ίπιθωλιυόμινοι,</span> <span class='ocrx_word' id='word_1_211' title='bbox 1298 1696 1498 1777; x_wconf 70' lang='grc' dir='ltr'>ὓὸριζόμενοτ,</span> <span class='ocrx_word' id='word_1_212' title='bbox 1521 1701 1694 1779; x_wconf 54' lang='lat' dir='ltr'><strong>{mittitis</strong></span> 
     </span>
     <span class='ocr_line' id='line_1_27' title="bbox 128 1767 1694 1858; baseline 0.001 -20"><span class='ocrx_word' id='word_1_213' title='bbox 128 1781 191 1838; x_wconf 85' lang='lat' dir='ltr'>Ero</span> <span class='ocrx_word' id='word_1_214' title='bbox 204 1779 308 1838; x_wconf 75' lang='lat' dir='ltr'><strong>similes</strong></span> <span class='ocrx_word' id='word_1_215' title='bbox 321 1779 477 1839; x_wconf 84' lang='lat' dir='ltr'><strong>Altissimo</strong></span> <span class='ocrx_word' id='word_1_216' title='bbox 485 1801 497 1846; x_wconf 89' lang='lat'><em>;</em></span> <span class='ocrx_word' id='word_1_217' title='bbox 509 1776 561 1834; x_wconf 88' lang='lat' dir='ltr'><strong>bac</strong></span> <span class='ocrx_word' id='word_1_218' title='bbox 572 1771 699 1834; x_wconf 84' lang='lat' dir='ltr'><strong>methodo</strong></span> <span class='ocrx_word' id='word_1_219' title='bbox 711 1772 869 1833; x_wconf 89' lang='lat' dir='ltr'><strong>vicitmun-</strong></span> <span class='ocrx_word' id='word_1_220' title='bbox 922 1767 1006 1850; x_wconf 71' lang='grc' dir='ltr'>Ὁρᾷς</span> <span class='ocrx_word' id='word_1_221' title='bbox 1020 1769 1051 1829; x_wconf 84' lang='grc' dir='ltr'>τὸ</span> <span class='ocrx_word' id='word_1_222' title='bbox 1064 1772 1194 1846; x_wconf 78' lang='grc' dir='ltr'>ἀήττητον</span> <span class='ocrx_word' id='word_1_223' title='bbox 1207 1772 1307 1848; x_wconf 82' lang='grc' dir='ltr'>θπλον;</span> <span class='ocrx_word' id='word_1_224' title='bbox 1326 1780 1393 1858; x_wconf 69' lang='grc' dir='ltr'>δρᾷς</span> <span class='ocrx_word' id='word_1_225' title='bbox 1416 1777 1470 1852; x_wconf 65' lang='lat' dir='ltr'>cip</span> <span class='ocrx_word' id='word_1_226' title='bbox 1493 1781 1574 1851; x_wconf 81' lang='grc' dir='ltr'>νίκην</span> <span class='ocrx_word' id='word_1_227' title='bbox 1594 1782 1636 1839; x_wconf 83' lang='grc' dir='ltr'>καί</span> <span class='ocrx_word' id='word_1_228' title='bbox 1656 1781 1694 1852; x_wconf 79' lang='grc' dir='ltr'>τ’ςν</span> 
     </span>
     <span class='ocr_line' id='line_1_28' title="bbox 128 1846 1693 1938; baseline 0.003 -21"><span class='ocrx_word' id='word_1_229' title='bbox 128 1858 194 1917; x_wconf 93' lang='lat' dir='ltr'>dum</span> <span class='ocrx_word' id='word_1_230' title='bbox 213 1871 238 1914; x_wconf 90' lang='lat' dir='ltr'>et</span> <span class='ocrx_word' id='word_1_231' title='bbox 260 1857 382 1936; x_wconf 78' lang='lat' dir='ltr'><strong>irincipis</strong></span> <span class='ocrx_word' id='word_1_232' title='bbox 401 1854 495 1916; x_wconf 90' lang='lat' dir='ltr'><strong>mundi</strong></span> <span class='ocrx_word' id='word_1_233' title='bbox 506 1854 599 1914; x_wconf 86' lang='lat' dir='ltr'><strong>dentes</strong></span> <span class='ocrx_word' id='word_1_234' title='bbox 609 1852 755 1932; x_wconf 79' lang='lat' dir='ltr'><strong>confregit,</strong></span> <span class='ocrx_word' id='word_1_235' title='bbox 781 1873 869 1932; x_wconf 87' lang='lat' dir='ltr'><strong>perse·</strong></span> <span class='ocrx_word' id='word_1_236' title='bbox 921 1846 1033 1928; x_wconf 84' lang='grc' dir='ltr'>τίχνην;</span> <span class='ocrx_word' id='word_1_237' title='bbox 1049 1850 1156 1930; x_wconf 77' lang='grc' dir='ltr'>βλίτοις</span> <span class='ocrx_word' id='word_1_238' title='bbox 1177 1853 1208 1915; x_wconf 89' lang='grc' dir='ltr'>τδ</span> <span class='ocrx_word' id='word_1_239' title='bbox 1232 1857 1359 1926; x_wconf 76' lang='grc' dir='ltr'>ἀνίκητον</span> <span class='ocrx_word' id='word_1_240' title='bbox 1373 1858 1481 1938; x_wconf 84' lang='grc' dir='ltr'>κράτος</span> <span class='ocrx_word' id='word_1_241' title='bbox 1494 1866 1546 1932; x_wconf 70' lang='grc' dir='ltr'>τῆς</span> <span class='ocrx_word' id='word_1_242' title='bbox 1560 1861 1628 1920; x_wconf 79' lang='grc' dir='ltr'>κατά</span> <span class='ocrx_word' id='word_1_243' title='bbox 1639 1863 1693 1921; x_wconf 65' lang='lat' dir='ltr'>eeu</span> 
     </span>
     <span class='ocr_line' id='line_1_29' title="bbox 127 1879 1692 2028; baseline 0.004 -34"><span class='ocrx_word' id='word_1_244' title='bbox 127 1879 303 2028; x_wconf 69' lang='lat' dir='ltr'><strong>quutioniltus</strong></span> <span class='ocrx_word' id='word_1_245' title='bbox 324 1935 452 2009; x_wconf 86' lang='lat' dir='ltr'><strong>afflictus,</strong></span> <span class='ocrx_word' id='word_1_246' title='bbox 468 1933 584 2005; x_wconf 83' lang='lat' dir='ltr'><strong>insidiis,</strong></span> <span class='ocrx_word' id='word_1_247' title='bbox 609 1929 789 2009; x_wconf 84' lang='lat' dir='ltr'><strong>contumetiis,</strong></span> <span class='ocrx_word' id='word_1_248' title='bbox 805 1953 870 2012; x_wconf 89' lang='lat' dir='ltr'><strong>spu·</strong></span> <span class='ocrx_word' id='word_1_249' title='bbox 920 1931 1073 2009; x_wconf 73' lang='grc' dir='ltr'>πτωχείας,</span> <span class='ocrx_word' id='word_1_250' title='bbox 1087 1923 1151 2000; x_wconf 78' lang='grc' dir='ltr'>εἶδες</span> <span class='ocrx_word' id='word_1_251' title='bbox 1165 1937 1221 2001; x_wconf 82' lang='grc' dir='ltr'>πῶς</span> <span class='ocrx_word' id='word_1_252' title='bbox 1242 1933 1354 2015; x_wconf 83' lang='grc' dir='ltr'>φοόερδς</span> <span class='ocrx_word' id='word_1_253' title='bbox 1376 1938 1502 2019; x_wconf 77' lang='grc' dir='ltr'>ὑπάρχει</span> <span class='ocrx_word' id='word_1_254' title='bbox 1521 1948 1578 2008; x_wconf 85' lang='grc' dir='ltr'>τοῖς</span> <span class='ocrx_word' id='word_1_255' title='bbox 1590 1941 1692 2019; x_wconf 74' lang='grc' dir='ltr'>δαίμοσιν</span> 
     </span>
     <span class='ocr_line' id='line_1_30' title="bbox 127 2007 1693 2100; baseline 0.004 -26"><span class='ocrx_word' id='word_1_256' title='bbox 127 2030 172 2075; x_wconf 85' lang='lat' dir='ltr'><strong>trs.</strong></span> <span class='ocrx_word' id='word_1_257' title='bbox 190 2014 288 2079; x_wconf 87' lang='lat' dir='ltr'><strong>Viden&#39;</strong></span> <span class='ocrx_word' id='word_1_258' title='bbox 302 2014 431 2074; x_wconf 85' lang='lat' dir='ltr'><strong>invictam</strong></span> <span class='ocrx_word' id='word_1_259' title='bbox 442 2013 625 2073; x_wconf 81' lang='lat' dir='ltr'><strong>armaturam?</strong></span> <span class='ocrx_word' id='word_1_260' title='bbox 641 2010 731 2071; x_wconf 84' lang='lat' dir='ltr'><strong>videu&#39;</strong></span> <span class='ocrx_word' id='word_1_261' title='bbox 746 2023 772 2068; x_wconf 90' lang='lat' dir='ltr'>et</span> <span class='ocrx_word' id='word_1_262' title='bbox 784 2011 870 2071; x_wconf 81' lang='lat' dir='ltr'><strong>victo·</strong></span> <span class='ocrx_word' id='word_1_263' title='bbox 920 2007 996 2078; x_wconf 75' lang='grc' dir='ltr'>ότὴν</span> <span class='ocrx_word' id='word_1_264' title='bbox 1007 2012 1243 2093; x_wconf 63' lang='grc' dir='ltr'>ταπεινοφροσύνην</span> <span class='ocrx_word' id='word_1_265' title='bbox 1258 2015 1450 2093; x_wconf 70' lang='grc' dir='ltr'>ἐνδεδυμένοςς</span> <span class='ocrx_word' id='word_1_266' title='bbox 1465 2021 1526 2078; x_wconf 86' lang='grc' dir='ltr'>Τοῦ</span> <span class='ocrx_word' id='word_1_267' title='bbox 1539 2021 1589 2099; x_wconf 69' lang='grc' dir='ltr'>μέν</span> <span class='ocrx_word' id='word_1_268' title='bbox 1599 2020 1693 2100; x_wconf 85' lang='grc' dir='ltr'>ίίυρίω,</span> 
     </span>
     <span class='ocr_line' id='line_1_31' title="bbox 127 2086 1692 2180; baseline 0.001 -27"><span class='ocrx_word' id='word_1_269' title='bbox 127 2092 197 2154; x_wconf 87' lang='lat' dir='ltr'><strong>riam</strong></span> <span class='ocrx_word' id='word_1_270' title='bbox 210 2107 236 2153; x_wconf 91' lang='lat' dir='ltr'>et</span> <span class='ocrx_word' id='word_1_271' title='bbox 249 2094 353 2154; x_wconf 81' lang='lat' dir='ltr'><strong>artem?</strong></span> <span class='ocrx_word' id='word_1_272' title='bbox 375 2093 464 2153; x_wconf 85' lang='lat' dir='ltr'><strong>viden’</strong></span> <span class='ocrx_word' id='word_1_273' title='bbox 479 2093 612 2153; x_wconf 88' lang='lat' dir='ltr'><strong>invictum</strong></span> <span class='ocrx_word' id='word_1_274' title='bbox 625 2091 710 2151; x_wconf 90' lang='lat' dir='ltr'><strong>robur</strong></span> <span class='ocrx_word' id='word_1_275' title='bbox 722 2090 790 2170; x_wconf 84' lang='lat' dir='ltr'><strong>ejus,</strong></span> <span class='ocrx_word' id='word_1_276' title='bbox 809 2112 870 2169; x_wconf 83' lang='lat' dir='ltr'><strong>quae</strong></span> <span class='ocrx_word' id='word_1_277' title='bbox 920 2086 1007 2157; x_wconf 85' lang='grc' dir='ltr'>καθὼς</span> <span class='ocrx_word' id='word_1_278' title='bbox 1021 2092 1191 2172; x_wconf 83' lang='grc' dir='ltr'>προείρηται,</span> <span class='ocrx_word' id='word_1_279' title='bbox 1210 2093 1330 2171; x_wconf 76' lang='grc' dir='ltr'>μιμητής</span> <span class='ocrx_word' id='word_1_280' title='bbox 1349 2097 1434 2171; x_wconf 77' lang='grc' dir='ltr'>ἐστι,</span> <span class='ocrx_word' id='word_1_281' title='bbox 1457 2103 1515 2158; x_wconf 78' lang='grc' dir='ltr'>τῶν</span> <span class='ocrx_word' id='word_1_282' title='bbox 1532 2101 1647 2180; x_wconf 65' lang='grc' dir='ltr'>ἄγγελον</span> <span class='ocrx_word' id='word_1_283' title='bbox 1657 2121 1692 2161; x_wconf 60' lang='grc' dir='ltr'>σε</span> 
     </span>
     <span class='ocr_line' id='line_1_32' title="bbox 127 2168 1693 2261; baseline 0.001 -26"><span class='ocrx_word' id='word_1_284' title='bbox 127 2173 275 2235; x_wconf 86' lang='lat' dir='ltr'><strong>secundum</strong></span> <span class='ocrx_word' id='word_1_285' title='bbox 296 2175 385 2232; x_wconf 92' lang='lat' dir='ltr'><strong>Deum</strong></span> <span class='ocrx_word' id='word_1_286' title='bbox 398 2187 447 2246; x_wconf 84' lang='lat' dir='ltr'><strong>est,</strong></span> <span class='ocrx_word' id='word_1_287' title='bbox 469 2171 655 2254; x_wconf 76' lang='lat' dir='ltr'><strong>paupertatis?</strong></span> <span class='ocrx_word' id='word_1_288' title='bbox 679 2168 769 2230; x_wconf 84' lang='lat' dir='ltr'><strong>viden&#39;</strong></span> <span class='ocrx_word' id='word_1_289' title='bbox 788 2190 870 2246; x_wconf 84' lang='lat' dir='ltr'><strong>quam</strong></span> <span class='ocrx_word' id='word_1_290' title='bbox 921 2168 1011 2243; x_wconf 79' lang='grc' dir='ltr'>θητὸς,</span> <span class='ocrx_word' id='word_1_291' title='bbox 1025 2177 1079 2237; x_wconf 86' lang='grc' dir='ltr'>τοῖς</span> <span class='ocrx_word' id='word_1_292' title='bbox 1100 2173 1256 2240; x_wconf 74' lang='grc' dir='ltr'>ἀποστολοις</span> <span class='ocrx_word' id='word_1_293' title='bbox 1274 2173 1381 2252; x_wconf 88' lang='grc' dir='ltr'>τίμιος,</span> <span class='ocrx_word' id='word_1_294' title='bbox 1397 2186 1458 2252; x_wconf 76' lang='grc' dir='ltr'>τοῖς</span> <span class='ocrx_word' id='word_1_295' title='bbox 1472 2179 1634 2261; x_wconf 72' lang='grc' dir='ltr'>μάρτοσισσ</span> <span class='ocrx_word' id='word_1_296' title='bbox 1676 2180 1693 2226; x_wconf 88' lang='grc'>’-</span> 
     </span>
     <span class='ocr_line' id='line_1_33' title="bbox 87 2248 1692 2388; baseline 0.007 -79"><span class='ocrx_word' id='word_1_297' title='bbox 87 2279 91 2286; x_wconf 61' lang='grc'>’</span> <span class='ocrx_word' id='word_1_298' title='bbox 126 2252 307 2328; x_wconf 76' lang='lat' dir='ltr'><strong>formidabilis</strong></span> <span class='ocrx_word' id='word_1_299' title='bbox 327 2251 363 2312; x_wconf 87' lang='lat' dir='ltr'>sit</span> <span class='ocrx_word' id='word_1_300' title='bbox 381 2248 870 2331; x_wconf 76' lang='lat' dir='ltr'><strong>damonibusisquihumilitateest</strong></span> <span class='ocrx_word' id='word_1_301' title='bbox 920 2252 1008 2325; x_wconf 84' lang='grc' dir='ltr'>θμιοτ,</span> <span class='ocrx_word' id='word_1_302' title='bbox 1022 2257 1077 2316; x_wconf 82' lang='grc' dir='ltr'>τοῖς</span> <span class='ocrx_word' id='word_1_303' title='bbox 1098 2250 1206 2388; x_wconf 76' lang='grc' dir='ltr'>δαίμοσι</span> <span class='ocrx_word' id='word_1_304' title='bbox 1227 2251 1356 2351; x_wconf 82' lang='grc' dir='ltr'>φοόερδς,</span> <span class='ocrx_word' id='word_1_305' title='bbox 1379 2263 1432 2316; x_wconf 89' lang='grc' dir='ltr'>τοῦ</span> <span class='ocrx_word' id='word_1_306' title='bbox 1455 2258 1563 2337; x_wconf 83' lang='grc' dir='ltr'>κόσμου</span> <span class='ocrx_word' id='word_1_307' title='bbox 1638 2289 1692 2334; x_wconf 82' lang='grc' dir='ltr'>,,ς,</span> 
     </span>
     <span class='ocr_line' id='line_1_34' title="bbox 127 2328 1691 2419; baseline 0.007 -28"><span class='ocrx_word' id='word_1_308' title='bbox 127 2331 257 2392; x_wconf 83' lang='lat' dir='ltr'><strong>indutus?</strong></span> <span class='ocrx_word' id='word_1_309' title='bbox 273 2331 392 2408; x_wconf 88' lang='lat' dir='ltr'><strong>Domini,</strong></span> <span class='ocrx_word' id='word_1_310' title='bbox 406 2345 437 2390; x_wconf 91' lang='lat' dir='ltr'>ut</span> <span class='ocrx_word' id='word_1_311' title='bbox 447 2331 579 2405; x_wconf 82' lang='lat' dir='ltr'><strong>diximus,</strong></span> <span class='ocrx_word' id='word_1_312' title='bbox 593 2346 632 2391; x_wconf 86' lang='lat' dir='ltr'>est</span> <span class='ocrx_word' id='word_1_313' title='bbox 643 2328 774 2405; x_wconf 86' lang='lat' dir='ltr'><strong>imitator,</strong></span> <span class='ocrx_word' id='word_1_314' title='bbox 790 2349 870 2408; x_wconf 89' lang='lat' dir='ltr'><strong>auge·</strong></span> <span class='ocrx_word' id='word_1_315' title='bbox 919 2330 972 2386; x_wconf 82' lang='grc' dir='ltr'>τιῦν</span> <span class='ocrx_word' id='word_1_316' title='bbox 989 2329 1100 2388; x_wconf 83' lang='grc' dir='ltr'>αἰωνίων</span> <span class='ocrx_word' id='word_1_317' title='bbox 1112 2353 1147 2389; x_wconf 91' lang='grc' dir='ltr'>κα</span> <span class='ocrx_word' id='word_1_318' title='bbox 1168 2335 1308 2414; x_wconf 70' lang='grc' dir='ltr'>ἄφθαρτον</span> <span class='ocrx_word' id='word_1_319' title='bbox 1323 2335 1441 2411; x_wconf 79' lang='grc' dir='ltr'>ἀγαθῶν</span> <span class='ocrx_word' id='word_1_320' title='bbox 1452 2340 1627 2419; x_wconf 87' lang='grc' dir='ltr'>κληρονόμος.</span> <span class='ocrx_word' id='word_1_321' title='bbox 1638 2344 1691 2402; x_wconf 72' lang='lat' dir='ltr'>Tu·</span> 
     </span>
     <span class='ocr_line' id='line_1_35' title="bbox 126 2407 1692 2500; baseline 0.004 -29"><span class='ocrx_word' id='word_1_322' title='bbox 126 2412 161 2471; x_wconf 89' lang='lat' dir='ltr'>lis</span> <span class='ocrx_word' id='word_1_323' title='bbox 169 2411 364 2487; x_wconf 90' lang='lat' dir='ltr'><strong>desiderabilis,</strong></span> <span class='ocrx_word' id='word_1_324' title='bbox 375 2411 503 2492; x_wconf 86' lang='lat' dir='ltr'><strong>apostolis</strong></span> <span class='ocrx_word' id='word_1_325' title='bbox 510 2410 687 2481; x_wconf 88' lang='lat' dir='ltr'><strong>honorabilis,</strong></span> <span class='ocrx_word' id='word_1_326' title='bbox 702 2407 870 2488; x_wconf 84' lang='lat' dir='ltr'><strong>martyribus</strong></span> <span class='ocrx_word' id='word_1_327' title='bbox 919 2431 965 2466; x_wconf 90' lang='grc' dir='ltr'>του</span> <span class='ocrx_word' id='word_1_328' title='bbox 979 2408 1102 2469; x_wconf 78' lang='grc' dir='ltr'>οὐδέποτε</span> <span class='ocrx_word' id='word_1_329' title='bbox 1115 2409 1193 2492; x_wconf 86' lang='grc' dir='ltr'>φόόος</span> <span class='ocrx_word' id='word_1_330' title='bbox 1206 2410 1334 2483; x_wconf 83' lang='grc' dir='ltr'>άπτεται,</span> <span class='ocrx_word' id='word_1_331' title='bbox 1346 2421 1447 2475; x_wconf 88' lang='grc' dir='ltr'>τοῦτον</span> <span class='ocrx_word' id='word_1_332' title='bbox 1461 2427 1518 2485; x_wconf 73' lang='grc' dir='ltr'>πᾶς</span> <span class='ocrx_word' id='word_1_333' title='bbox 1540 2420 1634 2500; x_wconf 75' lang='grc' dir='ltr'>λιγεὼν</span> <span class='ocrx_word' id='word_1_334' title='bbox 1646 2423 1692 2482; x_wconf 76' lang='grc' dir='ltr'>δει-</span> 
     </span>
     <span class='ocr_line' id='line_1_36' title="bbox 127 2487 1692 2571; baseline 0.003 -20"><span class='ocrx_word' id='word_1_335' title='bbox 127 2505 345 2563; x_wconf 86' lang='lat' dir='ltr'><strong>connumeratus,</strong></span> <span class='ocrx_word' id='word_1_336' title='bbox 371 2489 539 2555; x_wconf 69' lang='lat' dir='ltr'><strong>daemonibus</strong></span> <span class='ocrx_word' id='word_1_337' title='bbox 561 2487 753 2558; x_wconf 86' lang='lat' dir='ltr'><strong>formidabilis,</strong></span> <span class='ocrx_word' id='word_1_338' title='bbox 773 2487 868 2546; x_wconf 91' lang='lat' dir='ltr'><strong>mundi</strong></span> <span class='ocrx_word' id='word_1_339' title='bbox 920 2488 1006 2566; x_wconf 89' lang='grc' dir='ltr'>μόνων</span> <span class='ocrx_word' id='word_1_340' title='bbox 1020 2494 1152 2571; x_wconf 77' lang='grc' dir='ltr'>ὑποχωρεῖ</span> <span class='ocrx_word' id='word_1_341' title='bbox 1163 2490 1209 2548; x_wconf 80' lang='grc' dir='ltr'>καὶ</span> <span class='ocrx_word' id='word_1_342' title='bbox 1222 2491 1353 2563; x_wconf 73' lang='grc' dir='ltr'>πτήσσει,</span> <span class='ocrx_word' id='word_1_343' title='bbox 1370 2494 1565 2570; x_wconf 73' lang='grc' dir='ltr'>βλέποντεςέν</span> <span class='ocrx_word' id='word_1_344' title='bbox 1584 2504 1692 2562; x_wconf 56' lang='lat' dir='ltr'><strong>aarum</strong></span> 
     </span>
     <span class='ocr_line' id='line_1_37' title="bbox 125 2564 1692 2658; baseline 0.007 -28"><span class='ocrx_word' id='word_1_345' title='bbox 125 2571 221 2645; x_wconf 81' lang='lat' dir='ltr'><strong>victor,</strong></span> <span class='ocrx_word' id='word_1_346' title='bbox 243 2585 404 2629; x_wconf 83' lang='lat' dir='ltr'><strong>aetemmum</strong></span> <span class='ocrx_word' id='word_1_347' title='bbox 417 2569 717 2658; x_wconf 88' lang='lat' dir='ltr'><strong>incorruptibiliumque</strong></span> <span class='ocrx_word' id='word_1_348' title='bbox 736 2566 869 2627; x_wconf 90' lang='lat' dir='ltr'><strong>bonorum</strong></span> <span class='ocrx_word' id='word_1_349' title='bbox 919 2573 965 2628; x_wconf 91' lang='grc' dir='ltr'>τοῦ</span> <span class='ocrx_word' id='word_1_350' title='bbox 978 2567 1078 2646; x_wconf 79' lang='grc' dir='ltr'>κόσμου</span> <span class='ocrx_word' id='word_1_351' title='bbox 1094 2567 1202 2642; x_wconf 76' lang='grc' dir='ltr'>νικητὴν</span> <span class='ocrx_word' id='word_1_352' title='bbox 1215 2571 1332 2650; x_wconf 78' lang='grc' dir='ltr'>Χριστόν</span> <span class='ocrx_word' id='word_1_353' title='bbox 1347 2578 1594 2651; x_wconf 75' lang='grc' dir='ltr'>καταπατήσαντε</span> <span class='ocrx_word' id='word_1_354' title='bbox 1605 2564 1692 2653; x_wconf 69' lang='lat' dir='ltr'><strong>«dide,</strong></span> 
     </span>
     <span class='ocr_line' id='line_1_38' title="bbox 125 2644 1529 2737; baseline 0.007 -29"><span class='ocrx_word' id='word_1_355' title='bbox 125 2650 220 2710; x_wconf 73' lang='lat' dir='ltr'><strong>barm.</strong></span> <span class='ocrx_word' id='word_1_356' title='bbox 235 2650 313 2709; x_wconf 87' lang='lat' dir='ltr'><strong>Hunc</strong></span> <span class='ocrx_word' id='word_1_357' title='bbox 332 2670 470 2728; x_wconf 84' lang='lat' dir='ltr'><strong>nunquam</strong></span> <span class='ocrx_word' id='word_1_358' title='bbox 488 2649 572 2708; x_wconf 91' lang='lat' dir='ltr'><strong>timor</strong></span> <span class='ocrx_word' id='word_1_359' title='bbox 587 2647 704 2722; x_wconf 80' lang='lat' dir='ltr'><strong>invadit,</strong></span> <span class='ocrx_word' id='word_1_360' title='bbox 722 2644 796 2705; x_wconf 91' lang='lat' dir='ltr'><strong>hunc</strong></span> <span class='ocrx_word' id='word_1_361' title='bbox 813 2660 868 2708; x_wconf 92' lang='lat' dir='ltr'><strong>tota</strong></span> <span class='ocrx_word' id='word_1_362' title='bbox 884 2650 904 2700; x_wconf 76' lang='grc' dir='ltr'>Ε</span> <span class='ocrx_word' id='word_1_363' title='bbox 919 2647 965 2707; x_wconf 84' lang='grc' dir='ltr'>καὶ</span> <span class='ocrx_word' id='word_1_364' title='bbox 979 2648 1125 2709; x_wconf 82' lang='grc' dir='ltr'>καθελόντα</span> <span class='ocrx_word' id='word_1_365' title='bbox 1138 2651 1224 2709; x_wconf 82' lang='grc' dir='ltr'>αὐτῶν</span> <span class='ocrx_word' id='word_1_366' title='bbox 1238 2651 1269 2712; x_wconf 85' lang='grc' dir='ltr'>τδ</span> <span class='ocrx_word' id='word_1_367' title='bbox 1279 2651 1402 2730; x_wconf 88' lang='grc' dir='ltr'>μάταιον</span> <span class='ocrx_word' id='word_1_368' title='bbox 1414 2656 1529 2737; x_wconf 85' lang='grc' dir='ltr'>κράτος.</span> 
     </span>
     <span class='ocr_line' id='line_1_39' title="bbox 125 2725 1220 2809; baseline -0.004 -20"><span class='ocrx_word' id='word_1_369' title='bbox 125 2730 135 2789; x_wconf 91' lang='lat' dir='ltr'><strong>l</strong></span> <span class='ocrx_word' id='word_1_370' title='bbox 171 2729 196 2788; x_wconf 83' lang='grc' dir='ltr'>ίο</span> <span class='ocrx_word' id='word_1_371' title='bbox 208 2729 362 2789; x_wconf 78' lang='lat' dir='ltr'><strong>damonum</strong></span> <span class='ocrx_word' id='word_1_372' title='bbox 372 2729 443 2809; x_wconf 90' lang='lat' dir='ltr'><strong>fugit</strong></span> <span class='ocrx_word' id='word_1_373' title='bbox 455 2743 482 2788; x_wconf 88' lang='lat' dir='ltr'>et</span> <span class='ocrx_word' id='word_1_374' title='bbox 496 2728 635 2804; x_wconf 82' lang='lat' dir='ltr'><strong>formidat,</strong></span> <span class='ocrx_word' id='word_1_375' title='bbox 655 2727 752 2789; x_wconf 82' lang='lat' dir='ltr'><strong>videns</strong></span> <span class='ocrx_word' id='word_1_376' title='bbox 771 2725 799 2785; x_wconf 91' lang='lat' dir='ltr'>in</span> <span class='ocrx_word' id='word_1_377' title='bbox 819 2726 867 2787; x_wconf 90' lang='lat' dir='ltr'><strong>illo</strong></span> <span class='ocrx_word' id='word_1_378' title='bbox 1216 2731 1220 2740; x_wconf 90' lang='grc'><em>“</em></span> 
     </span>
     <span class='ocr_line' id='line_1_40' title="bbox 127 2751 867 2887; baseline -0.003 -19"><span class='ocrx_word' id='word_1_379' title='bbox 127 2751 267 2869; x_wconf 68' lang='lat' dir='ltr'><strong>tiliistum</strong></span> <span class='ocrx_word' id='word_1_380' title='bbox 274 2809 369 2869; x_wconf 88' lang='lat' dir='ltr'><strong>mundi</strong></span> <span class='ocrx_word' id='word_1_381' title='bbox 379 2823 521 2880; x_wconf 78' lang='lat' dir='ltr'><strong>uictorem,</strong></span> <span class='ocrx_word' id='word_1_382' title='bbox 531 2807 777 2879; x_wconf 89' lang='lat' dir='ltr'><strong>seconculcantem,</strong></span> <span class='ocrx_word' id='word_1_383' title='bbox 789 2805 867 2887; x_wconf 89' lang='lat' dir='ltr'><strong>ipso-</strong></span> 
     </span>
     <span class='ocr_line' id='line_1_41' title="bbox 125 2887 657 2968; baseline -0.004 -20"><span class='ocrx_word' id='word_1_384' title='bbox 125 2910 240 2968; x_wconf 85' lang='lat' dir='ltr'><strong>rumque</strong></span> <span class='ocrx_word' id='word_1_385' title='bbox 253 2911 355 2950; x_wconf 84' lang='lat' dir='ltr'><strong>vanum</strong></span> <span class='ocrx_word' id='word_1_386' title='bbox 371 2888 454 2947; x_wconf 88' lang='lat' dir='ltr'><strong>robur</strong></span> <span class='ocrx_word' id='word_1_387' title='bbox 466 2887 657 2968; x_wconf 77' lang='lat' dir='ltr'><strong>dejicientem?</strong></span> 
     </span>
    </p>

    <p class='ocr_par' dir='ltr' id='par_1_5' title="bbox 125 2957 1691 3536">
     <span class='ocr_line' id='line_1_42' title="bbox 166 2957 1691 3061; baseline 0.008 -33"><span class='ocrx_word' id='word_1_388' title='bbox 166 2972 194 3028; x_wconf 83' lang='lat'>7.</span> <span class='ocrx_word' id='word_1_389' title='bbox 215 2971 341 3042; x_wconf 87' lang='lat' dir='ltr'><strong>Demum,</strong></span> <span class='ocrx_word' id='word_1_390' title='bbox 359 2967 448 3045; x_wconf 85' lang='lat' dir='ltr'><strong>filioli,</strong></span> <span class='ocrx_word' id='word_1_391' title='bbox 463 2980 528 3027; x_wconf 91' lang='lat' dir='ltr'><strong>tunc</strong></span> <span class='ocrx_word' id='word_1_392' title='bbox 544 2967 632 3028; x_wconf 85' lang='lat' dir='ltr'><strong>edocti</strong></span> <span class='ocrx_word' id='word_1_393' title='bbox 646 2957 758 3026; x_wconf 86' lang='lat' dir='ltr'><strong>modum</strong></span> <span class='ocrx_word' id='word_1_394' title='bbox 775 2977 802 3024; x_wconf 89' lang='lat' dir='ltr'>et</span> <span class='ocrx_word' id='word_1_395' title='bbox 817 2987 866 3025; x_wconf 89' lang='lat' dir='ltr'>ar-</span> <span class='ocrx_word' id='word_1_396' title='bbox 958 2965 1176 3048; x_wconf 80' lang='grc' dir='ltr'>Λοιπὸν,τεκνίσ,</span> <span class='ocrx_word' id='word_1_397' title='bbox 1184 2969 1229 3030; x_wconf 87' lang='grc' dir='ltr'>τδν</span> <span class='ocrx_word' id='word_1_398' title='bbox 1239 2969 1337 3050; x_wconf 78' lang='grc' dir='ltr'>τρόπον</span> <span class='ocrx_word' id='word_1_399' title='bbox 1348 2973 1490 3051; x_wconf 81' lang='grc' dir='ltr'>μαθόντες</span> <span class='ocrx_word' id='word_1_400' title='bbox 1500 2978 1691 3061; x_wconf 59' lang='lat' dir='ltr'><strong>mitissimi</strong></span> 
     </span>
     <span class='ocr_line' id='line_1_43' title="bbox 125 3045 1689 3138; baseline 0.008 -33"><span class='ocrx_word' id='word_1_401' title='bbox 125 3060 191 3123; x_wconf 92' lang='lat' dir='ltr'><strong>tem,</strong></span> <span class='ocrx_word' id='word_1_402' title='bbox 213 3069 251 3127; x_wconf 88' lang='lat' dir='ltr'>ne</span> <span class='ocrx_word' id='word_1_403' title='bbox 259 3047 344 3107; x_wconf 87' lang='lat' dir='ltr'><strong>simus</strong></span> <span class='ocrx_word' id='word_1_404' title='bbox 360 3047 534 3128; x_wconf 86' lang='lat' dir='ltr'><strong>negligentes,</strong></span> <span class='ocrx_word' id='word_1_405' title='bbox 550 3047 597 3107; x_wconf 86' lang='lat' dir='ltr'>sed</span> <span class='ocrx_word' id='word_1_406' title='bbox 610 3047 747 3107; x_wconf 89' lang='lat' dir='ltr'><strong>imitemur</strong></span> <span class='ocrx_word' id='word_1_407' title='bbox 766 3045 866 3104; x_wconf 87' lang='lat' dir='ltr'><strong>Domi·</strong></span> <span class='ocrx_word' id='word_1_408' title='bbox 917 3046 1099 3127; x_wconf 48' lang='grc' dir='ltr'>διδαχθέντες,</span> <span class='ocrx_word' id='word_1_409' title='bbox 1114 3049 1151 3129; x_wconf 74' lang='grc' dir='ltr'>μὴ</span> <span class='ocrx_word' id='word_1_410' title='bbox 1171 3051 1360 3130; x_wconf 77' lang='grc' dir='ltr'>ἀμελήσωμεν,</span> <span class='ocrx_word' id='word_1_411' title='bbox 1376 3053 1454 3114; x_wconf 72' lang='grc' dir='ltr'>ἀλλὰ</span> <span class='ocrx_word' id='word_1_412' title='bbox 1469 3058 1689 3138; x_wconf 75' lang='grc' dir='ltr'>μιμησαίμεθαιίν</span> 
     </span>
     <span class='ocr_line' id='line_1_44' title="bbox 126 3124 1690 3220; baseline 0.01 -36"><span class='ocrx_word' id='word_1_413' title='bbox 126 3148 192 3186; x_wconf 80' lang='grc' dir='ltr'>οσον</span> <span class='ocrx_word' id='word_1_414' title='bbox 215 3140 347 3196; x_wconf 84' lang='lat' dir='ltr'><strong>nostrum,</strong></span> <span class='ocrx_word' id='word_1_415' title='bbox 375 3141 401 3186; x_wconf 92' lang='lat' dir='ltr'>et</span> <span class='ocrx_word' id='word_1_416' title='bbox 424 3149 472 3207; x_wconf 93' lang='lat' dir='ltr'>per</span> <span class='ocrx_word' id='word_1_417' title='bbox 498 3127 679 3187; x_wconf 87' lang='lat' dir='ltr'><strong>humilitatem</strong></span> <span class='ocrx_word' id='word_1_418' title='bbox 703 3124 868 3203; x_wconf 86' lang='lat' dir='ltr'><strong>virtutesque</strong></span> <span class='ocrx_word' id='word_1_419' title='bbox 919 3125 1015 3207; x_wconf 80' lang='grc' dir='ltr'>Κύριον</span> <span class='ocrx_word' id='word_1_420' title='bbox 1028 3132 1114 3205; x_wconf 82' lang='grc' dir='ltr'>ἡμῶν,</span> <span class='ocrx_word' id='word_1_421' title='bbox 1127 3130 1172 3189; x_wconf 80' lang='grc' dir='ltr'>καὶ</span> <span class='ocrx_word' id='word_1_422' title='bbox 1188 3130 1232 3191; x_wconf 75' lang='grc' dir='ltr'>διδ</span> <span class='ocrx_word' id='word_1_423' title='bbox 1248 3134 1296 3201; x_wconf 74' lang='grc' dir='ltr'>τῆς</span> <span class='ocrx_word' id='word_1_424' title='bbox 1309 3133 1510 3204; x_wconf 84' lang='grc' dir='ltr'>ταπεινώσεως</span> <span class='ocrx_word' id='word_1_425' title='bbox 1523 3139 1570 3197; x_wconf 82' lang='grc' dir='ltr'>καὶ</span> <span class='ocrx_word' id='word_1_426' title='bbox 1584 3145 1631 3199; x_wconf 74' lang='grc' dir='ltr'>τῶν</span> <span class='ocrx_word' id='word_1_427' title='bbox 1641 3143 1690 3220; x_wconf 74' lang='grc' dir='ltr'>ὀρι-</span> 
     </span>
     <span class='ocr_line' id='line_1_45' title="bbox 126 3204 1689 3299; baseline 0.011 -35"><span class='ocrx_word' id='word_1_428' title='bbox 126 3205 178 3287; x_wconf 93' lang='lat' dir='ltr'><strong>ipsi</strong></span> <span class='ocrx_word' id='word_1_429' title='bbox 201 3205 304 3266; x_wconf 88' lang='lat' dir='ltr'><strong>similes</strong></span> <span class='ocrx_word' id='word_1_430' title='bbox 327 3205 424 3279; x_wconf 83' lang='lat' dir='ltr'><strong>effecti,</strong></span> <span class='ocrx_word' id='word_1_431' title='bbox 443 3206 502 3287; x_wconf 83' lang='lat' dir='ltr'><strong>ipso</strong></span> <span class='ocrx_word' id='word_1_432' title='bbox 525 3219 682 3287; x_wconf 89' lang='lat' dir='ltr'><strong>cooperante</strong></span> <span class='ocrx_word' id='word_1_433' title='bbox 705 3204 866 3281; x_wconf 72' lang='lat' dir='ltr'><strong>vincamus,</strong></span> <span class='ocrx_word' id='word_1_434' title='bbox 918 3211 971 3265; x_wconf 85' lang='grc' dir='ltr'>τῶν</span> <span class='ocrx_word' id='word_1_435' title='bbox 979 3212 1150 3287; x_wconf 82' lang='grc' dir='ltr'>όμοιωθῶμεν</span> <span class='ocrx_word' id='word_1_436' title='bbox 1161 3211 1305 3290; x_wconf 81' lang='grc' dir='ltr'>σύτῷ,καὶ</span> <span class='ocrx_word' id='word_1_437' title='bbox 1316 3212 1426 3285; x_wconf 75' lang='grc' dir='ltr'>νικήσω</span> <span class='ocrx_word' id='word_1_438' title='bbox 1465 3225 1540 3278; x_wconf 86' lang='grc' dir='ltr'>ντοῦ</span> <span class='ocrx_word' id='word_1_439' title='bbox 1548 3219 1689 3299; x_wconf 75' lang='grc' dir='ltr'>Κυρίουτυο</span> 
     </span>
     <span class='ocr_line' id='line_1_46' title="bbox 127 3284 1690 3377; baseline 0.008 -33"><span class='ocrx_word' id='word_1_440' title='bbox 127 3307 189 3344; x_wconf 86' lang='lat' dir='ltr'><strong>curn</strong></span> <span class='ocrx_word' id='word_1_441' title='bbox 210 3285 327 3344; x_wconf 85' lang='lat' dir='ltr'><strong>maxime</strong></span> <span class='ocrx_word' id='word_1_442' title='bbox 350 3286 530 3346; x_wconf 88' lang='lat' dir='ltr'><strong>desideremus</strong></span> <span class='ocrx_word' id='word_1_443' title='bbox 550 3287 620 3346; x_wconf 85' lang='lat' dir='ltr'><strong>bona</strong></span> <span class='ocrx_word' id='word_1_444' title='bbox 637 3286 694 3359; x_wconf 93' lang='lat' dir='ltr'><strong>illa,</strong></span> <span class='ocrx_word' id='word_1_445' title='bbox 717 3285 751 3343; x_wconf 93' lang='lat' dir='ltr'>de</span> <span class='ocrx_word' id='word_1_446' title='bbox 768 3284 867 3363; x_wconf 85' lang='lat' dir='ltr'><strong>quibus</strong></span> <span class='ocrx_word' id='word_1_447' title='bbox 920 3291 1125 3368; x_wconf 79' lang='grc' dir='ltr'>εργοῦντος’καί</span> <span class='ocrx_word' id='word_1_448' title='bbox 1140 3291 1256 3366; x_wconf 87' lang='grc' dir='ltr'>μάλιστα</span> <span class='ocrx_word' id='word_1_449' title='bbox 1269 3293 1441 3370; x_wconf 79' lang='grc' dir='ltr'>ἐπιθυμηται</span> <span class='ocrx_word' id='word_1_450' title='bbox 1453 3298 1510 3354; x_wconf 78' lang='grc' dir='ltr'>τῶν</span> <span class='ocrx_word' id='word_1_451' title='bbox 1524 3301 1690 3377; x_wconf 74' lang='grc' dir='ltr'>άγᾱθῦνέκεί-</span> 
     </span>
     <span class='ocr_line' id='line_1_47' title="bbox 126 3360 1688 3455; baseline 0.01 -32"><span class='ocrx_word' id='word_1_452' title='bbox 126 3387 196 3445; x_wconf 78' lang='lat' dir='ltr'><strong>saepe</strong></span> <span class='ocrx_word' id='word_1_453' title='bbox 206 3366 330 3439; x_wconf 70' lang='lat' dir='ltr'><strong>erudistis,</strong></span> <span class='ocrx_word' id='word_1_454' title='bbox 341 3388 374 3424; x_wconf 95' lang='lat' dir='ltr'>ne</span> <span class='ocrx_word' id='word_1_455' title='bbox 383 3388 474 3445; x_wconf 86' lang='lat' dir='ltr'><strong>segnes</strong></span> <span class='ocrx_word' id='word_1_456' title='bbox 484 3365 578 3439; x_wconf 93' lang='lat' dir='ltr'><strong>simus,</strong></span> <span class='ocrx_word' id='word_1_457' title='bbox 594 3389 626 3425; x_wconf 91' lang='lat' dir='ltr'>ne</span> <span class='ocrx_word' id='word_1_458' title='bbox 637 3366 732 3426; x_wconf 90' lang='lat' dir='ltr'><strong>demus</strong></span> <span class='ocrx_word' id='word_1_459' title='bbox 742 3386 867 3423; x_wconf 93' lang='lat' dir='ltr'><strong>somnum</strong></span> <span class='ocrx_word' id='word_1_460' title='bbox 918 3390 981 3440; x_wconf 88' lang='grc' dir='ltr'>νων,</span> <span class='ocrx_word' id='word_1_461' title='bbox 994 3369 1055 3445; x_wconf 86' lang='grc' dir='ltr'>περὶ</span> <span class='ocrx_word' id='word_1_462' title='bbox 1070 3360 1106 3427; x_wconf 75' lang='grc' dir='ltr'>ὧν</span> <span class='ocrx_word' id='word_1_463' title='bbox 1120 3369 1248 3437; x_wconf 83' lang='grc' dir='ltr'>πολλάκις</span> <span class='ocrx_word' id='word_1_464' title='bbox 1260 3372 1400 3440; x_wconf 83' lang='grc' dir='ltr'>ἠκούσατε</span> <span class='ocrx_word' id='word_1_465' title='bbox 1414 3418 1423 3448; x_wconf 96' lang='grc'>,</span> <span class='ocrx_word' id='word_1_466' title='bbox 1440 3374 1481 3452; x_wconf 79' lang='grc' dir='ltr'>μὴ</span> <span class='ocrx_word' id='word_1_467' title='bbox 1494 3379 1688 3455; x_wconf 52' lang='lat' dir='ltr'><strong>daemoniosum</strong></span> 
     </span>
     <span class='ocr_line' id='line_1_48' title="bbox 127 3442 1690 3536; baseline 0.011 -34"><span class='ocrx_word' id='word_1_468' title='bbox 127 3445 214 3503; x_wconf 92' lang='lat' dir='ltr'><strong>oculis</strong></span> <span class='ocrx_word' id='word_1_469' title='bbox 229 3446 337 3519; x_wconf 89' lang='lat' dir='ltr'><strong>nostris,</strong></span> <span class='ocrx_word' id='word_1_470' title='bbox 362 3468 394 3504; x_wconf 92' lang='lat' dir='ltr'>ne</span> <span class='ocrx_word' id='word_1_471' title='bbox 409 3447 578 3504; x_wconf 81' lang='lat' dir='ltr'><strong>vincamura</strong></span> <span class='ocrx_word' id='word_1_472' title='bbox 593 3447 694 3505; x_wconf 87' lang='lat' dir='ltr'><strong>nefario</strong></span> <span class='ocrx_word' id='word_1_473' title='bbox 710 3444 757 3503; x_wconf 92' lang='lat' dir='ltr'><strong>illo</strong></span> <span class='ocrx_word' id='word_1_474' title='bbox 772 3444 867 3503; x_wconf 91' lang='lat' dir='ltr'><strong>mundi</strong></span> <span class='ocrx_word' id='word_1_475' title='bbox 921 3446 1007 3523; x_wconf 84' lang='grc' dir='ltr'>δῶμεν</span> <span class='ocrx_word' id='word_1_476' title='bbox 1018 3447 1096 3508; x_wconf 86' lang='grc' dir='ltr'>ύπνον</span> <span class='ocrx_word' id='word_1_477' title='bbox 1111 3460 1164 3518; x_wconf 88' lang='grc' dir='ltr'>τοῖς</span> <span class='ocrx_word' id='word_1_478' title='bbox 1175 3452 1319 3529; x_wconf 78' lang='grc' dir='ltr'>ὀφθαλμοῖς</span> <span class='ocrx_word' id='word_1_479' title='bbox 1331 3455 1427 3528; x_wconf 79' lang='grc' dir='ltr'>ἡμῶν,</span> <span class='ocrx_word' id='word_1_480' title='bbox 1440 3455 1482 3532; x_wconf 77' lang='grc' dir='ltr'>μὴ</span> <span class='ocrx_word' id='word_1_481' title='bbox 1494 3442 1641 3536; x_wconf 53' lang='lat' dir='ltr'><strong>venusia</strong></span> <span class='ocrx_word' id='word_1_482' title='bbox 1651 3459 1690 3517; x_wconf 61' lang='lat' dir='ltr'><strong>tal</strong></span> 
     </span>
    </p>

    <p class='ocr_par' dir='ltr' id='par_1_6' title="bbox 51 3517 1691 4011">
     <span class='ocr_line' id='line_1_49' title="bbox 126 3517 1690 3618; baseline 0.012 -38"><span class='ocrx_word' id='word_1_483' title='bbox 126 3523 214 3603; x_wconf 91' lang='lat' dir='ltr'><strong>princi</strong></span> <span class='ocrx_word' id='word_1_484' title='bbox 235 3547 268 3595; x_wconf 89' lang='lat' dir='ltr'>e,</span> <span class='ocrx_word' id='word_1_485' title='bbox 294 3524 455 3602; x_wconf 89' lang='lat' dir='ltr'><strong>nequando</strong></span> <span class='ocrx_word' id='word_1_486' title='bbox 476 3524 559 3597; x_wconf 80' lang='lat' dir='ltr'><strong>dicat,</strong></span> <span class='ocrx_word' id='word_1_487' title='bbox 585 3525 718 3585; x_wconf 83' lang='lat' dir='ltr'><strong>Praevalni</strong></span> <span class='ocrx_word' id='word_1_488' title='bbox 737 3517 868 3582; x_wconf 81' lang='lat' dir='ltr'><strong>adversus</strong></span> <span class='ocrx_word' id='word_1_489' title='bbox 921 3532 966 3583; x_wconf 88' lang='grc' dir='ltr'>τοῦ</span> <span class='ocrx_word' id='word_1_490' title='bbox 986 3526 1068 3588; x_wconf 84' lang='grc' dir='ltr'>δεινοῦ</span> <span class='ocrx_word' id='word_1_491' title='bbox 1084 3530 1309 3610; x_wconf 75' lang='grc' dir='ltr'>κοσμοκράτορας,</span> <span class='ocrx_word' id='word_1_492' title='bbox 1324 3533 1437 3606; x_wconf 79' lang='grc' dir='ltr'>μήποτε</span> <span class='ocrx_word' id='word_1_493' title='bbox 1457 3534 1543 3608; x_wconf 83' lang='grc' dir='ltr'>είττη,</span> <span class='ocrx_word' id='word_1_494' title='bbox 1560 3539 1690 3618; x_wconf 68' lang='lat' dir='ltr'><strong>feriolum</strong></span> 
     </span>
     <span class='ocr_line' id='line_1_50' title="bbox 126 3546 1690 3692; baseline 0.011 -32"><span class='ocrx_word' id='word_1_495' title='bbox 126 3624 197 3662; x_wconf 91' lang='lat' dir='ltr'><strong>eum.</strong></span> <span class='ocrx_word' id='word_1_496' title='bbox 213 3546 285 3661; x_wconf 60' lang='lat' dir='ltr'><strong>Dare</strong></span> <span class='ocrx_word' id='word_1_497' title='bbox 302 3624 376 3681; x_wconf 89' lang='lat' dir='ltr'><strong>ergo,</strong></span> <span class='ocrx_word' id='word_1_498' title='bbox 394 3602 539 3678; x_wconf 87' lang='lat' dir='ltr'><strong>carissime,</strong></span> <span class='ocrx_word' id='word_1_499' title='bbox 558 3625 591 3663; x_wconf 93' lang='lat' dir='ltr'>ne</span> <span class='ocrx_word' id='word_1_500' title='bbox 603 3603 650 3662; x_wconf 90' lang='lat' dir='ltr'>des</span> <span class='ocrx_word' id='word_1_501' title='bbox 665 3603 801 3684; x_wconf 82' lang='lat' dir='ltr'><strong>palpebris</strong></span> <span class='ocrx_word' id='word_1_502' title='bbox 814 3602 869 3661; x_wconf 88' lang='lat' dir='ltr'><strong>tuis</strong></span> <span class='ocrx_word' id='word_1_503' title='bbox 920 3608 986 3683; x_wconf 86' lang='grc' dir='ltr'>πρὸς</span> <span class='ocrx_word' id='word_1_504' title='bbox 1000 3608 1088 3669; x_wconf 82' lang='grc' dir='ltr'>αὐτόν.</span> <span class='ocrx_word' id='word_1_505' title='bbox 1104 3609 1176 3692; x_wconf 87' lang='grc' dir='ltr'>Ὅρα</span> <span class='ocrx_word' id='word_1_506' title='bbox 1186 3600 1240 3680; x_wconf 76' lang='grc' dir='ltr'>οῦν,</span> <span class='ocrx_word' id='word_1_507' title='bbox 1253 3611 1396 3688; x_wconf 79' lang='grc' dir='ltr'>άγαπητὲ,</span> <span class='ocrx_word' id='word_1_508' title='bbox 1409 3613 1450 3688; x_wconf 74' lang='grc' dir='ltr'>μὴ</span> <span class='ocrx_word' id='word_1_509' title='bbox 1467 3601 1690 3690; x_wconf 63' lang='grc' dir='ltr'>ἐπένυστοῖπςσοῑς</span> 
     </span>
     <span class='ocr_line' id='line_1_51' title="bbox 126 3681 1689 3776; baseline 0.01 -36"><span class='ocrx_word' id='word_1_510' title='bbox 126 3681 343 3740; x_wconf 86' lang='lat' dir='ltr'><strong>dormitationem</strong></span> <span class='ocrx_word' id='word_1_511' title='bbox 364 3707 369 3738; x_wconf 93' lang='lat'>:</span> <span class='ocrx_word' id='word_1_512' title='bbox 390 3704 508 3741; x_wconf 80' lang='lat' dir='ltr'><strong>carone</strong></span> <span class='ocrx_word' id='word_1_513' title='bbox 531 3683 657 3742; x_wconf 83' lang='lat' dir='ltr'><strong>dormitet</strong></span> <span class='ocrx_word' id='word_1_514' title='bbox 682 3683 730 3761; x_wconf 93' lang='lat' dir='ltr'>qui</span> <span class='ocrx_word' id='word_1_515' title='bbox 750 3681 869 3742; x_wconf 87' lang='lat' dir='ltr'><strong>custodit</strong></span> <span class='ocrx_word' id='word_1_516' title='bbox 923 3685 1075 3766; x_wconf 85' lang='grc' dir='ltr'>βλεφάροις·</span> <span class='ocrx_word' id='word_1_517' title='bbox 1100 3689 1150 3771; x_wconf 82' lang='grc' dir='ltr'>ὅρα</span> <span class='ocrx_word' id='word_1_518' title='bbox 1173 3681 1217 3747; x_wconf 75' lang='grc' dir='ltr'>οὖν</span> <span class='ocrx_word' id='word_1_519' title='bbox 1240 3687 1277 3765; x_wconf 80' lang='grc' dir='ltr'>μὴ</span> <span class='ocrx_word' id='word_1_520' title='bbox 1305 3692 1429 3766; x_wconf 82' lang='grc' dir='ltr'>νυστάξη</span> <span class='ocrx_word' id='word_1_521' title='bbox 1455 3699 1471 3753; x_wconf 86' lang='grc' dir='ltr'>ό</span> <span class='ocrx_word' id='word_1_522' title='bbox 1498 3686 1638 3776; x_wconf 76' lang='grc' dir='ltr'>φυλάσσων</span> <span class='ocrx_word' id='word_1_523' title='bbox 1654 3722 1689 3756; x_wconf 87' lang='grc' dir='ltr'>τε·</span> 
     </span>
     <span class='ocr_line' id='line_1_52' title="bbox 51 3758 1691 3848; baseline 0.015 -35"><span class='ocrx_word' id='word_1_524' title='bbox 51 3768 113 3816; x_wconf 83' lang='lat'>.5.8.</span> <span class='ocrx_word' id='word_1_525' title='bbox 126 3775 160 3821; x_wconf 89' lang='lat' dir='ltr'>te.</span> <span class='ocrx_word' id='word_1_526' title='bbox 176 3763 205 3820; x_wconf 96' lang='lat' dir='ltr'>ln</span> <span class='ocrx_word' id='word_1_527' title='bbox 217 3761 332 3820; x_wconf 90' lang='lat' dir='ltr'><strong>circuitu</strong></span> <span class='ocrx_word' id='word_1_528' title='bbox 348 3762 427 3842; x_wconf 90' lang='lat' dir='ltr'><strong>impii</strong></span> <span class='ocrx_word' id='word_1_529' title='bbox 440 3762 589 3836; x_wconf 86' lang='lat' dir='ltr'><strong>ambulant,</strong></span> <span class='ocrx_word' id='word_1_530' title='bbox 605 3765 806 3823; x_wconf 83' lang='lat' dir='ltr'><strong>Adversarius</strong></span> <span class='ocrx_word' id='word_1_531' title='bbox 818 3784 869 3821; x_wconf 82' lang='lat' dir='ltr'>ve·</span> <span class='ocrx_word' id='word_1_532' title='bbox 921 3765 1010 3825; x_wconf 88' lang='grc' dir='ltr'>κύκλω</span> <span class='ocrx_word' id='word_1_533' title='bbox 1035 3772 1058 3828; x_wconf 81' lang='grc' dir='ltr'>οἱ</span> <span class='ocrx_word' id='word_1_534' title='bbox 1080 3769 1183 3837; x_wconf 82' lang='grc' dir='ltr'>ἀσεόεῑς</span> <span class='ocrx_word' id='word_1_535' title='bbox 1209 3758 1458 3848; x_wconf 69' lang='grc' dir='ltr'>περιπατοῦσι·”0</span> <span class='ocrx_word' id='word_1_536' title='bbox 1477 3777 1613 3846; x_wconf 77' lang='grc' dir='ltr'>ἀντίδικος</span> <span class='ocrx_word' id='word_1_537' title='bbox 1633 3783 1691 3837; x_wconf 73' lang='grc' dir='ltr'>θοῦν</span> 
     </span>
     <span class='ocr_line' id='line_1_53' title="bbox 125 3836 1689 3930; baseline 0.01 -29"><span class='ocrx_word' id='word_1_538' title='bbox 125 3856 185 3902; x_wconf 86' lang='lat' dir='ltr'><strong>ster</strong></span> <span class='ocrx_word' id='word_1_539' title='bbox 205 3843 341 3901; x_wconf 67' lang='lat' dir='ltr'><strong>deuotus</strong></span> <span class='ocrx_word' id='word_1_540' title='bbox 367 3855 511 3923; x_wconf 83' lang='lat' dir='ltr'><strong>tanquam</strong></span> <span class='ocrx_word' id='word_1_541' title='bbox 537 3844 582 3901; x_wconf 87' lang='lat' dir='ltr'>leo</span> <span class='ocrx_word' id='word_1_542' title='bbox 612 3848 728 3924; x_wconf 81' lang='lat' dir='ltr'><strong>rugiens</strong></span> <span class='ocrx_word' id='word_1_543' title='bbox 753 3846 867 3915; x_wconf 86' lang='lat' dir='ltr'><strong>circuit,</strong></span> <span class='ocrx_word' id='word_1_544' title='bbox 877 3878 914 3916; x_wconf 65' lang='grc' dir='ltr'>ῃ,</span> <span class='ocrx_word' id='word_1_545' title='bbox 923 3845 998 3903; x_wconf 82' lang='grc' dir='ltr'>διάόο</span> <span class='ocrx_word' id='word_1_546' title='bbox 1016 3870 1043 3914; x_wconf 87' lang='grc' dir='ltr'>ος</span> <span class='ocrx_word' id='word_1_547' title='bbox 1068 3852 1103 3916; x_wconf 81' lang='grc' dir='ltr'>ὡς</span> <span class='ocrx_word' id='word_1_548' title='bbox 1124 3848 1190 3908; x_wconf 85' lang='grc' dir='ltr'>λέων</span> <span class='ocrx_word' id='word_1_549' title='bbox 1210 3848 1357 3930; x_wconf 86' lang='grc' dir='ltr'>ὠρυόμενος</span> <span class='ocrx_word' id='word_1_550' title='bbox 1384 3855 1464 3924; x_wconf 83' lang='grc' dir='ltr'>ζητεῖ</span> <span class='ocrx_word' id='word_1_551' title='bbox 1493 3856 1558 3916; x_wconf 89' lang='grc' dir='ltr'>τίνα</span> <span class='ocrx_word' id='word_1_552' title='bbox 1581 3836 1689 3928; x_wconf 58' lang='grc' dir='ltr'>κατοίσω.</span> 
     </span>
     <span class='ocr_line' id='line_1_54' title="bbox 125 3923 1691 4011; baseline 0.004 -32"><span class='ocrx_word' id='word_1_553' title='bbox 125 3943 258 4001; x_wconf 74' lang='lat' dir='ltr'><strong>quereus</strong></span> <span class='ocrx_word' id='word_1_554' title='bbox 278 3944 362 4002; x_wconf 87' lang='lat' dir='ltr'><strong>quem</strong></span> <span class='ocrx_word' id='word_1_555' title='bbox 378 3924 503 3982; x_wconf 82' lang='lat' dir='ltr'><strong>devoret.</strong></span> <span class='ocrx_word' id='word_1_556' title='bbox 527 3923 591 3981; x_wconf 70' lang='lat' dir='ltr'><strong>Haec</strong></span> <span class='ocrx_word' id='word_1_557' title='bbox 609 3945 670 3982; x_wconf 92' lang='lat' dir='ltr'>cum</span> <span class='ocrx_word' id='word_1_558' title='bbox 686 3923 811 3995; x_wconf 84' lang='lat' dir='ltr'><strong>sciamus,</strong></span> <span class='ocrx_word' id='word_1_559' title='bbox 832 3923 869 3980; x_wconf 85' lang='lat' dir='ltr'>sr-</span> <span class='ocrx_word' id='word_1_560' title='bbox 886 3934 906 3979; x_wconf 76' lang='lat' dir='ltr'>A</span> <span class='ocrx_word' id='word_1_561' title='bbox 923 3928 1017 3984; x_wconf 85' lang='grc' dir='ltr'>Ταῦτα</span> <span class='ocrx_word' id='word_1_562' title='bbox 1041 3927 1151 3998; x_wconf 86' lang='grc' dir='ltr'>εἰδότες,</span> <span class='ocrx_word' id='word_1_563' title='bbox 1172 3931 1274 4001; x_wconf 88' lang='grc' dir='ltr'>τεκνία,</span> <span class='ocrx_word' id='word_1_564' title='bbox 1295 3929 1478 4011; x_wconf 68' lang='grc' dir='ltr'>διεγείρωμεσ</span> <span class='ocrx_word' id='word_1_565' title='bbox 1501 3926 1691 4008; x_wconf 37' lang='lat' dir='ltr'>{mmmm}-</span> 
     </span>
    </p>
   </div>
   <div class='ocr_carea' id='block_1_5' title="bbox 121 4000 870 5115">
    <p class='ocr_par' dir='ltr' id='par_1_7' title="bbox 121 4000 870 5115">
     <span class='ocr_line' id='line_1_55' title="bbox 125 4000 868 4084; baseline 0.001 -25"><span class='ocrx_word' id='word_1_566' title='bbox 125 4000 192 4074; x_wconf 89' lang='lat' dir='ltr'><strong>lioli,</strong></span> <span class='ocrx_word' id='word_1_567' title='bbox 214 4001 265 4082; x_wconf 80' lang='lat' dir='ltr'><strong>ipsi</strong></span> <span class='ocrx_word' id='word_1_568' title='bbox 279 4023 327 4060; x_wconf 92' lang='lat' dir='ltr'>nos</span> <span class='ocrx_word' id='word_1_569' title='bbox 340 4002 495 4076; x_wconf 80' lang='lat' dir='ltr'><strong>excitemus,</strong></span> <span class='ocrx_word' id='word_1_570' title='bbox 508 4002 593 4061; x_wconf 92' lang='lat' dir='ltr'><strong>simus</strong></span> <span class='ocrx_word' id='word_1_571' title='bbox 606 4002 693 4084; x_wconf 88' lang='lat' dir='ltr'><strong>parati</strong></span> <span class='ocrx_word' id='word_1_572' title='bbox 708 4001 743 4061; x_wconf 92' lang='lat' dir='ltr'>ad</span> <span class='ocrx_word' id='word_1_573' title='bbox 756 4001 868 4076; x_wconf 90' lang='lat' dir='ltr'><strong>bellum,</strong></span> 
     </span>
     <span class='ocr_line' id='line_1_56' title="bbox 125 4081 870 4162; baseline 0.003 -24"><span class='ocrx_word' id='word_1_574' title='bbox 125 4094 204 4158; x_wconf 91' lang='lat' dir='ltr'><strong>atque</strong></span> <span class='ocrx_word' id='word_1_575' title='bbox 219 4083 315 4139; x_wconf 88' lang='lat' dir='ltr'><strong>iterum</strong></span> <span class='ocrx_word' id='word_1_576' title='bbox 327 4081 408 4161; x_wconf 90' lang='lat' dir='ltr'><strong>paulo</strong></span> <span class='ocrx_word' id='word_1_577' title='bbox 422 4095 511 4161; x_wconf 87' lang='lat' dir='ltr'><strong>postea</strong></span> <span class='ocrx_word' id='word_1_578' title='bbox 525 4081 609 4140; x_wconf 90' lang='lat' dir='ltr'><strong>simus</strong></span> <span class='ocrx_word' id='word_1_579' title='bbox 620 4083 718 4162; x_wconf 86' lang='lat' dir='ltr'><strong>promti</strong></span> <span class='ocrx_word' id='word_1_580' title='bbox 731 4081 766 4139; x_wconf 93' lang='lat' dir='ltr'>ad</span> <span class='ocrx_word' id='word_1_581' title='bbox 779 4082 870 4141; x_wconf 87' lang='lat' dir='ltr'><strong>defen·</strong></span> 
     </span>
     <span class='ocr_line' id='line_1_57' title="bbox 126 4159 869 4239; baseline 0.003 -21"><span class='ocrx_word' id='word_1_582' title='bbox 126 4159 237 4219; x_wconf 90' lang='lat' dir='ltr'><strong>sionem.</strong></span> <span class='ocrx_word' id='word_1_583' title='bbox 253 4164 400 4239; x_wconf 83' lang='lat' dir='ltr'><strong>Quousque</strong></span> <span class='ocrx_word' id='word_1_584' title='bbox 411 4183 463 4219; x_wconf 92' lang='lat' dir='ltr'><strong>nou</strong></span> <span class='ocrx_word' id='word_1_585' title='bbox 475 4160 642 4221; x_wconf 90' lang='lat' dir='ltr'><strong>attendemus</strong></span> <span class='ocrx_word' id='word_1_586' title='bbox 654 4161 745 4221; x_wconf 88' lang='lat' dir='ltr'><strong>verbis</strong></span> <span class='ocrx_word' id='word_1_587' title='bbox 758 4161 869 4220; x_wconf 90' lang='lat' dir='ltr'><strong>Domini</strong></span> 
     </span>
     <span class='ocr_line' id='line_1_58' title="bbox 125 4238 868 4330; baseline 0.007 -34"><span class='ocrx_word' id='word_1_588' title='bbox 125 4238 239 4298; x_wconf 88' lang='lat' dir='ltr'><strong>diccutis</strong></span> <span class='ocrx_word' id='word_1_589' title='bbox 246 4285 254 4313; x_wconf 93' lang='lat'>,</span> <span class='ocrx_word' id='word_1_590' title='bbox 264 4243 368 4298; x_wconf 83' lang='lat' dir='ltr'><strong>Estote</strong></span> <span class='ocrx_word' id='word_1_591' title='bbox 372 4245 485 4330; x_wconf 79' lang='lat' dir='ltr'><strong>parati,</strong></span> <span class='ocrx_word' id='word_1_592' title='bbox 495 4240 624 4300; x_wconf 89' lang='lat' dir='ltr'><strong>nimirum</strong></span> <span class='ocrx_word' id='word_1_593' title='bbox 633 4241 669 4301; x_wconf 91' lang='lat' dir='ltr'>ad</span> <span class='ocrx_word' id='word_1_594' title='bbox 678 4240 868 4321; x_wconf 88' lang='lat' dir='ltr'><strong>profectionem</strong></span> 
     </span>
     <span class='ocr_line' id='line_1_59' title="bbox 125 4317 868 4401; baseline 0.008 -27"><span class='ocrx_word' id='word_1_595' title='bbox 125 4339 159 4375; x_wconf 86' lang='lat' dir='ltr'>ex</span> <span class='ocrx_word' id='word_1_596' title='bbox 170 4317 220 4376; x_wconf 86' lang='lat' dir='ltr'><strong>bac</strong></span> <span class='ocrx_word' id='word_1_597' title='bbox 234 4319 314 4377; x_wconf 80' lang='lat' dir='ltr'><strong>vita?</strong></span> <span class='ocrx_word' id='word_1_598' title='bbox 329 4318 432 4377; x_wconf 80' lang='lat' dir='ltr'><strong>Deinde</strong></span> <span class='ocrx_word' id='word_1_599' title='bbox 440 4320 537 4381; x_wconf 80' lang='lat' dir='ltr'><strong>ludice</strong></span> <span class='ocrx_word' id='word_1_600' title='bbox 552 4334 615 4380; x_wconf 90' lang='lat' dir='ltr'><strong>tunc</strong></span> <span class='ocrx_word' id='word_1_601' title='bbox 625 4322 761 4401; x_wconf 87' lang='lat' dir='ltr'><strong>aperiente</strong></span> <span class='ocrx_word' id='word_1_602' title='bbox 774 4321 868 4397; x_wconf 87' lang='lat' dir='ltr'><strong>libros,</strong></span> 
     </span>
     <span class='ocr_line' id='line_1_60' title="bbox 124 4397 868 4477; baseline 0.009 -23"><span class='ocrx_word' id='word_1_603' title='bbox 124 4417 177 4455; x_wconf 92' lang='lat' dir='ltr'>non</span> <span class='ocrx_word' id='word_1_604' title='bbox 200 4397 268 4456; x_wconf 85' lang='lat' dir='ltr'><strong>alios</strong></span> <span class='ocrx_word' id='word_1_605' title='bbox 288 4411 429 4457; x_wconf 79' lang='lat' dir='ltr'><strong>extraneos</strong></span> <span class='ocrx_word' id='word_1_606' title='bbox 446 4420 514 4476; x_wconf 90' lang='lat' dir='ltr'><strong>quos</strong></span> <span class='ocrx_word' id='word_1_607' title='bbox 530 4421 583 4459; x_wconf 91' lang='lat' dir='ltr'>non</span> <span class='ocrx_word' id='word_1_608' title='bbox 597 4401 735 4477; x_wconf 87' lang='lat' dir='ltr'><strong>novimus,</strong></span> <span class='ocrx_word' id='word_1_609' title='bbox 753 4401 801 4459; x_wconf 90' lang='lat' dir='ltr'>sed</span> <span class='ocrx_word' id='word_1_610' title='bbox 819 4402 868 4461; x_wconf 77' lang='lat' dir='ltr'><strong>lios</strong></span> 
     </span>
     <span class='ocr_line' id='line_1_61' title="bbox 124 4477 867 4567; baseline 0.008 -34"><span class='ocrx_word' id='word_1_611' title='bbox 124 4497 190 4554; x_wconf 86' lang='lat' dir='ltr'><strong>quos</strong></span> <span class='ocrx_word' id='word_1_612' title='bbox 208 4477 422 4536; x_wconf 79' lang='lat' dir='ltr'><strong>circumferimus</strong></span> <span class='ocrx_word' id='word_1_613' title='bbox 436 4499 468 4535; x_wconf 86' lang='lat' dir='ltr'><strong>ac</strong></span> <span class='ocrx_word' id='word_1_614' title='bbox 481 4479 601 4567; x_wconf 89' lang='lat' dir='ltr'><strong>quotidie</strong></span> <span class='ocrx_word' id='word_1_615' title='bbox 613 4481 729 4559; x_wconf 87' lang='lat' dir='ltr'><strong>legimus</strong></span> <span class='ocrx_word' id='word_1_616' title='bbox 743 4494 769 4540; x_wconf 91' lang='lat' dir='ltr'>et</span> <span class='ocrx_word' id='word_1_617' title='bbox 783 4480 867 4540; x_wconf 90' lang='lat' dir='ltr'><strong>audi-</strong></span> 
     </span>
     <span class='ocr_line' id='line_1_62' title="bbox 124 4555 869 4636; baseline 0.009 -22"><span class='ocrx_word' id='word_1_618' title='bbox 124 4575 196 4631; x_wconf 88' lang='lat' dir='ltr'><strong>mus,</strong></span> <span class='ocrx_word' id='word_1_619' title='bbox 219 4557 265 4634; x_wconf 91' lang='lat' dir='ltr'>qui</span> <span class='ocrx_word' id='word_1_620' title='bbox 286 4555 364 4614; x_wconf 89' lang='lat' dir='ltr'><strong>nobis</strong></span> <span class='ocrx_word' id='word_1_621' title='bbox 384 4556 411 4614; x_wconf 93' lang='lat' dir='ltr'>in</span> <span class='ocrx_word' id='word_1_622' title='bbox 426 4560 702 4636; x_wconf 81' lang='lat' dir='ltr'><strong>causis-quibuslibet</strong></span> <span class='ocrx_word' id='word_1_623' title='bbox 723 4560 869 4621; x_wconf 89' lang='lat' dir='ltr'><strong>ostendunt</strong></span> 
     </span>
     <span class='ocr_line' id='line_1_63' title="bbox 124 4635 868 4720; baseline 0.008 -28"><span class='ocrx_word' id='word_1_624' title='bbox 124 4635 255 4714; x_wconf 82' lang='lat' dir='ltr'><strong>cujusque</strong></span> <span class='ocrx_word' id='word_1_625' title='bbox 268 4635 394 4716; x_wconf 76' lang='lat' dir='ltr'><strong>precepti</strong></span> <span class='ocrx_word' id='word_1_626' title='bbox 408 4635 631 4710; x_wconf 85' lang='lat' dir='ltr'><strong>observationem,</strong></span> <span class='ocrx_word' id='word_1_627' title='bbox 645 4639 711 4717; x_wconf 92' lang='lat' dir='ltr'><strong>quid</strong></span> <span class='ocrx_word' id='word_1_628' title='bbox 725 4639 868 4720; x_wconf 89' lang='lat' dir='ltr'><strong>responde-</strong></span> 
     </span>
     <span class='ocr_line' id='line_1_64' title="bbox 123 4712 867 4798; baseline 0.011 -26"><span class='ocrx_word' id='word_1_629' title='bbox 123 4713 238 4774; x_wconf 77' lang='lat' dir='ltr'><strong>bimus?</strong></span> <span class='ocrx_word' id='word_1_630' title='bbox 257 4714 392 4793; x_wconf 85' lang='lat' dir='ltr'><strong>quomodo</strong></span> <span class='ocrx_word' id='word_1_631' title='bbox 407 4736 451 4774; x_wconf 91' lang='lat' dir='ltr'>eos</span> <span class='ocrx_word' id='word_1_632' title='bbox 464 4712 617 4791; x_wconf 84' lang='lat' dir='ltr'><strong>latebimus,</strong></span> <span class='ocrx_word' id='word_1_633' title='bbox 633 4740 700 4796; x_wconf 91' lang='lat' dir='ltr'><strong>quos</strong></span> <span class='ocrx_word' id='word_1_634' title='bbox 714 4713 867 4798; x_wconf 90' lang='lat' dir='ltr'><strong>persequuti</strong></span> 
     </span>
     <span class='ocr_line' id='line_1_65' title="bbox 123 4794 868 4873; baseline 0.012 -23"><span class='ocrx_word' id='word_1_635' title='bbox 123 4813 227 4870; x_wconf 90' lang='lat' dir='ltr'><strong>sumus,</strong></span> <span class='ocrx_word' id='word_1_636' title='bbox 249 4795 292 4853; x_wconf 87' lang='lat' dir='ltr'>vel</span> <span class='ocrx_word' id='word_1_637' title='bbox 315 4794 382 4854; x_wconf 88' lang='lat' dir='ltr'><strong>alios</strong></span> <span class='ocrx_word' id='word_1_638' title='bbox 402 4816 469 4873; x_wconf 89' lang='lat' dir='ltr'><strong>quos</strong></span> <span class='ocrx_word' id='word_1_639' title='bbox 492 4798 692 4870; x_wconf 90' lang='lat' dir='ltr'><strong>contemsimus,</strong></span> <span class='ocrx_word' id='word_1_640' title='bbox 711 4799 754 4857; x_wconf 83' lang='lat' dir='ltr'>vel</span> <span class='ocrx_word' id='word_1_641' title='bbox 774 4800 868 4859; x_wconf 90' lang='lat' dir='ltr'><strong>multis</strong></span> 
     </span>
     <span class='ocr_line' id='line_1_66' title="bbox 122 4873 867 4958; baseline 0.012 -29"><span class='ocrx_word' id='word_1_642' title='bbox 122 4873 261 4932; x_wconf 79' lang='lat' dir='ltr'><strong>allecimus</strong></span> <span class='ocrx_word' id='word_1_643' title='bbox 274 4874 361 4946; x_wconf 89' lang='lat' dir='ltr'><strong>malis,</strong></span> <span class='ocrx_word' id='word_1_644' title='bbox 377 4877 496 4935; x_wconf 79' lang='lat' dir='ltr'><strong>manime</strong></span> <span class='ocrx_word' id='word_1_645' title='bbox 509 4897 572 4935; x_wconf 83' lang='lat' dir='ltr'><strong>vero</strong></span> <span class='ocrx_word' id='word_1_646' title='bbox 586 4898 641 4954; x_wconf 89' lang='lat' dir='ltr'><strong>eos,</strong></span> <span class='ocrx_word' id='word_1_647' title='bbox 657 4877 704 4955; x_wconf 91' lang='lat' dir='ltr'>qui</span> <span class='ocrx_word' id='word_1_648' title='bbox 719 4900 804 4958; x_wconf 91' lang='lat' dir='ltr'><strong>prope</strong></span> <span class='ocrx_word' id='word_1_649' title='bbox 816 4882 867 4941; x_wconf 83' lang='lat' dir='ltr'><strong>lu·</strong></span> 
     </span>
     <span class='ocr_line' id='line_1_67' title="bbox 122 4950 863 5033; baseline 0.009 -23"><span class='ocrx_word' id='word_1_650' title='bbox 122 4950 211 5011; x_wconf 89' lang='lat' dir='ltr'><strong>dicem</strong></span> <span class='ocrx_word' id='word_1_651' title='bbox 232 4951 367 5012; x_wconf 89' lang='lat' dir='ltr'><strong>adstantes</strong></span> <span class='ocrx_word' id='word_1_652' title='bbox 386 4953 561 5014; x_wconf 88' lang='lat' dir='ltr'><strong>clamabunt:</strong></span> <span class='ocrx_word' id='word_1_653' title='bbox 576 4956 755 5018; x_wconf 89' lang='lat' dir='ltr'><strong>Vindicanos</strong></span> <span class='ocrx_word' id='word_1_654' title='bbox 773 4980 863 5033; x_wconf 89' lang='lat' dir='ltr'><strong>nunc,</strong></span> 
     </span>
     <span class='ocr_line' id='line_1_68' title="bbox 121 5031 865 5115; baseline 0.015 -28"><span class='ocrx_word' id='word_1_655' title='bbox 121 5031 257 5090; x_wconf 89' lang='lat' dir='ltr'><strong>Domine:</strong></span> <span class='ocrx_word' id='word_1_656' title='bbox 271 5035 344 5090; x_wconf 92' lang='lat' dir='ltr'><strong>Deus</strong></span> <span class='ocrx_word' id='word_1_657' title='bbox 357 5033 429 5091; x_wconf 89' lang='lat' dir='ltr'><strong>euim</strong></span> <span class='ocrx_word' id='word_1_658' title='bbox 444 5033 576 5094; x_wconf 91' lang='lat' dir='ltr'><strong>ultionum</strong></span> <span class='ocrx_word' id='word_1_659' title='bbox 588 5058 624 5095; x_wconf 91' lang='lat' dir='ltr'>es.</span> <span class='ocrx_word' id='word_1_660' title='bbox 640 5040 702 5098; x_wconf 67' lang='lat' dir='ltr'><strong>,lam</strong></span> <span class='ocrx_word' id='word_1_661' title='bbox 716 5037 782 5115; x_wconf 91' lang='lat' dir='ltr'><strong>quid</strong></span> <span class='ocrx_word' id='word_1_662' title='bbox 797 5039 865 5099; x_wconf 81' lang='lat' dir='ltr'><strong>facto</strong></span> 
     </span>
    </p>
   </div>
   <div class='ocr_carea' id='block_1_6' title="bbox 918 4008 1690 5048">
    <p class='ocr_par' dir='ltr' id='par_1_8' title="bbox 918 4008 1690 5048">
     <span class='ocr_line' id='line_1_69' title="bbox 922 4008 1689 4096; baseline 0.021 -34"><span class='ocrx_word' id='word_1_663' title='bbox 922 4009 1065 4084; x_wconf 83' lang='grc' dir='ltr'>μασθῶμεν</span> <span class='ocrx_word' id='word_1_664' title='bbox 1090 4008 1155 4089; x_wconf 84' lang='grc' dir='ltr'>πρδς</span> <span class='ocrx_word' id='word_1_665' title='bbox 1179 4009 1323 4085; x_wconf 86' lang='grc' dir='ltr'>πολέμους,</span> <span class='ocrx_word' id='word_1_666' title='bbox 1343 4012 1395 4069; x_wconf 82' lang='grc' dir='ltr'>καί</span> <span class='ocrx_word' id='word_1_667' title='bbox 1419 4015 1512 4074; x_wconf 83' lang='grc' dir='ltr'>πάλιν</span> <span class='ocrx_word' id='word_1_668' title='bbox 1531 4017 1600 4095; x_wconf 73' lang='grc' dir='ltr'>μετὰ</span> <span class='ocrx_word' id='word_1_669' title='bbox 1615 4017 1689 4096; x_wconf 73' lang='grc' dir='ltr'>μικρὸν</span> 
     </span>
     <span class='ocr_line' id='line_1_70' title="bbox 921 4078 1690 4168; baseline 0.016 -25"><span class='ocrx_word' id='word_1_670' title='bbox 921 4087 1021 4163; x_wconf 77' lang='grc' dir='ltr'>ἕτοιμοι</span> <span class='ocrx_word' id='word_1_671' title='bbox 1046 4086 1183 4165; x_wconf 82' lang='grc' dir='ltr'>γενώμεθα</span> <span class='ocrx_word' id='word_1_672' title='bbox 1205 4088 1269 4168; x_wconf 85' lang='grc' dir='ltr'>πρός</span> <span class='ocrx_word' id='word_1_673' title='bbox 1295 4091 1384 4148; x_wconf 81' lang='grc' dir='ltr'>άπολο</span> <span class='ocrx_word' id='word_1_674' title='bbox 1405 4091 1459 4153; x_wconf 85' lang='grc' dir='ltr'>ίαν.</span> <span class='ocrx_word' id='word_1_675' title='bbox 1491 4094 1568 4165; x_wconf 81' lang='grc' dir='ltr'>Ἕως</span> <span class='ocrx_word' id='word_1_676' title='bbox 1592 4078 1690 4158; x_wconf 65' lang='lat' dir='ltr'><strong>elau</strong></span> 
     </span>
     <span class='ocr_line' id='line_1_71' title="bbox 920 4114 1689 4254; baseline 0.016 -30"><span class='ocrx_word' id='word_1_677' title='bbox 920 4165 1086 4246; x_wconf 65' lang='grc' dir='ltr'>προσάγομεν</span> <span class='ocrx_word' id='word_1_678' title='bbox 1099 4178 1154 4235; x_wconf 85' lang='grc' dir='ltr'>τοῖς</span> <span class='ocrx_word' id='word_1_679' title='bbox 1163 4166 1248 4246; x_wconf 77' lang='grc' dir='ltr'>λόγοις</span> <span class='ocrx_word' id='word_1_680' title='bbox 1258 4171 1305 4226; x_wconf 88' lang='grc' dir='ltr'>τοῦ</span> <span class='ocrx_word' id='word_1_681' title='bbox 1320 4114 1425 4249; x_wconf 76' lang='grc' dir='ltr'>Κυρίου</span> <span class='ocrx_word' id='word_1_682' title='bbox 1444 4174 1591 4254; x_wconf 82' lang='grc' dir='ltr'>λέγοντος,</span> <span class='ocrx_word' id='word_1_683' title='bbox 1604 4179 1689 4237; x_wconf 76' lang='grc' dir='ltr'>Γίνεσθε</span> 
     </span>
     <span class='ocr_line' id='line_1_72' title="bbox 920 4245 1690 4335; baseline 0.014 -32"><span class='ocrx_word' id='word_1_684' title='bbox 920 4245 1035 4323; x_wconf 72' lang='grc' dir='ltr'>ἕτοιμοι,</span> <span class='ocrx_word' id='word_1_685' title='bbox 1063 4247 1183 4319; x_wconf 86' lang='grc' dir='ltr'>δηλονότι</span> <span class='ocrx_word' id='word_1_686' title='bbox 1213 4249 1278 4326; x_wconf 85' lang='grc' dir='ltr'>πρὸς</span> <span class='ocrx_word' id='word_1_687' title='bbox 1303 4248 1352 4319; x_wconf 66' lang='grc' dir='ltr'>τὴν</span> <span class='ocrx_word' id='word_1_688' title='bbox 1379 4252 1508 4314; x_wconf 78' lang='grc' dir='ltr'>ἐντεῦθεν</span> <span class='ocrx_word' id='word_1_689' title='bbox 1542 4257 1690 4335; x_wconf 71' lang='grc' dir='ltr'>ἀποδημίαις</span> 
     </span>
     <span class='ocr_line' id='line_1_73' title="bbox 923 4317 1690 4414; baseline 0.01 -30"><span class='ocrx_word' id='word_1_690' title='bbox 923 4317 989 4384; x_wconf 77' lang='grc' dir='ltr'>Εἶτα</span> <span class='ocrx_word' id='word_1_691' title='bbox 1010 4334 1055 4386; x_wconf 91' lang='grc' dir='ltr'>τοῦ</span> <span class='ocrx_word' id='word_1_692' title='bbox 1072 4334 1161 4406; x_wconf 89' lang='grc' dir='ltr'>κριτοῦ</span> <span class='ocrx_word' id='word_1_693' title='bbox 1184 4327 1243 4387; x_wconf 89' lang='grc' dir='ltr'>τότε</span> <span class='ocrx_word' id='word_1_694' title='bbox 1269 4327 1424 4405; x_wconf 79' lang='grc' dir='ltr'>ἀνοίγοντος</span> <span class='ocrx_word' id='word_1_695' title='bbox 1444 4335 1500 4402; x_wconf 75' lang='grc' dir='ltr'>τὰς</span> <span class='ocrx_word' id='word_1_696' title='bbox 1523 4338 1639 4414; x_wconf 77' lang='grc' dir='ltr'>βίῦλονς,</span> <span class='ocrx_word' id='word_1_697' title='bbox 1652 4337 1690 4392; x_wconf 72' lang='grc' dir='ltr'>σία</span> 
     </span>
     <span class='ocr_line' id='line_1_74' title="bbox 921 4405 1689 4493; baseline 0.017 -30"><span class='ocrx_word' id='word_1_698' title='bbox 921 4405 1002 4472; x_wconf 85' lang='grc' dir='ltr'>άλλας</span> <span class='ocrx_word' id='word_1_699' title='bbox 1014 4405 1099 4479; x_wconf 85' lang='grc' dir='ltr'>ξένας,</span> <span class='ocrx_word' id='word_1_700' title='bbox 1108 4407 1138 4473; x_wconf 82' lang='grc' dir='ltr'>ἃς</span> <span class='ocrx_word' id='word_1_701' title='bbox 1152 4408 1200 4466; x_wconf 81' lang='grc' dir='ltr'>οὐκ</span> <span class='ocrx_word' id='word_1_702' title='bbox 1211 4408 1338 4483; x_wconf 83' lang='grc' dir='ltr'>ἔγνωμεν,</span> <span class='ocrx_word' id='word_1_703' title='bbox 1361 4411 1435 4471; x_wconf 71' lang='grc' dir='ltr'>ἀλλὰ</span> <span class='ocrx_word' id='word_1_704' title='bbox 1448 4413 1576 4490; x_wconf 85' lang='grc' dir='ltr'>ταύτας,</span> <span class='ocrx_word' id='word_1_705' title='bbox 1590 4417 1618 4484; x_wconf 71' lang='grc' dir='ltr'>ἃς</span> <span class='ocrx_word' id='word_1_706' title='bbox 1628 4438 1689 4493; x_wconf 73' lang='grc' dir='ltr'>περι-</span> 
     </span>
     <span class='ocr_line' id='line_1_75' title="bbox 920 4484 1689 4572; baseline 0.012 -29"><span class='ocrx_word' id='word_1_707' title='bbox 920 4484 1032 4566; x_wconf 82' lang='grc' dir='ltr'>φέρομεν</span> <span class='ocrx_word' id='word_1_708' title='bbox 1047 4487 1092 4544; x_wconf 85' lang='grc' dir='ltr'>καὶ</span> <span class='ocrx_word' id='word_1_709' title='bbox 1104 4490 1162 4545; x_wconf 84' lang='grc' dir='ltr'>καθ’</span> <span class='ocrx_word' id='word_1_710' title='bbox 1178 4487 1291 4558; x_wconf 83' lang='grc' dir='ltr'>ἑκάστην</span> <span class='ocrx_word' id='word_1_711' title='bbox 1311 4490 1545 4572; x_wconf 76' lang='grc' dir='ltr'>ἀναγινώσκομεν</span> <span class='ocrx_word' id='word_1_712' title='bbox 1557 4498 1600 4555; x_wconf 84' lang='grc' dir='ltr'>καί</span> <span class='ocrx_word' id='word_1_713' title='bbox 1613 4495 1689 4555; x_wconf 61' lang='grc' dir='ltr'>ἀκούω</span> 
     </span>
     <span class='ocr_line' id='line_1_76' title="bbox 920 4565 1688 4648; baseline 0.013 -27"><span class='ocrx_word' id='word_1_714' title='bbox 920 4587 978 4642; x_wconf 89' lang='grc' dir='ltr'>μιν,</span> <span class='ocrx_word' id='word_1_715' title='bbox 994 4565 1162 4633; x_wconf 79' lang='grc' dir='ltr'>δεικνυούσας</span> <span class='ocrx_word' id='word_1_716' title='bbox 1174 4571 1239 4643; x_wconf 68' lang='grc' dir='ltr'>ἡμῖν</span> <span class='ocrx_word' id='word_1_717' title='bbox 1252 4567 1321 4626; x_wconf 82' lang='grc' dir='ltr'>κατίι</span> <span class='ocrx_word' id='word_1_718' title='bbox 1337 4579 1435 4630; x_wconf 80' lang='grc' dir='ltr'>πᾶσαν</span> <span class='ocrx_word' id='word_1_719' title='bbox 1451 4575 1548 4633; x_wconf 82' lang='grc' dir='ltr'>αἰτίαν</span> <span class='ocrx_word' id='word_1_720' title='bbox 1562 4577 1609 4648; x_wconf 63' lang='grc' dir='ltr'>τὴν</span> <span class='ocrx_word' id='word_1_721' title='bbox 1620 4580 1688 4635; x_wconf 70' lang='lat' dir='ltr'><strong>des:-</strong></span> 
     </span>
     <span class='ocr_line' id='line_1_77' title="bbox 919 4640 1688 4738; baseline 0.009 -37"><span class='ocrx_word' id='word_1_722' title='bbox 919 4645 952 4715; x_wconf 80' lang='grc' dir='ltr'>λῆ</span> <span class='ocrx_word' id='word_1_723' title='bbox 966 4644 1012 4703; x_wconf 83' lang='grc' dir='ltr'>καλ</span> <span class='ocrx_word' id='word_1_724' title='bbox 1025 4644 1112 4717; x_wconf 86' lang='grc' dir='ltr'>πάσης</span> <span class='ocrx_word' id='word_1_725' title='bbox 1127 4648 1233 4718; x_wconf 78' lang='grc' dir='ltr'>ἐντολῆς</span> <span class='ocrx_word' id='word_1_726' title='bbox 1247 4645 1394 4727; x_wconf 77' lang='grc' dir='ltr'>ἐργασίαν·</span> <span class='ocrx_word' id='word_1_727' title='bbox 1408 4651 1436 4710; x_wconf 89' lang='grc' dir='ltr'>τί</span> <span class='ocrx_word' id='word_1_728' title='bbox 1450 4653 1488 4725; x_wconf 81' lang='grc' dir='ltr'>δὴ</span> <span class='ocrx_word' id='word_1_729' title='bbox 1505 4640 1688 4738; x_wconf 66' lang='grc' dir='ltr'>άπσκριθῶμίη</span> 
     </span>
     <span class='ocr_line' id='line_1_78' title="bbox 919 4722 1688 4814; baseline 0.013 -33"><span class='ocrx_word' id='word_1_730' title='bbox 919 4728 976 4789; x_wconf 82' lang='grc' dir='ltr'>πῶς</span> <span class='ocrx_word' id='word_1_731' title='bbox 995 4722 1028 4796; x_wconf 78' lang='grc' dir='ltr'>δὴ</span> <span class='ocrx_word' id='word_1_732' title='bbox 1052 4724 1176 4801; x_wconf 88' lang='grc' dir='ltr'>λάθωμεν</span> <span class='ocrx_word' id='word_1_733' title='bbox 1200 4724 1259 4794; x_wconf 78' lang='grc' dir='ltr'>τοὺς</span> <span class='ocrx_word' id='word_1_734' title='bbox 1281 4729 1346 4807; x_wconf 80' lang='grc' dir='ltr'>παρ’</span> <span class='ocrx_word' id='word_1_735' title='bbox 1368 4735 1453 4808; x_wconf 80' lang='grc' dir='ltr'>ἡμῶν</span> <span class='ocrx_word' id='word_1_736' title='bbox 1472 4735 1643 4814; x_wconf 64' lang='grc' dir='ltr'>διωχθέντας,</span> <span class='ocrx_word' id='word_1_737' title='bbox 1654 4734 1688 4791; x_wconf 76' lang='grc' dir='ltr'>καὶ</span> 
     </span>
     <span class='ocr_line' id='line_1_79' title="bbox 919 4803 1687 4885; baseline 0.02 -26"><span class='ocrx_word' id='word_1_738' title='bbox 919 4804 1022 4882; x_wconf 77' lang='grc' dir='ltr'>ἑτέρως</span> <span class='ocrx_word' id='word_1_739' title='bbox 1040 4807 1274 4885; x_wconf 84' lang='grc' dir='ltr'>περιφρονηθέντας</span> <span class='ocrx_word' id='word_1_740' title='bbox 1306 4808 1353 4867; x_wconf 83' lang='grc' dir='ltr'>καλ</span> <span class='ocrx_word' id='word_1_741' title='bbox 1383 4812 1479 4872; x_wconf 70' lang='grc' dir='ltr'>πολλὰ</span> <span class='ocrx_word' id='word_1_742' title='bbox 1507 4803 1582 4875; x_wconf 74' lang='lat' dir='ltr'><strong>&amp;iud</strong></span> <span class='ocrx_word' id='word_1_743' title='bbox 1608 4816 1687 4873; x_wconf 74' lang='grc' dir='ltr'>παθόν·</span> 
     </span>
     <span class='ocr_line' id='line_1_80' title="bbox 918 4882 1687 4975; baseline 0.021 -35"><span class='ocrx_word' id='word_1_744' title='bbox 918 4907 983 4954; x_wconf 75' lang='grc' dir='ltr'>τοις,</span> <span class='ocrx_word' id='word_1_745' title='bbox 1009 4882 1127 4960; x_wconf 82' lang='grc' dir='ltr'>μάλιστα</span> <span class='ocrx_word' id='word_1_746' title='bbox 1153 4885 1180 4945; x_wconf 75' lang='grc' dir='ltr'>δὲ</span> <span class='ocrx_word' id='word_1_747' title='bbox 1203 4885 1315 4957; x_wconf 86' lang='grc' dir='ltr'>πλησίον</span> <span class='ocrx_word' id='word_1_748' title='bbox 1336 4894 1388 4948; x_wconf 89' lang='grc' dir='ltr'>τοῦ</span> <span class='ocrx_word' id='word_1_749' title='bbox 1413 4900 1513 4972; x_wconf 87' lang='grc' dir='ltr'>κριτοῦ</span> <span class='ocrx_word' id='word_1_750' title='bbox 1537 4900 1687 4975; x_wconf 65' lang='grc' dir='ltr'>παρεστῶτες</span> 
     </span>
     <span class='ocr_line' id='line_1_81' title="bbox 918 4962 1685 5048; baseline 0.02 -26"><span class='ocrx_word' id='word_1_751' title='bbox 918 4962 963 5022; x_wconf 81' lang='grc' dir='ltr'>καὶ</span> <span class='ocrx_word' id='word_1_752' title='bbox 988 4966 1112 5040; x_wconf 88' lang='grc' dir='ltr'>βοῶντας,</span> <span class='ocrx_word' id='word_1_753' title='bbox 1134 4965 1282 5036; x_wconf 85' lang='grc' dir='ltr'>ἐκδίκησον,</span> <span class='ocrx_word' id='word_1_754' title='bbox 1302 4967 1397 5043; x_wconf 81' lang='grc' dir='ltr'>Κύριε,</span> <span class='ocrx_word' id='word_1_755' title='bbox 1410 4975 1489 5048; x_wconf 71' lang='grc' dir='ltr'>ἡμᾶς</span> <span class='ocrx_word' id='word_1_756' title='bbox 1512 4976 1616 5034; x_wconf 86' lang='grc' dir='ltr'>λοιπόν·</span> <span class='ocrx_word' id='word_1_757' title='bbox 1632 4972 1685 5036; x_wconf 68' lang='grc' dir='ltr'>Θεὸς</span> 
     </span>
    </p>
   </div>
   <div class='ocr_carea' id='block_1_7' title="bbox 917 5042 1682 5125">
    <p class='ocr_par' dir='ltr' id='par_1_9' title="bbox 917 5042 1682 5125">
     <span class='ocr_line' id='line_1_82' title="bbox 917 5042 1682 5125; baseline 0.013 -24"><span class='ocrx_word' id='word_1_758' title='bbox 917 5042 968 5122; x_wconf 73' lang='grc' dir='ltr'>γάρ</span> <span class='ocrx_word' id='word_1_759' title='bbox 982 5042 1142 5115; x_wconf 78' lang='grc' dir='ltr'>ἐκδικήσεων</span> <span class='ocrx_word' id='word_1_760' title='bbox 1160 5045 1215 5104; x_wconf 84' lang='grc' dir='ltr'>ὑπό</span> <span class='ocrx_word' id='word_1_761' title='bbox 1232 5068 1302 5125; x_wconf 78' lang='grc' dir='ltr'>χεις,</span> <span class='ocrx_word' id='word_1_762' title='bbox 1323 5047 1468 5112; x_wconf 83' lang='grc' dir='ltr'>Δέσποτα.</span> <span class='ocrx_word' id='word_1_763' title='bbox 1484 5056 1525 5114; x_wconf 90' lang='grc' dir='ltr'>Τί</span> <span class='ocrx_word' id='word_1_764' title='bbox 1539 5056 1626 5114; x_wconf 82' lang='grc' dir='ltr'>λοιπόν</span> <span class='ocrx_word' id='word_1_765' title='bbox 1642 5053 1682 5111; x_wconf 70' lang='grc' dir='ltr'>έθι</span> 
     </span>
    </p>
   </div>
   <div class='ocr_carea' id='block_1_8' title="bbox 120 5110 1681 5368">
    <p class='ocr_par' dir='ltr' id='par_1_10' title="bbox 120 5110 1681 5368">
     <span class='ocr_line' id='line_1_83' title="bbox 120 5110 1681 5215; baseline 0.017 -48"><span class='ocrx_word' id='word_1_766' title='bbox 120 5130 189 5188; x_wconf 91' lang='lat' dir='ltr'><strong>opus</strong></span> <span class='ocrx_word' id='word_1_767' title='bbox 205 5111 250 5186; x_wconf 91' lang='lat' dir='ltr'><strong>sit,</strong></span> <span class='ocrx_word' id='word_1_768' title='bbox 274 5110 357 5171; x_wconf 89' lang='lat' dir='ltr'><strong>dieite</strong></span> <span class='ocrx_word' id='word_1_769' title='bbox 379 5113 401 5180; x_wconf 83' lang='lat' dir='ltr'>si</span> <span class='ocrx_word' id='word_1_770' title='bbox 421 5113 608 5190; x_wconf 91' lang='lat' dir='ltr'><strong>nostis:nam,</strong></span> <span class='ocrx_word' id='word_1_771' title='bbox 632 5129 662 5175; x_wconf 92' lang='lat' dir='ltr'>ut</span> <span class='ocrx_word' id='word_1_772' title='bbox 673 5117 730 5195; x_wconf 86' lang='lat' dir='ltr'><strong>jam</strong></span> <span class='ocrx_word' id='word_1_773' title='bbox 753 5117 864 5177; x_wconf 91' lang='lat' dir='ltr'><strong>demon·</strong></span> <span class='ocrx_word' id='word_1_774' title='bbox 915 5125 1043 5195; x_wconf 79' lang='grc' dir='ltr'>ποιῆσαι,</span> <span class='ocrx_word' id='word_1_775' title='bbox 1068 5122 1175 5197; x_wconf 86' lang='grc' dir='ltr'>εἴπατε,</span> <span class='ocrx_word' id='word_1_776' title='bbox 1197 5148 1219 5183; x_wconf 88' lang='grc' dir='ltr'>ει</span> <span class='ocrx_word' id='word_1_777' title='bbox 1246 5148 1272 5182; x_wconf 89' lang='grc' dir='ltr'>τι</span> <span class='ocrx_word' id='word_1_778' title='bbox 1296 5127 1404 5187; x_wconf 76' lang='grc' dir='ltr'>οἴδατε·</span> <span class='ocrx_word' id='word_1_779' title='bbox 1430 5135 1470 5199; x_wconf 80' lang='grc' dir='ltr'>ὡς</span> <span class='ocrx_word' id='word_1_780' title='bbox 1501 5135 1555 5215; x_wconf 78' lang='grc' dir='ltr'>γὰρ</span> <span class='ocrx_word' id='word_1_781' title='bbox 1581 5141 1595 5195; x_wconf 76' lang='grc' dir='ltr'><strong>ὁ</strong></span> <span class='ocrx_word' id='word_1_782' title='bbox 1622 5133 1681 5207; x_wconf 69' lang='grc' dir='ltr'>λόγος</span> 
     </span>
     <span class='ocr_line' id='line_1_84' title="bbox 120 5191 1680 5293; baseline 0.014 -48"><span class='ocrx_word' id='word_1_783' title='bbox 120 5202 232 5247; x_wconf 85' lang='lat' dir='ltr'><strong>stratum</strong></span> <span class='ocrx_word' id='word_1_784' title='bbox 247 5191 308 5261; x_wconf 90' lang='lat' dir='ltr'><strong>fuit,</strong></span> <span class='ocrx_word' id='word_1_785' title='bbox 326 5191 494 5270; x_wconf 87' lang='lat' dir='ltr'><strong>impossibile</strong></span> <span class='ocrx_word' id='word_1_786' title='bbox 505 5208 543 5252; x_wconf 91' lang='lat' dir='ltr'>est</span> <span class='ocrx_word' id='word_1_787' title='bbox 561 5216 655 5253; x_wconf 90' lang='lat' dir='ltr'><strong>manus</strong></span> <span class='ocrx_word' id='word_1_788' title='bbox 670 5194 776 5257; x_wconf 81' lang='lat' dir='ltr'><strong>Judicis</strong></span> <span class='ocrx_word' id='word_1_789' title='bbox 790 5199 861 5256; x_wconf 83' lang='lat' dir='ltr'><strong>effu-</strong></span> <span class='ocrx_word' id='word_1_790' title='bbox 880 5213 898 5260; x_wconf 89' lang='lat' dir='ltr'>B</span> <span class='ocrx_word' id='word_1_791' title='bbox 916 5200 1060 5271; x_wconf 81' lang='grc' dir='ltr'>ἀπέδειξεν,</span> <span class='ocrx_word' id='word_1_792' title='bbox 1073 5202 1199 5263; x_wconf 72' lang='grc' dir='ltr'>ἀδύνατον</span> <span class='ocrx_word' id='word_1_793' title='bbox 1212 5202 1362 5285; x_wconf 80' lang='grc' dir='ltr'>τθςγεῑρας</span> <span class='ocrx_word' id='word_1_794' title='bbox 1374 5215 1423 5268; x_wconf 86' lang='grc' dir='ltr'>τοῦ</span> <span class='ocrx_word' id='word_1_795' title='bbox 1439 5222 1536 5293; x_wconf 83' lang='grc' dir='ltr'>κριτοῦ</span> <span class='ocrx_word' id='word_1_796' title='bbox 1551 5217 1680 5293; x_wconf 74' lang='grc' dir='ltr'>διαφυγεῖν·</span> 
     </span>
     <span class='ocr_line' id='line_1_85' title="bbox 120 5269 1678 5368; baseline 0.017 -44"><span class='ocrx_word' id='word_1_797' title='bbox 120 5285 193 5345; x_wconf 85' lang='lat' dir='ltr'><strong>gere,</strong></span> <span class='ocrx_word' id='word_1_798' title='bbox 208 5283 233 5327; x_wconf 93' lang='lat' dir='ltr'>et</span> <span class='ocrx_word' id='word_1_799' title='bbox 244 5269 343 5328; x_wconf 86' lang='lat' dir='ltr'><strong>scimus</strong></span> <span class='ocrx_word' id='word_1_800' title='bbox 356 5270 424 5329; x_wconf 90' lang='lat' dir='ltr'><strong>nihil</strong></span> <span class='ocrx_word' id='word_1_801' title='bbox 441 5293 502 5330; x_wconf 89' lang='lat' dir='ltr'>eum</span> <span class='ocrx_word' id='word_1_802' title='bbox 515 5273 605 5335; x_wconf 83' lang='lat' dir='ltr'><strong>latere.</strong></span> <span class='ocrx_word' id='word_1_803' title='bbox 622 5277 691 5335; x_wconf 80' lang='lat' dir='ltr'><strong>Nam</strong></span> <span class='ocrx_word' id='word_1_804' title='bbox 705 5289 730 5335; x_wconf 91' lang='lat' dir='ltr'>et</span> <span class='ocrx_word' id='word_1_805' title='bbox 745 5277 862 5338; x_wconf 89' lang='lat' dir='ltr'><strong>infernus</strong></span> <span class='ocrx_word' id='word_1_806' title='bbox 915 5280 960 5340; x_wconf 81' lang='grc' dir='ltr'>καὶ</span> <span class='ocrx_word' id='word_1_807' title='bbox 971 5279 1011 5340; x_wconf 81' lang='grc' dir='ltr'>δτι</span> <span class='ocrx_word' id='word_1_808' title='bbox 1026 5281 1097 5342; x_wconf 81' lang='grc' dir='ltr'>οόδέν</span> <span class='ocrx_word' id='word_1_809' title='bbox 1112 5282 1190 5342; x_wconf 82' lang='grc' dir='ltr'>αὐτὸν</span> <span class='ocrx_word' id='word_1_810' title='bbox 1205 5274 1329 5344; x_wconf 86' lang='grc' dir='ltr'>λανθάνει</span> <span class='ocrx_word' id='word_1_811' title='bbox 1338 5287 1483 5368; x_wconf 83' lang='grc' dir='ltr'>ἔγνωμεν·</span> <span class='ocrx_word' id='word_1_812' title='bbox 1500 5295 1542 5354; x_wconf 81' lang='grc' dir='ltr'>ὅτι</span> <span class='ocrx_word' id='word_1_813' title='bbox 1556 5297 1599 5354; x_wconf 82' lang='grc' dir='ltr'>καί</span> <span class='ocrx_word' id='word_1_814' title='bbox 1611 5292 1678 5368; x_wconf 66' lang='grc' dir='ltr'>δίδοι</span> 
     </span>
    </p>
   </div>
   <div class='ocr_carea' id='block_1_9' title="bbox 0 0 1876 5970">
    <p class='ocr_par' dir='ltr' id='par_1_11' title="bbox 0 0 1876 5970">
     <span class='ocr_line' id='line_1_86' title="bbox 0 0 1876 5970; baseline 0 1"><span class='ocrx_word' id='word_1_815' title='bbox 0 0 1876 5970; x_wconf 95' lang='lat' dir='ltr'> </span> 
     </span>
    </p>
   </div>
  </div>
 </body>
</html>
