3728 5978
499 475 544 524 uu
571 474 772 526 nouissimus
793 475 1029 527 reeeamnuu.
1473 463 1552 560 ’949

108 606 183 678 πένης
196 603 288 666 πενίαν
301 602 415 684 ᾔτησας·
430 602 482 682 aa
496 603 524 665 δδ
537 603 652 671 deest<
668 629 756 684 μιγα-
811 605 920 666 volens:
930 625 1035 687 nempe,
1055 605 1084 666 bi
1102 605 1253 687 peccaverit
1271 605 1300 666 in
1321 628 1365 666 me
1381 607 1463 668 trater
1477 629 1552 671 meus

121 684 251 751 πλουσίοις
268 683 318 756 τήν
330 684 409 764 χάριν
428 681 588 764 δεδώρημαι.
611 687 653 744 Οὐ
679 685 757 762 μόνον
810 705 828 742 ιι
881 685 935 745 ein
948 684 1030 744 finem
1045 685 1108 746 vitae
1123 707 1190 760 suae,
1200 698 1227 744 et
1235 685 1334 745 ultimo
1347 686 1411 746 vilse
1424 709 1479 747 suae
1493 687 1549 764 die,

107 766 176 835 ίκις,
194 766 253 822 ἀλλ’
272 763 321 830 ἕως
339 762 563 840 έύδομηκοντάκις
576 763 656 822 ίπτά.
676 762 757 823 ’ἀλλά
811 768 847 821 soi
861 764 912 824 ieet
930 765 958 823 in
1027 763 1095 825 timo
1163 764 1303 824 nitentiam
1315 765 1412 845 egerit,
1428 787 1494 825 num
1509 768 1553 827 di-

107 867 137 980 sp,
147 843 203 981 ἔχμλι
214 841 573 993 ὀλόὶγοφγάπόκρυφοοὸύνὴζάν
587 840 624 945 μή
639 846 654 900 ὀ
668 864 757 946 γεωρ-
810 842 986 981 ωρξφεέᾱαίί
1006 864 1112 980 ιιιεαρου
1135 844 1172 982 ipa
1179 844 1313 983 gomipus
1324 846 1415 983 :anpd
1425 845 1506 983 nppdo
1523 846 1552 938 in

107 944 296 1101 λλδεντιανύαίρφ
306 947 356 1081 ούνχ
367 925 482 1080 ‘popm
496 944 757 1071 ὀλίέητδείςωήαριίδίυύ
809 941 901 1061 lutum
912 943 1006 1082 paidei
1019 943 1167 1094 illileidod
1179 945 1310 1062 saliiitdii
1320 945 1552 1094 epiiaesenliliiiijiii

107 1089 141 1153 ῖς,
156 1080 201 1139 έόιν
215 1080 252 1159 μή
266 1103 311 1139 τον
327 1087 385 1140 νοῦν
398 1083 476 1159 ἡμῶν
498 1078 650 1158 βαθύνωμιν
669 1082 706 1146 είς
726 1079 757 1139 τό
810 1091 851 1138 est
872 1080 1024 1161 septuagies
1046 1094 1152 1162 septies.
1167 1084 1259 1142 Verax
1280 1082 1351 1140 enim
1365 1095 1404 1140 est
1421 1082 1553 1159 quidixit

108 1160 173 1232 ,τὸν
188 1182 237 1219 κικ
254 1158 369 1237 υμμένον
392 1167 438 1219 τοῦ
457 1159 611 1236 Πνεύματος
626 1159 755 1240 θησαυρὸν
809 1158 870 1232 tibi,
883 1162 1230 1241 Quacumquesolveritis
1240 1174 1455 1241 superterram,
1467 1177 1553 1222 erum

107 1237 223 1315 lumper.
239 1184 359 1305 δῙοσάκις
380 1239 425 1298 έόιν
446 1236 587 1318 ἁμαρτήσῃ
611 1239 647 1304 εἰς
669 1237 716 1315 ἐμὲ
742 1241 757 1297 ὀ
810 1238 909 1298 soluta
920 1252 948 1297 et
959 1242 992 1298 ι’νι
1003 1240 1092 1299 eoelis.
1104 1238 1159 1300 Sed
1170 1238 1261 1298 adhue
1274 1239 1476 1331 profundiorem
1491 1262 1553 1300 sen-

112 1341 178 1395 μου,
192 1318 286 1397 ἀφήσω
300 1321 386 1397 ςιύτῷς
400 1318 450 1385 ἕως
461 1317 586 1389 ίπτάκις,
601 1317 654 1375 Καὶ
667 1316 694 1374 τί
703 1315 757 1400 γάρ
810 1337 871 1376 sum
879 1318 1066 1399 exploremus:
1078 1318 1109 1378 si
1122 1319 1270 1409 pensaverit
1279 1340 1307 1377 m
1322 1339 1364 1378 me
1374 1318 1459 1378 lrater
1467 1340 1552 1392 meus,

108 1420 132 1468 ν,
151 1396 199 1465 έως
217 1397 344 1470 ὀκτάκις,
364 1395 383 1468 ἡ
404 1395 507 1469 ἑξάκις,
521 1396 538 1466 ἡ
551 1394 669 1468 δεκάκις,
686 1397 756 1470 ἀλλ’,
809 1397 902 1456 nonin
917 1410 944 1456 te
956 1399 1055 1471 Deum,
1066 1396 1114 1456 sed
1127 1419 1154 1456 in
1170 1417 1224 1473 me,
1239 1402 1344 1477 quoties
1358 1396 1494 1456 dimittam
1508 1398 1553 1458 ei?

106 1476 195 1548 τάκις;
209 1476 320 1548 Ἐπειδὴ
334 1480 348 1534 δ
361 1476 429 1542 Θιδς
442 1475 551 1545 ἐποίησε
568 1475 601 1533 τδ
615 1474 756 1553 σύμπαντα
808 1475 962 1556 Respondet
984 1476 1135 1537 Dominus:
1150 1478 1262 1536 Peccata
1285 1477 1313 1536 in
1336 1497 1379 1535 me
1401 1498 1454 1536 non
1473 1478 1553 1537 modo

106 1555 200 1628 έαις,
214 1557 260 1614 καλ
273 1560 306 1635 τῇ
319 1554 451 1635 ἡμέρφτῇ
468 1554 568 1634 ἓύδόμη
590 1556 755 1614 κατέπαυσεν
807 1575 892 1633 usque
905 1556 1001 1636 septies
1018 1555 1205 1634 dimittes,sed
1227 1577 1311 1635 usque
1332 1577 1361 1615 se
1380 1556 1484 1636 tuagies
1513 1577 1554 1619 se-

115 1580 198 1712 έργων
217 1638 305 1733 αῦτοῦ.
320 1633 474 1729 Μυστήριον
492 1635 613 1716 ἐπερωτᾷ
626 1638 641 1692 ὀ
655 1633 756 1737 ῃέτρος
808 1635 884 1713 pties.
893 1636 998 1696 Verum
1010 1635 1085 1730 enim
1096 1648 1135 1694 est
1149 1635 1223 1730 quod
1238 1635 1330 1694 diuite
1349 1578 1553 1729 (immaccu-
1561 1644 1649 1755 31:¹11·-
1664 1654 1702 1689 ¹²·

106 1715 432 1870 ltzltltt‘tss‘aall
443 1714 755 1870 ήῶηῶῶήίιῗῖήῶ
773 1790 792 1836 τ
807 1715 1552 1872 illei-illimlillll‘mwlfflllsll'llss]
1597 1738 1603 1750 '

106 1880 154 1936 ταῖς
164 1869 277 1949 ἡμέραις
287 1874 334 1941 τῆς
345 1873 414 1939 ζωῆς
427 1872 524 1944 αὐτοῦ,
540 1872 568 1930 ἐν
584 1869 612 1929 δὲ
623 1874 655 1949 τῇ
666 1872 756 1928 τελευ-
809 1874 951 1942 mittetur,
966 1890 1059 1950 neque
1068 1875 1100 1928 in
1110 1873 1165 1929 boe
1176 1872 1283 1934 soeeulo
1295 1888 1388 1951 neque
1398 1874 1551 1952 insutum.

106 1949 152 2029 έρφ
170 1952 218 2019 τῆς
232 1952 299 2021 ζωῆς
321 1950 419 2021 αὐτοῦ,
434 1940 498 2019 οἷον,
519 1951 543 2007 sl
564 1952 591 2008 έν
607 1954 640 2022 τῇ
656 1948 756 2028 έύδόμη
810 1949 904 2009 Gratia
926 1964 1015 2008 antem
1034 1950 1101 2023 Deo,
1115 1950 1188 2028 quod
1206 1971 1253 2009 nos
1270 1950 1322 2009 hoe
1343 1964 1483 2031 peceatum
1498 1973 1551 2011 non

106 2051 153 2108 οη,
170 2028 264 2107 ἀφήσω
280 2030 364 2107 αὐτῷς
384 2026 419 2088 ‘0
443 2026 471 2087 δὲ
491 2026 588 2108 Κύριος
611 2028 758 2108 ἐπέστρεψα
808 2027 952 2087 timeamus
963 2052 970 2085 t
983 2048 1035 2087 non
1052 2028 1123 2087 enim
1137 2029 1355 2110 blasphemamus
1375 2027 1403 2087 in
1418 2028 1438 2087 S
1459 2029 1552 2090 iritum

105 2111 132 2166 ού
146 2106 223 2184 μόνον
237 2111 264 2167 ίν
278 2111 317 2187 τῷ
330 2109 407 2166 αἰῶνι
420 2105 506 2186 τούτῳ
520 2108 630 2187 ἀφήσεις
643 2107 759 2186 αὐτῷτά
810 2121 944 2182 sanctum,
969 2106 1017 2166 sed
1035 2106 1126 2187 ipsum
1146 2107 1290 2166 adoramus
1311 2121 1337 2166 et
1355 2051 1550 2186 glomlicamus.

105 2209 184 2261 κατα,
199 2186 267 2246 ἀλλά
280 2187 326 2245 καὶ
339 2188 366 2244 έν
379 2190 418 2267 τῷ
429 2185 553 2262 μέλλοντι
567 2189 642 2246 αἰῶνι
656 2209 760 2265 συγχω·
810 2185 865 2245 sed
889 2185 981 2245 adhue
1004 2185 1109 2244 dictum
1139 2185 1332 2247 examinemus.
1358 2187 1428 2245 Nam
1454 2207 1552 2247 aurum

105 2269 176 2345 ὀπῷ,
192 2264 347 2347 μακροτέρῳ
361 2265 507 2344 ὑπάρχοντι
519 2265 592 2345 παρὰ
608 2269 699 2324 τοῦτον
713 2265 758 2325 τδν
811 2266 957 2325 conflatum
970 2262 1102 2344 fulgidius
1117 2279 1157 2324 est
1171 2290 1177 2323 ι
1191 2265 1269 2324 sicet
1289 2264 1430 2345 Scriptura
1448 2267 1553 2326 exami-

105 2343 303 2422 ίδομηκοντάκις
316 2343 393 2404 ἑπτά.
408 2343 519 2417 Ἀληθής
536 2345 588 2424 γάρ
602 2347 672 2404 ἐστιν
688 2349 703 2403 ὀ
719 2347 758 2403 εί·
810 2358 872 2403 nata
887 2343 985 2404 clarior
1003 2343 1106 2404 evadit.
1121 2345 1153 2404 Si
1165 2348 1330 2424 peccaverit
1341 2349 1374 2403 in
1395 2366 1440 2403 me
1449 2348 1554 2426 stater

105 2469 122 2498 „
141 2426 183 2483 δτι
198 2423 274 2483 Ὅσα
293 2424 337 2483 έάν
357 2423 454 2494 λύσητε
472 2427 516 2484 ἀπὶ
531 2430 579 2495 τῆς
598 2427 662 2504 γῆς,
683 2423 758 2484 ἔσται
809 2445 900 2501 meus,
911 2427 1024 2506 quoties
1034 2425 1180 2482 dimittam
1189 2425 1550 2505 ei?usquesepties?Qoia

105 2528 118 2561 κ
136 2507 163 2562 ἐν
174 2505 212 2582 τῷ
227 2505 339 2583 οὐρανῷ.
350 2502 419 2562 Ἀλλ’
436 2501 475 2562 lu
490 2503 630 2585 βαθύτερον
644 2505 759 2583 ὀπεργα-
810 2504 911 2562 sciebat
927 2503 1015 2583 legem
1027 2502 1184 2562 bominibus
1199 2516 1307 2585 peecata
1320 2502 1457 2562 dimittere
1471 2503 1500 2563 in
1513 2524 1552 2563 se·

111 2583 140 2641 τδ
153 2582 249 2659 νόημα.
265 2580 400 2657 Ποσάκις,
423 2580 468 2643 dds
489 2582 597 2663 ἁμάρτη
622 2586 658 2650 είς
682 2582 758 2661 ἐμὲό
810 2582 932 2662 ptenario
944 2582 1027 2663 hujus
1036 2582 1127 2641 saculi
1142 2605 1149 2640 ι
1166 2582 1334 2661 nequeenim
1348 2582 1465 2641 babebat
1478 2597 1554 2643 oeta-

106 2684 172 2741 μου,
187 2664 236 2720 οὐκ
249 2665 285 2728 εἰς
299 2660 384 2721 σὲτδν
397 2661 477 2734 Θεὸν,
488 2664 546 2721 ἀλλ’
558 2650 595 2729 είς
607 2660 672 2739 ἐμὲ,
689 2662 758 2743 ἀφή-
809 2681 871 2721 vam
890 2661 1093 2721 resurrectionis
1114 2660 1187 2721 diem
1193 2684 1204 2752 γ
1220 2662 1285 2740 quia
1299 2663 1421 2721 nondum
1433 2659 1553 2723 advene-

104 2747 127 2814 33
142 2740 216 2801 ‘Ort
233 2740 326 2821 Κύριος
344 2740 409 2820 πρδς
428 2739 517 2815 αὐτὸν,
531 2745 560 2802 ὠ
573 2741 651 2819 μόνον
673 2740 708 2800 τά
722 2744 759 2808 είς
809 2755 851 2800 rat
860 2741 985 2800 Christus
994 2741 1043 2818 qui
1057 2741 1259 2801 resurrectionis
1276 2739 1349 2800 diem
1364 2741 1445 2800 habet
1456 2764 1462 2797 :
1473 2741 1552 2801 ideo-

104 2846 107 2884 :
130 2820 238 2886 έτττάκις
260 2820 443 2900 ἁμαρτήματα
466 2843 498 2879 συ
536 2819 661 2901 ωρήσεις,
687 2819 758 2880 ἀλλά
808 2840 861 2897 que
883 2819 983 2895 David,
1007 2819 1071 2897 quia
1097 2820 1148 2879 sub
1176 2819 1235 2899 lege
1256 2833 1324 2892 erat,
1346 2819 1444 2901 septies
1464 2820 1493 2880 in
1508 2820 1554 2880 die

110 2899 334 2977 ἑῦδομηκοντάκις
347 2897 426 2958 ἑπτά.
452 2897 531 2972 Ἀληθ
546 2924 558 2966 ς
582 2899 634 2981 γάρ
656 2902 728 2959 ἐστιν
743 2899 758 2960 δ
808 2898 903 2958 laudat
916 2902 1005 2958 Deum
1010 2922 1019 2976 3
1031 2897 1099 2957 dicit
1113 2899 1195 2971 enim,
1210 2899 1319 2979 Septies
1332 2903 1365 2958 in
1377 2901 1553 2960 dielaudem
1563 2912 1631 2958 Psat.
1649 2907 1701 2960 ιιδ.

104 3002 127 3038 τι
142 2981 223 3037 Πᾶσα
234 2977 353 3060 ἁμαρτία
365 2976 410 3037 καί
425 2977 583 3058 βλασφημία
598 2978 758 3058 ἀφεθήσεται
773 2983 792 3032 C
809 2979 873 3037 diti
887 2981 950 3054 tibi,
963 2999 1015 3038 non
1024 2978 1107 3038 octies
1119 3001 1126 3035 ι
1140 2978 1261 3038 nondum
1274 2977 1345 3038 enim
1354 2994 1462 3039 venerat
1473 2979 1553 3039 Chri-
1567 2971 1619 3037 ¹⁶4·

105 3056 215 3137 puluere,
231 3061 249 3128 ἡ
263 3057 291 3117 δί
305 3056 374 3117 κατδι
384 3062 430 3116 τοῦ
440 3056 515 3134 ἁγίου
530 3057 684 3135 Πνεύματος
696 3060 758 3136 βλα·
808 3071 977 3136 stns;neqne
988 3071 1083 3118 octava
1096 3056 1154 3117 dies
1164 3057 1381 3117 resurrectionis:
1395 3057 1553 3119 adhncsum

104 3139 151 3195 οὐκ
162 3137 323 3215 ἀφεθήσεται
333 3135 392 3195 οόδί
406 3137 480 3208 ἀντῷ
497 3143 541 3196 νῦν
558 3140 633 3197 αἰῶνι
652 3136 756 3218 τούτῳ,
807 3137 937 3216 sublege,
948 3136 1553 3217 sublegeserviamtibi;adbueaneillaelilius

103 3220 139 3294 τῷ
155 3216 287 3291 μέλλοντι.
306 3214 391 3295 Χάρις
413 3216 441 3274 δί
462 3218 501 3296 τῷ
514 3219 595 3295 Θεῷ,
615 3216 656 3275 δτι
679 3220 758 3293 ἡμεῖς
808 3237 880 3291 sum,
901 3237 997 3297 nempe
1009 3237 1174 3298 synagoga:
1190 3215 1311 3276 nondum
1323 3215 1396 3277 enim
1414 3239 1450 3278 ex
1468 3218 1554 3277 libera

103 3295 147 3366 τὴν
157 3293 288 3374 ἁμαρτίαν
299 3297 328 3354 οῦ
342 3293 508 3373 posumus·
521 3296 552 3354 οὐ
565 3294 617 3377 γάρ
632 3297 757 3375 βλασφη-
809 3308 887 3355 natus
901 3317 961 3355 sum
974 3319 980 3352 :
993 3294 1054 3355 ideo
1067 3297 1116 3369 ait,
1134 3299 1199 3376 Ego
1221 3317 1320 3356 servus
1338 3309 1405 3357 tuus
1425 3309 1454 3356 et
1464 3297 1553 3378 filius
1561 3319 1630 3365 mar.
1648 3318 1702 3364 ns.

103 3374 133 3432 τδ
147 3377 257 3451 Πνεῦμα
269 3373 299 3432 τὸ
312 3373 396 3450 ἅγιον,
410 3373 479 3433 ἀλλά
496 3380 694 3455 προσκυνοῦμεν
712 3373 758 3434 καὶ
808 3376 928 3434 ancille
943 3388 1008 3434 tuoe.
1030 3377 1100 3435 Nam
1117 3395 1220 3447 eornm,
1235 3375 1282 3452 qui
1298 3374 1325 3433 in
1343 3375 1429 3454 gratia
1444 3396 1552 3455 regene-
1565 3381 1602 3429 ιθ-

103 3457 183 3529 ιῦμιν.
194 3453 266 3512 Ἀλλ’
287 3450 327 3510 ἔτι
342 3451 455 3529 ξίσωμεν
474 3453 517 3512 τὸν
532 3453 618 3532 λόγον.
633 3453 688 3513 Καὶ
706 3451 740 3534 γά
809 3454 861 3513 rati
871 3467 933 3513 sunt
949 3453 1165 3514 Christianorum
1180 3467 1265 3513 mater
1277 3453 1363 3513 libera
1373 3469 1423 3530 est,
1438 3471 1469 3516 ut
1482 3455 1550 3516 dicit

103 3530 285 3629 νχωνευόμενος
307 3530 472 3611 στιλῦότερος
486 3532 598 3609 γίνεται·
623 3531 690 3591 οὕτω
712 3477 758 3591 καλ
810 3533 1037 3613 apostolus:llla
1058 3554 1141 3605 vero,
1165 3553 1230 3614 quoe
1242 3553 1358 3593 sursum
1376 3548 1419 3594 est
1428 3537 1550 3595 Jerusa-
1564 3542 1701 3606 Galam.

103 3609 206 3687 ςεομένη
221 3634 237 3669 τ
255 3609 331 3669 ανοτέ
384 3611 544 3690 εὑρίσκεται.
563 3611 697 3685 Ποσάκις,
712 3611 758 3672 tto
811 3613 877 3687 lem,
886 3614 979 3672 libera
987 3625 1039 3688 est,
1049 3633 1114 3694 quae
1122 3625 1164 3672 est
1172 3616 1402 3672 materomnium
1412 3627 1552 3674 nostntm.

103 3714 131 3770 τῃ
147 3691 183 3757 είς
200 3692 213 3748 ὀ
245 3694 276 3775 ,ὀ
291 3635 401 3770 ἀδελφάς
415 3714 480 3768 μου,
494 3692 589 3772 ἀφήσω
603 3695 691 3771 οὔπῶς
708 3692 758 3760 ἀως
812 3692 926 3767 Quoties
944 3713 1008 3771 ergo
1029 3691 1151 3774 peccabit
1171 3691 1198 3750 in
1214 3713 1259 3751 me
1271 3693 1353 3752 frater
1373 3715 1449 3754 meus
1461 3707 1486 3754 et
1504 3692 1552 3753 di-

108 3768 242 3840 ;Ἐπειδὴ
267 3768 338 3848 ᾔδει,
357 3767 399 3827 δτι
417 3774 432 3828 ὀ
451 3769 529 3848 νόμος
550 3793 606 3849 συγ
619 3780 683 3852 ωρεῑ
705 3781 760 3837 τοῖς
812 3771 918 3830 mittam
931 3772 978 3828 ei?
995 3792 1079 3849 usque
1098 3770 1216 3850 septies?
1230 3774 1270 3829 Ae
1290 3771 1314 3829 si
1340 3770 1459 3832 diceret:
1476 3775 1549 3832 Pra-

102 3871 137 3915 οις
161 3847 196 3907 τά
219 3845 351 3926 παραπτώ
392 3871 426 3906 τα
454 3849 482 3906 lv
505 3852 539 3926 τῇ
563 3797 690 3927 {alipta
713 3855 759 3909 τοῦ
812 3849 915 3929 cipisne
934 3861 965 3907 ut
985 3847 1123 3908 dimittam
1149 3862 1257 3927 peccata
1277 3849 1406 3909 iratribus
1420 3851 1497 3923 meis,
1523 3865 1554 3910 ut

102 3927 202 3986 τούτου·
215 3928 245 3984 οὐ
264 3926 315 4005 γάρ
336 3869 392 4004 eligi
406 3925 456 3997 τὴν
475 3926 568 4007 ὀγδόην
589 3927 644 4005 ἡμί
661 3952 692 3986 αν
712 3931 761 3998 τῆς
812 3927 857 3986 lex
869 3926 992 4008 praecipit
1011 3926 1056 4000 (id
1068 3926 1139 3986 enim
1155 3925 1304 4006 significat,
1321 3930 1418 4009 Usque
1429 3934 1553 4009 septies)

102 4029 174 4072 ιεως·
189 4006 262 4066 οὔπω
275 4005 326 4085 γάρ
342 3997 374 4078 ἦν
387 4005 623 4084 παραγενόμενοςδ
638 3952 760 4088 λριστὸς,
813 4028 847 4066 an
868 4005 1006 4086 amplius?
1028 4006 1162 4065 Dominus
1189 4026 1253 4065 vero
1266 4005 1381 4085 gratiam
1403 4008 1553 4088 amplificat

108 4084 156 4157 τήν
173 4084 353 4162 ἀναστάσιμον
373 4083 493 4163 ἡμέραν
511 4087 569 4145 dtas
590 4085 635 4144 καὶ
661 4085 760 4158 nauta,
813 4085 906 4146 dicens
916 4109 923 4142 ι
935 4087 1004 4145 Non
1015 4086 1101 4144 modo
1111 4104 1203 4166 usque
1215 4089 1329 4164 septies,
1342 4087 1397 4146 sed
1405 4108 1496 4169 usque
1508 4108 1554 4148 se·

102 4162 145 4223 iub
155 4163 233 4243 νόμον
244 4165 373 4260 ὑπῆρχεν,
391 4163 501 4230 ἑπτάκις
516 4168 583 4224 αίνεί
596 4163 640 4224 τόν
652 4165 720 4225 Θεδν
733 4167 760 4224 ἐν
810 4169 945 4246 ptuagies
962 4168 1076 4244 septies.
1096 4165 1236 4236 Quantum
1249 4163 1320 4222 enim
1341 4165 1429 4245 legem
1441 4181 1552 4247 superat

102 4266 137 4302 α·
149 4243 220 4322 λέγει
228 4241 295 4323 γάρ,
307 4241 437 4310 Ἱιπτάκις
445 4246 493 4315 τῆς
502 4243 603 4324 ἡμέρας
615 4243 697 4320 ἡνεσά
709 4267 759 4304 σοι·
813 4245 947 4322 Verbum,
971 4256 1076 4303 tantum
1095 4243 1181 4324 gratia
1205 4243 1292 4323 legem
1308 4267 1315 4300 ι
1329 4265 1382 4305 non
1396 4244 1468 4305 enim
1481 4249 1553 4309 Ver·

102 4307 173 4389 άκις·
192 4322 265 4382 ούπω
283 4320 334 4402 γάρ
347 4314 413 4395 ἡλθέ
432 4345 477 4400 μοι
492 4323 620 4404 Χριστδς,
641 4327 659 4394 ἡ
679 4323 758 4401 ὀγδόη
813 4324 880 4382 bum
903 4326 978 4384 Deus
999 4344 1034 4381 ex
1047 4322 1116 4402 lege,
1131 4320 1179 4381 sod
1193 4322 1239 4383 lex
1252 4344 1288 4382 ex
1300 4323 1402 4385 Verbo.
1414 4324 1450 4386 Et
1466 4325 1553 4387 soien-

102 4401 216 4467 στέσεως
226 4400 329 4480 ἡμέρα·
341 4402 380 4460 ἔτι
391 4402 446 4480 εἰμὶ
458 4401 509 4461 ὑπὸ
519 4401 669 4480 νόμον,ύπό
680 4402 759 4480 νόμον
776 4427 796 4473 ι)
811 4401 878 4462 dum
903 4416 944 4462 est
965 4401 1107 4475 carissimi,
1122 4415 1223 4479 quanta
1242 4402 1278 4461 sit
1300 4403 1375 4463 verbi
1391 4403 1502 4481 utilitas,
1523 4419 1554 4466 ut

101 4504 124 4539 ω
139 4503 193 4539 σοι·
212 4479 251 4538 ἔτι
265 4483 313 4550 τῆς
324 4480 467 4552 παιδίσκης
481 4481 536 4558 εἰμὶ
549 4482 618 4555 υἱὸς,
632 4487 680 4554 τῆς
694 4505 759 4542 συν-
810 4481 909 4554 diseas,
925 4495 1026 4560 quanto
1040 4482 1127 4541 ma'us
1138 4495 1178 4541 est
1190 4482 1316 4554 verbum,
1329 4505 1411 4561 quam
1422 4483 1477 4543 lex.
1495 4486 1554 4544 Lex

106 4558 198 4618 ·ούπω
208 4560 261 4640 γὰρ
271 4562 302 4618 ἐκ
317 4565 365 4632 τῆς
379 4560 516 4639 έλευδίρας
529 4560 704 4640 γεγέννημαι·
719 4561 760 4621 διδ
811 4561 903 4622 decem
916 4561 998 4621 verba
1016 4560 1065 4621 dat
1077 4504 1192 4635 ludaeis,
1206 4576 1232 4621 et
1249 4561 1321 4622 nibil
1339 4563 1461 4644 proluit:
1476 4564 1554 4622 nobis

101 4638 159 4719 Εγὼ
175 4640 264 4705 δοῦλος
276 4638 392 4713 σδς,καὶ
408 4639 463 4707 old<
483 4643 531 4710 τῆς
545 4641 688 4713 παιδίσκης
700 4665 757 4701 σαι.
811 4662 875 4701 vero
886 4643 960 4710 Deus
973 4662 1057 4700 unum
1071 4641 1195 4704 Verbum
1208 4641 1294 4713 dedit,
1310 4656 1337 4700 et
1352 4663 1444 4702 omnes
1459 4663 1552 4702 serva-

101 4742 120 4798 p
133 4722 159 4778 έν
173 4717 308 4798 τῇχάριτι
322 4718 547 4856 ἀναγιννηθίντων
560 4720 726 4800 Χριστιανῶν
740 4725 758 4792 ἡ
812 4721 862 4781 vit.
879 4720 934 4781 sed
955 4720 1046 4780 adbue
1067 4721 1174 4780 literam
1188 4721 1293 4802 Spiritu
1315 4722 1470 4782 sarrientus.
1481 4722 1553 4782 Nam

101 4795 220 4878 ἰλιυδέρα
232 4796 304 4871 ἐστὶ,
322 4802 373 4856 καθ
401 4796 473 4878 λέγει
483 4803 498 4860 δ
509 4797 668 4865 ἀπόστολος·
681 4798 715 4858 ‘ll
730 4797 759 4859 δδ
811 4800 858 4879 qui
877 4801 1033 4862 thesaurum
1056 4800 1173 4882 aperuit,
1189 4821 1242 4859 non
1261 4799 1343 4859 modo
1355 4821 1454 4860 astrum
1466 4814 1492 4860 et
1504 4823 1552 4861 ar-

101 4876 245 4956 ιρουσαλὴμ
258 4876 380 4954 ἐλευθέρα
405 4877 485 4949 ἐστὶν,
508 4876 566 4948 ἡτις
589 4877 647 4937 ἐστὶ
670 4878 760 4961 μήτηρ
811 4891 922 4971 gentum
934 4879 1296 4960 accipitetabit,sedetiam
1304 4878 1408 4960 lapides
1422 4880 1553 4962 pretiosos

123 4959 209 5032 ήμῶν.
233 4955 350 5022 Ποσάκις
377 4945 421 5013 οὗν
443 4956 592 5039 ἁμαρτήσει
616 4961 653 5024 εἷς
677 4957 724 5035 ἐμὲ
745 4962 759 5017 δ
812 4979 938 5038 ipsosque
951 4959 1042 5018 varios
1055 4958 1161 5036 quaerit.
1176 4959 1208 5018 Si
1215 4963 1378 5038 peccaverit
1390 4963 1421 5017 in
1432 4963 1553 5044 mesra-

100 5059 179 5112 ;μου,
196 5034 241 5092 καὶ
256 5035 351 5114 ἀφήσω
362 5037 447 5114 αὖτῷς
463 5037 512 5102 ἕως
525 5037 648 5109 έπτάκις;
671 5035 759 5097 Οίυνιλ
812 5051 856 5097 ter
865 5059 944 5098 meus
951 5083 961 5111 ,
974 5040 1086 5119 quoties
1098 5039 1246 5096 dimittam
1264 5041 1413 5119 eliasque
1426 5045 1554 5120 septies?

106 5113 220 5180 κελεύεις
239 5118 411 5194 συγχωρῆσαι
423 5115 457 5173 τά
470 5116 691 5194 πλημμελήματα
706 5124 760 5185 τοῖς
812 5118 976 5198 Mystrrium
991 5130 1040 5191 est,
1060 5116 1163 5189 dilecti,
1177 5117 1365 5177 absconditum
1377 5118 1405 5178 in
1427 5119 1514 5194 litera,
1527 5133 1553 5178 et

104 5217 116 5258 ς
137 5216 200 5270 μου,
216 5198 252 5260 ὡς
272 5193 380 5270 δνόμος
400 5197 491 5265 (τοῦτο
511 5195 562 5278 γάρ
583 5197 664 5268 ἐστιν,
688 5196 760 5264 Ἕως
814 5196 913 5256 multos
937 5197 1027 5257 latuit.
1051 5197 1096 5254 Tu
1112 5217 1176 5256 vero
1196 5197 1264 5256 mihi
1285 5217 1392 5257 sensum
1410 5197 1554 5279 diligenter

100 5277 131 5348 ;),
147 5273 164 5344 ἡ
183 5274 272 5332 πλεῖόν
284 5297 323 5350 τι,
339 5272 374 5333 Ὁ
394 5272 421 5332 dl
443 5272 540 5354 Κύριος
557 5276 761 5355 δπερπλιονάζιι
813 5275 1070 5338 considerataculus
1092 5275 1165 5338 enlm
1184 5289 1232 5356 est,
1252 5275 1362 5337 volucre
1382 5277 1479 5351 letior,
1506 5278 1553 5356 qui
