3728 5978
248 364 317 441 500
602 388 631 446 5,
660 387 800 435 JOANNIS
825 388 1009 437 cuttusosu.
1034 391 1191 440 ,taculum
1220 392 1490 441 cousraartuor.

243 514 282 575 ita
296 513 376 573 illum
391 525 489 589 servm,
506 524 536 570 ut
549 510 570 570 si
589 522 719 592 perpetuo
739 509 806 569 illue
819 510 986 592 respiciatur.
1039 513 1132 598 κύρας·
1148 513 1239 595 ῶσπερ
1253 513 1430 588 aliteraliter,
1444 519 1480 582 ὡς
1496 515 1527 575 τδ
1539 515 1664 587 διηνεκῶς
1679 517 1733 575 ἐκεῖ
1748 517 1812 594 βλέ-

243 607 315 666 Nam
333 605 357 665 si
378 605 515 664 hominem
528 624 585 684 prae
595 601 682 661 oculis
701 601 839 677 babentes,
853 602 986 682 segniores
1038 629 1109 667 πεεν.
1122 609 1155 667 ut
1166 607 1218 686 γάρ
1230 607 1366 686 ἀνθρωπον
1385 607 1489 687 ἔχοντες
1505 608 1558 688 πρὸ
1571 609 1725 686 ὀφθαλμῶν,
1736 611 1814 678 ἀκνη-

243 718 338 757 sumus
347 695 383 756 ad
393 709 500 777 peccata
513 693 678 754 admittenda
685 717 694 770 5
703 693 986 774 imosaepiustamulos
1040 701 1140 782 ρότεροι
1159 699 1286 780 γινόμεθα
1299 699 1360 779 περὶ
1374 698 1407 758 εδ
1428 699 1629 783 ἁμαρτήματα,
1643 699 1773 767 πολλάκις
1787 701 1813 757 δέ

243 788 415 849 modestiores
422 801 581 861 reverentes,
590 786 661 846 nihil
674 786 786 847 absurdi
799 787 924 866 facimus,
940 807 986 847 0⁰·
1038 793 1083 852 καὶ
1096 791 1199 861 οἰκέτας
1210 793 1409 872 όρυθριάσαντες
1417 792 1638 872 ἐπιεικεστέρους,
1646 790 1720 851 οὐδέν
1732 793 1814 872 πράτ-

243 880 299 960 gila
312 895 412 959 quanta
425 882 547 940 fruemur
556 878 708 954 securitate,
718 880 741 938 si
752 880 842 938 Deum
854 900 911 959 prae
921 898 986 939 ocu-
1037 906 1116 962 ταμεν
1139 884 1246 958 άτοπον,
1266 883 1387 957 ἐννόησον
1411 882 1496 956 πόσης
1519 881 1704 960 ἀπολαύσομεν
1727 885 1815 963 ἀσφα-

157 1020 167 1031 .
244 972 277 1031 lis
289 973 446 1034 habeamus.
459 975 601 1052 Nusquam
610 972 683 1030 eninr
693 991 741 1030 uos
751 971 879 1031 diabolus
891 971 929 1031 ita
945 972 986 1030 af·
1039 976 1260 1050 λείας,τθνΘεθν
1276 977 1328 1057 πρδ
1341 979 1482 1057 ὀφθαλμῶν
1495 977 1609 1056 ἔχοντες.
1622 978 1752 1053 Οὐδαμῶ
1762 977 1813 1056 γὰρ

241 1063 324 1124 sectos
341 1064 462 1141 invadet,
473 1078 566 1146 utpote
586 1062 634 1144 qui
649 1063 781 1123 inutiliter
793 1063 946 1124 laboraret:
961 1062 984 1122 si
1039 1074 1053 1129 ὁ
1073 1069 1194 1138 διάὸσλσς
1207 1074 1271 1148 ημῖν
1285 1069 1354 1130 σθτω
1378 1069 1551 1148 διακειμένοις
1573 1069 1744 1143 ἐπιθήσεται,
1767 1071 1813 1128 ἀπε

241 1174 306 1216 vero
316 1169 392 1217 extra
404 1169 573 1237 παρατίθησι
583 1156 641 1216 εἰπε
650 1156 725 1215 beno
735 1155 931 1215 circumeuntes
940 1156 985 1215 vi·
1039 1159 1153 1234 ἀνόνητα
1173 1166 1275 1221 πονῶν·
1290 1160 1320 1220 ἀν
1343 1160 1370 1221 δὲ
1384 1161 1572 1238 πλανωμένους
1589 1159 1655 1236 ἔξω,
1666 1160 1712 1220 καλ
1730 1163 1813 1241 χωρὶς

241 1247 323 1326 derit,
335 1271 351 1308 a
362 1251 440 1310 uobis
452 1264 559 1332 arrepto
567 1250 644 1309 initio
658 1248 759 1328 ultique
773 1269 821 1308 nos
830 1248 955 1331 deinoeps
968 1270 984 1309 a
994 1303 1032 1347 m
1038 1254 1148 1333 χαλινοῦ
1160 1253 1309 1334 περιιόντας
1323 1253 1366 1333 ίθῃ
1373 1299 1381 1328 ,
1393 1258 1456 1332 παρ’
1468 1255 1545 1331 ἡμῶν
1553 1252 1643 1313 λαύὼν
1653 1253 1703 1325 τὴν
1716 1254 1812 1333 ἀρχὴν,

242 1361 322 1423 grege
331 1340 447 1423 dejicere
460 1342 566 1423 poterit.
575 1341 612 1400 Et
621 1339 695 1420 quod
706 1341 775 1399 inter
787 1361 879 1402 servos
892 1340 985 1421 ignavi
1003 1359 1025 1407 A
1039 1350 1175 1426 πανταχοῦ
1184 1347 1277 1406 λοιπδν
1287 1351 1358 1424 ἡμᾶς
1371 1345 1585 1418 ἀπούαυκολῆσαι
1597 1345 1746 1418 δυνήσεται.
1759 1348 1812 1406 Καὶ

242 1435 269 1496 in
283 1437 342 1498 soro
357 1438 508 1519 patiuntur,
521 1436 569 1517 qui
582 1435 730 1496 ministeria
742 1436 889 1496 necessaria
902 1437 985 1496 relin-
1039 1435 1103 1517 ὅπερ
1117 1443 1142 1498 et
1158 1438 1270 1519 ῥᾴθυμον
1282 1442 1334 1497 τῶν
1350 1439 1459 1498 οἰκετῶν
1473 1437 1621 1518 πάσχουσιν
1635 1440 1677 1497 ἐπ’
1692 1442 1811 1519 ἀγορᾶς,

242 1531 518 1613 quunt‚proqu1bus
537 1530 655 1590 ablueris
668 1529 743 1588 missi
757 1530 874 1607 fuerant,
887 1542 985 1590 temere
1038 1527 1085 1597 τδις
1104 1530 1152 1608 μέν
1175 1529 1321 1612 ἀναγκαίας
1345 1529 1452 1610 ἀφέντες
1475 1529 1623 1604 διακονίας,
1639 1532 1679 1611 ἐφ’
1695 1529 1727 1596 s<
1747 1533 1812 1588 εἰσιν

240 1635 268 1683 et
284 1624 342 1684 sine
359 1646 439 1686 carisa
459 1625 494 1690 iis
515 1624 564 1704 qui
586 1622 780 1704 superveniunt
797 1621 941 1692 haerentes,
958 1637 984 1683 et
1039 1623 1233 1702 ἀπεσταλμένοι
1246 1622 1319 1702 παρὰ
1329 1625 1381 1681 τῶν
1395 1624 1540 1692 δεσποτῶν,
1552 1622 1643 1690 ἁπλῶς
1653 1623 1681 1681 δέ
1696 1622 1743 1682 καί
1756 1625 1813 1703 εἰκῇ

240 1713 327 1776 otium
340 1715 380 1776 ibi
391 1729 592 1776 consumentes:
607 1713 660 1773 boe
674 1726 700 1773 et
711 1712 790 1772 nobis
799 1711 909 1790 accidit,
922 1734 984 1773 curn
1037 1722 1093 1781 τοῖς
1106 1715 1324 1796 παρεμπίπτουσι
1336 1714 1563 1796 προσηλοόμενοι,
1582 1714 1627 1774 καλ
1641 1713 1690 1787 τὴν
1713 1716 1813 1795 σχολὴν

160 1808 164 1816 ’
240 1808 411 1890 apraeeeptis
432 1808 484 1869 Dei
504 1806 678 1866 discedimus.
693 1808 804 1869 sumus
822 1807 894 1866 enim
907 1806 984 1866 dein·
1038 1809 1092 1867 ἐκεῖ
1110 1809 1360 1882 καταναλίσκοντες,
1374 1813 1451 1868 τοῦτο
1472 1806 1519 1867 καὶ
1536 1812 1613 1884 ἡμεῖς
1633 1806 1812 1885 ὑπομένομεν,

166 1889 169 1896 ’
240 1920 304 1982 oeps
318 1897 430 1962 divitias
449 1897 622 1960 admirationi
635 1898 771 1975 babentes,
785 1910 812 1956 et
830 1897 983 1978 pulchritn·
1037 1900 1100 1961 όταν
1113 1904 1270 1980 ἀποστῶμεν
1281 1905 1334 1960 τῶν
1352 1899 1542 1978 ἀπιτσιγμάτων
1553 1905 1599 1959 τοῦ
1611 1901 1695 1960 Θεοῦ.
1713 1899 1812 1972 Ἔστη-

240 1991 331 2053 diuem
346 1992 475 2075 eorporis,
486 2005 513 2052 et
530 2005 625 2051 caetera
638 2012 698 2069 quae
711 1990 783 2050 nihil
803 1990 839 2050 ad
863 2011 910 2050 uos
923 1989 985 2050 arti·
1038 2017 1122 2072 καμεν
1136 1993 1189 2077 γάρ
1206 1993 1298 2054 λυιπδν
1320 1996 1431 2054 πλοῦτον
1452 1991 1641 2071 θαυμάζοντες,
1656 1989 1702 2049 καὶ
1717 1991 1813 2056 κάλλος

240 2098 304 2145 nent
327 2109 335 2142 ε
358 2082 587 2164 quemadmodum
610 2083 652 2143 illi
677 2083 748 2145 servi
768 2081 986 2143 mendicantibus
1038 2085 1176 2166 σώματος,
1189 2087 1236 2146 καὶ
1250 2085 1284 2146 τδι
1299 2087 1368 2146 ἀλλα
1384 2085 1418 2145 τδ
1439 2085 1521 2164 μηδὲν
1539 2084 1604 2166 πρὸς
1617 2089 1706 2162 ἡμᾶς,
1721 2082 1813 2164 ὥσπερ

239 2177 501 2260 praestigiatoribus,
522 2176 570 2256 qui
594 2175 731 2236 mirabilia
758 2189 877 2257 patrant,
900 2189 986 2235 atten·
1039 2182 1133 2240 ἰκτῖνοι
1147 2181 1172 2238 et
1186 2179 1287 2240 οἰκέται
1299 2183 1352 2238 τῶν
1375 2181 1491 2238 ἐπαιτῶν
1511 2184 1566 2245 τοῖς
1585 2180 1812 2254 θαυματοποιοῶσι

239 2270 324 2348 duut3
337 2271 435 2331 deinde
448 2292 511 2332 cum
524 2270 628 2331 tardius
640 2269 765 2348 mdeunt,
780 2270 883 2331 domini
897 2269 986 2352 plagis
1038 2270 1224 2352 προσέχουσιν,
1238 2262 1296 2331 εἶτα
1310 2270 1427 2338 ἐλθόντες
1441 2269 1571 2350 βραδέως,
1585 2268 1652 2328 οἴκοι
1666 2267 1715 2336 τὰς
1726 2268 1812 2349 ἐσχά-

239 2363 345 2446 exeepti
357 2376 490 2426 extmmas
508 2362 573 2423 dant
584 2383 686 2445 poenas.
696 2363 780 2423 Multi
791 2383 855 2426 vero
864 2361 985 2445 proposi·
1038 2387 1086 2431 τας
1098 2363 1257 2443 ὑπομένωσι
1270 2363 1384 2443 πληγείς.
1398 2362 1499 2422 Πολλοὶ
1517 2362 1545 2421 δέ
1560 2361 1605 2420 καί
1626 2359 1674 2433 πλν
1689 2361 1748 2421 ὁδὸν
1763 2359 1812 2431 τὴν

238 2468 296 2516 tam
308 2455 381 2525 viam
392 2455 612 2537 praetermittunt,
624 2455 693 2515 alios
704 2454 753 2534 qui
766 2453 877 2535 indigue
886 2476 914 2515 se
924 2474 986 2534 age-
1037 2457 1213 2538 προκειμένην
1227 2459 1373 2535 παρῆλθον,
1388 2455 1485 2535 ἑτέροις
1495 2459 1604 2513 τοιαῦτα
1614 2455 1812 2534 ἀσχημονῶσιν

238 2548 306 2609 bant
319 2563 466 2630 sequentes.
477 2548 532 2610 Sed
540 2570 589 2609 uos
606 2569 639 2608 ne
652 2547 704 2608 hoe
717 2547 847 2608 faciamus
863 2571 870 2605 t
887 2546 986 2607 etenim
1003 2556 1022 2603 B
1038 2551 1248 2617 ἀκολουθοῦντες.
1260 2546 1341 2608 Ἀλλά
1360 2547 1397 2626 μὴ
1419 2551 1498 2625 ἡμεῖς
1519 2552 1597 2606 τοῦτο
1617 2551 1752 2624 ποιῶμεν·
1767 2546 1811 2604 καὶ

239 2640 315 2702 missi
334 2662 428 2702 suiuus
448 2642 484 2702 ad
503 2642 589 2701 multa
608 2661 669 2720 quae
687 2654 785 2721 urgent
800 2639 963 2722 perficienda
973 2664 983 2719 ς
1038 2641 1091 2722 γδρ
1104 2641 1292 2721 ἀπεστάλμεθα
1307 2640 1400 2702 ἀνύσαι
1412 2640 1500 2700 πολλδ
1518 2643 1571 2698 τῶν
1587 2639 1811 2717 κατεπειγόντων,

239 2745 266 2794 et
276 2733 300 2794 ai
312 2733 403 2795 missis
417 2734 472 2794 illis
482 2747 593 2812 stemus,
607 2731 714 2792 inutilia
728 2733 776 2792 illa
786 2731 873 2792 hianti
887 2753 933 2792 ore
945 2752 986 2793 re·
1038 2732 1087 2794 κάν
1103 2733 1211 2816 ἀρίντες
1226 2736 1313 2793 ἐκεῖνα
1334 2736 1438 2811 στῶμεν
1452 2730 1591 2812 κεχηνότες
1611 2730 1677 2811 πρδς
1697 2729 1730 2788 τδι
1748 2731 1811 2790 ἀνό-

200 2894 208 2906 ,
239 2826 390 2910 spicientrs,
408 2828 483 2889 omni
505 2841 624 2910 tempore
642 2827 721 2888 nobis
739 2829 838 2887 frustra
858 2829 985 2905 insumto,
1039 2845 1106 2897 νητα
1127 2830 1224 2900 ταῦτα,
1242 2825 1419 2893 ἀναλωθέντος
1443 2828 1507 2903 ἡμῖν
1531 2827 1576 2882 τοῦ
1597 2825 1691 2900 καιροῦ
1714 2823 1811 2887 παντὸς

238 2934 374 2982 extremas
389 2921 514 2981 dabimus
530 2942 630 3003 poenas.
643 2920 675 2982 si
684 2919 761 3010 prim
770 2933 796 2979 te
806 2940 930 2980 exercere
939 2941 985 2979 ve·
1038 2919 1096 2998 εἰκῇ
1112 2916 1158 2975 καί
1170 2918 1267 2996 μάτην,
1280 2917 1328 2991 τὴν
1345 2917 1461 2998 ἐσχάτην
1477 2913 1595 2994 δώσομεν
1610 2913 1697 2985 δίκην,
1713 2915 1748 2974 ut
1760 2913 1810 2993 γάρ

178 3036 184 3042 ·
238 3011 283 3091 lis,
295 3011 380 3073 habes
397 3033 456 3092 quae
476 3012 570 3072 mirari
587 3012 698 3090 debens,
711 3025 738 3072 et
755 3009 791 3070 ad
805 3033 865 3091 quar
879 3011 985 3072 inhiare
1037 3008 1083 3068 καλ
1097 3011 1219 3091 ἀσχολεῖν
1235 3008 1323 3090 βούλει
1337 3011 1441 3084 σαυτὸν,
1456 3008 1525 3088 ἔχεις
1547 3005 1721 3083 θθαυμάζειν
1739 3005 1811 3086 ὀρεί-

238 3106 444 3187 omnitempore
457 3107 553 3187 possis,
567 3126 627 3184 quae
646 3125 699 3164 non
721 3103 789 3181 risu,
802 3102 848 3164 sed
866 3103 984 3164 admira·
1036 3102 1103 3172 λεις,
1118 3101 1239 3184 καὶπερὶ
1259 3101 1277 3161 ἀ
1294 3101 1434 3182 κεχηνέναι
1452 3100 1539 3159 πάντα
1551 3100 1596 3159 τδν
1609 3097 1719 3178 χρόνον·
1743 3097 1810 3175 άπερ

237 3203 310 3263 tione
320 3217 346 3264 et
364 3201 491 3264 laudibus
506 3201 600 3261 multis
619 3200 701 3281 digna
711 3214 774 3259 sunt
789 3224 795 3258 ε
811 3199 983 3280 quemadmo·
1037 3195 1066 3254 ού
1082 3193 1196 3273 γέλωτάς
1213 3198 1284 3255 ἔστιν
1299 3194 1375 3268 ἀξια,
1390 3192 1458 3253 ἀλλά
1479 3191 1611 3270 θαύματος
1633 3189 1678 3248 καλ
1695 3187 1810 3248 ἐπαίνων

237 3293 304 3355 dum
325 3309 416 3356 contra
431 3295 465 3371 is,
482 3293 530 3373 qni
544 3291 660 3352 ridicula
675 3291 836 3365 admiratur,
850 3291 908 3373 ipse
922 3292 984 3353 talis
1036 3289 1151 3360 πολλῶν,
1165 3291 1201 3356 ὡς
1212 3287 1229 3348 ό
1240 3312 1270 3367 γε
1284 3288 1317 3347 τά
1335 3284 1521 3365 καταγέλαστα
1535 3282 1685 3361 θαυμάζων,
1695 3280 1746 3340 καλ
1762 3283 1810 3339 αὐ-

237 3387 298 3464 ετίῑ,
311 3401 338 3448 et
349 3387 435 3447 risum
449 3399 573 3446 movente
590 3384 725 3445 deterior:
736 3383 809 3462 quod
830 3404 863 3443 ne
876 3384 926 3444 tibi
940 3406 983 3446 ac·
1035 3379 1079 3446 τδς
1089 3379 1184 3440 “leret
1196 3385 1327 3454 τοιοῦτος,
1337 3379 1382 3438 καὶ
1393 3383 1439 3436 τοῦ
1452 3379 1688 3455 γελωτοποιοῦντος
1698 3372 1809 3454 χείρων·

236 3479 321 3558 eidat,
336 3480 389 3540 cito
405 3478 519 3538 resilias.
532 3477 619 3554 Quid,
631 3497 738 3556 queso,
751 3489 806 3536 stas
820 3475 926 3537 divitiis
941 3477 983 3536 in·
1002 3490 1021 3537 c
1036 3473 1101 3555 ὅπερ
1114 3472 1157 3532 ἵνα
1172 3473 1210 3552 μὴ
1224 3473 1311 3553 πάθης
1319 3518 1327 3546 ,
1341 3471 1513 3543 ἀποπηδησον
1526 3467 1638 3548 ταχέως.
1651 3466 1689 3525 Τί
1703 3465 1755 3546 γδρ
1767 3466 1809 3523 καὶ

237 3571 337 3631 hians?
352 3570 421 3650 qnid
432 3569 593 3630 admirabile
605 3569 693 3646 vides,
704 3568 776 3648 quod
794 3561 880 3650 possit
890 3569 983 3630 oeulos
1035 3564 1166 3640 ἕστηκας,
1182 3564 1240 3625 εἰπέ
1264 3589 1322 3642 μοι,
1344 3562 1409 3645 πρὸς
1429 3563 1474 3622 τὸν
1497 3562 1608 3620 πλοῦτον
1631 3557 1751 3639 κεχηνὼς
1767 3559 1810 3615 καί

235 3675 297 3724 tuos
308 3662 446 3723 detinere?
459 3682 541 3741 equos
562 3681 628 3721 auro
642 3673 759 3738 ornatos,
775 3660 900 3737 tamulos,
913 3662 982 3722 alios
1036 3657 1295 3738 ἀνεπτερωμόνοςςτί
1303 3653 1453 3736 θαυμαστδν
1462 3659 1524 3735 ὁρᾷς
1535 3652 1581 3712 καλ
1592 3651 1681 3711 ἱκανόν
1694 3674 1741 3710 σου
1753 3650 1811 3716 robe

234 3756 374 3831 barbaros,
389 3755 458 3816 alios
476 3754 622 3831 eunuchos,
636 3752 793 3836 splendidas
814 3767 911 3827 vestes,
924 3756 982 3815 ani·
1035 3749 1184 3829 ὀφθαλμοὺς
1193 3758 1336 3830 κατασχεῖν
1345 3748 1404 3815 rob<
1414 3750 1641 3828 χρυσορσροῦντας
1652 3743 1759 3815 ἵππους,
1766 3742 1810 3800 καὶ

234 3871 308 3910 mam
320 3849 348 3909 in
358 3848 402 3908 lris
413 3847 570 3923 emollitam,
581 3846 722 3928 sublatum
732 3846 917 3928 supercilium,
929 3847 982 3906 eir·
1034 3839 1095 3910 τοθς
1112 3840 1215 3909 οἰκέτας
1228 3841 1287 3910 τοὺς
1303 3839 1350 3920 μὲν
1366 3839 1527 3922 βαρδάρους,
1542 3835 1602 3903 τοὺς
1617 3834 1646 3896 rt
1660 3833 1811 3914 εὐνούχους,

233 3940 472 4019 eumcursationes,
487 3939 641 4000 tumultus?
663 3940 704 3998 An
723 3939 780 4000 hare
804 3938 982 4000 admiratione
1034 3935 1080 3994 καλ
1093 3934 1127 3993 τδι
1141 3935 1236 4014 ἱμάτια
1247 3934 1281 3995 τδι
1301 3936 1448 4005 πολυτελῆ,
1459 3932 1505 3990 καὶ
1527 3929 1576 4001 τὴν
1590 3930 1808 4006 καταμαλακιζο-

232 4034 336 4116 digna?
348 4034 441 4115 inquo
456 4047 551 4093 'autem
572 4031 702 4091 differunt
712 4031 741 4090 hi
754 4054 770 4092 a
782 4031 914 4094 mendicis
926 4033 980 4094 sal·
1036 4032 1118 4112 μένην
1132 4034 1158 4092 ἐν
1168 4030 1269 4100 τούτοις
1276 4029 1376 4112 ψυχὴν,
1387 4028 1433 4088 καλ
1445 4027 1493 4101 τὴν
1505 4023 1709 4103 ἀνεσπασμένην
1718 4022 1808 4105 όρρδν,

232 4129 354 4188 tantrbus
364 4142 390 4188 et
404 4127 579 4189 sibilantibus
592 4126 619 4185 iu
637 4123 797 4185 toroiNam
809 4133 835 4185 et
848 4125 878 4186 hi
894 4127 981 4187 multa
1034 4134 1078 4193 καλ
1103 4132 1152 4200 τδς
1176 4131 1354 4213 περιδρομὰς,
1370 4129 1415 4190 καλ
1435 4127 1496 4197 τσδς
1517 4125 1656 4210 θορόόσυς,
1681 4126 1735 4186 Kal
1759 4132 1809 4185 ποῶ

231 4219 342 4280 virtutis
355 4221 425 4280 lame
438 4218 549 4296 detenti,
561 4217 687 4277 choream
702 4217 806 4277 ducunt
819 4218 865 4278 illa
878 4219 981 4279 ridicu·
1033 4237 1118 4294 ταῦτα
1128 4231 1188 4302 ἄξω
1199 4231 1345 4312 θαύματος
1355 4230 1381 4291 τί
1392 4221 1501 4291 riolfo,
1511 4234 1563 4290 τῶ,
1574 4231 1690 4289 amc„
1704 4227 1807 4300 amp.

232 4310 339 4388 liorrm,
351 4311 404 4371 acti
417 4325 443 4371 et
453 4309 619 4385 circumacti,
628 4331 701 4369 nune
712 4308 747 4368 ad
758 4309 845 4370 lautas
863 4333 978 4391 mensas,
1034 4358 1097 4395 m„
1110 4339 1163 4395 τῶν
1185 4332 1353 4415 mmm,
1384 4332 1430 4391 „p
1443 4330 1597 4412 συρχόπω,
1614 4331 1658 4391 ἐπὶ
1677 4332 1727 4401 ,ἧς
1743 4332 1808 4408 χρη,

232 4424 306 4465 nune
323 4403 359 4464 ad
372 4403 554 4464 diversorium
567 4402 731 4462 amasiarnm
745 4403 899 4479 mulierum,
909 4424 982 4465 nunc
1035 4446 1092 4517 pue·
1108 4434 1225 4517 Καχγχρ
1356 4378 1364 4408 '

232 4496 270 4558 ad
283 4496 456 4556 adulatorum
466 4508 492 4554 ct
504 4492 685 4575 parasitorum
693 4493 811 4572 agmina.
819 4493 849 4555 si
858 4515 921 4554 vero
933 4518 980 4555 au·
1086 4482 1094 4511 '

231 4610 294 4650 mm
313 4599 427 4671 gestam,
444 4585 505 4646 ideo
519 4584 639 4645 maxime
651 4582 819 4644 miserabiles
834 4600 905 4662 snm,
917 4588 979 4666 quia
997 4552 1017 4598 t)
1034 4538 1223 4620 κατεχόμενοι,
1243 4533 1395 4617 χορεύουσιν
1411 4534 1515 4593 ἐκείνοιν
1529 4532 1636 4615 χορείαν
1657 4536 1808 4608 καταγελα-

231 4673 810 4761 illaqueetur]adsearrinenumarissibi
824 4692 978 4739 currerunt.
1033 4639 1170 4725 metipso,
1197 4636 1320 4716 etpo‘prvor
1345 4638 1390 4696 ml
1409 4635 1610 4717 περιαγόμεναι,
1634 4641 1679 4695 νῦν
1702 4635 1752 4712 μὲν
1772 4637 1809 4698 εἰς

124 4788 223 4835 utitita—
231 4776 274 4835 Ne
289 4773 358 4834 milri
371 4771 528 4834 vestimenta
543 4768 654 4829 illorum
666 4768 805 4850 respicias,
820 4770 867 4829 sed
886 4791 979 4831 eorum
1033 4769 1049 4803 τ
1083 4743 1164 4813 πέζας
1177 4743 1341 4815 πολυτελεῖς,
1360 4745 1404 4798 otu
1428 4741 1455 4799 δὲ
1477 4742 1512 4806 ‘l‘
1538 4735 1741 4818 ἕῑαῑθῑζθμὲνων
1761 4757 1808 4856 l':

82 4869 153 4960 :dun
171 4865 350 4960 ¹iiiianimam
367 4884 464 4948 restite,
479 4881 505 4927 et
526 4863 662 4948 perpende
679 4885 769 4924 aunon
781 4865 857 4925 mille
870 4866 905 4926 sit
919 4867 978 4927 vul·
1033 4851 1129 4907 veredo
1146 4842 1322 4922 καταίώίωθ
1333 4848 1376 4901 νῦν
1393 4841 1419 4900 δὲ
1445 4844 1480 4907 Εἷς
1495 4839 1636 4899 '’mmm''
1653 4836 1750 4915 ἐσμοὺς
1765 4860 1809 4894 ”⁰¹¹

24 4952 27 4956 ⁴
83 4931 195 5022 misertim
232 4963 341 5024 neribus
359 4962 489 5038 confossa,
500 4973 525 5018 et
538 4956 635 5019 laceris
654 4956 751 5038 pannis
767 4955 874 5036 induta,
890 4977 978 5019 annon
1033 4948 1187 5030 παρασίτων
1209 4949 1318 5017 πλῆθος·
1335 4947 1368 5004 Εἴ
1390 4943 1417 5003 δὲ
1440 4947 1645 5023 χρυσθθθθθῧῦῑι
1668 4939 1711 4999 διὰ
1734 4943 1809 4997 ‘⁰3³⁹

85 5038 174 5084 mm*
232 5055 268 5116 sit
286 5054 390 5115 deserta
404 5067 430 5114 et
446 5052 504 5114 siue
520 5049 678 5133 patrocinis.
694 5049 764 5123 Quae
780 5049 884 5111 utilitas
903 5051 978 5113 illius
1035 5051 1152 5131 μάλιστα
1163 5047 1336 5121 ἔλεεινοδ,ότι
1347 5045 1475 5139 τόικμηδέν
1484 5043 1548 5125 πρὸς
1558 5042 1651 5109 αὐτοὺς
1661 5040 1808 5123 πῑρῑσπθθ·

1244 4432 1289 4493 καὶ
1310 4423 1380 4493 οὗτοι
1395 4435 1486 4513 πολλῷ
1498 4435 1537 4513 τῷ
1551 4435 1623 4512 λιμῷ
1645 4436 1693 4504 τῆς
1712 4435 1808 4512 ἀρετῆς

265 5230 276 5255 ²
295 5222 357 5273 ierat
369 5218 476 5276 πολλάκις
486 5218 586 5273 τοιοῦτος
594 5247 602 5273 ,
616 5204 776 5276 sicquidem.
1078 5210 1091 5248 Ι)
1109 5213 1210 5261 κολάκων
1224 5209 1302 5272 δῆμον,
1317 5204 1351 5254 sic
1364 5201 1435 5254 allus·
