3728 5978
594 485 627 531 ru
654 482 762 532 επιστ.
791 479 837 529 ,ιο
863 480 946 528 nour.
974 479 1093 530 nourr..
1122 485 1159 532 n.
1208 509 1212 517 ι
1586 460 1656 555 477

88 606 220 683 ματικῦς·
239 606 303 684 ὅπερ
321 604 367 665 καὶ
382 608 397 665 θ
410 606 524 688 Χριστὸς
538 608 625 678 δηλῶν
640 607 730 688 ἔλεγε·
746 608 858 683 Πνεῦμα
874 609 894 658 Ε
912 602 980 662 dicit
987 602 1060 664 enim
1072 625 1089 664 ο
1100 605 1179 666 beuta
1190 606 1239 666 illa
1252 627 1327 684 vnce,
1338 628 1397 687 quae
1414 603 1501 667 Patris
1513 616 1576 664 sunt
1589 601 1655 663 Filii

86 702 101 754 δ
123 696 211 771 Θεὸς,
227 697 272 755 καὶ
286 695 345 765 τοίις
359 705 570 778 προσκυνοῦντας
585 700 673 774 αὐτὸν,
686 703 714 760 lu
727 697 859 777 πνεύματι
911 717 977 774 esse,
991 711 1018 757 et
1031 720 1092 778 quae
1111 699 1176 760 Filii
1193 700 1257 765 item
1273 700 1369 762 Patris
1385 703 1492 763 Omnia
1504 700 1594 771 enim,
1611 696 1812 773 in·1tl‹t.17.ro.

86 788 134 846 καί
153 787 264 870 ἀληθείη
287 790 326 848 δεῖ
345 800 512 872 προσκυνεῖν.
537 791 584 851 Ἐν
602 795 641 872 τῷ
652 791 797 873 εὐαγγελίῳ
812 796 859 851 τοῦ
913 788 982 868 quit,
998 802 1050 849 tua
1065 812 1132 851 mea
1145 803 1225 872 sunt,
1235 806 1264 854 ει
1279 813 1345 852 mea
1356 791 1558 853 tunsurus&
1568 790 1656 876 inde-

87 882 155 941 λίοῦ
169 882 257 940 αὐτοῦ.
279 879 413 963 ’ἀνωτέρω
427 882 509 942 εἰπὼν
523 884 554 943 τὸ
568 883 718 963 εὐαγγέλιον
732 889 779 943 τοῦ
796 885 861 943 lle-
913 885 1044 942 sinenter
1055 889 1228 944 memoriam
1241 889 1334 946 uestri
1344 886 1459 966 faciam
1478 887 1510 942 ἰιι
1524 884 1657 963 precibus

87 975 150 1054 πρὸς
173 965 254 1045 εἶναι,
278 975 390 1033 ἐνταῦθα
415 981 460 1035 τοῦ
484 977 549 1036 Υίυῦ
575 975 640 1036 αὐτό
663 999 760 1057 φησιν·
779 973 861 1042 ούτως
915 977 997 1034 meis.
1023 975 1083 1034 Huc
1105 997 1237 1057 germunae
1265 977 1384 1038 cariutis
1411 990 1460 1037 est.
1485 975 1523 1035 Et
1548 973 1658 1035 videtur

88 1064 229 1147 ἀδιάφορον
239 1066 285 1124 καί
298 1066 404 1145 Πατρδς
415 1066 460 1126 καὶ
473 1068 538 1127 lton
548 1064 707 1148 λέγεινκαὶ
717 1068 769 1148 γάρ
780 1066 861 1146 ίμαθε
915 1064 1024 1146 quidem
1039 1088 1124 1127 unum
1140 1067 1240 1148 dicere,
1259 1069 1327 1130 dum
1342 1082 1458 1148 quatuor
1474 1066 1550 1149 ponit
1563 1089 1571 1124 τ
1583 1065 1659 1145 qnod

88 1157 164 1238 παρὸ
182 1163 231 1230 τῆς
252 1158 386 1241 μακαρίας
401 1158 502 1233 ἐκείνης
515 1163 619 1241 φωνῆς,
635 1160 678 1221 ύτι
690 1160 724 1220 τὸ
736 1167 783 1221 τοῦ
797 1162 860 1220 Πα-
915 1179 1018 1219 monor
1030 1161 1076 1234 sit,
1090 1160 1164 1240 quod
1179 1161 1371 1240 indesinenter,
1385 1160 1459 1240 quod
1476 1160 1505 1220 in
1523 1158 1659 1240 precihus,-

88 1253 150 1333 τρδς
166 1256 212 1312 τοῦ
231 1256 313 1328 Υίοῦ,
327 1252 373 1311 καί
390 1253 425 1313 τὸ
439 1260 485 1315 τοῦ
498 1255 563 1314 tus
576 1259 622 1313 τοῦ
636 1254 752 1337 Πατρός·
766 1253 862 1313 Πάντα
913 1251 1041 1331 quodque
1052 1273 1102 1333 pro
1115 1255 1222 1335 magnis
1234 1254 1315 1316 rebus
1332 1268 1464 1337 precetur.
1481 1255 1529 1312 t0.
1544 1255 1658 1330 Orans,

88 1344 153 1426 γάρ,
169 1346 248 1426 φησί,
262 1345 295 1405 τὸ
306 1345 358 1424 {pl
372 1346 408 1405 σά
420 1347 486 1419 ἐστι,
500 1345 589 1407 καίτίι
598 1346 634 1407 σὸ
645 1345 706 1425 ἐμά.
723 1345 771 1414 Ὡς
782 1347 860 1404 ἀδια-
915 1348 941 1404 si
957 1365 1016 1426 quo
1033 1347 1119 1405 modo
1138 1348 1303 1428 aliquando
1318 1367 1455 1428 prospere
1464 1349 1583 1426 possim,
1600 1364 1658 1404 vo-

88 1436 204 1504 λείπτως
225 1436 317 1515 μνείαν
330 1441 404 1514 ὑμῶν
418 1436 567 1518 ἀποιοῦμαι
581 1439 689 1498 ἐπὶτῶν
707 1442 861 1519 προσευχῶν
870 1494 907 1534 m
918 1436 996 1495 lente
1008 1439 1083 1514 Deo,
1102 1443 1206 1498 venire
1222 1441 1264 1499 ad
1276 1459 1341 1500 vos.
1361 1442 1411 1498 ίί.
1425 1439 1568 1499 Desidere
1581 1439 1662 1496 enim

90 1551 152 1605 μου.
166 1532 253 1589 Τοῦτο
266 1528 376 1607 γνησίας
389 1530 506 1610 ἀγάπης.
531 1530 585 1590 Καί
596 1532 667 1591 δοκεῖ
678 1529 727 1609 μίν
737 1528 766 1588 ἐν
779 1554 805 1589 τι
818 1528 862 1588 λί-
879 1549 899 1596 Λ
917 1529 1020 1588 videre
1030 1549 1094 1590 vos.
1105 1529 1206 1592 Viden’
1217 1552 1322 1592 summe
1334 1544 1471 1613 optantem
1484 1529 1546 1590 illos
1554 1527 1660 1606 videre,

89 1644 160 1698 γειν,
176 1620 291 1701 τέσσαρα
306 1619 334 1679 δὲ
352 1620 456 1694 τίθησιν
476 1625 602 1694 ἐνταῦθα,
629 1621 675 1682 καί
694 1623 735 1682 ὅτι
755 1621 862 1701 μίμνη-
916 1641 1001 1698 neque
1022 1619 1053 1681 id
1070 1622 1157 1682 fucere
1177 1636 1274 1704 praeter
1293 1624 1345 1684 Dei
1365 1622 1496 1704 placitum
1511 1621 1658 1693 volentem,

89 1736 153 1785 ται,
167 1712 213 1771 καί
226 1714 267 1773 ὅτι
281 1713 472 1788 ἀδιαλείπτως,
487 1714 533 1773 καί
545 1713 587 1774 ὅτι
600 1716 627 1774 ἐν
642 1718 745 1796 εὐχαῖς,
761 1715 807 1775 καί
820 1714 862 1774 ὅτι
916 1710 964 1771 sed
974 1733 1094 1774 amorem
1109 1714 1161 1774 Dei
1173 1714 1270 1775 timore
1277 1715 1395 1776 mixtum
1409 1714 1660 1795 gerentem?llmn·

90 1803 160 1884 ὑπὲρ
184 1805 307 1883 μεγαλων
329 1806 505 1886 πραγμάτων.
521 1805 666 1886 Δεύμενος,
682 1807 708 1866 εί
731 1831 788 1876 ποις
810 1806 862 1880 ἤδη
916 1804 965 1863 hat
984 1806 1085 1886 quippe
1102 1806 1164 1867 illos
1184 1807 1260 1868 etad
1278 1808 1339 1867 illos
1357 1807 1514 1884 festinabat,
1535 1804 1584 1865 sed
1598 1804 1662 1866 licet

90 1895 158 1955 ποτὲ
173 1896 370 1974 εὐοδωθήσομαι
391 1899 417 1956 ἐν
433 1901 471 1979 τῷ
486 1898 616 1975 θελήματι
635 1904 681 1959 τοῦ
695 1901 766 1959 Θεοῦ
779 1901 864 1960 ἐλθεῖν
918 1911 1030 1976 amaret,
1041 1918 1095 1958 non
1104 1912 1203 1979 preter
1216 1900 1267 1960 Dei
1278 1899 1408 1981 placitum
1421 1898 1515 1961 videre
1525 1897 1660 1979 cupiebat.

91 1989 159 2069 πρὸς
176 1993 254 2066 ὑμᾶς.
275 1988 414 2049 Ἐπιποθῶ
441 1989 493 2070 γάρ
512 1992 575 2050 ἰδεῖν
591 1995 669 2071 ὑμᾶς.
696 1989 804 2073 ’Ὁρᾷς
819 1991 865 2050 καί
919 1989 984 2049 Haee
1004 2004 1044 2051 est
1068 2010 1195 2070 germana
1217 1992 1313 2053 centus
1334 2016 1339 2049 :
1363 2014 1416 2052 non
1440 1992 1510 2051 sicut
1530 2010 1595 2068 nos,
1613 1990 1661 2070 qui
1702 1998 1723 2076 (ξ
1725 2013 1813 2044 eeeeee

91 2078 221 2140 ὠδίνοντα
249 2079 342 2150 αὐτοὺς
375 2082 448 2154 ἰδεῖν,
475 2081 521 2141 καί
546 2087 594 2143 οὐκ
613 2083 771 2165 ἀνεχόμενον
789 2081 866 2164 παρὸ
920 2081 1047 2162 utrinque
1064 2082 1212 2143 ecaritatis
1225 2083 1332 2164 legibus
1351 2084 1522 2144 excidimus:
1539 2103 1603 2143 nam
1617 2082 1660 2146 vel
1670 2071 1810 2121 ⁰⁸¹¹¹¹⁸‘¹¹¹”'

92 2174 124 2232 πθ
150 2177 190 2255 τῷ
210 2176 273 2253 Θεῷ
297 2177 389 2235 δοκοῦν
410 2176 485 2249 ίδεῖν,
500 2175 773 2256 ἀλλδικεκερασμίνον
791 2176 865 2257 φίδῳ
920 2175 1054 2234 niuem
1065 2196 1197 2253 amamus,
1213 2176 1257 2237 τισί
1270 2178 1294 2236 si
1308 2199 1446 2255 amemus,
1459 2177 1489 2237 id
1501 2191 1597 2258 preter
1610 2177 1663 2236 Dei

93 2268 164 2325 Θεοῦ
174 2267 219 2326 τὸν
230 2266 309 2327 πόθον
324 2266 435 2348 ἔχοντα,
452 2267 557 2349 Ἐφίλει
571 2269 619 2348 μίν
633 2269 685 2352 γὸρ
699 2269 804 2343 αὐτούς,
820 2269 865 2329 καί
919 2267 1050 2348 placitum
1079 2267 1211 2344 sacimu53
1242 2283 1386 2348 utrumque
1417 2284 1508 2330 contra
1538 2267 1663 2329 divinem

92 2358 220 2438 ἠπείγετο
249 2361 315 2440 πρὸς
347 2361 456 2429 αὐτούς·
488 2363 518 2422 ού
548 2361 617 2441 μὴν,
646 2361 738 2436 ἐπειδὴ
765 2362 864 2444 ἐφίλει,
919 2359 1006 2439 legem
1023 2359 1157 2420 iacientes.
1173 2359 1203 2420 Si
1221 2361 1280 2422 haec
1291 2361 1365 2422 dicta
1380 2382 1500 2440 onerosa,
1512 2360 1663 2423 onerosiora

93 2450 171 2532 παρὸ
198 2453 229 2512 τὸ
252 2457 290 2533 τῷ
311 2457 374 2535 Θεῷ
400 2456 491 2514 δοκοῦν
503 2454 626 2515 ἐύούλετο
651 2457 724 2516 ίδεῑν.
747 2455 823 2530 dir-q
846 2461 864 2528 ἡ
919 2465 990 2511 certe
999 2466 1062 2512 sunt
1071 2450 1094 2511 si
1107 2452 1182 2513 stant.

93 2543 190 2621 γνησία
215 2543 323 2624 ἀγάπη,
344 2549 394 2626 οὐχ
415 2549 452 2613 ὡς
470 2551 547 2624 ἡμεῖς
564 2551 589 2607 οί
607 2545 792 2628 ἀμφοτέρωθεν
812 2552 865 2608 τῶν
883 2550 902 2598 Β

92 2636 181 2714 νόμων
195 2640 243 2708 τῆς
259 2639 364 2718 ἀγάπης
382 2639 563 2707 ἐκπίπτοντες.
588 2638 628 2699 Ἦ
640 2641 693 2723 γὰρ
712 2640 804 2701 οῦδένα
816 2664 866 2721 φι-

93 2730 201 2808 λοῦμεν,
215 2728 233 2804 ἢ
246 2728 351 2790 έπειδὸιν
367 2731 522 2811 φιλήσωμέν
535 2755 612 2806 ποτε,
628 2732 702 2814 παρὸ
712 2732 743 2793 τὸ
753 2737 792 2813 τῷ
803 2736 866 2814 Θεῷ

93 2823 186 2879 δοκοῦν
200 2823 340 2902 φιλοῦμεν,
360 2822 498 2905 ἀμφύτερα
511 2823 585 2902 παρὸ
604 2825 649 2885 τὸν
664 2831 731 2885 θεῖον
745 2831 867 2887 ’ποιοῦν

92 2937 137 2981 τες
154 2913 242 2991 νόμον.
266 2916 301 2974 El
318 2902 345 2973 ll
359 2915 471 2995 pependi
484 2921 568 2975 ταῦτα
581 2916 722 2996 λεγόμενα,
736 2914 866 2999 φορτικώ-

92 3029 159 3084 τερα
173 3006 324 3086 γιγνόμενα.

136 3110 189 3169 Καί
205 3112 262 3176 πῶς
280 3108 353 3190 παρὸ
368 3110 398 3170 τὸ
416 3114 454 3191 τῷ
473 3113 536 3190 Θεῷ
550 3112 642 3172 δοκοῦν
656 3115 791 3193 φιλοῦμεν,
814 3137 868 3195 φη.
962 3100 992 3158 ὅ.
1006 3097 1043 3158 Et
1062 3096 1213 3177 quomodo,
1231 3097 1346 3178 inquies,
1362 3112 1458 3180 praetcr
1469 3102 1521 3161 Dei
1533 3092 1666 3183 placitum

95 3200 153 3274 σίν;
167 3198 254 3260 Ὅταν
275 3200 319 3260 τὸν
338 3200 385 3279 μὲν
398 3203 513 3282 Χριστὸν
529 3206 601 3285 λιμῷ
619 3203 764 3283 τηκόμενον
775 3230 868 3288 περιο-
921 3191 1069 3252 amamus?
1095 3190 1213 3264 Q⁰³⁰d⁰
1234 3190 1373 3252 Chri-‘'lum
1397 3192 1467 3253 fame
1488 3194 1666 3258 ldbfficenleffl

95 3296 194 3371 ρῶμεν,
206 3289 284 3353 παισί
301 3291 328 3351 δὲ
344 3292 389 3351 καί
404 3293 489 3372 φίλοις
508 3294 553 3353 καί
574 3296 724 3376 συγγενέσιν
740 3299 807 3381 ύπίρ
820 3300 868 3374 τὸν
922 3283 1106 3365 despicimus,
1128 3282 1194 3343 fiffi⁸
1207 3297 1309 3359 “meme
1322 3284 1417 3344 amicis
1429 3299 1455 3346 ⁰¹
1471 3287 1591 3368 ⁰⁰8¹¹³¹l³
1604 3288 1668 3369 ΡῙΙΙ5

92 3383 187 3464 χρείαν
201 3383 370 3465 παρέχωμεν.
390 3387 499 3444 Μᾶλλον
511 3386 539 3444 δὲ
555 3386 582 3445 τί
595 3388 648 3469 χρὴ
661 3390 811 3471 περαιτέρω
824 3392 869 3451 τὸν
921 3399 1003 3457 quam
1027 3397 1134 3437 ¹¹00&st
1157 3389 1196 3436 δέ
1220 3373 1376 3456 elargimur·
1406 3378 1465 3438 1³¹⁰
1487 3378 1577 3460 ΡΜδ
1601 3377 1668 3458 ‘1¹lid

92 3476 173 3554 λόγον
187 3477 328 3556 προάγειν,
344 3476 409 3535 Ἐάν
428 3476 479 3557 γάρ
501 3478 531 3537 τὸ
553 3482 647 3539 ἑαυτοῦ
671 3482 786 3551 συνειδὸς
808 3484 869 3544 ἔχει.
886 3502 905 3550 ρ
921 3493 989 3553 opus
1003 3485 1043 3532 cst
1052 3492 1175 3531 sermone
1185 3471 1297 3531 ulterius
1310 3470 1461 3553 progredi?
1475 3474 1544 3533 Nam
1555 3473 1579 3534 si
1590 3497 1668 3537 suam

93 3592 156 3636 στος
180 3567 305 3649 ἐξετάσῃ,
320 3570 363 3629 ίπί
385 3572 491 3629 πολλῶν
504 3576 581 3630 τοῦτο
602 3573 709 3655 εὑρήσει
732 3575 868 3656 γινόμενον
921 3564 1036 3644 quisque
1057 3563 1248 3624 ⁰⁰ss⁵⁰l⁰1¹¹l³¹¹¹
1266 3563 1473 3640 flammaverit,
1494 3565 1621 3646 Plulimis
1638 3568 1667 3629 5¹¹

93 3660 271 3740 πραγμάτων.
286 3661 355 3720 Ἀλλ’
376 3665 424 3742 οὐχ
447 3665 461 3720 θ
479 3662 609 3743 μακάριος
633 3668 729 3734 ἐκεῖνος
752 3673 870 3738 τοιοῦτος
922 3659 1002 3718 rebus
1027 3657 1078 3718 hoc
1096 3657 1204 3717 anobis
1222 3657 1324 3717 sectum
1344 3678 1401 3717 esse
1416 3656 1606 3738 deprehendet.
1632 3663 1669 3721 dt

94 3744 139 3826 ἦν,
148 3753 208 3811 ἀλλ’
223 3753 282 3832 ᾔδει
296 3752 341 3812 καί
363 3756 457 3835 φιλεῖν,
473 3754 518 3814 καί
533 3757 617 3836 φιλεῖν
635 3761 671 3825 ὡς
683 3758 753 3840 χρὴ,
768 3760 814 3821 καί
833 3765 870 3831 ὡς
921 3752 1017 3811 beatus
1027 3749 1071 3811 vir
1082 3749 1128 3809 ille
1139 3770 1192 3810 non
1205 3749 1269 3810 talis
1279 3763 1344 3828 erat,
1357 3749 1404 3810 sed
1417 3771 1517 3828 muare,
1533 3766 1560 3812 et
1573 3767 1603 3813 ut
1617 3775 1668 3835 par·

97 3848 232 3923 προσῆκον
245 3837 288 3919 ἦν,
301 3846 346 3905 καί
357 3845 459 3915 πάντας
468 3852 548 3907 νικῶν
557 3852 595 3929 τῷ
606 3851 700 3931 φιλεῖν,
710 3853 757 3932 etp
774 3853 870 3935 empl-
923 3856 962 3902 est
984 3863 1074 3902 amare
1096 3840 1208 3917 sciebat,
1227 3853 1319 3919 etque,
1339 3840 1390 3899 etsi
1412 3861 1503 3901 omues
1525 3842 1554 3902 in
1576 3865 1671 3906 amore

98 3936 173 3995 ύαινε
186 3940 234 4006 τῆς
242 3938 346 4016 ἀγάπης
355 3937 390 3997 τὸι
401 3939 494 4020 μέτρα.
508 3939 579 4020 Ὅρα
589 3946 650 4020 γοῦν
666 3921 801 4024 ἀμφάτὸρα
809 3949 869 4022 μεθ’
924 3935 1051 4010 vinceret,
1065 3932 1184 3994 caritatis
1195 3947 1283 3992 temen
1296 3931 1407 3992 modum
1421 3954 1474 3992 non
1488 3935 1667 4016 transgredie-

98 4029 247 4110 ῦπερύολῆς
258 4032 284 4088 ἕν
295 4033 366 4110 αὐτῷ
379 4031 508 4111 βρύοντα,
521 4033 566 4092 καί
576 4033 621 4092 τὸν
631 4039 677 4093 τοῦ
694 4038 763 4096 Θεοῦ
779 4037 870 4118 φύύον,
924 4026 1014 4087 hamt·
1030 4025 1105 4089 Vide
1119 4044 1184 4103 “80
1203 4037 1347 4102 uisumque
1361 4023 1461 4083 θῑίΰῑίθ
1473 4024 1501 4084 ln
1521 4025 1570 4086 ίίίθ
1582 4028 1667 4090 abun·

98 4119 145 4176 καί
159 4117 204 4178 τὸν
222 4125 276 4179 τῶν
289 4120 432 4200 Ῥωμαίων
448 4123 536 4184 πάθον.
552 4125 592 4183 Τὸ
609 4125 657 4202 μὲν
671 4125 723 4207 γὰρ
745 4129 870 4202 διηνεκῶς
925 4118 999 4191 dare,
1016 4131 1043 4177 et
1054 4117 1105 4176 Dei
1117 4115 1240 4176 timorem
1253 4116 1472 4176 etllomunorum
1487 4116 1665 4181 dilectionem.

99 4210 295 4291 εύχεσθαι,καί
314 4212 352 4290 μὴ
367 4215 533 4295 τυγχάνοντα
548 4214 586 4293 μὴ
601 4215 778 4298 ἀφίστασθαι,
805 4220 871 4300 ἀγά-
925 4214 995 4272 Nam
1018 4211 1093 4291 quud
1113 4208 1293 4270 indesinenter
1315 4225 1486 4292 precaretur,
1517 4227 1543 4274 et
1565 4235 1595 4276 re
1614 4237 1666 4277 uun

99 4326 153 4376 τιης
172 4307 285 4386 σφοδρᾶς
300 4297 348 4377 ἦν·
367 4306 397 4366 τὸ
423 4306 450 4366 δέ
473 4305 637 4386 ι’ἀγαπῶνται
656 4309 742 4389 μένειν
763 4315 802 4394 τῷ
823 4317 869 4372 τοῦ
924 4306 1066 4387 impetrata
1098 4325 1152 4364 non
1175 4317 1264 4364 umen
1282 4303 1430 4378 desisteret,
1463 4305 1582 4371 ardentis
1612 4325 1669 4373 crat

99 4398 170 4458 Θεοῦ
184 4398 295 4476 νεύματι
313 4398 431 4473 εἴκοντα,
445 4400 580 4470 altstete<
595 4402 795 4481 ἐπιτιταμίνης.
810 4402 869 4464 Ἀλ-
924 4399 1046 4478 amoris,
1061 4398 1187 4478 quodque
1206 4396 1322 4458 amando
1338 4398 1490 4480 persisteret
1516 4402 1567 4462 Dei
1588 4403 1667 4464 nutui

99 4492 183 4569 λαχοῦ
204 4491 251 4568 μίν
275 4481 319 4551 οῦν
339 4490 396 4573 τρίς
418 4492 463 4550 τὸν
486 4491 583 4573 Κύριον
610 4495 814 4575 παρακαλέσας,
840 4500 869 4557 οῦ
888 4496 1081 4575 subsequens,
1099 4512 1211 4554 summe
1224 4492 1333 4574 pietatis
1345 4507 1409 4554 erat.
1424 4495 1498 4556 Alibi
1511 4497 1593 4558 etiam
1605 4520 1667 4559 cum
1679 4521 1700 4553 ι.
1715 4507 1768 4555 Cor·
1782 4523 1816 4554 ια.

101 4581 180 4660 μόνον
198 4587 245 4643 οὐκ
263 4583 367 4660 έλαάεν,
383 4582 452 4645 ἀλλά
474 4586 519 4644 καί
534 4587 564 4645 τὸ
585 4588 710 4664 ἐναντίον,
722 4589 759 4666 μὴ
771 4589 871 4666 λαύιίιν,
924 4601 965 4648 ter
979 4586 1130 4647 Dominum
1142 4598 1269 4665 rugasset,
1282 4605 1331 4646 nec
1344 4585 1522 4668 impetrasset,
1536 4589 1593 4652 imo
1604 4612 1667 4652 con·
1677 4571 1700 4620 Β·

100 4675 179 4757 χάριν
191 4676 257 4755 ἔγνω
277 4680 323 4735 τοῦ
343 4682 561 4756 παρακουσθῆναι
587 4679 784 4753 collimitio
806 4681 872 4763 πρὸς
923 4677 1667 4763 ίταιίυωεὶίιίαοοίιίίντσηςταίίαεοςὶίιιιαιίιυειεφυοᾶ

100 4770 145 4828 τὸν
159 4769 228 4829 Θεὸν
243 4771 270 4827 έν
284 4769 382 4828 ἅπασιν
398 4769 517 4830 ἔὸλεπεν.
531 4770 663 4832 Ἐνταῦθα
677 4771 705 4833 δέ
720 4771 798 4835 ίλαὸε
814 4774 871 4854 μὲν,
924 4773 1061 4856 repulsam
1081 4770 1186 4832 tul‘nset
1200 4794 1208 4828 ι
1220 4770 1260 4830 sic
1276 4771 1323 4830 ille
1341 4770 1369 4830 iu
1390 4772 1516 4833 omnibus
1529 4774 1564 4835 ad
1578 4779 1667 4840 Dent

102 4863 151 4940 οὐχ
163 4860 205 4920 ὅτε
222 4861 249 4921 δὲ
265 4861 372 4940 ᾔτησεν,
385 4861 454 4921 ἀλλά
478 4862 607 4942 βραδέως,
621 4863 666 4923 καί
680 4867 871 4926 οοὐδένέντεῦ·
924 4887 953 4927 se
975 4864 1154 4927 convertebat.
1174 4862 1226 4923 Hic
1245 4876 1336 4923 autem
1352 4865 1455 4945 acecpit
1468 4865 1596 4946 quidem,
1618 4872 1667 4933 sed

103 4958 146 5012 θεν
160 4954 324 5035 ἐδυσχέρανε.
340 4957 433 5014 Ταῦτα
448 4953 476 5013 δὲ
487 4953 573 5033 λέγω,
584 4955 628 5015 tva
641 4955 679 5039 μὴ
694 4957 871 5039 ἀσχάλλωμεν
925 4955 1223 5038 nonquandopetebut3
1234 4953 1282 5014 sed
1291 4954 1406 5032 tardius,
1419 4977 1466 5017 uec
1476 4959 1587 5023 moleste
1597 4963 1666 5025 tulit.

137 5119 147 5149 ί
165 5118 235 5168 Unus
246 5126 353 5183 ποιοῦμαι
364 5124 462 5170 πάντοτε
474 5125 518 5172 ίπί.
944 5124 957 5163 ¹³
973 5120 1020 5173 Atii
1033 5130 1156 5188 ἀγαπῶντα
1166 5122 1225 5173 οὕτω
1234 5125 1319 5185 μάντιν.

138 5199 146 5216 ”
165 5192 221 5263 [θρα
232 5203 271 5248 καί
279 5195 320 5260 d]
944 5215 954 5239 e
972 5197 1083 5262 Quidum
1096 5202 1145 5253 σθδί
1155 5191 1312 5264 imbecell-
1325 5200 1392 5263 vill*
1500 5202 1503 5210 '

139 5290 149 5313 ο
169 5273 214 5324 Alii
227 5274 268 5340 [d.
282 5287 306 5327 ct
319 5291 397 5341 marg.
411 5271 501 5341 savit]
513 5283 627 5341 ποιοῦμεν.
