3728 5978
603 493 636 539 ιιι
663 493 750 540 εστι
776 491 1039 540 εεοετοιοιιυοι.
1068 492 1187 540 nourr.
1216 493 1239 540 ι.
1636 478 1645 488 ’
1677 497 1701 565 ς)

129 637 189 690 μενος
203 612 307 691 λόγοις,
320 613 510 694 Παρήγγειλεν
524 613 579 674 ἀπὸ
592 613 781 695 Ἱεροσολύμων
795 615 834 694 μὴ
844 637 904 695 χω·
959 614 1083 689 solymis
1094 635 1130 674 ue
1144 615 1334 688 discederent,
1352 616 1405 677 sed
1417 628 1616 694 exspectarent
1629 637 1701 694 pro·

130 707 244 787 ρίζεσθαι,
264 706 342 767 ἀλλὰ
355 705 510 787 περιμίνειν
524 706 574 779 ι-λν
596 709 754 788 ἐπαγγελίαν
775 714 821 766 τοῦ
842 709 902 768 Πα-
959 708 1126 765 missionem
1136 709 1246 766 Patris.
1257 705 1349 766 Primo
1360 706 1388 765 in
1399 705 1544 767 Galilaaam
1553 704 1703 765 deduxerat

129 799 182 878 τρίς.
207 800 329 878 Πρῶτον
352 800 449 867 αὐτοὺς
469 802 506 867 είς
530 798 580 871 τὴν
607 800 753 861 Γαλιλαίαν
778 800 905 880 ἐξήγαγε,
959 816 1003 854 cos
1017 794 1108 855 adhuc
1131 795 1304 857 formidantes
1324 812 1351 858 et
1370 810 1526 871 trementes,
1540 811 1571 856 ut
1585 819 1647 857 cum
1667 797 1704 857 li·

129 889 265 957 δεδοικότας
286 891 332 950 ἔτι
344 892 393 951 καὶ
407 892 569 973 τρέμοντας,
582 891 627 952 ίνα
647 891 716 971 μετὰ
725 893 815 960 ἀδείας
827 891 905 952 ἀκού·
959 888 1061 948 bertate
1072 887 1146 950 dicta
1155 889 1400 951 audirent.Deinde
1413 912 1476 951 cum
1485 890 1630 968 audissent,
1639 892 1703 952 etin

131 1005 183 1041 ανοι
193 987 247 1042 τῶν
257 984 429 1063 λεγομένων.
445 976 634 1059 Εἶτα,ἐπειδὴ
646 983 771 1059 ἤκουσαν,
785 985 831 1046 καί
842 1009 904 1046 τεσ-
960 980 1004 1040 bis
1017 981 1253 1063 perquadraginta
1266 983 1325 1043 dies
1337 999 1423 1044 essent
1433 984 1542 1060 versati,
1561 987 1705 1065 Praecepit
1752 1033 1754 1036 .
1824 1010 1828 1016 ’

131 1075 271 1154 οεραίιοντα
307 1076 502 1158 συνδιέτριψεν
524 1077 645 1157 ἡμέρας,
669 1077 840 1158 Παρήγγειλε
866 1075 904 1156 μὴ
961 1077 1490 1152 cisabJerosolymisnediscederent.
1505 1077 1614 1151 Quare?
1627 1079 1858 1155 Sicuttpansrrtfl.

132 1167 386 1248 ίπὸἹεροσολύμων
405 1168 576 1250 χωρίζεσθαι.
593 1170 630 1231 Τί
651 1170 762 1244 δήποτε,
777 1170 905 1254 Καθάπερ
961 1167 1061 1228 milites
1080 1168 1109 1227 in
1131 1169 1240 1249 agmina
1255 1170 1407 1252 irrupturos
1429 1192 1508 1230 nemo
1531 1171 1596 1231 sinit
1610 1161 1772 1268 exire,f;{2¹
1785 1168 1860 1266 5⁶52}

130 1260 192 1326 εινίε
211 1260 389 1341 στρατιώτας
409 1261 555 1339 μέλλοντας
573 1266 611 1329 είς
627 1265 727 1334 πλῆθος
749 1263 907 1343 ἐμπίπτειν,
959 1258 1044 1320 donec
1057 1262 1154 1321 armati
1169 1262 1378 1343 luerint,neque
1395 1283 1477 1342 equos
1491 1283 1525 1323 ex
1540 1282 1753 1334 carcerem-21„
1789 1238 1858 1329 ..Picta

133 1353 204 1421 οῦθεὶς
220 1353 334 1434 ἀρίησιν
351 1352 477 1426 ἐξελθεῖν,
488 1353 539 1423 ἕως
549 1355 581 1414 ῦν
594 1356 770 1416 ὁπλίσιονται·
785 1355 843 1417 οὐδὲ
856 1355 905 1416 ίπ-
960 1352 1044 1430 silire,
1061 1353 1220 1434 priusquam
1239 1354 1363 1434 aurigam
1377 1355 1448 1414 nacti
1469 1355 1542 1414 sint:
1566 1354 1606 1415 sic
1620 1375 1706 1435 neque
1715 1349 1845 1394 atvertum.

134 1469 189 1514 ποις
197 1448 342 1527 πρωτηδᾷν
355 1451 406 1520 τῆς
421 1446 563 1524 βαλῦιδος,
579 1447 629 1516 iu<
641 1448 673 1507 θν
683 1447 728 1508 τὸν
738 1448 844 1529 ἡνίοχον
857 1448 906 1508 λά·
960 1442 1022 1505 illos
1040 1460 1103 1505 ante
1115 1446 1263 1507 adventum
1282 1449 1401 1529 Spiritus
1414 1447 1499 1508 sancti
1512 1448 1540 1509 in
1553 1446 1611 1508 acie
1627 1469 1706 1509 eom-

134 1539 217 1598 θιεσιν·
231 1539 306 1598 elno
325 1539 359 1613 δὴ
384 1539 432 1599 καλ
447 1540 542 1608 αὐτοὺς
554 1543 607 1621 πρὸ
625 1544 674 1610 τῆς
686 1548 732 1600 τοῦ
752 1541 907 1620 Πνεῦματος
924 1561 943 1609 a:
961 1558 1056 1620 parere
1076 1538 1215 1620 permisit,
1239 1561 1272 1601 ne
1292 1540 1370 1600 facile
1386 1562 1403 1601 a
1423 1528 1517 1601 multis
1537 1554 1705 1623 caperentur.

132 1632 230 1692 καθόδου
245 1636 370 1713 μανῆναι
384 1632 430 1694 ἐπί
443 1637 492 1704 τῆς
503 1632 674 1714 παρατάξεως
684 1635 731 1692 οῦκ
745 1633 827 1715 ἠφίει,
837 1634 906 1695 ὥστε
963 1631 1056 1708 Neque
1065 1644 1204 1712 propterea
1216 1645 1330 1708 tantum,
1338 1631 1384 1692 sed
1394 1632 1460 1711 qnia
1472 1622 1553 1693 mirlti
1562 1646 1638 1693 erant
1648 1629 1707 1693 illic

134 1724 297 1802 μίγενέσθαι
312 1723 492 1804 εὐχειρώτους
506 1726 552 1785 καί
563 1725 715 1805 ἁλωσίμοις
725 1734 780 1793 τοῖς
791 1728 906 1796 πολλοῖς.
962 1720 1102 1780 credituri.
1114 1720 1156 1781 Ad
1166 1720 1224 1782 haec
1235 1744 1311 1798 vero,
1322 1744 1356 1783 ne
1366 1723 1482 1803 quidam
1490 1722 1611 1783 dicerent
1624 1724 1706 1805 ipsos,

133 1819 165 1875 θί
177 1816 316 1876 διατοῦτο
330 1817 360 1877 δὲ
376 1815 466 1894 μόνον,
479 1817 550 1877 ἀλλὰ
568 1818 614 1877 καί
628 1817 719 1890 ἐπειδὴ
733 1819 826 1879 πολλοὶ
838 1810 908 1891 ἦσαν
963 1812 1051 1872 missis
1072 1813 1143 1873 notis
1164 1828 1191 1874 ct
1213 1815 1412 1877 contribulibus
1424 1816 1499 1894 suis,
1512 1815 1548 1875 ad
1567 1827 1707 1876 nuaneos

134 1908 302 1984 νίρίλλοντες
315 1909 454 1969 πιστεύειν
466 1911 567 1972 αὐτόθι.
590 1911 644 1972 Καὶ
658 1911 722 1993 πρὸς
735 1910 837 1979 τούτοις
853 1910 909 1972 πά.
963 1905 1146 1966 ostentationis
1165 1929 1244 1969 causa
1270 1909 1418 1990 migrasse;
1440 1909 1542 1970 idcirco
1568 1909 1643 1991 apud
1662 1931 1708 1969 eos

134 2006 173 2075 λιι,
181 2001 224 2060 ἵνα
238 2001 280 2080 μὴ
292 2001 400 2081 λέγωσί
413 2026 496 2073 τινες,
512 2002 552 2062 ὅτι
567 2002 627 2072 τοὺς
640 2003 787 2084 γνωρίμως
800 2003 909 2085 ἀφέντες
962 1997 1046 2078 ipsae,
1055 1998 1102 2077 qui
1117 2001 1209 2062 Jesum
1219 2000 1382 2079 occiderant,
1394 2004 1471 2083 signa
1486 2002 1606 2085 prebent
1618 2023 1708 2064 rasur-

135 2095 195 2174 ιτμλ
208 2104 265 2161 τοῖς
285 2093 375 2163 ξένοις
388 2086 468 2168 ἦλθον
479 2096 634 2173 κομπάσαι,
647 2095 741 2155 τούτου
751 2096 831 2177 χάριν
844 2097 909 2178 παρ’
961 2089 1106 2168 rectionis,
1121 2092 1195 2172 apud
1213 2113 1277 2171 eos,
1292 2094 1405 2173 inquam
1415 2140 1424 2170 ,
1435 2095 1485 2175 qui
1499 2094 1708 2174 crucifixerant,

136 2191 206 2255 σίτοις
220 2196 279 2254 τοῖς
296 2187 478 2268 πεμονενκόσι
495 2187 642 2268 παρίγουσι
660 2187 695 2248 τὰ
716 2188 849 2268 τεκμιίρια
861 2194 910 2262 τῆς
962 2182 1009 2262 qui
1022 2183 1199 2263 sepelierant,
1213 2185 1241 2244 in
1255 2185 1313 2266 ipsa
1328 2187 1396 2246 urbe
1409 2187 1457 2246 ubi
1470 2188 1576 2247 facinus
1591 2188 1709 2271 impium

136 2280 315 2353 ἀναστάσεις,
329 2283 398 2359 παρ’
413 2281 503 2346 αὐτοῖς
520 2287 575 2347 τοῖς
588 2280 784 2360 incaeperim,
795 2288 850 2348 τοῖς
862 2282 909 2342 οά-
930 2329 943 2368 γ
965 2287 1101 2355 patratum
1114 2276 1202 2336 iuerat
1210 2299 1220 2355 ;
1236 2277 1274 2336 ita
1294 2291 1325 2337 ut
1339 2279 1459 2339 extranei
1475 2300 1567 2340 omnes
1579 2279 1644 2341 hinc
1656 2280 1709 2341 ob-

135 2376 211 2451 μιν,
222 2375 251 2431 ἐν
261 2377 337 2451 vtes]
352 2375 390 2450 τῇ
410 2370 487 2431 πόλει
500 2373 528 2429 ἐν
543 2362 606 2450 {et
620 2381 732 2453 πρᾶγμα
745 2373 776 2433 τὸ
788 2373 909 2456 παράνο-
928 2385 947 2432 A
964 2379 1112 2428 mutescere
1128 2382 1296 2448 cogerentur.
1314 2370 1386 2430 Cum
1403 2366 1478 2432 enim
1491 2371 1522 2450 ii,
1536 2371 1583 2451 qui
1601 2373 1711 2432 crucili-

136 2489 172 2540 μα
183 2464 343 2543 ἐτολμήθη,
359 2462 432 2523 ὥστε
447 2462 493 2523 καί
505 2461 567 2528 τοὺς
579 2463 673 2532 ἔξωθεν
688 2467 910 2545 ίπιατομισθῆναι
964 2472 1060 2519 xerant
1067 2504 1077 2538 ,
1099 2459 1170 2519 inter
1188 2459 1324 2521 medentes
1338 2477 1539 2545 comparerent3
1555 2463 1621 2524 hine
1641 2477 1712 2524 certe

135 2560 249 2624 henoc„
266 2556 362 2618 Ὅταν
378 2555 432 2636 γὰρ
447 2560 472 2616 οἱ
486 2554 680 2637 ἐαταυρωκίτες
696 2558 770 2617 αὐτοὶ
792 2556 910 2640 μηίνων-
964 2563 989 2610 et
1003 2551 1091 2613 crucis
1103 2565 1129 2612 et
1142 2565 1198 2612 tam
1208 2553 1296 2633 iniqui
1306 2554 1433 2617 facicmis
1448 2571 1551 2617 certum
1565 2555 1710 2634 indicium,

135 2675 168 2708 ται
188 2651 234 2710 καὶ
254 2648 488 2727 πεπιστευκότες,
508 2649 627 2722 εὔθηλον,
651 2648 693 2709 ὅτι
712 2649 757 2710 καί
771 2653 785 2711 ὁ
798 2638 910 2731 σταυρὸς
963 2655 990 2702 et
999 2643 1200 2704 resurrectionis
1214 2665 1345 2724 magnum
1353 2645 1503 2705 ducebatur
1511 2659 1710 2726 argumentum.
1749 2721 1751 2724 γ

136 2744 226 2802 καὶτοῦ
237 2734 595 2820 τολμήματοεῦείκνυτοῆ
610 2740 783 2825 παρανομία,
804 2742 850 2803 καί
864 2747 912 2816 τῆς
964 2735 1069 2796 Deinde
1081 2756 1116 2795 ne
1129 2733 1260 2813 dicerent,
1277 2736 1423 2812 Quomodo
1431 2759 1495 2818 ergo
1509 2737 1657 2818 poterimus
1669 2737 1712 2798 in.

136 2835 297 2900 ἀναστάσεως
310 2830 402 2904 πολλὴ
413 2836 431 2905 ἡ
445 2832 588 2902 ἀπόδειξις.
609 2823 678 2894 Εἶτα
692 2832 783 2911 ἵναμὴ
794 2833 909 2912 λέγωσι,
962 2840 1005 2887 ter
1015 2839 1071 2888 tam
1085 2826 1186 2886 multos
1199 2826 1321 2888 homines
1334 2828 1449 2889 nemrios
1464 2843 1490 2889 et
1501 2828 1654 2890 homicidas
1664 2829 1728 2913 de·-

135 2931 181 2992 σῦς
199 2917 244 2986 οὖν
269 2922 447 3003 δυνησόμεθα
470 2923 568 3002 μεταξὺ
583 2922 727 3004 ἀνθρώπων
743 2926 846 3006 μιαρῶν
865 2924 911 2986 καλ
963 2939 1036 2999 gere,
1049 2919 1155 2997 nosqui
1171 2919 1208 2978 ita
1220 2919 1300 3000 pauci
1309 2935 1334 2980 et
1349 2921 1416 2984 viles
1430 2922 1548 2982 sumus?
1561 2921 1627 2982 vide
1645 2944 1712 3002 quo·

136 3019 283 3097 ρωαίντων,
299 3016 350 3076 καὶ
363 3016 497 3076 τοσαίτων
519 3017 612 3090 ὄντων,
625 3015 708 3096 ὀλίγοι
729 3014 775 3076 καί
800 3018 911 3086 εὐτελεῖς
963 3010 1044 3072 modo
1056 3011 1128 3071 hanc
1149 3011 1305 3091 angustiam
1317 3011 1447 3095 expediat
1459 3028 1486 3073 et
1498 3013 1588 3074 solvat
1598 3013 1710 3075 dicens:

136 3112 196 3179 ὄντες
214 3110 320 3188 μένειν,
343 3110 411 3189 ὅρα,
432 3114 490 3176 πῶς
511 3107 567 3168 λθει
589 3109 638 3181 elo
663 3108 788 3187 ἀγωνίαν,
811 3108 910 3170 είπιίιν·
962 3103 1021 3164 Sed
1027 3116 1230 3185 exspectarent
1243 3109 1465 3186 promissionem
1481 3109 1606 3185 Patris,
1621 3129 1713 3190 quam

137 3201 388 3282 ’llld‘rrtpqaiorm
413 3200 463 3272 τὴν
483 3199 644 3280 ἐπαγγελίαν
666 3206 712 3260 τοῦ
732 3200 856 3286 Hesper,
876 3203 909 3277 ἣν
963 3199 1087 3259 audistis
1103 3218 1124 3257 a
1143 3219 1197 3257 me.
1216 3196 1253 3258 Et
1273 3197 1456 3278 quandonam,
1471 3200 1598 3280 inquies,
1616 3200 1711 3260 audie·

136 3294 255 3366 ίμοίεατί
266 3318 331 3372 μου.
344 3292 402 3352 Καί
416 3291 618 3368 πότεῆκουσαν,
632 3291 807 3373 φησίνςὍτε
820 3292 909 3374 ἔλεγε·
962 3290 1047 3350 runt?
1061 3291 1131 3350 Cum
1153 3288 1271 3350 diecret:
1294 3293 1424 3372 Expedit
1436 3296 1525 3353 vobis
1541 3305 1640 3375 utego
1654 3315 1710 3354 νο-
1719 3308 1788 3355 roan.
1804 3308 1840 3356 ιθ.

138 3387 262 3467 Σιμγίρει
287 3392 354 3464 ὑμῖν
379 3383 425 3443 ἵνα
446 3383 499 3466 ἐγὼ
520 3384 638 3444 ἀπέλθω.
651 3384 716 3446 Ἐὰν
730 3385 782 3467 γὰρ
798 3385 851 3464 ἐγὼ
871 3386 909 3465 μὴ
964 3383 1044 3442 dam.
1065 3383 1097 3444 St'
1117 3386 1196 3443 ent'm
1221 3403 1281 3442 non
1303 3386 1404 3442 abiero
1416 3429 1426 3462 ,
1451 3385 1628 3446 Paracletus
1650 3386 1744 3446 Μαί·

138 3481 250 3552 teritio,
272 3483 289 3538 θ
311 3478 495 3557 Παροίκλητος
514 3481 560 3537 οῦκ
585 3477 719 3537 ἐλεύσεται
741 3478 807 3558 πρὸς
826 3483 909 3556 ὑμᾶς·
927 3493 945 3541 ιι
963 3480 1064 3536 veniet
1076 3477 1202 3552 adnos5
1216 3487 1243 3534 et
1252 3497 1369 3553 rursum,
1379 3479 1445 3559 Ego
1457 3480 1567 3560 rogabo
1574 3481 1707 3554 Patrem,
1720 3501 1788 3546 roan.
1810 3499 1847 3563 ιγ,

138 3574 175 3630 καὶ
187 3573 279 3645 πολιν,
295 3568 449 3651 Ἐρωτήσω
466 3569 511 3628 τὸν
523 3568 647 3651 Πατέρα,
661 3570 706 3628 καὶ
721 3571 800 3629 ἄλλον
815 3571 910 3653 Παρᾶ·
962 3580 992 3628 ct
1001 3567 1094 3628 alium
1103 3567 1294 3628 Paracletum
1308 3573 1403 3629 mittet
1422 3573 1509 3630 ‘cobis
1517 3613 1526 3642 ,
1543 3582 1575 3630 ut
1590 3582 1710 3632 mancat
1724 3560 1759 3608 ¹⁶·

138 3667 222 3736 ιλητον
236 3665 344 3742 πέμψει
355 3667 429 3739 ὑμῖν,
443 3660 486 3720 ίνα
504 3661 569 3739 με’νη
583 3665 639 3740 μεθ’
654 3665 737 3740 ὑμῶν.
963 3665 1124 3723 vobiscum.

171 3758 222 3815 Καὶ
235 3756 310 3821 τίνος
322 3753 413 3813 ἕνεκεν
434 3753 494 3833 οίηγλ
506 3753 635 3835 παρόντος
657 3755 736 3812 αὐτοῦ
755 3753 813 3814 οὐδὲ
827 3758 908 3816 ἀπελ-
1003 3755 1031 3814 5.
1051 3753 1088 3813 Et
1096 3775 1146 3813 cur
1158 3773 1212 3813 non
1224 3753 1333 3814 Christo
1347 3769 1485 3837 prasente,
1496 3756 1540 3819 vel
1553 3780 1607 3819 non
1619 3761 1712 3823 statim

139 3849 215 3914 ίίνεος
226 3847 324 3913 εὐθέως
338 3844 510 3926 παρεγίνετο,
524 3846 584 3904 ἀλλ’
606 3846 683 3913 αὐτὸς
703 3845 751 3925 μὲν
764 3851 798 3927 τῇ
812 3871 911 3909 τεσσα-
963 3860 1024 3930 post
1034 3848 1092 3927 ejus
1101 3846 1259 3925 discessum,
1272 3844 1382 3907 advenit
1389 3846 1518 3929 Spiritus,
1529 3849 1577 3911 sed
1588 3852 1712 3913 Christus

140 3943 246 4019 μεταστῇ
268 3936 363 4017 ἡμέρα
376 3937 490 4011 ἀνῆλθε,
505 3936 536 3997 τὸ
550 3935 578 3997 δὲ
590 3938 702 4014 Πνεῦμα
713 3938 873 4018 παρεγίνετο
882 3942 909 4000 ἐν
963 3939 1167 4021 quadragesima
1177 3938 1222 3998 die
1243 3938 1371 4016 aseendit,
1389 3941 1509 4021 Spiritus
1522 3965 1586 4003 vero
1601 3944 1712 4006 advenit

138 4035 169 4111 τῷ
181 4034 409 4111 συμπληροῦσθαι
421 4029 470 4102 τὴν
480 4028 583 4109 ἡμέραν
593 4032 641 4100 τῆς
651 4037 845 4106 πεντηκοστῆς,
857 4033 910 4095 Καὶ
964 4055 1028 4093 cum
1037 4034 1214 4114 compleretur
1230 4032 1288 4092 dies
1298 4035 1486 4095 Pentecostes?
1502 4042 1541 4097 Ac
1551 4039 1574 4098 si
1590 4038 1711 4101 nondum

138 4128 199 4196 τοίς,
209 4129 233 4184 εἰ
248 4123 369 4201 μηδέπω
382 4121 568 4204 παρεγεγόνει,
583 4119 669 4203 ἔλεγε,
682 4123 788 4184 Λοίὸετε
800 4127 912 4205 Πνεῦμα
964 4127 1108 4189 advenerat
1116 4124 1440 4203 ille,quomodo(lhristus
1449 4127 1566 4189 dicebat:
1575 4131 1712 4215 Accipite
1720 4143 1791 4189 Joan·
1807 4157 1844 4189 ιο.

138 4217 219 4295 ίγιοι,
232 4216 297 4277 Ἷνα
311 4213 451 4283 δεκτικοὺς
464 4215 556 4284 αὐτοὺς
569 4217 684 4297 ποιήσῃ,
699 4218 745 4277 καί
767 4220 912 4298 ἀρκοῦντας
964 4221 1103 4301 Spiritum
1112 4223 1267 4278 sanetum?
1279 4219 1319 4278 Ut
1332 4218 1394 4278 illos
1409 4241 1520 4300 capaces
1535 4223 1658 4285 redderet
1669 4240 1711 4287 at·
1721 4218 1760 4252 ²²·

138 4309 195 4390 πρὸς
207 4309 258 4382 τὴν
272 4306 424 4387 ὑποδοχήν.
448 4309 483 4367 Εἰ
496 4306 548 4388 γὰρ
567 4308 676 4387 ἄγγελον
698 4309 801 4387 μελλων
821 4315 884 4392 θρᾷν
898 4315 913 4372 θ
965 4332 1017 4391 que
1026 4309 1135 4369 idoneos
1144 4307 1299 4390 accipiendo
1313 4309 1438 4391 Spiritui.
1451 4312 1481 4372 Si
1497 4315 1570 4374 enim
1583 4318 1711 4396 angelum

140 4403 232 4473 λανιὴλ
246 4400 397 4479 Ιπαρίετο,
408 4402 499 4481 πολλῷ
513 4403 614 4480 μᾶλλον
627 4392 698 4463 οὗτοι
713 4402 852 4481 μέλλοντες
864 4429 912 4465 το-
967 4403 1077 4464 visurus
1092 4401 1201 4476 Daniel,
1214 4400 1421 4478 dissolvebatur,
1431 4405 1518 4466 multo
1531 4409 1617 4489 magis
1635 4411 1667 4470 hi
1681 4410 1711 4473 id
1721 4436 1784 4481 van.
1797 4434 1862 4492 ⁸³7·

139 4495 228 4567 ταύτην
238 4493 372 4574 δέρεσθαι
384 4491 477 4572 χαίριν.
489 4491 528 4553 Ἢ
550 4499 627 4554 τοῦτο
648 4483 692 4554 οῦν
708 4495 779 4558 ἔστιν
792 4497 913 4573 stratui
931 4510 950 4560 c
967 4494 1168 4577 passorierant,
1188 4507 1289 4555 tanum
1302 4497 1437 4577 accepturi
1451 4500 1574 4578 gratiam.
1590 4503 1642 4564 Vel
1659 4505 1712 4566 hoe

137 4588 172 4647 ίτι
190 4590 220 4648 τὸ
239 4588 342 4666 μέλλον
358 4582 469 4644 ἔσεσθαι
482 4588 519 4652 ὡς
531 4585 583 4657 ἤδη
598 4588 773 4668 γεγενημένον
787 4590 912 4673 εἴρηκεν·
966 4586 1114 4650 dicendum
1124 4600 1173 4659 cst,
1183 4587 1227 4645 vel
1236 4585 1501 4665 quodreml'uturam
1513 4607 1543 4652 ut
1547 4594 1713 4675 jamfactam

136 4680 220 4760 ιἰσπερ
240 4679 308 4740 ὅταν
329 4675 414 4756 λέγῃ,
440 4677 556 4736 Πατεῑτε
569 4677 659 4738 ἐπαίνω
676 4679 760 4760 ὄρεσιν
773 4682 820 4741 καί
834 4707 914 4767 σκορ-
967 4680 1086 4758 diceret;
1101 4692 1132 4738 ut
1145 4698 1208 4738 cum
1219 4678 1259 4738 ait
1271 4701 1278 4736 ε
1291 4681 1414 4741 Calcate
1425 4703 1515 4764 supra
1529 4701 1674 4767 serpentes
1684 4703 1714 4750 et
1723 4719 1855 4780 mm„

136 4772 208 4844 τίειν,
224 4770 272 4830 καὶ
286 4768 333 4829 ἐπί
347 4778 438 4829 πᾶσαν
454 4768 503 4840 τὴν
520 4767 629 4849 δύναμιν
643 4776 689 4830 τοῦ
710 4775 814 4853 ίχθροῦ.
834 4775 912 4843 Τίνος
968 4778 1143 4855 scorpiones,
1156 4785 1183 4833 et
1197 4792 1287 4852 supra
1302 4793 1417 4834 omnem
1432 4781 1573 4839 virtutem
1587 4785 1711 4844 inimici.

138 4864 162 4921 ῦὲ
180 4862 266 4922 ἕνεκεν
287 4864 337 4920 οὐκ
356 4859 503 4927 εθθθςτίιε
525 4862 712 4942 παριγεγίνει,
724 4863 772 4925 Ἐν
786 4865 913 4947 ἐπιθυμίᾳ
969 4866 1025 4926 Cur
1044 4879 1134 4926 autem
1155 4884 1210 4924 non
1231 4877 1295 4925 tunc
1314 4867 1405 4927 statim
1422 4866 1550 4930 advenit?
1566 4873 1715 4955 Oportebat

139 4953 226 5021 σιἰτοῦς
236 4954 292 5015 ἔδει
306 4952 430 5032 γενέσθαι
443 4957 491 5012 τοῦ
505 4952 677 5034 πράγματος,
688 4955 735 5015 καί
748 4956 817 5017 οῦτω
837 4958 913 5028 δίξα-
970 4981 1014 5021 eos
1022 4961 1060 5021 rei
1070 4959 1204 5021 desiderio
1211 4961 1307 5037 teneri,
1317 4976 1397 5041 atque
1409 4963 1447 5023 ita
1461 4965 1575 5044 gratiam
1585 4971 1714 5053 accipere.

140 5052 195 5105 οθαι
212 5047 260 5119 τὴν
274 5046 366 5129 χάριν.
381 5043 435 5105 Art
452 5050 532 5104 τοῦτο
551 5044 594 5104 dre
608 5047 685 5116 αὐτὸς
698 5047 840 5126 Ιὀίπίτιτη,
854 5052 914 5114 τότε
970 5052 1034 5115 ldoo
1048 5067 1191 5136 postquam
1205 5053 1253 5114 illc
1265 5052 1422 5130 discesserat
1431 5102 1440 5134 ,
1455 5058 1575 5140 Spiritus
1593 5064 1714 5127 advenit.

177 5215 285 5268 ⁸tlorel.
299 5217 338 5284 [et
350 5217 394 5283 θλ]
406 5223 516 5288 παρίετο.
525 5213 601 5268 Saril.
613 5217 649 5282 [et
657 5214 814 5288 ῦίδωλθιτο.
827 5219 906 5275 Utra—
992 5224 1007 5264 ¹>
1023 5220 1100 5277 sivit.
1110 5225 1136 5276 in
1148 5238 1228 5290 marg.
1241 5228 1336 5283 ἀνίστη.

144 5312 187 5360 que
199 5296 272 5348 lectio
283 5294 412 5364 qrmdrare
429 5305 530 5363 potest.
