3728 5978
498 467 531 513 ιν
559 465 645 514 tert
673 464 928 516 trosrouoauu.
958 468 1077 517 uouit.
1107 468 1176 517 nna.
1547 451 1619 546 439

55 586 213 665 οίκουμίνην
234 597 333 662 πᾶσαν,
354 592 404 648 κάν
419 587 503 671 τούτῳ
520 588 590 657 τοῦς·
601 588 760 672 κακούργους
781 587 827 647 καί
878 588 1020 670 orhcm,ct
1039 590 1068 651 itt
1090 590 1138 651 illa
1162 587 1299 671 improbos
1315 605 1341 652 el
1358 593 1490 657 toxceolis
1509 594 1619 674 flagitio

56 678 138 759 μυρία
168 679 276 761 ίχοντας
297 678 386 754 δεινδ,
400 679 460 748 τοῦς
481 679 529 758 μὲν
543 680 692 760 ἄρχοντας,
716 679 774 750 τοὺς
798 678 825 738 δθ
878 679 1009 762 obnoxios
1015 704 1027 761 γ
1041 695 1068 742 et
1084 681 1151 742 allos
1170 680 1281 762 quidem
1302 682 1446 765 principes,
1466 685 1536 753 alios
1555 706 1619 756 veto

55 769 189 852 φύλακας,
201 769 261 841 τοίις
275 770 303 832 δί
317 772 447 845 δικαίως,
462 763 515 838 οἷος
528 774 649 847 Παῦλος,
662 770 763 839 τοδςδδ
780 774 824 832 δε·
879 772 1011 852 custodes,
1024 772 1094 834 alios
1105 774 1203 854 justos,
1217 787 1249 834 ut
1263 774 1374 851 Paulus,
1388 775 1457 836 alios
1475 776 1580 839 vinctos
1593 792 1619 840 ct

55 861 233 940 σμίως,ταῖς
247 863 390 946 ἁμαρτίαις
404 863 569 943 δεδεμένους*
585 861 615 921 δν
632 863 680 942 μὲν
694 852 739 926 odo
752 863 826 924 Παύ-
877 864 993 943 pcccatis
1002 865 1169 926 constrictos:
1180 864 1272 944 itaque
1279 865 1302 926 si
1311 866 1397 926 Paulo
1407 866 1619 945 credamuqnon

54 956 94 1034 λῳ
107 952 280 1034 πειθόμεθα,
296 958 326 1016 οῦ
348 952 480 1033 διδεμίνοι
497 952 682 1032 ἀπολλύμεθα,
697 954 767 1014 otti
780 953 825 1015 καί
880 954 963 1017 vincti
976 956 1142 1039 peribimus,
1158 957 1207 1018 scd
1218 958 1355 1018 solvemur
1367 983 1374 1017 t
1385 981 1435 1020 nos
1453 980 1560 1040 quoquc
1578 959 1620 1023 illi

53 1043 187 1122 λυόμαθα·
205 1053 340 1127 χαριεῖται
355 1045 401 1106 καί
420 1050 492 1125 ἡμᾶς
504 1038 579 1124 αύτῷ
592 1048 607 1103 ό
621 1044 699 1114 Θεός.
717 1043 757 1105 Ἣ
778 1048 826 1105 οὐκ
878 1045 991 1108 donabit
1002 1050 1084 1112 Deus.
1100 1050 1143 1109 dn
1156 1069 1238 1128 negas
1249 1064 1358 1131 peccata
1370 1064 1396 1111 ct
1409 1045 1521 1112 affectus
1538 1074 1621 1134 grave

55 1135 105 1197 οίιι
127 1135 224 1217 δεσμδν
244 1128 311 1199 εἶναι
324 1138 442 1220 χαλεπὸν
461 1139 496 1198 τδ
518 1139 701 1219 ἁμαρτήματα
722 1137 768 1197 καί
791 1136 825 1197 td
878 1138 1021 1200 vinculum
1030 1141 1168 1201 essetoon
1180 1140 1252 1201 cuim
1263 1141 1617 1220 sqlaepmanusvinctaesunl,

55 1228 144 1303 πάθης
154 1232 184 1291 ὠ
197 1229 249 1312 γὰρ
260 1231 292 1304 δὴ
305 1239 391 1310 χεῖρες
408 1229 486 1308 μόνον
502 1230 554 1290 atet
569 1228 726 1308 δεδεμέναι,
738 1231 798 1308 ἀλλ’
811 1233 826 1290 ό
879 1230 928 1291 sed
940 1245 1012 1293 totus
1020 1232 1110 1293 homo.
1122 1231 1175 1294 Dic
1185 1233 1257 1294 enim
1268 1234 1346 1310 mihi,
1356 1235 1379 1295 si
1391 1235 1453 1314 quis
1463 1237 1563 1297 multas
1573 1259 1621 1319 po·

56 1330 109 1390 πθς
129 1322 274 1405 ἄνθρωπος.
297 1321 365 1383 Είπλ
385 1322 437 1402 γάρ
461 1345 524 1400 μοι,
548 1321 612 1383 όταν
633 1345 673 1391 τις
698 1322 826 1404 χρήματα
880 1323 972 1384 eunias
983 1323 1123 1406 possidens
1136 1346 1189 1385 non
1199 1340 1290 1407 eroget
1300 1326 1344 1386 acl
1355 1327 1500 1408 expendat,
1512 1328 1560 1390 sed
1574 1351 1620 1390 re·

55 1414 144 1475 ιτολλλ
161 1413 320 1494 κεκτημένος
335 1413 374 1492 μὴ
389 1414 518 1496 ἀναλίακη
534 1413 601 1494 μηδὲ
620 1415 742 1496 δαπανᾷ,
757 1414 826 1474 ἀλλὰ
879 1413 961 1475 tineat
975 1439 982 1474 ε
994 1437 1081 1476 nonne
1094 1417 1204 1496 gravius
1218 1440 1299 1496 quam
1312 1419 1417 1480 vinctos
1430 1420 1522 1499 quivis
1536 1423 1621 1503 parsi·

55 1506 173 1587 κατόχη,
186 1506 245 1587 olgi
259 1507 356 1576 παντὸς
365 1504 474 1584 δεσμίου
487 1504 671 1588 χαλεπώτερον
685 1511 718 1588 τῇ
732 1509 826 1588 φειδαι·
843 1521 862 1567 Ι)
880 1507 970 1567 monia
991 1508 1128 1568 insolubili
1152 1508 1261 1569 vinculo
1282 1509 1402 1589 ligatur?
1418 1511 1508 1590 Quid,
1522 1513 1545 1572 si
1561 1514 1622 1594 quis

55 1597 103 1676 λίρ
116 1599 252 1677 διομεῖται
267 1599 357 1678 δεσμῷ
380 1601 504 1679 ἀρρσγεῖς
518 1597 554 1658 Τί
569 1597 629 1673 δαί,
643 1597 706 1660 όταν
728 1622 768 1666 τις
791 1602 826 1659 τί·
880 1600 935 1658 lato
948 1620 976 1658 se
985 1598 1121 1680 subjiciat,
1134 1621 1221 1659 nonne
1230 1600 1276 1658 hic
1289 1600 1350 1658 aliis
1359 1600 1458 1679 ligatus
1470 1616 1511 1661 cst
1527 1603 1623 1663 vincu-

56 1690 183 1772 μαρμίνῃ
198 1689 289 1750 ἑαυτὸν
303 1689 457 1770 secem-q,
476 1689 534 1771 οὐχί
549 1690 629 1750 πόλιν
649 1689 738 1759 ἄλλοις
752 1683 826 1759 obeo<
880 1689 935 1750 lis?
950 1690 1030 1769 quid,
1043 1691 1065 1749 si
1079 1690 1329 1750 observationibus?
1342 1691 1419 1769 quid,
1434 1693 1458 1753 si
1472 1694 1623 1774 symbolis?

56 1783 164 1861 δεσμοῖς
176 1781 291 1856 δόδεται;
306 1780 396 1840 Tibul
408 1824 416 1852 ,
428 1780 490 1842 ὅταν
502 1782 722 1864 παρατηρήσεσις
734 1782 761 1841 τί
774 1782 826 1857 δαί,
881 1780 969 1840 nonne
981 1779 1043 1840 baec
1057 1783 1130 1842 omni
1148 1781 1256 1841 vinculo
1277 1795 1339 1842 sunt
1357 1782 1501 1861 graviora?
1514 1785 1590 1864 quid,
1600 1788 1624 1847 si

56 1874 121 1934 όταν
136 1873 291 1952 συμόόλοις;
310 1874 369 1954 οὐχί
381 1875 478 1941 παντὸς
491 1876 588 1953 δεσμοῦ
599 1879 684 1933 ταῦτα
698 1874 826 1956 χαλεπόν-
880 1871 1004 1933 absurdae
1018 1872 1126 1935 cuidam
1141 1874 1362 1955 concupiscentiae
1375 1875 1419 1933 vel
1433 1876 1539 1936 amori?
1553 1878 1624 1951 Quis

56 1993 141 2050 τερτς
156 1967 182 2027 τί
202 1968 256 2040 δαί,
271 1969 332 2026 όταν
347 1967 472 2048 ἐπιθυμία
488 1966 576 2047 ἀλόγῳ
602 1966 648 2027 καί
663 1966 759 2047 lpum
778 1967 828 2036 Τίς
882 1965 940 2025 haec
962 1965 1039 2026 vobis
1059 1965 1167 2027 vincula
1186 1965 1356 2047 disrumpet?
1370 1968 1428 2026 Deo
1447 1989 1516 2050 opus
1534 1984 1573 2030 est
1595 1987 1624 2032 ut

57 2061 193 2144 διαρρήξτι
217 2059 324 2127 τούτους
350 2064 411 2137 ύμῖν
436 2059 495 2128 τοίις
518 2058 629 2138 δεσμούς
636 2082 645 2132 3
673 2060 729 2119 Τοῦ
758 2062 828 2121 Θεοῦ
881 2057 1031 2119 solvantur.
1046 2057 1082 2117 Et
1093 2078 1178 2117 uuum
1188 2056 1299 2136 quidem
1310 2057 1409 2118 horum
1418 2059 1520 2120 sufficit
1532 2062 1625 2144 adpo

56 2154 137 2235 χρεία
152 2152 221 2214 όιστι
232 2155 354 2224 λυθῆναι.
370 2151 424 2211 Καί
436 2151 463 2210 ίν
478 2151 525 2230 μὲν
541 2150 640 2210 τούτων
652 2154 728 2233 ἀρκεῖ
741 2151 828 2211 κίνδυ·
882 2148 999 2208 riculum
1016 2148 1162 2209 creandum
1177 2174 1183 2206 :
1199 2171 1262 2209 cum
1278 2164 1368 2210 autem
1386 2152 1496 2214 vincula
1513 2170 1539 2215 et
1561 2171 1626 2217 tem·

55 2272 101 2307 νον
115 2248 276 2324 ἐμποιῆσαι·
287 2243 349 2304 όταν
360 2242 388 2304 δὲ
401 2242 447 2302 καί
458 2241 542 2322 δεσμδ
553 2243 598 2302 καί
611 2243 722 2323 χειμὼν,
738 2243 828 2316 ίννόη-
882 2254 980 2321 pestus,
990 2240 1078 2319 cogita
1089 2254 1191 2319 quanta
1200 2240 1254 2300 sint
1266 2241 1394 2322 pericula.
1405 2242 1480 2314 Quid
1489 2247 1561 2306 enim
1573 2269 1625 2308 non
1645 2293 1650 2303 .

58 2363 105 2399 σον
125 2339 185 2398 ὅσον
199 2337 230 2396 τδ
242 2340 295 2395 τῶν
314 2333 448 2395 κινδύνων.
462 2334 500 2393 Τί
513 2333 565 2415 γδρ
587 2338 636 2416 οὐχ
657 2335 746 2394 ίκανδν
767 2336 828 2394 δια«
883 2332 984 2392 suflicit
1009 2332 1044 2391 ad
1072 2331 1261 2413 perdendum?
1283 2354 1370 2392 nonne
1395 2335 1497 2395 suflicit
1520 2337 1627 2399 fames?

58 2437 177 2511 φθεῖραι,
190 2433 263 2509 οὐχί
277 2426 369 2506 λιμδς,
381 2431 396 2486 ό
410 2426 522 2507 χειμὼν,
534 2432 551 2498 ἡ
565 2427 647 2486 κακία
659 2429 711 2486 τῶν
728 2428 828 2505 ἐμπλι-
884 2443 972 2482 nonne
980 2424 1143 2507 tempestas?
1152 2444 1240 2484 noune
1248 2438 1385 2486 vectorum
1395 2426 1627 2506 nequitiainonne

56 2524 152 2595 όντων,
164 2522 196 2581 τδ
207 2524 355 2601 τοῦκαιροῦ
368 2516 564 2592 ἀνεπιτήδειον,
578 2517 657 2579 ’λλλδ
672 2518 737 2602 πρδς
746 2525 829 2579 ταῦτα
847 2517 866 2580 a
885 2528 990 2599 tempus
1013 2516 1248 2599 inopportunum?
1270 2519 1374 2577 Verum
1399 2517 1436 2578 ad
1457 2518 1514 2580 haec
1537 2523 1626 2583 omnia
1744 2558 1749 2567 ·

56 2613 148 2673 πάντα
159 2612 224 2687 ἔστη
237 2616 254 2684 ἡ
269 2609 425 2694 λαμπρότης
438 2609 555 2671 Παύλου.
568 2610 648 2670 Οὕτω
663 2609 695 2684 δὴ
709 2610 755 2670 καί
768 2615 827 2670 νῦν·
884 2606 957 2667 stetit
968 2607 1133 2666 clarissimus
1146 2606 1258 2668 Paulus.
1271 2608 1311 2667 Ito
1321 2621 1351 2694 et
1365 2631 1436 2669 nunc
1448 2634 1454 2667 :
1466 2611 1633 2675 retineamus

58 2704 217 2786 κατίχονμεν
230 2706 294 2785 παρ’
313 2706 413 2770 ἑαυτοῖς
432 2700 492 2770 τοῦς
506 2700 610 2782 ἁγίους,
624 2701 669 2761 καί
688 2703 736 2761 σῦκ
754 2700 830 2761 ίσται
885 2697 1024 2758 nobiscum
1034 2711 1179 2771 sanctos,et
1189 2719 1241 2757 non
1253 2697 1304 2758 crit
1314 2713 1457 2782 tempestas
1462 2726 1472 2781 5
1484 2702 1539 2764 imo
1546 2705 1627 2766 etiam

57 2795 177 2879 χειμών·
195 2798 295 2875 μᾶλλον
309 2793 354 2868 bl,
373 2795 421 2853 κᾶν
433 2786 451 2875 ᾖ
463 2778 577 2876 χειμὼν,
598 2794 675 2854 ἔσται
699 2793 771 2854 εὐδία
784 2793 830 2854 καί
884 2791 908 2851 si
932 2791 968 2852 sit
987 2793 1149 2873 tempestas,
1168 2791 1220 2850 erit
1238 2792 1366 2852 serenitas
1390 2808 1416 2853 et
1442 2797 1625 2876 tranquillitas

56 2889 163 2970 γαλήνη
179 2885 282 2963 πολλὴ,
301 2885 347 2946 καί
363 2885 505 2964 ἀπαλλαγὴ
516 2891 569 2946 τῶν
583 2886 722 2946 κινδύνων·
737 2885 829 2959 intell
884 2904 1034 2963 magna,ac
1044 2882 1168 2944 liberatio
1180 2906 1195 2943 ο
1209 2883 1349 2964 periculis.
1363 2884 1473 2946 Etenim
1482 2888 1567 2950 vidua
1578 2891 1627 2953 illa

56 2982 103 3041 τδν
117 2981 191 3062 δγιον
212 2968 268 3059 εἶχε
289 2978 364 3059 ρίλον
379 2982 397 3049 ἡ
412 2975 485 3056 χήρα
507 2977 609 3052 ἐκείνη,
630 2975 676 3036 καί
693 2981 707 3037 θ
721 2976 831 3044 θάνατος
884 2989 1006 3035 unctum
1017 2975 1134 3035 habebat
1148 2976 1279 3056 amicum,
1296 2991 1322 3036 et
1335 2998 1408 3038 mors
1423 2977 1474 3038 filii
1487 2981 1575 3042 soluta
1588 2998 1627 3043 est

57 3073 139 3145 ίλύθη
152 3077 198 3131 τοῦ
211 3070 332 3144 παιδίου,
346 3068 392 3127 καί
407 3068 451 3127 τδν
466 3069 549 3128 παῖδα
560 3069 640 3129 πάλιν
657 3071 742 3136 ζῶντα
761 3071 830 3128 ἅπτ-
882 3087 1050 3147 puerumque
1059 3065 1214 3126 redivivum
1225 3066 1338 3148 accepit.
1351 3067 1407 3129 Ubi
1425 3071 1507 3152 pedes
1525 3089 1627 3134 sancto·

56 3165 205 3242 λαίμόανεν.
224 3162 309 3223 Ἔνθα
329 3161 407 3228 πόδες
433 3160 515 3241 ἁγίων
543 3160 733 3234 ἐπιύαίνοοσιν,
757 3159 831 3220 οὐδὲν
884 3178 945 3216 rum
955 3171 1108 3234 versantur,
1120 3157 1190 3217 nihil
1201 3157 1300 3218 accidit
1308 3159 1453 3222 tristezsin
1464 3163 1579 3243 accidat,
1593 3165 1628 3227 ad

57 3257 136 3317 ίατοι
146 3254 280 3336 λυπηρόν·
293 3253 341 3313 κδν
360 3252 486 3331 γίνηται,
501 3253 567 3332 πρδς
581 3252 692 3331 δοκιμὴν
706 3252 751 3311 καί
764 3252 832 3334 πρδς
883 3247 1069 3328 probationem
1082 3261 1108 3307 ct
1127 3246 1162 3307 ad
1176 3249 1304 3330 mojorem
1319 3250 1370 3309 Dei
1384 3252 1499 3331 gloriam
1518 3256 1625 3318 accidit.

58 3350 168 3429 μείζονα
177 3347 253 3416 δόξαν
267 3351 312 3407 τοῦ
323 3348 404 3405 Θεοῦ.
420 3345 529 3404 Ἔθισον
540 3345 571 3404 τὸ
582 3345 674 3426 ἔδαφος
686 3347 734 3415 τῆς
747 3345 831 3414 οἰκίας
884 3339 978 3400 Facut
991 3339 1089 3401 domus
1109 3340 1297 3421 pavimentum
1312 3341 1465 3422 frequenter
1477 3346 1513 3406 ab
1531 3347 1626 3430 bajus

57 3444 112 3503 ύπδ
126 3440 250 3502 τοιούτων
265 3444 405 3499 πατεῖσθαι
424 3440 521 3511 ποδῶν,
537 3436 583 3497 καί
601 3441 630 3497 οὐ
646 3436 760 3510 ποιησει
774 3435 830 3496 δαί·
884 3432 958 3492 modi
979 3431 1097 3493 calcetur
1118 3431 1241 3514 pedibus,
1255 3455 1303 3493 nec
1318 3434 1356 3493 ibi
1376 3438 1491 3500 calcabit
1504 3440 1626 3522 demon,

59 3559 118 3614 μων
141 3536 208 3592 ἐκεῖ·
228 3530 274 3590 καί
294 3530 367 3610 μάλα
387 3527 624 3610 εἰκότωςὯσπαρ
637 3525 690 3610 γδρ
712 3526 773 3587 ύνθα
798 3527 828 3587 δν
837 3539 910 3620 ,met
927 3523 1157 3604 meritoquidem.
1174 3525 1339 3586 sicutenim
1351 3527 1399 3587 ubi
1416 3529 1573 3612 fragrantia,
1587 3535 1627 3594 ihi

57 3625 158 3687 εύονδία
177 3614 211 3703 ᾖ,
226 3624 277 3703 ον’τγ
295 3621 347 3691 liet
366 3620 457 3701 χώραν
479 3620 607 3680 δυσοιδία·
622 3618 690 3681 olet-ot
703 3620 747 3680 καί
768 3620 829 3681 ἔνθα
846 3632 866 3679 a
882 3616 961 3677 foetor
974 3617 1065 3676 locum
1080 3637 1132 3676 non
1148 3615 1230 3676 habet
1243 3639 1250 3673 ι
1265 3617 1304 3676 sie
1319 3617 1367 3677 ubi
1382 3637 1547 3701 unguentum
1560 3648 1625 3686 san-

57 3717 143 3799 μύρον
163 3715 220 3775 ίστί
235 3714 266 3774 τδ
283 3714 366 3792 ἅγιον,
382 3711 556 3790 ἀποπνίγεται
574 3709 829 3793 δαίμυν,“εύρραίνει
883 3721 968 3788 dum,
980 3708 1020 3768 ibi
1030 3709 1178 3770 suffocatur
1190 3709 1306 3785 daemon,
1321 3709 1404 3771 simul
1413 3728 1521 3793 agentes
1533 3718 1624 3777 laetili-
1712 3721 1730 3728 ’

57 3807 121 3875 τοὺς
137 3806 275 3880 συνόντας,
290 3803 391 3885 διαγόεν
408 3802 506 3884 ψυχὴν,
518 3801 630 3875 ἀνίησιν.
644 3802 728 3862 Ἔνθα
746 3802 830 3863 ἄκαν-
883 3813 935 3875 cat,
944 3814 1044 3860 mereat
1057 3801 1184 3859 animam.
1194 3800 1250 3861 Ubi
1261 3801 1355 3881 spinae,
1369 3801 1409 3862 ihi
1421 3804 1482 3865 serre
1497 3831 1504 3865 ε
1520 3808 1566 3868 ubi
1576 3810 1625 3871 ho-

58 3906 124 3973 θαι,
140 3903 194 3959 ἐκεῖ
210 3897 305 3978 θηρία·
320 3896 381 3955 ἔνθα
393 3892 540 3975 φιλοξενία,
556 3896 603 3954 οῦκ
619 3893 684 3953 εἰσίν
698 3893 828 3954 ἄκανθαι·
883 3891 1028 3973 spitalitas,
1040 3891 1079 3951 ibi
1096 3891 1179 3973 spinae
1198 3913 1251 3952 non
1262 3907 1325 3952 sunt
1335 3917 1342 3950 ι
1351 3915 1414 3954 nam
1425 3897 1542 3978 ingressa
1558 3903 1626 3964 clec-

57 3991 143 4072 ήγδρ
152 3989 317 4068 ἕλοημοσύνη
325 3991 476 4048 εἰσελθοῦσα
488 3987 585 4055 παντδς
598 3987 727 4066 δρεπόναυ
741 3988 831 4066 ταμόν-
884 4004 997 4065 mosyna
1009 3982 1077 4043 falce
1094 3983 1199 4043 acutior
1212 3983 1303 4065 spinas
1316 3985 1443 4064 succidit,
1458 4004 1485 4050 ct
1497 3992 1559 4074 igne
1574 4016 1625 4056 ve.

58 4107 137 4163 τερον
151 4086 255 4162 ἀναιρεῖ
266 4080 314 4148 τδς
331 4079 462 4151 ἀκάνθας,
479 4079 577 4146 παντὸς
595 4078 676 4157 πυρὸς
690 4078 830 4160 σροδρότι-
883 4075 1035 4136 bementius
1048 4074 1138 4136 exurit
1154 4095 1207 4134 eas.
1223 4076 1264 4135 Ne
1277 4075 1373 4136 timeas
1389 4102 1395 4135 :
1412 4080 1507 4144 timent
1519 4101 1626 4147 sancto-

60 4203 115 4260 ρον.
135 4177 183 4250 Μὴ
198 4175 330 4259 ρούηθῇς·
351 4175 464 4233 αἰδεῖται
477 4173 511 4231 τί
523 4172 583 4253 ἴχνη
598 4177 651 4231 τῶν
669 4171 761 4252 ἁγίων,
776 4197 829 4232 κα·
884 4189 944 4227 rum
956 4166 1070 4256 vestigia
1091 4166 1160 4226 sicut
1178 4161 1401 4250 lconcm‘vulpcs.
1418 4175 1522 4238 Iustus
1536 4183 1624 4254 enim,
1637 4187 1761 4236 Ρινιαθ.

58 4271 146 4351 θσίπερ
171 4269 278 4335 λύοντας
293 4265 436 4333 ἀλώπεκες.
461 4263 569 4332 Δίκαιος
590 4263 659 4344 γδρ,
686 4264 775 4345 φησίν,
795 4268 831 4333 ὥς
884 4258 982 4338 inquit,
999 4269 1030 4317 ut
1044 4257 1089 4317 leo
1103 4258 1236 4339 confidit.
1252 4257 1308 4318 llos
1322 4258 1525 4327 introducamus
1538 4269 1627 4332 leones
1640 4267 1660 4298 ¹·

57 4361 128 4422 λέων
152 4360 286 4420 πέποιθεν.
305 4359 500 4438 Είσαγαίγιομεν
513 4356 620 4423 τούτους
642 4354 702 4425 τοὺς
725 4356 832 4424 λέοντας
884 4350 912 4411 in
929 4348 1052 4422 domum,
1066 4362 1093 4408 et
1113 4349 1175 4408 ferae
1193 4371 1286 4410 omnes
1304 4352 1481 4437 fugabuntur,
1497 4381 1550 4421 non
1571 4364 1633 4441 illig

60 4458 97 4522 είς
113 4453 163 4526 τὴν
176 4452 271 4521 οίιιίαν,
285 4451 329 4511 καί
345 4449 433 4508 πάντα
454 4447 626 4528 φυγαδεύεται
645 4447 679 4506 ed
694 4446 788 4528 θηρία,
802 4448 831 4506 ού
885 4442 1096 4504 occlamantibus
1118 4441 1166 4502 sed
1184 4441 1344 4525 simpliciter
1365 4436 1548 4528 loquentibus.
1566 4459 1628 4522 Non

62 4546 186 4624 βοώντων
206 4546 292 4604 αὐτῶν
312 4541 434 4621 μεγαθια,
456 4541 515 4598 ἀλλ’
533 4540 624 4605 ἁπλῶς
639 4538 830 4620 φθεγγομένου.
885 4537 957 4597 enim
971 4536 1077 4615 rugitus
1089 4535 1175 4595 lconis
1186 4534 1286 4598 bestias
1301 4538 1339 4598 sic
1352 4541 1439 4622 lugat,
1453 4560 1483 4607 ut
1490 4549 1559 4630 justi
1568 4573 1629 4634 pre.

59 4643 102 4700 Οὐ
114 4637 168 4718 γὰρ
183 4635 335 4720 βρυχηθμδς
348 4632 451 4698 λέοντος
462 4631 531 4690 οὕτω
545 4631 685 4711 ρυγαδιύτι
699 4630 733 4689 τδι
744 4631 833 4712 θηρία,
849 4652 868 4698 B
886 4628 956 4689 catio
966 4627 1114 4687 daemonas:
1124 4628 1148 4687 si
1159 4628 1286 4707 loquatur
1294 4644 1408 4710 tantum,
1419 4636 1566 4701 formidant
1578 4643 1629 4706 illi.

59 4734 96 4798 ὡς
110 4728 177 4810 εὐχὴ
197 4725 300 4786 δικαίου
320 4722 460 4805 φυγαδεύει
483 4721 625 4799 δαίμονας·
645 4720 676 4780 δν
691 4721 833 4803 φθέγξηται
888 4719 925 4781 Et
944 4719 1068 4793 ubinam,
1089 4719 1203 4799 inquies,
1224 4741 1296 4781 nunc
1319 4725 1385 4784 tales
1405 4727 1527 4791 homines
1548 4737 1632 4798 sunt?
1684 4733 1685 4736 ’

61 4821 151 4899 μόνον,
177 4817 372 4896 καττπτόχασι.
400 4814 453 4874 Καὶ
468 4821 519 4874 ποῦ
543 4821 586 4873 νῦν
609 4821 734 4885 τοιοῦτοι,
760 4813 835 4895 φησί,
894 4812 1010 4891 Ubique,
1024 4812 1047 4870 si
1061 4832 1109 4871 nos
1124 4811 1273 4890 credamus,
1285 4815 1307 4873 si
1321 4837 1483 4895 queramus,
1493 4823 1516 4884 si
1528 4826 1634 4889 curiose

62 4912 130 4986 είσί;
141 4913 301 4991 Πανταχοῦ,
317 4907 348 4966 διν
362 4905 528 4982 πιστεύοιμεν
546 4910 640 4984 ἡμεῖς,
656 4895 837 4986 δνζητιῦμεν,
891 4903 1113 4985 [investigemus.
1133 4903 1189 4964 Ubi
1208 4905 1374 4987 qttaesiristi,
1391 4913 1501 4988 quaeso?
1513 4918 1634 4995 quando.

63 5006 94 5063 ἂν
114 4999 358 5086 περιεργαζόμεθα.
373 5001 431 5058 Ποῦ
445 4996 593 5070 ἐζήτησας,
610 4997 668 5056 rial
692 5020 753 5075 μοις
773 4996 838 5057 πότε
889 4995 1020 5055 namhoc
1040 4994 1160 5054 curasti?
1173 4993 1203 5053 Si
1225 5016 1278 5054 tton
1291 5017 1407 5075 quaerat,
1423 5023 1456 5061 nc
1475 5004 1592 5091 mittetis,
1610 5012 1635 5074 ti

63 5105 139 5157 τοῦτο
151 5097 227 5176 ἔργον
237 5093 329 5173 deget,
339 5090 405 5150 πότε
417 5098 530 5169 πρᾶγμα
543 5095 619 5148 τοῦτο
632 5087 704 5161 ἔθους
720 5090 753 5148 El
767 5087 794 5148 δδ
806 5091 836 5147 αὖ
889 5109 940 5148 non
955 5086 1073 5171 reperias
1086 5112 1093 5145 ι
1105 5109 1168 5148 nam
1185 5089 1243 5166 Qui
1255 5095 1369 5168 quoert't,
1385 5097 1509 5174 iuveni&
1523 5121 1576 5165 non
1587 5107 1636 5187 qni
1646 5113 1724 5165 uma
1733 5124 1744 5143 ι

63 5194 166 5264 ζητεῖς,
180 5186 218 5265 μὴ
231 5182 385 5263 θαυμάσῃς,
398 5181 439 5242 ὅτι
454 5184 504 5261 οὐχ
520 5179 663 5260 εὑρίσκεις·
676 5178 710 5240 Ὁ
721 5177 772 5260 γδρ
788 5183 834 5254 ζη-
888 5202 940 5241 non
959 5180 1064 5259 quaerit.
1076 5179 1145 5239 Audi
1167 5200 1212 5240 eos
1231 5181 1277 5259 qui
1298 5182 1326 5242 in
1340 5185 1536 5253 solitudinibus
1551 5212 1636 5273 ααηςς
