3728 5978
150 408 219 481 292
512 408 541 456 S.
570 407 711 456 toronis
736 408 920 457 CllRYSOST.
951 410 1106 459 incense.
1137 411 1407 460 consummor.

148 528 235 588 multo
252 543 380 611 tempore,
393 543 419 589 et
432 531 542 590 fortasse
557 552 610 591 non
625 531 742 590 multum
757 531 890 591 habebant
945 533 1186 615 τιπεροίσαςλοιπδν
1195 533 1298 604 ἔξεισιν.
1309 534 1359 604 Ὡς
1366 535 1395 596 δὲ
1404 534 1534 618 τδδραμα
1543 525 1622 608 ε’ίδεν,
1628 534 1719 600 εὐδίοις

147 641 232 701 opus3
250 621 297 680 illo
311 636 399 681 nutem
414 623 529 703 migrare
537 623 687 703 oportebat.
702 622 738 682 Et
756 636 889 703 pertrans·
946 626 1111 704 ἐζητήσαμεν
1129 627 1240 696 ἐξελθεῖν
1259 629 1296 695 τίς
1313 627 1495 702 Μακεδονίαν,
1511 625 1717 705 συμύιίοίζοντες

148 709 204 771 iens
217 712 326 771 domum
341 713 528 794 proficiscitur.
547 716 595 774 10.
623 716 661 773 Ut
681 726 780 772 antem
791 717 890 773 ‘nisum
945 715 987 776 ὅτι
997 716 1194 797 προσκέκληται
1210 723 1281 796 ἡμᾶς
1295 722 1310 777 δ
1322 717 1419 801 Κύριος
1432 717 1658 797 εὐαγγελίσασθαι
1670 722 1713 775 σύ-

147 805 235 874 oidit,
251 808 351 863 statim
374 808 562 886 qnaesivimus
577 805 724 886 proficisci
742 808 774 862 in
789 806 890 863 Mnee·
946 806 1013 874 τούς.
1027 807 1193 890 Ἀναγθέντες
1202 809 1230 869 δὲ
1242 809 1294 870 ἀπὸ
1301 810 1429 890 Τρωάδος
1438 808 1672 890 εὐθυδρομήσαμεν
1680 812 1712 877 εἰς

146 895 277 966 doniam,
298 901 369 955 certi
378 898 463 978 faeti
484 898 563 978 qnod
580 908 717 955 vocasset
737 916 789 955 nos
807 896 890 956 Dens
946 900 1180 982 Σαμοθρᾴκην,τῇ
1199 924 1228 960 τε
1246 899 1356 982 ἀπιούσῃ
1372 905 1408 969 εἰς
1419 901 1567 976 Νιοίπολιν,
1581 900 1675 961 ἐκεῖθέν
1684 926 1707 961 τε

145 988 350 1067 evangelizare
356 993 406 1049 eis.
415 991 427 1048 1
435 991 447 1048 1
456 991 652 1070 .Navignntes
659 1002 757 1049 antem
767 1010 787 1048 e
800 989 889 1048 Troa-
944 993 981 1057 είς
995 991 1160 1065 Φιλίππους,
1174 990 1232 1063 ἥτις
1246 991 1303 1052 ἐστὶ
1316 991 1411 1072 πρώτη
1422 997 1471 1065 τῆς
1484 991 1652 1058 Μακεδονίας
1663 994 1705 1053 πό·

145 1079 271 1139 derecto
289 1099 375 1141 cursu
393 1086 527 1142 aventinus
544 1087 576 1141 in
596 1083 842 1153 Samothraciam,
861 1093 889 1139 et
943 1083 993 1156 λις,
1005 1082 1141 1142 κολύνεια.
1167 1073 1256 1161 Ἦμεν
1271 1082 1299 1144 δὲ
1310 1085 1337 1142 ἐν
1348 1084 1415 1163 αὐτῇ
1430 1088 1464 1164 τῇ
1477 1084 1558 1144 πόλει
1573 1083 1701 1164 διατρίύονι

144 1177 276 1251 sequenti
289 1175 337 1232 elie
357 1175 524 1255 Neapolim,
539 1175 586 1234 19.
599 1187 627 1232 et
642 1175 711 1232 inde
722 1174 885 1253 Philippos,
942 1195 985 1241 τες
1003 1173 1104 1253 ἡμέρας
1121 1174 1203 1243 τινοίς.
1221 1173 1315 1242 Οὕτως
1329 1177 1400 1256 αὐτῷ
1413 1175 1460 1234 καί
1472 1180 1487 1235 δ
1500 1174 1615 1255 Χριοτδς
1628 1175 1698 1254 peist-

144 1283 209 1343 qttoe
221 1277 263 1322 est
275 1268 372 1344 prima
391 1270 485 1345 portis
498 1267 684 1325 Macedoniae
702 1267 818 1341 civitas,
835 1285 888 1323 co·
942 1288 987 1324 ται
999 1262 1101 1346 λέγων,
1115 1264 1157 1326 ὅτι
1168 1264 1286 1346 Καίσαρί
1299 1289 1329 1327 σε
1343 1266 1382 1324 δεῖ
1392 1271 1574 1346 παραστῆναι.
1589 1257 1651 1327 h‘lre
1660 1269 1695 1327 λε’·

144 1354 235 1411 ionia.
251 1357 378 1417 Erainns
395 1369 493 1417 autem
508 1361 540 1415 in
554 1359 611 1415 line
629 1359 701 1416 urbe
713 1357 815 1416 diebus
829 1357 887 1415 nli·
941 1379 982 1433 γει
998 1354 1043 1415 καί
1061 1355 1120 1424 τοῦς
1138 1354 1249 1430 τόπους,
1270 1356 1317 1416 dee
1335 1355 1453 1438 ἱστορίαν
1466 1355 1645 1437 ἐξηγούμενος,
1658 1359 1691 1417 καί

144 1463 214 1528 quot
227 1452 420 1529 conserentes.
432 1448 478 1509 Sic
491 1449 530 1507 illi
545 1448 625 1507 etiam
640 1447 765 1507 Christus
776 1460 887 1528 apprnot
905 1444 924 1491 Β
941 1445 1042 1514 δεικνύς
1059 1455 1110 1509 ποῦ
1130 1447 1292 1529 ἐνεχρόνισε·
1310 1448 1357 1507 καί
1372 1448 1521 1524 δείκνυσιν,
1541 1448 1583 1509 δτι
1604 1451 1629 1508 ἀν
1646 1458 1689 1516 ταῖς

12 1562 42 1590 e·
69 1558 92 1605 7·
142 1538 245 1619 dicens,
261 1543 371 1601 Caesari
384 1553 412 1599 te
425 1552 536 1620 oportet
557 1543 629 1599 sisti.
644 1538 749 1598 Deinde
767 1538 826 1597 loca
844 1559 885 1597 re-
940 1539 1058 1616 μείζοσι,
1071 1537 1118 1608 τάς
1134 1538 1161 1598 δὲ
1181 1538 1263 1608 ἀλλος
1275 1539 1385 1620 παρῄει.
1408 1538 1526 1615 Ἄξίιομιί
1539 1542 1596 1600 ἐστι
1610 1539 1687 1608 πόλεος

23 1638 28 1650 “
142 1645 240 1711 censet,
253 1631 394 1691 historiam
406 1630 506 1712 qnippe
518 1644 620 1703 texens,
632 1643 657 1689 et
668 1627 809 1689 ostendens
823 1629 885 1688 uhi·
939 1635 958 1702 η
973 1630 1110 1691 κολύνεια.
1119 1630 1189 1691 Ἀλλ’
1204 1631 1302 1690 ἀνωθεν
1314 1630 1413 1709 ίδονμεν
1426 1630 1461 1692 τὰ
1474 1630 1607 1712 εἰρημένα
1617 1629 1683 1711 ’Λνάγ

142 1746 203 1784 nam
217 1739 337 1785 moratus
355 1724 407 1802 sit,
424 1723 577 1807 indicatque
597 1722 676 1782 illum
695 1721 722 1782 in
736 1721 885 1802 majoribus
938 1747 989 1798 κην
1009 1723 1160 1804 περιτίθησι
1183 1727 1221 1804 τῷ
1240 1724 1367 1804 Βαρνιίύρ
1383 1728 1432 1797 τῆς
1454 1723 1682 1802 ἀποδημίαςλύριν

141 1830 286 1894 moratum,
298 1815 364 1875 elias
381 1815 551 1897 praeteriisse.
565 1814 691 1894 Dignitas
709 1828 749 1873 est
768 1813 886 1875 civitatis
940 1814 1166 1896 Ἐπισκεψύομεθα
1179 1814 1228 1882 τάς
1237 1814 1336 1889 πύλαις,
1349 1820 1376 1877 ἀν
1388 1807 1431 1885 αἶς
1440 1815 1641 1896 κατηγγείλαμεν
1652 1815 1681 1875 τίν

141 1907 273 1967 coloniam
281 1929 346 1968 esse.
357 1906 413 1967 Sed
423 1907 560 1988 superiora
569 1905 886 1988 repetemusNecessitr-
938 1907 1025 1988 λόγον.
1046 1907 1140 1968 Καίτοι
1155 1910 1202 1967 οίικ
1216 1905 1269 1967 ἔδει
1280 1906 1366 1976 ἀξιοῦν
1385 1908 1466 1968 αὐτὸν
1480 1907 1607 1986 μίλλοντα
1617 1929 1681 1979 ιιιεη-

142 2012 195 2059 tem
208 2000 339 2060 Βοττιαίαν
350 2000 475 2081 imponit,
485 1998 597 2059 dicensi
612 2001 769 2059 Visitemus
782 2001 887 2057 eivita-
940 2009 1026 2081 γοριῐν
1041 2000 1110 2080 perd
1122 2005 1219 2060 ταῦτα.
1495 2013 1498 2020 ’

138 2104 195 2170 tes,
218 2096 249 2151 in
267 2097 372 2172 quilius
392 2090 636 2151 annuntiavimus
657 2092 791 2150 verbnm.
811 2088 887 2148 Licet

140 2203 192 2242 non
204 2198 339 2266 oporteret
352 2204 445 2265 rogare
461 2204 534 2261 erim,
548 2203 629 2262 quem
644 2195 734 2264 poster
748 2193 887 2242 accusatu·

141 2293 188 2332 rus
201 2289 266 2334 erat.

180 2374 209 2435 ἀ.
230 2375 289 2434 Hoc
299 2374 380 2434 etism
395 2374 466 2441 cirea
480 2376 568 2433 Deum
581 2386 608 2432 et
621 2374 746 2454 Moysem
760 2372 884 2453 legimus.
978 2375 1066 2434 Τοῦτο
1075 2372 1122 2432 καί
1134 2372 1178 2433 ἐπὶ
1193 2377 1240 2432 τοῦ
1249 2373 1320 2432 Θεοῦ
1332 2370 1433 2450 γίνεται
1444 2370 1491 2430 καὶ
1504 2373 1551 2429 τοῦ
1561 2368 1684 2436 Μοῦσίινς·

12 2503 57 2532 um.
73 2497 108 2532 12,
141 2466 191 2525 111ο
203 2469 370 2546 rogat,Deus
381 2465 520 2543 irascitur,
531 2478 561 2524 ut
570 2463 677 2543 quando
688 2463 775 2523 dicit:
793 2465 824 2523 Si
833 2484 886 2544 pe·
938 2466 1016 2544 ὁμὲν
1031 2465 1141 2540 ἀξιοῖ,δ
1159 2464 1188 2526 il
1204 2463 1346 2547 ὀργίζεται.
1362 2454 1428 2523 Oios
1448 2465 1485 2530 ὣς
1498 2460 1561 2522 ύταν
1578 2461 1686 2543 tepet

4 2551 29 2606 ς.

142 2572 186 2619 ter
203 2564 266 2642 ejus
284 2564 443 2641 exspuisset
461 2564 493 2618 in
509 2560 621 2641 faeiem
638 2561 713 2639 ejus,·
727 2570 753 2617 et
767 2577 885 2634 rursum,
938 2556 1058 2638 δπατὴρ
1077 2560 1160 2628 αὐτῆς
1182 2556 1322 2617 ἐνέπτυσεν
1343 2557 1381 2624 εἰς
1404 2555 1435 2615 τὸ
1457 2553 1596 2635 πρόσωπον
1610 2556 1684 2625 αὖτίς·
1715 2620 1718 2625 ,

7 2673 66 2716 eae.
88 2672 129 2719 οε.
141 2655 266 2714 Dimitte
280 2676 337 2731 me,
348 2666 374 2713 et
389 2657 483 2714 iratus
493 2651 596 2711 delebo
606 2651 746 2731 populum
758 2651 849 2723 lune,
859 2663 886 2709 et
937 2651 984 2710 καί
996 2648 1088 2724 πάλιν,
1103 2647 1180 2730 Ἄρες
1194 2672 1237 2727 με,
1247 2645 1294 2708 καί
1307 2646 1435 2726 θυμωθεὶς
1446 2645 1576 2726 ἐξαλείψει»
1587 2646 1628 2707 τδν
1638 2644 1686 2704 tuto

5 2747 129 2898 ἔδδεμὸ.

141 2745 249 2806 Samuel
268 2745 378 2826 qnando
400 2745 511 2825 lugebat
530 2743 642 2804 saiilem
655 2764 662 2800 τ
675 2763 723 2823 per
742 2756 885 2822 utrumque
901 2756 920 2805 c
937 2748 1046 2803 τοῦτον·
1062 2740 1108 2802 καλ
1120 2745 1135 2801 δ
1149 2738 1299 2817 Σαμουὴλ,
1313 2738 1374 2799 δεον
1389 2740 1473 2817 nno}
1492 2737 1537 2797 τὸν
1553 2736 1649 2797 Σαούλ·
1660 2736 1684 2794 δι’

141 2837 212 2897 enim
227 2859 324 2918 magna
339 2837 466 2900 eveniunt
477 2836 558 2896 bono.
573 2835 620 2897 sic
636 2847 662 2895 et
679 2855 752 2894 nune
764 2834 811 2895 ille
829 2833 886 2894 ira-
938 2830 1069 2915 ίκατίριον
1091 2831 1143 2914 γάρ
1161 2831 1265 2912 μεγάλα
1285 2830 1387 2910 γίνεται
1407 2829 1505 2911 ἀγαθά.
1518 2826 1638 2901 Ούτοιδλ
1653 2824 1688 2887 καί

139 2928 233 3004 scitur,
243 2928 288 2988 sed
301 2949 353 2988 non
368 2929 428 2989 iste.
442 2928 501 2988 Hoc
511 2925 585 3009 apud
594 2946 643 2986 nos
654 2924 719 2985 item
738 2925 836 2986 evenit.
848 2924 886 2986 Et
938 2928 1049 2986 ἐνταῦθα
1061 2929 1076 2985 δ
1087 2925 1135 3005 μὲν
1150 2924 1301 3007 ὀργίζεται,
1312 2927 1328 2985 δ
1339 2921 1369 2983 δά
1381 2924 1429 2983 ota
1441 2919 1491 2981 ἔτι.
1508 2922 1595 2981 Τοῦτο
1607 2920 1648 2981 καὶ
1656 2920 1686 2999 ίρ’

139 3018 269 3079 dissensio
294 3020 424 3100 apposite,
446 3031 476 3078 ut
490 3018 536 3078 ille
549 3015 711 3095 erudiretur,
720 3037 769 3076 nec
781 3016 886 3078 videre·
938 3010 1600 3099 ηροῗινγίναται.1ίαίδπιιροξυαμδςείκύτως,1να
1610 3013 1690 3077 letior

140 3125 185 3171 tur
196 3133 255 3171 rem
269 3133 327 3173 esse
337 3133 451 3173 soenam.
461 3113 555 3190 Neque
568 3109 640 3169 enim
653 3110 701 3189 qui
715 3130 885 3190 semperoes·
937 3107 1083 3188 παιδευθῇ,
1096 3108 1143 3169 καλ
1160 3107 1199 3186 μὴ
1215 3104 1276 3187 δοξη
1297 3104 1382 3179 σκηνὴ
1402 3105 1433 3164 τδ
1446 3113 1562 3184 πρῦγμα
1581 3092 1693 3163 elvredi

139 3218 220 3283 serat,
233 3205 341 3265 hicnon
351 3205 480 3279 cessisset,
491 3203 539 3283 qui
551 3204 588 3263 ita
600 3203 844 3278 Ponlnmamabat,
854 3215 886 3262 ut
937 3200 989 3283 γάρ
1000 3199 1058 3260 ἀνδ
1073 3206 1209 3280 πανταχοῦ
1223 3198 1315 3272 εἴκων,
1331 3199 1444 3256 ἐνταῦθα
1459 3198 1508 3256 οὐκ
1522 3185 1603 3270 εἶξεν,
1615 3191 1692 3255 isim

138 3297 252 3356 antehac
260 3309 389 3376 quereret
399 3316 463 3356 eum
473 3294 595 3369 Tarsi,et
604 3295 641 3354 ad
649 3295 785 3377 apostolos
794 3294 884 3375 ipsum
938 3293 1044 3352 Παῦλον
1062 3295 1163 3373 ριλῶν,
1180 3289 1251 3350 ὥστε
1272 3289 1318 3348 καὶ
1331 3286 1384 3368 πρδ
1400 3286 1493 3348 τούτου
1507 3290 1620 3360 ζητῆσαι
1630 3283 1692 3345 eon

140 3389 330 3465 introduceret,
344 3403 370 3449 et
383 3390 581 3470 eleemosynam
594 3409 764 3448 eommunem
776 3388 883 3463 laceret,
938 3385 965 3443 ἐν
979 3386 1090 3467 Ταρσῷ,
1101 3383 1147 3443 καὶ
1163 3383 1229 3464 πρδς
1245 3380 1305 3448 τοῦς
1324 3378 1486 3447 ἀποστόλους
1505 3378 1582 3439 αι’νεδν
1596 3382 1693 3455 irene·

140 3495 167 3540 et
176 3482 250 3561 quod
259 3481 296 3542 ad
308 3481 408 3561 dogma
421 3481 526 3557 attinet,
540 3479 718 3540 communiter
730 3479 884 3561 susciperet
938 3484 1003 3550 κεῖν,
1009 3476 1055 3535 καὶ
1062 3476 1110 3549 τὴν
1122 3472 1300 3554 ἐλεημοσύνην
1314 3469 1404 3544 κοινὴν
1414 3471 1611 3552 opponent,
1619 3466 1695 3541 καὶτλ

12 3593 60 3637 σοι
71 3593 128 3636 rau·
140 3577 235 3656 ltaque
246 3598 298 3636 non
308 3590 417 3657 propter
425 3575 496 3635 hane
504 3596 562 3634 rem
573 3574 657 3634 iratus
667 3573 770 3633 fuisset.
778 3573 832 3634 Sed
843 3595 886 3633 se·
939 3565 1008 3626 terli
1020 3566 1051 3627 τδ
1063 3567 1149 3646 δόγμα
1163 3570 1237 3644 κοινῇ
1256 3562 1459 3631 καταδέξασθαι·
1480 3565 1542 3623 Οὔκ
1557 3562 1589 3622 ἂν
1608 3552 1649 3622 dit
1659 3557 1694 3619 διδ

41 3664 63 3698 et
82 3654 132 3699 Ber·

1 3717 188 3775 obstrepe,
279 3757 285 3768 ‚
522 3755 582 3768 ‚‚
756 3754 762 3765 ,
849 3753 885 3766 Η
1222 3756 1240 3769 ..
1375 3750 1384 3770 ‚
1462 3748 1469 3769 a
1533 3748 1545 3766 a
1616 3751 1633 3766 .-

0 3786 74 3822 μιιιιιι.
141 3779 188 3838 qui
199 3757 322 3817 doctrina
331 3778 378 3816 suo
388 3757 511 3837 egebant,
521 3767 719 3815 mstituant:ut
728 3767 810 3813 etiam
820 3754 886 3814 alibi
939 3752 1126 3826 λήλων,ιῖιστε
1146 3753 1288 3812 παιδευσαι
1304 3748 1350 3809 καὶ
1369 3770 1517 3828 απαρτισαι
1530 3746 1575 3808 οιά
1589 3769 1636 3806 του
1650 3766 1695 3824 γιν-

4 3925 17 3970 ³

46 3876 99 3909 ress.
107 3861 131 3910 3.

141 3683 280 3750 parantur,
296 3682 327 3728 ut
348 3668 474 3744 doceant,
488 3680 514 3726 et
533 3688 582 3748 per
603 3666 807 3747 separatiomem
830 3687 885 3742 eos,
938 3666 1053 3720 τοιοῦτον
1066 3669 1179 3739 πρᾶγμα
1192 3655 1328 3740 ὠργίσθη·
1345 3653 1414 3715 ἀλλὰ
1427 3654 1588 3736 χωρίζονταῑ
1601 3651 1646 3714 ὄπ’
1658 3653 1696 3711 dl·

141 3850 322 3911 iaeitdicens:
337 3854 393 3911 Vos
404 3863 503 3910 antem
515 3870 551 3909 ne
561 3849 765 3932 defatigeenini
778 3851 884 3909 bonnm
903 3858 922 3904 Ι)
941 3850 1035 3925 ρισμοῦ
1048 3841 1109 3911 τοὺς
1128 3842 1265 3922 δεομένους
1280 3843 1328 3911 τῆς
1341 3841 1405 3920 παρ’
1419 3841 1507 3898 αὐτῶν
1524 3834 1694 3901 διδασκαλίας·

132 3944 293 4025 facientes.
304 3941 341 4001 Et
353 3941 421 4001 alios
436 3940 547 4020 quidem
560 3940 691 4022 increpat,
701 3941 780 4021 jubet
792 3955 884 4000 autem
939 3936 1029 4017 ὥσπερ
1046 3927 1090 3995 ούν
1108 3934 1154 3995 καὶ
1171 3936 1289 4015 ἀλλαχοῦ
1309 3939 1379 3992 ποιεῖ
1392 3929 1495 4009 λέγων·
1510 3929 1604 4010 Ὑμεῖς
1621 3927 1646 3988 δί
1663 3924 1695 4006 μὴ

141 4035 209 4094 bene
217 4035 302 4095 snoere
310 4055 374 4114 erga
382 4055 481 4094 omnes.
494 4033 552 4092 Hoc
559 4032 640 4092 etiam
651 4033 679 4092 in
691 4033 885 4093 consuetudine
940 4031 1075 4088 ἐκκακεῖτε
1092 4026 1123 4088 τὸ
1140 4026 1221 4086 καλδν
1241 4029 1384 4090 ποιοῦντες.
1393 4020 1448 4082 Καὶ
1460 4023 1575 4103 ἐπιτιμᾷ
1588 4020 1633 4100 μίν
1645 4017 1694 4079 tet·

141 4125 283 4186 habemns.
292 4125 440 4184 Hieantem
448 4124 518 4184 mihi
529 4124 657 4184 videntur
667 4123 829 4204 aliiquoque
838 4125 883 4185 in·
939 4144 1007 4202 ροις,
1020 4119 1119 4181 κελεύει
1138 4118 1166 4178 δὲ
1179 4117 1210 4178 τὸ
1222 4117 1302 4177 καλὸν
1319 4122 1403 4175 ποιεῖν
1416 4114 1483 4194 πρὸς
1496 4113 1608 4182 πάντας.
1623 4113 1695 4172 Τοῦτο

83 4228 87 4236 “
141 4214 247 4295 dignati
261 4236 319 4275 osse
331 4215 360 4275 in
371 4216 498 4274 Paulum.
509 4215 546 4274 Et
561 4228 652 4295 postea
664 4214 720 4292 ille,
733 4215 798 4296 ipsis
811 4238 883 4276 seor·
938 4212 983 4273 καί
1000 4214 1027 4271 ίν
1040 4236 1074 4292 τη
1089 4208 1212 4289 συνηθείᾳ
1226 4213 1360 4285 ποιοῦμεν.
1382 4205 1517 4265 Ἐνταῦδιί
1538 4226 1586 4284 μοι
1606 4205 1697 4263 δοκοῖω

142 4305 346 4380 sumaddnctis,
356 4306 529 4384 omniasaoit,
541 4319 642 4383 monet,
654 4306 884 4367 hortamentum
938 4304 983 4365 καί
992 4303 1067 4363 ἄλλοι
1081 4305 1311 4381 συναγανοκτῆσαι
1319 4301 1358 4378 τῷ
1367 4287 1479 4377 Παύλῳ.
1488 4295 1543 4358 Καὶ
1548 4296 1639 4357 λοιπὸν
1646 4294 1696 4354 κατ’

141 4411 229 4479 potest
237 4397 485 4475 concordemus
499 4398 885 4479 caritostetiamsiprorema-
939 4393 1159 4462 tetensteten<
1178 4391 1267 4452 λαύὼν
1289 4389 1378 4449 πάντα
1397 4399 1484 4465 ποιεῖ,
1502 4390 1550 4450 καὶ
1572 4394 1697 4470 παραινεῖ·

140 4508 193 4570 μενοι
203 4509 292 4568 roges,
307 4488 411 4550 etiamsi
430 4488 559 4569 indignus
571 4490 619 4566 sis,
636 4504 747 4570 propter
756 4493 883 4571 proposi·
938 4490 984 4550 καὶ
1006 4493 1128 4548 νουθετεῖ.
1148 4484 1241 4546 nont
1262 4490 1280 4556 ἡ
1302 4482 1411 4560 ὁμόνοια
1431 4482 1559 4556 δύναται,
1583 4480 1699 4551 nollit

140 4593 198 4640 tom
217 4579 345 4657 audieris,
357 4601 390 4638 ne
403 4580 506 4639 timeas.
521 4580 765 4654 Perambnlnbat,
782 4582 882 4662 inquit,
939 4581 1048 4661 ἀγάπη·
1068 4578 1117 4640 κάν
1134 4576 1200 4658 set,
1221 4576 1337 4656 ρεγάλου
1356 4576 1451 4650 ἀξιοῖς,
1472 4575 1523 4634 κάν
1543 4574 1647 4643 ἀνοίξιος
1660 4562 1701 4653 ᾖε,

138 4674 329 4732 οἱνίεαισε.Εε
340 4684 478 4731 eeeeerat
490 4672 649 4752 discipulus
661 4677 777 4732 nomine
785 4677 882 4733 Timo·
938 4676 991 4736 ἀπδ
1010 4679 1058 4746 τῆς
1077 4670 1254 4752 προαιρέσεως
1268 4669 1437 4748 demittet,
1458 4667 1498 4746 μὴ
1514 4667 1608 4748 effi·
1630 4663 1702 4743 1111·

139 4767 233 4839 tliens,
252 4769 304 4846 qni
326 4766 524 4823 testimoninm
543 4765 670 4823 ilabebat
692 4788 711 4825 a
718 4768 882 4847 fratribus,
937 4792 1009 4850 χετο,
1024 4763 1159 4848 ρηολ,τάς
1174 4762 1272 4828 πόλεις.
1289 4761 1342 4821 Καὶ
1353 4759 1409 4821 teet
1423 4752 1456 4832 ξν
1470 4760 1595 4839 μαθητὴς
1605 4758 1706 4838 δνύμοτι

139 4861 190 4937 qni
204 4870 289 4916 ernist
301 4859 417 4933 lystris
431 4869 457 4915 et
470 4860 575 4915 Iconii.
592 4860 692 4936 lingna
704 4859 773 4919 tides
789 4860 883 4919 Timo·
937 4862 1084 4941 Τιμόθεος,
1098 4858 1126 4925 te
1143 4859 1317 4937 ἐμαρτυρεῖτο
1330 4854 1382 4915 ὑπὸ
1398 4858 1451 4914 τῶν
1471 4857 1498 4914 ἓν
1521 4853 1653 4935 Λύστροις
1665 4848 1707 4912 οῦδ

137 4950 205 5027 thei,
219 4949 266 5027 qui
280 4950 315 5009 ab
325 4949 451 5008 omnibus
465 4948 647 5010 testimonium
658 4952 749 5013 habet.
765 4954 883 5029 Quando
899 4969 917 5016 Ε
936 4952 1039 5034 Ἰκονίῳ
1058 4952 1186 5030 ἀδελριῦν.
1205 4945 1337 5025 11111εγύλη
1356 4950 1373 5018 ἡ
1392 4945 1482 5016 πίστις
1500 4953 1549 5007 τοῦ
1564 4945 1709 5025 reposto,

168 5174 178 5196 ν
198 5167 333 5227 ἐργάσασθαι
343 5161 413 5215 deest
425 5163 450 5215 iu
461 5162 622 5231 quibusdem.
978 5166 992 5204 b
1004 5164 1074 5214 Unus
1088 5168 1181 5229 μεγάλη
1193 5167 1207 5220 η
1222 5167 1288 5231 χάρις
1299 5165 1339 5213 τοῦ
1350 5165 1470 5224 repelles.
