3728 5978
163 354 167 361 ¹
247 367 320 466 598
529 454 534 461 .
607 384 637 434 s.
664 382 805 435 ιοιιιιιιιε
828 342 1010 433 onarsosr.
1040 382 1197 430 uremur.
1224 382 1497 432 αοιιοτιιιτιιιον.

237 524 348 575 -terant
363 512 455 588 Quam
464 507 560 590 igitur,
573 507 680 588 inquit,
691 504 844 567 mercedem
852 517 992 586 exspectas
1044 504 1261 584 ἀπηλλαγμένος,
1284 505 1437 584 ἐγκαλύπτῃ
1451 503 1500 564 καί
1515 505 1666 586 ἐρυθριᾷς,
1693 501 1775 564 καίτοι
1790 530 1810 584 γε

246 605 284 667 ab
296 625 391 688 ορατ,
407 625 470 664 cum
489 624 524 663 ex
540 602 597 661 sola
611 600 651 661 rei
664 599 811 677 memoria,
826 620 842 657 a
857 598 991 680 supplicio
1043 597 1071 653 ἐν
1085 595 1201 674 τοσαύτῃ
1215 596 1252 655 ὢν
1267 597 1378 677 χάριτι,
1402 596 1471 656 Ἀλλ’
1488 597 1519 655 ού
1533 594 1573 655 τά
1590 601 1640 659 ταῦ
1653 596 1727 656 Osee*
1739 604 1810 656 reio}

248 711 337 757 tomen
348 696 489 772 liberatus,
501 691 606 776 pudore
619 691 787 752 suffundaris
797 703 823 750 et
830 691 989 767 erubescas,
1044 709 1087 746 τα.
1101 689 1157 747 Νῦν
1169 686 1206 760 δὲ,
1219 688 1314 768 φησὶν,
1325 686 1544 768 ἐλευθερωθέντες
1557 683 1619 746 ἄπδ
1628 688 1682 756 τῆς
1691 686 1812 767 ἁμαρτίας

246 786 297 847 etsi
310 785 423 846 intanta
437 784 525 864 gratia
540 783 722 844 constitutus?
735 786 770 840 st
780 801 841 860 quae
854 781 904 842 uei
919 794 991 858 sunt,
1045 778 1217 848 δουλωθέντες
1235 779 1262 840 δὲ
1274 783 1314 860 τῷ
1330 782 1404 860 Θεῷ,
1418 780 1495 860 ἔχετε
1511 780 1561 839 τδν
1579 777 1692 858 καρπὸν
1704 783 1814 856 epistt<

246 874 347 938 nonita
361 897 389 936 se
402 875 510 935 habent.
524 879 574 936 nn.
596 877 684 936 Nunc
698 894 787 946 vero,
809 872 908 952 inquit,
921 875 992 932 libe·
1044 872 1190 951 ἇνιασμδν,
1200 873 1231 932 τὸ
1243 872 1271 933 δὲ
1281 871 1356 941 τέλος
1366 871 1435 945 ζωὴν
1450 870 1574 932 αἰώνιον.
1598 867 1734 931 Ἐκείνων
1743 875 1813 949 base

245 973 308 1028 rati
317 979 482 1048 apeccato,
495 970 572 1027 servi
584 979 684 1026 σιτίσαι
688 968 769 1047 sacti
781 967 862 1038 Dee,
878 966 992 1024 habetis
1008 966 1028 1014 Ι)
1044 963 1093 1031 πδς
1115 963 1227 1044 αἰσχύνη
1244 964 1289 1023 καί
1309 964 1378 1041 μετά
1396 964 1446 1037 τὴν
1460 953 1644 1041 ἀπαλλαγὴν,
1658 960 1760 1021 τούτων
1775 963 1814 1023 ili

236 1060 376 1142 fructum
394 1072 527 1119 vestrum
547 1061 580 1116 ιἰι
601 1057 866 1140 sanctificationem
878 1056 993 1138 :finem
1044 1056 1146 1137 καρπὸς
1173 1055 1318 1135 ἁγιασμύς·
1350 1054 1416 1117 ὅπου
1445 1056 1474 1116 δδ
1504 1054 1668 1135 ἁγιασμὸς,
1698 1056 1815 1135 παρρησία

246 1170 321 1211 vero
335 1155 432 1210 vitam
440 1162 593 1210 aternam
609 1149 723 1209 Illorum
737 1149 842 1207 fructus
852 1147 942 1228 pudor
953 1159 993 1206 ert
1043 1146 1157 1219 οπολλή.
1179 1147 1306 1208 Ἔκείνων
1325 1147 1356 1208 τὸ
1368 1146 1443 1216 τέλος
1462 1147 1595 1219 θάνατος,
1617 1147 1726 1206 τούτων
1739 1145 1813 1220 titul

245 1241 329 1304 etiam
339 1256 400 1324 post
416 1241 622 1319 liberationem,
633 1241 732 1300 horum
751 1262 816 1301 vero
833 1242 936 1301 fructus
953 1252 993 1299 est
1044 1236 1157 1306 αἰώνιος.

247 1333 592 1395 εαιιοτίύὶωῑίοτιὼίοιιιτιιι
599 1346 639 1392 est
648 1333 834 1406 sanctificatio,
843 1333 883 1392 ibi
892 1330 993 1391 fiducia

248 1427 345 1486 multa
358 1426 471 1487 Illorum
481 1425 544 1485 linis
553 1445 625 1484 mors
635 1437 675 1484 est
682 1424 803 1502 ,horum
811 1424 868 1484 vita
881 1431 990 1482 eterna.
1042 1427 1044 1431 ’
1195 1490 1200 1497 ¹

287 1523 318 1580 2.
332 1518 433 1581 Viden'
448 1516 585 1598 quomodo
597 1516 651 1575 alie
661 1515 773 1596 quidem
782 1516 847 1574 data
857 1514 990 1594 ostendat,
1084 1503 1162 1582 Eiet<
1179 1517 1235 1582 πῶς
1245 1515 1280 1575 τά
1296 1516 1344 1594 μὲν
1358 1516 1473 1578 δείκνυσι
1489 1516 1639 1596 δεδομένα,
1653 1514 1693 1575 τὰ
1703 1513 1732 1576 δὲ
1745 1517 1770 1574 έν
1780 1518 1815 1574 έλ-

246 1610 302 1672 elia
318 1611 347 1671 in
363 1632 411 1693 spe
420 1611 501 1671 esse?
511 1614 600 1689 Atque
613 1609 702 1686 abiis,
713 1608 913 1689 quaedatasunt
923 1608 989 1682 illis,
1044 1603 1119 1665 τίσιν
1132 1605 1214 1680 ὄντας
1235 1606 1289 1667 Καὶ
1302 1610 1355 1669 ἀπὸ
1367 1613 1420 1669 τῶν
1431 1604 1583 1688 δεδομένων
1595 1610 1717 1668 κάκεῖνα
1726 1615 1816 1666 πιστοὶ

247 1701 317 1764 fido
330 1703 509 1775 eonciliatur;
522 1723 539 1761 a
552 1700 762 1760 sanctificatione
778 1700 834 1760 rita
846 1700 991 1760 confirma·
1044 1720 1098 1769 ται,
1110 1697 1163 1757 ἀπὸ
1172 1705 1218 1758 τοῦ
1229 1700 1363 1778 ἁγιασμοῦ
1373 1700 1421 1774 τὴν
1434 1700 1514 1772 ζωήν.
1539 1699 1604 1761 Ἵνα
1619 1698 1679 1779 γὰρ
1693 1700 1732 1778 μὴ
1745 1701 1816 1778 λέγῃς,

247 1805 302 1852 tur.
318 1792 404 1869 Nam,
430 1811 464 1850 ne
479 1789 584 1849 diceres
597 1788 688 1848 omnia
702 1790 730 1847 iu
742 1809 790 1871 spe
813 1808 885 1864 esse,
895 1788 953 1868 jam
966 1801 992 1847 te
1044 1791 1086 1848 δτι
1098 1788 1187 1849 πάντα
1206 1792 1234 1849 ἐν
1256 1791 1360 1864 ἐλπίσι,
1374 1791 1490 1852 δείκνυσι
1502 1790 1622 1865 καλῆδη
1638 1814 1673 1852 σε
1691 1790 1817 1875 καρπιισά·

189 1942 194 1951 ,
247 1882 367 1943 liuetum
386 1882 479 1942 tulisse
491 1879 629 1956 ostendit3
644 1879 750 1960 primo,
770 1878 846 1958 quod
863 1900 877 1938 a
891 1880 992 1957 nequi-
1045 1904 1136 1960 μενον·
1162 1886 1266 1962 πρῶτον
1288 1883 1319 1943 τδ
1342 1886 1532 1964 ἀπαλλαγῆναι
1558 1888 1611 1956 τῆς
1633 1883 1766 1965 πονηρίας
1783 1883 1818 1942 καί

248 1967 287 2029 tia
296 1982 349 2029 eta
360 1967 462 2028 talibus
473 1967 551 2027 malis
565 1967 694 2026 liberatus
703 1966 750 2044 sis,
762 1987 878 2045 quorum
892 1984 993 2025 memo-
1044 1969 1169 2031 τοιούτων
1191 1976 1297 2047 κακῶν,
1318 1963 1354 2033 ilo
1370 1973 1416 2034 καλ
1436 1979 1453 2046 ἡ
1475 1974 1571 2052 μνήμη
1593 1973 1733 2055 αἰσχύνην
1744 1971 1818 2054 ρίριι·

248 2060 290 2121 ria
301 2058 434 2144 pudorem
444 2060 536 2135 affert,
547 2056 682 2133 secundo,
695 2056 769 2137 quod
777 2077 872 2118 servus
883 2057 920 2116 sis
929 2058 984 2137 ju·
1045 2062 1164 2145 δεύτερον
1187 2063 1218 2123 τὸ
1247 2066 1411 2138 δουλωθῆναι
1434 2091 1468 2146 τῃ
1495 2065 1678 2147 δικαιοσύνῃ·
1700 2064 1784 2147 τρίτον
1795 2065 1818 2122 τί

248 2151 344 2227 stitia,
353 2150 447 2229 tertio,
458 2149 532 2230 qued
545 2148 873 2225 sanctificationefruaris3
883 2161 991 2228 quarto,
1007 2159 1027 2207 s
1045 2155 1178 2234 δγιασμοῦ
1199 2159 1366 2217 ἀπολαῦσαι·
1389 2155 1516 2236 τέταρτον
1531 2157 1563 2216 τὸ
1583 2157 1637 2216 καί
1652 2160 1726 2230 ζωῆς
1739 2160 1817 2216 έπιτν

247 2241 323 2322 quod
333 2242 419 2304 vitam
435 2240 620 2321 consequaris,
639 2253 666 2300 et
681 2239 767 2303 vitam
786 2261 840 2300 non
859 2253 992 2321 tempera·
1044 2254 1120 2326 χεῑν,
1141 2246 1188 2307 καλ
1208 2250 1276 2319 ζωῆς
1289 2251 1318 2306 ολ
1332 2247 1514 2329 προσκαίρου,
1531 2250 1594 2308 ἀλλ’
1611 2247 1739 2317 αἰωνίας.
1760 2248 1816 2308 Ἀλλ’

248 2354 345 2413 θείω,
358 2334 408 2395 sed
420 2348 557 2395 aeternam.
570 2336 695 2393 Attamen
715 2354 778 2392 cunr
795 2334 855 2393 haee
869 2333 907 2393 ita
926 2335 992 2409 sint,
1045 2337 1117 2416 ὅμως
1139 2336 1185 2397 καί
1205 2338 1306 2400 τούτων
1318 2338 1418 2413 ὄντων,
1432 2338 1481 2398 κδν
1493 2339 1614 2413 ἐξίσης,
1631 2340 1819 2422 ρησλ,δσιλοὀ

174 2426 178 2436 “
247 2427 343 2489 saltem
352 2448 387 2488 ex
396 2448 473 2506 equo
481 2473 490 2504 ,
504 2426 592 2505 iuquit
600 2471 610 2504 ,
621 2425 731 2486 servite.
742 2425 803 2486 Etsi
815 2424 888 2485 euim
898 2426 994 2485 Domi·
1046 2451 1120 2489 σατι.
1135 2432 1171 2491 Εἰ
1183 2430 1235 2510 γάρ
1248 2429 1294 2491 καλ
1311 2431 1475 2504 θΔεσπύτης
1493 2431 1601 2514 σρύδρα
1620 2433 1773 2514 ὑπερέχων,
1783 2434 1820 2492 καὶ

249 2538 301 2581 nus
310 2518 459 2579 admodum
467 2517 620 2600 praecellat,
631 2530 658 2577 et
668 2538 797 2598 magnum
804 2517 840 2576 sit
849 2516 994 2577 discrimen
1045 2526 1093 2593 τῆς
1117 2522 1236 2591 δουλείας
1254 2522 1322 2583 πολύ
1338 2524 1370 2584 τὸ
1390 2524 1469 2602 μέσον
1490 2524 1537 2583 καλ
1550 2530 1609 2585 τῶν
1624 2525 1754 2586 insidiare
1766 2525 1820 2605 td?

248 2610 408 2671 servitutem
416 2609 486 2669 inter
503 2622 530 2668 et
545 2608 673 2690 praemia,
685 2629 736 2689 pro
751 2608 853 2686 quibus
866 2609 974 2669 servitis
981 2633 992 2689 ς
1046 2605 1083 2674 ὧν
1095 2614 1243 2690 δουλεύετε,
1256 2613 1329 2676 οὐδὲν
1341 2618 1446 2676 ἀπαιτῶ
1455 2615 1536 2676 πλέον
1548 2617 1630 2684 πίοις.
1647 2609 1732 2694 Εἶτα,
1742 2617 1820 2688 ἐπειδὴ

248 2702 320 2763 nibil
340 2715 428 2762 tamen
449 2701 556 2762 interim
574 2697 693 2782 postuloss
718 2700 823 2761 Deinde
843 2701 905 2780 quia
919 2722 994 2762 arma
1045 2706 1135 2768 άιιλων
1158 2707 1338 2788 ἐμνημόνευσε
1356 2708 1403 2768 καὶ
1416 2709 1563 2787 βασιλέως,
1588 2708 1719 2789 ἐπιμένει
1739 2715 1821 2792 πῇρε-

247 2793 470 2862 commemorarit
479 2807 506 2855 et
523 2814 633 2874 regem,
655 2793 854 2874 inmetaphora
876 2806 992 2875 perstat,
1046 2808 1164 2880 παρορᾷ,
1188 2798 1287 2879 λέγων·
1305 2799 1350 2859 Tb
1372 2799 1421 2878 μίν
1440 2798 1492 2880 γὰρ
1510 2798 1620 2880 dte-lem
1635 2807 1688 2875 τῆς
1702 2803 1822 2884 ἁμαρτίαι

247 2887 340 2951 dicens
356 2914 363 2948 ι
376 2891 427 2950 25.
438 2890 591 2969 Stipendia
599 2893 677 2949 enim
684 2892 799 2971 peccati
813 2909 891 2949 mors
903 2913 913 2946 .·
926 2911 994 2971 gra·
1047 2890 1168 2958 θάνατος·
1182 2892 1213 2952 τὸ
1224 2890 1253 2950 δὲ
1264 2891 1387 2975 χάρισμα
1398 2895 1522 2953 τοῦΘιοῦ
1534 2891 1592 2964 ζωὴ
1607 2891 1759 2962 αίιύνιοςδν
1768 2895 1822 2975 Χρι-

248 2986 294 3043 tr'a
303 2995 403 3043 autem
412 2985 471 3042 Dei
477 2986 544 3042 vita
554 2995 674 3056 eterna,
687 2986 720 3041 ἰιι
725 2984 843 3043 Christo
852 2984 924 3043 Jesu
934 2985 995 3042 Do-
1047 2986 1102 3063 στῷ
1117 2981 1205 3055 Ἰησοῦ
1214 2987 1253 3064 τῷ
1266 2983 1355 3064 Κυρίῳ
1365 2987 1451 3062 ἡμῶν.
1463 2981 1557 3042 Εἰπὼν
1567 2983 1679 3065 obdere
1690 2986 1823 3068 ἁμαρτίας,

248 3079 330 3135 mino
339 3090 448 3137 nostro.
460 3075 531 3136 Cum
543 3076 679 3158 stipendia
693 3075 796 3158 peccati
814 3075 947 3150 dixisset,
960 3077 995 3138 de
1047 3073 1154 3134 ἐπὶτῶν
1165 3078 1290 3157 χρηστῶν
1301 3073 1389 3148 ούτλν
1400 3073 1481 3147 αὐτὴν
1492 3073 1613 3155 ἐτήρησε
1624 3076 1718 3146 τάξιν.
1731 3078 1824 3160 (λύγδρ

248 3167 419 3249 bonisagens
439 3189 492 3228 oon
523 3166 648 3227 eumdem
661 3167 779 3229 servarit
787 3167 920 3228 ordinem.
933 3170 994 3230 Non
1047 3156 1156 3240 εἶπεν,θ
1172 3167 1264 3246 μισθὸς
1275 3171 1328 3226 τῶν
1341 3165 1555 3246 κατορθωμάτων
1568 3170 1665 3246 ὑμῶν,
1681 3171 1771 3243 ἀλλὰ,
1791 3173 1824 3231 Τὸ

247 3263 320 3324 enim
331 3263 422 3343 dixit,
437 3267 540 3324 Merces
553 3263 686 3324 bonorum
700 3285 813 3346 operum
826 3277 1037 3349 vestrorum;„,
1048 3258 1075 3318 δὲ
1094 3259 1217 3339 χάρισμα
1230 3264 1276 3318 τοῦ
1290 3262 1379 3334 Θεοῦ,
1394 3257 1493 3326 δεικνὺς
1504 3258 1546 3318 ὅτι
1559 3262 1612 3319 οὐκ
1626 3261 1736 3323 οἴκοθεν
1748 3266 1824 3335 ἀπαλ-

247 3355 313 3434 sed,
329 3358 437 3418 Gratia
447 3355 813 3434 Des,0stendensi110sn0n
831 3380 880 3438 per
894 3357 994 3439 seipsos
1009 3364 1029 3410 Α
1047 3352 1177 3431 λύγησαν,
1193 3350 1252 3412 οὐδὲ
1272 3350 1379 3433 δρειλὴν
1393 3351 1537 3423 ἀπέλαύον,
1562 3352 1627 3412 οὐδὲ
1648 3355 1772 3432 άμοιύὴν
1788 3356 1824 3413 καί

247 3446 376 3508 liberatos
398 3470 470 3525 esse,
485 3468 570 3526 neque
597 3445 720 3507 debitum
737 3448 889 3530 accepisse,
910 3470 995 3528 neque
1048 3445 1178 3504 ἀντίδοσιν
1191 3444 1288 3518 πόνων,
1303 3444 1372 3504 ἄλλα
1386 3442 1478 3526 χάριτι
1490 3448 1577 3502 ταῦτα
1594 3444 1692 3505 πάντα
1704 3447 1824 3525 ἐγίνοντο·

248 3539 397 3600 mercedem
418 3539 461 3600 rel
478 3538 682 3599 retributionem
703 3539 848 3614 laborum,
872 3538 919 3597 sed
936 3540 995 3601 haec
1047 3536 1116 3597 ὥστε
1143 3536 1188 3596 καί
1202 3541 1318 3597 ἐντεῦθεν
1332 3542 1350 3608 ἡ
1364 3534 1498 3616 ὑπεροχὴ,
1511 3538 1561 3615 οὐχ
1572 3534 1618 3595 δτι
1632 3536 1779 3609 ἀπήλλαξε
1789 3538 1827 3616 μί

247 3631 338 3692 omnia
351 3630 524 3714 pergratiam
539 3631 609 3691 lacta
622 3630 711 3690 fuisse.
722 3633 817 3709 ltaque
829 3631 894 3689 bine
906 3632 995 3691 excel·
1046 3653 1102 3705 νον,
1118 3627 1178 3688 οὐδὲ
1191 3629 1233 3688 δτι
1246 3628 1290 3688 ἐπί
1301 3626 1335 3686 τά
1352 3624 1448 3705 βελτίω
1459 3625 1618 3705 μετέθηκεν,
1636 3630 1704 3688 ἀλλ’
1714 3628 1760 3690 ὅτι
1770 3628 1827 3708 μηδὲ

251 3723 333 3784 tentia
347 3738 402 3802 est,
419 3743 473 3783 non
488 3722 569 3782 modo
581 3722 656 3802 quod
670 3722 846 3798 liberaverit,
861 3743 909 3782 nee
920 3722 995 3802 quod
1047 3721 1195 3801 κάμνοντας
1214 3718 1281 3799 μηδὲ
1302 3717 1485 3790 πονήσαντας·
1505 3717 1552 3776 καὶ
1566 3722 1624 3799 οὐχ
1634 3720 1680 3780 ὅτι
1697 3722 1828 3794 ἀπήλλαξε

246 3815 284 3877 ad
297 3815 408 3876 meliora
420 3815 604 3888 transtulerit,
620 3813 666 3874 sed
679 3813 815 3893 quod'nee
832 3814 994 3893 laborantes,
1048 3812 1136 3890 μόνον,
1158 3810 1227 3870 ἀλλὰ
1249 3812 1294 3870 καί
1314 3810 1406 3889 πολλῷ
1421 3807 1527 3887 μείζονα
1541 3810 1648 3886 ἔδωκε,
1665 3812 1719 3871 καὶ
1734 3814 1778 3873 διδ
1790 3821 1828 3874 τοῦ

247 3928 296 3968 nee
308 3907 460 3969 fatiscentes
472 3932 479 3965 :
494 3929 543 3968 nee
556 3905 632 3987 quod
644 3906 801 3967 liberaverit
812 3920 933 3984 tantum,
945 3907 993 3968 sed
1047 3903 1147 3970 Παιδὸς
1159 3903 1251 3963 έδωκε.
1264 3904 1359 3962 Ταῦτα
1370 3901 1398 3962 δὲ
1408 3901 1588 3984 παρενέύαλεν
1600 3903 1728 3980 ἅπαντα,
1741 3906 1826 3977 ἐπειδὴ

246 4000 320 4081 quod
329 4001 416 4062 multo
426 4001 529 4082 majora
541 3998 665 4077 dederit,
675 4013 756 4079 atque
766 4020 816 4081 per
833 3998 936 4059 Filium
946 3997 996 4059 de·
1046 3996 1093 4056 καλ
1106 3996 1167 4077 περὶ
1180 3995 1289 4077 χάριτος
1301 3994 1433 4075 διελέχθη,
1450 3994 1495 4054 καί
1509 3995 1553 4054 τὸν
1565 3995 1653 4074 νόμον
1672 3998 1773 4075 μέλλει
1783 4023 1829 4058 κα-

156 4082 160 4088 ’
245 4090 326 4152 derit.
340 4093 405 4152 llaec
420 4113 501 4174 perro
516 4091 606 4151 omnia
619 4091 792 4168 interseruit,
808 4091 871 4170 quia
887 4090 923 4150 de
934 4112 995 4171 gra·
1046 4088 1187 4149 ταύάλλειν
1201 4087 1306 4159 λοιπόν.
1320 4085 1381 4148 Ἵνα
1396 4086 1448 4169 γάρ
1464 4085 1501 4166 μὴ
1515 4092 1604 4146 ταῦτα
1619 4088 1770 4172 ἀμφότερα
1786 4096 1830 4171 ρη-

246 4183 286 4243 tia
309 4185 392 4246 rerba
417 4185 499 4260 lecit,
519 4185 620 4264 etjam
639 4183 726 4263 legem
750 4181 903 4263 dejecturus
924 4196 991 4243 erat.
1048 4179 1205 4260 θνμοτέροος
1227 4177 1387 4262 ἐργάσηται,
1412 4178 1481 4256 μίσα
1502 4179 1695 4260 ’παρινὲθηκε
1719 4181 1756 4242 τὰ
1777 4183 1830 4263 περὶ

247 4278 319 4337 Nam
338 4299 372 4337 ne
391 4277 450 4336 bare
468 4277 550 4335 ambo
565 4276 700 4355 segniores
722 4276 876 4353 efficerent,
904 4275 994 4335 media
1047 4279 1095 4347 τῆς
1117 4271 1253 4353 ἀκριύείας
1270 4277 1316 4332 τοῦ
1331 4271 1404 4352 βίου,
1424 4276 1560 4350 πανταχοῦ
1574 4271 1724 4353 διεγείρων
1739 4275 1830 4347 elerii

249 4368 401 4428 interseruit
409 4389 440 4427 ea
448 4412 458 4445 ,
473 4388 533 4445 quae
545 4367 582 4427 ad
591 4367 835 4428 accuratamvitam
844 4368 995 4448 pertinent,
1011 4383 1030 4430 B
1046 4372 1095 4439 τῆς
1108 4368 1204 4446 ἀρετῆς
1218 4363 1371 4440 ἐπιμέλειαν
1382 4364 1427 4423 τὸν
1440 4361 1585 4445 ἀκροατήν.
1607 4362 1707 4423 Ὅταν
1722 4367 1753 4426 δὲ
1766 4366 1832 4447 θράν-

248 4459 349 4540 ubique
362 4459 513 4518 auditorem
541 4458 661 4518 excitam
679 4457 716 4517 ad
735 4458 844 4518 virtutis
861 4479 952 4518 curam
968 4473 994 4520 et
1047 4484 1091 4519 νια
1108 4462 1156 4530 τῆς
1175 4455 1308 4538 ἁμαρτίας
1329 4457 1373 4516 τὸν
1396 4456 1504 4515 θάνατον
1528 4456 1621 4534 καλῇ,
1646 4458 1733 4537 ροόεῑ
1747 4462 1832 4531 πάλιν,

247 4550 379 4613 studium.
402 4550 473 4609 Cum
495 4562 586 4608 autem
608 4546 742 4629 stipendia
756 4549 858 4629 peccati
879 4565 994 4610 mortem
1047 4552 1094 4611 καί
1118 4550 1183 4629 πρὸς
1200 4547 1233 4607 τά
1254 4547 1386 4627 μελλοντα
1402 4545 1588 4627 ιἰσραλίζεται.
1606 4550 1650 4606 Δι’
1666 4540 1709 4610 ὧν
1725 4551 1779 4633 γδρ
1792 4555 1833 4610 αύ·

236 4658 338 4722 'veeat,
352 4663 447 4702 rursus
454 4654 550 4715 terret,
562 4654 588 4699 et
600 4639 729 4700 adversus
737 4641 829 4700 lutura
842 4642 992 4704 confirmat.
1047 4643 1107 4712 τοὺς
1121 4642 1319 4721 ἀναμιμνήσκει
1332 4644 1385 4701 τῶν
1397 4638 1543 4721 προτέρων,
1557 4639 1604 4699 διδ
1615 4642 1724 4703 τούτων
1737 4646 1783 4704 καὶ
1793 4648 1833 4704 εύ-

125 4784 134 4793 .
247 4739 345 4799 Ρετει
362 4734 451 4811 enim,
467 4733 544 4813 queis
564 4732 619 4792 illis
639 4733 730 4814 priora
746 4751 953 4811 commemorat,
970 4752 995 4797 et
1047 4736 1190 4819 χειρίστους
1205 4743 1295 4805 ποιεῖ,
1309 4734 1355 4792 καί
1368 4730 1578 4812 άσραλεστέρους
1593 4732 1663 4814 πρὸς
1679 4737 1833 4798 enemim

245 4826 284 4891 ad
294 4842 402 4911 gratum
415 4827 537 4889 smmum
551 4839 641 4888 movet
655 4838 682 4885 et
703 4826 916 4890 confirmationes
930 4831 994 4891 red·
1048 4831 1163 4911 ἅπαντα.
1187 4825 1344 4891 Καταλύσας
1364 4824 1448 4883 τοίνυν
1472 4826 1585 4883 ἐνταῦθα
1599 4825 1647 4886 τὸν
1662 4832 1723 4889 τῶν
1739 4833 1833 4903 ἠθικῶν

280 5040 290 5063 ·
307 5031 357 5097 [Δ.
369 5043 395 5083 et
406 5048 485 5101 marg.
500 5030 578 5086 Seril.
593 5034 677 5098 πάσα]
1094 5049 1104 5073 ¹
1123 5030 1233 5096 Quidam
1245 5037 1369 5099 περίθηκε.
