3728 5978
463 504 469 511 Ι
509 448 528 471 2
564 433 609 483 ru.
628 433 713 483 acra
738 430 998 483 arosrornnuu.
1024 431 1144 485 norun.
1173 436 1244 487 rvr.
1632 411 1700 486 155

125 555 235 627 ντντίσν,
247 549 297 614 καθ’
311 559 385 628 ζητιῑ
393 553 490 636 τιμὴν,
503 557 721 636 καὶούτιμῦται.
734 560 796 639 Οὐχ
804 556 902 635 ὁμοίως
953 555 1051 637 gaudet
1070 557 1142 638 qnod
1160 580 1214 620 non
1234 559 1380 620 honoratus
1400 557 1444 619 sit.
1457 558 1552 638 Itaque
1570 559 1700 619 honorem
1775 593 1776 597 =

131 647 267 717 θθόθετιιι
279 648 363 726 τιμὴν
384 651 400 706 ό
416 650 518 721 ζητῶν,
539 649 586 710 καὶ
604 653 619 709 ό
640 649 679 729 μὴ
702 654 795 723 ζητῶν.
815 640 901 717 Οὗτος
930 700 933 711 .
953 670 1006 709 non
1020 665 1175 731 quarereet
1188 651 1325 729 honorari,
1341 651 1373 711 id
1384 668 1510 732 magnam
1531 651 1699 733 voluptatem

132 738 185 798 όσον
200 738 547 821 ἀνλάόη,υθόίνὴγιῖται
564 742 714 823 εἰληφόναι·
732 746 828 810 ἀκτῖνος
851 741 901 801 κάν
953 741 1035 822 parit.
1054 742 1364 805 lllicverooontrarium
1377 743 1698 823 accidit3quaeritbouo·

135 833 257 912 ripupbe
271 835 341 914 δῷς,
358 836 397 902 ὣς
414 833 447 894 τὸ
459 843 514 894 πᾶν
526 835 639 916 εἰληφὼς
654 835 768 916 δόχεται.
786 834 901 895 norst
953 856 1020 912 rem,
1037 849 1064 895 et
1081 856 1134 895 non
1154 838 1308 898 honoratur.
1326 838 1387 897 Non
1408 836 1533 896 similiter
1554 850 1644 897 autem
1662 836 1699 895 de

137 928 229 1003 τροφῶν
242 924 327 1005 μυρία
341 925 490 1008 πράγματα
509 926 582 1008 ἔχει,
604 927 653 988 ιιθν
671 926 698 996 ἐξ
715 925 835 995 εὐκολίας
855 925 900 987 καὶ
953 928 1054 988 honore
1064 927 1163 1007 gaudet
1178 928 1226 1007 qui
1239 929 1338 1008 qrtaerit
1350 950 1423 1007 eum,
1439 929 1525 1008 etqui
1542 950 1596 990 non
1617 950 1696 1009 quar-

139 1015 215 1096 ὅπερ
226 1017 281 1076 ἀπὸ
294 1023 394 1098 πηγῶν
411 1021 485 1100 αὐτῷ
499 1019 535 1080 eb
558 1022 610 1079 τῶν
622 1021 760 1104 προσόδων
775 1021 900 1102 ἐπιρρέῃ,
918 1065 926 1073 .
952 1021 998 1080 rit.
1008 1021 1059 1081 Hic
1071 1035 1317 1102 quantumcumque
1336 1022 1478 1104 acceperit,
1495 1023 1565 1083 nihil
1579 1044 1607 1084 se
1619 1037 1697 1106 putat

141 1107 224 1167 τάἀτθ
234 1112 284 1181 τῆς
295 1114 401 1191 τροφῆς
411 1109 492 1183 ,utet
511 1110 626 1185 δέδοικα,
641 1111 687 1171 καλ
700 1113 731 1173 τό
744 1111 841 1185 ἄδηλον
853 1117 899 1172 τοῦ
952 1113 1084 1193 accepisse
1101 1113 1170 1174 :ille
1191 1136 1255 1176 vero
1272 1115 1295 1178 si
1310 1116 1355 1176 vel
1369 1116 1506 1176 tantillum
1523 1115 1642 1188 dederis,
1658 1115 1696 1174 ita

144 1200 277 1276 μέλλοντος·
291 1193 369 1270 οὗτος
383 1203 463 1266 taut
477 1206 504 1263 ἐν
521 1203 651 1285 ἀσφαλείᾳ
664 1204 722 1264 ἐστὶ
734 1205 780 1265 καὶ
793 1207 820 1264 ἀν
833 1206 899 1277 ἡδο-
917 1219 937 1268 a
952 1204 1051 1287 accipit
1063 1228 1094 1266 ac
1110 1206 1133 1266 si
1145 1219 1239 1274 ‚totum
1253 1222 1351 1268 teneat.
1371 1209 1476 1267 Rursus
1491 1207 1577 1287 quiin
1592 1206 1698 1268 deliciis

143 1291 374 1371 οξ,ίθίααιθαυτθν
388 1298 416 1354 ἐν
428 1294 549 1369 λιτότητι
562 1295 673 1369 διαίτης.
687 1298 728 1356 Οὐ
748 1296 801 1380 γάρ
817 1294 900 1366 οὕτως
951 1313 1084 1376 versatur,
1103 1300 1179 1362 mille
1195 1301 1301 1380 negotia
1320 1300 1402 1360 babet
1416 1325 1422 1359 ι
1436 1300 1542 1360 etiarnsi
1563 1299 1654 1359 faciles
1669 1313 1696 1360 et

98 1454 100 1463 Ι
145 1384 364 1454 θτοτθνταλανίζει
371 1385 435 1460 ,ότι
452 1386 491 1466 μὴ
505 1387 613 1468 μετίχιι
634 1386 765 1469 τραπέζης
785 1391 899 1448 τολυτι-
949 1392 1027 1470 quasi
1047 1413 1082 1453 cx
1103 1392 1223 1455 lontibus
1243 1392 1346 1452 reditus
1367 1391 1417 1473 ipsi
1440 1391 1563 1465 affluant,
1575 1404 1693 1450 attamen

144 1475 198 1547 leit
207 1479 242 1544 ὗς
254 1488 360 1558 τρυφᾷ,
382 1478 414 1539 τὸ
430 1482 478 1538 τοῦ
492 1479 634 1560 μέλλοντος
648 1478 798 1558 ἀδηλονμὴ
781 1478 897 1551 ὴδεδοι-
949 1484 1019 1542 mala
1022 1504 1107 1561 ,qnae
1122 1504 1157 1543 ex
1170 1483 1275 1542 deliciis
1287 1482 1427 1559 accedunt,
1438 1480 1578 1560 formidat,
1590 1502 1692 1542 necnon

144 1565 281 1633 ιύιιΤάθά
294 1572 498 1652 ἒατῆςτρυφῆς
518 1571 568 1630 όσα
590 1569 676 1645 δεινά,
698 1570 781 1637 οὐδεὶς
795 1573 896 1651 ἀγνοεῖ
948 1574 1054 1633 futuri
1047 1589 1175 1635 incertam
1194 1575 1398 1634 conditionem
1391 1528 1532 1633 ·bicvero
1547 1595 1651 1678 semper
1665 1575 1692 1633 in

145 1680 263 1770 σγαγιαισν
272 1660 302 1720 δὲ
316 1660 408 1721 τισί
377 1683 422 1721 νυν
433 1664 525 1722 ιθπιῖν.
538 1663 654 1727 Διπλοῦς
674 1665 690 1721 ό
709 1662 841 1740 πόλεμος,
852 1670 918 1749 τοῦι
918 1677 1007 1754 ,4tuto
1020 1680 1059 1726 est
1079 1681 1104 1726 et
1124 1665 1152 1724 iu
1171 1664 1320 1771 voluptate,
1336 1665 1408 1769 quod
1422 1665 1544 1725 tenuitati
1556 1666 1645 1724 victus
1659 1666 1695 1726 sit

145 1748 257 1826 τύμοτος,
268 1752 359 1832 λέγω,
375 1752 470 1812 sul*
437 1776 484 1825 της
504 1754 607 1834 φυχῆς
625 1754 730 1821 διπλοῦς
750 1753 895 1835 όχιιμὼν,
915 1769 1076 1818 Aassuetus.
1088 1761 1149 1818 Non
1169 1757 1240 1816 euim
1262 1758 1300 1817 ita
1320 1779 1349 1817 se
1368 1757 1496 1817 miserum
1515 1770 1603 1837 putat,
1620 1759 1694 1836 quod

144 1842 249 1902 όιτλατά
261 1844 419 1923 νοσήματα·
411 1844 479 1904 werd
490 1846 520 1904 ού
533 1852 611 1905 τοῦτο
624 1843 713 1924 μόνον,
725 1847 784 1906 ἀλλ’
796 1845 837 1907 ότι
850 1846 897 1906 καὶ
948 1847 1021 1908 lauta
1035 1870 1125 1909 mensa
1134 1870 1186 1908 non
1197 1850 1315 1927 fruatur,
1327 1862 1358 1907 ut
1368 1847 1521 1922 deliciatur
1531 1846 1598 1905 dum
1607 1848 1692 1907 futura

142 1935 230 1996 ἀνίατα·
223 1936 313 1996 ··ιιαὶ
320 1937 489 2018 μεγαλαςέ
455 1960 473 2018 φ
489 1959 562 2019 ρουσι
578 1942 663 1998 ταῦτα
680 1938 728 2006 τὰς
746 1937 893 2019 συμφοράς.
947 1938 1076 2000 incertam
1101 1940 1279 2000 uenditionem
1300 1960 1354 1999 uon
1377 1939 1462 1999 timet.
1482 1938 1549 2011 Quae
1573 1959 1637 1999 vero
1657 1960 1693 2000 ex

141 2024 194 2085 tu·
212 2030 294 2108 σύχὴ
309 2027 430 2088 τθτίλιια
442 2033 570 2099 τοιοῦτον,
584 2028 655 2089 αλλά
674 2030 755 2101 διπλῆ
770 2033 787 2101 ἡ
805 2029 894 2108 θγεία,
946 2031 1050 2094 deliciis
1065 2033 1135 2093 mala
1151 2032 1282 2107 oriantur,
1297 2032 1404 2112 ignorat
1422 2051 1521 2091 nemos
1535 2051 1639 2091 necesse
1652 2044 1693 2091 est

140 2118 359 2199 θτλιτάἀγαθά.
382 2119 485 2189 Ὕπνος
507 2120 612 2202 ὑγείας,
635 2121 732 2205 φησὶν,
750 2124 894 2207 ἐνάντίρῳ
946 2125 1144 2187 autemillnd
1132 2147 1190 2206 μοι
1205 2124 1305 2185 dicere.
1323 2125 1435 2206 Duplex
1450 2138 1490 2184 est
1502 2124 1617 2200 bellum
1632 2144 1693 2184 cor-

139 2211 228 2292 μυρίην.
247 2212 481 2292 Πανταμοῦγάρ
480 2213 512 2272 τό
530 2210 626 2291 μίν’
596 2236 764 2294 συμμετρον
765 2216 893 2290 ποθεινόν,
946 2215 1029 2296 poris,
1043 2237 1164 2296 inquam,
1176 2231 1203 2277 et
1214 2236 1328 2278 anrmae
1339 2214 1441 2296 duplex
1453 2214 1551 2288 biems
1568 2206 1692 2294 duplices

138 2302 322 2386 ἀύίάμττρυν
332 2304 431 2364 ούνιύτι.
444 2302 566 2384 'Ope'
532 2325 596 2383 γαρ·
611 2309 735 2385 σπινθῆρι
748 2311 894 2389 μικρῷπο-
945 2308 1054 2367 morbi:
1068 2329 1153 2387 neque
1170 2308 1199 2369 id
1217 2321 1331 2376 tautum.
1347 2304 1394 2368 sed
1409 2320 1435 2368 et
1448 2306 1620 2383 insanabiles,
1641 2307 1690 2385 qui

138 2394 173 2453 tu
184 2395 261 2463 ξολινν
275 2395 367 2463 ἀπίθις
377 2393 499 2477 φοριτὸν,
508 2393 558 2453 καὶ
568 2394 704 2455 coetu
668 2420 720 2479 τωρ
732 2398 763 2458 τό
772 2398 892 2477 λόμπον,
944 2418 1056 2478 magnas
1069 2400 1181 2459 afferant
1195 2398 1368 2459 calamitates.
1386 2402 1422 2457 At
1435 2417 1488 2456 ιιοιι
1507 2397 1568 2456 talis
1580 2411 1620 2457 est
1632 2397 1688 2456 fru-

138 2483 190 2543 ἀλλά
202 2487 302 2546 καπνόν
324 2484 404 2564 ’όφτι
417 2483 519 2564 σφόδρα
529 2485 611 2557 ἀηδῆ.
623 2483 710 2568 ’Λνθρὶ
719 2486 778 2546 λίαν
791 2491 893 2570 ἰσχυρῷ
944 2490 1040 2569 galitas
1051 2514 1059 2567 ;
1078 2490 1125 2553 sed
1146 2489 1251 2572 duplex
1274 2504 1313 2550 est
1338 2488 1447 2563 sanitas,
1467 2487 1589 2569 duplicia
1608 2488 1689 2550 bona.

136 2575 281 2658 τιίριγάλην
302 2575 412 2660 φορτίον
425 2575 513 2643 ἐπίθες
528 2575 621 2647 τότλν
635 2576 892 2662 ίσγθνύπιρύαῖνον,
924 2570 1067 2643 'Somnus
1094 2587 1249 2654 sanitatis,
1275 2582 1379 2662 inquit,
1407 2585 1440 2639 ιἰι
1466 2594 1560 2639 ventre
1585 2582 1688 2661 porco'.
1702 2607 1765 2651 psa.-
1786 2608 1826 2654 31.

135 2667 231 2750 ιιιὶόθτι
244 2667 317 2747 μετά
330 2674 379 2728 τοῦ
389 2667 496 2749 φορτίου
509 2666 596 2748 χαμαὶ
608 2667 728 2748 κτίμενον
742 2670 787 2729 καὶ
801 2674 892 2753 ἐρριμ·
944 2673 1052 2754 Ubique
1067 2675 1139 2735 euim
1156 2674 1327 2735 mediocritas
1346 2671 1532 2733 desiderabilis
1546 2685 1596 2749 est,
1618 2672 1690 2750 qnod
1702 2665 1741 2728 2ί·

136 2759 204 2836 μόνον.
218 2759 310 2821 nutv
323 2757 370 2821 τόν
384 2759 480 2841 φόρτον
495 2758 596 2838 ἔμόαλε
608 2763 646 2840 τῷ
660 2759 758 2843 πλοίῳ,
773 2761 819 2822 καί
839 2787 892 2843 χοι-
910 2779 929 2831 n
943 2785 1008 2829 'aero
1046 2766 1158 2826 modurn
1184 2786 1237 2826 non
1264 2777 1369 2842 servat,
1403 2763 1592 2844 injucundum.
1618 2764 1692 2826 Vide

134 2850 361 2934 λεαθνείργύσοοτθ
370 2851 669 2930 ναυόγιον.’Τοιοῦτοδνί
682 2876 709 2911 τι
719 2853 791 2926 καλή
805 2855 891 2936 τρυφή
944 2858 1018 2918 enim
1034 2883 1041 2917 ι
1056 2859 1180 2919 scintillae
1195 2880 1286 2940 parvae
1300 2878 1427 2938 magnam
1440 2856 1577 2935 lignorum
1592 2876 1690 2936 conge·

135 2945 185 3002 ἀττι
195 2945 324 3025 Καθάπερ
333 2942 388 3026 γάρ
407 2943 452 3002 ἀπὶ
471 2947 524 3002 τῶν
540 2942 708 3022 θπιράντλιον
723 2943 831 3019 πλοίων,
842 2970 890 3006 πο-
944 2949 1012 3009 riem
1025 2950 1143 3031 impone,
1153 2964 1179 3009 et
1189 2950 1323 3010 nonultra
1334 2948 1424 3029 ignem
1438 2945 1632 3028 splendentem,
1644 2948 1692 3008 sed

134 3032 168 3102 λύς
176 3042 189 3096 ό
198 3037 308 3117 θόριόσς
319 3040 375 3097 τῶν
389 3040 501 3110 ναυτῶν,
513 3041 560 3096 τοῦ
574 3036 747 3116 κυόερνήτου,
759 3045 804 3098 τοῦ
817 3062 891 3122 πρω-
942 3040 1049 3101 fumum
1062 3039 1167 3101 videbis
1175 3040 1257 3102 valde
1270 3040 1419 3100 insuavem.
1435 3038 1504 3101 Viro
1514 3038 1578 3098 lorti
1592 3051 1619 3097 et
1631 3059 1691 3098 ma·

137 3126 200 3206 φύντ’,
211 3134 262 3189 τῶν
281 3130 438 3202 ἐπιόατῶν,
451 3127 486 3187 cd
500 3127 549 3206 μάν
562 3128 661 3187 ἀνωθεν
676 3131 837 3210 ῥιπτούντων
855 3135 891 3202 είς
943 3155 996 3214 gno
1015 3154 1083 3193 onus
1098 3133 1206 3214 impone
1227 3131 1300 3194 vires
1319 3151 1459 3213 superans,
1472 3143 1496 3189 et
1507 3128 1614 3192 videbis
1627 3151 1690 3191 eum

136 3218 291 3301 ἀταλαγος,
301 3221 338 3280 τά
350 3219 381 3280 δὲ
391 3220 517 3280 κάτωθεν·
528 3219 596 3280 ούτω
614 3218 646 3292 δὴ
660 3220 706 3281 καὶ
719 3224 843 3298 ἐνταῦθα,
856 3224 891 3285 τόν
942 3245 1022 3286 onere
1031 3225 1108 3284 lrrrmi
1118 3226 1258 3305 jacentem.
1270 3227 1404 3303 Magnum
1417 3243 1486 3282 onus
1504 3221 1584 3302 injice
1598 3221 1626 3281 in
1637 3244 1688 3281 na·
1774 3247 1843 3288 ειιι..

137 3311 285 3388 plumes
309 3317 452 3393 ἐμοῦντες,
471 3312 505 3373 rb
527 3311 555 3372 δὲ
579 3313 762 3386 induciomari
785 3315 892 3384 ἑαυτούς
942 3318 1047 3393 vim,et
1060 3337 1141 3396 grave
1154 3314 1430 3393 faciesnaufraginm.
1444 3313 1524 3373 Tales
1538 3326 1600 3373 sunt
1614 3313 1754 3378 deli-⁰¹¹,us
1790 3322 1831 3350 ⁸¹¹⁰

137 3403 339 3486 ‘lwtdpomffi
362 3405 535 3464 ἀπόλλυνται.
552 3404 605 3464 Καὶ
617 3404 648 3464 τό
671 3404 704 3478 δὴ
723 3405 830 3466 πάντων
851 3411 891 3467 αἱ·
943 3407 999 3467 ciae.
1016 3407 1092 3468 Sicut
1107 3406 1180 3466 cuim
1196 3407 1225 3465 iu
1239 3405 1355 3466 navibus
1372 3403 1580 3484 supramodum
1596 3383 1783 3463 ουτοι-’Μ’

137 3495 321 3576 φμύτιραν,ότι
336 3495 401 3556 αὐτὸ
415 3497 446 3556 τὸ
458 3495 546 3573 στόμα
560 3495 608 3569 τὴν
623 3501 719 3578 χρῆσιν
730 3487 894 3577 ἀναλαμύύὲ
943 3499 978 3558 tis
994 3519 1109 3578 magnus
1132 3511 1172 3557 est
1183 3511 1327 3557 nautarum
1347 3495 1494 3571 tumultus,
1512 3495 1690 3574 gubernatore

136 3606 164 3644 ιιι
179 3592 225 3647 οὖν
242 3591 354 3650 όττοοθεν
368 3587 479 3668 μορίων,
503 3588 548 3647 καί
562 3590 662 3666 γίνεται
676 3588 780 3649 ἐκείνων
794 3590 889 3669 ἀτιμό-
942 3610 989 3666 eo,
1003 3591 1087 3670 quiin
1099 3611 1179 3671 prora
1191 3589 1282 3665 sedet,
1296 3610 1328 3648 ac
1341 3586 1495 3648 vectoribus
1509 3587 1648 3667 superiora
1662 3601 1689 3647 et

135 3695 201 3759 πρυ.
214 3679 297 3742 Eldl
322 3684 351 3741 tv
375 3683 416 3758 τῷ
436 3678 551 3759 στόματι
568 3680 683 3754 τοσαύτη
700 3681 889 3762 ἀσχημοσύνη,
941 3685 1066 3744 inferiora
1080 3684 1197 3744 inmare
1209 3684 1415 3766 projicientibus
1434 3707 1440 3739 :
1459 3681 1498 3742 sic
1511 3696 1537 3742 et
1550 3684 1603 3742 hoc
1617 3683 1687 3760 loco,

135 3769 235 3843 θτύηοον
251 3776 280 3833 ἐν
304 3777 339 3853 τῇ
358 3777 441 3887 duxi]-
463 3772 515 3832 Καὶ
535 3771 588 3853 γὰρ
604 3777 657 3833 ἐκεῖ
678 3773 767 3833 πάντα
780 3774 888 3855 γνόφος,
941 3779 1077 3859 superiora
1093 3790 1244 3838 evomentes
1260 3791 1286 3835 ct
1300 3776 1444 3846 inferiora,
1461 3798 1492 3834 ac
1507 3775 1609 3856 seipsos
1630 3797 1689 3834 cor·

134 3862 325 3936 τύνττθύιλλπ,
344 3864 435 3924 πάντα
456 3864 565 3937 σκότος,
576 3864 713 3936 πολλὴ
677 3889 730 3925 των
752 3867 888 3982 λογισμῶν
906 3890 925 3938 c
941 3883 1104 3951 rumpentes,
1124 3881 1246 3950 pereunt
1268 3867 1402 3946 Quodque
1422 3867 1543 3927 omnium
1563 3866 1690 3945 turpissi-

133 3951 255 4035 ’ww
266 3954 635 4035 “loy-dtQOdffiOt‘t'twt,
646 3960 887 4038 vociter-efficatiam}
940 3982 1016 4021 mum
1021 3975 1083 4051 est,
1095 3981 1126 4019 os
1138 3974 1316 4040 posteriorum
1339 3957 1549 4037 partiumusum
1562 3957 1687 4031 assumit,

133 4045 302 4129 τίνίτηριιαν
317 4047 431 4128 βούνοης.
442 4047 580 4108 Εντευθεν
593 4048 639 4107 καί
652 4050 725 4108 αυτοὶ
739 4053 764 4109 οἱ
778 4075 887 4134 γαστρι·
940 4020 1033 4131 litqud
1039 4051 1115 4111 rllrs
1108 4070 1322 4130 ignominiosius
1338 4048 1457 4150 Quodsi
1469 4069 1495 4106 m
1507 4069 1553 4106 ore
1567 4061 1602 4106 sit
1614 4061 1686 4108 tanta

133 4138 217 4217 ὕμνοι
239 4141 375 4212 ἀλλήλους
403 4144 554 4213 αἰτιῶνται,
576 4140 789 4220 δυσχεραίνωσι,
807 4143 886 4203 σπεύ-
939 4141 1099 4223 turpitudo,
1113 4141 1198 4219 cogita
1212 4153 1313 4242 quanta
1334 4139 1369 4197 sit
1388 4139 1415 4196 in
1436 4138 1535 4197 anima.
1557 4138 1627 4197 Nam
1648 4139 1687 4197 ibi

131 4227 322 4302 θασιιὴνένδσν
336 4230 648 4313 ἀπορρίψασθαικόπρον.
656 4229 887 4312 Ὀμοιςκαίμιτά
939 4234 1029 4294 omnia
1049 4234 1155 4312 caligo,
1173 4231 1262 4292 omnia
1281 4230 1418 4311 procelle,
1444 4229 1534 4289 omnia
1556 4229 1686 4306 tenebre,

123 4320 154 4383 ,ti
162 4328 277 4403 ῥιφῆναι,
286 4321 348 4383 etet
357 4321 465 4392 ούτοιςό
478 4321 557 4396 σόλοι
566 4323 693 4383 παύεται·
706 4325 775 4384 ἀλλὰ
784 4326 888 4386 καλπυ-
940 4328 1024 4386 multa
1047 4325 1167 4385 confusio
1192 4323 1385 4402 cogitationum
1397 4323 1425 4382 in
1438 4324 1562 4402 angustia
1578 4343 1686 4382 versun

132 4414 186 4490 ρποί
197 4419 313 4476 motem
329 4415 375 4474 καὶ
397 4414 479 4475 νόσοι.
504 4415 578 4483 Nol,
604 4414 685 4495 φἠσί,
709 4423 814 4477 νοσοῦσι
840 4419 886 4478 καὶ
939 4419 1023 4495 tium,
1037 4419 1125 4479 anima
1139 4417 1195 4498 ipsa
1209 4412 1349 4475 damnum'
1360 4416 1536 4475 exclamante.
1551 4415 1622 4476 Hinc
1634 4417 1686 4498 ipsi

129 4506 306 4584 θτμμονοῦσι
318 4505 398 4587 λόγος
420 4509 479 4587 εἰκῇ
505 4510 590 4566 ταῦτα
607 4506 708 4574 διεξιὼν
714 4554 722 4582 ,
739 4508 784 4568 καί
797 4510 886 4578 νόαους
938 4513 1026 4574 ventri
1040 4511 1134 4586 dediti,
1144 4531 1201 4570 sese
1210 4523 1304 4569 mutuo
1318 4508 1495 4589 redarguunt,
1504 4530 1574 4589 aegre
1584 4511 1685 4586 lerunt,
1715 4527 1720 4532 ·

130 4596 181 4670 θμῑν
191 4597 357 4679 mulspo-
368 4602 439 4657 νοσῶ
449 4596 502 4678 γάρ
513 4595 575 4674 ἐγὼ,
588 4597 633 4656 καὶ
644 4603 755 4676 σπῶμαι
764 4600 829 4680 ἐγὼ,
841 4603 887 4661 καί
938 4617 1039 4663 stercus
1050 4604 1185 4662 internum
1200 4600 1315 4682 dejicere
1328 4602 1462 4661 festinant.
1475 4604 1599 4660 Attamen
1613 4615 1687 4681 post·

132 4686 259 4766 ἀτγημαιῶ
271 4690 339 4765 ἐγὼ,
357 4695 374 4750 ό
393 4690 433 4770 μὴ
451 4690 521 4770 ἔχων
541 4697 649 4767 φαγεῖν·
666 4689 772 4759 τούτους
785 4692 813 4754 δὲ
827 4693 886 4764 τοὺς
938 4712 1022 4772 qrram
1032 4695 1217 4775 projecerunt,
1229 4713 1317 4770 neque
1330 4693 1368 4752 sic
1383 4693 1494 4771 agitatio
1505 4692 1627 4768 sedatur,
1638 4690 1687 4750 sed

101 4802 108 4815 ·
132 4776 618 4856 τροφῦνταςίατινιύπαθοῦνταςίδιῖν,
635 4787 811 4863 σφριγῶντας,
823 4788 884 4868 χαί·
938 4799 964 4845 et
985 4786 1071 4846 febres
1088 4784 1152 4844 hinc
1168 4797 1193 4843 et
1210 4783 1306 4843 morbi.
1329 4783 1436 4859 Etiam,
1458 4781 1561 4860 inquit,
1582 4783 1685 4842 infirmi

137 4888 225 4945 W,
242 4875 395 4955 φιφομάνονς
413 4876 456 4954 ἀφ’
471 4871 571 4932 ἵππιον.
597 4872 694 4951 Οἴμοι·
715 4876 816 4957 θρήνων
831 4877 883 4960 γάρ
898 4896 918 4942 u
936 4891 999 4939 sunt
1013 4892 1038 4937 ot
1048 4877 1163 4958 turpiter
1173 4890 1258 4956 agunt
1274 4899 1280 4932 :
1297 4875 1357 4934 haec
1370 4875 1470 4934 lnrstra
1483 4875 1561 4934 nobis
1575 4895 1684 4935 narran-

169 5060 387 5136 1Οθῖᾶῑῐῑομηάλας
397 5077 492 5142 φόρουτι
507 5075 548 5129 τὰς
562 5077 693 5141 συμφοράς.
707 5075 760 5124 ἀλλ’
772 5076 820 5140 olgi
835 5079 872 5126 τύ-
963 5072 1057 5124 bttnus
1066 5068 1130 5122 eod.
1145 5076 1193 5140 ὄψιι
1208 5075 1278 5124 πολὺν
1289 5073 1355 5129 ἀήθη.

104 5212 110 5222 ·
142 5141 212 5191 “⁴⁴22
430 5202 437 5219 γ
957 5147 1065 5200 οΜοισΙ.
1079 5149 1147 5214 [cunr
1161 5147 1204 5212 λλ]
1215 5151 1378 5216 διαρθιίμοντις
1389 5151 1585 5200 ἀπαλλάττονται.
