3728 5978
95 440 142 511 92
449 443 478 489 S.
504 441 643 491 tonants
668 443 854 493 cttnasost.
883 443 1038 492 necatur.
1067 442 1338 494 consummor.

96 562 213 640 dicamus,
225 577 256 622 ut
266 562 407 644 praesentia
418 578 444 624 et
454 565 545 625 sutura
552 585 750 646 consequamur
757 568 839 644 bona,
892 570 941 629 οῦκ
950 568 1058 646 ὄμνυμι.
1076 569 1164 629 Τοῦτο
1175 568 1265 630 ίκανδν
1287 577 1375 630 πᾶσαν
1388 572 1540 651 εἰσαγαγεῖν
1558 573 1663 653 ἀρετ-ην.

99 659 186 740 gratia
197 673 224 720 et
236 659 404 739 benignitate
421 661 532 721 Domini
545 662 629 722 nostri
647 663 840 741 tractasti,
855 720 880 759 ω
892 659 971 741 Θύρα
984 659 1024 730 τίς
1035 663 1106 721 ἐστιν
1121 659 1273 736 εύσσύείας,
1290 661 1349 731 tot<
1364 662 1410 723 έπί
1420 660 1595 745 ’φιλοσοφίαν
1609 665 1668 743 [εύ-

97 752 209 829 quicum
223 753 297 811 Patri
307 766 334 812 et
345 753 461 835 Spiritui
474 768 565 815 saneto
575 755 672 836 gloria,
681 755 837 838 imperium,
855 775 877 823 Α
891 752 1021 831 λαύείας]
1036 752 1195 832 εἰσάγουσα,
1208 754 1361 836 παλαίστρα
1373 753 1413 824 τίς
1424 757 1491 817 έστι.
1503 759 1600 818 Ταῦτα
1617 781 1666 838 ρυ·

96 841 192 918 bonor,
216 858 323 904 nuncet
338 865 454 927 semper,
471 846 539 929 etin
552 848 651 908 secula
666 848 835 910 seculorum.
891 843 1040 924 λάττωμεν,
1054 844 1097 905 ίνα
1110 846 1157 905 καί
1169 849 1222 906 τῶν
1235 845 1374 929 παρόντων
1384 847 1497 909 καὶτῶν
1515 850 1665 927 μελλόντων

98 938 192 996 Amen.
892 936 1059 1018 έπιτύχωμεν
1070 941 1186 1016 ἀγαθῶν,
1198 938 1291 1021 χάριτι
1301 939 1347 998 καλ
1359 939 1665 1023 obcumbendo-

138 1044 143 1051 ·
893 1029 948 1106 ρίου
964 1033 1041 1108 ημῶν
1059 1029 1148 1104 Ἰησοῦ
1163 1031 1295 1112 Χριστοῦ,
1319 1035 1376 1110 μεθ’
1391 1021 1472 1112 ebrii
1492 1032 1585 1115 Πατρλ
1609 1031 1666 1110 ἅμα

892 1125 931 1203 τῷ
943 1120 1012 1203 ἁγίῳ
1025 1121 1164 1201 Πνεύμοιτε
1177 1121 1239 1192 δύξα
1246 1168 1255 1199 ,
1266 1123 1380 1205 κράτος,
1395 1121 1478 1202 τιμὴ,
1487 1128 1535 1184 νῦν
1548 1125 1595 1185 καί
1606 1125 1664 1202 eet,

892 1214 938 1274 καί
948 1218 986 1283 είς
999 1214 1059 1283 robe
1070 1217 1167 1284 αἰῶνας
1178 1216 1232 1275 τῶν
1243 1212 1355 1276 αἰώνων.
1366 1215 1458 1295 Ἀμήν.

128 1405 244 1457 ·ttoret.
260 1412 390 1479 ριλοσορίαν
405 1415 531 1476 εὶσάγωσα.
546 1407 592 1460 tta
609 1408 697 1461 melius
715 1419 774 1475 port
789 1416 853 1478 ριλσ-
902 1416 1015 1484 Comum,
1027 1419 1116 1471 Morel.
1128 1431 1154 1472 et
1165 1418 1231 1474 God.
1242 1421 1274 1474 D.
1287 1419 1373 1472 statu
1391 1430 1460 1472 certe
1475 1416 1570 1485 verbis,
1584 1426 1666 1475 παλαί-

95 1492 174 1554 σσρεαν
191 1483 291 1536 addunt
306 1491 429 1547 σύλαθεεας.
451 1485 522 1556 [Νοε
541 1486 686 1540 inclusimus
697 1487 747 1540 tide
770 1486 852 1541 Editt.
905 1523 963 1570 „pa
974 1506 1074 1559 ςεςεσςι,
1088 1498 1275 1568 subjiceretur]

93 1700 271 1712 ——-—....

356 1861 516 1921 HOMILIA
537 1861 574 1922 X.
1191 1866 1327 1925 otttnta
1349 1863 1375 1924 ι’.

95 2046 244 2124 Caan..
257 2068 285 2107 r.
315 2053 341 2108 t.
367 2051 566 2130 Loquentibus
588 2062 686 2109 autem
712 2051 773 2111 itta
799 2052 841 2110 ad
894 2050 1052 2112 Λαλούντων
1072 2048 1100 2110 δὲ
1116 2052 1201 2112 αἰετῶν
1224 2048 1347 2130 πρδςτδν
1363 2049 1438 2124 λαδν,
1457 2048 1666 2121 έπέστησαναῦ·

131 2140 287 2219 populum,
304 2156 530 2221 sanavenerunt
546 2144 712 2204 sacerdotes
730 2157 758 2203 et
778 2164 841 2204 mo·
972 2152 1028 2212 σοῖς
1045 2144 1070 2205 οί
1087 2142 1251 2225 tepescente
1268 2141 1415 2224 στρατηγδς
1434 2148 1481 2203 τοῦ
1502 2145 1586 2222 tepet.

131 2236 273 2311 gistratus
289 2235 398 2314 templi.

136 2427 164 2483 t.
180 2425 310 2485 Nondum
325 2448 341 2486 a
355 2427 491 2508 prioribus
501 2427 698 2510 respiraverant
711 2428 841 2489 tentatio·
859 2437 878 2486 B
935 2426 1021 2489 Ούπω
1043 2430 1097 2487 τῶν
1119 2424 1255 2509 προτέρων
1276 2422 1486 2491 ἀναπνεύσαντες
1500 2425 1665 2504 πειρασμῶν,

91 2519 183 2599 nibus,
197 2532 223 2577 et
236 2517 328 2578 statim
338 2519 367 2578 in
380 2515 446 2579 alias
456 2520 616 2580 inciderunt.
631 2518 668 2580 Et
682 2519 756 2595 ride,
771 2542 842 2600 quo-
896 2520 989 2588 εῦδέως
1006 2522 1044 2587 εἰς
1060 2519 1163 2602 ἑτέρως
1175 2517 1331 2590 ’ένίδησοιν
1350 2516 1404 2577 Καί
1417 2516 1481 2598 ύρα,
1496 2519 1556 2584 πῶς
1567 2518 1667 2576 otene

91 2610 173 2671 modo
188 2631 229 2670 res
244 2609 439 2692 dispensentur.
455 2611 546 2672 Primo
567 2633 629 2673 cum
647 2611 772 2672 irrisione
789 2634 841 2673 ex·
896 2621 985 2693 μεῑτοιι
998 2612 1033 2672 τά
1046 2610 1202 2692 πράγματα.
1222 2613 1333 2692 Πρῶτον
1356 2608 1557 2692 ίχλευάσδησαν
1572 2607 1666 2676 πάντες

91 2702 160 2784 nepti
183 2715 246 2763 sunt
260 2722 367 2779 omnes;
387 2723 435 2762 neo
455 2724 540 2785 parva
557 2718 615 2764 erat
633 2704 691 2763 hac
710 2705 840 2765 tentatio:
895 2709 976 2785 ὁμοῦ·
990 2705 1019 2765 οῦ
1040 2702 1134 2786 μικρδς
1152 2692 1227 2771 οὗτος
1242 2701 1432 2784 δπειρασμύς·
1446 2700 1579 2782 δεύτεραν,
1593 2698 1665 2760 edroi

90 2794 217 2875 secundo,
232 2793 285 2875 ipsi
298 2792 436 2877 coryphaei
446 2795 475 2855 in
494 2796 614 2878 pericula
629 2796 764 2856 incidunt.
779 2799 841 2857 Non
895 2800 920 2858 οἱ
933 2805 1071 2879 κορυραῐοι
1091 2800 1128 2864 είς
1144 2794 1277 2863 κινδύνους
1290 2794 1476 2874 ἐμπίπτωσιν.
1499 2796 1562 2855 Oria
1577 2790 1666 2875 ἔριά-ῆς

90 2888 256 2948 continenter
269 2910 334 2948 vero
347 2887 405 2948 haec
418 2887 473 2948 duo
482 2890 553 2950 facta
575 2904 638 2950 sunt
651 2937 661 2967 ,
674 2911 758 2971 neque
774 2891 840 2951 sim·
896 2891 924 2960 δὲ
938 2890 974 2952 τά
992 2889 1039 2951 δύο
1051 2887 1167 2970 γέγονεν,
1186 2887 1245 2948 nott
1268 2889 1371 2957 ἁπλῶς·
1393 2885 1462 2948 etta
1479 2887 1608 2970 πρότερον
1624 2886 1666 2945 et—

90 2982 216 3063 piiciter3
231 2981 278 3040 sed
291 2994 433 3062 postquam
449 2982 477 3041 in
492 2982 666 3043 concionibus
678 2985 840 3061 clarueram,
896 2983 1084 3062 δοκιμάσαντας
1099 2985 1127 3042 o
1138 2989 1197 3050 ταῖς
1213 2978 1397 3061 δημηγορίαις,
1413 2978 1460 3038 καί
1481 2983 1574 3057 δαῦμα
1587 2971 1665 3059 έργα·

91 3087 117 3133 et
139 3073 303 3133 miraculum
332 3093 460 3152 magnum
484 3087 623 3156 patrarant
633 3099 643 3155 3
668 3076 708 3135 sic
729 3075 842 3137 demum
894 3075 1004 3155 σάμανοι
1027 3072 1095 3153 μετά
1108 3079 1198 3134 ταῦτα.
1213 3072 1297 3154 μέγα·
1314 3070 1428 3145 οῦτωδλ
1445 3070 1540 3130 λοιπδν
1558 3068 1625 3150 μετὰ
1637 3069 1666 3128 τδ

91 3180 209 3224 assumta
222 3161 332 3241 fiducia,
340 3166 398 3224 Deo
410 3164 570 3225 concedente
580 3166 726 3226 certamina
736 3167 839 3228 ineunt.
894 3171 1035 3249 θαρρῆσαι,
1050 3170 1247 3248 συγχωροῦντος
1255 3173 1301 3227 τοῦ
1310 3167 1381 3227 Θεοῦ
1389 3166 1443 3223 τῶν
1451 3161 1562 3243 ἀγώνοιν
1570 3160 1667 3222 ἅπτον-

91 3263 136 3320 Tu
151 3280 216 3318 vero
230 3257 299 3318 mihi
320 3255 470 3339 perpende,
487 3258 644 3337 quomodo,
660 3260 709 3338 qui
728 3261 841 3339 qnaesie-
894 3284 949 3322 ται.
968 3259 1008 3320 Σίν
1024 3259 1053 3320 δέ
1069 3284 1115 3337 μοι
1127 3257 1262 3334 δέα,,πῶς
1275 3257 1320 3318 ἐπὶ
1335 3264 1382 3318 τοῦ
1394 3257 1512 3338 Χριστοῦ
1525 3255 1572 3316 etv
1582 3277 1667 3334 παρα·

90 3365 151 3411 rent
163 3350 330 3433 proditorem
345 3348 394 3429 qni
409 3348 549 3409 Christum
566 3350 701 3427 traderet,
722 3351 768 3410 hic
786 3352 841 3435 ipsi
895 3352 1014 3414 δώσοντα
1025 3356 1176 3425 ζητοῦντες,
1190 3352 1301 3410 ἐνταῦθα
1320 3349 1413 3433 λοιπδν
1428 3348 1502 3408 αὐτοὶ
1514 3347 1564 3417 rb<
1577 3357 1667 3430 χεῖρας

90 3463 187 3502 manus
200 3441 325 3523 injiciunt
344 3440 486 3500 ferociores
500 3441 565 3501 facti
586 3454 612 3501 et
630 3440 841 3522 impudentiores
858 3455 877 3504 c
895 3445 1084 3517 έπιύάλλουσι,
1099 3443 1253 3525 θρασύτεροι
1262 3441 1396 3523 γεγονότες
1407 3441 1453 3501 καί
1465 3440 1667 3523 ἀναισχυντία·

91 3551 152 3618 post
173 3557 291 3597 crucem.
314 3537 457 3594 Peccatum
478 3535 550 3594 enim
577 3534 644 3594 dum
668 3536 838 3617 parturitur,
896 3561 936 3620 ροι
956 3536 1024 3617 μετὰ
1034 3536 1079 3596 τὸν
1097 3535 1218 3618 σταυρόν.
1235 3533 1271 3594 Ἦ
1285 3533 1336 3614 γδρ
1351 3532 1487 3615 ἁμαρτία,
1503 3532 1553 3602 iore
1568 3533 1617 3614 μίν
1635 3531 1666 3592 δν

92 3629 238 3708 quemdam
253 3628 333 3688 babet
347 3626 495 3708 pudorem3
512 3648 576 3687 cum
589 3642 679 3687 autem
693 3629 840 3708 perfectum
895 3627 1039 3703 ὠδίνηται,
1054 3627 1109 3710 έχει
1128 3625 1189 3685 τινὰ
1204 3624 1348 3706 αἰσχύνην·
1367 3623 1473 3686 έπειδδν
1491 3623 1520 3685 δέ
1534 3627 1664 3705 τελεσθῇ,

90 3737 149 3799 est,
166 3721 378 3803 impudentiores
400 3719 488 3779 reddit
515 3733 645 3780 auctores.
669 3721 726 3780 Cur
750 3734 839 3782 autem
893 3720 954 3780 τότε
980 3717 1228 3800 άναιαχοντσιέρους
1245 3726 1316 3777 ποιεῖ
1330 3717 1389 3785 rob<
1411 3716 1603 3798 ίργαζομένους
1622 3720 1666 3777 σῦ-

92 3815 266 3897 magistratus
296 3813 471 3896 supervenit?
502 3814 575 3873 Nam
607 3814 838 3894 Supervenerunt
894 3812 951 3886 nir.
960 3812 998 3872 Τί
1009 3809 1200 3885 δήποτεδίκαλ
1211 3807 1666 3893 στρατηγδςέρίσταται;Ἐπέστη-

91 3913 161 3990 ipsis
169 3909 333 3970 σαοσνάοεσε
342 3920 370 3968 et
380 3911 570 3988 magistratus
578 3908 687 3988 templi,
696 3906 793 3986 inquit.
799 3908 840 3968 Ut
894 3928 944 3964 σαν
956 3903 1008 3984 γάρ
1025 3907 1113 3972 αὐτοῖς
1130 3906 1154 3963 oi
1168 3906 1246 3985 ίερεῐς
1265 3901 1336 3961 καλδ
1350 3901 1496 3982 στρατηγδς
1509 3907 1557 3962 ταῦ
1576 3904 1666 3985 ἱεροῦ,

55 3996 58 4003 ’
91 4026 186 4064 rursus
197 4003 340 4086 publicum
359 4004 460 4061 crimen
470 4001 552 4081 gestis
560 4001 697 4079 inferrent,
708 4014 734 4060 et
745 4022 798 4061 non
811 4015 840 4061 nt
894 3996 984 4079 ρησίν.
996 3995 1057 4057 Ἵνα
1073 3996 1152 4057 πάλιν
1177 3993 1303 4076 δημύσιον
1322 3994 1445 4075 ἔγκλημα
1470 3999 1601 4075 περιθιῦσι
1612 4001 1666 4063 τοῖς

90 4095 228 4177 peculiare
240 4110 266 4155 et
281 4095 419 4176 privatum
432 4093 642 4153 ulciscerentur:
656 4093 729 4173 quod
740 4093 841 4173 ubique
893 4089 1053 4171 γινομένοις,
1076 4087 1123 4148 καί
1150 4086 1188 4167 μὴ
1209 4091 1244 4154 ὡς
1265 4086 1398 4146 ἰδιωτυιδν
1419 4087 1577 4147 έκδικιῦσιν·
1600 4084 1666 4168 άπερ

93 4194 180 4251 facere
201 4190 357 4250 studebant.
383 4193 410 4248 9.
434 4190 577 4249 Dolenter
598 4189 680 4270 quod
702 4190 840 4248 docerent
892 4187 1030 4263 πανταχοῦ
1054 4179 1229 4249 σπουδάζουσι
1247 4187 1341 4239 ποιεῖν.
1355 4177 1566 4257 Διαπονούμενοι
1580 4177 1667 4239 διδτδ

91 4283 241 4364 populum.
259 4281 372 4341 Moleste
384 4279 524 4356 ferebant,
538 4299 591 4338 non
607 4279 688 4338 modo
704 4278 778 4357 quod
790 4278 840 4339 do-
893 4275 1026 4337 διδάσκειν
1041 4274 1135 4341 αὐτοὺς
1145 4273 1190 4333 τδν
1199 4271 1272 4333 λαόν.
1285 4274 1473 4344 Διετονοῦντο,
1489 4270 1520 4330 οῦ
1535 4270 1616 4351 μάναν
1626 4270 1665 4332 ύτε

93 4389 197 4460 cerent5
207 4374 254 4435 sed
266 4374 347 4434 etiam
361 4372 434 4453 qnod
449 4372 633 4433 dicerent'non
647 4373 734 4433 solum
748 4372 840 4454 ipsum
893 4368 1044 4441 ἐδίδασκον,
1058 4368 1116 4426 ἀλλ’
1134 4364 1175 4425 ὅτι
1189 4367 1238 4425 οὐκ
1260 4365 1337 4425 αὐτὸν
1352 4363 1430 4444 μόνον
1443 4363 1534 4444 ἔλεγον
1550 4364 1665 4444 ἐγηγέρ-

92 4466 279 4544 resurrexisse‚
290 4465 338 4526 sed
351 4465 432 4525 otiam
449 4486 497 4525 nos
511 4485 559 4545 per
577 4464 658 4524 illum
676 4477 839 4524 resurrectu·
856 4478 875 4525 n
893 4468 947 4537 θαι,
962 4461 1032 4522 ἀλλὰ
1042 4459 1089 4520 καί
1101 4463 1174 4537 ἡμᾶς
1189 4458 1224 4518 δι’
1235 4460 1333 4518 ἐκεῖνον
1345 4455 1574 4518 ἀνίστασθαιδιδ
1583 4459 1616 4519 rb
1627 4458 1666 4517 δι-

94 4583 139 4622 ros
160 4581 224 4621 esso.
240 4559 327 4638 Quod
345 4560 501 4630 ἅοσσεσπε,
519 4556 627 4636 inquit,
644 4557 794 4638 populum,
809 4569 839 4616 et
892 4555 1000 4616 δάσκειν
1011 4552 1121 4626 αὐτοὺς,
1135 4551 1213 4632 φησί,
1227 4549 1271 4610 τδν
1282 4550 1357 4624 λαδν,
1370 4549 1416 4610 καλ
1435 4550 1666 4630 καταγγέλλεινέν

93 4659 308 4716 annuntiarent
322 4657 354 4710 in
369 4653 442 4712 Jesu
455 4655 693 4710 resurrectionem
707 4662 837 4709 mortuo·
891 4650 931 4728 τῷ
944 4646 1032 4719 Ἰησοῦ
1050 4645 1098 4719 τλν
1112 4644 1255 4706 ἀνάστασιν
1269 4644 1321 4701 τῶν
1333 4646 1442 4725 νεκρῶν.
1457 4640 1552 4721 Οὕτως
1567 4643 1666 4724 ίσχυρλ

93 4771 168 4810 rum.
179 4750 220 4808 Ita
239 4746 337 4808 efficax
355 4744 407 4804 tuit
425 4743 499 4802 illius
523 4744 691 4822 resurreetio,
709 4757 738 4801 ut
757 4743 838 4802 etiam
891 4739 1022 4819 έγένετοη
1037 4737 1195 4810 ἀνάστασις,
1209 4741 1245 4805 ὡς
1259 4734 1305 4795 καί
1319 4735 1417 4818 ἑτέροις
1431 4736 1510 4796 αύτδν
1520 4736 1606 4796 αἴτιον
1619 4758 1665 4816 γε-

94 4844 155 4904 aliis
168 4856 261 4903 auctor
281 4841 317 4901 sit
342 4837 552 4899 resurrectionis.
564 4839 593 4896 5.
610 4839 651 4896 Et
674 4841 836 4918 injecerunt
892 4834 979 4895 νέσθοιι
997 4830 1172 4897 ἀναστάσεως.
1184 4830 1237 4890 Καὶ
1249 4829 1377 4889 ἐπέύαλον
1392 4832 1480 4897 αὐτοῖς
1496 4828 1544 4898 τὰς
1557 4839 1664 4911 χεῖρας,

95 4943 126 4994 in
148 4958 196 4996 eos
215 4955 330 5007 manus,
342 4946 370 4993 et
384 4943 543 5013 posuerunt
561 4951 609 4990 eos
625 4935 657 4989 in
674 4932 838 4990 custodiam
891 4926 937 4987 καί
957 4926 1043 4986 ἔθεντο
1056 4922 1150 4990 αὐτοὺς
1164 4925 1202 4991 εἰς
1213 4921 1324 5004 τήρησιν
1340 4925 1376 4990 εἰς
1391 4920 1440 4995 τὴν
1453 4922 1558 5003 αὔριον·
1569 4913 1664 5000 ἦνγάρ

95 5034 301 5088 incrastinum
316 5053 324 5083 :
346 5030 501 5086 eratenim
514 5029 580 5104 jam
598 5044 727 5102 vespere.
744 5026 768 5083 0
784 5022 835 5082 im·
893 5019 991 5099 ἑσπέρα
1004 5019 1065 5090 ἤδη.
1080 5018 1117 5077 Ὠ
1131 5021 1178 5088 τῆς
1196 5013 1397 5098 ἀναισχυντίας·
1408 5014 1448 5074 ἔτι
1460 5020 1513 5076 τῶν
1528 5014 1663 5094 προτέρων

129 5241 138 5265 ³
156 5224 202 5275 Alii
216 5232 329 5277 taetantes.
