3728 5978
112 409 160 503 94
254 478 259 487 ,
454 431 485 479 S.
511 431 655 480 toauuls
683 425 869 478 cedisosi.
898 429 1064 481 nncflmn.
1092 431 1372 481 constantinop·

112 557 260 618 verborum
274 557 395 638 Christi,
411 573 437 620 et
450 561 585 640 quomodo
597 558 716 622 evenerit
734 556 764 619 id
783 554 858 636 quod
908 562 1080 643 συναγωγὰς,
1094 562 1132 644 μὴ
1147 562 1345 651 μεριμνήσητε,
1370 567 1428 633 πῶς
1456 565 1474 637 ἢ
1495 566 1523 627 τί
1539 568 1685 642 λαλήσετε·

11 687 18 700 ·
70 688 75 700 ·
98 648 234 710 dicebat:
247 652 321 711 Cum
334 664 431 712 autem
447 655 565 713 tradent
574 674 629 714 uos
641 657 674 711 in
684 653 854 731 synagogis,
909 649 1000 733 τδγδρ
1013 656 1126 734 Πνεῦμα
1139 661 1186 733 τοῦ
1207 655 1313 735 Πατρδς
1328 658 1403 732 ὐμκῦν
1419 659 1478 717 ἐστι
1497 657 1528 717 τὸ
1546 661 1685 723 λαλοῦνέν

46 749 52 762 ·
113 742 282 802 nesolliciti
293 746 357 802 sitis
369 745 515 824 quomodo
526 757 579 804 aut
588 745 664 826 quid
672 744 854 824 loquamini:
909 748 984 824 ὑμῖν.
999 745 1066 829 Ἄρα
1079 746 1210 829 ἐνεργείας
1222 748 1324 820 πολλῆς
1337 747 1479 809 munus.
1492 749 1529 810 Τί
1542 750 1629 812 δὲκαὶ
1642 753 1686 814 λέ-

111 833 234 915 Spiritus
250 839 326 893 euim
348 837 450 896 Patris
465 840 559 897 vestri
578 849 637 912 est,
653 839 704 917 qui
728 835 858 913 loquitur
908 860 962 916 γει,
985 837 1111 900 ἄκουσον·
1131 836 1271 923 Ἄρχοντες
1290 845 1338 901 τοῦ
1357 843 1424 912 λαοῦ
1443 842 1489 903 καλ
1511 843 1685 927 πρεσῦύτερσι

111 932 144 986 in
163 930 255 989 uobis.
279 928 353 1008 Ergo
374 950 501 1011 magnam
520 944 676 1012 acceperant
696 929 853 990 efficaciam.
908 937 954 991 τοῦ
968 929 1087 1013 Ἰσραήλ.
1097 929 1172 1014 Ὅρα
1185 931 1339 1014 φιλοσοφίαν
1352 933 1460 1013 ἀνδρδς,
1473 935 1683 1017 καλπῶςγέμειι

111 1018 189 1094 Quid
201 1042 266 1081 vero
279 1021 364 1100 dicat,
376 1022 461 1085 audi:
477 1026 630 1104 Principes
648 1023 750 1104 populi
770 1034 797 1080 et
812 1040 856 1081 se·
907 1021 1057 1104 παρρησίας
1080 1023 1154 1084 οὐδὲν
1179 1022 1331 1105 ὐὸριστικδν
1349 1024 1504 1105 φθέγγεται,
1517 1027 1591 1089 ἀλλὰ
1617 1030 1685 1108 μετὰ

111 1116 206 1176 niores
226 1115 333 1174 Israel.
350 1114 644 1196 Videphilosophiam
663 1114 731 1189 viri,
745 1127 771 1173 et
788 1134 854 1192 quo
907 1117 999 1193 τιμῆς·
1017 1112 1156 1197 Ἄρχοντες
1178 1120 1224 1176 τοῦ
1239 1117 1321 1192 λαοῦ,
1342 1115 1424 1199 φησί,
1443 1118 1489 1179 καλ
1509 1119 1684 1202 πρεσδύτεροι

111 1203 192 1264 modo
215 1204 316 1265 fiducia
337 1206 436 1297 plenus
459 1207 528 1266 nihil
552 1206 743 1267 contumeliose
764 1203 854 1283 dicat,
907 1211 953 1268 τοῦ
968 1206 1091 1290 Ἰσραὴλ,
1105 1212 1129 1268 εί
1142 1214 1219 1289 ἡμεῖς
1238 1208 1354 1291 σήμερον
1363 1211 1560 1292 ἀνακρινόμεθα
1573 1212 1620 1274 ἐπὶ
1639 1218 1683 1275 εὐ-

109 1296 158 1358 sed
180 1319 243 1357 cum
260 1299 361 1363 honore
376 1324 383 1356 ι
398 1303 551 1379 Principes
564 1301 682 1381 populi,
699 1297 806 1377 inquit,
826 1310 855 1358 et
908 1299 1014 1382 εργεσίερ
1028 1298 1168 1381 ἀνθρώπω
1190 1305 1313 1370 ἀσθενῶς
1328 1304 1357 1362 is
1373 1302 1426 1363 τίνι
1439 1294 1514 1381 οὗτος
1529 1303 1681 1382 σέσωσται,

109 1394 237 1451 seniores
246 1391 344 1450 lsrael
350 1415 359 1446 .·
375 1392 403 1452 9.
415 1395 449 1455 si·
457 1412 509 1451 uos
520 1393 608 1451 ltodie
616 1393 815 1472 dijudicamur
822 1393 855 1448 in
870 1391 889 1439 Ε
907 1391 1024 1471 γνωστὸν
1037 1393 1105 1475 ἔσται
1115 1404 1197 1456 πᾶσιν
1207 1397 1282 1473 ὐμῖν,
1295 1394 1342 1456 καὶ
1354 1394 1436 1457 παντὶ
1445 1398 1551 1479 τῷλσίρ
1561 1398 1681 1480 ’ίσραιίλ

110 1485 264 1566 benefacto
283 1486 409 1552 dominis
424 1486 546 1566 infirmi,
562 1489 594 1544 in
609 1505 666 1566 quo
679 1488 734 1544 iste
753 1484 855 1543 salvus
907 1485 1015 1566 Σφόδρα
1030 1489 1118 1545 αὐτῶν
1141 1486 1266 1566 γενναίοις
1288 1488 1428 1568 καθήψατο
1450 1489 1505 1550 α’πδ
1524 1495 1571 1549 τοῦ
1586 1515 1682 1573 προοι-

104 1579 208 1659 saetus
223 1591 277 1651 est,
292 1579 341 1637 10.
358 1590 457 1638 uotum
469 1582 508 1638 sit
522 1580 623 1655 vobis,
637 1591 666 1637 et
679 1579 760 1635 omni
775 1576 855 1657 plebi
907 1576 982 1655 μίσυ,
994 1577 1040 1637 καί
1053 1577 1238 1639 διεκωδώνισε·
1253 1579 1353 1657 μᾶλλον
1366 1579 1393 1638 dl
1407 1578 1523 1649 αὐτοῦς*
1532 1581 1605 1659 [καὶ]
1619 1582 1681 1642 ἀνέ-

111 1673 213 1732 lsrael.
224 1674 338 1734 Strenue
347 1672 410 1731 illos
422 1694 438 1732 a
449 1672 585 1753 principio
596 1670 753 1753 perstringit
763 1684 789 1729 et
797 1691 856 1730 car·
908 1693 993 1747 μνησε
1006 1674 1058 1731 τῶν
1071 1669 1217 1751 προτέρων,
1235 1665 1277 1730 δτι
1298 1673 1339 1730 ἐπ’
1356 1672 1492 1755 εὐεργεσίφ
1506 1671 1603 1743 αὐτοὺς
1624 1675 1681 1755 κρί·

110 1765 168 1846 pit3
179 1767 235 1824 imo
248 1765 305 1825 illis
315 1765 407 1846 priora
428 1764 628 1825 inmemoriam
641 1777 766 1840 revocat,
781 1762 857 1842 quod
907 1784 1007 1836 νουσιν,
1025 1762 1123 1824 ώσανεί
1140 1762 1228 1843 ἔλεγε·
1244 1763 1361 1843 μάλιστα
1384 1764 1432 1844 μέν
1446 1768 1528 1848 ἐχρῆν
1540 1773 1682 1848 στεφανοῦ·

110 1857 173 1916 illos
192 1857 228 1917 de
249 1856 380 1918 beneficio
395 1856 422 1915 in
433 1857 479 1937 jus
500 1870 613 1933 vocent,
635 1877 667 1916 ac
687 1855 710 1914 si
729 1854 853 1915 diceret:
908 1860 970 1915 σθαι
985 1860 1058 1936 ἡμᾶς
1072 1856 1117 1917 ἐπὶ
1128 1855 1246 1930 τούτοις,
1260 1855 1308 1916 καί
1327 1859 1362 1926 ώς
1384 1858 1521 1939 εὐεργέτας
1534 1858 1682 1942 ἀνακηρύτ-

110 1950 214 2029 Utique
226 1950 366 2030 oportebat
388 1970 436 2010 nos
454 1949 506 2009 hac
518 1949 553 2008 dc
574 1971 603 2010 re
617 1949 755 2023 coronari,
776 1961 856 2027 atque
907 1953 997 2009 τεσθαι
1007 1973 1014 1985 ·
1026 1954 1071 2009 νῦν
1086 1946 1114 2009 δὲ
1128 1948 1174 2008 καί
1189 1949 1331 2030 κρινώμεθα
1341 1948 1385 2010 iul
1397 1950 1535 2033 εὐεργεσία
1544 1949 1681 2032 ἀνθρώπω

111 2061 141 2106 ut
162 2046 295 2106 beneficos
305 2045 490 2127 promulgari3
505 2066 577 2105 nunc
597 2059 687 2105 autem
699 2045 728 2104 in
744 2046 791 2125 jus
804 2066 856 2106 vo-
908 2045 1047 2114 ἀσθενοῦς,
1065 2041 1124 2122 οὐχί
1145 2039 1284 2112 πλουσίαν,
1298 2041 1358 2122 οὐχί
1381 2042 1524 2116 δυνάσται,
1538 2043 1600 2123 οὐχί
1614 2044 1680 2104 ἐνδό-

110 2157 221 2212 camur,
235 2135 298 2214 quia
319 2134 514 2197 benefecimus
536 2134 640 2195 homini
654 2135 785 2211 infirmo,
800 2154 855 2193 non
908 2132 967 2202 ξου·
981 2133 1068 2195 καίτοι
1081 2133 1205 2215 ἐντούτῳ
1217 2132 1257 2203 τίς
1269 2133 1300 2193 δν
1310 2133 1454 2210 ὐύιίσκηνες

110 2226 230 2310 potenti,
252 2248 306 2286 nou
325 2226 411 2287 nobili
417 2249 427 2305 ς
441 2247 606 2307 quamquam
625 2238 651 2287 et
673 2226 701 2286 in
719 2225 772 2286 hoc
792 2225 855 2303 quis

109 2319 273 2381 invidisset?

148 2417 177 2473 2.
185 2415 286 2493 Magna
300 2413 431 2494 gravitate
441 2413 585 2474 exordium
599 2414 709 2496 plenum
721 2427 768 2473 est.
782 2413 854 2474 Hinc
947 2418 1054 2491 Πολλῆς
1069 2415 1216 2497 βαρύτητος
1233 2422 1251 2489 ἦ
1270 2414 1415 2496 ἐπαγγελία
1427 2413 1515 2495 γέμει.
1539 2412 1680 2474 netarum

107 2525 172 2566 vero
188 2504 338 2565 ostenditur
353 2504 425 2586 ipsos
444 2527 500 2566 sese
516 2505 595 2565 malis
609 2504 757 2586 implicare.
776 2507 854 2585 Quia
907 2503 1084 2580 δδέντεῦθεν,
1094 2504 1135 2583 δτι
1149 2505 1222 2566 αὐτοὶ
1235 2501 1555 2584 ίαυτούς.”περιπείροιισι
1567 2511 1624 2570 τοῖς
1633 2525 1680 2562 κα-

107 2602 139 2657 iu
158 2603 275 2658 nomine
294 2601 366 2660 Jesu
380 2601 492 2660 cursu·
504 2601 667 2659 Nazareni.
686 2597 770 2672 Quod
788 2598 852 2658 illos
865 2647 890 2687 Β,
906 2607 970 2666 κοῖς.
989 2597 1055 2660 Ὅτι
1075 2603 1103 2659 έν
1117 2623 1156 2680 τερ
1169 2596 1280 2677 ὀνόματι
1294 2597 1383 2672 ’ίησοῦ
1394 2597 1512 2677 Χριστοῦ
1525 2599 1573 2656 τοῦ
1588 2597 1680 2664 Ναζα-

106 2690 225 2750 maxime
238 2691 428 2770 contristabat,
445 2684 548 2770 adjicit.
563 2689 621 2749 Hoc
634 2702 706 2767 erat,
719 2689 793 2768 quod
807 2689 851 2750 di·
867 2705 887 2751 λ
907 2690 990 2771 ραίου.
999 2690 1038 2753 Ὅ
1053 2689 1169 2771 μαλιστα
1186 2689 1285 2759 αὐτοῦς·
1294 2689 1394 2762 ἐλύπει,
1408 2686 1578 2771 προστίθησι.
1594 2688 1680 2746 Τοῦτο

11 2792 42 2838 rt.
60 2781 184 2842 rocelrat
202 2780 257 2843 illis
278 2781 423 2843 Christis:
442 2783 583 2867 Quoduiu
607 2802 680 2841 aure
704 2782 848 2855 audistis,
904 2776 1135 2866 ἦνᾶραδέλεγεν
1150 2777 1680 2864 αὐτοῖςδΧριστίς·“οἠκούσατεείςτδ

103 2880 262 2956 predicate
274 2899 360 2960 super
373 2890 459 2938 tectu.
471 2880 509 2936 In
524 2880 642 2936 neruiue
654 2877 726 2936 Jesu
740 2876 851 2936 Christi
904 2868 961 2952 οὐς,
972 2875 1102 2957 κηρύξατε
1122 2876 1230 2936 ἐπὶτῶν
1244 2875 1386 2953 δωμάτων.
1396 2871 1464 2934 Ὅτι
1475 2875 1503 2933 ἐν
1517 2873 1556 2951 τῷ
1570 2869 1679 2949 ὀνόματι

104 2972 270 3043 Nazarem',
286 2991 370 3048 quem
386 2991 441 3030 uos
453 2969 657 3050 crucifixistis,
672 2989 757 3050 quem
769 2971 850 3028 Deus
904 2969 992 3043 Ἰησοῦ
1002 2970 1119 3052 Χριστοῦ
1128 2973 1174 3029 τοῦ
1181 2966 1349 3047 Ναζωραίου,
1359 2965 1386 3026 δν
1397 2968 1472 3042 ὑμεῖς
1483 2960 1679 3043 ἐσταυρώσατε,

103 3068 256 3123 suscitavit
265 3086 301 3121 ex
313 3067 450 3134 mortuis,
465 3066 497 3121 iu
508 3064 563 3120 lroc
574 3066 629 3122 iste
639 3061 740 3121 adstat
750 3081 850 3120 coram
903 3061 932 3121 δν
943 3066 958 3121 θ
971 3062 1039 3129 Θεδς
1050 3060 1155 3142 ἤγειρεν
1166 3063 1196 3121 ἐκ
1207 3064 1316 3140 νεκρῶν,
1324 3060 1353 3118 ὐν
1366 3056 1453 3137 τούτῳ
1466 3045 1679 3135 οὐτοςπαρέστη·

104 3157 188 3213 vobis
210 3175 310 3214 sanus.
326 3155 367 3214 Ne
387 3153 504 3235 putetis,
524 3153 630 3231 inquit,
651 3171 699 3210 nos
717 3152 850 3212 occultare
903 3179 948 3216 κεν
960 3153 1069 3216 ἐνώπιον
1080 3158 1153 3234 ὑμῶν
1167 3152 1251 3233 ὐγιιίς.
1259 3151 1307 3226 Μὴ
1317 3149 1453 3228 νομίσητε,
1462 3147 1553 3229 φησίν,
1562 3147 1605 3209 dm
1614 3147 1679 3228 κρύ-

103 3245 219 3325 patriam
232 3247 277 3306 vel
289 3245 450 3327 passionem.
464 3246 558 3323 Quem
570 3264 625 3304 uos
639 3243 828 3323 crucifixistis
840 3288 849 3321 ,
903 3273 1001 3326 πευμεν
1007 3247 1056 3322 vlu
1064 3245 1205 3327 πατρίδαῆ
1214 3246 1244 3306 τὸ
1249 3242 1394 3312 πάθοςὋν
1403 3237 1678 3320 ὐμεῖςδσταυρώσατε,

103 3360 189 3418 quem
203 3342 285 3399 Deus
298 3344 452 3401 suscitarit
467 3361 504 3398 ex
522 3341 660 3410 mortuis,
676 3341 709 3395 iu
723 3325 778 3397 lioc
796 3338 850 3398 ille
903 3330 1678 3423 θνθΘεδςῆγειρενέκνεκρῶν,ἐντούτῳαὐτδςπαρίσιηκεν

102 3433 203 3492 adstat
221 3454 321 3492 coram
336 3434 422 3492 vobis
434 3452 535 3491 sanus.
552 3430 654 3490 lterum
667 3431 780 3512 passio,
795 3430 847 3490 ite·
903 3434 1013 3496 ἐνώπιον
1029 3437 1103 3513 ῦμεῦν
1122 3432 1207 3514 ὐγιιίς.
1226 3430 1315 3492 Πάλιν
1327 3427 1358 3487 εδ
1373 3428 1472 3500 πάθος,
1487 3422 1569 3485 πάλιν
1583 3429 1601 3496 ἡ
1613 3423 1677 3485 ἀνέ-

1 3529 75 3592 θυγ-
102 3547 164 3585 rum
175 3526 342 3586 resurrectio.
356 3529 369 3585 ί
376 3528 474 3584 ί.Ηε“σ
488 3526 619 3605 estlapis
626 3571 635 3598 ,
653 3529 704 3605 qui
714 3529 850 3605 reproba·
903 3548 1003 3592 στασις.
1020 3523 1106 3591 Αὐτός
1129 3519 1310 3586 ίστινθλίθος
1323 3522 1337 3578 θ
1350 3512 1584 3593 ἐξουθενιυθείςύφ
1603 3514 1678 3591 ὑμῶν

102 3629 147 3675 tus
158 3629 201 3676 est
212 3638 231 3676 a
241 3620 327 3677 uobis
339 3618 565 3697 (edificantibus,
582 3619 746 3697 quifactus
758 3630 801 3676 est
816 3622 849 3676 iu
902 3622 955 3677 τῶν
969 3615 1193 3694 οἶκοδομσύντων,
1206 3617 1220 3673 θ
1233 3610 1371 3691 γενόμενος
1389 3611 1426 3676 εἰς
1435 3603 1556 3686 κεφαλὴν
1569 3601 1677 3684 γωνίας·

100 3711 306 3791 caputauguli.
318 3711 349 3769 ln
359 3709 516 3768 memoriam
528 3708 593 3788 ipsis
604 3722 712 3770 revocat
722 3708 847 3785 verbum,
864 3725 883 3771 Β
903 3708 1059 3787 Ἀνέμνησεν
1074 3705 1169 3773 αὐτοὺς
1189 3704 1235 3766 καί
1259 3703 1375 3784 ῥήματος
1396 3702 1494 3762 ἱκανοῦ,
1503 3696 1630 3777 φοῦῆσαι·
1643 3694 1677 3755 ‘0

1 3809 38 3855 tl·
53 3822 89 3856 2¹·
101 3804 176 3883 quod
187 3819 286 3866 terrore
305 3805 368 3864 illos
382 3817 478 3885 posset.
496 3804 568 3863 Nam
582 3802 640 3861 ait:
661 3804 719 3882 Qui
737 3805 849 3863 cecide-
901 3800 990 3863 πεσὼν
1004 3800 1073 3883 γδιρ,
1085 3798 1175 3880 φησίν,
1187 3797 1231 3857 ἐπί
1250 3794 1294 3854 τδν
1312 3792 1383 3854 λίθον
1397 3797 1498 3865 τοῦτον,
1514 3786 1678 3860 witmau-

100 3903 246 3980 τῖε-τειραν
262 3900 391 3979 lapidem
412 3900 505 3968 durae,
520 3897 746 3977 confringetur3
760 3917 847 3977 super
901 3917 993 3954 σεται·
1009 3896 1050 3973 ἐφ’
1067 3892 1095 3951 ὃν
1111 3892 1133 3949 δ’
1151 3889 1182 3948 δν
1196 3887 1284 3967 πέσῃ,
1297 3884 1423 3964 λικμήσει
1446 3881 1533 3941 αὐτόν.
1552 3879 1608 3940 Καὶ
1630 3880 1678 3940 οὐκ

101 4013 185 4071 quem
195 4013 267 4053 vero
280 3992 432 4066 ceciderit,
441 4000 569 4049 conteret
580 4009 655 4048 eum.
671 3992 718 4047 ίῦ.
731 3990 773 4048 Et
786 4010 847 4048 uon
901 3985 973 4045 ἔστιν
994 3987 1039 4044 ’ἐν
1054 3984 1128 4062 ἄλλῳ
1139 3981 1251 4054 οὐδενίὴ
1264 3977 1394 4058 σωτηρία.
1409 3973 1494 4041 Ποίας
1507 3972 1557 4032 olei
1571 3971 1678 4056 πλῃγδς

101 4090 196 4145 estin
214 4087 276 4144 ulio
298 4085 400 4166 aliquo
416 4083 507 4143 salus.
524 4080 625 4154 Quales
644 4095 725 4162 putas
748 4100 783 4141 ex
803 4081 848 4140 his
903 4077 995 4146 αὐτοὺς
1004 4076 1150 4157 λαμύιίνειν
1161 4077 1192 4135 ἐκ
1203 4071 1302 4133 τούτων
1315 4075 1368 4130 τῶν
1384 4067 1527 4151 ῥημάτων,
1540 4064 1615 4126 Οὔτε
1624 4063 1677 4147 γὰρ

100 4177 191 4237 verbis
205 4177 268 4237 illos
288 4177 382 4258 plagas
405 4176 560 4256 accepisse?
578 4178 641 4235 Nec
665 4180 744 4235 enim
763 4176 849 4235 aliud
901 4172 985 4251 ὄνομα
1003 4168 1093 4251 ἕτερόν
1106 4171 1180 4241 έστι,
1194 4166 1247 4227 ὐπδ
1266 4164 1311 4225 τὸν
1324 4161 1433 4242 οὐρανὸν
1450 4159 1480 4220 τδ
1495 4157 1676 4236 δεδομένσνέν

101 4288 208 4327 nomen
220 4281 264 4328 est
278 4268 414 4327 sudcoelo
429 4269 532 4327 dutum
544 4269 775 4340 lromirribus,in
789 4288 847 4348 quo
902 4263 1067 4348 ἀνθρώποις,
1091 4265 1118 4322 έν
1140 4252 1163 4343 ᾧ
1184 4260 1224 4318 δεῖ
1239 4261 1355 4328 σωθῆναι
1378 4251 1609 4333 ἡβῶ-Ἐνταῦθα
1630 4248 1676 4309 ml

101 4373 231 4440 oporteat
246 4380 298 4418 uos
311 4360 410 4420 salvos
415 4359 497 4441 fieri.
511 4358 563 4418 Hic
576 4372 602 4419 ot
616 4358 743 4420 sublimia
758 4358 848 4437 loqui-
901 4358 991 4439 ὑψηλὰ
1011 4355 1160 4438 φθέγγεται.
1181 4344 1445 4430 ⁰01²V*lll¹i²ll*d
1459 4335 1476 4426 d
1491 4368 1519 4404 τί
1537 4345 1678 4423 Χαῖθθθῶ·

100 4465 154 4512 tur.
168 4451 286 4524 Quando
298 4451 369 4510 enim
383 4472 435 4511 non
449 4465 489 4511 est
503 4450 610 4545 aliprld
623 4451 751 4533 preclare
764 4471 847 4531 agen·
902 4474 963 4526 σαι,
984 4449 1054 4511 ἀλλὰ
1067 4443 1219 4529 παρρησίαν
1236 4440 1415 4510 ἐπιδείξασθαί
1436 4436 1529 4517 μόνον,
1542 4438 1574 4495 θῦ
1588 4434 1678 4517 “filib

101 4544 244 4620 dum‚sed
259 4557 362 4604 tantum
376 4562 441 4605 eom
456 4543 582 4607 libertate
596 4542 777 4623 loquendum,
792 4565 846 4604 nou
901 4567 960 4605 ται·
988 4544 1017 4601 οὐ
1033 4540 1086 4624 γδρ
1110 4536 1250 4610 ἐδεδοίκει,
1274 4533 1313 4615 μὴ
1338 4529 1440 4612 πλήξῃ·
1461 4529 1508 4590 ”l
1529 4531 1580 4589 οὐκ
1604 4518 1677 4588 ‘lm

101 4640 188 4720 parcit
205 4661 276 4699 :nou
292 4637 364 4698 enim
379 4636 507 4713 timeltnt,
526 4658 559 4697 ne
575 4637 775 4718 perstringeret.
790 4638 846 4696 Nec
903 4637 1007 4710 ἁπλῶς,
1021 4636 1054 4694 δι’
1068 4633 1165 4693 ἄλλου·
1181 4627 1256 4698 ἀλλ’,
1271 4629 1331 4688 Οὐκ
1340 4624 1411 4684 ἔστιν
1424 4625 1450 4682 έν
1464 4622 1538 4703 stip
1555 4619 1641 4680 οὐδενί
1658 4624 1676 4691 ἡ

101 4731 173 4793 dixit
195 4731 367 4814 simpliciter,
392 4733 444 4790 Per
464 4730 568 4808 alium
582 4727 643 4807 sod,
666 4731 736 4790 Non
750 4741 795 4789 est
814 4733 883 4789 iux
904 4713 1372 4808 meapte-temtutuoimtutc
1385 4713 1600 4789 σῶσαῑδῦναταῑι
1612 4717 1678 4792 ὖμθῧ

135 4930 146 4955 “
159 4930 216 4993 [καί
232 4930 328 4980 omittit
339 4929 382 4992 D„
399 4925 501 4977 inclusit
513 4924 635 4977 Commcl.
647 4942 744 4992 nosque
762 4923 863 4990 sentiti]
947 4924 959 4952 ⁸
974 4925 1037 4994 [γάρ
1049 4921 1120 4972 aliast
1132 4937 1146 4968 a
1160 4920 1192 4971 D.
1206 4916 1281 4969 Unde
1292 4912 1460 4991 inclusimus]

135 5008 204 5058 ‘llic
216 5006 332 5074 quaedam
344 5005 418 5057 addit
436 5005 568 5058 llorcllus‚
579 5022 633 5071 quae
647 5005 672 5056 in
688 5003 743 5055 uliis
755 5022 805 5056 non
818 5001 862 5054 lra·
946 5005 959 5041 b
972 5004 1030 5068 [Ita
1043 5003 1074 5052 D.
1093 5012 1119 5050 et
1136 5000 1269 5056 Erasmus,
1284 4993 1324 5043 ille
1345 5005 1428 5042 tamen
1446 4991 1471 5040 iu
1490 4993 1573 5050 οὕτως,
1592 4988 1633 5039 liic
1651 4991 1676 5039 iu

102 5088 202 5151 liuntur,
214 5100 240 5136 et
251 5088 339 5137 seriem
351 5082 533 5137 interturbant.
548 5082 636 5150 [Paulo
645 5095 704 5134 onte
716 5086 744 5137 Α.
757 5087 784 5133 B.
797 5083 826 5135 C.
838 5093 863 5132 et
913 5089 972 5150 ὑμᾶς
991 5081 1146 5132 aberrantes.
1163 5077 1253 5128 Ceteri
1271 5071 1339 5124 Editi
1359 5083 1384 5121 et
1402 5065 1487 5121 Codd.
1502 5073 1624 5132 εουεῖστιν,
1636 5070 1673 5120 οὐ·

86 5165 178 5218 'Suvil
188 5175 261 5232 γέμει,
271 5173 310 5217 καὶ
318 5170 461 5217 δείκνυσινθτι
472 5170 535 5217 αὐτοὶ
545 5168 564 5215 ί,
576 5164 607 5213 Ι).
616 5167 726 5216 δείκνυται
737 5161 863 5227 lemme-l
912 5187 992 5224 roe...
1007 5168 1105 5215 δύναται.
1117 5162 1193 5225 Ταύτῃ
1204 5165 1244 5209 τθν
1255 5159 1321 5224 φύῦον
1331 5158 1404 5207 αὐτῶν
1415 5149 1567 5213 surdastris]

131 5260 141 5285 ¹
159 5244 225 5295 Alius
237 5254 259 5298 tr
271 5251 333 5312 εῖλλῳ
346 5252 359 5304 ἡ
372 5253 479 5315 σωτηρία.
1602 5242 1605 5252 ’
