<?xml version="1.0" encoding="UTF-8"?>
<!DOCTYPE html PUBLIC "-//W3C//DTD XHTML 1.0 Transitional//EN"
    "http://www.w3.org/TR/xhtml1/DTD/xhtml1-transitional.dtd">
<html xmlns="http://www.w3.org/1999/xhtml" xml:lang="en" lang="en">
 <head>
  <title>
</title>
<meta http-equiv="Content-Type" content="text/html;charset=utf-8" />
  <meta name='ocr-system' content='tesseract 3.04.00' />
  <meta name='ocr-capabilities' content='ocr_page ocr_carea ocr_par ocr_line ocrx_word'/>
</head>
<body>
  <div class='ocr_page' id='page_1' title='image "./sanctipatrisnos01chrygoog_0656.png"; bbox 0 0 3728 5978; ppageno 0'>
   <div class='ocr_carea' id='block_1_1' title="bbox 559 401 1639 477">
    <p class='ocr_par' dir='ltr' id='par_1_1' title="bbox 559 401 1639 477">
     <span class='ocr_line' id='line_1_1' title="bbox 559 401 1639 477; baseline 0.003 -4"><span class='ocrx_word' id='word_1_1' title='bbox 559 427 593 473; x_wconf 85' lang='lat' dir='ltr'>ru</span> <span class='ocrx_word' id='word_1_2' title='bbox 619 424 728 473; x_wconf 79' lang='lat' dir='ltr'>eursu.</span> <span class='ocrx_word' id='word_1_3' title='bbox 754 419 804 473; x_wconf 74' lang='lat' dir='ltr'>aa</span> <span class='ocrx_word' id='word_1_4' title='bbox 825 418 911 473; x_wconf 78' lang='lat' dir='ltr'>rou.</span> <span class='ocrx_word' id='word_1_5' title='bbox 940 421 1058 472; x_wconf 71' lang='lat' dir='ltr'>nourr.</span> <span class='ocrx_word' id='word_1_6' title='bbox 1086 424 1161 473; x_wconf 83' lang='lat' dir='ltr'>rur.</span> <span class='ocrx_word' id='word_1_7' title='bbox 1566 401 1639 477; x_wconf 79' lang='lat'>615</span> 
     </span>
    </p>
   </div>
   <div class='ocr_carea' id='block_1_2' title="bbox 62 539 1643 5066">
    <p class='ocr_par' dir='ltr' id='par_1_2' title="bbox 62 539 1643 5066">
     <span class='ocr_line' id='line_1_2' title="bbox 65 539 1637 630; baseline 0.001 -22"><span class='ocrx_word' id='word_1_8' title='bbox 65 542 134 623; x_wconf 70' lang='grc' dir='ltr'>ἦσαν</span> <span class='ocrx_word' id='word_1_9' title='bbox 146 548 440 630; x_wconf 73' lang='grc' dir='ltr'>άξιυιδυῦναι.”Ωσπερ</span> <span class='ocrx_word' id='word_1_10' title='bbox 453 539 632 629; x_wconf 57' lang='lat' dir='ltr'>stationem</span> <span class='ocrx_word' id='word_1_11' title='bbox 644 546 735 628; x_wconf 76' lang='grc' dir='ltr'>ἐλσγι,</span> <span class='ocrx_word' id='word_1_12' title='bbox 751 545 840 626; x_wconf 76' lang='grc' dir='ltr'>Χωρθς</span> <span class='ocrx_word' id='word_1_13' title='bbox 896 545 1074 625; x_wconf 83' lang='lat' dir='ltr'>apostolicum</span> <span class='ocrx_word' id='word_1_14' title='bbox 1094 545 1409 628; x_wconf 68' lang='lat' dir='ltr'>scopum—respiciamus,</span> <span class='ocrx_word' id='word_1_15' title='bbox 1426 545 1566 628; x_wconf 69' lang='lat' dir='ltr'>innumera</span> <span class='ocrx_word' id='word_1_16' title='bbox 1586 550 1637 609; x_wconf 87' lang='lat' dir='ltr'>ab·</span> 
     </span>
     <span class='ocr_line' id='line_1_3' title="bbox 62 634 1638 724; baseline -0.001 -23"><span class='ocrx_word' id='word_1_17' title='bbox 62 642 117 722; x_wconf 81' lang='grc' dir='ltr'>γθρ</span> <span class='ocrx_word' id='word_1_18' title='bbox 136 643 216 720; x_wconf 86' lang='grc' dir='ltr'>νόμου</span> <span class='ocrx_word' id='word_1_19' title='bbox 232 642 350 722; x_wconf 77' lang='grc' dir='ltr'>ἁμαρτία</span> <span class='ocrx_word' id='word_1_20' title='bbox 364 642 456 724; x_wconf 83' lang='grc' dir='ltr'>νεκρά·</span> <span class='ocrx_word' id='word_1_21' title='bbox 469 645 500 702; x_wconf 84' lang='grc' dir='ltr'>οὐ</span> <span class='ocrx_word' id='word_1_22' title='bbox 526 648 601 702; x_wconf 72' lang='grc' dir='ltr'>τοῦτο</span> <span class='ocrx_word' id='word_1_23' title='bbox 617 643 715 715; x_wconf 84' lang='grc' dir='ltr'>δηλῶν,</span> <span class='ocrx_word' id='word_1_24' title='bbox 730 638 772 700; x_wconf 84' lang='grc' dir='ltr'>δτι</span> <span class='ocrx_word' id='word_1_25' title='bbox 793 640 840 699; x_wconf 80' lang='grc' dir='ltr'>οὐκ</span> <span class='ocrx_word' id='word_1_26' title='bbox 894 634 978 695; x_wconf 84' lang='lat' dir='ltr'>surda</span> <span class='ocrx_word' id='word_1_27' title='bbox 991 650 1138 715; x_wconf 83' lang='lat' dir='ltr'>sequutura</span> <span class='ocrx_word' id='word_1_28' title='bbox 1151 636 1226 698; x_wconf 79' lang='lat' dir='ltr'>sint?</span> <span class='ocrx_word' id='word_1_29' title='bbox 1244 638 1275 698; x_wconf 87' lang='lat' dir='ltr'>Si</span> <span class='ocrx_word' id='word_1_30' title='bbox 1288 638 1360 699; x_wconf 90' lang='lat' dir='ltr'>euim</span> <span class='ocrx_word' id='word_1_31' title='bbox 1374 639 1525 718; x_wconf 71' lang='lat' dir='ltr'>ignorantes</span> <span class='ocrx_word' id='word_1_32' title='bbox 1542 660 1638 721; x_wconf 86' lang='lat' dir='ltr'>pecca·</span> 
     </span>
     <span class='ocr_line' id='line_1_4' title="bbox 63 727 1638 815; baseline 0.001 -23"><span class='ocrx_word' id='word_1_33' title='bbox 63 734 162 814; x_wconf 80' lang='grc' dir='ltr'>ᾔδεσαν</span> <span class='ocrx_word' id='word_1_34' title='bbox 176 735 454 815; x_wconf 77' lang='grc' dir='ltr'>άμαρτάνυντες,θλλ’</span> <span class='ocrx_word' id='word_1_35' title='bbox 467 733 617 808; x_wconf 78' lang='grc' dir='ltr'>δτιήδεσαν</span> <span class='ocrx_word' id='word_1_36' title='bbox 632 731 690 811; x_wconf 78' lang='grc' dir='ltr'>μίν,</span> <span class='ocrx_word' id='word_1_37' title='bbox 708 733 759 811; x_wconf 81' lang='grc' dir='ltr'>οὐχ</span> <span class='ocrx_word' id='word_1_38' title='bbox 771 730 839 790; x_wconf 78' lang='grc' dir='ltr'>οὕτω</span> <span class='ocrx_word' id='word_1_39' title='bbox 895 727 971 806; x_wconf 84' lang='lat' dir='ltr'>bant,</span> <span class='ocrx_word' id='word_1_40' title='bbox 989 751 1037 788; x_wconf 88' lang='lat' dir='ltr'>nec</span> <span class='ocrx_word' id='word_1_41' title='bbox 1057 751 1148 811; x_wconf 87' lang='lat' dir='ltr'>poenas</span> <span class='ocrx_word' id='word_1_42' title='bbox 1172 729 1236 791; x_wconf 86' lang='lat' dir='ltr'>dare</span> <span class='ocrx_word' id='word_1_43' title='bbox 1257 730 1401 792; x_wconf 86' lang='lat' dir='ltr'>debebant.</span> <span class='ocrx_word' id='word_1_44' title='bbox 1428 733 1468 792; x_wconf 89' lang='lat' dir='ltr'>Ut</span> <span class='ocrx_word' id='word_1_45' title='bbox 1487 731 1572 813; x_wconf 85' lang='lat' dir='ltr'>igitur</span> <span class='ocrx_word' id='word_1_46' title='bbox 1590 733 1638 795; x_wconf 80' lang='lat' dir='ltr'>ilie</span> 
     </span>
     <span class='ocr_line' id='line_1_5' title="bbox 64 822 1637 907; baseline 0.004 -25"><span class='ocrx_word' id='word_1_47' title='bbox 64 823 95 885; x_wconf 80' lang='grc' dir='ltr'>δὲ</span> <span class='ocrx_word' id='word_1_48' title='bbox 106 823 236 906; x_wconf 76' lang='grc' dir='ltr'>άκριὸῶς·</span> <span class='ocrx_word' id='word_1_49' title='bbox 251 823 342 906; x_wconf 76' lang='grc' dir='ltr'>διόπερ</span> <span class='ocrx_word' id='word_1_50' title='bbox 356 825 510 893; x_wconf 83' lang='grc' dir='ltr'>ἐκολάζοντο</span> <span class='ocrx_word' id='word_1_51' title='bbox 522 824 582 902; x_wconf 82' lang='grc' dir='ltr'>μὲν,</span> <span class='ocrx_word' id='word_1_52' title='bbox 597 828 647 904; x_wconf 74' lang='grc' dir='ltr'>οὐχ</span> <span class='ocrx_word' id='word_1_53' title='bbox 656 822 724 884; x_wconf 75' lang='grc' dir='ltr'>οὕτω</span> <span class='ocrx_word' id='word_1_54' title='bbox 736 822 764 881; x_wconf 81' lang='grc' dir='ltr'>δέ</span> <span class='ocrx_word' id='word_1_55' title='bbox 776 847 838 903; x_wconf 85' lang='grc' dir='ltr'>σφυ-</span> <span class='ocrx_word' id='word_1_56' title='bbox 894 824 1018 904; x_wconf 89' lang='lat' dir='ltr'>superius</span> <span class='ocrx_word' id='word_1_57' title='bbox 1026 822 1132 884; x_wconf 88' lang='lat' dir='ltr'>dicebat</span> <span class='ocrx_word' id='word_1_58' title='bbox 1144 850 1150 882; x_wconf 92' lang='lat'>:</span> <span class='ocrx_word' id='word_1_59' title='bbox 1162 825 1229 886; x_wconf 85' lang='lat' dir='ltr'>Sine</span> <span class='ocrx_word' id='word_1_60' title='bbox 1239 827 1302 907; x_wconf 79' lang='lat' dir='ltr'>lege</span> <span class='ocrx_word' id='word_1_61' title='bbox 1312 831 1389 886; x_wconf 85' lang='lat' dir='ltr'>euim</span> <span class='ocrx_word' id='word_1_62' title='bbox 1398 840 1551 906; x_wconf 82' lang='lat' dir='ltr'>peccatum</span> <span class='ocrx_word' id='word_1_63' title='bbox 1562 849 1637 889; x_wconf 87' lang='lat' dir='ltr'>mor·</span> 
     </span>
     <span class='ocr_line' id='line_1_6' title="bbox 64 915 1637 998; baseline 0.005 -23"><span class='ocrx_word' id='word_1_64' title='bbox 64 918 150 996; x_wconf 83' lang='grc' dir='ltr'>δφῶς·</span> <span class='ocrx_word' id='word_1_65' title='bbox 169 916 214 976; x_wconf 81' lang='grc' dir='ltr'>καὶ</span> <span class='ocrx_word' id='word_1_66' title='bbox 228 916 318 991; x_wconf 89' lang='grc' dir='ltr'>πάλιν,</span> <span class='ocrx_word' id='word_1_67' title='bbox 333 916 392 990; x_wconf 80' lang='grc' dir='ltr'>Τήν</span> <span class='ocrx_word' id='word_1_68' title='bbox 415 917 555 996; x_wconf 70' lang='grc' dir='ltr'>ἐπιθυμίαν</span> <span class='ocrx_word' id='word_1_69' title='bbox 569 921 616 977; x_wconf 78' lang='grc' dir='ltr'>οὐκ</span> <span class='ocrx_word' id='word_1_70' title='bbox 636 916 720 997; x_wconf 79' lang='grc' dir='ltr'>ᾔδειν,</span> <span class='ocrx_word' id='word_1_71' title='bbox 738 919 768 974; x_wconf 82' lang='grc' dir='ltr'>οὐ</span> <span class='ocrx_word' id='word_1_72' title='bbox 790 915 838 989; x_wconf 74' lang='grc' dir='ltr'>τήν</span> <span class='ocrx_word' id='word_1_73' title='bbox 855 933 875 980; x_wconf 82' lang='lat' dir='ltr'>c</span> <span class='ocrx_word' id='word_1_74' title='bbox 894 928 976 975; x_wconf 84' lang='lat' dir='ltr'>tuum</span> <span class='ocrx_word' id='word_1_75' title='bbox 991 932 1032 976; x_wconf 87' lang='lat' dir='ltr'>est</span> <span class='ocrx_word' id='word_1_76' title='bbox 1043 942 1054 984; x_wconf 91' lang='lat'>,·</span> <span class='ocrx_word' id='word_1_77' title='bbox 1066 939 1119 976; x_wconf 93' lang='lat' dir='ltr'>non</span> <span class='ocrx_word' id='word_1_78' title='bbox 1129 918 1181 977; x_wconf 87' lang='lat' dir='ltr'>hoc</span> <span class='ocrx_word' id='word_1_79' title='bbox 1193 917 1343 996; x_wconf 85' lang='lat' dir='ltr'>declarans,</span> <span class='ocrx_word' id='word_1_80' title='bbox 1356 919 1431 998; x_wconf 91' lang='lat' dir='ltr'>quod</span> <span class='ocrx_word' id='word_1_81' title='bbox 1440 919 1482 979; x_wconf 91' lang='lat' dir='ltr'>illi</span> <span class='ocrx_word' id='word_1_82' title='bbox 1491 921 1637 995; x_wconf 84' lang='lat' dir='ltr'>nescientes</span> 
     </span>
     <span class='ocr_line' id='line_1_7' title="bbox 62 1006 1636 1089; baseline 0.004 -22"><span class='ocrx_word' id='word_1_83' title='bbox 62 1007 176 1067; x_wconf 79' lang='grc' dir='ltr'>καθυλυι</span> <span class='ocrx_word' id='word_1_84' title='bbox 188 1006 296 1086; x_wconf 80' lang='grc' dir='ltr'>ἄγνοιαν</span> <span class='ocrx_word' id='word_1_85' title='bbox 310 1009 407 1081; x_wconf 86' lang='grc' dir='ltr'>δηλῶν,</span> <span class='ocrx_word' id='word_1_86' title='bbox 421 1006 490 1068; x_wconf 74' lang='grc' dir='ltr'>ἀλλὰ</span> <span class='ocrx_word' id='word_1_87' title='bbox 502 1007 551 1080; x_wconf 83' lang='grc' dir='ltr'>τήν</span> <span class='ocrx_word' id='word_1_88' title='bbox 563 1007 730 1089; x_wconf 68' lang='grc' dir='ltr'>σαφεστάτην</span> <span class='ocrx_word' id='word_1_89' title='bbox 742 1012 838 1085; x_wconf 85' lang='grc' dir='ltr'>γνῶσιν</span> <span class='ocrx_word' id='word_1_90' title='bbox 893 1020 1044 1086; x_wconf 80' lang='lat' dir='ltr'>peccarent,</span> <span class='ocrx_word' id='word_1_91' title='bbox 1065 1007 1113 1068; x_wconf 88' lang='lat' dir='ltr'>sed</span> <span class='ocrx_word' id='word_1_92' title='bbox 1126 1009 1199 1087; x_wconf 90' lang='lat' dir='ltr'>quod</span> <span class='ocrx_word' id='word_1_93' title='bbox 1213 1009 1311 1069; x_wconf 81' lang='lat' dir='ltr'>scireut</span> <span class='ocrx_word' id='word_1_94' title='bbox 1325 1011 1447 1088; x_wconf 87' lang='lat' dir='ltr'>quidem,</span> <span class='ocrx_word' id='word_1_95' title='bbox 1467 1025 1495 1072; x_wconf 91' lang='lat' dir='ltr'>at</span> <span class='ocrx_word' id='word_1_96' title='bbox 1510 1033 1564 1072; x_wconf 91' lang='lat' dir='ltr'>nou</span> <span class='ocrx_word' id='word_1_97' title='bbox 1582 1028 1636 1073; x_wconf 87' lang='lat' dir='ltr'>tam</span> 
     </span>
     <span class='ocr_line' id='line_1_8' title="bbox 64 1098 1637 1182; baseline 0.004 -24"><span class='ocrx_word' id='word_1_98' title='bbox 64 1100 215 1181; x_wconf 66' lang='grc' dir='ltr'>ἐμφαίνων</span> <span class='ocrx_word' id='word_1_99' title='bbox 227 1099 302 1179; x_wconf 82' lang='grc' dir='ltr'>ίλεγε</span> <span class='ocrx_word' id='word_1_100' title='bbox 316 1098 358 1174; x_wconf 75' lang='grc' dir='ltr'>δὲ,</span> <span class='ocrx_word' id='word_1_101' title='bbox 369 1099 410 1160; x_wconf 76' lang='lat' dir='ltr'>dri</span> <span class='ocrx_word' id='word_1_102' title='bbox 423 1099 624 1181; x_wconf 87' lang='grc' dir='ltr'>Κατειφγάσατυ</span> <span class='ocrx_word' id='word_1_103' title='bbox 633 1103 660 1159; x_wconf 89' lang='grc' dir='ltr'>ἐν</span> <span class='ocrx_word' id='word_1_104' title='bbox 671 1099 731 1179; x_wconf 74' lang='grc' dir='ltr'>ἐμοὶ</span> <span class='ocrx_word' id='word_1_105' title='bbox 749 1107 837 1160; x_wconf 78' lang='grc' dir='ltr'>πᾶσαν</span> <span class='ocrx_word' id='word_1_106' title='bbox 893 1113 1015 1158; x_wconf 88' lang='lat' dir='ltr'>accurate</span> <span class='ocrx_word' id='word_1_107' title='bbox 1029 1099 1162 1179; x_wconf 88' lang='lat' dir='ltr'>:ideoque</span> <span class='ocrx_word' id='word_1_108' title='bbox 1178 1101 1360 1182; x_wconf 81' lang='lat' dir='ltr'>puniebantur</span> <span class='ocrx_word' id='word_1_109' title='bbox 1381 1102 1501 1181; x_wconf 86' lang='lat' dir='ltr'>quidem,</span> <span class='ocrx_word' id='word_1_110' title='bbox 1520 1102 1568 1165; x_wconf 81' lang='lat' dir='ltr'>sed</span> <span class='ocrx_word' id='word_1_111' title='bbox 1583 1125 1637 1165; x_wconf 87' lang='lat' dir='ltr'>uon</span> 
     </span>
     <span class='ocr_line' id='line_1_9' title="bbox 63 1190 1638 1273; baseline 0.003 -23"><span class='ocrx_word' id='word_1_112' title='bbox 63 1190 257 1269; x_wconf 61' lang='grc' dir='ltr'>ἐπιθυμίαικαὶ</span> <span class='ocrx_word' id='word_1_113' title='bbox 270 1191 452 1270; x_wconf 82' lang='grc' dir='ltr'>τοῦτσλίγων,</span> <span class='ocrx_word' id='word_1_114' title='bbox 466 1190 506 1251; x_wconf 84' lang='grc' dir='ltr'>δτι</span> <span class='ocrx_word' id='word_1_115' title='bbox 529 1197 547 1265; x_wconf 81' lang='grc' dir='ltr'>ἡ</span> <span class='ocrx_word' id='word_1_116' title='bbox 574 1192 665 1266; x_wconf 81' lang='grc' dir='ltr'>ἐντολή</span> <span class='ocrx_word' id='word_1_117' title='bbox 688 1191 737 1266; x_wconf 83' lang='grc' dir='ltr'>τήν</span> <span class='ocrx_word' id='word_1_118' title='bbox 751 1193 840 1253; x_wconf 80' lang='grc' dir='ltr'>ἐπιθυ·</span> <span class='ocrx_word' id='word_1_119' title='bbox 894 1201 949 1249; x_wconf 91' lang='lat' dir='ltr'>tam</span> <span class='ocrx_word' id='word_1_120' title='bbox 961 1192 1056 1251; x_wconf 79' lang='lat' dir='ltr'>acerbe</span> <span class='ocrx_word' id='word_1_121' title='bbox 1067 1216 1073 1251; x_wconf 76' lang='grc' dir='ltr'>ι</span> <span class='ocrx_word' id='word_1_122' title='bbox 1084 1212 1116 1250; x_wconf 86' lang='lat' dir='ltr'>ac</span> <span class='ocrx_word' id='word_1_123' title='bbox 1126 1213 1245 1268; x_wconf 88' lang='lat' dir='ltr'>rursum,</span> <span class='ocrx_word' id='word_1_124' title='bbox 1260 1195 1533 1273; x_wconf 84' lang='lat' dir='ltr'>Concupiscentiam</span> <span class='ocrx_word' id='word_1_125' title='bbox 1546 1200 1638 1255; x_wconf 84' lang='lat' dir='ltr'>nesci·</span> 
     </span>
     <span class='ocr_line' id='line_1_10' title="bbox 64 1281 1636 1366; baseline 0.004 -26"><span class='ocrx_word' id='word_1_126' title='bbox 64 1282 131 1359; x_wconf 86' lang='grc' dir='ltr'>μίαν</span> <span class='ocrx_word' id='word_1_127' title='bbox 143 1283 274 1358; x_wconf 82' lang='grc' dir='ltr'>ἐποίησεν,</span> <span class='ocrx_word' id='word_1_128' title='bbox 287 1285 346 1342; x_wconf 80' lang='grc' dir='ltr'>ἀλλ’</span> <span class='ocrx_word' id='word_1_129' title='bbox 356 1283 397 1344; x_wconf 85' lang='grc' dir='ltr'>θτι</span> <span class='ocrx_word' id='word_1_130' title='bbox 415 1283 463 1356; x_wconf 82' lang='grc' dir='ltr'>τήν</span> <span class='ocrx_word' id='word_1_131' title='bbox 478 1282 598 1344; x_wconf 77' lang='grc' dir='ltr'>ἐπίτασιν</span> <span class='ocrx_word' id='word_1_132' title='bbox 608 1287 657 1355; x_wconf 80' lang='grc' dir='ltr'>τῆς</span> <span class='ocrx_word' id='word_1_133' title='bbox 669 1281 809 1361; x_wconf 82' lang='grc' dir='ltr'>ἐπιθυμίας</span> <span class='ocrx_word' id='word_1_134' title='bbox 822 1289 840 1357; x_wconf 81' lang='grc' dir='ltr'>ἡ</span> <span class='ocrx_word' id='word_1_135' title='bbox 896 1285 1012 1353; x_wconf 65' lang='lat' dir='ltr'>iissem</span> <span class='ocrx_word' id='word_1_136' title='bbox 1022 1304 1076 1343; x_wconf 91' lang='lat' dir='ltr'>uon</span> <span class='ocrx_word' id='word_1_137' title='bbox 1087 1284 1271 1344; x_wconf 83' lang='lat' dir='ltr'><strong>omnimodam</strong></span> <span class='ocrx_word' id='word_1_138' title='bbox 1279 1285 1460 1365; x_wconf 80' lang='lat' dir='ltr'>ignorantiam</span> <span class='ocrx_word' id='word_1_139' title='bbox 1471 1286 1636 1366; x_wconf 84' lang='lat' dir='ltr'>significans,</span> 
     </span>
     <span class='ocr_line' id='line_1_11' title="bbox 66 1372 1635 1458; baseline 0.005 -25"><span class='ocrx_word' id='word_1_140' title='bbox 66 1374 187 1456; x_wconf 76' lang='grc' dir='ltr'>ἁμαρτία</span> <span class='ocrx_word' id='word_1_141' title='bbox 203 1374 247 1435; x_wconf 88' lang='grc' dir='ltr'>διδι</span> <span class='ocrx_word' id='word_1_142' title='bbox 264 1380 312 1447; x_wconf 75' lang='grc' dir='ltr'>τῆς</span> <span class='ocrx_word' id='word_1_143' title='bbox 326 1377 433 1448; x_wconf 77' lang='grc' dir='ltr'>ἐντολῆς</span> <span class='ocrx_word' id='word_1_144' title='bbox 455 1374 644 1455; x_wconf 86' lang='grc' dir='ltr'>ἐπεισήγαγεν·</span> <span class='ocrx_word' id='word_1_145' title='bbox 660 1374 729 1435; x_wconf 81' lang='grc' dir='ltr'>υθτω</span> <span class='ocrx_word' id='word_1_146' title='bbox 741 1375 787 1435; x_wconf 77' lang='grc' dir='ltr'>καὶ</span> <span class='ocrx_word' id='word_1_147' title='bbox 800 1378 841 1435; x_wconf 82' lang='grc' dir='ltr'>ἐν·</span> <span class='ocrx_word' id='word_1_148' title='bbox 894 1372 941 1432; x_wconf 84' lang='lat' dir='ltr'>sed</span> <span class='ocrx_word' id='word_1_149' title='bbox 954 1375 1133 1437; x_wconf 83' lang='lat' dir='ltr'>clarissimam</span> <span class='ocrx_word' id='word_1_150' title='bbox 1147 1378 1327 1458; x_wconf 78' lang='lat' dir='ltr'>cognitionem</span> <span class='ocrx_word' id='word_1_151' title='bbox 1339 1398 1393 1439; x_wconf 91' lang='lat' dir='ltr'>uon</span> <span class='ocrx_word' id='word_1_152' title='bbox 1411 1379 1529 1440; x_wconf 83' lang='lat' dir='ltr'>adfuisse</span> <span class='ocrx_word' id='word_1_153' title='bbox 1547 1381 1635 1442; x_wconf 90' lang='lat' dir='ltr'>deno-</span> 
     </span>
     <span class='ocr_line' id='line_1_12' title="bbox 65 1466 1635 1550; baseline 0.004 -25"><span class='ocrx_word' id='word_1_154' title='bbox 65 1472 152 1526; x_wconf 78' lang='grc' dir='ltr'>ταῦθα</span> <span class='ocrx_word' id='word_1_155' title='bbox 167 1471 196 1527; x_wconf 84' lang='grc' dir='ltr'>σθ</span> <span class='ocrx_word' id='word_1_156' title='bbox 210 1467 257 1540; x_wconf 75' lang='grc' dir='ltr'>τήν</span> <span class='ocrx_word' id='word_1_157' title='bbox 270 1469 380 1528; x_wconf 62' lang='lat' dir='ltr'>sucoso</span> <span class='ocrx_word' id='word_1_158' title='bbox 396 1468 502 1547; x_wconf 78' lang='grc' dir='ltr'>ἄγνοιαν</span> <span class='ocrx_word' id='word_1_159' title='bbox 517 1469 604 1542; x_wconf 76' lang='grc' dir='ltr'>δήλυῖ,</span> <span class='ocrx_word' id='word_1_160' title='bbox 622 1467 718 1548; x_wconf 88' lang='grc' dir='ltr'>λίγων,</span> <span class='ocrx_word' id='word_1_161' title='bbox 733 1466 771 1527; x_wconf 85' lang='grc' dir='ltr'><strong>Ὃ</strong></span> <span class='ocrx_word' id='word_1_162' title='bbox 790 1467 842 1548; x_wconf 74' lang='grc' dir='ltr'>γάρ</span> <span class='ocrx_word' id='word_1_163' title='bbox 894 1477 953 1524; x_wconf 89' lang='lat' dir='ltr'>tans</span> <span class='ocrx_word' id='word_1_164' title='bbox 964 1488 971 1522; x_wconf 77' lang='grc' dir='ltr'>ι</span> <span class='ocrx_word' id='word_1_165' title='bbox 981 1466 1119 1547; x_wconf 84' lang='lat' dir='ltr'>dixitque,</span> <span class='ocrx_word' id='word_1_166' title='bbox 1135 1472 1265 1550; x_wconf 79' lang='lat' dir='ltr'>operata</span> <span class='ocrx_word' id='word_1_167' title='bbox 1276 1483 1320 1529; x_wconf 84' lang='lat' dir='ltr'>est</span> <span class='ocrx_word' id='word_1_168' title='bbox 1333 1474 1365 1530; x_wconf 85' lang='lat' dir='ltr'>in</span> <span class='ocrx_word' id='word_1_169' title='bbox 1376 1492 1422 1531; x_wconf 82' lang='lat' dir='ltr'>ote</span> <span class='ocrx_word' id='word_1_170' title='bbox 1437 1492 1551 1532; x_wconf 82' lang='lat' dir='ltr'>omnem</span> <span class='ocrx_word' id='word_1_171' title='bbox 1563 1493 1635 1532; x_wconf 82' lang='lat' dir='ltr'>con-</span> 
     </span>
     <span class='ocr_line' id='line_1_13' title="bbox 66 1559 1639 1646; baseline 0.006 -27"><span class='ocrx_word' id='word_1_172' title='bbox 66 1559 279 1641; x_wconf 82' lang='grc' dir='ltr'>κατεφγάζυμαι,</span> <span class='ocrx_word' id='word_1_173' title='bbox 301 1564 330 1620; x_wconf 85' lang='grc' dir='ltr'>σθ</span> <span class='ocrx_word' id='word_1_174' title='bbox 351 1561 489 1641; x_wconf 81' lang='grc' dir='ltr'>γινώσκω·</span> <span class='ocrx_word' id='word_1_175' title='bbox 503 1562 561 1621; x_wconf 80' lang='grc' dir='ltr'>ἐπεὶ</span> <span class='ocrx_word' id='word_1_176' title='bbox 582 1566 639 1630; x_wconf 80' lang='grc' dir='ltr'>πῶς</span> <span class='ocrx_word' id='word_1_177' title='bbox 663 1561 789 1630; x_wconf 76' lang='grc' dir='ltr'>συνήδετο</span> <span class='ocrx_word' id='word_1_178' title='bbox 802 1564 841 1641; x_wconf 79' lang='grc' dir='ltr'>τῷ</span> <span class='ocrx_word' id='word_1_179' title='bbox 893 1565 1106 1641; x_wconf 83' lang='lat' dir='ltr'>cupiscentiam</span> <span class='ocrx_word' id='word_1_180' title='bbox 1113 1589 1125 1634; x_wconf 89' lang='grc'>,·</span> <span class='ocrx_word' id='word_1_181' title='bbox 1147 1585 1201 1624; x_wconf 81' lang='grc' dir='ltr'>οων</span> <span class='ocrx_word' id='word_1_182' title='bbox 1218 1565 1271 1624; x_wconf 90' lang='lat' dir='ltr'>hoc</span> <span class='ocrx_word' id='word_1_183' title='bbox 1283 1586 1374 1642; x_wconf 91' lang='lat' dir='ltr'>sensu,</span> <span class='ocrx_word' id='word_1_184' title='bbox 1390 1566 1464 1646; x_wconf 88' lang='lat' dir='ltr'>quod</span> <span class='ocrx_word' id='word_1_185' title='bbox 1478 1567 1639 1629; x_wconf 88' lang='lat' dir='ltr'>mandatum</span> 
     </span>
     <span class='ocr_line' id='line_1_14' title="bbox 67 1644 1638 1741; baseline 0.007 -31"><span class='ocrx_word' id='word_1_186' title='bbox 67 1653 143 1733; x_wconf 83' lang='grc' dir='ltr'>νόμῳ</span> <span class='ocrx_word' id='word_1_187' title='bbox 153 1659 200 1712; x_wconf 79' lang='grc' dir='ltr'>τοῦ</span> <span class='ocrx_word' id='word_1_188' title='bbox 211 1655 282 1712; x_wconf 78' lang='grc' dir='ltr'>Θεοῦ</span> <span class='ocrx_word' id='word_1_189' title='bbox 289 1651 359 1712; x_wconf 72' lang='grc' dir='ltr'>κατά</span> <span class='ocrx_word' id='word_1_190' title='bbox 367 1653 411 1711; x_wconf 82' lang='grc' dir='ltr'>τὸν</span> <span class='ocrx_word' id='word_1_191' title='bbox 427 1651 480 1712; x_wconf 86' lang='grc' dir='ltr'>ἔσω</span> <span class='ocrx_word' id='word_1_192' title='bbox 494 1653 646 1733; x_wconf 70' lang='grc' dir='ltr'>ἄνθρωπον,</span> <span class='ocrx_word' id='word_1_193' title='bbox 658 1652 696 1714; x_wconf 89' lang='grc' dir='ltr'>Τί</span> <span class='ocrx_word' id='word_1_194' title='bbox 705 1644 749 1714; x_wconf 70' lang='grc' dir='ltr'>οὖν</span> <span class='ocrx_word' id='word_1_195' title='bbox 760 1656 841 1737; x_wconf 85' lang='grc' dir='ltr'>ἐστιν,</span> <span class='ocrx_word' id='word_1_196' title='bbox 894 1654 1138 1733; x_wconf 78' lang='lat' dir='ltr'>concupiscentiam</span> <span class='ocrx_word' id='word_1_197' title='bbox 1150 1655 1285 1733; x_wconf 75' lang='lat' dir='ltr'>effecerit3</span> <span class='ocrx_word' id='word_1_198' title='bbox 1304 1656 1352 1716; x_wconf 86' lang='lat' dir='ltr'>sed</span> <span class='ocrx_word' id='word_1_199' title='bbox 1373 1657 1447 1735; x_wconf 90' lang='lat' dir='ltr'>quod</span> <span class='ocrx_word' id='word_1_200' title='bbox 1463 1675 1638 1741; x_wconf 79' lang='lat' dir='ltr'>augmentum</span> 
     </span>
     <span class='ocr_line' id='line_1_15' title="bbox 68 1744 1638 1828; baseline 0.006 -25"><span class='ocrx_word' id='word_1_201' title='bbox 68 1745 112 1803; x_wconf 85' lang='grc' dir='ltr'>Οὐ</span> <span class='ocrx_word' id='word_1_202' title='bbox 126 1744 263 1822; x_wconf 85' lang='grc' dir='ltr'>γινώσκω;</span> <span class='ocrx_word' id='word_1_203' title='bbox 277 1745 442 1822; x_wconf 78' lang='grc' dir='ltr'>Σκστσῢμαι,</span> <span class='ocrx_word' id='word_1_204' title='bbox 458 1744 535 1824; x_wconf 79' lang='grc' dir='ltr'>φησί,</span> <span class='ocrx_word' id='word_1_205' title='bbox 550 1744 764 1825; x_wconf 76' lang='grc' dir='ltr'>πιναρπάζυμαι,</span> <span class='ocrx_word' id='word_1_206' title='bbox 779 1744 843 1818; x_wconf 83' lang='grc' dir='ltr'>ἐτι-ή-</span> <span class='ocrx_word' id='word_1_207' title='bbox 894 1744 1115 1824; x_wconf 78' lang='lat' dir='ltr'>concupiscentiae</span> <span class='ocrx_word' id='word_1_208' title='bbox 1128 1760 1267 1826; x_wconf 89' lang='lat' dir='ltr'>peccatum</span> <span class='ocrx_word' id='word_1_209' title='bbox 1285 1768 1333 1828; x_wconf 93' lang='lat' dir='ltr'>per</span> <span class='ocrx_word' id='word_1_210' title='bbox 1345 1748 1504 1810; x_wconf 88' lang='lat' dir='ltr'>mandatum</span> <span class='ocrx_word' id='word_1_211' title='bbox 1516 1751 1638 1812; x_wconf 79' lang='lat' dir='ltr'>induxe-</span> 
     </span>
     <span class='ocr_line' id='line_1_16' title="bbox 71 1829 1636 1920; baseline 0.006 -26"><span class='ocrx_word' id='word_1_212' title='bbox 71 1860 143 1917; x_wconf 83' lang='grc' dir='ltr'>ρειαν</span> <span class='ocrx_word' id='word_1_213' title='bbox 154 1837 295 1915; x_wconf 78' lang='grc' dir='ltr'>ὑπομένω,</span> <span class='ocrx_word' id='word_1_214' title='bbox 308 1841 355 1897; x_wconf 83' lang='grc' dir='ltr'>υθκ</span> <span class='ocrx_word' id='word_1_215' title='bbox 375 1829 434 1898; x_wconf 78' lang='grc' dir='ltr'>οἶδα</span> <span class='ocrx_word' id='word_1_216' title='bbox 457 1841 513 1906; x_wconf 81' lang='grc' dir='ltr'>πῶς</span> <span class='ocrx_word' id='word_1_217' title='bbox 536 1836 756 1916; x_wconf 79' lang='grc' dir='ltr'>θπυσκελίζυμαι·</span> <span class='ocrx_word' id='word_1_218' title='bbox 777 1835 843 1916; x_wconf 80' lang='grc' dir='ltr'>ὅπερ</span> <span class='ocrx_word' id='word_1_219' title='bbox 894 1833 931 1893; x_wconf 91' lang='lat' dir='ltr'>rit</span> <span class='ocrx_word' id='word_1_220' title='bbox 942 1835 998 1894; x_wconf 75' lang='lat' dir='ltr'>:ita</span> <span class='ocrx_word' id='word_1_221' title='bbox 1020 1850 1047 1895; x_wconf 90' lang='lat' dir='ltr'>ct</span> <span class='ocrx_word' id='word_1_222' title='bbox 1066 1835 1180 1897; x_wconf 90' lang='lat' dir='ltr'>hicnon</span> <span class='ocrx_word' id='word_1_223' title='bbox 1195 1838 1380 1900; x_wconf 84' lang='lat' dir='ltr'>omnimodam</span> <span class='ocrx_word' id='word_1_224' title='bbox 1394 1841 1574 1920; x_wconf 81' lang='lat' dir='ltr'>ignorantiam</span> <span class='ocrx_word' id='word_1_225' title='bbox 1594 1844 1636 1903; x_wconf 84' lang='lat' dir='ltr'>si-</span> 
     </span>
     <span class='ocr_line' id='line_1_17' title="bbox 68 1919 1638 2013; baseline 0.005 -27"><span class='ocrx_word' id='word_1_226' title='bbox 68 1927 116 1986; x_wconf 84' lang='grc' dir='ltr'>καὶ</span> <span class='ocrx_word' id='word_1_227' title='bbox 129 1934 206 2006; x_wconf 85' lang='grc' dir='ltr'>ήμεῖς</span> <span class='ocrx_word' id='word_1_228' title='bbox 220 1928 348 2008; x_wconf 77' lang='grc' dir='ltr'>εἰώθαμεν</span> <span class='ocrx_word' id='word_1_229' title='bbox 364 1929 460 2009; x_wconf 76' lang='grc' dir='ltr'>λέγειν,</span> <span class='ocrx_word' id='word_1_230' title='bbox 476 1932 523 1990; x_wconf 72' lang='lat' dir='ltr'>oda</span> <span class='ocrx_word' id='word_1_231' title='bbox 538 1919 597 1988; x_wconf 73' lang='lat' dir='ltr'>cido</span> <span class='ocrx_word' id='word_1_232' title='bbox 612 1931 694 1997; x_wconf 83' lang='grc' dir='ltr'>πῶςθ</span> <span class='ocrx_word' id='word_1_233' title='bbox 708 1930 779 1989; x_wconf 85' lang='grc' dir='ltr'>δεῖνα</span> <span class='ocrx_word' id='word_1_234' title='bbox 795 1931 842 2009; x_wconf 62' lang='grc' dir='ltr'>ἐλς</span> <span class='ocrx_word' id='word_1_235' title='bbox 858 1945 878 1992; x_wconf 82' lang='grc' dir='ltr'>ο</span> <span class='ocrx_word' id='word_1_236' title='bbox 894 1926 1005 2004; x_wconf 79' lang='lat' dir='ltr'>gnificat</span> <span class='ocrx_word' id='word_1_237' title='bbox 1016 1927 1110 1988; x_wconf 84' lang='lat' dir='ltr'>diceus</span> <span class='ocrx_word' id='word_1_238' title='bbox 1123 1952 1130 1985; x_wconf 77' lang='grc' dir='ltr'>ι</span> <span class='ocrx_word' id='word_1_239' title='bbox 1144 1930 1231 2009; x_wconf 82' lang='lat' dir='ltr'>Quod</span> <span class='ocrx_word' id='word_1_240' title='bbox 1250 1935 1329 1990; x_wconf 83' lang='lat' dir='ltr'>enim</span> <span class='ocrx_word' id='word_1_241' title='bbox 1351 1953 1453 2013; x_wconf 84' lang='lat' dir='ltr'>operor</span> <span class='ocrx_word' id='word_1_242' title='bbox 1467 1954 1528 1992; x_wconf 85' lang='lat' dir='ltr'>non</span> <span class='ocrx_word' id='word_1_243' title='bbox 1548 1932 1638 1994; x_wconf 80' lang='lat' dir='ltr'>intel·</span> 
     </span>
     <span class='ocr_line' id='line_1_18' title="bbox 67 2017 1636 2103; baseline 0.004 -24"><span class='ocrx_word' id='word_1_244' title='bbox 67 2018 122 2079; x_wconf 83' lang='grc' dir='ltr'>θὼν</span> <span class='ocrx_word' id='word_1_245' title='bbox 140 2020 316 2100; x_wconf 76' lang='grc' dir='ltr'>συνήρπασεν,</span> <span class='ocrx_word' id='word_1_246' title='bbox 339 2026 388 2082; x_wconf 83' lang='grc' dir='ltr'>οὐκ</span> <span class='ocrx_word' id='word_1_247' title='bbox 408 2021 514 2101; x_wconf 85' lang='grc' dir='ltr'>άγνυιαν</span> <span class='ocrx_word' id='word_1_248' title='bbox 532 2018 757 2101; x_wconf 77' lang='grc' dir='ltr'>πρυθαλλάμενοι,</span> <span class='ocrx_word' id='word_1_249' title='bbox 773 2020 842 2081; x_wconf 74' lang='grc' dir='ltr'>ἀλλὰ</span> <span class='ocrx_word' id='word_1_250' title='bbox 896 2017 977 2098; x_wconf 85' lang='lat' dir='ltr'>ligo.-</span> <span class='ocrx_word' id='word_1_251' title='bbox 1002 2019 1137 2098; x_wconf 88' lang='lat' dir='ltr'>quomodo</span> <span class='ocrx_word' id='word_1_252' title='bbox 1148 2020 1221 2080; x_wconf 90' lang='lat' dir='ltr'>enim</span> <span class='ocrx_word' id='word_1_253' title='bbox 1235 2022 1265 2082; x_wconf 90' lang='lat' dir='ltr'>in</span> <span class='ocrx_word' id='word_1_254' title='bbox 1283 2021 1343 2103; x_wconf 87' lang='lat' dir='ltr'>lege</span> <span class='ocrx_word' id='word_1_255' title='bbox 1361 2023 1472 2084; x_wconf 90' lang='lat' dir='ltr'>Domini</span> <span class='ocrx_word' id='word_1_256' title='bbox 1493 2025 1547 2085; x_wconf 90' lang='lat' dir='ltr'>sibi</span> <span class='ocrx_word' id='word_1_257' title='bbox 1560 2047 1636 2085; x_wconf 89' lang='lat' dir='ltr'>com·</span> 
     </span>
     <span class='ocr_line' id='line_1_19' title="bbox 68 2109 1640 2194; baseline 0.007 -25"><span class='ocrx_word' id='word_1_258' title='bbox 68 2111 174 2182; x_wconf 78' lang='grc' dir='ltr'>σίπυίιην</span> <span class='ocrx_word' id='word_1_259' title='bbox 188 2111 248 2170; x_wconf 87' lang='grc' dir='ltr'>τινδι</span> <span class='ocrx_word' id='word_1_260' title='bbox 260 2113 306 2171; x_wconf 82' lang='grc' dir='ltr'>καί</span> <span class='ocrx_word' id='word_1_261' title='bbox 318 2113 471 2194; x_wconf 86' lang='grc' dir='ltr'>περίστασιν</span> <span class='ocrx_word' id='word_1_262' title='bbox 485 2112 530 2171; x_wconf 76' lang='grc' dir='ltr'>καί</span> <span class='ocrx_word' id='word_1_263' title='bbox 544 2109 688 2184; x_wconf 77' lang='grc' dir='ltr'>ἐπιόοολήν</span> <span class='ocrx_word' id='word_1_264' title='bbox 700 2113 843 2192; x_wconf 81' lang='grc' dir='ltr'>ἐμφαίνων·</span> <span class='ocrx_word' id='word_1_265' title='bbox 895 2111 1011 2191; x_wconf 83' lang='lat' dir='ltr'>placeret</span> <span class='ocrx_word' id='word_1_266' title='bbox 1034 2113 1182 2174; x_wconf 84' lang='lat' dir='ltr'>secuudum</span> <span class='ocrx_word' id='word_1_267' title='bbox 1205 2115 1359 2175; x_wconf 75' lang='lat' dir='ltr'>interiorem</span> <span class='ocrx_word' id='word_1_268' title='bbox 1379 2117 1539 2177; x_wconf 81' lang='lat' dir='ltr'>hominem?</span> <span class='ocrx_word' id='word_1_269' title='bbox 1561 2118 1640 2192; x_wconf 85' lang='lat' dir='ltr'>Quid</span> 
     </span>
     <span class='ocr_line' id='line_1_20' title="bbox 68 2202 1638 2292; baseline 0.008 -32"><span class='ocrx_word' id='word_1_270' title='bbox 68 2226 121 2268; x_wconf 85' lang='grc' dir='ltr'>τες.</span> <span class='ocrx_word' id='word_1_271' title='bbox 137 2205 178 2262; x_wconf 82' lang='grc' dir='ltr'>Οὐ</span> <span class='ocrx_word' id='word_1_272' title='bbox 192 2202 244 2286; x_wconf 72' lang='grc' dir='ltr'>γάρ</span> <span class='ocrx_word' id='word_1_273' title='bbox 263 2205 277 2264; x_wconf 86' lang='grc' dir='ltr'>δ</span> <span class='ocrx_word' id='word_1_274' title='bbox 300 2204 380 2279; x_wconf 83' lang='grc' dir='ltr'>θίλω,</span> <span class='ocrx_word' id='word_1_275' title='bbox 394 2211 472 2265; x_wconf 77' lang='grc' dir='ltr'>τοῦτο</span> <span class='ocrx_word' id='word_1_276' title='bbox 491 2205 619 2285; x_wconf 78' lang='grc' dir='ltr'>πράσσω,</span> <span class='ocrx_word' id='word_1_277' title='bbox 639 2205 698 2264; x_wconf 76' lang='grc' dir='ltr'>ἀλλ’</span> <span class='ocrx_word' id='word_1_278' title='bbox 718 2204 733 2265; x_wconf 88' lang='grc' dir='ltr'>δ</span> <span class='ocrx_word' id='word_1_279' title='bbox 756 2208 841 2282; x_wconf 84' lang='grc' dir='ltr'>μισῶ,</span> <span class='ocrx_word' id='word_1_280' title='bbox 895 2222 959 2283; x_wconf 81' lang='lat' dir='ltr'>ergo</span> <span class='ocrx_word' id='word_1_281' title='bbox 970 2204 1115 2284; x_wconf 81' lang='lat' dir='ltr'>siguificat,</span> <span class='ocrx_word' id='word_1_282' title='bbox 1128 2208 1198 2265; x_wconf 84' lang='lat' dir='ltr'>Non</span> <span class='ocrx_word' id='word_1_283' title='bbox 1216 2208 1374 2288; x_wconf 78' lang='lat' dir='ltr'>intelligo?</span> <span class='ocrx_word' id='word_1_284' title='bbox 1389 2209 1421 2268; x_wconf 90' lang='lat' dir='ltr'>In</span> <span class='ocrx_word' id='word_1_285' title='bbox 1437 2210 1555 2271; x_wconf 84' lang='lat' dir='ltr'>tenebris</span> <span class='ocrx_word' id='word_1_286' title='bbox 1565 2231 1638 2292; x_wconf 82' lang='lat' dir='ltr'>sum,</span> 
     </span>
     <span class='ocr_line' id='line_1_21' title="bbox 69 2288 1637 2386; baseline 0.009 -33"><span class='ocrx_word' id='word_1_287' title='bbox 69 2300 145 2354; x_wconf 83' lang='grc' dir='ltr'>τοῦτο</span> <span class='ocrx_word' id='word_1_288' title='bbox 156 2301 234 2355; x_wconf 81' lang='grc' dir='ltr'>ποιῶ.</span> <span class='ocrx_word' id='word_1_289' title='bbox 252 2298 316 2364; x_wconf 83' lang='grc' dir='ltr'>Πῶς</span> <span class='ocrx_word' id='word_1_290' title='bbox 329 2288 372 2355; x_wconf 70' lang='lat' dir='ltr'>cdv</span> <span class='ocrx_word' id='word_1_291' title='bbox 387 2297 416 2355; x_wconf 82' lang='grc' dir='ltr'>οὗ</span> <span class='ocrx_word' id='word_1_292' title='bbox 430 2294 581 2376; x_wconf 78' lang='grc' dir='ltr'>γινώσκεις,</span> <span class='ocrx_word' id='word_1_293' title='bbox 595 2295 610 2355; x_wconf 87' lang='grc' dir='ltr'>δ</span> <span class='ocrx_word' id='word_1_294' title='bbox 629 2295 777 2376; x_wconf 82' lang='grc' dir='ltr'>κατιργιίζῃ</span> <span class='ocrx_word' id='word_1_295' title='bbox 785 2318 794 2370; x_wconf 85' lang='grc'><strong>;</strong></span> <span class='ocrx_word' id='word_1_296' title='bbox 808 2298 842 2356; x_wconf 84' lang='lat' dir='ltr'>Ei</span> <span class='ocrx_word' id='word_1_297' title='bbox 894 2298 995 2378; x_wconf 85' lang='lat' dir='ltr'>inquit,</span> <span class='ocrx_word' id='word_1_298' title='bbox 1019 2300 1151 2381; x_wconf 87' lang='lat' dir='ltr'>abripior,</span> <span class='ocrx_word' id='word_1_299' title='bbox 1172 2298 1304 2361; x_wconf 85' lang='lat' dir='ltr'>damnum</span> <span class='ocrx_word' id='word_1_300' title='bbox 1315 2303 1444 2379; x_wconf 82' lang='lat' dir='ltr'>sustineo,</span> <span class='ocrx_word' id='word_1_301' title='bbox 1467 2306 1557 2366; x_wconf 85' lang='lat' dir='ltr'>nescio</span> <span class='ocrx_word' id='word_1_302' title='bbox 1568 2328 1637 2386; x_wconf 89' lang='lat' dir='ltr'>quo·</span> 
     </span>
     <span class='ocr_line' id='line_1_22' title="bbox 68 2384 1634 2477; baseline 0.004 -23"><span class='ocrx_word' id='word_1_303' title='bbox 68 2384 122 2468; x_wconf 71' lang='grc' dir='ltr'>γᾶρ</span> <span class='ocrx_word' id='word_1_304' title='bbox 142 2387 222 2455; x_wconf 64' lang='lat' dir='ltr'>titiis</span> <span class='ocrx_word' id='word_1_305' title='bbox 239 2388 270 2448; x_wconf 75' lang='grc' dir='ltr'>τὸ</span> <span class='ocrx_word' id='word_1_306' title='bbox 284 2390 374 2462; x_wconf 83' lang='grc' dir='ltr'>καλὸν,</span> <span class='ocrx_word' id='word_1_307' title='bbox 385 2389 431 2448; x_wconf 81' lang='grc' dir='ltr'>καὶ</span> <span class='ocrx_word' id='word_1_308' title='bbox 444 2396 529 2468; x_wconf 85' lang='grc' dir='ltr'>μισεῖς</span> <span class='ocrx_word' id='word_1_309' title='bbox 539 2387 570 2447; x_wconf 84' lang='grc' dir='ltr'>τὸ</span> <span class='ocrx_word' id='word_1_310' title='bbox 583 2388 707 2469; x_wconf 86' lang='grc' dir='ltr'>πυνηρδν,</span> <span class='ocrx_word' id='word_1_311' title='bbox 719 2387 841 2466; x_wconf 73' lang='grc' dir='ltr'>γνώσεως</span> <span class='ocrx_word' id='word_1_312' title='bbox 894 2394 975 2454; x_wconf 93' lang='lat' dir='ltr'>modo</span> <span class='ocrx_word' id='word_1_313' title='bbox 994 2396 1163 2477; x_wconf 79' lang='lat' dir='ltr'>supplentur.</span> <span class='ocrx_word' id='word_1_314' title='bbox 1181 2397 1264 2469; x_wconf 90' lang='lat' dir='ltr'>Quod</span> <span class='ocrx_word' id='word_1_315' title='bbox 1281 2411 1308 2457; x_wconf 90' lang='lat' dir='ltr'>et</span> <span class='ocrx_word' id='word_1_316' title='bbox 1327 2419 1375 2458; x_wconf 92' lang='lat' dir='ltr'>nos</span> <span class='ocrx_word' id='word_1_317' title='bbox 1388 2399 1479 2460; x_wconf 86' lang='lat' dir='ltr'>dicere</span> <span class='ocrx_word' id='word_1_318' title='bbox 1497 2401 1634 2463; x_wconf 86' lang='lat' dir='ltr'>solemus:</span> 
     </span>
     <span class='ocr_line' id='line_1_23' title="bbox 70 2478 1640 2575; baseline 0.012 -37"><span class='ocrx_word' id='word_1_319' title='bbox 70 2485 148 2541; x_wconf 75' lang='grc' dir='ltr'>τοῦτο</span> <span class='ocrx_word' id='word_1_320' title='bbox 159 2480 357 2563; x_wconf 78' lang='grc' dir='ltr'>ἄπηρτισμίνης</span> <span class='ocrx_word' id='word_1_321' title='bbox 369 2480 448 2541; x_wconf 81' lang='grc' dir='ltr'>ἐστίν.</span> <span class='ocrx_word' id='word_1_322' title='bbox 466 2479 548 2540; x_wconf 84' lang='grc' dir='ltr'>Ὅθεν</span> <span class='ocrx_word' id='word_1_323' title='bbox 561 2482 649 2554; x_wconf 76' lang='grc' dir='ltr'>δῆλον,</span> <span class='ocrx_word' id='word_1_324' title='bbox 664 2479 703 2539; x_wconf 76' lang='grc' dir='ltr'>ὅτι</span> <span class='ocrx_word' id='word_1_325' title='bbox 718 2479 764 2539; x_wconf 80' lang='grc' dir='ltr'>καί</span> <span class='ocrx_word' id='word_1_326' title='bbox 775 2478 840 2554; x_wconf 75' lang='lat' dir='ltr'>&#39;‘td,</span> <span class='ocrx_word' id='word_1_327' title='bbox 894 2487 990 2548; x_wconf 77' lang='lat' dir='ltr'>Nescio</span> <span class='ocrx_word' id='word_1_328' title='bbox 1004 2487 1140 2567; x_wconf 77' lang='grc' dir='ltr'>ιγοοηεοιίο</span> <span class='ocrx_word' id='word_1_329' title='bbox 1154 2489 1200 2549; x_wconf 86' lang='lat' dir='ltr'>ille</span> <span class='ocrx_word' id='word_1_330' title='bbox 1212 2491 1322 2552; x_wconf 76' lang='lat' dir='ltr'>veniens</span> <span class='ocrx_word' id='word_1_331' title='bbox 1335 2491 1482 2574; x_wconf 70' lang='lat' dir='ltr'>surripuit,</span> <span class='ocrx_word' id='word_1_332' title='bbox 1497 2514 1551 2554; x_wconf 88' lang='lat' dir='ltr'>non</span> <span class='ocrx_word' id='word_1_333' title='bbox 1561 2495 1640 2575; x_wconf 74' lang='lat' dir='ltr'>igno·</span> 
     </span>
     <span class='ocr_line' id='line_1_24' title="bbox 69 2569 1638 2673; baseline 0.003 -29"><span class='ocrx_word' id='word_1_334' title='bbox 69 2569 109 2630; x_wconf 81' lang='grc' dir='ltr'>Ὃ</span> <span class='ocrx_word' id='word_1_335' title='bbox 122 2575 150 2630; x_wconf 68' lang='grc' dir='ltr'>Οὔ</span> <span class='ocrx_word' id='word_1_336' title='bbox 172 2572 256 2645; x_wconf 59' lang='lat' dir='ltr'>teia,</span> <span class='ocrx_word' id='word_1_337' title='bbox 269 2571 384 2653; x_wconf 54' lang='lat' dir='ltr'>stepo,</span> <span class='ocrx_word' id='word_1_338' title='bbox 401 2573 461 2653; x_wconf 69' lang='grc' dir='ltr'>οὐχί</span> <span class='ocrx_word' id='word_1_339' title='bbox 481 2572 512 2632; x_wconf 73' lang='grc' dir='ltr'>τὸ</span> <span class='ocrx_word' id='word_1_340' title='bbox 531 2571 693 2641; x_wconf 67' lang='grc' dir='ltr'>α’ννεέοὗσῑον</span> <span class='ocrx_word' id='word_1_341' title='bbox 715 2574 840 2655; x_wconf 65' lang='grc' dir='ltr'>ἀναιρῶν,</span> <span class='ocrx_word' id='word_1_342' title='bbox 893 2581 1010 2639; x_wconf 84' lang='lat' dir='ltr'>tantiam</span> <span class='ocrx_word' id='word_1_343' title='bbox 1027 2580 1194 2663; x_wconf 83' lang='lat' dir='ltr'>profitentes,</span> <span class='ocrx_word' id='word_1_344' title='bbox 1213 2583 1261 2643; x_wconf 85' lang='lat' dir='ltr'>sed</span> <span class='ocrx_word' id='word_1_345' title='bbox 1273 2582 1398 2643; x_wconf 85' lang='lat' dir='ltr'>fraudem</span> <span class='ocrx_word' id='word_1_346' title='bbox 1412 2585 1569 2673; x_wconf 78' lang='lat' dir='ltr'>quamdam,</span> <span class='ocrx_word' id='word_1_347' title='bbox 1585 2587 1638 2647; x_wconf 91' lang='lat' dir='ltr'>cir-</span> 
     </span>
     <span class='ocr_line' id='line_1_25' title="bbox 70 2662 1639 2746; baseline 0.01 -22"><span class='ocrx_word' id='word_1_348' title='bbox 70 2662 129 2724; x_wconf 82' lang='grc' dir='ltr'>οὖδέ</span> <span class='ocrx_word' id='word_1_349' title='bbox 143 2665 261 2744; x_wconf 75' lang='grc' dir='ltr'>ἀνάγκην</span> <span class='ocrx_word' id='word_1_350' title='bbox 273 2665 332 2726; x_wconf 76' lang='grc' dir='ltr'>τινὰ</span> <span class='ocrx_word' id='word_1_351' title='bbox 348 2665 460 2745; x_wconf 78' lang='grc' dir='ltr'>εἰσάγειν</span> <span class='ocrx_word' id='word_1_352' title='bbox 476 2663 663 2745; x_wconf 81' lang='grc' dir='ltr'>βεὸισισμίνην.</span> <span class='ocrx_word' id='word_1_353' title='bbox 677 2667 713 2725; x_wconf 82' lang='grc' dir='ltr'>Εἰ</span> <span class='ocrx_word' id='word_1_354' title='bbox 727 2664 779 2744; x_wconf 67' lang='grc' dir='ltr'>γάρ</span> <span class='ocrx_word' id='word_1_355' title='bbox 792 2668 841 2746; x_wconf 71' lang='grc' dir='ltr'>οὐχ</span> <span class='ocrx_word' id='word_1_356' title='bbox 857 2685 876 2734; x_wconf 85' lang='lat' dir='ltr'>e</span> <span class='ocrx_word' id='word_1_357' title='bbox 895 2672 1109 2733; x_wconf 81' lang='lat' dir='ltr'>cumvcutiouem</span> <span class='ocrx_word' id='word_1_358' title='bbox 1121 2688 1148 2734; x_wconf 91' lang='lat' dir='ltr'>et</span> <span class='ocrx_word' id='word_1_359' title='bbox 1160 2673 1272 2734; x_wconf 87' lang='lat' dir='ltr'>insidias</span> <span class='ocrx_word' id='word_1_360' title='bbox 1285 2673 1461 2736; x_wconf 77' lang='lat' dir='ltr'>declarantes.</span> <span class='ocrx_word' id='word_1_361' title='bbox 1477 2679 1547 2737; x_wconf 81' lang='grc' dir='ltr'>Νοιι</span> <span class='ocrx_word' id='word_1_362' title='bbox 1558 2682 1639 2739; x_wconf 82' lang='lat' dir='ltr'>enim</span> 
     </span>
     <span class='ocr_line' id='line_1_26' title="bbox 72 2755 1637 2849; baseline 0.01 -35"><span class='ocrx_word' id='word_1_363' title='bbox 72 2756 189 2830; x_wconf 81' lang='grc' dir='ltr'>ἑκόντες,</span> <span class='ocrx_word' id='word_1_364' title='bbox 201 2758 260 2816; x_wconf 74' lang='grc' dir='ltr'>ἀλλ’</span> <span class='ocrx_word' id='word_1_365' title='bbox 276 2757 482 2835; x_wconf 74' lang='grc' dir='ltr'>ἀναγκαζόμενοι</span> <span class='ocrx_word' id='word_1_366' title='bbox 500 2757 697 2836; x_wconf 78' lang='grc' dir='ltr'>ἁμαρτάνομεν,</span> <span class='ocrx_word' id='word_1_367' title='bbox 707 2755 787 2816; x_wconf 83' lang='grc' dir='ltr'>πάλιν</span> <span class='ocrx_word' id='word_1_368' title='bbox 807 2755 841 2816; x_wconf 71' lang='grc' dir='ltr'>τά</span> <span class='ocrx_word' id='word_1_369' title='bbox 896 2766 976 2845; x_wconf 77' lang='lat' dir='ltr'>quod</span> <span class='ocrx_word' id='word_1_370' title='bbox 990 2765 1072 2843; x_wconf 75' lang='lat' dir='ltr'>uolo,</span> <span class='ocrx_word' id='word_1_371' title='bbox 1083 2766 1215 2846; x_wconf 73' lang='lat' dir='ltr'>idfacio,</span> <span class='ocrx_word' id='word_1_372' title='bbox 1227 2767 1280 2825; x_wconf 84' lang='lat' dir='ltr'>sed</span> <span class='ocrx_word' id='word_1_373' title='bbox 1288 2768 1369 2847; x_wconf 83' lang='lat' dir='ltr'>quod</span> <span class='ocrx_word' id='word_1_374' title='bbox 1378 2769 1437 2842; x_wconf 83' lang='lat' dir='ltr'>odi,</span> <span class='ocrx_word' id='word_1_375' title='bbox 1443 2770 1545 2849; x_wconf 83' lang='lat' dir='ltr'>facio.</span> <span class='ocrx_word' id='word_1_376' title='bbox 1560 2770 1637 2843; x_wconf 88' lang='lat' dir='ltr'>Quo-</span> 
     </span>
     <span class='ocr_line' id='line_1_27' title="bbox 71 2846 1636 2937; baseline 0.012 -33"><span class='ocrx_word' id='word_1_377' title='bbox 71 2850 123 2905; x_wconf 81' lang='grc' dir='ltr'>τῶν</span> <span class='ocrx_word' id='word_1_378' title='bbox 140 2846 273 2907; x_wconf 81' lang='grc' dir='ltr'>κολάσεων</span> <span class='ocrx_word' id='word_1_379' title='bbox 297 2853 349 2908; x_wconf 85' lang='grc' dir='ltr'>τῶν</span> <span class='ocrx_word' id='word_1_380' title='bbox 369 2848 515 2929; x_wconf 73' lang='grc' dir='ltr'>ἔμπροσθεν</span> <span class='ocrx_word' id='word_1_381' title='bbox 536 2847 717 2927; x_wconf 77' lang='grc' dir='ltr'>γεγενημένων</span> <span class='ocrx_word' id='word_1_382' title='bbox 740 2850 788 2908; x_wconf 75' lang='grc' dir='ltr'>οὐκ</span> <span class='ocrx_word' id='word_1_383' title='bbox 810 2846 841 2906; x_wconf 78' lang='grc' dir='ltr'>ἂν</span> <span class='ocrx_word' id='word_1_384' title='bbox 895 2855 976 2917; x_wconf 89' lang='lat' dir='ltr'>modo</span> <span class='ocrx_word' id='word_1_385' title='bbox 989 2877 1053 2937; x_wconf 91' lang='lat' dir='ltr'>ergo</span> <span class='ocrx_word' id='word_1_386' title='bbox 1068 2876 1120 2916; x_wconf 89' lang='lat' dir='ltr'>non</span> <span class='ocrx_word' id='word_1_387' title='bbox 1133 2857 1204 2916; x_wconf 87' lang='lat' dir='ltr'>nosti</span> <span class='ocrx_word' id='word_1_388' title='bbox 1217 2857 1248 2916; x_wconf 93' lang='lat' dir='ltr'>id</span> <span class='ocrx_word' id='word_1_389' title='bbox 1266 2857 1342 2936; x_wconf 87' lang='lat' dir='ltr'>qnod</span> <span class='ocrx_word' id='word_1_390' title='bbox 1353 2859 1438 2918; x_wconf 75' lang='lat' dir='ltr'>sacis?</span> <span class='ocrx_word' id='word_1_391' title='bbox 1451 2859 1482 2920; x_wconf 84' lang='lat' dir='ltr'>Si</span> <span class='ocrx_word' id='word_1_392' title='bbox 1500 2861 1573 2920; x_wconf 87' lang='lat' dir='ltr'>enirn</span> <span class='ocrx_word' id='word_1_393' title='bbox 1587 2861 1636 2922; x_wconf 80' lang='lat' dir='ltr'>bo</span> 
     </span>
     <span class='ocr_line' id='line_1_28' title="bbox 70 2938 1638 3036; baseline 0.013 -39"><span class='ocrx_word' id='word_1_394' title='bbox 70 2939 129 3019; x_wconf 63' lang='grc' dir='ltr'>ἔγω</span> <span class='ocrx_word' id='word_1_395' title='bbox 152 2938 240 3019; x_wconf 83' lang='grc' dir='ltr'>λόγον.-</span> <span class='ocrx_word' id='word_1_396' title='bbox 261 2942 330 3000; x_wconf 76' lang='lat' dir='ltr'>’stt’</span> <span class='ocrx_word' id='word_1_397' title='bbox 353 2939 459 3022; x_wconf 82' lang='grc' dir='ltr'>ὥσπερ,</span> <span class='ocrx_word' id='word_1_398' title='bbox 473 2943 514 3000; x_wconf 79' lang='lat' dir='ltr'>Oti</span> <span class='ocrx_word' id='word_1_399' title='bbox 534 2939 671 3019; x_wconf 70' lang='grc' dir='ltr'>γινώσκων</span> <span class='ocrx_word' id='word_1_400' title='bbox 687 2939 781 3018; x_wconf 59' lang='grc' dir='ltr'>λέγων,</span> <span class='ocrx_word' id='word_1_401' title='bbox 795 2941 842 2999; x_wconf 65' lang='grc' dir='ltr'>Οὗκ</span> <span class='ocrx_word' id='word_1_402' title='bbox 895 2972 962 3011; x_wconf 92' lang='lat' dir='ltr'>num</span> <span class='ocrx_word' id='word_1_403' title='bbox 973 2951 1086 3033; x_wconf 83' lang='lat' dir='ltr'>expetis,</span> <span class='ocrx_word' id='word_1_404' title='bbox 1100 2952 1125 3012; x_wconf 90' lang='lat' dir='ltr'>si</span> <span class='ocrx_word' id='word_1_405' title='bbox 1138 2953 1241 3012; x_wconf 88' lang='lat' dir='ltr'>malum</span> <span class='ocrx_word' id='word_1_406' title='bbox 1254 2953 1347 3032; x_wconf 86' lang='lat' dir='ltr'>odisti,</span> <span class='ocrx_word' id='word_1_407' title='bbox 1365 2954 1393 3013; x_wconf 90' lang='lat' dir='ltr'>id</span> <span class='ocrx_word' id='word_1_408' title='bbox 1405 2955 1530 3036; x_wconf 71' lang='lat' dir='ltr'>perfecte</span> <span class='ocrx_word' id='word_1_409' title='bbox 1545 2957 1638 3036; x_wconf 84' lang='lat' dir='ltr'>cogni·</span> 
     </span>
     <span class='ocr_line' id='line_1_29' title="bbox 71 3029 1633 3126; baseline 0.002 -22"><span class='ocrx_word' id='word_1_410' title='bbox 71 3033 178 3110; x_wconf 63' lang='lat' dir='ltr'>sporo</span> <span class='ocrx_word' id='word_1_411' title='bbox 196 3032 328 3113; x_wconf 59' lang='lat' dir='ltr'>estepani,</span> <span class='ocrx_word' id='word_1_412' title='bbox 347 3034 405 3092; x_wconf 63' lang='grc' dir='ltr'><strong>ἀλλ’</strong></span> <span class='ocrx_word' id='word_1_413' title='bbox 430 3033 498 3113; x_wconf 67' lang='grc' dir='ltr'>ἅπερ</span> <span class='ocrx_word' id='word_1_414' title='bbox 517 3032 676 3114; x_wconf 64' lang='grc' dir='ltr'>Εἶρῆκαμδν·</span> <span class='ocrx_word' id='word_1_415' title='bbox 700 3029 771 3091; x_wconf 61' lang='lat'>⁰3²⁰)</span> <span class='ocrx_word' id='word_1_416' title='bbox 796 3030 843 3091; x_wconf 65' lang='grc' dir='ltr'>καί</span> <span class='ocrx_word' id='word_1_417' title='bbox 895 3042 976 3103; x_wconf 90' lang='lat' dir='ltr'>tionis</span> <span class='ocrx_word' id='word_1_418' title='bbox 987 3056 1037 3104; x_wconf 80' lang='lat' dir='ltr'>est</span> <span class='ocrx_word' id='word_1_419' title='bbox 1051 3042 1132 3103; x_wconf 82' lang='lat' dir='ltr'>Unde</span> <span class='ocrx_word' id='word_1_420' title='bbox 1148 3042 1233 3122; x_wconf 87' lang='lat' dir='ltr'>liquet</span> <span class='ocrx_word' id='word_1_421' title='bbox 1249 3043 1328 3104; x_wconf 88' lang='lat' dir='ltr'>illum</span> <span class='ocrx_word' id='word_1_422' title='bbox 1348 3045 1400 3105; x_wconf 87' lang='lat' dir='ltr'>hoc</span> <span class='ocrx_word' id='word_1_423' title='bbox 1415 3045 1530 3121; x_wconf 77' lang='lat' dir='ltr'>dixisse,</span> <span class='ocrx_word' id='word_1_424' title='bbox 1547 3049 1633 3126; x_wconf 83' lang='lat' dir='ltr'>Quod</span> 
     </span>
     <span class='ocr_line' id='line_1_30' title="bbox 70 3122 1639 3218; baseline 0.011 -36"><span class='ocrx_word' id='word_1_425' title='bbox 70 3123 115 3197; x_wconf 82' lang='grc' dir='ltr'>τὸ,</span> <span class='ocrx_word' id='word_1_426' title='bbox 130 3122 168 3183; x_wconf 84' lang='grc' dir='ltr'>Ὃ</span> <span class='ocrx_word' id='word_1_427' title='bbox 187 3127 216 3185; x_wconf 85' lang='grc' dir='ltr'>σθ</span> <span class='ocrx_word' id='word_1_428' title='bbox 231 3126 314 3199; x_wconf 77' lang='lat' dir='ltr'>ouo,</span> <span class='ocrx_word' id='word_1_429' title='bbox 328 3125 466 3206; x_wconf 74' lang='grc' dir='ltr'>προσθείς,</span> <span class='ocrx_word' id='word_1_430' title='bbox 487 3127 534 3186; x_wconf 77' lang='grc' dir='ltr'>οὐκ</span> <span class='ocrx_word' id='word_1_431' title='bbox 560 3124 677 3204; x_wconf 74' lang='grc' dir='ltr'>ἀνάγκην</span> <span class='ocrx_word' id='word_1_432' title='bbox 701 3124 842 3198; x_wconf 69' lang='grc' dir='ltr'>ἐδήλωσεν,</span> <span class='ocrx_word' id='word_1_433' title='bbox 897 3135 982 3208; x_wconf 83' lang='lat' dir='ltr'>noto,</span> <span class='ocrx_word' id='word_1_434' title='bbox 1011 3155 1064 3194; x_wconf 92' lang='lat' dir='ltr'>non</span> <span class='ocrx_word' id='word_1_435' title='bbox 1090 3134 1205 3195; x_wconf 85' lang='lat' dir='ltr'>liberum</span> <span class='ocrx_word' id='word_1_436' title='bbox 1234 3136 1377 3196; x_wconf 85' lang='lat' dir='ltr'>arbitrium</span> <span class='ocrx_word' id='word_1_437' title='bbox 1406 3137 1519 3217; x_wconf 88' lang='lat' dir='ltr'>tollens,</span> <span class='ocrx_word' id='word_1_438' title='bbox 1550 3158 1639 3218; x_wconf 85' lang='lat' dir='ltr'>neque</span> 
     </span>
     <span class='ocr_line' id='line_1_31' title="bbox 70 3215 1638 3306; baseline 0.012 -30"><span class='ocrx_word' id='word_1_439' title='bbox 70 3215 141 3276; x_wconf 72' lang='grc' dir='ltr'>ἀλλὰ</span> <span class='ocrx_word' id='word_1_440' title='bbox 155 3216 184 3275; x_wconf 78' lang='grc' dir='ltr'>τὸ</span> <span class='ocrx_word' id='word_1_441' title='bbox 202 3216 239 3295; x_wconf 82' lang='grc' dir='ltr'>μή</span> <span class='ocrx_word' id='word_1_442' title='bbox 261 3219 376 3277; x_wconf 85' lang='grc' dir='ltr'>ἐπαινεῖν</span> <span class='ocrx_word' id='word_1_443' title='bbox 389 3218 423 3276; x_wconf 75' lang='grc' dir='ltr'>τά</span> <span class='ocrx_word' id='word_1_444' title='bbox 433 3216 573 3295; x_wconf 85' lang='grc' dir='ltr'>γινόμενα·</span> <span class='ocrx_word' id='word_1_445' title='bbox 590 3216 648 3277; x_wconf 82' lang='grc' dir='ltr'>ἐπεί</span> <span class='ocrx_word' id='word_1_446' title='bbox 666 3220 689 3277; x_wconf 78' lang='grc' dir='ltr'>εἰ</span> <span class='ocrx_word' id='word_1_447' title='bbox 714 3216 752 3294; x_wconf 77' lang='grc' dir='ltr'>μή</span> <span class='ocrx_word' id='word_1_448' title='bbox 766 3224 842 3279; x_wconf 77' lang='grc' dir='ltr'>τοῦτο</span> <span class='ocrx_word' id='word_1_449' title='bbox 895 3227 1078 3287; x_wconf 81' lang='lat' dir='ltr'>necessitatem</span> <span class='ocrx_word' id='word_1_450' title='bbox 1109 3225 1253 3306; x_wconf 77' lang='lat' dir='ltr'>quamdam</span> <span class='ocrx_word' id='word_1_451' title='bbox 1289 3243 1316 3289; x_wconf 82' lang='lat' dir='ltr'>et</span> <span class='ocrx_word' id='word_1_452' title='bbox 1348 3229 1405 3289; x_wconf 79' lang='lat' dir='ltr'>vim</span> <span class='ocrx_word' id='word_1_453' title='bbox 1435 3231 1575 3293; x_wconf 78' lang='lat' dir='ltr'>inducens.</span> <span class='ocrx_word' id='word_1_454' title='bbox 1606 3232 1638 3294; x_wconf 87' lang='lat' dir='ltr'>Si</span> 
     </span>
     <span class='ocr_line' id='line_1_32' title="bbox 70 3300 1635 3403; baseline 0.008 -30"><span class='ocrx_word' id='word_1_455' title='bbox 70 3300 104 3380; x_wconf 72' lang='lat' dir='ltr'>iit</span> <span class='ocrx_word' id='word_1_456' title='bbox 119 3307 240 3390; x_wconf 66' lang='grc' dir='ltr'>δηλώσας</span> <span class='ocrx_word' id='word_1_457' title='bbox 257 3312 296 3389; x_wconf 82' lang='grc' dir='ltr'>τῷ</span> <span class='ocrx_word' id='word_1_458' title='bbox 313 3311 405 3382; x_wconf 79' lang='grc' dir='ltr'>εἰπεῖν,</span> <span class='ocrx_word' id='word_1_459' title='bbox 419 3308 457 3368; x_wconf 84' lang='grc' dir='ltr'>Ὃ</span> <span class='ocrx_word' id='word_1_460' title='bbox 474 3311 503 3368; x_wconf 81' lang='grc' dir='ltr'>οὗ</span> <span class='ocrx_word' id='word_1_461' title='bbox 520 3309 603 3382; x_wconf 63' lang='grc' dir='ltr'>θέλω,</span> <span class='ocrx_word' id='word_1_462' title='bbox 615 3314 692 3370; x_wconf 75' lang='grc' dir='ltr'>τοῦτο</span> <span class='ocrx_word' id='word_1_463' title='bbox 714 3308 841 3391; x_wconf 67' lang='grc' dir='ltr'>πράσσω,</span> <span class='ocrx_word' id='word_1_464' title='bbox 895 3319 967 3379; x_wconf 87' lang='lat' dir='ltr'>enim</span> <span class='ocrx_word' id='word_1_465' title='bbox 979 3339 1033 3378; x_wconf 86' lang='lat' dir='ltr'>ooo</span> <span class='ocrx_word' id='word_1_466' title='bbox 1054 3331 1158 3398; x_wconf 83' lang='lat' dir='ltr'>sponte,</span> <span class='ocrx_word' id='word_1_467' title='bbox 1173 3317 1220 3381; x_wconf 80' lang='lat' dir='ltr'>sed</span> <span class='ocrx_word' id='word_1_468' title='bbox 1245 3339 1280 3378; x_wconf 84' lang='lat' dir='ltr'>ex</span> <span class='ocrx_word' id='word_1_469' title='bbox 1299 3319 1455 3381; x_wconf 86' lang='lat' dir='ltr'>necessitate</span> <span class='ocrx_word' id='word_1_470' title='bbox 1472 3304 1635 3403; x_wconf 74' lang='lat' dir='ltr'>peccamus,</span> 
     </span>
     <span class='ocr_line' id='line_1_33' title="bbox 70 3398 1641 3491; baseline 0.008 -26"><span class='ocrx_word' id='word_1_471' title='bbox 70 3403 129 3466; x_wconf 77' lang='grc' dir='ltr'>πῶς</span> <span class='ocrx_word' id='word_1_472' title='bbox 146 3399 348 3478; x_wconf 50' lang='lat' dir='ltr'>mximam,</span> <span class='ocrx_word' id='word_1_473' title='bbox 372 3398 433 3460; x_wconf 67' lang='grc' dir='ltr'>ἀλλ’</span> <span class='ocrx_word' id='word_1_474' title='bbox 455 3398 671 3479; x_wconf 69' lang='lat' dir='ltr'>dduapdtopar</span> <span class='ocrx_word' id='word_1_475' title='bbox 689 3399 734 3458; x_wconf 68' lang='lat' dir='ltr'>mi</span> <span class='ocrx_word' id='word_1_476' title='bbox 751 3401 842 3480; x_wconf 72' lang='grc' dir='ltr'>βιάζο·</span> <span class='ocrx_word' id='word_1_477' title='bbox 894 3423 965 3470; x_wconf 87' lang='lat' dir='ltr'>certe</span> <span class='ocrx_word' id='word_1_478' title='bbox 984 3409 1117 3491; x_wconf 86' lang='lat' dir='ltr'>supplicia</span> <span class='ocrx_word' id='word_1_479' title='bbox 1139 3430 1189 3490; x_wconf 87' lang='lat' dir='ltr'>pro</span> <span class='ocrx_word' id='word_1_480' title='bbox 1208 3409 1286 3469; x_wconf 78' lang='lat' dir='ltr'>iactis</span> <span class='ocrx_word' id='word_1_481' title='bbox 1307 3411 1382 3470; x_wconf 86' lang='lat' dir='ltr'>iliata</span> <span class='ocrx_word' id='word_1_482' title='bbox 1406 3433 1460 3472; x_wconf 90' lang='lat' dir='ltr'>non</span> <span class='ocrx_word' id='word_1_483' title='bbox 1474 3415 1578 3475; x_wconf 87' lang='lat' dir='ltr'>ratione</span> <span class='ocrx_word' id='word_1_484' title='bbox 1594 3416 1641 3477; x_wconf 89' lang='lat' dir='ltr'>ni·</span> 
     </span>
     <span class='ocr_line' id='line_1_34' title="bbox 70 3489 1638 3589; baseline 0.013 -41"><span class='ocrx_word' id='word_1_485' title='bbox 70 3514 137 3568; x_wconf 85' lang='grc' dir='ltr'>μαι,</span> <span class='ocrx_word' id='word_1_486' title='bbox 151 3496 228 3550; x_wconf 77' lang='grc' dir='ltr'>τοῦτο</span> <span class='ocrx_word' id='word_1_487' title='bbox 238 3495 306 3550; x_wconf 86' lang='grc' dir='ltr'>ποιῶ</span> <span class='ocrx_word' id='word_1_488' title='bbox 311 3516 319 3565; x_wconf 88' lang='lat'>;</span> <span class='ocrx_word' id='word_1_489' title='bbox 330 3497 406 3551; x_wconf 79' lang='grc' dir='ltr'>τοῦτο</span> <span class='ocrx_word' id='word_1_490' title='bbox 417 3489 469 3571; x_wconf 65' lang='grc' dir='ltr'>γὰρ</span> <span class='ocrx_word' id='word_1_491' title='bbox 480 3494 518 3570; x_wconf 78' lang='grc' dir='ltr'>τῷ</span> <span class='ocrx_word' id='word_1_492' title='bbox 532 3491 614 3550; x_wconf 61' lang='grc' dir='ltr'>θέλειν</span> <span class='ocrx_word' id='word_1_493' title='bbox 628 3492 673 3552; x_wconf 71' lang='grc' dir='ltr'>καί</span> <span class='ocrx_word' id='word_1_494' title='bbox 690 3496 723 3572; x_wconf 64' lang='grc' dir='ltr'>τῇ</span> <span class='ocrx_word' id='word_1_495' title='bbox 738 3490 842 3574; x_wconf 66' lang='grc' dir='ltr'>ἕξθυῦίᾳ</span> <span class='ocrx_word' id='word_1_496' title='bbox 895 3516 998 3563; x_wconf 86' lang='lat' dir='ltr'>tuntur.</span> <span class='ocrx_word' id='word_1_497' title='bbox 1015 3502 1069 3563; x_wconf 86' lang='lat' dir='ltr'>Sed</span> <span class='ocrx_word' id='word_1_498' title='bbox 1080 3502 1150 3564; x_wconf 83' lang='lat' dir='ltr'>sicut</span> <span class='ocrx_word' id='word_1_499' title='bbox 1162 3523 1225 3562; x_wconf 82' lang='lat' dir='ltr'>cum</span> <span class='ocrx_word' id='word_1_500' title='bbox 1237 3501 1321 3577; x_wconf 81' lang='lat' dir='ltr'>dixit,</span> <span class='ocrx_word' id='word_1_501' title='bbox 1337 3507 1406 3563; x_wconf 84' lang='lat' dir='ltr'>Non</span> <span class='ocrx_word' id='word_1_502' title='bbox 1420 3507 1564 3589; x_wconf 76' lang='lat' dir='ltr'>intellige,</span> <span class='ocrx_word' id='word_1_503' title='bbox 1584 3529 1638 3569; x_wconf 86' lang='lat' dir='ltr'>non</span> 
     </span>
     <span class='ocr_line' id='line_1_35' title="bbox 69 3580 1637 3675; baseline 0.006 -35"><span class='ocrx_word' id='word_1_504' title='bbox 69 3580 226 3641; x_wconf 81' lang='grc' dir='ltr'>ἀντίκειται.</span> <span class='ocrx_word' id='word_1_505' title='bbox 238 3583 305 3642; x_wconf 76' lang='lat' dir='ltr'>Noui</span> <span class='ocrx_word' id='word_1_506' title='bbox 319 3582 346 3641; x_wconf 83' lang='grc' dir='ltr'>δὲ</span> <span class='ocrx_word' id='word_1_507' title='bbox 358 3586 386 3643; x_wconf 80' lang='lat' dir='ltr'>oi</span> <span class='ocrx_word' id='word_1_508' title='bbox 400 3588 478 3642; x_wconf 79' lang='grc' dir='ltr'>τοῦτο</span> <span class='ocrx_word' id='word_1_509' title='bbox 495 3582 611 3662; x_wconf 84' lang='grc' dir='ltr'>είφηκεν,</span> <span class='ocrx_word' id='word_1_510' title='bbox 630 3584 687 3643; x_wconf 75' lang='grc' dir='ltr'>ἀλλ’</span> <span class='ocrx_word' id='word_1_511' title='bbox 706 3584 765 3642; x_wconf 70' lang='lat' dir='ltr'>deri</span> <span class='ocrx_word' id='word_1_512' title='bbox 777 3583 841 3645; x_wconf 81' lang='grc' dir='ltr'>τοί-</span> <span class='ocrx_word' id='word_1_513' title='bbox 895 3593 1075 3673; x_wconf 69' lang='lat' dir='ltr'>ignorantiam</span> <span class='ocrx_word' id='word_1_514' title='bbox 1087 3593 1261 3674; x_wconf 73' lang='lat' dir='ltr'>significavit,</span> <span class='ocrx_word' id='word_1_515' title='bbox 1274 3593 1322 3655; x_wconf 68' lang='lat' dir='ltr'>sed</span> <span class='ocrx_word' id='word_1_516' title='bbox 1335 3595 1366 3654; x_wconf 86' lang='lat' dir='ltr'>id</span> <span class='ocrx_word' id='word_1_517' title='bbox 1378 3596 1451 3675; x_wconf 85' lang='lat' dir='ltr'>quod</span> <span class='ocrx_word' id='word_1_518' title='bbox 1464 3597 1637 3662; x_wconf 56' lang='lat' dir='ltr'>dicebamus:</span> 
     </span>
     <span class='ocr_line' id='line_1_36' title="bbox 69 3672 1639 3764; baseline 0.006 -19"><span class='ocrx_word' id='word_1_519' title='bbox 69 3697 117 3732; x_wconf 62' lang='grc' dir='ltr'>τοῦ</span> <span class='ocrx_word' id='word_1_520' title='bbox 129 3674 172 3746; x_wconf 69' lang='grc' dir='ltr'>τὸν</span> <span class='ocrx_word' id='word_1_521' title='bbox 194 3672 231 3733; x_wconf 81' lang='grc' dir='ltr'>Ὃ</span> <span class='ocrx_word' id='word_1_522' title='bbox 244 3678 332 3751; x_wconf 56' lang='grc' dir='ltr'>μισῶν</span> <span class='ocrx_word' id='word_1_523' title='bbox 350 3674 528 3748; x_wconf 58' lang='grc' dir='ltr'>τίθῑῑωιῖνα</span> <span class='ocrx_word' id='word_1_524' title='bbox 540 3675 626 3754; x_wconf 68' lang='grc' dir='ltr'>μάθοι</span> <span class='ocrx_word' id='word_1_525' title='bbox 638 3677 674 3744; x_wconf 74' lang='grc' dir='ltr'>ὡς</span> <span class='ocrx_word' id='word_1_526' title='bbox 687 3673 733 3735; x_wconf 70' lang='grc' dir='ltr'>καί</span> <span class='ocrx_word' id='word_1_527' title='bbox 754 3677 781 3734; x_wconf 74' lang='grc' dir='ltr'>ἕν</span> <span class='ocrx_word' id='word_1_528' title='bbox 803 3678 841 3756; x_wconf 71' lang='grc' dir='ltr'>τῷ</span> <span class='ocrx_word' id='word_1_529' title='bbox 895 3687 934 3747; x_wconf 93' lang='lat' dir='ltr'>sic</span> <span class='ocrx_word' id='word_1_530' title='bbox 945 3685 1018 3747; x_wconf 88' lang='lat' dir='ltr'>illud</span> <span class='ocrx_word' id='word_1_531' title='bbox 1029 3686 1167 3762; x_wconf 85' lang='lat' dir='ltr'>additum,</span> <span class='ocrx_word' id='word_1_532' title='bbox 1193 3685 1279 3764; x_wconf 74' lang='lat' dir='ltr'>Quod</span> <span class='ocrx_word' id='word_1_533' title='bbox 1293 3687 1372 3759; x_wconf 84' lang='lat' dir='ltr'>nolo,</span> <span class='ocrx_word' id='word_1_534' title='bbox 1387 3709 1441 3748; x_wconf 90' lang='lat' dir='ltr'>non</span> <span class='ocrx_word' id='word_1_535' title='bbox 1457 3692 1639 3754; x_wconf 84' lang='lat' dir='ltr'>necessitatem</span> 
     </span>
     <span class='ocr_line' id='line_1_37' title="bbox 70 3759 1639 3875; baseline 0.004 -50"><span class='ocrx_word' id='word_1_536' title='bbox 70 3769 164 3838; x_wconf 74' lang='grc' dir='ltr'>εἰπεῖν,</span> <span class='ocrx_word' id='word_1_537' title='bbox 182 3765 220 3826; x_wconf 87' lang='grc' dir='ltr'>Ὃ</span> <span class='ocrx_word' id='word_1_538' title='bbox 234 3770 263 3826; x_wconf 81' lang='grc' dir='ltr'>οὒ</span> <span class='ocrx_word' id='word_1_539' title='bbox 278 3767 359 3841; x_wconf 83' lang='grc' dir='ltr'>θέλω,</span> <span class='ocrx_word' id='word_1_540' title='bbox 373 3771 402 3827; x_wconf 80' lang='grc' dir='ltr'>οὐ</span> <span class='ocrx_word' id='word_1_541' title='bbox 425 3766 473 3839; x_wconf 78' lang='grc' dir='ltr'>τήν</span> <span class='ocrx_word' id='word_1_542' title='bbox 487 3766 603 3835; x_wconf 78' lang='grc' dir='ltr'>ἐξουσίαν</span> <span class='ocrx_word' id='word_1_543' title='bbox 621 3769 717 3828; x_wconf 81' lang='grc' dir='ltr'>ἀνεῖλε.</span> <span class='ocrx_word' id='word_1_544' title='bbox 743 3768 780 3828; x_wconf 85' lang='grc' dir='ltr'>Τί</span> <span class='ocrx_word' id='word_1_545' title='bbox 797 3759 1014 3875; x_wconf 59' lang='lat' dir='ltr'>odsmdenotag</span> <span class='ocrx_word' id='word_1_546' title='bbox 1039 3777 1087 3837; x_wconf 70' lang='lat' dir='ltr'>sed</span> <span class='ocrx_word' id='word_1_547' title='bbox 1103 3775 1177 3855; x_wconf 85' lang='lat' dir='ltr'>quod</span> <span class='ocrx_word' id='word_1_548' title='bbox 1198 3777 1269 3836; x_wconf 78' lang='lat' dir='ltr'>sacta</span> <span class='ocrx_word' id='word_1_549' title='bbox 1291 3797 1344 3837; x_wconf 85' lang='lat' dir='ltr'>non</span> <span class='ocrx_word' id='word_1_550' title='bbox 1362 3778 1463 3839; x_wconf 75' lang='lat' dir='ltr'>laudet.</span> <span class='ocrx_word' id='word_1_551' title='bbox 1486 3780 1547 3843; x_wconf 80' lang='lat' dir='ltr'>Nisi</span> <span class='ocrx_word' id='word_1_552' title='bbox 1565 3784 1639 3843; x_wconf 64' lang='lat' dir='ltr'>enim</span> 
     </span>
     <span class='ocr_line' id='line_1_38' title="bbox 71 3857 1638 3953; baseline 0.004 -26"><span class='ocrx_word' id='word_1_553' title='bbox 71 3861 130 3916; x_wconf 65' lang='grc' dir='ltr'>ἔστι</span> <span class='ocrx_word' id='word_1_554' title='bbox 145 3857 192 3928; x_wconf 65' lang='grc' dir='ltr'>τὸν</span> <span class='ocrx_word' id='word_1_555' title='bbox 211 3857 250 3918; x_wconf 80' lang='grc' dir='ltr'><em>Ὃ</em></span> <span class='ocrx_word' id='word_1_556' title='bbox 266 3862 296 3918; x_wconf 71' lang='grc' dir='ltr'>οὗ</span> <span class='ocrx_word' id='word_1_557' title='bbox 309 3859 389 3932; x_wconf 57' lang='lat' dir='ltr'>&amp;Mt</span> <span class='ocrx_word' id='word_1_558' title='bbox 399 3859 437 3920; x_wconf 85' lang='grc' dir='ltr'><em>Ὃ</em></span> <span class='ocrx_word' id='word_1_559' title='bbox 453 3858 490 3938; x_wconf 69' lang='grc' dir='ltr'>μὴ</span> <span class='ocrx_word' id='word_1_560' title='bbox 505 3861 605 3919; x_wconf 55' lang='grc' dir='ltr'>ἐπαινῶ</span> <span class='ocrx_word' id='word_1_561' title='bbox 615 3904 623 3935; x_wconf 79' lang='grc' dir='ltr'>ι</span> <span class='ocrx_word' id='word_1_562' title='bbox 635 3859 649 3920; x_wconf 75' lang='grc' dir='ltr'>ὃ</span> <span class='ocrx_word' id='word_1_563' title='bbox 663 3859 701 3937; x_wconf 72' lang='grc' dir='ltr'>μὴ</span> <span class='ocrx_word' id='word_1_564' title='bbox 716 3859 843 3941; x_wconf 52' lang='lat' dir='ltr'>&amp;midde</span> <span class='ocrx_word' id='word_1_565' title='bbox 859 3891 879 3936; x_wconf 71' lang='grc' dir='ltr'><strong>Α</strong></span> <span class='ocrx_word' id='word_1_566' title='bbox 894 3870 946 3929; x_wconf 88' lang='lat' dir='ltr'>hoo</span> <span class='ocrx_word' id='word_1_567' title='bbox 959 3869 1012 3930; x_wconf 88' lang='lat' dir='ltr'>sibi</span> <span class='ocrx_word' id='word_1_568' title='bbox 1025 3869 1107 3931; x_wconf 81' lang='lat' dir='ltr'>vellet</span> <span class='ocrx_word' id='word_1_569' title='bbox 1119 3889 1181 3928; x_wconf 90' lang='lat' dir='ltr'>cum</span> <span class='ocrx_word' id='word_1_570' title='bbox 1193 3868 1271 3946; x_wconf 87' lang='lat' dir='ltr'>dicit,</span> <span class='ocrx_word' id='word_1_571' title='bbox 1292 3869 1379 3947; x_wconf 84' lang='lat' dir='ltr'>Quod</span> <span class='ocrx_word' id='word_1_572' title='bbox 1393 3870 1462 3929; x_wconf 83' lang='lat' dir='ltr'>nolo</span> <span class='ocrx_word' id='word_1_573' title='bbox 1476 3874 1571 3953; x_wconf 81' lang='lat' dir='ltr'>facio,</span> <span class='ocrx_word' id='word_1_574' title='bbox 1588 3895 1638 3934; x_wconf 91' lang='lat' dir='ltr'>cur</span> 
     </span>
     <span class='ocr_line' id='line_1_39' title="bbox 71 3942 1638 4042; baseline 0.004 -22"><span class='ocrx_word' id='word_1_575' title='bbox 71 3973 138 4028; x_wconf 68' lang='lat' dir='ltr'>poi,</span> <span class='ocrx_word' id='word_1_576' title='bbox 154 3950 217 4028; x_wconf 62' lang='lat' dir='ltr'>&amp;pi</span> <span class='ocrx_word' id='word_1_577' title='bbox 230 3951 314 4030; x_wconf 64' lang='lat' dir='ltr'>odd·</span> <span class='ocrx_word' id='word_1_578' title='bbox 328 3942 357 4010; x_wconf 62' lang='grc' dir='ltr'>οὗ</span> <span class='ocrx_word' id='word_1_579' title='bbox 373 3951 437 4032; x_wconf 59' lang='grc' dir='ltr'>πρὸς</span> <span class='ocrx_word' id='word_1_580' title='bbox 451 3952 651 4024; x_wconf 69' lang='grc' dir='ltr'>ἅντιδῑαστθλὴν</span> <span class='ocrx_word' id='word_1_581' title='bbox 671 3952 717 4011; x_wconf 63' lang='grc' dir='ltr'>καί</span> <span class='ocrx_word' id='word_1_582' title='bbox 735 3951 769 4012; x_wconf 57' lang='grc' dir='ltr'>τὰ</span> <span class='ocrx_word' id='word_1_583' title='bbox 783 3953 843 4023; x_wconf 60' lang='lat' dir='ltr'>itt&lt;</span> <span class='ocrx_word' id='word_1_584' title='bbox 896 3981 949 4020; x_wconf 92' lang='lat' dir='ltr'>nou</span> <span class='ocrx_word' id='word_1_585' title='bbox 962 3959 1084 4036; x_wconf 83' lang='lat' dir='ltr'>addidit,</span> <span class='ocrx_word' id='word_1_586' title='bbox 1098 3958 1153 4021; x_wconf 88' lang='lat' dir='ltr'>Sed</span> <span class='ocrx_word' id='word_1_587' title='bbox 1171 3979 1206 4019; x_wconf 90' lang='lat' dir='ltr'>ex</span> <span class='ocrx_word' id='word_1_588' title='bbox 1223 3961 1377 4019; x_wconf 81' lang='lat' dir='ltr'>necessitate</span> <span class='ocrx_word' id='word_1_589' title='bbox 1390 3960 1479 4042; x_wconf 91' lang='lat' dir='ltr'>cogor,</span> <span class='ocrx_word' id='word_1_590' title='bbox 1495 3977 1521 4022; x_wconf 90' lang='lat' dir='ltr'>ct</span> <span class='ocrx_word' id='word_1_591' title='bbox 1539 3965 1569 4025; x_wconf 81' lang='lat' dir='ltr'>vi</span> <span class='ocrx_word' id='word_1_592' title='bbox 1585 3966 1638 4026; x_wconf 88' lang='lat' dir='ltr'>hcc</span> 
     </span>
     <span class='ocr_line' id='line_1_40' title="bbox 71 4042 1637 4139; baseline 0.013 -39"><span class='ocrx_word' id='word_1_593' title='bbox 71 4044 206 4125; x_wconf 81' lang='grc' dir='ltr'>ἐπήγαγεν</span> <span class='ocrx_word' id='word_1_594' title='bbox 221 4043 312 4116; x_wconf 82' lang='grc' dir='ltr'>εἰπὼν,</span> <span class='ocrx_word' id='word_1_595' title='bbox 327 4044 396 4103; x_wconf 82' lang='grc' dir='ltr'>Ἀλλ’</span> <span class='ocrx_word' id='word_1_596' title='bbox 409 4043 424 4103; x_wconf 88' lang='grc' dir='ltr'>δ</span> <span class='ocrx_word' id='word_1_597' title='bbox 439 4047 524 4120; x_wconf 86' lang='grc' dir='ltr'>μισῶ,</span> <span class='ocrx_word' id='word_1_598' title='bbox 540 4049 617 4104; x_wconf 78' lang='grc' dir='ltr'>τοῦτο</span> <span class='ocrx_word' id='word_1_599' title='bbox 638 4047 718 4103; x_wconf 71' lang='grc' dir='ltr'>ποιῶ·</span> <span class='ocrx_word' id='word_1_600' title='bbox 735 4046 770 4103; x_wconf 79' lang='grc' dir='ltr'>Εἰ</span> <span class='ocrx_word' id='word_1_601' title='bbox 788 4042 843 4105; x_wconf 68' lang='lat' dir='ltr'>did</span> <span class='ocrx_word' id='word_1_602' title='bbox 895 4054 985 4114; x_wconf 77' lang='lat' dir='ltr'>facio?</span> <span class='ocrx_word' id='word_1_603' title='bbox 1004 4053 1058 4113; x_wconf 90' lang='lat' dir='ltr'>hoc</span> <span class='ocrx_word' id='word_1_604' title='bbox 1072 4051 1143 4110; x_wconf 91' lang='lat' dir='ltr'>enim</span> <span class='ocrx_word' id='word_1_605' title='bbox 1156 4051 1288 4113; x_wconf 84' lang='lat' dir='ltr'>voluntati</span> <span class='ocrx_word' id='word_1_606' title='bbox 1306 4066 1333 4111; x_wconf 90' lang='lat' dir='ltr'>et</span> <span class='ocrx_word' id='word_1_607' title='bbox 1346 4054 1469 4133; x_wconf 78' lang='lat' dir='ltr'>potestati</span> <span class='ocrx_word' id='word_1_608' title='bbox 1482 4058 1637 4139; x_wconf 91' lang='lat' dir='ltr'>oppositum</span> 
     </span>
     <span class='ocr_line' id='line_1_41' title="bbox 70 4133 1639 4230; baseline 0.013 -38"><span class='ocrx_word' id='word_1_609' title='bbox 70 4137 102 4193; x_wconf 83' lang='grc' dir='ltr'>σθ</span> <span class='ocrx_word' id='word_1_610' title='bbox 114 4135 181 4194; x_wconf 78' lang='grc' dir='ltr'>θελω</span> <span class='ocrx_word' id='word_1_611' title='bbox 191 4180 199 4210; x_wconf 95' lang='grc'>,</span> <span class='ocrx_word' id='word_1_612' title='bbox 210 4143 286 4195; x_wconf 80' lang='grc' dir='ltr'>τοῦτο</span> <span class='ocrx_word' id='word_1_613' title='bbox 297 4140 377 4209; x_wconf 82' lang='grc' dir='ltr'>ποιῶ,</span> <span class='ocrx_word' id='word_1_614' title='bbox 388 4135 512 4216; x_wconf 80' lang='grc' dir='ltr'>σύμφημι</span> <span class='ocrx_word' id='word_1_615' title='bbox 526 4138 565 4215; x_wconf 81' lang='grc' dir='ltr'>τῷ</span> <span class='ocrx_word' id='word_1_616' title='bbox 575 4133 648 4217; x_wconf 79' lang='grc' dir='ltr'>νόμῳ</span> <span class='ocrx_word' id='word_1_617' title='bbox 659 4134 701 4195; x_wconf 77' lang='grc' dir='ltr'>ὅτι</span> <span class='ocrx_word' id='word_1_618' title='bbox 711 4134 800 4202; x_wconf 68' lang='grc' dir='ltr'>καλόν·</span> <span class='ocrx_word' id='word_1_619' title='bbox 896 4163 946 4210; x_wconf 87' lang='lat' dir='ltr'>est.</span> <span class='ocrx_word' id='word_1_620' title='bbox 968 4148 1048 4208; x_wconf 88' lang='lat' dir='ltr'>Nunc</span> <span class='ocrx_word' id='word_1_621' title='bbox 1063 4157 1153 4204; x_wconf 89' lang='lat' dir='ltr'>autem</span> <span class='ocrx_word' id='word_1_622' title='bbox 1170 4143 1222 4202; x_wconf 90' lang='lat' dir='ltr'>hoc</span> <span class='ocrx_word' id='word_1_623' title='bbox 1239 4163 1295 4204; x_wconf 91' lang='lat' dir='ltr'>uon</span> <span class='ocrx_word' id='word_1_624' title='bbox 1313 4142 1391 4220; x_wconf 89' lang='lat' dir='ltr'>dicit,</span> <span class='ocrx_word' id='word_1_625' title='bbox 1410 4145 1457 4206; x_wconf 89' lang='lat' dir='ltr'>sed</span> <span class='ocrx_word' id='word_1_626' title='bbox 1475 4146 1558 4230; x_wconf 84' lang='lat' dir='ltr'>hujus</span> <span class='ocrx_word' id='word_1_627' title='bbox 1578 4150 1639 4214; x_wconf 91' lang='lat' dir='ltr'>loco</span> 
     </span>
     <span class='ocr_line' id='line_1_42' title="bbox 897 4234 1639 4324; baseline 0.009 -26"><span class='ocrx_word' id='word_1_628' title='bbox 897 4239 998 4324; x_wconf 91' lang='lat' dir='ltr'>posuit,</span> <span class='ocrx_word' id='word_1_629' title='bbox 1015 4237 1101 4317; x_wconf 84' lang='lat' dir='ltr'>Quod</span> <span class='ocrx_word' id='word_1_630' title='bbox 1110 4236 1159 4295; x_wconf 86' lang='lat' dir='ltr'>odi</span> <span class='ocrx_word' id='word_1_631' title='bbox 1167 4259 1179 4306; x_wconf 90' lang='lat'>,·</span> <span class='ocrx_word' id='word_1_632' title='bbox 1192 4248 1222 4294; x_wconf 90' lang='lat' dir='ltr'>ut</span> <span class='ocrx_word' id='word_1_633' title='bbox 1232 4234 1322 4296; x_wconf 87' lang='lat' dir='ltr'>discas</span> <span class='ocrx_word' id='word_1_634' title='bbox 1334 4236 1424 4318; x_wconf 91' lang='lat' dir='ltr'>ipsum</span> <span class='ocrx_word' id='word_1_635' title='bbox 1434 4240 1543 4317; x_wconf 87' lang='lat' dir='ltr'>quaudo</span> <span class='ocrx_word' id='word_1_636' title='bbox 1554 4241 1639 4322; x_wconf 82' lang='lat' dir='ltr'>dixit,</span> 
     </span>
     <span class='ocr_line' id='line_1_43' title="bbox 901 4327 1639 4414; baseline 0.003 -21"><span class='ocrx_word' id='word_1_637' title='bbox 901 4333 986 4414; x_wconf 84' lang='lat' dir='ltr'>Quod</span> <span class='ocrx_word' id='word_1_638' title='bbox 1005 4331 1084 4402; x_wconf 85' lang='lat' dir='ltr'>nolo,</span> <span class='ocrx_word' id='word_1_639' title='bbox 1100 4341 1259 4411; x_wconf 80' lang='lat' dir='ltr'>potestatem</span> <span class='ocrx_word' id='word_1_640' title='bbox 1271 4327 1326 4388; x_wconf 88' lang='lat' dir='ltr'>sibi</span> <span class='ocrx_word' id='word_1_641' title='bbox 1344 4349 1396 4389; x_wconf 91' lang='lat' dir='ltr'>non</span> <span class='ocrx_word' id='word_1_642' title='bbox 1410 4330 1549 4394; x_wconf 81' lang='lat' dir='ltr'>ademisse.</span> <span class='ocrx_word' id='word_1_643' title='bbox 1563 4336 1639 4410; x_wconf 84' lang='lat' dir='ltr'>Quid</span> 
     </span>
     <span class='ocr_line' id='line_1_44' title="bbox 897 4421 1637 4511; baseline 0.009 -26"><span class='ocrx_word' id='word_1_644' title='bbox 897 4441 936 4488; x_wconf 80' lang='grc' dir='ltr'>εει</span> <span class='ocrx_word' id='word_1_645' title='bbox 959 4444 1023 4506; x_wconf 88' lang='lat' dir='ltr'>ergo</span> <span class='ocrx_word' id='word_1_646' title='bbox 1044 4422 1124 4498; x_wconf 88' lang='lat' dir='ltr'>illud,</span> <span class='ocrx_word' id='word_1_647' title='bbox 1152 4421 1237 4500; x_wconf 84' lang='lat' dir='ltr'>Quod</span> <span class='ocrx_word' id='word_1_648' title='bbox 1254 4423 1344 4481; x_wconf 74' lang='lat' dir='ltr'>notor</span> <span class='ocrx_word' id='word_1_649' title='bbox 1364 4423 1447 4496; x_wconf 89' lang='lat' dir='ltr'>Quod</span> <span class='ocrx_word' id='word_1_650' title='bbox 1467 4446 1522 4487; x_wconf 92' lang='lat' dir='ltr'>non</span> <span class='ocrx_word' id='word_1_651' title='bbox 1543 4429 1637 4511; x_wconf 90' lang='lat' dir='ltr'>laudo,</span> 
     </span>
     <span class='ocr_line' id='line_1_45' title="bbox 899 4512 1638 4602; baseline 0.008 -24"><span class='ocrx_word' id='word_1_652' title='bbox 899 4517 973 4599; x_wconf 84' lang='lat' dir='ltr'>quod</span> <span class='ocrx_word' id='word_1_653' title='bbox 993 4536 1047 4575; x_wconf 91' lang='lat' dir='ltr'>uon</span> <span class='ocrx_word' id='word_1_654' title='bbox 1065 4513 1164 4596; x_wconf 88' lang='lat' dir='ltr'>probo,</span> <span class='ocrx_word' id='word_1_655' title='bbox 1186 4512 1261 4591; x_wconf 82' lang='lat' dir='ltr'>quod</span> <span class='ocrx_word' id='word_1_656' title='bbox 1280 4533 1334 4573; x_wconf 91' lang='lat' dir='ltr'>non</span> <span class='ocrx_word' id='word_1_657' title='bbox 1349 4537 1428 4593; x_wconf 70' lang='lat' dir='ltr'>amo,</span> <span class='ocrx_word' id='word_1_658' title='bbox 1453 4516 1488 4578; x_wconf 85' lang='lat' dir='ltr'>ad</span> <span class='ocrx_word' id='word_1_659' title='bbox 1501 4521 1579 4602; x_wconf 84' lang='lat' dir='ltr'>cujus</span> <span class='ocrx_word' id='word_1_660' title='bbox 1598 4525 1638 4585; x_wconf 89' lang='lat' dir='ltr'>rei</span> 
     </span>
     <span class='ocr_line' id='line_1_46' title="bbox 897 4604 1636 4691; baseline 0.003 -20"><span class='ocrx_word' id='word_1_661' title='bbox 897 4607 1124 4691; x_wconf 87' lang='lat' dir='ltr'>comparationem</span> <span class='ocrx_word' id='word_1_662' title='bbox 1133 4604 1269 4685; x_wconf 86' lang='lat' dir='ltr'>saquemia</span> <span class='ocrx_word' id='word_1_663' title='bbox 1277 4604 1400 4684; x_wconf 88' lang='lat' dir='ltr'>addidit,</span> <span class='ocrx_word' id='word_1_664' title='bbox 1411 4609 1470 4669; x_wconf 85' lang='lat' dir='ltr'>Sed</span> <span class='ocrx_word' id='word_1_665' title='bbox 1479 4613 1561 4691; x_wconf 80' lang='lat' dir='ltr'>quod</span> <span class='ocrx_word' id='word_1_666' title='bbox 1575 4616 1636 4687; x_wconf 83' lang='lat' dir='ltr'>odi,</span> 
     </span>
     <span class='ocr_line' id='line_1_47' title="bbox 899 4699 1639 4788; baseline 0.004 -24"><span class='ocrx_word' id='word_1_667' title='bbox 899 4706 955 4764; x_wconf 75' lang='lat' dir='ltr'>hoc</span> <span class='ocrx_word' id='word_1_668' title='bbox 961 4699 1111 4784; x_wconf 76' lang='lat' dir='ltr'>saciotti.</span> <span class='ocrx_word' id='word_1_669' title='bbox 1122 4699 1153 4760; x_wconf 85' lang='lat' dir='ltr'>Si</span> <span class='ocrx_word' id='word_1_670' title='bbox 1163 4713 1263 4759; x_wconf 84' lang='lat' dir='ltr'>autem</span> <span class='ocrx_word' id='word_1_671' title='bbox 1275 4701 1356 4779; x_wconf 80' lang='lat' dir='ltr'>quod</span> <span class='ocrx_word' id='word_1_672' title='bbox 1366 4702 1445 4774; x_wconf 83' lang='lat' dir='ltr'>nolo,</span> <span class='ocrx_word' id='word_1_673' title='bbox 1461 4704 1639 4788; x_wconf 81' lang='lat' dir='ltr'>illudsacio,</span> 
     </span>
     <span class='ocr_line' id='line_1_48' title="bbox 899 4792 1363 4872; baseline -0.011 -15"><span class='ocrx_word' id='word_1_674' title='bbox 899 4797 1049 4857; x_wconf 79' lang='lat' dir='ltr'>consentio</span> <span class='ocrx_word' id='word_1_675' title='bbox 1063 4792 1120 4872; x_wconf 80' lang='lat' dir='ltr'>legi</span> <span class='ocrx_word' id='word_1_676' title='bbox 1133 4792 1212 4871; x_wconf 83' lang='lat' dir='ltr'>quod</span> <span class='ocrx_word' id='word_1_677' title='bbox 1224 4795 1301 4850; x_wconf 83' lang='lat' dir='ltr'>bono</span> <span class='ocrx_word' id='word_1_678' title='bbox 1316 4796 1363 4852; x_wconf 83' lang='lat' dir='ltr'>sit.</span> 
     </span>
     <span class='ocr_line' id='line_1_49' title="bbox 91 4883 1643 4973; baseline 0.001 -24"><span class='ocrx_word' id='word_1_679' title='bbox 91 4910 95 4917; x_wconf 54' lang='lat'>¹</span> <span class='ocrx_word' id='word_1_680' title='bbox 114 4887 199 4973; x_wconf 77' lang='grc' dir='ltr'>Ὁρᾷς</span> <span class='ocrx_word' id='word_1_681' title='bbox 217 4888 283 4958; x_wconf 77' lang='grc' dir='ltr'>τέως</span> <span class='ocrx_word' id='word_1_682' title='bbox 296 4888 344 4964; x_wconf 79' lang='grc' dir='ltr'>τήν</span> <span class='ocrx_word' id='word_1_683' title='bbox 356 4889 470 4950; x_wconf 86' lang='grc' dir='ltr'>διάνοιαν</span> <span class='ocrx_word' id='word_1_684' title='bbox 482 4891 512 4949; x_wconf 83' lang='grc' dir='ltr'>οὗ</span> <span class='ocrx_word' id='word_1_685' title='bbox 527 4890 728 4973; x_wconf 81' lang='grc' dir='ltr'>διεφθαρμίνην,</span> <span class='ocrx_word' id='word_1_686' title='bbox 739 4892 808 4952; x_wconf 72' lang='grc' dir='ltr'>ἀλλὰ</span> <span class='ocrx_word' id='word_1_687' title='bbox 818 4895 845 4952; x_wconf 78' lang='grc' dir='ltr'>ἐν</span> <span class='ocrx_word' id='word_1_688' title='bbox 939 4893 968 4950; x_wconf 77' lang='lat'>2.</span> <span class='ocrx_word' id='word_1_689' title='bbox 984 4884 1083 4949; x_wconf 79' lang='lat' dir='ltr'>Viden’</span> <span class='ocrx_word' id='word_1_690' title='bbox 1093 4883 1201 4944; x_wconf 83' lang='lat' dir='ltr'>interim</span> <span class='ocrx_word' id='word_1_691' title='bbox 1214 4903 1267 4943; x_wconf 88' lang='lat' dir='ltr'>uon</span> <span class='ocrx_word' id='word_1_692' title='bbox 1280 4887 1434 4966; x_wconf 78' lang='lat' dir='ltr'>corruptam</span> <span class='ocrx_word' id='word_1_693' title='bbox 1447 4900 1564 4949; x_wconf 87' lang='lat' dir='ltr'>mentem</span> <span class='ocrx_word' id='word_1_694' title='bbox 1574 4934 1582 4964; x_wconf 92' lang='lat'>,</span> <span class='ocrx_word' id='word_1_695' title='bbox 1594 4892 1643 4952; x_wconf 84' lang='lat' dir='ltr'>sed</span> 
     </span>
     <span class='ocr_line' id='line_1_50' title="bbox 74 4976 1640 5066; baseline 0.003 -24"><span class='ocrx_word' id='word_1_696' title='bbox 74 4984 109 5061; x_wconf 79' lang='grc' dir='ltr'>τῇ</span> <span class='ocrx_word' id='word_1_697' title='bbox 123 4983 216 5064; x_wconf 72' lang='grc' dir='ltr'>πράξει</span> <span class='ocrx_word' id='word_1_698' title='bbox 228 4983 276 5056; x_wconf 81' lang='grc' dir='ltr'>τήν</span> <span class='ocrx_word' id='word_1_699' title='bbox 293 4981 392 5044; x_wconf 78' lang='grc' dir='ltr'>οἰκείαν</span> <span class='ocrx_word' id='word_1_700' title='bbox 404 4987 576 5066; x_wconf 64' lang='lat' dir='ltr'>erumpemus</span> <span class='ocrx_word' id='word_1_701' title='bbox 590 4983 733 5063; x_wconf 77' lang='grc' dir='ltr'>εὐγάνειαν;</span> <span class='ocrx_word' id='word_1_702' title='bbox 747 4987 782 5044; x_wconf 82' lang='lat' dir='ltr'>Ei</span> <span class='ocrx_word' id='word_1_703' title='bbox 795 4983 847 5066; x_wconf 71' lang='grc' dir='ltr'>γάρ</span> <span class='ocrx_word' id='word_1_704' title='bbox 901 4983 929 5042; x_wconf 88' lang='lat' dir='ltr'>in</span> <span class='ocrx_word' id='word_1_705' title='bbox 950 5000 1029 5061; x_wconf 72' lang='lat' dir='ltr'>opere</span> <span class='ocrx_word' id='word_1_706' title='bbox 1047 4976 1215 5038; x_wconf 67' lang='lat' dir='ltr'>nobilitatem</span> <span class='ocrx_word' id='word_1_707' title='bbox 1240 4994 1316 5035; x_wconf 63' lang='lat' dir='ltr'>§llam</span> <span class='ocrx_word' id='word_1_708' title='bbox 1331 4979 1505 5039; x_wconf 61' lang='lat' dir='ltr'>servantem?</span> <span class='ocrx_word' id='word_1_709' title='bbox 1522 4980 1640 5054; x_wconf 76' lang='lat' dir='ltr'>Quodsi</span> 
     </span>
    </p>
   </div>
   <div class='ocr_carea' id='block_1_3' title="bbox 113 5175 1509 5304">
    <p class='ocr_par' dir='ltr' id='par_1_3' title="bbox 113 5175 1509 5304">
     <span class='ocr_line' id='line_1_51' title="bbox 113 5175 699 5244; baseline 0.005 -18"><span class='ocrx_word' id='word_1_710' title='bbox 113 5194 124 5217; x_wconf 86' lang='grc' dir='ltr'>ι</span> <span class='ocrx_word' id='word_1_711' title='bbox 140 5175 228 5230; x_wconf 80' lang='grc' dir='ltr'>θίοτεΙ.</span> <span class='ocrx_word' id='word_1_712' title='bbox 243 5184 282 5241; x_wconf 80' lang='grc' dir='ltr'>εδ,</span> <span class='ocrx_word' id='word_1_713' title='bbox 295 5184 320 5231; x_wconf 77' lang='grc' dir='ltr'>αλ</span> <span class='ocrx_word' id='word_1_714' title='bbox 331 5183 401 5244; x_wconf 75' lang='lat' dir='ltr'>otta,</span> <span class='ocrx_word' id='word_1_715' title='bbox 415 5189 440 5228; x_wconf 90' lang='lat' dir='ltr'>ct</span> <span class='ocrx_word' id='word_1_716' title='bbox 451 5176 486 5228; x_wconf 89' lang='lat' dir='ltr'>sic</span> <span class='ocrx_word' id='word_1_717' title='bbox 499 5178 562 5229; x_wconf 84' lang='lat' dir='ltr'>inira</span> <span class='ocrx_word' id='word_1_718' title='bbox 575 5189 622 5244; x_wconf 86' lang='lat' dir='ltr'>ter,</span> <span class='ocrx_word' id='word_1_719' title='bbox 634 5176 699 5229; x_wconf 88' lang='lat' dir='ltr'>maie</span> 
     </span>
     <span class='ocr_line' id='line_1_52' title="bbox 223 5241 1509 5304; baseline 0.001 -4"><span class='ocrx_word' id='word_1_720' title='bbox 223 5263 295 5304; x_wconf 78' lang='lat' dir='ltr'>nors.</span> <span class='ocrx_word' id='word_1_721' title='bbox 321 5265 360 5301; x_wconf 79' lang='lat' dir='ltr'>tx.</span> <span class='ocrx_word' id='word_1_722' title='bbox 1469 5241 1509 5301; x_wconf 62' lang='lat'>15</span> 
     </span>
    </p>
   </div>
   <div class='ocr_carea' id='block_1_4' title="bbox 0 0 1874 5978">
    <p class='ocr_par' dir='ltr' id='par_1_4' title="bbox 0 0 1874 5978">
     <span class='ocr_line' id='line_1_53' title="bbox 0 0 1874 5978; baseline 0 0"><span class='ocrx_word' id='word_1_723' title='bbox 0 0 1874 5978; x_wconf 95' lang='lat' dir='ltr'> </span> 
     </span>
    </p>
   </div>
  </div>
 </body>
</html>
