<?xml version="1.0" encoding="UTF-8"?>
<!DOCTYPE html PUBLIC "-//W3C//DTD XHTML 1.0 Transitional//EN"
    "http://www.w3.org/TR/xhtml1/DTD/xhtml1-transitional.dtd">
<html xmlns="http://www.w3.org/1999/xhtml" xml:lang="en" lang="en">
 <head>
  <title>
</title>
<meta http-equiv="Content-Type" content="text/html;charset=utf-8" />
  <meta name='ocr-system' content='tesseract 3.04.00' />
  <meta name='ocr-capabilities' content='ocr_page ocr_carea ocr_par ocr_line ocrx_word'/>
</head>
<body>
  <div class='ocr_page' id='page_1' title='image "./sanctipatrisnos01chrygoog/sanctipatrisnos01chrygoog_0509.png"; bbox 0 0 3728 5978; ppageno 0'>
   <div class='ocr_carea' id='block_1_1' title="bbox 233 436 1454 532">
    <p class='ocr_par' dir='ltr' id='par_1_1' title="bbox 233 436 1454 532">
     <span class='ocr_line' id='line_1_1' title="bbox 233 436 1454 532; baseline -0.004 -21"><span class='ocrx_word' id='word_1_1' title='bbox 233 436 307 532; x_wconf 74' lang='grc'>464</span> <span class='ocrx_word' id='word_1_2' title='bbox 573 458 600 507; x_wconf 83' lang='lat' dir='ltr'><strong>s.</strong></span> <span class='ocrx_word' id='word_1_3' title='bbox 626 457 765 506; x_wconf 72' lang='lat' dir='ltr'><strong>noturus</strong></span> <span class='ocrx_word' id='word_1_4' title='bbox 791 455 972 506; x_wconf 83' lang='lat' dir='ltr'><strong>cuursosr.</strong></span> <span class='ocrx_word' id='word_1_5' title='bbox 1001 454 1157 506; x_wconf 78' lang='lat' dir='ltr'><strong>tuemur.</strong></span> <span class='ocrx_word' id='word_1_6' title='bbox 1183 449 1454 511; x_wconf 74' lang='lat' dir='ltr'><strong>cousrrurrron:</strong></span> 
     </span>
    </p>
   </div>
   <div class='ocr_carea' id='block_1_2' title="bbox 230 579 1799 1035">
    <p class='ocr_par' dir='ltr' id='par_1_2' title="bbox 230 579 1799 1035">
     <span class='ocr_line' id='line_1_2' title="bbox 232 579 1799 665; baseline 0.001 -21"><span class='ocrx_word' id='word_1_7' title='bbox 232 586 303 645; x_wconf 90' lang='lat' dir='ltr'><strong>banc</strong></span> <span class='ocrx_word' id='word_1_8' title='bbox 314 582 529 664; x_wconf 80' lang='lat' dir='ltr'><strong>disquisitionem</strong></span> <span class='ocrx_word' id='word_1_9' title='bbox 543 582 707 663; x_wconf 84' lang='lat' dir='ltr'><strong>superlluam</strong></span> <span class='ocrx_word' id='word_1_10' title='bbox 724 595 751 640; x_wconf 89' lang='lat' dir='ltr'>et</span> <span class='ocrx_word' id='word_1_11' title='bbox 769 602 804 641; x_wconf 82' lang='lat' dir='ltr'>ex</span> <span class='ocrx_word' id='word_1_12' title='bbox 823 579 976 639; x_wconf 79' lang='lat' dir='ltr'><strong>curiositate</strong></span> <span class='ocrx_word' id='word_1_13' title='bbox 991 587 1009 634; x_wconf 84' lang='lat' dir='ltr'><strong>E</strong></span> <span class='ocrx_word' id='word_1_14' title='bbox 1028 580 1096 661; x_wconf 79' lang='grc' dir='ltr'>μηδὲ</span> <span class='ocrx_word' id='word_1_15' title='bbox 1108 583 1259 664; x_wconf 74' lang='grc' dir='ltr'>περιεργίας</span> <span class='ocrx_word' id='word_1_16' title='bbox 1268 588 1393 665; x_wconf 77' lang='grc' dir='ltr'>περιττῆς</span> <span class='ocrx_word' id='word_1_17' title='bbox 1405 583 1452 658; x_wconf 65' lang='grc' dir='ltr'>τὴν</span> <span class='ocrx_word' id='word_1_18' title='bbox 1465 585 1590 658; x_wconf 79' lang='grc' dir='ltr'>τοιαύτην</span> <span class='ocrx_word' id='word_1_19' title='bbox 1604 585 1726 664; x_wconf 78' lang='grc' dir='ltr'>ἔρευναν·</span> <span class='ocrx_word' id='word_1_20' title='bbox 1741 610 1799 646; x_wconf 86' lang='grc' dir='ltr'>συν·</span> 
     </span>
     <span class='ocr_line' id='line_1_3' title="bbox 232 671 1797 759; baseline 0.002 -25"><span class='ocrx_word' id='word_1_21' title='bbox 232 675 291 735; x_wconf 85' lang='lat' dir='ltr'><strong>licri</strong></span> <span class='ocrx_word' id='word_1_22' title='bbox 302 685 390 757; x_wconf 88' lang='lat' dir='ltr'><strong>putet:</strong></span> <span class='ocrx_word' id='word_1_23' title='bbox 402 696 465 734; x_wconf 89' lang='lat' dir='ltr'><strong>narn</strong></span> <span class='ocrx_word' id='word_1_24' title='bbox 475 675 648 756; x_wconf 90' lang='lat' dir='ltr'><strong>epistolarum</strong></span> <span class='ocrx_word' id='word_1_25' title='bbox 657 687 762 756; x_wconf 89' lang='lat' dir='ltr'><strong>tempus</strong></span> <span class='ocrx_word' id='word_1_26' title='bbox 770 694 823 733; x_wconf 91' lang='lat' dir='ltr'>nou</span> <span class='ocrx_word' id='word_1_27' title='bbox 831 693 927 754; x_wconf 85' lang='lat' dir='ltr'><strong>parum</strong></span> <span class='ocrx_word' id='word_1_28' title='bbox 939 671 976 732; x_wconf 93' lang='lat' dir='ltr'>ad</span> <span class='ocrx_word' id='word_1_29' title='bbox 1027 675 1097 734; x_wconf 84' lang='grc' dir='ltr'>τελεῖ</span> <span class='ocrx_word' id='word_1_30' title='bbox 1117 675 1169 755; x_wconf 73' lang='grc' dir='ltr'>γὰρ</span> <span class='ocrx_word' id='word_1_31' title='bbox 1189 680 1254 755; x_wconf 74' lang='grc' dir='ltr'>ἡμῖν</span> <span class='ocrx_word' id='word_1_32' title='bbox 1271 678 1336 759; x_wconf 84' lang='grc' dir='ltr'>πρδς</span> <span class='ocrx_word' id='word_1_33' title='bbox 1351 678 1385 736; x_wconf 73' lang='grc' dir='ltr'>τὰ</span> <span class='ocrx_word' id='word_1_34' title='bbox 1405 676 1551 756; x_wconf 82' lang='grc' dir='ltr'>ζητούμενα</span> <span class='ocrx_word' id='word_1_35' title='bbox 1566 682 1596 738; x_wconf 86' lang='grc' dir='ltr'>ού</span> <span class='ocrx_word' id='word_1_36' title='bbox 1610 677 1705 757; x_wconf 83' lang='grc' dir='ltr'>μικρὸν</span> <span class='ocrx_word' id='word_1_37' title='bbox 1723 682 1797 738; x_wconf 78' lang='grc' dir='ltr'>ὁτῶν</span> 
     </span>
     <span class='ocr_line' id='line_1_4' title="bbox 232 764 1798 850; baseline 0.002 -23"><span class='ocrx_word' id='word_1_38' title='bbox 232 768 345 847; x_wconf 80' lang='lat' dir='ltr'><strong>quaesita</strong></span> <span class='ocrx_word' id='word_1_39' title='bbox 360 767 489 829; x_wconf 87' lang='lat' dir='ltr'><strong>solvenda</strong></span> <span class='ocrx_word' id='word_1_40' title='bbox 507 768 615 828; x_wconf 82' lang='lat' dir='ltr'><strong>confert.</strong></span> <span class='ocrx_word' id='word_1_41' title='bbox 630 769 700 827; x_wconf 88' lang='lat' dir='ltr'>Cum</span> <span class='ocrx_word' id='word_1_42' title='bbox 712 767 784 826; x_wconf 91' lang='lat' dir='ltr'><strong>euim</strong></span> <span class='ocrx_word' id='word_1_43' title='bbox 800 765 882 826; x_wconf 81' lang='lat' dir='ltr'><strong>video</strong></span> <span class='ocrx_word' id='word_1_44' title='bbox 899 768 973 825; x_wconf 87' lang='lat' dir='ltr'><strong>Pau·</strong></span> <span class='ocrx_word' id='word_1_45' title='bbox 1027 766 1171 826; x_wconf 72' lang='grc' dir='ltr'>ἐπιστολῶν</span> <span class='ocrx_word' id='word_1_46' title='bbox 1188 764 1290 848; x_wconf 75' lang='grc' dir='ltr'>χρόνος.</span> <span class='ocrx_word' id='word_1_47' title='bbox 1304 766 1391 829; x_wconf 84' lang='grc' dir='ltr'>Ὅταν</span> <span class='ocrx_word' id='word_1_48' title='bbox 1403 767 1457 850; x_wconf 74' lang='grc' dir='ltr'>γὰρ</span> <span class='ocrx_word' id='word_1_49' title='bbox 1468 769 1516 828; x_wconf 88' lang='grc' dir='ltr'>ίδω</span> <span class='ocrx_word' id='word_1_50' title='bbox 1529 768 1677 848; x_wconf 83' lang='grc' dir='ltr'>Ῥωμαίοις</span> <span class='ocrx_word' id='word_1_51' title='bbox 1687 770 1732 830; x_wconf 81' lang='grc' dir='ltr'>καί</span> <span class='ocrx_word' id='word_1_52' title='bbox 1744 773 1798 830; x_wconf 86' lang='grc' dir='ltr'>Ιίο-</span> 
     </span>
     <span class='ocr_line' id='line_1_5' title="bbox 231 858 1798 942; baseline 0 -22"><span class='ocrx_word' id='word_1_53' title='bbox 231 862 290 920; x_wconf 90' lang='lat' dir='ltr'>lum</span> <span class='ocrx_word' id='word_1_54' title='bbox 310 861 438 921; x_wconf 81' lang='lat' dir='ltr'><strong>Romanis</strong></span> <span class='ocrx_word' id='word_1_55' title='bbox 458 873 484 921; x_wconf 89' lang='lat' dir='ltr'>et</span> <span class='ocrx_word' id='word_1_56' title='bbox 503 859 705 920; x_wconf 81' lang='lat' dir='ltr'><strong>Colossensibus</strong></span> <span class='ocrx_word' id='word_1_57' title='bbox 726 860 761 921; x_wconf 91' lang='lat' dir='ltr'>de</span> <span class='ocrx_word' id='word_1_58' title='bbox 777 858 873 918; x_wconf 89' lang='lat' dir='ltr'><strong>iisdem</strong></span> <span class='ocrx_word' id='word_1_59' title='bbox 895 859 975 917; x_wconf 91' lang='lat' dir='ltr'><strong>rebus</strong></span> <span class='ocrx_word' id='word_1_60' title='bbox 1026 858 1182 919; x_wconf 87' lang='grc' dir='ltr'>λοσσαεῦσιν</span> <span class='ocrx_word' id='word_1_61' title='bbox 1199 858 1265 942; x_wconf 79' lang='grc' dir='ltr'>ὑπὲρ</span> <span class='ocrx_word' id='word_1_62' title='bbox 1284 863 1337 919; x_wconf 81' lang='grc' dir='ltr'>τῶν</span> <span class='ocrx_word' id='word_1_63' title='bbox 1358 864 1446 921; x_wconf 81' lang='grc' dir='ltr'>αὐτῶν</span> <span class='ocrx_word' id='word_1_64' title='bbox 1461 860 1510 938; x_wconf 79' lang='grc' dir='ltr'>μὲν</span> <span class='ocrx_word' id='word_1_65' title='bbox 1524 861 1729 936; x_wconf 72' lang='grc' dir='ltr'>ἐπιστέλλοντα,</span> <span class='ocrx_word' id='word_1_66' title='bbox 1751 864 1798 940; x_wconf 80' lang='grc' dir='ltr'>οιέγΙ</span> 
     </span>
     <span class='ocr_line' id='line_1_6' title="bbox 230 949 1798 1035; baseline -0.001 -23"><span class='ocrx_word' id='word_1_67' title='bbox 230 953 356 1031; x_wconf 77' lang='lat' dir='ltr'><strong>seribere,</strong></span> <span class='ocrx_word' id='word_1_68' title='bbox 370 974 457 1034; x_wconf 90' lang='lat' dir='ltr'><strong>neque</strong></span> <span class='ocrx_word' id='word_1_69' title='bbox 470 967 559 1014; x_wconf 70' lang='lat' dir='ltr'><strong>tanmu</strong></span> <span class='ocrx_word' id='word_1_70' title='bbox 576 952 659 1013; x_wconf 89' lang='lat' dir='ltr'><strong>simili</strong></span> <span class='ocrx_word' id='word_1_71' title='bbox 673 952 764 1028; x_wconf 87' lang='lat' dir='ltr'><strong>modo,</strong></span> <span class='ocrx_word' id='word_1_72' title='bbox 781 951 828 1011; x_wconf 89' lang='lat' dir='ltr'>sed</span> <span class='ocrx_word' id='word_1_73' title='bbox 842 950 897 1011; x_wconf 91' lang='lat' dir='ltr'><strong>illis</strong></span> <span class='ocrx_word' id='word_1_74' title='bbox 912 972 975 1011; x_wconf 89' lang='lat' dir='ltr'>cum</span> <span class='ocrx_word' id='word_1_75' title='bbox 1025 949 1158 1029; x_wconf 84' lang='grc' dir='ltr'>ὁμοίωςδέ</span> <span class='ocrx_word' id='word_1_76' title='bbox 1167 950 1401 1035; x_wconf 80' lang='grc' dir='ltr'>θπέρτῶναθιῶν,</span> <span class='ocrx_word' id='word_1_77' title='bbox 1413 955 1471 1013; x_wconf 76' lang='grc' dir='ltr'>ἄλλ’</span> <span class='ocrx_word' id='word_1_78' title='bbox 1481 952 1588 1021; x_wconf 85' lang='grc' dir='ltr'>ἐκείνοις</span> <span class='ocrx_word' id='word_1_79' title='bbox 1596 952 1645 1033; x_wconf 70' lang='grc' dir='ltr'>μὲν</span> <span class='ocrx_word' id='word_1_80' title='bbox 1656 953 1726 1034; x_wconf 73' lang='grc' dir='ltr'>μετὰ</span> <span class='ocrx_word' id='word_1_81' title='bbox 1735 954 1798 1012; x_wconf 89' lang='grc' dir='ltr'>πολ-</span> 
     </span>
    </p>
   </div>
   <div class='ocr_carea' id='block_1_3' title="bbox 80 1043 1797 1128">
    <p class='ocr_par' dir='ltr' id='par_1_3' title="bbox 80 1043 1797 1128">
     <span class='ocr_line' id='line_1_7' title="bbox 80 1043 1797 1128; baseline -0.003 -18"><span class='ocrx_word' id='word_1_82' title='bbox 80 1065 149 1111; x_wconf 73' lang='lat' dir='ltr'>um.</span> <span class='ocrx_word' id='word_1_83' title='bbox 159 1067 220 1126; x_wconf 58' lang='grc' dir='ltr'>ιρι.</span> <span class='ocrx_word' id='word_1_84' title='bbox 230 1044 398 1126; x_wconf 76' lang='lat' dir='ltr'><strong>indulgentia</strong></span> <span class='ocrx_word' id='word_1_85' title='bbox 408 1067 517 1126; x_wconf 77' lang='lat' dir='ltr'><strong>magna,</strong></span> <span class='ocrx_word' id='word_1_86' title='bbox 528 1058 558 1104; x_wconf 90' lang='lat' dir='ltr'>ut</span> <span class='ocrx_word' id='word_1_87' title='bbox 569 1067 631 1105; x_wconf 89' lang='lat' dir='ltr'>cum</span> <span class='ocrx_word' id='word_1_88' title='bbox 644 1044 721 1121; x_wconf 87' lang='lat' dir='ltr'><strong>dicit,</strong></span> <span class='ocrx_word' id='word_1_89' title='bbox 735 1047 891 1127; x_wconf 76' lang='lat' dir='ltr'><strong>infirmum</strong></span> <span class='ocrx_word' id='word_1_90' title='bbox 902 1065 975 1104; x_wconf 82' lang='lat' dir='ltr'><strong>vero</strong></span> <span class='ocrx_word' id='word_1_91' title='bbox 1025 1044 1073 1113; x_wconf 81' lang='grc' dir='ltr'>λῆς</span> <span class='ocrx_word' id='word_1_92' title='bbox 1086 1046 1134 1116; x_wconf 78' lang='grc' dir='ltr'>τῆς</span> <span class='ocrx_word' id='word_1_93' title='bbox 1143 1043 1378 1124; x_wconf 80' lang='grc' dir='ltr'>συγκαταθάσεως,</span> <span class='ocrx_word' id='word_1_94' title='bbox 1393 1051 1428 1114; x_wconf 81' lang='grc' dir='ltr'>ὡς</span> <span class='ocrx_word' id='word_1_95' title='bbox 1442 1045 1505 1106; x_wconf 78' lang='grc' dir='ltr'>ὅταν</span> <span class='ocrx_word' id='word_1_96' title='bbox 1515 1045 1597 1128; x_wconf 68' lang='lat' dir='ltr'><strong>iti-sp·</strong></span> <span class='ocrx_word' id='word_1_97' title='bbox 1613 1047 1668 1107; x_wconf 81' lang='grc' dir='ltr'>Τον</span> <span class='ocrx_word' id='word_1_98' title='bbox 1680 1045 1708 1106; x_wconf 81' lang='grc' dir='ltr'>δί</span> <span class='ocrx_word' id='word_1_99' title='bbox 1719 1049 1797 1105; x_wconf 79' lang='grc' dir='ltr'>ἀσθε-</span> 
     </span>
    </p>
   </div>
   <div class='ocr_carea' id='block_1_4' title="bbox 228 1135 1799 1494">
    <p class='ocr_par' dir='ltr' id='par_1_4' title="bbox 228 1135 1799 1494">
     <span class='ocr_line' id='line_1_8' title="bbox 231 1135 1798 1221; baseline -0.002 -24"><span class='ocrx_word' id='word_1_100' title='bbox 231 1142 262 1198; x_wconf 81' lang='lat' dir='ltr'>tn</span> <span class='ocrx_word' id='word_1_101' title='bbox 265 1139 333 1221; x_wconf 76' lang='lat' dir='ltr'>fide</span> <span class='ocrx_word' id='word_1_102' title='bbox 342 1143 491 1211; x_wconf 81' lang='lat' dir='ltr'><strong>assumite,</strong></span> <span class='ocrx_word' id='word_1_103' title='bbox 504 1160 563 1198; x_wconf 84' lang='lat' dir='ltr'>non</span> <span class='ocrx_word' id='word_1_104' title='bbox 573 1143 604 1197; x_wconf 85' lang='lat' dir='ltr'><strong>r‘n</strong></span> <span class='ocrx_word' id='word_1_105' title='bbox 613 1141 874 1219; x_wconf 79' lang='lat' dir='ltr'><strong>disceptationibus</strong></span> <span class='ocrx_word' id='word_1_106' title='bbox 884 1142 974 1196; x_wconf 83' lang='lat' dir='ltr'><strong>ratio-</strong></span> <span class='ocrx_word' id='word_1_107' title='bbox 1025 1135 1165 1215; x_wconf 81' lang='grc' dir='ltr'>νοῦντατῇ</span> <span class='ocrx_word' id='word_1_108' title='bbox 1183 1135 1272 1195; x_wconf 80' lang='grc' dir='ltr'>πίστει</span> <span class='ocrx_word' id='word_1_109' title='bbox 1289 1136 1538 1218; x_wconf 79' lang='grc' dir='ltr'>προσλαμθάνεσθε,</span> <span class='ocrx_word' id='word_1_110' title='bbox 1558 1137 1595 1215; x_wconf 76' lang='grc' dir='ltr'>μὴ</span> <span class='ocrx_word' id='word_1_111' title='bbox 1607 1140 1643 1206; x_wconf 86' lang='grc' dir='ltr'>εἰς</span> <span class='ocrx_word' id='word_1_112' title='bbox 1655 1136 1798 1219; x_wconf 73' lang='grc' dir='ltr'>διακρίσεις</span> 
     </span>
     <span class='ocr_line' id='line_1_9' title="bbox 230 1227 1798 1311; baseline -0.004 -19"><span class='ocrx_word' id='word_1_113' title='bbox 230 1236 396 1292; x_wconf 83' lang='lat' dir='ltr'><strong>cirtiorum:</strong></span> <span class='ocrx_word' id='word_1_114' title='bbox 420 1233 499 1292; x_wconf 85' lang='lat' dir='ltr'><strong>alius</strong></span> <span class='ocrx_word' id='word_1_115' title='bbox 522 1233 639 1311; x_wconf 84' lang='lat' dir='ltr'><strong>quidem</strong></span> <span class='ocrx_word' id='word_1_116' title='bbox 659 1232 750 1291; x_wconf 86' lang='lat' dir='ltr'><strong>credit</strong></span> <span class='ocrx_word' id='word_1_117' title='bbox 774 1253 805 1291; x_wconf 92' lang='lat' dir='ltr'>se</span> <span class='ocrx_word' id='word_1_118' title='bbox 826 1230 975 1289; x_wconf 83' lang='lat' dir='ltr'>comedere</span> <span class='ocrx_word' id='word_1_119' title='bbox 1026 1227 1257 1307; x_wconf 69' lang='grc' dir='ltr'>διαλογισμιῦνθς</span> <span class='ocrx_word' id='word_1_120' title='bbox 1266 1228 1314 1307; x_wconf 78' lang='grc' dir='ltr'>μὲν</span> <span class='ocrx_word' id='word_1_121' title='bbox 1323 1231 1443 1290; x_wconf 87' lang='grc' dir='ltr'>πιστεύει</span> <span class='ocrx_word' id='word_1_122' title='bbox 1451 1227 1798 1310; x_wconf 79' lang='grc' dir='ltr'>ραγεῖνπάντα·δδίἀσθε-</span> 
     </span>
     <span class='ocr_line' id='line_1_10' title="bbox 228 1318 1799 1409; baseline -0.006 -22"><span class='ocrx_word' id='word_1_123' title='bbox 228 1347 314 1407; x_wconf 85' lang='lat' dir='ltr'><strong>posse</strong></span> <span class='ocrx_word' id='word_1_124' title='bbox 332 1328 458 1397; x_wconf 68' lang='grc' dir='ltr'>οιίιιιίας</span> <span class='ocrx_word' id='word_1_125' title='bbox 474 1332 536 1408; x_wconf 77' lang='lat' dir='ltr'><strong>&#39;qut&#39;</strong></span> <span class='ocrx_word' id='word_1_126' title='bbox 552 1341 650 1387; x_wconf 83' lang='lat' dir='ltr'><strong>autem</strong></span> <span class='ocrx_word' id='word_1_127' title='bbox 668 1328 804 1409; x_wconf 80' lang='lat' dir='ltr'><strong>infirmus</strong></span> <span class='ocrx_word' id='word_1_128' title='bbox 822 1339 876 1399; x_wconf 86' lang='lat' dir='ltr'><strong>est,</strong></span> <span class='ocrx_word' id='word_1_129' title='bbox 894 1326 975 1384; x_wconf 80' lang='lat' dir='ltr'><strong>olera</strong></span> <span class='ocrx_word' id='word_1_130' title='bbox 1026 1321 1077 1377; x_wconf 81' lang='grc' dir='ltr'>νῶν</span> <span class='ocrx_word' id='word_1_131' title='bbox 1089 1318 1196 1400; x_wconf 81' lang='grc' dir='ltr'>λάχανα</span> <span class='ocrx_word' id='word_1_132' title='bbox 1214 1321 1308 1380; x_wconf 81' lang='grc' dir='ltr'>ἐσθίει·</span> <span class='ocrx_word' id='word_1_133' title='bbox 1331 1323 1511 1382; x_wconf 88' lang='grc' dir='ltr'>Κολοσσαεῦσι</span> <span class='ocrx_word' id='word_1_134' title='bbox 1531 1320 1560 1380; x_wconf 86' lang='grc' dir='ltr'>δέ</span> <span class='ocrx_word' id='word_1_135' title='bbox 1580 1325 1629 1403; x_wconf 78' lang='grc' dir='ltr'>οὐχ</span> <span class='ocrx_word' id='word_1_136' title='bbox 1649 1320 1720 1387; x_wconf 85' lang='grc' dir='ltr'>οίίτω</span> <span class='ocrx_word' id='word_1_137' title='bbox 1738 1320 1799 1401; x_wconf 82' lang='grc' dir='ltr'>περί</span> 
     </span>
     <span class='ocr_line' id='line_1_11' title="bbox 229 1410 1798 1494; baseline -0.005 -16"><span class='ocrx_word' id='word_1_138' title='bbox 229 1421 391 1480; x_wconf 81' lang='lat' dir='ltr'><strong>manducat</strong></span> <span class='ocrx_word' id='word_1_139' title='bbox 398 1445 411 1491; x_wconf 87' lang='lat'>,·</span> <span class='ocrx_word' id='word_1_140' title='bbox 420 1419 623 1479; x_wconf 83' lang='lat' dir='ltr'><strong>Colossensibus</strong></span> <span class='ocrx_word' id='word_1_141' title='bbox 633 1433 723 1479; x_wconf 87' lang='lat' dir='ltr'><strong>antem</strong></span> <span class='ocrx_word' id='word_1_142' title='bbox 737 1418 772 1478; x_wconf 91' lang='lat' dir='ltr'>de</span> <span class='ocrx_word' id='word_1_143' title='bbox 785 1417 882 1478; x_wconf 87' lang='lat' dir='ltr'><strong>iisdem</strong></span> <span class='ocrx_word' id='word_1_144' title='bbox 893 1417 974 1477; x_wconf 85' lang='lat' dir='ltr'><strong>rebus</strong></span> <span class='ocrx_word' id='word_1_145' title='bbox 1025 1413 1078 1469; x_wconf 81' lang='grc' dir='ltr'>τῶν</span> <span class='ocrx_word' id='word_1_146' title='bbox 1093 1413 1188 1486; x_wconf 78' lang='grc' dir='ltr'>αὐτῶν,</span> <span class='ocrx_word' id='word_1_147' title='bbox 1208 1410 1277 1471; x_wconf 74' lang='grc' dir='ltr'>ἀλλὰ</span> <span class='ocrx_word' id='word_1_148' title='bbox 1292 1411 1360 1489; x_wconf 74' lang='grc' dir='ltr'>μετὰ</span> <span class='ocrx_word' id='word_1_149' title='bbox 1377 1412 1495 1479; x_wconf 88' lang='grc' dir='ltr'>πλείονος</span> <span class='ocrx_word' id='word_1_150' title='bbox 1509 1414 1674 1494; x_wconf 76' lang='grc' dir='ltr'>παρρησίας·</span> <span class='ocrx_word' id='word_1_151' title='bbox 1700 1415 1736 1473; x_wconf 80' lang='grc' dir='ltr'>Εἰ</span> <span class='ocrx_word' id='word_1_152' title='bbox 1748 1413 1798 1491; x_wconf 77' lang='grc' dir='ltr'>γὰρ</span> 
     </span>
    </p>
   </div>
   <div class='ocr_carea' id='block_1_5' title="bbox 82 1504 1797 1592">
    <p class='ocr_par' dir='ltr' id='par_1_5' title="bbox 82 1504 1797 1592">
     <span class='ocr_line' id='line_1_12' title="bbox 82 1504 1797 1592; baseline -0.001 -24"><span class='ocrx_word' id='word_1_153' title='bbox 82 1525 133 1570; x_wconf 80' lang='lat' dir='ltr'><strong>cot.</strong></span> <span class='ocrx_word' id='word_1_154' title='bbox 146 1539 172 1576; x_wconf 80' lang='grc' dir='ltr'>ε.</span> <span class='ocrx_word' id='word_1_155' title='bbox 180 1539 218 1574; x_wconf 81' lang='grc' dir='ltr'>αο.</span> <span class='ocrx_word' id='word_1_156' title='bbox 228 1532 282 1572; x_wconf 90' lang='lat' dir='ltr'>nou</span> <span class='ocrx_word' id='word_1_157' title='bbox 291 1513 328 1572; x_wconf 91' lang='lat' dir='ltr'><strong>ita</strong></span> <span class='ocrx_word' id='word_1_158' title='bbox 337 1511 469 1592; x_wconf 83' lang='lat' dir='ltr'><strong>loquitur,</strong></span> <span class='ocrx_word' id='word_1_159' title='bbox 481 1511 598 1571; x_wconf 89' lang='lat' dir='ltr'><strong>sodcum</strong></span> <span class='ocrx_word' id='word_1_160' title='bbox 608 1511 704 1592; x_wconf 86' lang='lat' dir='ltr'><strong>majori</strong></span> <span class='ocrx_word' id='word_1_161' title='bbox 712 1511 836 1570; x_wconf 87' lang='lat' dir='ltr'><strong>libertate</strong></span> <span class='ocrx_word' id='word_1_162' title='bbox 844 1534 850 1567; x_wconf 94' lang='lat'><strong>:</strong></span> <span class='ocrx_word' id='word_1_163' title='bbox 858 1512 889 1569; x_wconf 86' lang='lat' dir='ltr'><strong>Si</strong></span> <span class='ocrx_word' id='word_1_164' title='bbox 897 1531 972 1569; x_wconf 89' lang='lat' dir='ltr'><strong>mor·</strong></span> <span class='ocrx_word' id='word_1_165' title='bbox 979 1547 1015 1590; x_wconf 63' lang='lat' dir='ltr'><strong>m</strong></span> <span class='ocrx_word' id='word_1_166' title='bbox 1026 1504 1178 1581; x_wconf 77' lang='grc' dir='ltr'>ἀπεθάνετε,</span> <span class='ocrx_word' id='word_1_167' title='bbox 1190 1506 1264 1586; x_wconf 79' lang='grc' dir='ltr'>φησί,</span> <span class='ocrx_word' id='word_1_168' title='bbox 1282 1504 1329 1565; x_wconf 79' lang='grc' dir='ltr'>σὺν</span> <span class='ocrx_word' id='word_1_169' title='bbox 1343 1507 1454 1586; x_wconf 82' lang='grc' dir='ltr'>Χριστῷ</span> <span class='ocrx_word' id='word_1_170' title='bbox 1466 1505 1520 1565; x_wconf 80' lang='grc' dir='ltr'>ἀπὸ</span> <span class='ocrx_word' id='word_1_171' title='bbox 1532 1509 1585 1564; x_wconf 83' lang='grc' dir='ltr'>τῶν</span> <span class='ocrx_word' id='word_1_172' title='bbox 1596 1504 1738 1586; x_wconf 80' lang='grc' dir='ltr'>στοιχείων</span> <span class='ocrx_word' id='word_1_173' title='bbox 1753 1510 1797 1566; x_wconf 83' lang='grc' dir='ltr'>τοῦ</span> 
     </span>
    </p>
   </div>
   <div class='ocr_carea' id='block_1_6' title="bbox 78 1589 149 1638">
    <p class='ocr_par' dir='ltr' id='par_1_6' title="bbox 78 1589 149 1638">
     <span class='ocr_line' id='line_1_13' title="bbox 78 1589 149 1638; baseline 0 -13"><span class='ocrx_word' id='word_1_174' title='bbox 78 1589 149 1638; x_wconf 63' lang='lat'>*²3-</span> 
     </span>
    </p>
   </div>
   <div class='ocr_carea' id='block_1_7' title="bbox 229 1595 1802 2974">
    <p class='ocr_par' dir='ltr' id='par_1_7' title="bbox 229 1595 1802 2974">
     <span class='ocr_line' id='line_1_14' title="bbox 229 1595 1796 1683; baseline 0.002 -18"><span class='ocrx_word' id='word_1_175' title='bbox 229 1609 273 1665; x_wconf 82' lang='grc' dir='ltr'>ιω·</span> <span class='ocrx_word' id='word_1_176' title='bbox 301 1609 380 1679; x_wconf 77' lang='lat' dir='ltr'><strong>estis,</strong></span> <span class='ocrx_word' id='word_1_177' title='bbox 406 1604 503 1683; x_wconf 83' lang='lat' dir='ltr'><strong>inquit,</strong></span> <span class='ocrx_word' id='word_1_178' title='bbox 531 1626 598 1664; x_wconf 86' lang='lat' dir='ltr'>cum</span> <span class='ocrx_word' id='word_1_179' title='bbox 622 1606 738 1663; x_wconf 76' lang='lat' dir='ltr'><strong>Christo</strong></span> <span class='ocrx_word' id='word_1_180' title='bbox 763 1606 800 1662; x_wconf 82' lang='lat' dir='ltr'>ab</span> <span class='ocrx_word' id='word_1_181' title='bbox 823 1604 974 1662; x_wconf 84' lang='lat' dir='ltr'><strong>elementis</strong></span> <span class='ocrx_word' id='word_1_182' title='bbox 988 1603 1009 1650; x_wconf 82' lang='lat' dir='ltr'><strong>t</strong></span> <span class='ocrx_word' id='word_1_183' title='bbox 1024 1595 1139 1673; x_wconf 81' lang='grc' dir='ltr'>κόσμου,</span> <span class='ocrx_word' id='word_1_184' title='bbox 1161 1596 1189 1656; x_wconf 88' lang='grc' dir='ltr'>τί</span> <span class='ocrx_word' id='word_1_185' title='bbox 1204 1601 1240 1665; x_wconf 77' lang='grc' dir='ltr'>ὡς</span> <span class='ocrx_word' id='word_1_186' title='bbox 1262 1601 1355 1667; x_wconf 70' lang='grc' dir='ltr'>ζῶντες</span> <span class='ocrx_word' id='word_1_187' title='bbox 1378 1601 1405 1657; x_wconf 77' lang='grc' dir='ltr'>ἐν</span> <span class='ocrx_word' id='word_1_188' title='bbox 1429 1597 1523 1679; x_wconf 74' lang='grc' dir='ltr'>κόσμῳ</span> <span class='ocrx_word' id='word_1_189' title='bbox 1544 1597 1745 1679; x_wconf 72' lang='grc' dir='ltr'>δογματίζεσθε,</span> <span class='ocrx_word' id='word_1_190' title='bbox 1761 1596 1796 1675; x_wconf 71' lang='grc' dir='ltr'>μὴ</span> 
     </span>
     <span class='ocr_line' id='line_1_15' title="bbox 229 1688 1797 1778; baseline -0.007 -20"><span class='ocrx_word' id='word_1_191' title='bbox 229 1700 342 1774; x_wconf 81' lang='lat' dir='ltr'><strong>mundi,</strong></span> <span class='ocrx_word' id='word_1_192' title='bbox 352 1719 406 1758; x_wconf 84' lang='lat' dir='ltr'><strong>cut·</strong></span> <span class='ocrx_word' id='word_1_193' title='bbox 413 1700 511 1757; x_wconf 79' lang='lat' dir='ltr'><strong>adbuc</strong></span> <span class='ocrx_word' id='word_1_194' title='bbox 523 1711 674 1778; x_wconf 81' lang='lat' dir='ltr'><strong>tamquam</strong></span> <span class='ocrx_word' id='word_1_195' title='bbox 683 1701 818 1757; x_wconf 82' lang='lat' dir='ltr'><strong>niventes</strong></span> <span class='ocrx_word' id='word_1_196' title='bbox 826 1700 858 1754; x_wconf 88' lang='lat' dir='ltr'><strong>in</strong></span> <span class='ocrx_word' id='word_1_197' title='bbox 865 1696 974 1754; x_wconf 82' lang='lat' dir='ltr'><strong>mundo</strong></span> <span class='ocrx_word' id='word_1_198' title='bbox 1024 1689 1098 1770; x_wconf 66' lang='grc' dir='ltr'>ἅψῃ,</span> <span class='ocrx_word' id='word_1_199' title='bbox 1113 1690 1180 1767; x_wconf 77' lang='grc' dir='ltr'>μηδὲ</span> <span class='ocrx_word' id='word_1_200' title='bbox 1193 1689 1290 1771; x_wconf 81' lang='grc' dir='ltr'>γεύσῃ,</span> <span class='ocrx_word' id='word_1_201' title='bbox 1306 1690 1374 1768; x_wconf 76' lang='grc' dir='ltr'>μηδὲ</span> <span class='ocrx_word' id='word_1_202' title='bbox 1389 1690 1478 1770; x_wconf 70' lang='grc' dir='ltr'>θίγῃς,</span> <span class='ocrx_word' id='word_1_203' title='bbox 1497 1688 1574 1749; x_wconf 77' lang='grc' dir='ltr'>ἅτινά</span> <span class='ocrx_word' id='word_1_204' title='bbox 1588 1695 1646 1751; x_wconf 85' lang='grc' dir='ltr'>ἐστι</span> <span class='ocrx_word' id='word_1_205' title='bbox 1659 1689 1749 1748; x_wconf 86' lang='grc' dir='ltr'>πάντα</span> <span class='ocrx_word' id='word_1_206' title='bbox 1763 1691 1797 1753; x_wconf 78' lang='grc' dir='ltr'>εἰς</span> 
     </span>
     <span class='ocr_line' id='line_1_16' title="bbox 229 1781 1796 1872; baseline -0.01 -19"><span class='ocrx_word' id='word_1_207' title='bbox 229 1795 385 1853; x_wconf 81' lang='lat' dir='ltr'><strong>decerrtitr&#39;s</strong></span> <span class='ocrx_word' id='word_1_208' title='bbox 398 1794 462 1852; x_wconf 85' lang='lat' dir='ltr'>:Ne</span> <span class='ocrx_word' id='word_1_209' title='bbox 471 1795 610 1872; x_wconf 82' lang='lat' dir='ltr'><strong>tetigeris,</strong></span> <span class='ocrx_word' id='word_1_210' title='bbox 628 1793 844 1872; x_wconf 82' lang='lat' dir='ltr'><strong>negnstaverr&#39;s,</strong></span> <span class='ocrx_word' id='word_1_211' title='bbox 863 1812 898 1848; x_wconf 84' lang='lat' dir='ltr'>ne</span> <span class='ocrx_word' id='word_1_212' title='bbox 907 1811 974 1848; x_wconf 82' lang='lat' dir='ltr'><strong>cort-</strong></span> <span class='ocrx_word' id='word_1_213' title='bbox 1024 1781 1160 1863; x_wconf 83' lang='grc' dir='ltr'>ρθορίιντῇ</span> <span class='ocrx_word' id='word_1_214' title='bbox 1170 1783 1328 1864; x_wconf 77' lang='grc' dir='ltr'>ἀποχρήσει,</span> <span class='ocrx_word' id='word_1_215' title='bbox 1340 1786 1387 1843; x_wconf 88' lang='grc' dir='ltr'>οθκ</span> <span class='ocrx_word' id='word_1_216' title='bbox 1398 1786 1423 1843; x_wconf 82' lang='grc' dir='ltr'>ἐν</span> <span class='ocrx_word' id='word_1_217' title='bbox 1429 1787 1495 1863; x_wconf 81' lang='grc' dir='ltr'>τιμῇ</span> <span class='ocrx_word' id='word_1_218' title='bbox 1505 1807 1556 1841; x_wconf 87' lang='grc' dir='ltr'>τινι</span> <span class='ocrx_word' id='word_1_219' title='bbox 1565 1783 1631 1864; x_wconf 85' lang='grc' dir='ltr'>πρὸς</span> <span class='ocrx_word' id='word_1_220' title='bbox 1641 1782 1796 1862; x_wconf 63' lang='grc' dir='ltr'>πλησμονὴν</span> 
     </span>
     <span class='ocr_line' id='line_1_17' title="bbox 230 1873 1797 1965; baseline -0.001 -21"><span class='ocrx_word' id='word_1_221' title='bbox 230 1888 398 1945; x_wconf 84' lang='lat' dir='ltr'><strong>treetaveris</strong></span> <span class='ocrx_word' id='word_1_222' title='bbox 409 1891 422 1942; x_wconf 73' lang='grc' dir='ltr'>ἰ</span> <span class='ocrx_word' id='word_1_223' title='bbox 435 1905 500 1965; x_wconf 79' lang='grc' dir='ltr'>ρυιε</span> <span class='ocrx_word' id='word_1_224' title='bbox 510 1896 579 1943; x_wconf 84' lang='lat' dir='ltr'><strong>sunt</strong></span> <span class='ocrx_word' id='word_1_225' title='bbox 594 1886 695 1941; x_wconf 83' lang='lat' dir='ltr'><strong>omnia</strong></span> <span class='ocrx_word' id='word_1_226' title='bbox 708 1886 740 1940; x_wconf 85' lang='lat' dir='ltr'><strong>in</strong></span> <span class='ocrx_word' id='word_1_227' title='bbox 751 1886 901 1948; x_wconf 81' lang='lat' dir='ltr'><strong>interitum</strong></span> <span class='ocrx_word' id='word_1_228' title='bbox 912 1886 974 1963; x_wconf 83' lang='lat' dir='ltr'><strong>ipso</strong></span> <span class='ocrx_word' id='word_1_229' title='bbox 1024 1880 1072 1947; x_wconf 78' lang='grc' dir='ltr'>τῆς</span> <span class='ocrx_word' id='word_1_230' title='bbox 1091 1873 1201 1954; x_wconf 75' lang='grc' dir='ltr'>σαρκός·</span> <span class='ocrx_word' id='word_1_231' title='bbox 1215 1874 1289 1935; x_wconf 69' lang='grc' dir='ltr'>οὐδὲν</span> <span class='ocrx_word' id='word_1_232' title='bbox 1308 1875 1374 1935; x_wconf 72' lang='grc' dir='ltr'>ἄλλο</span> <span class='ocrx_word' id='word_1_233' title='bbox 1390 1876 1473 1935; x_wconf 72' lang='grc' dir='ltr'>αἴτιον</span> <span class='ocrx_word' id='word_1_234' title='bbox 1488 1875 1601 1958; x_wconf 77' lang='grc' dir='ltr'>εὑρίσκω</span> <span class='ocrx_word' id='word_1_235' title='bbox 1613 1880 1663 1948; x_wconf 76' lang='grc' dir='ltr'>τῆς</span> <span class='ocrx_word' id='word_1_236' title='bbox 1675 1876 1797 1956; x_wconf 68' lang='grc' dir='ltr'>διαφορᾶς</span> 
     </span>
     <span class='ocr_line' id='line_1_18' title="bbox 229 1964 1797 2056; baseline -0.007 -19"><span class='ocrx_word' id='word_1_237' title='bbox 229 1980 334 2050; x_wconf 81' lang='lat' dir='ltr'><strong>abusu,</strong></span> <span class='ocrx_word' id='word_1_238' title='bbox 354 1997 413 2036; x_wconf 86' lang='lat' dir='ltr'><strong>rron</strong></span> <span class='ocrx_word' id='word_1_239' title='bbox 428 1980 460 2034; x_wconf 87' lang='grc' dir='ltr'>ιἰι</span> <span class='ocrx_word' id='word_1_240' title='bbox 480 1977 591 2036; x_wconf 82' lang='lat' dir='ltr'><strong>bonore</strong></span> <span class='ocrx_word' id='word_1_241' title='bbox 603 1976 716 2056; x_wconf 79' lang='lat' dir='ltr'><strong>aliquo,</strong></span> <span class='ocrx_word' id='word_1_242' title='bbox 726 1976 776 2034; x_wconf 78' lang='lat' dir='ltr'>&#39;ad</span> <span class='ocrx_word' id='word_1_243' title='bbox 788 1978 974 2035; x_wconf 85' lang='lat' dir='ltr'><strong>saturitatem</strong></span> <span class='ocrx_word' id='word_1_244' title='bbox 1025 1965 1137 2039; x_wconf 78' lang='grc' dir='ltr'>ταύτης,</span> <span class='ocrx_word' id='word_1_245' title='bbox 1153 1964 1225 2038; x_wconf 68' lang='lat' dir='ltr'><strong>bebo</strong></span> <span class='ocrx_word' id='word_1_246' title='bbox 1237 1970 1289 2026; x_wconf 82' lang='grc' dir='ltr'>τῶν</span> <span class='ocrx_word' id='word_1_247' title='bbox 1301 1966 1467 2049; x_wconf 78' lang='grc' dir='ltr'>πραγμάτων</span> <span class='ocrx_word' id='word_1_248' title='bbox 1478 1967 1582 2049; x_wconf 73' lang='grc' dir='ltr'>χρόνον.</span> <span class='ocrx_word' id='word_1_249' title='bbox 1606 1969 1657 2028; x_wconf 86' lang='grc' dir='ltr'>Ἐν</span> <span class='ocrx_word' id='word_1_250' title='bbox 1668 1971 1741 2048; x_wconf 67' lang='grc' dir='ltr'>ἀργῇ</span> <span class='ocrx_word' id='word_1_251' title='bbox 1753 1967 1797 2046; x_wconf 76' lang='grc' dir='ltr'>μίν</span> 
     </span>
     <span class='ocr_line' id='line_1_19' title="bbox 230 2056 1798 2146; baseline -0.006 -19"><span class='ocrx_word' id='word_1_252' title='bbox 230 2071 330 2127; x_wconf 79' lang='lat' dir='ltr'><strong>carnis</strong></span> <span class='ocrx_word' id='word_1_253' title='bbox 342 2090 351 2123; x_wconf 94' lang='grc'>.·</span> <span class='ocrx_word' id='word_1_254' title='bbox 364 2087 418 2126; x_wconf 91' lang='lat' dir='ltr'>non</span> <span class='ocrx_word' id='word_1_255' title='bbox 429 2064 600 2146; x_wconf 84' lang='lat' dir='ltr'><strong>allambujus</strong></span> <span class='ocrx_word' id='word_1_256' title='bbox 610 2064 769 2125; x_wconf 70' lang='lat' dir='ltr'><strong>differentiae</strong></span> <span class='ocrx_word' id='word_1_257' title='bbox 782 2085 890 2124; x_wconf 84' lang='lat' dir='ltr'><strong>causam</strong></span> <span class='ocrx_word' id='word_1_258' title='bbox 899 2064 974 2125; x_wconf 78' lang='lat' dir='ltr'><strong>inve·</strong></span> <span class='ocrx_word' id='word_1_259' title='bbox 993 2114 997 2122; x_wconf 94' lang='lat'>.</span> <span class='ocrx_word' id='word_1_260' title='bbox 1025 2056 1077 2138; x_wconf 77' lang='grc' dir='ltr'>γθρ</span> <span class='ocrx_word' id='word_1_261' title='bbox 1089 2058 1308 2138; x_wconf 77' lang='grc' dir='ltr'>συγκαταὸαίνειν</span> <span class='ocrx_word' id='word_1_262' title='bbox 1330 2059 1401 2134; x_wconf 82' lang='grc' dir='ltr'>ἔδει,</span> <span class='ocrx_word' id='word_1_263' title='bbox 1416 2059 1483 2138; x_wconf 73' lang='grc' dir='ltr'>μετὰ</span> <span class='ocrx_word' id='word_1_264' title='bbox 1501 2059 1620 2120; x_wconf 75' lang='grc' dir='ltr'>δὲταῦτα</span> <span class='ocrx_word' id='word_1_265' title='bbox 1633 2059 1733 2120; x_wconf 77' lang='grc' dir='ltr'>ὠκέτι.</span> <span class='ocrx_word' id='word_1_266' title='bbox 1747 2061 1798 2120; x_wconf 80' lang='grc' dir='ltr'>Καὶ</span> 
     </span>
     <span class='ocr_line' id='line_1_20' title="bbox 231 2150 1798 2239; baseline -0.004 -22"><span class='ocrx_word' id='word_1_267' title='bbox 231 2157 289 2236; x_wconf 81' lang='lat' dir='ltr'><strong>nio,</strong></span> <span class='ocrx_word' id='word_1_268' title='bbox 301 2180 382 2239; x_wconf 91' lang='lat' dir='ltr'><strong>quarn</strong></span> <span class='ocrx_word' id='word_1_269' title='bbox 398 2179 487 2217; x_wconf 89' lang='lat' dir='ltr'><strong>rernm</strong></span> <span class='ocrx_word' id='word_1_270' title='bbox 503 2170 529 2217; x_wconf 90' lang='lat' dir='ltr'>et</span> <span class='ocrx_word' id='word_1_271' title='bbox 543 2156 672 2238; x_wconf 89' lang='lat' dir='ltr'><strong>temporis</strong></span> <span class='ocrx_word' id='word_1_272' title='bbox 687 2156 880 2217; x_wconf 90' lang='lat' dir='ltr'><strong>conditionem.</strong></span> <span class='ocrx_word' id='word_1_273' title='bbox 893 2157 976 2216; x_wconf 88' lang='lat' dir='ltr'><strong>Initio</strong></span> <span class='ocrx_word' id='word_1_274' title='bbox 1026 2153 1162 2232; x_wconf 86' lang='grc' dir='ltr'>πολλαχοῦ</span> <span class='ocrx_word' id='word_1_275' title='bbox 1170 2151 1198 2212; x_wconf 82' lang='grc' dir='ltr'>δέ</span> <span class='ocrx_word' id='word_1_276' title='bbox 1212 2154 1330 2232; x_wconf 78' lang='grc' dir='ltr'>ἀλλαχοῦ</span> <span class='ocrx_word' id='word_1_277' title='bbox 1339 2159 1416 2212; x_wconf 89' lang='grc' dir='ltr'>τοῦτο</span> <span class='ocrx_word' id='word_1_278' title='bbox 1428 2152 1459 2211; x_wconf 87' lang='grc' dir='ltr'>ἄν</span> <span class='ocrx_word' id='word_1_279' title='bbox 1473 2174 1514 2219; x_wconf 89' lang='grc' dir='ltr'>τις</span> <span class='ocrx_word' id='word_1_280' title='bbox 1528 2150 1599 2233; x_wconf 85' lang='grc' dir='ltr'>εύροι</span> <span class='ocrx_word' id='word_1_281' title='bbox 1611 2157 1741 2212; x_wconf 86' lang='grc' dir='ltr'>ποιοῦντα</span> <span class='ocrx_word' id='word_1_282' title='bbox 1754 2154 1798 2212; x_wconf 89' lang='grc' dir='ltr'>αιἰ-</span> 
     </span>
     <span class='ocr_line' id='line_1_21' title="bbox 229 2243 1798 2331; baseline -0.003 -23"><span class='ocrx_word' id='word_1_283' title='bbox 229 2247 329 2331; x_wconf 84' lang='lat' dir='ltr'><strong>quippe</strong></span> <span class='ocrx_word' id='word_1_284' title='bbox 351 2248 520 2329; x_wconf 79' lang='lat' dir='ltr'><strong>indulgentia</strong></span> <span class='ocrx_word' id='word_1_285' title='bbox 539 2249 581 2308; x_wconf 91' lang='lat' dir='ltr'><strong>nti</strong></span> <span class='ocrx_word' id='word_1_286' title='bbox 603 2249 753 2330; x_wconf 83' lang='lat' dir='ltr'><strong>oportebat,</strong></span> <span class='ocrx_word' id='word_1_287' title='bbox 775 2249 895 2328; x_wconf 86' lang='lat' dir='ltr'><strong>sequenti</strong></span> <span class='ocrx_word' id='word_1_288' title='bbox 912 2269 977 2307; x_wconf 87' lang='lat' dir='ltr'><strong>vcro</strong></span> <span class='ocrx_word' id='word_1_289' title='bbox 1027 2244 1081 2303; x_wconf 85' lang='grc' dir='ltr'>τόν.</span> <span class='ocrx_word' id='word_1_290' title='bbox 1093 2243 1175 2304; x_wconf 84' lang='grc' dir='ltr'>Οίίτω</span> <span class='ocrx_word' id='word_1_291' title='bbox 1185 2244 1230 2305; x_wconf 84' lang='grc' dir='ltr'>καί</span> <span class='ocrx_word' id='word_1_292' title='bbox 1240 2245 1326 2322; x_wconf 87' lang='grc' dir='ltr'>ἰατρδς</span> <span class='ocrx_word' id='word_1_293' title='bbox 1337 2243 1383 2304; x_wconf 84' lang='grc' dir='ltr'>καί</span> <span class='ocrx_word' id='word_1_294' title='bbox 1399 2244 1556 2311; x_wconf 87' lang='grc' dir='ltr'>διδάσκαλος</span> <span class='ocrx_word' id='word_1_295' title='bbox 1566 2255 1651 2305; x_wconf 89' lang='grc' dir='ltr'>ποιεῖν</span> <span class='ocrx_word' id='word_1_296' title='bbox 1663 2246 1798 2307; x_wconf 77' lang='grc' dir='ltr'>εἰώθασιν·</span> 
     </span>
     <span class='ocr_line' id='line_1_22' title="bbox 229 2335 1800 2423; baseline -0.003 -23"><span class='ocrx_word' id='word_1_297' title='bbox 229 2355 350 2423; x_wconf 84' lang='lat' dir='ltr'><strong>tempore</strong></span> <span class='ocrx_word' id='word_1_298' title='bbox 364 2362 416 2400; x_wconf 92' lang='lat' dir='ltr'>uon</span> <span class='ocrx_word' id='word_1_299' title='bbox 436 2341 509 2400; x_wconf 91' lang='lat' dir='ltr'><strong>item.</strong></span> <span class='ocrx_word' id='word_1_300' title='bbox 531 2339 604 2399; x_wconf 79' lang='lat' dir='ltr'><strong>Alibi</strong></span> <span class='ocrx_word' id='word_1_301' title='bbox 619 2361 725 2419; x_wconf 88' lang='lat' dir='ltr'><strong>qnoque</strong></span> <span class='ocrx_word' id='word_1_302' title='bbox 744 2340 825 2400; x_wconf 87' lang='lat' dir='ltr'><strong>illum</strong></span> <span class='ocrx_word' id='word_1_303' title='bbox 843 2340 883 2399; x_wconf 88' lang='lat' dir='ltr'>sie</span> <span class='ocrx_word' id='word_1_304' title='bbox 899 2359 978 2419; x_wconf 75' lang='lat' dir='ltr'><strong>agero</strong></span> <span class='ocrx_word' id='word_1_305' title='bbox 1029 2335 1164 2420; x_wconf 74' lang='grc' dir='ltr'>οὔτεγὰρ</span> <span class='ocrx_word' id='word_1_306' title='bbox 1191 2343 1245 2404; x_wconf 86' lang='grc' dir='ltr'>τοῖς</span> <span class='ocrx_word' id='word_1_307' title='bbox 1269 2335 1296 2406; x_wconf 80' lang='grc' dir='ltr'>ἐξ</span> <span class='ocrx_word' id='word_1_308' title='bbox 1321 2339 1405 2416; x_wconf 74' lang='grc' dir='ltr'>ἀρχῆς</span> <span class='ocrx_word' id='word_1_309' title='bbox 1434 2341 1552 2395; x_wconf 84' lang='grc' dir='ltr'>νοσοῦσιν</span> <span class='ocrx_word' id='word_1_310' title='bbox 1582 2340 1596 2396; x_wconf 85' lang='grc' dir='ltr'>δ</span> <span class='ocrx_word' id='word_1_311' title='bbox 1625 2337 1730 2417; x_wconf 74' lang='grc' dir='ltr'>ἰατρὸς,</span> <span class='ocrx_word' id='word_1_312' title='bbox 1758 2339 1800 2396; x_wconf 84' lang='grc' dir='ltr'>καί</span> 
     </span>
     <span class='ocr_line' id='line_1_23' title="bbox 229 2426 1801 2511; baseline -0.002 -18"><span class='ocrx_word' id='word_1_313' title='bbox 229 2432 317 2493; x_wconf 85' lang='lat' dir='ltr'><strong>rides.</strong></span> <span class='ocrx_word' id='word_1_314' title='bbox 332 2433 379 2494; x_wconf 82' lang='lat' dir='ltr'>ste</span> <span class='ocrx_word' id='word_1_315' title='bbox 394 2434 479 2492; x_wconf 83' lang='lat' dir='ltr'><strong>[acere</strong></span> <span class='ocrx_word' id='word_1_316' title='bbox 492 2431 578 2492; x_wconf 87' lang='lat' dir='ltr'><strong>solent</strong></span> <span class='ocrx_word' id='word_1_317' title='bbox 591 2430 712 2492; x_wconf 85' lang='lat' dir='ltr'><strong>medicus</strong></span> <span class='ocrx_word' id='word_1_318' title='bbox 731 2446 756 2491; x_wconf 90' lang='lat' dir='ltr'>et</span> <span class='ocrx_word' id='word_1_319' title='bbox 767 2432 877 2493; x_wconf 86' lang='lat' dir='ltr'><strong>doctor:</strong></span> <span class='ocrx_word' id='word_1_320' title='bbox 892 2453 978 2511; x_wconf 82' lang='lat' dir='ltr'><strong>neque</strong></span> <span class='ocrx_word' id='word_1_321' title='bbox 1028 2437 1083 2498; x_wconf 86' lang='grc' dir='ltr'>τοῖς</span> <span class='ocrx_word' id='word_1_322' title='bbox 1097 2429 1162 2508; x_wconf 81' lang='grc' dir='ltr'>πρὸς</span> <span class='ocrx_word' id='word_1_323' title='bbox 1176 2426 1207 2487; x_wconf 78' lang='grc' dir='ltr'>τὸ</span> <span class='ocrx_word' id='word_1_324' title='bbox 1225 2427 1299 2495; x_wconf 77' lang='grc' dir='ltr'>τέλος</span> <span class='ocrx_word' id='word_1_325' title='bbox 1318 2427 1410 2487; x_wconf 83' lang='grc' dir='ltr'>λοιπὸν</span> <span class='ocrx_word' id='word_1_326' title='bbox 1427 2431 1475 2499; x_wconf 87' lang='grc' dir='ltr'>τῆς</span> <span class='ocrx_word' id='word_1_327' title='bbox 1491 2428 1579 2507; x_wconf 83' lang='grc' dir='ltr'>ὑγείας</span> <span class='ocrx_word' id='word_1_328' title='bbox 1598 2432 1729 2502; x_wconf 81' lang='grc' dir='ltr'>ἐλθοῦσιν,</span> <span class='ocrx_word' id='word_1_329' title='bbox 1745 2429 1801 2490; x_wconf 86' lang='grc' dir='ltr'>ούτε</span> 
     </span>
     <span class='ocr_line' id='line_1_24' title="bbox 229 2514 1801 2605; baseline -0.001 -23"><span class='ocrx_word' id='word_1_330' title='bbox 229 2515 303 2583; x_wconf 87' lang='lat' dir='ltr'><strong>cuim</strong></span> <span class='ocrx_word' id='word_1_331' title='bbox 316 2522 755 2605; x_wconf 81' lang='lat' dir='ltr'><strong>medicnsaegrotareiucipieutes,</strong></span> <span class='ocrx_word' id='word_1_332' title='bbox 768 2522 916 2601; x_wconf 85' lang='lat' dir='ltr'><strong>eteos,qui</strong></span> <span class='ocrx_word' id='word_1_333' title='bbox 930 2522 978 2583; x_wconf 91' lang='lat' dir='ltr'>de·</span> <span class='ocrx_word' id='word_1_334' title='bbox 1028 2531 1083 2590; x_wconf 90' lang='grc' dir='ltr'>τοῖς</span> <span class='ocrx_word' id='word_1_335' title='bbox 1106 2520 1134 2589; x_wconf 79' lang='grc' dir='ltr'>ἐξ</span> <span class='ocrx_word' id='word_1_336' title='bbox 1161 2524 1249 2601; x_wconf 77' lang='grc' dir='ltr'>ἀρχῆς</span> <span class='ocrx_word' id='word_1_337' title='bbox 1274 2514 1436 2598; x_wconf 86' lang='grc' dir='ltr'>μανθάνουσι</span> <span class='ocrx_word' id='word_1_338' title='bbox 1460 2520 1574 2589; x_wconf 83' lang='grc' dir='ltr'>παιδίοις</span> <span class='ocrx_word' id='word_1_339' title='bbox 1598 2525 1612 2579; x_wconf 83' lang='grc' dir='ltr'><strong>ὁ</strong></span> <span class='ocrx_word' id='word_1_340' title='bbox 1636 2520 1801 2593; x_wconf 83' lang='grc' dir='ltr'>διδάσκαλος,</span> 
     </span>
     <span class='ocr_line' id='line_1_25' title="bbox 229 2612 1801 2696; baseline 0 -21"><span class='ocrx_word' id='word_1_341' title='bbox 229 2636 304 2677; x_wconf 88' lang='lat' dir='ltr'>mum</span> <span class='ocrx_word' id='word_1_342' title='bbox 316 2636 331 2674; x_wconf 80' lang='lat' dir='ltr'>a</span> <span class='ocrx_word' id='word_1_343' title='bbox 343 2615 438 2675; x_wconf 90' lang='lat' dir='ltr'><strong>morbo</strong></span> <span class='ocrx_word' id='word_1_344' title='bbox 452 2628 627 2692; x_wconf 75' lang='lat' dir='ltr'><strong>recreantur3</strong></span> <span class='ocrx_word' id='word_1_345' title='bbox 644 2635 730 2694; x_wconf 86' lang='lat' dir='ltr'><strong>neque</strong></span> <span class='ocrx_word' id='word_1_346' title='bbox 743 2612 838 2675; x_wconf 90' lang='lat' dir='ltr'><strong>doctor</strong></span> <span class='ocrx_word' id='word_1_347' title='bbox 850 2614 978 2695; x_wconf 89' lang='lat' dir='ltr'><strong>puerulos</strong></span> <span class='ocrx_word' id='word_1_348' title='bbox 994 2621 1012 2668; x_wconf 79' lang='lat' dir='ltr'>B</span> <span class='ocrx_word' id='word_1_349' title='bbox 1030 2614 1075 2675; x_wconf 81' lang='grc' dir='ltr'>καὶ</span> <span class='ocrx_word' id='word_1_350' title='bbox 1104 2622 1160 2682; x_wconf 87' lang='grc' dir='ltr'>τοῖς</span> <span class='ocrx_word' id='word_1_351' title='bbox 1179 2618 1231 2674; x_wconf 85' lang='grc' dir='ltr'>τῶν</span> <span class='ocrx_word' id='word_1_352' title='bbox 1256 2617 1270 2646; x_wconf 83' lang='lat'><em>*</em></span> <span class='ocrx_word' id='word_1_353' title='bbox 1282 2614 1447 2695; x_wconf 73' lang='grc' dir='ltr'>τελεωτέραν</span> <span class='ocrx_word' id='word_1_354' title='bbox 1469 2614 1600 2692; x_wconf 79' lang='grc' dir='ltr'>δεομένοις</span> <span class='ocrx_word' id='word_1_355' title='bbox 1618 2616 1801 2696; x_wconf 84' lang='grc' dir='ltr'>διδαγμάτων,</span> 
     </span>
     <span class='ocr_line' id='line_1_26' title="bbox 229 2697 1801 2788; baseline 0.001 -22"><span class='ocrx_word' id='word_1_356' title='bbox 229 2705 321 2782; x_wconf 86' lang='lat' dir='ltr'><strong>simul,</strong></span> <span class='ocrx_word' id='word_1_357' title='bbox 340 2719 367 2765; x_wconf 90' lang='lat' dir='ltr'>et</span> <span class='ocrx_word' id='word_1_358' title='bbox 381 2727 429 2765; x_wconf 68' lang='lat' dir='ltr'><strong>&#39;cos</strong></span> <span class='ocrx_word' id='word_1_359' title='bbox 444 2704 490 2784; x_wconf 92' lang='lat' dir='ltr'><strong>qni</strong></span> <span class='ocrx_word' id='word_1_360' title='bbox 505 2704 657 2787; x_wconf 81' lang='lat' dir='ltr'><strong>perfectiori</strong></span> <span class='ocrx_word' id='word_1_361' title='bbox 670 2718 747 2785; x_wconf 77' lang='lat' dir='ltr'><strong>egent</strong></span> <span class='ocrx_word' id='word_1_362' title='bbox 766 2705 899 2782; x_wconf 86' lang='lat' dir='ltr'><strong>doctrina,</strong></span> <span class='ocrx_word' id='word_1_363' title='bbox 918 2707 979 2786; x_wconf 91' lang='lat' dir='ltr'><strong>pari</strong></span> <span class='ocrx_word' id='word_1_364' title='bbox 1030 2707 1126 2787; x_wconf 78' lang='grc' dir='ltr'>ὁμοίως</span> <span class='ocrx_word' id='word_1_365' title='bbox 1144 2706 1299 2788; x_wconf 80' lang='grc' dir='ltr'>χρήσονται.</span> <span class='ocrx_word' id='word_1_366' title='bbox 1331 2707 1396 2774; x_wconf 86' lang='grc' dir='ltr'>Τοῖς</span> <span class='ocrx_word' id='word_1_367' title='bbox 1422 2704 1470 2784; x_wconf 81' lang='grc' dir='ltr'>μὲν</span> <span class='ocrx_word' id='word_1_368' title='bbox 1494 2697 1537 2767; x_wconf 74' lang='grc' dir='ltr'>οὖν</span> <span class='ocrx_word' id='word_1_369' title='bbox 1558 2707 1649 2774; x_wconf 88' lang='grc' dir='ltr'>άλλοις</span> <span class='ocrx_word' id='word_1_370' title='bbox 1671 2707 1700 2776; x_wconf 83' lang='grc' dir='ltr'>ἐξ</span> <span class='ocrx_word' id='word_1_371' title='bbox 1719 2710 1801 2776; x_wconf 83' lang='grc' dir='ltr'>αἰτίας</span> 
     </span>
     <span class='ocr_line' id='line_1_27' title="bbox 230 2797 1802 2882; baseline -0.001 -21"><span class='ocrx_word' id='word_1_372' title='bbox 230 2799 312 2861; x_wconf 90' lang='lat' dir='ltr'><strong>modo</strong></span> <span class='ocrx_word' id='word_1_373' title='bbox 318 2813 423 2882; x_wconf 83' lang='lat' dir='ltr'><strong>curant.</strong></span> <span class='ocrx_word' id='word_1_374' title='bbox 434 2798 539 2875; x_wconf 73' lang='lat' dir='ltr'><strong>Paulus</strong></span> <span class='ocrx_word' id='word_1_375' title='bbox 550 2797 635 2878; x_wconf 76' lang='lat' dir='ltr'><strong>igitur</strong></span> <span class='ocrx_word' id='word_1_376' title='bbox 642 2797 704 2858; x_wconf 87' lang='lat' dir='ltr'><strong>aliis</strong></span> <span class='ocrx_word' id='word_1_377' title='bbox 711 2797 764 2859; x_wconf 84' lang='lat' dir='ltr'><strong>alia</strong></span> <span class='ocrx_word' id='word_1_378' title='bbox 771 2797 805 2859; x_wconf 93' lang='lat' dir='ltr'>de</span> <span class='ocrx_word' id='word_1_379' title='bbox 814 2820 893 2858; x_wconf 86' lang='lat' dir='ltr'><strong>causa</strong></span> <span class='ocrx_word' id='word_1_380' title='bbox 903 2813 929 2858; x_wconf 90' lang='lat' dir='ltr'>et</span> <span class='ocrx_word' id='word_1_381' title='bbox 937 2821 979 2858; x_wconf 91' lang='lat' dir='ltr'><strong>ar·</strong></span> <span class='ocrx_word' id='word_1_382' title='bbox 1031 2800 1099 2869; x_wconf 85' lang='grc' dir='ltr'>τινὸς</span> <span class='ocrx_word' id='word_1_383' title='bbox 1112 2798 1158 2860; x_wconf 84' lang='grc' dir='ltr'>καί</span> <span class='ocrx_word' id='word_1_384' title='bbox 1172 2798 1320 2865; x_wconf 80' lang='grc' dir='ltr'>ὑποθέσεως</span> <span class='ocrx_word' id='word_1_385' title='bbox 1336 2797 1486 2876; x_wconf 86' lang='grc' dir='ltr'>κινούμενος</span> <span class='ocrx_word' id='word_1_386' title='bbox 1501 2798 1715 2880; x_wconf 84' lang='grc' dir='ltr'>ἐπίστελλε(καί</span> <span class='ocrx_word' id='word_1_387' title='bbox 1730 2803 1802 2875; x_wconf 83' lang='grc' dir='ltr'>δηλοῖ</span> 
     </span>
     <span class='ocr_line' id='line_1_28' title="bbox 229 2883 1802 2974; baseline -0.001 -22"><span class='ocrx_word' id='word_1_388' title='bbox 229 2905 357 2970; x_wconf 80' lang='lat' dir='ltr'><strong>gumento</strong></span> <span class='ocrx_word' id='word_1_389' title='bbox 368 2890 700 2964; x_wconf 79' lang='lat' dir='ltr'><strong>adductusscribcbat(et</strong></span> <span class='ocrx_word' id='word_1_390' title='bbox 711 2889 763 2950; x_wconf 89' lang='lat' dir='ltr'>hoe</span> <span class='ocrx_word' id='word_1_391' title='bbox 776 2889 905 2964; x_wconf 78' lang='lat' dir='ltr'><strong>declarat,</strong></span> <span class='ocrx_word' id='word_1_392' title='bbox 916 2911 979 2951; x_wconf 89' lang='lat' dir='ltr'>eum</span> <span class='ocrx_word' id='word_1_393' title='bbox 1031 2900 1107 2954; x_wconf 90' lang='grc' dir='ltr'>τοῦτο</span> <span class='ocrx_word' id='word_1_394' title='bbox 1129 2891 1276 2972; x_wconf 85' lang='grc' dir='ltr'>Κορινθίοις</span> <span class='ocrx_word' id='word_1_395' title='bbox 1290 2889 1338 2969; x_wconf 86' lang='grc' dir='ltr'>μὲν</span> <span class='ocrx_word' id='word_1_396' title='bbox 1356 2889 1456 2970; x_wconf 78' lang='grc' dir='ltr'>λέγων·</span> <span class='ocrx_word' id='word_1_397' title='bbox 1477 2890 1544 2972; x_wconf 83' lang='grc' dir='ltr'>Περί</span> <span class='ocrx_word' id='word_1_398' title='bbox 1564 2890 1592 2951; x_wconf 81' lang='grc' dir='ltr'>δὲ</span> <span class='ocrx_word' id='word_1_399' title='bbox 1613 2883 1651 2951; x_wconf 71' lang='grc' dir='ltr'>ὧν</span> <span class='ocrx_word' id='word_1_400' title='bbox 1668 2892 1802 2974; x_wconf 73' lang='grc' dir='ltr'>ἐγράψατί</span> 
     </span>
    </p>
   </div>
   <div class='ocr_carea' id='block_1_8' title="bbox 82 2981 1801 3066">
    <p class='ocr_par' dir='ltr' id='par_1_8' title="bbox 82 2981 1801 3066">
     <span class='ocr_line' id='line_1_29' title="bbox 82 2981 1801 3066; baseline 0.002 -25"><span class='ocrx_word' id='word_1_401' title='bbox 82 2995 219 3056; x_wconf 71' lang='grc' dir='ltr'>ι.οον.ρ.ι.</span> <span class='ocrx_word' id='word_1_402' title='bbox 230 2983 380 3044; x_wconf 87' lang='lat' dir='ltr'><strong>Corinthiis</strong></span> <span class='ocrx_word' id='word_1_403' title='bbox 392 2981 478 3044; x_wconf 85' lang='lat' dir='ltr'><strong>dicit:</strong></span> <span class='ocrx_word' id='word_1_404' title='bbox 494 2985 542 3042; x_wconf 87' lang='lat' dir='ltr'>De</span> <span class='ocrx_word' id='word_1_405' title='bbox 552 2987 589 3042; x_wconf 82' lang='lat' dir='ltr'>iis</span> <span class='ocrx_word' id='word_1_406' title='bbox 603 2996 712 3055; x_wconf 81' lang='lat' dir='ltr'><strong>autem,</strong></span> <span class='ocrx_word' id='word_1_407' title='bbox 728 3003 794 3063; x_wconf 77' lang='lat' dir='ltr'><strong>pure</strong></span> <span class='ocrx_word' id='word_1_408' title='bbox 803 2984 845 3041; x_wconf 85' lang='lat' dir='ltr'>ad</span> <span class='ocrx_word' id='word_1_409' title='bbox 854 2986 979 3042; x_wconf 87' lang='lat' dir='ltr'><strong>meseri-</strong></span> <span class='ocrx_word' id='word_1_410' title='bbox 1032 3011 1094 3066; x_wconf 86' lang='grc' dir='ltr'>μοι·</span> <span class='ocrx_word' id='word_1_411' title='bbox 1115 2985 1161 3047; x_wconf 82' lang='grc' dir='ltr'>καί</span> <span class='ocrx_word' id='word_1_412' title='bbox 1180 2985 1314 3053; x_wconf 78' lang='grc' dir='ltr'>Γαλάταις</span> <span class='ocrx_word' id='word_1_413' title='bbox 1335 2984 1377 3057; x_wconf 84' lang='grc' dir='ltr'>δί,</span> <span class='ocrx_word' id='word_1_414' title='bbox 1390 2984 1485 3053; x_wconf 85' lang='grc' dir='ltr'>ιθθέως</span> <span class='ocrx_word' id='word_1_415' title='bbox 1496 2987 1526 3043; x_wconf 89' lang='grc' dir='ltr'>ἐκ</span> <span class='ocrx_word' id='word_1_416' title='bbox 1540 2989 1586 3044; x_wconf 91' lang='grc' dir='ltr'>τοῦ</span> <span class='ocrx_word' id='word_1_417' title='bbox 1597 2987 1741 3066; x_wconf 83' lang='grc' dir='ltr'>προοιμίου</span> <span class='ocrx_word' id='word_1_418' title='bbox 1758 2988 1801 3046; x_wconf 88' lang='grc' dir='ltr'>καί</span> 
     </span>
    </p>
   </div>
   <div class='ocr_carea' id='block_1_9' title="bbox 228 3075 1802 3441">
    <p class='ocr_par' dir='ltr' id='par_1_9' title="bbox 228 3075 1802 3441">
     <span class='ocr_line' id='line_1_30' title="bbox 228 3075 1802 3160; baseline -0.001 -20"><span class='ocrx_word' id='word_1_419' title='bbox 228 3082 328 3160; x_wconf 84' lang='lat' dir='ltr'><strong>psistr&#39;s</strong></span> <span class='ocrx_word' id='word_1_420' title='bbox 336 3103 348 3148; x_wconf 88' lang='grc'>,-</span> <span class='ocrx_word' id='word_1_421' title='bbox 356 3077 462 3138; x_wconf 88' lang='lat' dir='ltr'><strong>Galatis</strong></span> <span class='ocrx_word' id='word_1_422' title='bbox 471 3097 533 3138; x_wconf 83' lang='lat' dir='ltr'><strong>roro</strong></span> <span class='ocrx_word' id='word_1_423' title='bbox 544 3076 635 3136; x_wconf 89' lang='lat' dir='ltr'><strong>statim</strong></span> <span class='ocrx_word' id='word_1_424' title='bbox 643 3077 678 3135; x_wconf 89' lang='lat' dir='ltr'>ab</span> <span class='ocrx_word' id='word_1_425' title='bbox 687 3075 800 3136; x_wconf 81' lang='lat' dir='ltr'><strong>exordio</strong></span> <span class='ocrx_word' id='word_1_426' title='bbox 811 3089 837 3135; x_wconf 88' lang='lat' dir='ltr'>et</span> <span class='ocrx_word' id='word_1_427' title='bbox 847 3090 979 3157; x_wconf 86' lang='lat' dir='ltr'><strong>pertotam</strong></span> <span class='ocrx_word' id='word_1_428' title='bbox 1032 3083 1079 3152; x_wconf 75' lang='grc' dir='ltr'>τῆς</span> <span class='ocrx_word' id='word_1_429' title='bbox 1093 3081 1235 3150; x_wconf 78' lang='grc' dir='ltr'>ἐπιστολῆς</span> <span class='ocrx_word' id='word_1_430' title='bbox 1252 3075 1359 3151; x_wconf 77' lang='grc' dir='ltr'>ἁπάσης</span> <span class='ocrx_word' id='word_1_431' title='bbox 1372 3077 1402 3136; x_wconf 84' lang='grc' dir='ltr'>τὸ</span> <span class='ocrx_word' id='word_1_432' title='bbox 1415 3076 1479 3136; x_wconf 87' lang='grc' dir='ltr'>αὐτδ</span> <span class='ocrx_word' id='word_1_433' title='bbox 1490 3076 1645 3158; x_wconf 85' lang='grc' dir='ltr'>ἐμραίνων)·</span> <span class='ocrx_word' id='word_1_434' title='bbox 1659 3077 1762 3146; x_wconf 87' lang='grc' dir='ltr'>τούτοις</span> <span class='ocrx_word' id='word_1_435' title='bbox 1776 3080 1802 3138; x_wconf 83' lang='grc' dir='ltr'>δὲ</span> 
     </span>
     <span class='ocr_line' id='line_1_31' title="bbox 230 3167 1802 3254; baseline 0.001 -24"><span class='ocrx_word' id='word_1_436' title='bbox 230 3169 374 3251; x_wconf 76' lang='lat' dir='ltr'><strong>epistolam</strong></span> <span class='ocrx_word' id='word_1_437' title='bbox 388 3168 509 3249; x_wconf 88' lang='lat' dir='ltr'><strong>idipsum</strong></span> <span class='ocrx_word' id='word_1_438' title='bbox 515 3167 669 3247; x_wconf 76' lang='lat' dir='ltr'><strong>significat)</strong></span> <span class='ocrx_word' id='word_1_439' title='bbox 681 3191 687 3223; x_wconf 71' lang='grc' dir='ltr'>ε</span> <span class='ocrx_word' id='word_1_440' title='bbox 700 3167 745 3226; x_wconf 89' lang='lat' dir='ltr'>his</span> <span class='ocrx_word' id='word_1_441' title='bbox 755 3188 819 3227; x_wconf 85' lang='lat' dir='ltr'><strong>vero</strong></span> <span class='ocrx_word' id='word_1_442' title='bbox 827 3188 876 3226; x_wconf 92' lang='lat' dir='ltr'><strong>cur</strong></span> <span class='ocrx_word' id='word_1_443' title='bbox 889 3182 979 3247; x_wconf 85' lang='lat' dir='ltr'><strong>etqua</strong></span> <span class='ocrx_word' id='word_1_444' title='bbox 1032 3173 1100 3239; x_wconf 89' lang='grc' dir='ltr'>τίνος</span> <span class='ocrx_word' id='word_1_445' title='bbox 1112 3169 1208 3246; x_wconf 78' lang='grc' dir='ltr'>ἕνεκεν,</span> <span class='ocrx_word' id='word_1_446' title='bbox 1223 3170 1270 3230; x_wconf 83' lang='grc' dir='ltr'>καί</span> <span class='ocrx_word' id='word_1_447' title='bbox 1283 3170 1326 3230; x_wconf 76' lang='grc' dir='ltr'>διὰ</span> <span class='ocrx_word' id='word_1_448' title='bbox 1344 3168 1389 3245; x_wconf 71' lang='grc' dir='ltr'>τί,</span> <span class='ocrx_word' id='word_1_449' title='bbox 1408 3169 1453 3229; x_wconf 82' lang='grc' dir='ltr'>καί</span> <span class='ocrx_word' id='word_1_450' title='bbox 1464 3167 1517 3252; x_wconf 72' lang='grc' dir='ltr'>γάρ</span> <span class='ocrx_word' id='word_1_451' title='bbox 1529 3169 1651 3250; x_wconf 70' lang='grc' dir='ltr'>μαίνεται</span> <span class='ocrx_word' id='word_1_452' title='bbox 1662 3175 1802 3254; x_wconf 84' lang='grc' dir='ltr'>μαρτυρῶν</span> 
     </span>
     <span class='ocr_line' id='line_1_32' title="bbox 233 3259 1802 3341; baseline 0 -19"><span class='ocrx_word' id='word_1_453' title='bbox 233 3259 819 3340; x_wconf 72' lang='grc' dir='ltr'>ιίοεαιιεεέῑεεῑίίίεοιίοιιίιιινίθοιυιίρεοε</span> <span class='ocrx_word' id='word_1_454' title='bbox 832 3281 889 3320; x_wconf 90' lang='lat' dir='ltr'><strong>esse</strong></span> <span class='ocrx_word' id='word_1_455' title='bbox 902 3261 979 3320; x_wconf 90' lang='lat' dir='ltr'><strong>boui·</strong></span> <span class='ocrx_word' id='word_1_456' title='bbox 1034 3269 1139 3338; x_wconf 82' lang='grc' dir='ltr'>αθτοῐς,</span> <span class='ocrx_word' id='word_1_457' title='bbox 1169 3264 1210 3323; x_wconf 82' lang='grc' dir='ltr'>ὅτι</span> <span class='ocrx_word' id='word_1_458' title='bbox 1237 3261 1329 3341; x_wconf 84' lang='grc' dir='ltr'>μεστοί</span> <span class='ocrx_word' id='word_1_459' title='bbox 1351 3261 1420 3341; x_wconf 68' lang='grc' dir='ltr'>’μέν</span> <span class='ocrx_word' id='word_1_460' title='bbox 1446 3263 1511 3321; x_wconf 84' lang='grc' dir='ltr'>εἰσιν</span> <span class='ocrx_word' id='word_1_461' title='bbox 1535 3261 1723 3339; x_wconf 80' lang='grc' dir='ltr'>ἀγαθωσύνης,</span> <span class='ocrx_word' id='word_1_462' title='bbox 1755 3287 1802 3324; x_wconf 87' lang='grc' dir='ltr'>πε-</span> 
     </span>
     <span class='ocr_line' id='line_1_33' title="bbox 231 3351 1802 3441; baseline 0.002 -27"><span class='ocrx_word' id='word_1_463' title='bbox 231 3367 285 3414; x_wconf 88' lang='lat' dir='ltr'><strong>tate</strong></span> <span class='ocrx_word' id='word_1_464' title='bbox 300 3367 326 3414; x_wconf 91' lang='lat' dir='ltr'>et</span> <span class='ocrx_word' id='word_1_465' title='bbox 340 3354 451 3415; x_wconf 90' lang='lat' dir='ltr'><strong>scientia</strong></span> <span class='ocrx_word' id='word_1_466' title='bbox 464 3353 538 3413; x_wconf 91' lang='lat' dir='ltr'><strong>omni</strong></span> <span class='ocrx_word' id='word_1_467' title='bbox 547 3351 702 3430; x_wconf 85' lang='lat' dir='ltr'><strong>instructos,</strong></span> <span class='ocrx_word' id='word_1_468' title='bbox 718 3352 765 3430; x_wconf 92' lang='lat' dir='ltr'><strong>qui</strong></span> <span class='ocrx_word' id='word_1_469' title='bbox 785 3367 891 3433; x_wconf 88' lang='lat' dir='ltr'><strong>possent</strong></span> <span class='ocrx_word' id='word_1_470' title='bbox 913 3354 981 3414; x_wconf 87' lang='lat' dir='ltr'><strong>alios</strong></span> <span class='ocrx_word' id='word_1_471' title='bbox 1033 3357 1204 3441; x_wconf 83' lang='grc' dir='ltr'>πληρωμίνοι</span> <span class='ocrx_word' id='word_1_472' title='bbox 1226 3357 1313 3429; x_wconf 84' lang='grc' dir='ltr'>πάσης</span> <span class='ocrx_word' id='word_1_473' title='bbox 1337 3355 1471 3436; x_wconf 82' lang='grc' dir='ltr'>γνώσεως,</span> <span class='ocrx_word' id='word_1_474' title='bbox 1495 3355 1634 3434; x_wconf 88' lang='grc' dir='ltr'>δυνάμενοι</span> <span class='ocrx_word' id='word_1_475' title='bbox 1652 3356 1699 3416; x_wconf 88' lang='grc' dir='ltr'>καί</span> <span class='ocrx_word' id='word_1_476' title='bbox 1710 3357 1802 3426; x_wconf 80' lang='grc' dir='ltr'>άλλως</span> 
     </span>
    </p>
   </div>
   <div class='ocr_carea' id='block_1_10' title="bbox 79 3440 1801 3528">
    <p class='ocr_par' dir='ltr' id='par_1_10' title="bbox 79 3440 1801 3528">
     <span class='ocr_line' id='line_1_34' title="bbox 79 3440 1801 3528; baseline 0.001 -22"><span class='ocrx_word' id='word_1_477' title='bbox 79 3462 139 3506; x_wconf 75' lang='lat' dir='ltr'>nom</span> <span class='ocrx_word' id='word_1_478' title='bbox 167 3459 203 3504; x_wconf 83' lang='lat'>15.</span> <span class='ocrx_word' id='word_1_479' title='bbox 236 3468 353 3508; x_wconf 88' lang='lat' dir='ltr'><strong>monere.</strong></span> <span class='ocrx_word' id='word_1_480' title='bbox 369 3447 426 3505; x_wconf 87' lang='lat' dir='ltr'><strong>Cur</strong></span> <span class='ocrx_word' id='word_1_481' title='bbox 439 3465 503 3525; x_wconf 80' lang='lat' dir='ltr'><strong>ergo</strong></span> <span class='ocrx_word' id='word_1_482' title='bbox 514 3444 656 3526; x_wconf 88' lang='lat' dir='ltr'><strong>epistolam</strong></span> <span class='ocrx_word' id='word_1_483' title='bbox 669 3443 764 3505; x_wconf 77' lang='lat' dir='ltr'><strong>misit?</strong></span> <span class='ocrx_word' id='word_1_484' title='bbox 779 3446 905 3526; x_wconf 80' lang='lat' dir='ltr'><strong>Propter</strong></span> <span class='ocrx_word' id='word_1_485' title='bbox 914 3468 984 3528; x_wconf 82' lang='lat' dir='ltr'><strong>gra·</strong></span> <span class='ocrx_word' id='word_1_486' title='bbox 1035 3455 1173 3512; x_wconf 83' lang='grc' dir='ltr'>υουθετεῖν.</span> <span class='ocrx_word' id='word_1_487' title='bbox 1203 3449 1282 3518; x_wconf 85' lang='grc' dir='ltr'>Τίνος</span> <span class='ocrx_word' id='word_1_488' title='bbox 1311 3440 1355 3508; x_wconf 80' lang='grc' dir='ltr'>ούν</span> <span class='ocrx_word' id='word_1_489' title='bbox 1378 3448 1465 3508; x_wconf 75' lang='grc' dir='ltr'>ἕνεκεν</span> <span class='ocrx_word' id='word_1_490' title='bbox 1492 3447 1650 3524; x_wconf 73' lang='grc' dir='ltr'>ἐπίστελλε,</span> <span class='ocrx_word' id='word_1_491' title='bbox 1679 3449 1733 3508; x_wconf 68' lang='lat' dir='ltr'>nrt</span> <span class='ocrx_word' id='word_1_492' title='bbox 1756 3451 1801 3524; x_wconf 75' lang='grc' dir='ltr'>τὴν</span> 
     </span>
    </p>
   </div>
   <div class='ocr_carea' id='block_1_11' title="bbox 82 3526 118 3581">
    <p class='ocr_par' dir='ltr' id='par_1_11' title="bbox 82 3526 118 3581">
     <span class='ocr_line' id='line_1_35' title="bbox 82 3526 118 3581; baseline 0 -14"><span class='ocrx_word' id='word_1_493' title='bbox 82 3526 118 3581; x_wconf 69' lang='grc' dir='ltr'>ιη.</span> 
     </span>
    </p>
   </div>
   <div class='ocr_carea' id='block_1_12' title="bbox 232 3538 1803 3716">
    <p class='ocr_par' dir='ltr' id='par_1_12' title="bbox 232 3538 1803 3716">
     <span class='ocr_line' id='line_1_36' title="bbox 232 3538 1803 3626; baseline 0.001 -27"><span class='ocrx_word' id='word_1_494' title='bbox 232 3543 304 3600; x_wconf 81' lang='lat' dir='ltr'><strong>tiam</strong></span> <span class='ocrx_word' id='word_1_495' title='bbox 316 3541 385 3611; x_wconf 83' lang='lat' dir='ltr'><strong>Dei,</strong></span> <span class='ocrx_word' id='word_1_496' title='bbox 399 3538 574 3618; x_wconf 83' lang='lat' dir='ltr'><strong>inquit,quoe</strong></span> <span class='ocrx_word' id='word_1_497' title='bbox 585 3538 658 3617; x_wconf 74' lang='lat' dir='ltr'>data</span> <span class='ocrx_word' id='word_1_498' title='bbox 671 3539 808 3615; x_wconf 85' lang='lat' dir='ltr'><strong>estmilti,</strong></span> <span class='ocrx_word' id='word_1_499' title='bbox 823 3542 919 3598; x_wconf 83' lang='lat' dir='ltr'><strong>tttsim</strong></span> <span class='ocrx_word' id='word_1_500' title='bbox 929 3544 983 3597; x_wconf 89' lang='lat' dir='ltr'><strong>mi·</strong></span> <span class='ocrx_word' id='word_1_501' title='bbox 1035 3545 1114 3626; x_wconf 72' lang='grc' dir='ltr'>χάριν</span> <span class='ocrx_word' id='word_1_502' title='bbox 1133 3548 1180 3602; x_wconf 80' lang='grc' dir='ltr'>τοῦ</span> <span class='ocrx_word' id='word_1_503' title='bbox 1210 3544 1301 3614; x_wconf 80' lang='grc' dir='ltr'>Θεοῦ,</span> <span class='ocrx_word' id='word_1_504' title='bbox 1330 3539 1414 3622; x_wconf 77' lang='grc' dir='ltr'>φησί,</span> <span class='ocrx_word' id='word_1_505' title='bbox 1430 3539 1478 3613; x_wconf 72' lang='grc' dir='ltr'>τὴν</span> <span class='ocrx_word' id='word_1_506' title='bbox 1502 3541 1620 3602; x_wconf 84' lang='grc' dir='ltr'>δοθεῖσάν</span> <span class='ocrx_word' id='word_1_507' title='bbox 1642 3567 1689 3621; x_wconf 90' lang='grc' dir='ltr'>μοι</span> <span class='ocrx_word' id='word_1_508' title='bbox 1714 3546 1750 3611; x_wconf 84' lang='grc' dir='ltr'>εἰς</span> <span class='ocrx_word' id='word_1_509' title='bbox 1774 3544 1803 3601; x_wconf 72' lang='grc' dir='ltr'>τὸ</span> 
     </span>
     <span class='ocr_line' id='line_1_37' title="bbox 234 3626 1803 3716; baseline -0.002 -22"><span class='ocrx_word' id='word_1_510' title='bbox 234 3639 329 3694; x_wconf 64' lang='lat' dir='ltr'><strong>ubter</strong></span> <span class='ocrx_word' id='word_1_511' title='bbox 341 3635 414 3694; x_wconf 78' lang='lat' dir='ltr'><strong>lesu</strong></span> <span class='ocrx_word' id='word_1_512' title='bbox 430 3634 550 3694; x_wconf 77' lang='lat' dir='ltr'><strong>Christi.</strong></span> <span class='ocrx_word' id='word_1_513' title='bbox 564 3630 681 3709; x_wconf 87' lang='lat' dir='ltr'><strong>Ideoque</strong></span> <span class='ocrx_word' id='word_1_514' title='bbox 697 3631 724 3690; x_wconf 94' lang='lat' dir='ltr'><strong>iu</strong></span> <span class='ocrx_word' id='word_1_515' title='bbox 737 3630 872 3713; x_wconf 88' lang='lat' dir='ltr'><strong>principio</strong></span> <span class='ocrx_word' id='word_1_516' title='bbox 885 3631 979 3694; x_wconf 82' lang='lat' dir='ltr'><strong>dixit:</strong></span> <span class='ocrx_word' id='word_1_517' title='bbox 1036 3626 1104 3697; x_wconf 80' lang='grc' dir='ltr'>εἶναί</span> <span class='ocrx_word' id='word_1_518' title='bbox 1133 3659 1166 3714; x_wconf 79' lang='grc' dir='ltr'>με</span> <span class='ocrx_word' id='word_1_519' title='bbox 1187 3633 1336 3716; x_wconf 82' lang='grc' dir='ltr'>λειτουργὸν</span> <span class='ocrx_word' id='word_1_520' title='bbox 1361 3633 1449 3704; x_wconf 83' lang='grc' dir='ltr'>Ἰησοῦ</span> <span class='ocrx_word' id='word_1_521' title='bbox 1474 3634 1600 3716; x_wconf 87' lang='grc' dir='ltr'>Χριστοῦ,</span> <span class='ocrx_word' id='word_1_522' title='bbox 1634 3635 1683 3695; x_wconf 83' lang='grc' dir='ltr'>Διὸ</span> <span class='ocrx_word' id='word_1_523' title='bbox 1708 3634 1754 3694; x_wconf 83' lang='grc' dir='ltr'>καί</span> <span class='ocrx_word' id='word_1_524' title='bbox 1777 3641 1803 3696; x_wconf 87' lang='grc' dir='ltr'>ἐν</span> 
     </span>
    </p>
   </div>
   <div class='ocr_carea' id='block_1_13' title="bbox 80 3724 1804 3812">
    <p class='ocr_par' dir='ltr' id='par_1_13' title="bbox 80 3724 1804 3812">
     <span class='ocr_line' id='line_1_38' title="bbox 80 3724 1804 3812; baseline -0.002 -24"><span class='ocrx_word' id='word_1_525' title='bbox 80 3743 142 3790; x_wconf 77' lang='lat' dir='ltr'><strong>tna.</strong></span> <span class='ocrx_word' id='word_1_526' title='bbox 153 3755 172 3788; x_wconf 92' lang='lat' dir='ltr'>t.</span> <span class='ocrx_word' id='word_1_527' title='bbox 186 3741 221 3804; x_wconf 72' lang='lat' dir='ltr'>rt.</span> <span class='ocrx_word' id='word_1_528' title='bbox 233 3730 356 3788; x_wconf 85' lang='lat' dir='ltr'><strong>Debitor</strong></span> <span class='ocrx_word' id='word_1_529' title='bbox 365 3747 441 3798; x_wconf 85' lang='lat' dir='ltr'><strong>sum,</strong></span> <span class='ocrx_word' id='word_1_530' title='bbox 455 3739 487 3785; x_wconf 88' lang='lat' dir='ltr'>ut</span> <span class='ocrx_word' id='word_1_531' title='bbox 494 3746 548 3806; x_wconf 84' lang='lat' dir='ltr'><strong>pro</strong></span> <span class='ocrx_word' id='word_1_532' title='bbox 558 3724 642 3785; x_wconf 81' lang='lat' dir='ltr'><strong>virili</strong></span> <span class='ocrx_word' id='word_1_533' title='bbox 653 3744 719 3783; x_wconf 86' lang='lat' dir='ltr'>mea</span> <span class='ocrx_word' id='word_1_534' title='bbox 727 3739 815 3803; x_wconf 82' lang='lat' dir='ltr'><strong>porte</strong></span> <span class='ocrx_word' id='word_1_535' title='bbox 824 3727 919 3801; x_wconf 80' lang='lat' dir='ltr'><strong>vobis,</strong></span> <span class='ocrx_word' id='word_1_536' title='bbox 929 3732 982 3808; x_wconf 84' lang='lat' dir='ltr'>qui</span> <span class='ocrx_word' id='word_1_537' title='bbox 997 3747 1016 3795; x_wconf 84' lang='lat' dir='ltr'><strong>c</strong></span> <span class='ocrx_word' id='word_1_538' title='bbox 1034 3732 1105 3812; x_wconf 78' lang='grc' dir='ltr'>ἀρχῇ</span> <span class='ocrx_word' id='word_1_539' title='bbox 1115 3728 1219 3809; x_wconf 74' lang='grc' dir='ltr'>ἔλεγεν·</span> <span class='ocrx_word' id='word_1_540' title='bbox 1233 3725 1385 3807; x_wconf 80' lang='grc' dir='ltr'>Ὀρειλέτης</span> <span class='ocrx_word' id='word_1_541' title='bbox 1398 3724 1473 3804; x_wconf 84' lang='grc' dir='ltr'>εἰμί,</span> <span class='ocrx_word' id='word_1_542' title='bbox 1491 3725 1592 3784; x_wconf 79' lang='grc' dir='ltr'>τὸκατ’</span> <span class='ocrx_word' id='word_1_543' title='bbox 1604 3726 1651 3804; x_wconf 70' lang='grc' dir='ltr'>ἐμ.ὲ</span> <span class='ocrx_word' id='word_1_544' title='bbox 1662 3727 1804 3807; x_wconf 80' lang='grc' dir='ltr'>πρόθυμον,</span> 
     </span>
    </p>
   </div>
   <div class='ocr_carea' id='block_1_14' title="bbox 84 3804 120 3850">
    <p class='ocr_par' dir='ltr' id='par_1_14' title="bbox 84 3804 120 3850">
     <span class='ocr_line' id='line_1_39' title="bbox 84 3804 120 3850; baseline 0 -1"><span class='ocrx_word' id='word_1_545' title='bbox 84 3804 120 3850; x_wconf 82' lang='lat'>1⁵.</span> 
     </span>
    </p>
   </div>
   <div class='ocr_carea' id='block_1_15' title="bbox 233 3816 1804 3900">
    <p class='ocr_par' dir='ltr' id='par_1_15' title="bbox 233 3816 1804 3900">
     <span class='ocr_line' id='line_1_40' title="bbox 233 3816 1804 3900; baseline -0.003 -18"><span class='ocrx_word' id='word_1_546' title='bbox 233 3824 333 3883; x_wconf 79' lang='lat' dir='ltr'><strong>Romoe</strong></span> <span class='ocrx_word' id='word_1_547' title='bbox 352 3824 430 3895; x_wconf 75' lang='grc' dir='ltr'>σείίε,</span> <span class='ocrx_word' id='word_1_548' title='bbox 444 3819 630 3898; x_wconf 81' lang='lat' dir='ltr'><strong>evangelium</strong></span> <span class='ocrx_word' id='word_1_549' title='bbox 642 3819 806 3897; x_wconf 82' lang='lat' dir='ltr'><strong>proedicem.</strong></span> <span class='ocrx_word' id='word_1_550' title='bbox 822 3818 892 3877; x_wconf 88' lang='lat' dir='ltr'>Nam</span> <span class='ocrx_word' id='word_1_551' title='bbox 908 3817 981 3879; x_wconf 86' lang='lat' dir='ltr'><strong>dicta</strong></span> <span class='ocrx_word' id='word_1_552' title='bbox 1034 3822 1079 3882; x_wconf 83' lang='grc' dir='ltr'>καί</span> <span class='ocrx_word' id='word_1_553' title='bbox 1098 3824 1161 3900; x_wconf 76' lang='grc' dir='ltr'>ὑμῖν</span> <span class='ocrx_word' id='word_1_554' title='bbox 1177 3829 1231 3887; x_wconf 88' lang='grc' dir='ltr'>τοῖς</span> <span class='ocrx_word' id='word_1_555' title='bbox 1246 3821 1272 3878; x_wconf 85' lang='grc' dir='ltr'>ἐν</span> <span class='ocrx_word' id='word_1_556' title='bbox 1288 3818 1381 3898; x_wconf 81' lang='grc' dir='ltr'>Ῥώμῃ</span> <span class='ocrx_word' id='word_1_557' title='bbox 1393 3816 1621 3896; x_wconf 84' lang='grc' dir='ltr'>εὐαγγελίσασθαι.</span> <span class='ocrx_word' id='word_1_558' title='bbox 1644 3819 1699 3878; x_wconf 81' lang='grc' dir='ltr'>Καὶ</span> <span class='ocrx_word' id='word_1_559' title='bbox 1711 3817 1762 3899; x_wconf 77' lang='grc' dir='ltr'>γάρ</span> <span class='ocrx_word' id='word_1_560' title='bbox 1773 3821 1804 3877; x_wconf 81' lang='grc' dir='ltr'>τὰ</span> 
     </span>
    </p>
   </div>
   <div class='ocr_carea' id='block_1_16' title="bbox 180 3902 1805 3994">
    <p class='ocr_par' dir='ltr' id='par_1_16' title="bbox 180 3902 1805 3994">
     <span class='ocr_line' id='line_1_41' title="bbox 180 3902 1805 3994; baseline -0.003 -22"><span class='ocrx_word' id='word_1_561' title='bbox 180 3945 187 3960; x_wconf 67' lang='grc' dir='ltr'>ι</span> <span class='ocrx_word' id='word_1_562' title='bbox 233 3913 301 3993; x_wconf 84' lang='lat' dir='ltr'><strong>ejus,</strong></span> <span class='ocrx_word' id='word_1_563' title='bbox 321 3910 399 3971; x_wconf 84' lang='lat' dir='ltr'><strong>verbi</strong></span> <span class='ocrx_word' id='word_1_564' title='bbox 421 3908 518 3989; x_wconf 73' lang='lat' dir='ltr'><strong>gratia,</strong></span> <span class='ocrx_word' id='word_1_565' title='bbox 535 3907 608 3989; x_wconf 85' lang='lat' dir='ltr'><strong>quod</strong></span> <span class='ocrx_word' id='word_1_566' title='bbox 626 3906 730 3988; x_wconf 90' lang='lat' dir='ltr'><strong>possint</strong></span> <span class='ocrx_word' id='word_1_567' title='bbox 743 3906 811 3968; x_wconf 90' lang='lat' dir='ltr'><strong>alios</strong></span> <span class='ocrx_word' id='word_1_568' title='bbox 824 3908 979 3985; x_wconf 84' lang='lat' dir='ltr'><strong>admouere,</strong></span> <span class='ocrx_word' id='word_1_569' title='bbox 1033 3911 1175 3994; x_wconf 79' lang='grc' dir='ltr'>εἰρημένα,</span> <span class='ocrx_word' id='word_1_570' title='bbox 1194 3902 1245 3972; x_wconf 75' lang='grc' dir='ltr'>οἷον</span> <span class='ocrx_word' id='word_1_571' title='bbox 1258 3909 1298 3969; x_wconf 84' lang='grc' dir='ltr'>ὅτι</span> <span class='ocrx_word' id='word_1_572' title='bbox 1313 3909 1437 3969; x_wconf 89' lang='grc' dir='ltr'>δύνανται</span> <span class='ocrx_word' id='word_1_573' title='bbox 1450 3906 1496 3969; x_wconf 84' lang='grc' dir='ltr'>καί</span> <span class='ocrx_word' id='word_1_574' title='bbox 1510 3907 1598 3975; x_wconf 76' lang='grc' dir='ltr'>ἄλλοις</span> <span class='ocrx_word' id='word_1_575' title='bbox 1608 3914 1750 3985; x_wconf 85' lang='grc' dir='ltr'>νουθετεῖν,</span> <span class='ocrx_word' id='word_1_576' title='bbox 1761 3911 1805 3968; x_wconf 81' lang='grc' dir='ltr'>καί</span> 
     </span>
    </p>
   </div>
   <div class='ocr_carea' id='block_1_17' title="bbox 232 4000 1803 4084">
    <p class='ocr_par' dir='ltr' id='par_1_17' title="bbox 232 4000 1803 4084">
     <span class='ocr_line' id='line_1_42' title="bbox 232 4000 1803 4084; baseline -0.001 -20"><span class='ocrx_word' id='word_1_577' title='bbox 232 4018 259 4065; x_wconf 84' lang='lat' dir='ltr'>et</span> <span class='ocrx_word' id='word_1_578' title='bbox 278 4003 390 4082; x_wconf 75' lang='lat' dir='ltr'><strong>similia,</strong></span> <span class='ocrx_word' id='word_1_579' title='bbox 417 4002 526 4065; x_wconf 80' lang='lat' dir='ltr'><strong>landem</strong></span> <span class='ocrx_word' id='word_1_580' title='bbox 553 4001 690 4083; x_wconf 67' lang='lat' dir='ltr'><strong>praecipue</strong></span> <span class='ocrx_word' id='word_1_581' title='bbox 717 4012 742 4059; x_wconf 86' lang='lat' dir='ltr'>el</span> <span class='ocrx_word' id='word_1_582' title='bbox 767 4001 982 4062; x_wconf 78' lang='lat' dir='ltr'><strong>exhortationem</strong></span> <span class='ocrx_word' id='word_1_583' title='bbox 1032 4006 1083 4068; x_wconf 78' lang='lat' dir='ltr'>dou</span> <span class='ocrx_word' id='word_1_584' title='bbox 1102 4009 1226 4076; x_wconf 83' lang='grc' dir='ltr'>τοιαῦτα,</span> <span class='ocrx_word' id='word_1_585' title='bbox 1242 4002 1372 4083; x_wconf 85' lang='grc' dir='ltr'>ἐγκωμίου</span> <span class='ocrx_word' id='word_1_586' title='bbox 1393 4000 1492 4080; x_wconf 79' lang='grc' dir='ltr'>μᾶλλόν</span> <span class='ocrx_word' id='word_1_587' title='bbox 1507 4004 1564 4060; x_wconf 88' lang='grc' dir='ltr'>ἐστι</span> <span class='ocrx_word' id='word_1_588' title='bbox 1579 4001 1624 4060; x_wconf 82' lang='grc' dir='ltr'>καί</span> <span class='ocrx_word' id='word_1_589' title='bbox 1634 4006 1803 4084; x_wconf 76' lang='grc' dir='ltr'>προτροπῆς·</span> 
     </span>
    </p>
   </div>
   <div class='ocr_carea' id='block_1_18' title="bbox 153 4091 1805 4180">
    <p class='ocr_par' dir='ltr' id='par_1_18' title="bbox 153 4091 1805 4180">
     <span class='ocr_line' id='line_1_43' title="bbox 153 4091 1805 4180; baseline -0.001 -25"><span class='ocrx_word' id='word_1_590' title='bbox 153 4168 159 4180; x_wconf 33' lang='lat'><strong>¹</strong></span> <span class='ocrx_word' id='word_1_591' title='bbox 233 4117 329 4177; x_wconf 84' lang='lat' dir='ltr'><strong>praese</strong></span> <span class='ocrx_word' id='word_1_592' title='bbox 342 4097 447 4169; x_wconf 80' lang='lat' dir='ltr'><strong>loruut3</strong></span> <span class='ocrx_word' id='word_1_593' title='bbox 460 4115 492 4153; x_wconf 84' lang='lat' dir='ltr'>ne</span> <span class='ocrx_word' id='word_1_594' title='bbox 505 4091 651 4151; x_wconf 85' lang='lat' dir='ltr'><strong>necessaria</strong></span> <span class='ocrx_word' id='word_1_595' title='bbox 667 4092 748 4151; x_wconf 88' lang='lat' dir='ltr'><strong>etiarn</strong></span> <span class='ocrx_word' id='word_1_596' title='bbox 766 4091 878 4152; x_wconf 84' lang='lat' dir='ltr'><strong>biserat</strong></span> <span class='ocrx_word' id='word_1_597' title='bbox 891 4115 981 4154; x_wconf 88' lang='lat' dir='ltr'><strong>emen·</strong></span> <span class='ocrx_word' id='word_1_598' title='bbox 1034 4097 1080 4158; x_wconf 86' lang='grc' dir='ltr'>καί</span> <span class='ocrx_word' id='word_1_599' title='bbox 1101 4095 1234 4177; x_wconf 77' lang='grc' dir='ltr'>ἀναγκαία</span> <span class='ocrx_word' id='word_1_600' title='bbox 1256 4095 1302 4154; x_wconf 84' lang='grc' dir='ltr'>καί</span> <span class='ocrx_word' id='word_1_601' title='bbox 1323 4097 1340 4165; x_wconf 83' lang='grc' dir='ltr'>ἡ</span> <span class='ocrx_word' id='word_1_602' title='bbox 1361 4092 1406 4153; x_wconf 77' lang='lat' dir='ltr'>nt</span> <span class='ocrx_word' id='word_1_603' title='bbox 1424 4098 1476 4152; x_wconf 83' lang='grc' dir='ltr'>τῶν</span> <span class='ocrx_word' id='word_1_604' title='bbox 1490 4094 1656 4173; x_wconf 79' lang='grc' dir='ltr'>γραμμάτων</span> <span class='ocrx_word' id='word_1_605' title='bbox 1672 4095 1805 4176; x_wconf 86' lang='grc' dir='ltr'>διόρθωσις</span> 
     </span>
    </p>
   </div>
   <div class='ocr_carea' id='block_1_19' title="bbox 233 4177 1807 4919">
    <p class='ocr_par' dir='ltr' id='par_1_19' title="bbox 233 4177 1807 4919">
     <span class='ocr_line' id='line_1_44' title="bbox 233 4177 1807 4271; baseline -0.004 -21"><span class='ocrx_word' id='word_1_606' title='bbox 233 4188 309 4250; x_wconf 87' lang='lat' dir='ltr'><strong>datio</strong></span> <span class='ocrx_word' id='word_1_607' title='bbox 320 4212 368 4271; x_wconf 91' lang='lat' dir='ltr'>per</span> <span class='ocrx_word' id='word_1_608' title='bbox 378 4189 480 4248; x_wconf 90' lang='lat' dir='ltr'><strong>literas.</strong></span> <span class='ocrx_word' id='word_1_609' title='bbox 493 4186 564 4260; x_wconf 84' lang='lat' dir='ltr'><strong>Quia</strong></span> <span class='ocrx_word' id='word_1_610' title='bbox 576 4186 648 4246; x_wconf 87' lang='lat' dir='ltr'><strong>cuim</strong></span> <span class='ocrx_word' id='word_1_611' title='bbox 662 4185 782 4245; x_wconf 90' lang='lat' dir='ltr'><strong>noudum</strong></span> <span class='ocrx_word' id='word_1_612' title='bbox 797 4185 885 4247; x_wconf 90' lang='lat' dir='ltr'><strong>istbue</strong></span> <span class='ocrx_word' id='word_1_613' title='bbox 900 4209 981 4248; x_wconf 86' lang='lat' dir='ltr'><strong>vene·</strong></span> <span class='ocrx_word' id='word_1_614' title='bbox 1034 4189 1080 4249; x_wconf 85' lang='grc' dir='ltr'>καί</span> <span class='ocrx_word' id='word_1_615' title='bbox 1097 4188 1196 4254; x_wconf 91' lang='grc' dir='ltr'>τούτοις</span> <span class='ocrx_word' id='word_1_616' title='bbox 1208 4177 1251 4253; x_wconf 68' lang='grc' dir='ltr'>ἦν.</span> <span class='ocrx_word' id='word_1_617' title='bbox 1272 4184 1383 4257; x_wconf 78' lang='grc' dir='ltr'>Ἐπειδὴ</span> <span class='ocrx_word' id='word_1_618' title='bbox 1398 4185 1450 4265; x_wconf 75' lang='grc' dir='ltr'>γὰρ</span> <span class='ocrx_word' id='word_1_619' title='bbox 1463 4185 1537 4245; x_wconf 72' lang='lat' dir='ltr'><strong>circo</strong></span> <span class='ocrx_word' id='word_1_620' title='bbox 1558 4187 1748 4266; x_wconf 85' lang='grc' dir='ltr'>παραγεγονὼς</span> <span class='ocrx_word' id='word_1_621' title='bbox 1766 4180 1807 4259; x_wconf 71' lang='grc' dir='ltr'>ἦν,</span> 
     </span>
     <span class='ocr_line' id='line_1_45' title="bbox 235 4277 1807 4362; baseline -0.003 -21"><span class='ocrx_word' id='word_1_622' title='bbox 235 4294 288 4358; x_wconf 86' lang='lat' dir='ltr'><strong>rat,</strong></span> <span class='ocrx_word' id='word_1_623' title='bbox 309 4279 413 4361; x_wconf 88' lang='lat' dir='ltr'><strong>duplici</strong></span> <span class='ocrx_word' id='word_1_624' title='bbox 434 4280 536 4339; x_wconf 85' lang='lat' dir='ltr'><strong>ratione</strong></span> <span class='ocrx_word' id='word_1_625' title='bbox 556 4278 629 4339; x_wconf 87' lang='lat' dir='ltr'><strong>viros</strong></span> <span class='ocrx_word' id='word_1_626' title='bbox 650 4277 778 4354; x_wconf 87' lang='lat' dir='ltr'><strong>institnit,</strong></span> <span class='ocrx_word' id='word_1_627' title='bbox 797 4291 823 4338; x_wconf 87' lang='lat' dir='ltr'>et</span> <span class='ocrx_word' id='word_1_628' title='bbox 839 4279 980 4340; x_wconf 88' lang='lat' dir='ltr'><strong>literarum</strong></span> <span class='ocrx_word' id='word_1_629' title='bbox 1034 4283 1115 4362; x_wconf 84' lang='grc' dir='ltr'>διπλῇ</span> <span class='ocrx_word' id='word_1_630' title='bbox 1130 4278 1248 4360; x_wconf 75' lang='grc' dir='ltr'>ῥυθμίζει</span> <span class='ocrx_word' id='word_1_631' title='bbox 1268 4279 1328 4345; x_wconf 82' lang='grc' dir='ltr'>τοὺς</span> <span class='ocrx_word' id='word_1_632' title='bbox 1344 4279 1450 4361; x_wconf 87' lang='grc' dir='ltr'>ἄνδρας,</span> <span class='ocrx_word' id='word_1_633' title='bbox 1467 4278 1512 4337; x_wconf 87' lang='grc' dir='ltr'>καί</span> <span class='ocrx_word' id='word_1_634' title='bbox 1526 4281 1559 4356; x_wconf 77' lang='grc' dir='ltr'>τῇ</span> <span class='ocrx_word' id='word_1_635' title='bbox 1573 4282 1627 4337; x_wconf 86' lang='grc' dir='ltr'>τῶν</span> <span class='ocrx_word' id='word_1_636' title='bbox 1639 4281 1807 4362; x_wconf 88' lang='grc' dir='ltr'>γραμμάτων</span> 
     </span>
     <span class='ocr_line' id='line_1_46' title="bbox 236 4370 1807 4456; baseline 0.001 -26"><span class='ocrx_word' id='word_1_637' title='bbox 236 4372 395 4448; x_wconf 88' lang='lat' dir='ltr'><strong>utilitate‚et</strong></span> <span class='ocrx_word' id='word_1_638' title='bbox 405 4370 537 4432; x_wconf 83' lang='lat' dir='ltr'><strong>adventus</strong></span> <span class='ocrx_word' id='word_1_639' title='bbox 546 4370 587 4429; x_wconf 91' lang='lat' dir='ltr'>sui</span> <span class='ocrx_word' id='word_1_640' title='bbox 599 4371 806 4452; x_wconf 82' lang='lat' dir='ltr'><strong>exspectatione.</strong></span> <span class='ocrx_word' id='word_1_641' title='bbox 814 4371 890 4432; x_wconf 84' lang='lat' dir='ltr'><strong>Talis</strong></span> <span class='ocrx_word' id='word_1_642' title='bbox 902 4371 980 4453; x_wconf 91' lang='lat' dir='ltr'><strong>qnip·</strong></span> <span class='ocrx_word' id='word_1_643' title='bbox 1033 4373 1164 4456; x_wconf 72' lang='grc' dir='ltr'>ὠφελείᾳ,</span> <span class='ocrx_word' id='word_1_644' title='bbox 1178 4372 1268 4452; x_wconf 80' lang='grc' dir='ltr'>καίτῇ</span> <span class='ocrx_word' id='word_1_645' title='bbox 1286 4377 1335 4444; x_wconf 80' lang='grc' dir='ltr'>τῆς</span> <span class='ocrx_word' id='word_1_646' title='bbox 1351 4370 1495 4451; x_wconf 86' lang='grc' dir='ltr'>παρουσίας</span> <span class='ocrx_word' id='word_1_647' title='bbox 1514 4371 1669 4453; x_wconf 78' lang='grc' dir='ltr'>προσδοκίᾳ.</span> <span class='ocrx_word' id='word_1_648' title='bbox 1689 4374 1807 4445; x_wconf 85' lang='grc' dir='ltr'>Τοιαύτη</span> 
     </span>
     <span class='ocr_line' id='line_1_47' title="bbox 236 4463 1807 4548; baseline -0.001 -24"><span class='ocrx_word' id='word_1_649' title='bbox 236 4486 270 4547; x_wconf 91' lang='lat' dir='ltr'>pc</span> <span class='ocrx_word' id='word_1_650' title='bbox 283 4478 340 4524; x_wconf 89' lang='lat' dir='ltr'><strong>erat</strong></span> <span class='ocrx_word' id='word_1_651' title='bbox 352 4477 443 4524; x_wconf 90' lang='lat' dir='ltr'><strong>sancta</strong></span> <span class='ocrx_word' id='word_1_652' title='bbox 464 4463 511 4522; x_wconf 87' lang='lat' dir='ltr'><strong>illa</strong></span> <span class='ocrx_word' id='word_1_653' title='bbox 525 4463 615 4522; x_wconf 87' lang='lat' dir='ltr'><strong>anima</strong></span> <span class='ocrx_word' id='word_1_654' title='bbox 630 4487 636 4519; x_wconf 90' lang='lat'>:</span> <span class='ocrx_word' id='word_1_655' title='bbox 652 4476 740 4521; x_wconf 89' lang='lat' dir='ltr'><strong>totum</strong></span> <span class='ocrx_word' id='word_1_656' title='bbox 755 4464 981 4544; x_wconf 88' lang='lat' dir='ltr'><strong>complectebatur</strong></span> <span class='ocrx_word' id='word_1_657' title='bbox 1033 4468 1085 4548; x_wconf 75' lang='grc' dir='ltr'>γὰρ</span> <span class='ocrx_word' id='word_1_658' title='bbox 1100 4465 1134 4541; x_wconf 77' lang='grc' dir='ltr'>Ι’ἡ</span> <span class='ocrx_word' id='word_1_659' title='bbox 1155 4465 1219 4547; x_wconf 82' lang='grc' dir='ltr'>ἁγία</span> <span class='ocrx_word' id='word_1_660' title='bbox 1238 4463 1324 4535; x_wconf 91' lang='grc' dir='ltr'>ἐκείνη</span> <span class='ocrx_word' id='word_1_661' title='bbox 1339 4465 1429 4545; x_wconf 72' lang='grc' dir='ltr'>ψυχή·</span> <span class='ocrx_word' id='word_1_662' title='bbox 1449 4472 1536 4524; x_wconf 78' lang='grc' dir='ltr'>πᾶσαν</span> <span class='ocrx_word' id='word_1_663' title='bbox 1552 4464 1751 4545; x_wconf 79' lang='grc' dir='ltr'>περιελάμὸανε</span> <span class='ocrx_word' id='word_1_664' title='bbox 1762 4466 1807 4539; x_wconf 72' lang='grc' dir='ltr'>τὴν</span> 
     </span>
     <span class='ocr_line' id='line_1_48' title="bbox 236 4553 1805 4640; baseline 0.001 -22"><span class='ocrx_word' id='word_1_665' title='bbox 236 4558 340 4635; x_wconf 85' lang='lat' dir='ltr'><strong>orbem,</strong></span> <span class='ocrx_word' id='word_1_666' title='bbox 356 4570 384 4616; x_wconf 90' lang='lat' dir='ltr'>et</span> <span class='ocrx_word' id='word_1_667' title='bbox 400 4576 492 4615; x_wconf 77' lang='lat' dir='ltr'><strong>omues</strong></span> <span class='ocrx_word' id='word_1_668' title='bbox 506 4575 596 4614; x_wconf 90' lang='lat' dir='ltr'><strong>secum</strong></span> <span class='ocrx_word' id='word_1_669' title='bbox 611 4553 824 4632; x_wconf 82' lang='lat' dir='ltr'><strong>circumferebat,</strong></span> <span class='ocrx_word' id='word_1_670' title='bbox 841 4557 981 4635; x_wconf 76' lang='lat' dir='ltr'><strong>coguatio·</strong></span> <span class='ocrx_word' id='word_1_671' title='bbox 1034 4559 1209 4640; x_wconf 77' lang='grc' dir='ltr'>οἰκουμένην,</span> <span class='ocrx_word' id='word_1_672' title='bbox 1228 4558 1274 4618; x_wconf 82' lang='grc' dir='ltr'>καί</span> <span class='ocrx_word' id='word_1_673' title='bbox 1292 4559 1318 4616; x_wconf 92' lang='grc' dir='ltr'>ἐν</span> <span class='ocrx_word' id='word_1_674' title='bbox 1333 4560 1417 4638; x_wconf 78' lang='grc' dir='ltr'>ἐαυτῷ</span> <span class='ocrx_word' id='word_1_675' title='bbox 1431 4555 1584 4638; x_wconf 84' lang='grc' dir='ltr'>περιέριρσν</span> <span class='ocrx_word' id='word_1_676' title='bbox 1596 4558 1727 4632; x_wconf 80' lang='grc' dir='ltr'>ἅπαντας,</span> <span class='ocrx_word' id='word_1_677' title='bbox 1744 4583 1805 4638; x_wconf 90' lang='grc' dir='ltr'>συγ·</span> 
     </span>
     <span class='ocr_line' id='line_1_49' title="bbox 235 4639 1807 4732; baseline -0.003 -20"><span class='ocrx_word' id='word_1_678' title='bbox 235 4658 296 4712; x_wconf 87' lang='lat' dir='ltr'><strong>tlem</strong></span> <span class='ocrx_word' id='word_1_679' title='bbox 308 4651 456 4710; x_wconf 84' lang='lat' dir='ltr'><strong>maximam</strong></span> <span class='ocrx_word' id='word_1_680' title='bbox 477 4647 553 4707; x_wconf 87' lang='lat' dir='ltr'><strong>illam</strong></span> <span class='ocrx_word' id='word_1_681' title='bbox 567 4659 744 4726; x_wconf 65' lang='lat' dir='ltr'><strong>computans,</strong></span> <span class='ocrx_word' id='word_1_682' title='bbox 760 4668 819 4724; x_wconf 79' lang='lat' dir='ltr'><strong>quar</strong></span> <span class='ocrx_word' id='word_1_683' title='bbox 833 4647 981 4708; x_wconf 89' lang='lat' dir='ltr'><strong>secundum</strong></span> <span class='ocrx_word' id='word_1_684' title='bbox 1000 4671 1019 4720; x_wconf 78' lang='lat' dir='ltr'><strong>n</strong></span> <span class='ocrx_word' id='word_1_685' title='bbox 1036 4652 1137 4731; x_wconf 88' lang='grc' dir='ltr'>γε’νειαν</span> <span class='ocrx_word' id='word_1_686' title='bbox 1157 4651 1284 4732; x_wconf 87' lang='grc' dir='ltr'>μεγίστην</span> <span class='ocrx_word' id='word_1_687' title='bbox 1300 4649 1349 4721; x_wconf 78' lang='grc' dir='ltr'>τὴν</span> <span class='ocrx_word' id='word_1_688' title='bbox 1370 4648 1439 4709; x_wconf 74' lang='grc' dir='ltr'>κατὰ</span> <span class='ocrx_word' id='word_1_689' title='bbox 1454 4648 1522 4708; x_wconf 82' lang='grc' dir='ltr'>Θεὸν</span> <span class='ocrx_word' id='word_1_690' title='bbox 1540 4639 1609 4707; x_wconf 77' lang='grc' dir='ltr'>εἶναι</span> <span class='ocrx_word' id='word_1_691' title='bbox 1622 4650 1750 4726; x_wconf 59' lang='grc' dir='ltr'>νομιᾝων·</span> <span class='ocrx_word' id='word_1_692' title='bbox 1766 4653 1807 4709; x_wconf 81' lang='grc' dir='ltr'>καί</span> 
     </span>
     <span class='ocr_line' id='line_1_50' title="bbox 236 4738 1807 4826; baseline -0.004 -21"><span class='ocrx_word' id='word_1_693' title='bbox 236 4748 323 4805; x_wconf 89' lang='lat' dir='ltr'><strong>Deum</strong></span> <span class='ocrx_word' id='word_1_694' title='bbox 337 4758 394 4803; x_wconf 88' lang='lat' dir='ltr'><strong>est:</strong></span> <span class='ocrx_word' id='word_1_695' title='bbox 410 4755 491 4820; x_wconf 87' lang='lat' dir='ltr'><strong>atque</strong></span> <span class='ocrx_word' id='word_1_696' title='bbox 504 4739 541 4798; x_wconf 87' lang='lat' dir='ltr'><strong>ita</strong></span> <span class='ocrx_word' id='word_1_697' title='bbox 555 4738 615 4798; x_wconf 91' lang='lat' dir='ltr'><strong>illos</strong></span> <span class='ocrx_word' id='word_1_698' title='bbox 626 4759 719 4797; x_wconf 89' lang='lat' dir='ltr'><strong>omues</strong></span> <span class='ocrx_word' id='word_1_699' title='bbox 731 4739 847 4816; x_wconf 86' lang='lat' dir='ltr'><strong>amabat,</strong></span> <span class='ocrx_word' id='word_1_700' title='bbox 859 4763 890 4799; x_wconf 91' lang='lat' dir='ltr'>ac</span> <span class='ocrx_word' id='word_1_701' title='bbox 901 4740 923 4800; x_wconf 90' lang='lat' dir='ltr'>si</span> <span class='ocrx_word' id='word_1_702' title='bbox 936 4764 981 4822; x_wconf 93' lang='lat' dir='ltr'>pc-</span> <span class='ocrx_word' id='word_1_703' title='bbox 1037 4745 1128 4826; x_wconf 82' lang='grc' dir='ltr'>ὥσπερ</span> <span class='ocrx_word' id='word_1_704' title='bbox 1137 4743 1238 4810; x_wconf 88' lang='grc' dir='ltr'>πάντας</span> <span class='ocrx_word' id='word_1_705' title='bbox 1248 4740 1339 4808; x_wconf 78' lang='grc' dir='ltr'>αύτούς</span> <span class='ocrx_word' id='word_1_706' title='bbox 1350 4740 1496 4813; x_wconf 79' lang='grc' dir='ltr'>ἀποτεκὼν,</span> <span class='ocrx_word' id='word_1_707' title='bbox 1509 4739 1590 4807; x_wconf 75' lang='grc' dir='ltr'>οὕτως</span> <span class='ocrx_word' id='word_1_708' title='bbox 1603 4740 1697 4821; x_wconf 85' lang='grc' dir='ltr'>ἐρίλει,</span> <span class='ocrx_word' id='word_1_709' title='bbox 1709 4744 1807 4820; x_wconf 71' lang='grc' dir='ltr'>μᾶλλον</span> 
     </span>
     <span class='ocr_line' id='line_1_51' title="bbox 239 4830 1807 4919; baseline -0.001 -24"><span class='ocrx_word' id='word_1_710' title='bbox 239 4838 347 4919; x_wconf 82' lang='lat' dir='ltr'><strong>perisset</strong></span> <span class='ocrx_word' id='word_1_711' title='bbox 360 4860 368 4913; x_wconf 69' lang='grc' dir='ltr'>ς</span> <span class='ocrx_word' id='word_1_712' title='bbox 380 4837 435 4896; x_wconf 91' lang='lat' dir='ltr'><strong>imo</strong></span> <span class='ocrx_word' id='word_1_713' title='bbox 449 4834 577 4914; x_wconf 86' lang='lat' dir='ltr'><strong>majorem</strong></span> <span class='ocrx_word' id='word_1_714' title='bbox 592 4853 646 4915; x_wconf 84' lang='lat' dir='ltr'><strong>prae</strong></span> <span class='ocrx_word' id='word_1_715' title='bbox 661 4832 810 4911; x_wconf 72' lang='lat' dir='ltr'><strong>minuebat,</strong></span> <span class='ocrx_word' id='word_1_716' title='bbox 826 4830 981 4914; x_wconf 87' lang='lat' dir='ltr'><strong>quamqui-</strong></span> <span class='ocrx_word' id='word_1_717' title='bbox 1038 4838 1065 4897; x_wconf 85' lang='grc' dir='ltr'>δί</span> <span class='ocrx_word' id='word_1_718' title='bbox 1087 4835 1201 4916; x_wconf 55' lang='grc' dir='ltr'>ἰπατρίις</span> <span class='ocrx_word' id='word_1_719' title='bbox 1222 4833 1320 4901; x_wconf 81' lang='grc' dir='ltr'>παντὸς</span> <span class='ocrx_word' id='word_1_720' title='bbox 1344 4830 1449 4910; x_wconf 81' lang='grc' dir='ltr'>μείζονα</span> <span class='ocrx_word' id='word_1_721' title='bbox 1480 4832 1645 4892; x_wconf 83' lang='grc' dir='ltr'>ἐπεδείκνυτο</span> <span class='ocrx_word' id='word_1_722' title='bbox 1667 4836 1807 4914; x_wconf 77' lang='grc' dir='ltr'>φιλοστορ-</span> 
     </span>
    </p>
   </div>
   <div class='ocr_carea' id='block_1_20' title="bbox 239 5048 1805 5277">
    <p class='ocr_par' dir='ltr' id='par_1_20' title="bbox 239 5048 1805 5277">
     <span class='ocr_line' id='line_1_52' title="bbox 272 5048 1642 5123; baseline -0.005 -18"><span class='ocrx_word' id='word_1_723' title='bbox 272 5058 279 5073; x_wconf 77' lang='lat'>‘</span> <span class='ocrx_word' id='word_1_724' title='bbox 298 5055 306 5118; x_wconf 87' lang='lat'>[</span> <span class='ocrx_word' id='word_1_725' title='bbox 317 5060 458 5123; x_wconf 62' lang='grc' dir='ltr'>παλαιοτέρων</span> <span class='ocrx_word' id='word_1_726' title='bbox 471 5052 512 5116; x_wconf 71' lang='grc' dir='ltr'>θι]</span> <span class='ocrx_word' id='word_1_727' title='bbox 1083 5056 1095 5091; x_wconf 74' lang='lat' dir='ltr'><strong>b</strong></span> <span class='ocrx_word' id='word_1_728' title='bbox 1113 5053 1154 5104; x_wconf 80' lang='lat' dir='ltr'><strong>Sic</strong></span> <span class='ocrx_word' id='word_1_729' title='bbox 1165 5055 1225 5103; x_wconf 73' lang='lat' dir='ltr'><strong>Mss.</strong></span> <span class='ocrx_word' id='word_1_730' title='bbox 1240 5063 1315 5103; x_wconf 80' lang='lat' dir='ltr'><strong>tecle.</strong></span> <span class='ocrx_word' id='word_1_731' title='bbox 1330 5048 1398 5100; x_wconf 81' lang='lat' dir='ltr'><strong>Etliti</strong></span> <span class='ocrx_word' id='word_1_732' title='bbox 1410 5065 1469 5099; x_wconf 64' lang='lat' dir='ltr'><strong>t&#39;t‘ro</strong></span> <span class='ocrx_word' id='word_1_733' title='bbox 1483 5057 1496 5108; x_wconf 73' lang='grc' dir='ltr'>ίι</span> <span class='ocrx_word' id='word_1_734' title='bbox 1508 5056 1561 5114; x_wconf 67' lang='lat' dir='ltr'><strong>cipiet</strong></span> <span class='ocrx_word' id='word_1_735' title='bbox 1573 5058 1642 5117; x_wconf 72' lang='grc' dir='ltr'>ψυχή.</span> 
     </span>
     <span class='ocr_line' id='line_1_53' title="bbox 272 5125 1805 5202; baseline -0.005 -19"><span class='ocrx_word' id='word_1_736' title='bbox 272 5148 282 5170; x_wconf 74' lang='grc'><em>·</em></span> <span class='ocrx_word' id='word_1_737' title='bbox 299 5133 361 5197; x_wconf 71' lang='lat' dir='ltr'><strong>[pto</strong></span> <span class='ocrx_word' id='word_1_738' title='bbox 372 5130 495 5181; x_wconf 87' lang='lat' dir='ltr'><strong>inclusum</strong></span> <span class='ocrx_word' id='word_1_739' title='bbox 508 5127 576 5195; x_wconf 82' lang='lat' dir='ltr'><strong>apud</strong></span> <span class='ocrx_word' id='word_1_740' title='bbox 588 5127 665 5180; x_wconf 84' lang='lat' dir='ltr'><strong>Saril.</strong></span> <span class='ocrx_word' id='word_1_741' title='bbox 679 5128 750 5181; x_wconf 87' lang='lat' dir='ltr'><strong>abest</strong></span> <span class='ocrx_word' id='word_1_742' title='bbox 768 5129 800 5181; x_wconf 82' lang='lat' dir='ltr'>ab</span> <span class='ocrx_word' id='word_1_743' title='bbox 814 5134 841 5182; x_wconf 85' lang='lat' dir='ltr'>tt.</span> <span class='ocrx_word' id='word_1_744' title='bbox 856 5133 913 5183; x_wconf 79' lang='lat' dir='ltr'><strong>blon</strong></span> <span class='ocrx_word' id='word_1_745' title='bbox 933 5131 998 5183; x_wconf 80' lang='lat' dir='ltr'><strong>irlcm</strong></span> <span class='ocrx_word' id='word_1_746' title='bbox 1081 5148 1091 5170; x_wconf 72' lang='lat'><strong>⁰</strong></span> <span class='ocrx_word' id='word_1_747' title='bbox 1110 5134 1167 5182; x_wconf 84' lang='lat' dir='ltr'><strong>Mss.</strong></span> <span class='ocrx_word' id='word_1_748' title='bbox 1183 5139 1268 5202; x_wconf 72' lang='grc' dir='ltr'>πατρὸς</span> <span class='ocrx_word' id='word_1_749' title='bbox 1286 5138 1340 5201; x_wconf 73' lang='grc' dir='ltr'>πρὸς</span> <span class='ocrx_word' id='word_1_750' title='bbox 1358 5138 1450 5186; x_wconf 70' lang='grc' dir='ltr'>πάντας.</span> <span class='ocrx_word' id='word_1_751' title='bbox 1463 5130 1515 5194; x_wconf 81' lang='lat' dir='ltr'><strong>[stc</strong></span> <span class='ocrx_word' id='word_1_752' title='bbox 1526 5145 1626 5195; x_wconf 80' lang='lat' dir='ltr'><strong>quoquc</strong></span> <span class='ocrx_word' id='word_1_753' title='bbox 1639 5145 1718 5197; x_wconf 80' lang='lat' dir='ltr'><strong>marg.</strong></span> <span class='ocrx_word' id='word_1_754' title='bbox 1732 5125 1805 5181; x_wconf 84' lang='lat' dir='ltr'><strong>Saril.</strong></span> 
     </span>
     <span class='ocr_line' id='line_1_54' title="bbox 239 5209 1125 5277; baseline 0.003 -20"><span class='ocrx_word' id='word_1_755' title='bbox 239 5223 264 5261; x_wconf 88' lang='lat' dir='ltr'><strong>rt</strong></span> <span class='ocrx_word' id='word_1_756' title='bbox 277 5228 355 5277; x_wconf 82' lang='lat' dir='ltr'><strong>mnrg.</strong></span> <span class='ocrx_word' id='word_1_757' title='bbox 369 5209 445 5262; x_wconf 83' lang='lat' dir='ltr'><strong>Satil.</strong></span> <span class='ocrx_word' id='word_1_758' title='bbox 460 5219 532 5269; x_wconf 72' lang='grc' dir='ltr'>παῖσςς</span> <span class='ocrx_word' id='word_1_759' title='bbox 543 5222 580 5271; x_wconf 73' lang='grc' dir='ltr'>τῆς</span> <span class='ocrx_word' id='word_1_760' title='bbox 592 5211 637 5275; x_wconf 68' lang='grc' dir='ltr'>γυ]</span> <span class='ocrx_word' id='word_1_761' title='bbox 1048 5221 1073 5261; x_wconf 85' lang='lat' dir='ltr'><strong>rt</strong></span> <span class='ocrx_word' id='word_1_762' title='bbox 1085 5211 1125 5275; x_wconf 66' lang='lat' dir='ltr'>b]</span> 
     </span>
    </p>
   </div>
   <div class='ocr_carea' id='block_1_21' title="bbox 0 0 1881 5978">
    <p class='ocr_par' dir='ltr' id='par_1_21' title="bbox 0 0 1881 5978">
     <span class='ocr_line' id='line_1_55' title="bbox 0 0 1881 5978; baseline 0 0"><span class='ocrx_word' id='word_1_763' title='bbox 0 0 1881 5978; x_wconf 95' lang='lat' dir='ltr'> </span> 
     </span>
    </p>
   </div>
  </div>
 </body>
</html>
