3728 5978
617 521 650 567 m
679 520 786 569 nrtsr.
815 500 969 568 an'norr.
998 522 1117 570 noun.
1145 523 1205 570 xx.
1630 529 1701 602 φορ

131 643 259 724 Καθάπερ
277 635 320 704 ούν
335 647 350 704 b
368 647 393 703 ἀν
410 650 448 728 τῷ
462 646 526 728 οίκῳ
539 652 585 707 τοῦ
598 649 669 709 Θεοῦ
683 645 903 724 διακονούμενος,
957 647 1008 706 Dei
1028 647 1164 708 ministrat
1177 662 1203 708 et
1222 648 1364 725 sacrificat,
1381 649 1504 729 quisquis
1522 649 1632 712 tandem
1652 653 1700 731 sit,

131 735 177 795 καὶ
188 737 341 815 ίερωμύνος,
362 728 414 803 οἶος
428 736 460 796 ἀν
473 729 505 818 ᾖ,
521 739 693 798 συστέλλεται
711 737 771 799 τύτε
792 737 838 798 καλ
855 760 903 797 σε·
955 748 1020 796 tunc
1031 739 1222 820 reprimituret
1230 739 1416 801 honorabilior
1422 740 1607 802 efficitur2sic
1615 756 1641 804 et
1652 764 1701 804 nos
1753 736 1754 739 ¹

130 828 253 908 μνότερος
267 828 378 907 γίνεται·
390 829 459 889 οὕτω
470 830 596 908 καλὴμῦς
606 831 650 891 τὸν
661 832 767 892 ἅπαντα
777 830 832 909 βίον
845 831 902 889 δια·
955 850 1005 909 per
1013 841 1097 890 totam
1111 830 1198 891 vitam
1207 832 1316 892 allectos
1330 853 1387 892 esse
1401 846 1515 914 oportet,
1531 835 1632 894 σεθου
1645 835 1701 895 mi·

129 925 232 980 νἰεῑσθαι
245 920 317 1001 χρὴ,
331 925 366 989 ὡς
377 922 551 1001 λατρεύοντας
566 922 612 982 καί
625 921 791 1005 ίερωράνσυς.
803 920 901 981 Ἔσται
918 929 937 978 G
954 919 1097 981 nistrantes
1113 936 1139 982 et
1151 923 1283 983 sacrificia
1297 924 1446 985 offerentes.
1460 926 1518 985 lloe
1530 939 1621 986 autem
1638 926 1701 1002 erit,

131 1011 158 1072 δὲ
174 1017 267 1083 τοῦτο,
282 1012 326 1073 ἐὰν
340 1014 399 1072 καθ’
417 1014 531 1087 ἑκάστην
545 1015 648 1095 ἡμέραν
663 1013 815 1097 προσφίρης
829 1015 901 1094 αιἰτῷ
954 1011 978 1070 si
991 1033 1040 1093 per
1060 1012 1182 1092 singulos
1200 1011 1260 1073 dies
1274 1013 1372 1075 offeras
1388 1015 1429 1074 illi
1452 1016 1587 1078 sacrificis
1610 1028 1637 1076 et
1658 1018 1700 1077 tui

129 1102 235 1182 θύματα
244 1152 253 1177 ,
265 1105 310 1165 καί
319 1105 402 1185 ἱερεὺς
412 1113 457 1165 τοῦ
471 1106 567 1167 οίκείου
577 1106 702 1186 σώματος
711 1107 785 1188 γίνη,
797 1106 844 1166 καί
853 1109 902 1177 τῆς
954 1104 1073 1186 corporis
1085 1105 1210 1166 sacerdos
1220 1107 1266 1184 sis,
1273 1109 1385 1189 ejusque
1393 1130 1454 1187 quae
1464 1108 1610 1169 secundum
1628 1131 1701 1170 men·

130 1197 200 1255 κατά
220 1196 308 1278 ψυχὴν
329 1200 442 1278 ἀρετῆς·
463 1189 528 1273 οἷον,
553 1198 616 1258 ὅταν
634 1197 804 1280 σωφροσύνην
818 1220 901 1278 προσ·
954 1209 1010 1256 tem
1027 1211 1066 1258 est
1082 1197 1210 1260 virtutis:
1225 1200 1342 1282 exempli
1363 1221 1444 1260 causa
1467 1222 1529 1263 cum
1550 1202 1702 1263 castitatem

129 1287 251 1366 ενέγκης,
270 1286 331 1347 ὅταν
346 1288 533 1365 ἐλεημοσύνην,
549 1290 612 1350 ὅταν
627 1290 769 1350 ίπιείιιειαν
782 1289 899 1351 καλάνε·
955 1290 1096 1365 obtuleris,
1121 1312 1184 1351 eum
1205 1293 1412 1375 eleemosynam,
1432 1315 1494 1354 cum
1516 1294 1701 1356 mansuetudi-

131 1376 261 1446 ξικακίαν.
275 1383 369 1439 Ταῦτα
383 1381 435 1461 γάρ
456 1387 550 1455 ποιῶν,
566 1383 703 1465 ἀναφέρεις
725 1380 835 1460 λογικὴν
848 1384 900 1442 λα·
955 1400 1015 1441 nem
1031 1396 1057 1442 ct
1079 1383 1242 1464 injuriarum
1261 1384 1436 1464 oblivionem.
1452 1385 1516 1446 Haeo
1538 1407 1601 1446 cum
1622 1386 1699 1466 facis,

130 1471 235 1551 τρείσιν·
256 1472 400 1547 τουτέστιν,
420 1472 494 1532 οὐδὲν
512 1473 623 1554 ὄρουσαν
647 1473 811 1554 σωματικὸν,
828 1473 901 1535 οὐδὲν
953 1475 1141 1537 rationabilem
1158 1478 1262 1538 cultum
1280 1479 1377 1557 offers,
1390 1479 1420 1538 id
1433 1492 1482 1557 est,
1497 1479 1545 1559 qui
1559 1479 1630 1538 nibil
1648 1480 1700 1539 ba·

130 1561 224 1643 παχὺ,
239 1563 311 1623 οὐδὲν
333 1565 466 1636 αἰσθητόν.
482 1565 603 1647 Ἐπάρας
613 1566 699 1627 τοίνυν
713 1567 757 1627 διὰ
777 1570 831 1626 τῶν
844 1571 903 1628 ὀνο-
953 1565 1016 1626 beat
1038 1589 1209 1650 corporeum,
1224 1569 1294 1629 nibil
1319 1591 1451 1650 crassum,
1470 1571 1542 1630 nibil
1564 1571 1699 1632 sensibile.

132 1654 223 1731 μάτων
234 1656 278 1716 τὸν
291 1656 434 1737 ἀκροατὴν,
451 1659 497 1717 καὶ
510 1658 622 1718 ἕκαστον
635 1659 707 1739 ίερύα
722 1657 766 1719 διά
779 1665 827 1732 τῆς
841 1663 902 1719 ἐαυ-
955 1657 1026 1718 Cum
1040 1660 1126 1739 igitur
1146 1660 1280 1721 auditoris
1306 1675 1423 1721 mentem
1446 1683 1496 1743 per
1508 1661 1579 1722 baec
1591 1654 1701 1723 nomina

130 1753 178 1805 τοῦ
190 1745 299 1826 σαρκὸς,
314 1747 358 1808 διά
379 1753 427 1820 τῆς
440 1750 574 1818 πολιτείας
589 1749 743 1831 ἀποφήνας,
764 1751 836 1831 λέγει
858 1749 902 1810 καλ
954 1751 1091 1829 erexisset,
1104 1766 1131 1812 et
1144 1773 1364 1831 unumquemque
1381 1775 1431 1834 per
1447 1774 1526 1813 suam
1548 1774 1700 1814 carnem-sc
1754 1833 1758 1836 ἡ

130 1838 176 1896 τὸν
197 1840 304 1917 τρόπον,
325 1841 358 1898 δι’
375 1832 404 1899 οὗ
427 1843 535 1902 δυνατὸν
556 1843 667 1903 ίπάντα
681 1849 834 1924 κατορθοῦν.
853 1844 903 1914 Τίς
954 1861 1003 1922 pcr
1019 1842 1174 1904 institutum
1186 1843 1251 1904 vitae
1271 1843 1437 1923 sacerdotem
1458 1864 1515 1904 esse
1527 1843 1700 1919 declarasset,

130 1921 175 1988 σύν
189 1931 327 2011 θτράπος;
348 1932 394 2006 Μὴ
417 1935 661 2015 συσχηματίζεσθε,
674 1936 754 2017 φησὶ,
768 1940 808 2018 τῷ
827 1939 903 1996 αἰῶνι
955 1931 1068 1993 modum
1086 1935 1167 1995 etiam
1181 1935 1250 1997 dicit
1268 1935 1418 1996 seeundum
1431 1956 1512 2015 quem
1531 1936 1622 1996 omnia
1635 1956 1700 2017 pos-

129 2019 232 2101 τσύτῳ,
260 2022 328 2082 ἀλλά
356 2032 573 2107 μεταμορφοῦσθε
596 2030 631 2105 τῇ
656 2026 833 2086 ἀνακαινώσει
857 2031 903 2086 τοῦ
919 2025 939 2074 Ι)
955 2038 1018 2084 sunt
1041 2040 1113 2086 recte
1131 2027 1186 2106 agi.
1202 2027 1272 2099 Quis
1287 2026 1334 2086 ille
1357 2026 1455 2087 modus
1479 2027 1579 2087 estll.
1599 2028 1701 2114 Nolite

129 2112 187 2178 νοὸς
196 2117 278 2190 ὑμῶν.
291 2116 344 2175 Καὶ
357 2117 408 2196 γάρ
422 2118 588 2197 χαμαίζηλσν
598 2117 629 2177 τά
642 2120 738 2198 ’σχῆμα
751 2121 797 2177 τοῦ
811 2119 903 2186 αἰῶνος
955 2119 1148 2198 conjonnari,
1162 2118 1260 2197 inquit,
1272 2120 1341 2177 lruic
1356 2119 1474 2192 seculo,
1486 2120 1540 2178 sed
1550 2121 1699 2201 mmsor-

130 2203 223 2264 τούτου
237 2206 282 2265 καί
301 2207 401 2275 εὐτελὲς
425 2209 470 2268 καί
485 2209 655 2289 πρόσκαιρον,
678 2209 724 2269 καὶ
747 2208 821 2269 οὐδὲν
843 2209 903 2290 ἔχον
956 2212 1080 2267 mamim'
1087 2230 1141 2289 per
1150 2213 1370 2269 renovationem
1385 2213 1619 2292 mentis'ttestroe.
1635 2209 1701 2270 Ete-

130 2298 240 2376 ὑψηλὸν,
254 2297 327 2358 οὐδὲν
340 2300 472 2375 διηνεκὲς,
486 2301 560 2360 οὐδὲν
574 2300 662 2376 εθθὲς,
673 2300 741 2361 ἀλλά
751 2300 839 2361 πάντα
853 2303 903 2361 διε·
956 2299 1013 2359 nim
1026 2299 1110 2382 hujus
1120 2301 1211 2361 saeculi
1225 2301 1314 2381 figura
1325 2300 1403 2360 humi
1421 2321 1516 2382 repens
1533 2316 1583 2375 est,
1599 2301 1662 2363 vilis
1674 2317 1702 2362 et

132 2389 297 2467 στραμμένα.
320 2393 355 2450 El
366 2391 452 2451 τοίνυν
466 2391 530 2473 spol
553 2392 640 2472 βούλει
657 2394 781 2471 βαδίζειν,
796 2393 833 2471 μὴ
852 2417 903 2452 τυ·
955 2403 1137 2473 temporanea,
1147 2392 1217 2452 nihil
1225 2392 1307 2451 babet
1316 2391 1443 2471 sublime,
1452 2392 1522 2452 nihil
1531 2405 1701 2474 perpetuum,

130 2479 224 2559 πώσης
238 2481 328 2540 ἑαυτὸν
338 2481 406 2540 κατά
417 2482 446 2542 τὸ
454 2487 548 2564 σχῆμα
558 2488 604 2543 τοῦ
614 2483 902 2564 responsarios-obolo
956 2483 1026 2543 nibil
1039 2496 1154 2559 rectum,
1168 2483 1217 2543 sed
1232 2483 1319 2543 omnia
1331 2504 1466 2564 perversa.
1481 2483 1511 2543 Si
1524 2483 1617 2561 itaque
1631 2497 1702 2545 recte

130 2572 182 2650 γάρ
202 2578 254 2631 τῶν
279 2575 306 2631 ἓν
321 2577 393 2654 αὐτῷ
407 2575 485 2652 με’νον
507 2577 553 2635 καί
572 2576 684 2655 βεύηκύς
702 2580 768 2637 ἐστι.
791 2577 840 2637 Διὸ
857 2576 903 2637 καί
956 2575 999 2635 vis
1012 2575 1145 2652 incedere,
1160 2596 1194 2635 ne
1214 2576 1314 2635 formes
1329 2575 1446 2657 teipsum
1467 2574 1615 2635 secundum
1629 2575 1702 2656 fign-

132 2668 228 2743 σχῆμα
245 2664 368 2725 ἐκάλεσεν
382 2665 458 2725 αὐτά·
479 2666 525 2726 καὶ
538 2669 654 2748 ἀλλαχοῦ
673 2669 764 2743 πάλιν,
782 2668 905 2750 Παράγει
956 2686 1016 2725 ram
1025 2667 1108 2748 hujus
1121 2666 1184 2727 vitae
1197 2690 1203 2723 :
1216 2667 1287 2725 nibil
1295 2668 1369 2726 enim
1379 2667 1408 2725 in
1422 2666 1482 2746 ipso
1494 2680 1593 2744 manet,
1601 2680 1628 2726 et
1641 2687 1704 2749 per·
1805 2663 1811 2668 ⁸

130 2756 184 2835 γάρ
195 2755 225 2816 el
238 2760 331 2836 σχῆμα
341 2763 386 2816 τσῦ
400 2757 499 2836 κόσμου
511 2758 612 2820 τούτου.
622 2759 707 2820 (lotis
718 2759 771 2840 γάρ
783 2760 906 2842 οδιαρκὲς
957 2771 1071 2819 severat.
1086 2757 1152 2819 Ideo
1161 2759 1282 2838 figuram
1297 2758 1417 2839 appellat
1432 2781 1438 2814 :
1454 2772 1482 2817 et
1494 2758 1561 2817 alibi
1574 2779 1700 2818 mesum:

131 2848 191 2907 οὐδὲ
204 2850 322 2926 πεπηγὸς
337 2848 407 2931 ἔχει,
428 2850 496 2910 ἀλλά
509 2851 597 2911 πάντα
608 2851 767 2932 πρόσκαιρα.
782 2852 831 2912 Διὸ
844 2852 905 2924 καί,
922 2859 942 2906 Ε
957 2850 1094 2910 Praeterit
1111 2851 1299 2932 enimfigura
1317 2852 1405 2931 hujus
1419 2852 1532 2910 muudi.
1541 2850 1619 2911 Nihil
1631 2851 1703 2910 enim
1712 2868 1738 2961 ἑ·
1750 2853 1803 2900 t'or.
1815 2869 1839 2913 ⁷·

134 2943 182 3021 Τῷ
198 2944 273 3000 αἰῶνι
286 2941 384 3022 τούτῳ,
399 2931 475 3001 εἶπε·
492 2942 536 3003 διά
549 2943 642 3003 τούτου
664 2943 713 3022 μὲν
733 2943 764 3004 τὸ
779 2944 904 3025 ἐπίκηρον
957 2942 1039 3002 babet
1049 2942 1145 3003 stabile
1162 2955 1211 3003 aut
1228 2942 1326 3017 lixum,
1339 2940 1387 3000 sed
1405 2942 1496 3001 omnia
1514 2956 1702 3023 temporanea:
1733 2928 1753 2961 ¹‘

134 3033 231 3106 δηλῶν,
253 3032 296 3092 διά
322 3033 349 3092 δὲ
373 3038 418 3092 τοῦ
440 3033 579 3114 σχήματος
599 3036 629 3095 τὸ
644 3034 832 3096 ἀνυπόστατον.
848 3036 904 3097 Κάν
957 3032 1040 3111 unde,
1056 3035 1134 3093 Huic
1146 3031 1364 3111 soecul0,dixit:
1376 3033 1418 3093 his
1432 3033 1524 3095 verbis
1539 3034 1647 3095 fluxum
1660 3057 1703 3097 es-

132 3124 186 3203 γάρ
203 3126 314 3184 πλοῦτον
339 3123 428 3206 εἴπῃς,
442 3127 491 3185 κάν
509 3126 595 3199 δόξαν,
618 3125 668 3186 κάν
681 3125 803 3205 σώματος
820 3127 904 3208 ὥραν,
957 3122 1145 3203 sedeclarans,
1157 3144 1205 3205 per
1224 3124 1340 3204 ligurem
1359 3137 1450 3185 autem
1466 3125 1589 3186 indicans
1609 3127 1704 3188 subsi-

133 3215 183 3273 κᾶν
200 3214 310 3297 τρυφὴν,
328 3216 376 3274 κάν
396 3221 532 3277 ἀλλοτισῦν
546 3221 598 3276 τῶν
614 3218 758 3278 δοκούντων
772 3209 838 3278 εἶναι
860 3243 906 3299 με·
958 3215 1053 3275 stentia
1067 3235 1166 3275 carere.
1175 3218 1247 3276 Nam
1257 3215 1281 3274 si
1290 3213 1401 3275 divitias
1414 3215 1526 3294 dixeris,
1540 3217 1564 3276 si
1577 3217 1704 3298 gloriam,
1752 3279 1754 3283 ,

133 3308 338 3389 γσθων,σρῆμα
359 3307 438 3386 μόνον
458 3309 538 3383 ἐστὶν,
561 3313 590 3370 οὐ
609 3309 766 3391 πράγματος
778 3311 905 3386 ἀλήθεια,
958 3305 982 3365 si
1009 3306 1130 3388 corporis
1152 3307 1278 3385 formam,
1301 3307 1325 3366 si
1348 3307 1526 3388 voluptatem,
1543 3307 1567 3367 si
1594 3301 1706 3388 quidvis

134 3400 256 3469 ἐπίδειξις
269 3401 315 3460 καί
328 3410 504 3483 προσωπεῖον,
521 3405 571 3483 οὐχ
589 3401 732 3471 θπόστασίς
749 3427 789 3479 τις
813 3403 905 3481 μένου-
957 3398 1034 3458 aliud
1050 3398 1124 3478 quod
1133 3398 1261 3459 rideatur
1272 3418 1403 3478 magnum
1416 3418 1480 3476 esse,
1496 3399 1584 3480 figura
1597 3413 1706 3461 tanturn

133 3517 178 3552 σα.
193 3491 272 3551 Ἀλλά
288 3491 320 3551 σθ
346 3492 383 3571 μὴ
399 3494 596 3575 συσχηματίζυυ
615 3493 717 3574 τούτῳ,
741 3494 810 3555 ἀλλά
824 3519 904 3574 μετα-
956 3504 1007 3568 est,
1023 3509 1076 3551 non
1099 3491 1139 3550 rei
1159 3491 1270 3569 veritas,
1293 3491 1485 3550 demonstratio
1500 3505 1527 3551 et
1546 3492 1636 3571 larva,
1652 3513 1705 3553 non

134 3589 247 3663 μορφοῦ,
269 3584 358 3664 φησίν,
377 3584 425 3644 ag,
448 3611 481 3667 τη
499 3584 676 3646 ἀνακαινώσει
689 3590 734 3646 τοῦ
756 3586 822 3654 νοός.
846 3590 905 3648 ota
956 3604 1067 3644 manens
1086 3582 1249 3644 substantia.
1264 3582 1320 3643 Sed
1335 3595 1365 3642 tu
1387 3604 1421 3643 ne
1436 3584 1610 3644 conformeris
1627 3585 1704 3664 buic,

133 3668 205 3749 εἶπε,
228 3678 479 3756 μετασχηματίζω,
496 3678 582 3752 ἀλλά,
593 3681 789 3759 Μεταμορφυῦ,
803 3677 905 3748 δεικνύς
914 3677 1004 3773 61,ςυθίί
1025 3677 1116 3759 potius
1136 3691 1162 3736 te
1181 3677 1354 3753 transforma,
1370 3675 1468 3756 inquit,
1486 3698 1535 3758 per
1554 3678 1706 3739 renovatio-

132 3767 174 3827 b'rt
188 3766 218 3826 τὸ
232 3767 280 3846 μὲν
294 3775 340 3829 τοῦ
355 3768 455 3848 κόσμου
464 3816 473 3845 ,
484 3774 593 3850 σχῆμα·
605 3769 636 3829 τὸ
650 3770 678 3831 δὲ
688 3776 735 3844 ’.ἥς
746 3774 858 3853 ἀρετῆς,
875 3776 905 3833 οῦ
921 3789 943 3834 Α
956 3792 1018 3830 nem
1033 3769 1138 3830 mentis.
1153 3770 1215 3828 Non
1237 3769 1322 3846 dixit,
1338 3770 1380 3829 Te
1392 3771 1566 3849 transfigere,
1590 3768 1648 3850 sed,
1665 3773 1707 3832 Te

131 3865 245 3941 σχῆμα,
260 3861 328 3920 ἀλλά
342 3863 429 3942 μορφή
441 3888 482 3931 τις
496 3862 597 3936 ἀληθὴς
607 3864 717 3943 φυσικὸν
726 3862 824 3944 ἔχοντα
838 3865 904 3925 κάλ·
956 3863 1125 3939 transforma5
1136 3860 1286 3940 ostendens,
1297 3859 1328 3920 id
1337 3863 1413 3940 quod
1421 3860 1517 3921 mundi
1526 3874 1575 3934 est,
1588 3861 1707 3941 liguram

133 3956 197 4027 λος,
220 3956 251 4013 ὠ
269 3953 391 4033 δεόμενον
404 3959 458 4014 τῶν
476 3953 570 4024 ἔξωθεν
592 3953 795 4037 ἐπιτριμμάτων
808 3979 837 4014 τε
858 3955 904 4016 καί
964 3974 1031 4031 esse,
1042 3954 1072 4014 id
1079 3968 1169 4014 autem
1180 3952 1251 4032 quod
1262 3952 1373 4013 virtutis
1385 3965 1433 4030 est,
1444 3972 1498 4013 non
1520 3952 1646 4032 figuram,
1657 3952 1706 4012 sed

134 4044 291 4125 σχημάτων,
300 4050 353 4106 τῶν
361 4051 462 4125 θμοῦτε
473 4046 636 4127 φαινομένων
646 4047 692 4105 καὶ
701 4047 904 4126 ἀπολλυμένων·
955 4046 1069 4107 lormam
1079 4042 1224 4124 quamdam
1233 4064 1290 4103 esse
1302 4064 1407 4116 veram,
1421 4064 1481 4122 quae
1494 4043 1645 4103 naturalem
1655 4043 1705 4103 ha·

135 4134 182 4190 καλ
193 4132 244 4215 γάρ
254 4134 359 4194 ἅπαντα
372 4140 472 4208 ταῦτα,
486 4135 548 4213 πρίν
559 4134 576 4205 ἢ
588 4139 717 4215 φανῆναι,
732 4134 906 4197 ’λύετααἊν
955 4141 1018 4202 beat
1040 4136 1283 4221 pulchritudinem,
1298 4156 1358 4214 quse
1378 4155 1431 4194 non
1456 4155 1524 4216 opus
1538 4134 1637 4195 babeat
1650 4156 1703 4196 ex-

134 4223 221 4284 τοίνυν
231 4225 261 4284 τὸ
272 4229 366 4306 σχῆμα
378 4225 469 4306 ῥίψῃς,
482 4226 583 4306 ταχέως
597 4225 641 4284 ἐπί
652 4224 700 4299 τὴν
712 4226 814 4308 μορφὴν
826 4227 905 4299 ἥξεις.
957 4247 1031 4294 terno
1045 4230 1093 4289 illo
1110 4229 1173 4287 fuco
1186 4241 1212 4287 et
1235 4227 1341 4308 ligura,
1355 4248 1415 4306 qum
1440 4225 1522 4285 simul
1536 4239 1618 4306 etque
1629 4235 1704 4288 oom-

97 4300 101 4307 .
135 4316 283 4397 Οὐύὲνγάρ
301 4321 348 4389 τῆς
363 4317 458 4386 κακίας
471 4318 664 4399 ἀσθενέστερον,
682 4318 756 4378 οὐδὲν
769 4318 838 4379 obem
851 4345 906 4381 πα·
955 4338 1051 4408 parent
1073 4321 1248 4403 dispereunt:
1270 4340 1332 4378 nam
1354 4317 1525 4379 haecomnia
1546 4317 1705 4401 priusquam

134 4409 255 4468 λαιοῦται
267 4409 371 4490 ῥαδίως.
385 4401 454 4469 Εἶτα
473 4409 563 4483 ίπειδὴ
575 4409 728 4494 ἀνθρώπως
741 4411 817 4479 ὄντας
838 4414 905 4482 εἰκὸς
954 4428 1101 4500 appareant
1121 4413 1316 4475 dissolvuntur.
1331 4411 1362 4473 Si
1381 4431 1445 4492 ergo
1465 4412 1583 4492 figuram
1597 4412 1703 4493 abjece-

135 4505 194 4559 καθ’
212 4502 325 4575 ἑκάστην
341 4503 502 4583 ἁμαρτάνειν
515 4503 564 4577 τὴν
578 4503 692 4584 ἡμέραν,
710 4510 905 4586 παραμυθεῖται
956 4510 1004 4583 ris,
1019 4508 1072 4568 cito
1092 4505 1129 4565 ad
1141 4506 1256 4565 formam
1275 4503 1375 4565 venies.
1398 4502 1477 4562 Nihil
1490 4502 1562 4563 enim
1584 4502 1703 4584 nequitie
1749 4529 1854 4590 nequltia

135 4594 180 4652 τὸν
189 4594 319 4675 ἀκροατὴν
333 4594 428 4672 λέγων,
438 4594 478 4654 ὅτι
492 4598 550 4655 καθ’
561 4596 676 4668 ἑκάστην
690 4596 832 4658 ἀνακαίνου
844 4623 905 4658 σαυ-
956 4603 1111 4679 infirmius,
1123 4600 1194 4661 nibil
1212 4599 1249 4659 ita
1266 4599 1345 4660 lacile
1364 4598 1512 4660 veterascit.
1524 4597 1629 4659 Deinde
1639 4599 1703 4679 quia
1713 4592 1771 4700 ἓξὲξ
1791 4595 1856 4640 Μ’·

133 4685 188 4745 τόν.
202 4683 291 4767 Ὅπερ
307 4688 351 4747 ἐπὶ
368 4693 421 4747 τῶν
443 4690 532 4748 οἰκιῶν
554 4694 692 4766 ποιοῦμεν,
709 4690 906 4770 παλαισυμίνας
924 4696 1079 4758 θίιοιυίαοε
1093 4715 1156 4754 cum
1177 4705 1279 4769 essent,
1292 4711 1453 4771 mnsequens
1473 4704 1530 4751 erat
1552 4691 1614 4750 illos
1631 4712 1704 4769 quo-
1774 4686 1780 4698 '

133 4779 214 4846 αθτθις
234 4778 276 4838 ἀεί
296 4781 473 4861 διορθοῦντες,
489 4788 565 4841 τοῦτο
581 4781 626 4840 καλ
640 4782 684 4841 ἐπί
707 4789 803 4843 σαυτοῦ
826 4783 905 4844 ποίει.
957 4787 1024 4848 tidie
1032 4806 1160 4868 peccare,
1175 4782 1327 4842 auditorem
1342 4783 1496 4842 consolatur
1510 4779 1611 4857 dicens,
1625 4782 1703 4855 Quo-

132 4870 273 4950 Ἧμαρτει
286 4870 417 4951 cinerum
432 4871 600 4960 ἐπαλαίρσάι
614 4896 659 4931 σου
674 4872 722 4946 τὴν
736 4875 843 4956 ψυχήν,
857 4875 905 4949 Μὴ
957 4877 1025 4939 tidie
1052 4877 1170 4958 teipsum
1188 4894 1296 4933 renova.
1320 4871 1352 4931 Id
1368 4871 1441 4952 quod
1463 4871 1491 4930 in
1514 4869 1643 4932 domibus
1662 4871 1702 4932 fa-

135 4965 256 5042 ἇπογνῷς
267 4963 334 5041 μηδὲ
349 4963 501 5044 dveniens,
516 4966 574 5024 ἀλλ’
589 4963 760 5025 ἄνακαίνισον
773 4965 857 5039 αὐτὴν
866 4990 914 5046 με·
957 4971 1056 5048 cimus,
1070 4980 1203 5030 vetustate
1213 4964 1364 5024 laborantes
1380 4964 1451 5045 ipsas
1464 4962 1584 5043 quotidie
1597 4977 1702 5024 restau-

136 5063 226 5143 τανοίφ
238 5064 284 5122 καὶ
298 5063 409 5145 δάκρυσι
423 5064 467 5124 καί
479 5063 667 5145 ἐξομολογήσει
679 5063 724 5124 καί
737 5069 770 5145 τῇ
784 5069 837 5125 τῶν
848 5069 914 5146 ἀγα·
957 5077 1045 5126 rantes
1059 5087 1064 5120 :
1080 5063 1133 5121 boc
1142 5059 1223 5120 etiam
1234 5059 1262 5118 in
1276 5057 1362 5138 teipso
1374 5056 1463 5119 facito.
1476 5058 1702 5119 Peceastihodie?

173 5238 186 5263 ¹
204 5238 296 5303 [ταῦτα
309 5239 338 5291 Α,
348 5249 373 5289 et
385 5254 464 5303 marg.
476 5236 565 5305 Sacil]
978 5238 991 5277 d
1007 5237 1048 5302 [ts
1058 5234 1131 5285 abest
1141 5230 1175 5283 ab
1187 5234 1215 5281 Α.
1228 5241 1253 5282 et
1265 5227 1373 5295 bibliis]

133 5330 136 5338 “
171 5333 182 5356 ⁶
199 5315 286 5368 Mosei.
297 5323 385 5398 δικρκὶς
398 5326 434 5373 καί
449 5329 557 5384 πεπηγός·-
979 5330 990 5355 ·
1006 5314 1078 5365 Unus
1088 5307 1174 5364 Codex
1185 5310 1222 5376 [el
1233 5310 1274 5374 b]
1284 5311 1406 5360 διαλύεται.

1525 5371 1571 5432 50.
