3728 5978
686 565 730 612 DE
755 563 992 615 Possttttttttrtt.

48 687 165 764 ἀνέμους
176 687 338 761 ἐπιτηδείους
349 689 389 767 τῷ
401 689 538 766 λικμητῆς
553 685 592 754 τίς
610 684 761 747 τὰτοιαῦτα
773 711 821 766 με·
838 690 857 736 Β

49 766 117 844 γε’θη
136 769 188 826 τῶν
210 772 277 845 βοῶν
297 766 425 840 όπίταξι,
440 765 486 825 καί
499 752 602 826 ἀπεισεν
618 764 734 835 αὔλακας
746 766 821 826 ltad-

50 869 110 919 σαι,
127 846 173 905 καί
191 846 280 906 ἅλωνα
299 848 455 918 συνθλάσαι,
474 844 520 905 καλ
539 845 641 924 ἀμάξας
657 846 751 929 πιριφέ
769 868 822 920 ειν,

50 929 83 985 οὐ
93 932 176 984 ταῦτα
186 926 273 985 πάντα
285 924 402 1006 ἀφθόνως
416 924 560 1004 παρέσχον,
571 923 657 994 καθὼς
667 936 720 993 τοῖς
732 869 821 999 ridicu,

51 1004 100 1064 καὶ
122 1008 195 1082 ὑμῖν,
217 1006 373 1084 βουλόμενος
397 1005 467 1084 ίχειν
490 1008 557 1081 ὑμᾶς
569 1005 698 1086 χορηγούς
713 1029 763 1084 μου
776 1005 822 1064 καὶ

10 1098 12 1103 ’
51 1086 205 1160 οἰκονόμους
219 1087 250 1144 ἐκ
264 1090 317 1144 τῶν
331 1086 402 1162 έμῶν
417 1086 531 1164 δωρεῶν,
545 1083 589 1143 ἵνα
603 1087 629 1143 έν
640 1089 724 1163 καιρῶ
740 1107 822 1154 πονη-

51 1166 93 1243 ρῷ
104 1164 149 1221 καί
163 1167 190 1222 έν
203 1164 316 1243 ἡμέραις
328 1167 406 1238 λιμοῦ
419 1162 609 1239 οἰκονομήσητέ
624 1187 672 1267 pig
685 1147 739 1224 Καὶ
752 1163 823 1222 ἐπεί.

50 1265 138 1314 νασα,
153 1242 198 1300 καὶ
209 1247 256 1302 οὐκ
270 1241 387 1302 ἐδώκατέ
398 1263 443 1319 μοι
454 1250 556 1322 φαγεῖν.
571 1242 643 1322 'Epor
656 1241 768 1314 δέδοικα,
777 1241 824 1301 καλ

10 1334 12 1361 ²
51 1324 108 1400 ἐγὼ
121 1319 262 1381 ἐπείνασα·
285 1326 317 1381 ix
333 1326 387 1380 τῶν
404 1324 476 1398 ἐμῶν
489 1321 622 1395 ἐζήτησα,
637 1321 683 1381 καὶ
695 1324 743 1381 αλκ
758 1321 824 1380 ttul-

10 1414 13 1443 ἱ
52 1399 121 1459 κατέ
141 1423 186 1476 μοι
208 1408 309 1480 φαγεῖν.
334 1401 387 1460 Καὶ
408 1402 456 1458 οὐκ
475 1398 563 1478 ᾔτησα
576 1399 765 1483 περιασοτίρας
778 1403 824 1460 δα-

51 1481 140 1545 πάνας
157 1478 215 1537 οὐδὲ
228 1479 327 1561 τρυφὴν
340 1479 399 1539 οὐδὲ
412 1478 517 1558 ἐφόδια,
531 1478 599 1539 ἀλλά
613 1487 704 1558 φαγεῖν
717 1477 761 1538 διδ
774 1479 824 1550 την

10 1570 16 1675 ‚³
52 1557 243 1697 littlssll
261 1558 824 1697 il'li'a‘iliiiiiim'ililili*

13 1736 19 1741 ·
54 1661 103 1775 adl
118 1661 825 1797 θορυόοίίνάιωνςκοιίρέιίφςραινομένιίινρέίφμαλακοῖίωέίίΞ

1549 547 1619 644 847

876 689 992 769 prebui,
1000 701 1026 749 et
1036 688 1069 748 iis
1077 689 1125 768 qui
1135 688 1212 770 digni
1222 689 1403 751 suntetvobis
1413 689 1533 772 pariter3
1545 692 1621 772 quod

876 789 924 829 vos
936 769 1036 828 vellem
1053 769 1285 829 administratores
1297 791 1363 843 esse,
1377 790 1553 849 meorumque
1568 770 1622 831 do-

875 867 971 907 norum
983 869 1143 924 oewnomos,
1153 863 1183 909 ut
1195 848 1350 930 intempore
1360 849 1432 908 malo
1443 863 1471 908 et
1483 850 1513 909 in
1523 849 1621 911 didius

874 927 953 986 lamis
966 927 1034 986 inihi
1049 928 1309 989 subministraretisi
1322 927 1367 988 At
1380 932 1502 1000 esurivi,
1517 940 1548 988 et
1559 948 1621 989 noia

875 1007 996 1067 dedistis
1010 1009 1084 1068 milii
1097 1010 1287 1067 munducare.
1299 1007 1357 1088 Ego
1368 1007 1430 1067 dedi
1442 1021 1468 1067 et
1508 1007 1620 1068 uisuri·

877 1085 916 1160 vi,
931 1085 965 1144 de
979 1087 1047 1145 meis
1065 1087 1210 1164 exquisivi,
1223 1101 1250 1146 et
1266 1107 1319 1145 non
1332 1085 1445 1146 dedistis
1460 1107 1498 1146 mi
1521 1087 1526 1098 '
1545 1086 1620 1165 qnod
1630 1093 1715 1140 uniit.
1729 1087 1761 1140 οὗ

876 1163 1075 1226 manducarem.
1089 1166 1150 1225 Non
1165 1165 1285 1246 expetivi
1303 1166 1453 1246 superfluas
1473 1152 1670 1247 impensas-4²·

876 1264 929 1302 non
943 1244 1073 1317 lautitias,
1085 1265 1139 1304 non
1152 1244 1265 1322 viatica,
1280 1243 1327 1303 sed
1359 1244 1415 1304 uod
1429 1244 1620 1307 manducarem

876 1321 904 1381 in
921 1324 1045 1402 praesenti
1059 1323 1233 1400 necessitate;
1247 1323 1326 1383 necd
1362 1323 1420 1383 istis
1434 1323 1504 1382 mihi
1516 1324 1618 1386 cibum.

877 1402 953 1481 sepe
961 1423 1025 1461 vero
1036 1424 1097 1462 cuni
1105 1402 1140 1462 de
1146 1403 1212 1462 meis
1221 1402 1300 1462 donis
1312 1404 1385 1462 laute
1393 1417 1418 1462 et
1428 1423 1491 1463 cum
1498 1404 1619 1463 tumultu

877 1480 1005 1541 viveretis
1022 1503 1054 1541 ac
1068 1482 1226 1541 laetaremini
1241 1481 1371 1542 mollibus
1384 1481 1471 1541 induti
1488 1482 1619 1558 vestibus,

878 1560 982 1618 stabam
992 1581 1042 1637 ego
1055 1560 1091 1620 ad
1101 1561 1201 1622 ostium
1212 1561 1307 1642 pannis
1319 1561 1414 1621 laceris
1425 1560 1548 1639 indutus,
1565 1562 1619 1634 iri-

879 1659 943 1718 gore
958 1641 1108 1715 coniectus,
1118 1641 1189 1699 farne
1200 1640 1350 1712 tabescens,
1366 1653 1396 1699 ut
1409 1661 1444 1700 ex
1456 1641 1486 1701 vi
1497 1640 1576 1700 timis
1585 1658 1626 1700 ne*

878 1718 994 1777 clamare
1006 1718 1119 1809 quidem
1124 1740 1240 1809 'possem
1248 1742 1258 1794 ς
1268 1739 1316 1778 nec
1332 1718 1445 1779 dedistis
1463 1719 1533 1812 mihi
1545 1719 1623 1805 qnod

10 1837 15 1845 -
54 1795 178 1872 δόρασιν,
189 1796 345 1875 ἐπίστηντῇ
360 1795 426 1878 supp
440 1795 508 1875 ῥάκη
521 1794 745 1874 περιόσόλημένος
756 1842 764 1870 ,
777 1819 826 1855 πα·
841 1806 861 1855 c
878 1795 1246 1878 ederemNonpeuivinum,
1256 1818 1308 1857 non
1318 1819 1420 1873 carnes,
1430 1819 1482 1858 non
1494 1819 1619 1876 siceram,

10 1904 20 1927 r
55 1879 125 1954 γετῶ
148 1876 336 1954 συνεχόμενος,
361 1877 434 1957 λιμῷ
456 1876 618 1952 τηκόμενος,
641 1875 701 1935 οὔτε
720 1877 825 1957 κράζειν
879 1874 1037 1966 sedpanem
1050 1889 1237 1953 tantum5nee
1250 1875 1362 1936 dedistis
1372 1877 1622 1939 mihtocrudeli·

56 1932 155 2033 ἰσχόων
176 1957 207 2014 ἐκ
223 1959 272 2026 τῆς
291 1954 350 2032 βίας
368 1962 414 2014 τοῦ
428 1960 505 2031 λιμοῦ
517 1979 524 1992 ·
536 1956 581 2013 καί
593 1956 641 2014 οὐκ
651 1955 768 2014 ἐδώκατέ
780 1977 825 2033 μοι
878 1969 929 2030 tas,
941 1955 1095 2016 immanitas
1105 1957 1206 2035 gravis,
1217 1969 1245 2014 et
1255 1956 1395 2036 profunda
1406 1957 1521 2016 tenebra
1531 1955 1622 2029 tQio·

10 2060 17 2089 ε
56 2041 162 2112 φαγεῖν.
186 2034 240 2093 Kal
259 2036 306 2094 οὐκ
324 2034 413 2114 ᾔτησα
430 2023 513 2104 οἶνον,
536 2034 565 2091 οὐ
586 2033 664 2114 κρέα,
679 2037 709 2093 οὔ
724 2035 826 2114 σίκερα,
879 2034 960 2094 modo
973 2055 1026 2094 non
1039 2034 1172 2095 recordati
1184 2035 1248 2096 estis
1261 2036 1328 2116 ejuS,
1345 2035 1391 2113 qui
1403 2035 1462 2094 baec
1475 2034 1556 2096 vobis
1567 2036 1622 2095 lar-

10 2150 16 2171 .
57 2115 83 2171 εῖ
99 2112 137 2189 μὴ
153 2111 336 2195 άρτσνψιλόν’
350 2113 395 2172 καί
410 2116 457 2172 οὐκ
470 2112 587 2172 ἐδώκατέ
605 2137 650 2191 μοι
663 2123 763 2194 φαγεῖν.
789 2110 826 2172 Ὦ
879 2114 952 2193 gitus
972 2112 1195 2193 eratiqiiomodo
1216 2135 1269 2174 non
1290 2115 1435 2174 revocastis
1455 2115 1484 2175 in
1506 2128 1623 2186 mentem

10 2220 15 2250 .·
58 2192 175 2262 άπήνεια
192 2194 237 2251 καί
256 2192 363 2270 ὠμότης
379 2191 486 2272 χαλεπὴ
504 2191 551 2251 καί
570 2193 661 2260 σκότος
676 2193 756 2270 βαθύ·
770 2197 827 2260 πῶς
876 2194 1087 2275 justumlobum
1100 2193 1259 2253 clamantem
1275 2195 1401 2253 :Nudus
1416 2213 1546 2274 egressus
1557 2206 1686 2255 sumlui.
1700 2216 1722 2251 ι.
1735 2218 1773 2250 ει.

10 2301 14 2333 :
56 2274 108 2329 οὐκ
119 2272 328 2350 ἐμνημονεύσατε
340 2271 385 2330 τὸν
399 2270 531 2331 δεδωκότα
542 2270 575 2329 τά
589 2272 741 2351 ὑπάρχοντα
751 2296 759 2345 ;
771 2277 828 2341 πῶς
880 2276 917 2332 de
927 2287 1010 2332 atero
1025 2277 1129 2333 matris
1143 2294 1221 2343 mete,
1232 2286 1261 2333 et
1277 2273 1372 2332 nudus
1385 2287 1516 2333 revertor
1532 2274 1625 2335 illito?

57 2353 107 2409 οὐκ
122 2352 295 2426 ἐνεθυμήθητε
308 2358 355 2410 τοῦ
370 2349 471 2410 δικαίου
487 2349 713 2430 Ἰὼόκράζοντος,
725 2352 828 2428 sopri<
880 2355 1026 2431 Nunquam
1042 2350 1155 2412 audistis
1173 2351 1338 2414 sacerdotem
1353 2352 1381 2411 in
1402 2351 1517 2434 mystica
1532 2374 1625 2414 mensa

10 2484 12 2491 .
57 2428 166 2500 ἐξῆλθον
183 2434 214 2489 έκ
229 2431 329 2499 κοιλίας
346 2430 444 2510 μητρός
458 2453 525 2509 μου,
542 2430 639 2510 γυμνός
658 2432 704 2491 καί
715 2431 826 2491 ἀπελεύ-

58 2531 156 2585 σομαι;
170 2509 304 2569 Οὐδέποτε
315 2509 445 2582 ἠκούσατε
458 2517 504 2569 τοῦ
515 2510 604 2586 ἱερέως
617 2509 662 2569 ἐπί
674 2514 722 2581 τῆς
735 2533 828 2587 μυστι-

57 2593 109 2660 κῆς
118 2589 248 2667 τραπέζης
259 2593 371 2667 βοῶντος
379 2589 443 2668 πρός
451 2613 495 2664 με,
504 2587 551 2647 καί
558 2589 774 2671 εὐχαριστοῦντός
783 2612 828 2667 μοι

57 2667 106 2725 καὶ
124 2667 254 2744 λέγοντος,
275 2671 300 2727 Τ
303 2667 320 2726 d
339 2667 373 2728 ad
391 2671 560 2728 duedecim
580 2692 621 2729 σοι
631 2667 827 2750 προσφίρομενς

57 2743 153 2822 Ὑμεῖς
163 2746 190 2806 δὲ
200 2753 334 2827 καυχᾶσθε
344 2792 352 2821 ,
361 2751 397 2814 ῶς
409 2748 446 2825 μὴ
457 2747 595 2816 λσόόντες·
607 2748 746 2809 ἐόοόλεσθι
756 2751 783 2807 έν
793 2752 827 2828 τῇ

881 2433 916 2493 ad
924 2453 967 2492 me
978 2433 1151 2507 clamantem,
1165 2432 1287 2510 mihique
1299 2431 1401 2511 gratias
1412 2446 1534 2512 agentem
1545 2432 1626 2493 acdi-

882 2526 985 2572 centem
998 2535 1004 2568 :
1026 2514 1089 2572 Tua
1100 2533 1137 2570 ex
1148 2515 1207 2571 tuis
1217 2515 1272 2570 tihi
1285 2514 1454 2594 cesserimus?
1466 2512 1526 2574 Vos
1535 2526 1626 2573 autem

882 2591 1037 2672 gloriamini
1054 2591 1132 2682 quasi
1149 2612 1203 2651 non
1221 2591 1392 2672 acceperitis:
1409 2590 1516 2655 vettius
1529 2591 1559 2652 in
1578 2591 1627 2651 illa

882 2692 973 2730 rerum
983 2692 1014 2730 oo
1034 2671 1058 2729 ia
1068 2670 1217 2730 inconcussi
1226 2671 1391 2731 inaeteinum
1404 2691 1520 2731 manere.
1534 2675 1628 2753 Appo-

882 2750 932 2810 site
948 2693 1079 2832 propheta
1099 2749 1257 2831 hujusmodi
1275 2750 1417 2810 hominum
1432 2763 1551 2811 assumta
1566 2771 1629 2832 per-

57 2825 164 2905 εὐθηνίφ
176 2828 263 2898 ἐκείνη
274 2827 413 2886 ἀσάλευτοι
424 2829 556 2904 διαμεῖναι
565 2831 600 2894 εἰς
610 2826 654 2887 τὸν
665 2830 758 2887 αἰῶνα.
773 2830 830 2887 Κα-
845 2837 865 2884 tt
883 2851 957 2904 sona,
967 2830 1077 2889 illorum
1090 2830 1216 2889 morbum
1227 2829 1361 2902 traduxit,
1373 2828 1466 2889 dicens
1474 2831 1552 2911 :Ego
1564 2831 1630 2889 dixi
1642 2841 1780 2902 Prahipp.

57 2908 112 2971 λῶς
131 2913 145 2966 ὁ
163 2892 301 2985 προφότης
319 2912 372 2965 τῶν
390 2906 512 2966 τοιοότων
527 2906 669 2986 πρόσωπον
688 2906 828 2967 άναλαόθιν

58 2985 247 3064 έθριάμόευσεν
259 2989 344 3045 αὐτῶν
354 2985 401 3058 τὴν
413 2987 488 3046 νόσον
498 2985 596 3064 λέγων·
608 2985 717 3064 Ἐγὼδέ
728 2978 790 3046 εἶπα
801 2989 829 3046 έν

57 3067 93 3142 τῇ
105 3064 209 3144 εὖθηνίφ
222 3068 318 3142 pauori
330 3065 367 3142 μὴ
375 3067 492 3124 σαλευθῶ
499 3068 535 3133 εἰς
545 3066 588 3124 τόν
600 3068 694 3124 αἰῶνα.
712 3065 775 3139 Ναὶ,
786 3067 830 3145 ἀρ-

57 3167 104 3202 τον
122 3145 167 3203 οὖκ
183 3145 282 3211 ἔδωκας
301 3143 385 3203 διὰτὸ
400 3143 437 3221 μὴ
448 3144 576 3223 γνωρίσαι
590 3167 620 3204 σε
635 3143 680 3203 τόν
697 3146 830 3207 δεδωκότα

58 3223 139 3283 Θεόν·
151 3223 200 3282 κᾶν
205 3225 256 3282 ὑπὸ
262 3222 357 3300 στέγην
364 3223 407 3282 διὰ
414 3224 440 3281 τί
450 3224 634 3306 μὴὺπεδέχους
645 3223 692 3283 καί
697 3231 774 3284 τοῦτο
779 3225 830 3304 γάρ

27 3296 37 3309 ’
59 3302 153 3378 μισθός
170 3302 252 3381 μέγας
269 3302 355 3362 ἐστίν·
374 3302 392 3373 ἢ
407 3305 565 3362 ἀσθενοῦντα
579 3303 616 3381 μὴ
629 3304 787 3385 ἐπεσκόψου,
800 3305 829 3365 ab

59 3381 113 3460 γδιρ
125 3381 163 3459 μὴ
178 3383 302 3461 παρεῖδον
312 3381 347 3440 τά
359 3382 467 3460 βηματοί
481 3405 543 3442 σου·
554 3381 571 3452 ἢ
586 3386 612 3442 έν
626 3384 730 3462 φυλακῇ
742 3408 776 3460 με
786 3384 830 3442 όν·

59 3483 113 3534 τα,
127 3464 156 3519 οὐ
169 3461 329 3540 παρεγένου,
343 3461 389 3519 καθ
404 3460 521 3541 ἐχαρίσω
533 3460 610 3539 λόγον
624 3464 676 3520 τῶν
691 3462 830 3542 παρακλή-

60 3562 146 3613 σεωνς
167 3539 212 3599 καὶ
229 3541 259 3600 οὐ
280 3542 317 3618 μὴ
338 3538 478 3608 ἀπώλεσας
494 3541 539 3600 τὸν
559 3539 650 3616 μισθόν
665 3564 726 3600 σου·
748 3540 830 3611 ὴκαλ

60 3620 215 3698 περιέόαλές
227 3642 260 3697 με
274 3619 478 3697 γυμνητεόοντα,
491 3618 508 3689 ἢ
520 3622 637 3700 διψῶντα
647 3619 771 3689 ἐπότισας
782 3645 830 3682 πο-

60 3698 151 3777 τήριον
172 3699 282 3771 θδατοςς
313 3700 398 3770 πόσην
422 3700 596 3759 ἀνταπόδοσιν
619 3700 742 3780 ἀνελήψιο
765 3704 829 3784 παρ’

60 3780 126 3853 ἐμοῦ
137 3803 145 3852 ;
157 3777 250 3855 Ὑμεῖς
261 3777 289 3836 δὲ
300 3786 384 3837 ταῦτα
396 3777 483 3836 πάντα
493 3777 632 3856 δυνάμενοι
641 3785 767 3853 ποιῆσαι,
782 3784 830 3841 οὐκ

884 2915 917 2967 in
926 2910 1112 2968 αδιιιιιίοιιιῖα
1124 2930 1200 2984 αισα,
1207 2911 1276 2968 Non
1283 2913 1421 2968 movebor
1433 2913 1465 2967 iii
1474 2920 1627 2970 αεστιικιιι.

884 2988 987 3060 Etiam,
1003 3009 1101 3069 panem
1119 3008 1171 3047 non
1190 2986 1303 3062 dedisti,
1319 2987 1392 3066 quod
1405 2989 1494 3047 Deum
1511 2988 1561 3067 qui
1577 2988 1630 3048 tibi

883 3067 993 3126 dederat
1007 3089 1059 3127 non
1069 3087 1240 3145 cognosceres
1244 3089 1252 3141 ;
1264 3088 1313 3126 cnr
1324 3088 1377 3126 non
1386 3067 1482 3127 saltem
1495 3067 1629 3128 subtecto

884 3147 962 3206 illum
976 3147 1123 3227 excepisti?
1135 3167 1197 3205 nam
1218 3146 1263 3206 vel
1275 3147 1328 3205 hoc
1339 3167 1466 3226 magnam
1480 3147 1631 3211 mercedem

884 3240 1003 3286 meretur
1017 3226 1077 3287 :vel
1088 3226 1228 3285 infirmum
1241 3247 1293 3285 non
1304 3225 1442 3286 visitasti?
1455 3247 1540 3305 neque
1555 3227 1629 3286 e'nim

885 3327 990 3386 gressus
1007 3319 1068 3365 tuos
1087 3304 1328 3396 parvipenderem:
1354 3304 1398 3364 vel
1415 3326 1459 3365 me
1478 3305 1507 3364 in
1525 3326 1631 3366 οσιισστσ

884 3387 1004 3466 positum
1018 3406 1070 3444 non
1080 3384 1182 3461 adiisti,
1198 3399 1229 3443 ut
1239 3406 1282 3444 me
1290 3383 1383 3444 verbis
1391 3383 1576 3445 consolatoriis
1584 3386 1630 3466 ju·

885 3465 984 3524 sares?
1004 3478 1074 3524 certe
1094 3463 1217 3524 mercede
1240 3477 1288 3522 tua
1301 3484 1355 3522 non
1367 3463 1517 3523 caruisses:
1529 3464 1631 3525 selme

884 3543 989 3603 nudum
1001 3564 1056 3603 non
1066 3543 1188 3618 induisti,
1199 3556 1246 3602 aut
1256 3543 1356 3602 sitienti
1371 3543 1439 3602 mihi
1450 3556 1544 3624 potum
1553 3564 1630 3623 rqiiae

884 3644 937 3683 non
943 3623 1063 3684 dedisti?
1074 3636 1229 3702 quantama
1245 3644 1288 3682 me
1298 3622 1449 3682 mercedem
1463 3622 1630 3714 accepisses?

884 3705 1047 3762 Vosantcm
1067 3723 1130 3762 enni
1147 3704 1206 3761 haec
1222 3702 1313 3761 omnia
1332 3703 1418 3762 iacere
1435 3717 1559 3782 possetis,
1575 3723 1629 3764 non
1692 3743 1695 3753 ·

883 3782 994 3859 fecistis,
1000 3783 1057 3842 Sed
1067 3786 1227 3841 evanuistis
1234 3786 1267 3840 in
1277 3784 1502 3861 cogitationibus
1512 3787 1629 3858 vestris,
1639 3807 1708 3854 hom.
1716 3820 1781 3855 m„

60 3858 223 3930 ἐποιήσατε,
242 3859 299 3917 ἀλλ’
322 3857 505 3935 ἐματαιώθητε
524 3861 550 3916 ἐν
565 3860 625 3916 διαλ
660 3869 762 3934 ισμοῖς,
784 3860 829 3918 καί
848 3876 867 3923 F,
884 3874 911 3919 et
922 3864 1106 3920 obscuratum
1115 3875 1159 3920 est
1167 3865 1308 3950 insipiens
1316 3880 1367 3918 cor
1378 3867 1520 3932 vestitam,
1528 3881 1631 3953 vosque

60 3938 201 4008 ἐσκοτίσθη
215 3942 232 4006 ἡ
247 3935 370 4003 ἀσύνετος
383 3941 457 4014 ὑμῶν
475 3937 590 4017 καρδία,
611 3961 645 3995 κα
671 3938 830 4012 έστερήσαπε

61 4015 169 4082 ἑαυτοὺς
183 4015 231 4088 τὴν
244 4017 311 4087 ζωὴν
321 4016 369 4089 τὴν
379 4015 494 4084 αἰώνιον,
504 4015 549 4074 καὶ
563 4016 741 4094 έναυαγόσατε
751 4017 832 4077 ναυά-

59 4118 117 4168 γιον
131 4096 168 4173 μὴ
185 4094 245 4175 ἔχον
259 4095 406 4176 διόρθωσιν.
430 4095 466 4155 Τί
483 4095 574 4155 λοιπόν
588 4095 656 4154 εἴπω
669 4094 734 4175 πρδς
747 4100 830 4173 δμᾶςς

886 3939 941 3998 vita
959 3953 1056 3998 aeterna
1076 3939 1218 4020 privastis,
1232 3959 1263 3997 ac
1281 3937 1452 4014 naufragium
1465 3959 1539 4020 passi
1557 3954 1629 4017 estis,

886 4018 929 4076 cui
952 4016 1102 4077 remedium
1123 4018 1229 4077 nullum
1249 4017 1334 4097 possit
1353 4017 1453 4075 afferri.
1467 4018 1546 4092 Quid
1565 4039 1630 4100 ergo

886 4095 994 4157 tandem
1005 4097 1094 4156 dicam
1104 4096 1182 4156 vohis
1191 4097 1279 4155 inum
1291 4095 1370 4169 illud,
1388 4099 1512 4156 Venite?
1522 4097 1577 4158 Sed
1586 4099 1628 4158 in·

40 4217 42 4223 ·
61 4171 114 4257 άρα
137 4176 182 4248 τὸ,
205 4179 305 4249 Δεῦτες
329 4175 409 4234 Ἀλλά
429 4180 462 4253 τῇ
484 4175 596 4255 ἀπηνείφ
610 4176 640 4231 οὐ
653 4177 831 4255 προσαρμόζει
885 4176 1047 4235 humanitati
1064 4189 1159 4235 vestrae
1180 4175 1238 4235 hac
1256 4196 1311 4235 vox
1328 4196 1380 4235 non
1399 4176 1630 4256 competittillud

59 4251 169 4326 τοιαόττ,
199 4254 270 4325 nivii·
284 4253 316 4312 τὸ
327 4253 379 4336 γδιρ
393 4298 400 4326 ,
413 4257 495 4314 Δεῦτε
506 4256 530 4311 οἱ
540 4254 728 4332 εὐλογημένοι,
743 4256 832 4323 ἀλλοις
886 4256 972 4329 enim,
989 4259 1092 4315 Venite
1108 4257 1262 4327 benedieti,
1278 4255 1340 4314 aliis
1356 4254 1450 4314 datum
1466 4267 1514 4315 est.
1528 4257 1629 4318 Omnes
1680 4329 1682 4333 ,

60 4335 146 4406 ἐδόθη.
164 4279 268 4401 ileliae<
279 4324 323 4393 σ’όν
335 4339 359 4393 oi
369 4337 399 4392 ἐκ
408 4333 497 4401 δεξιῶν
509 4356 559 4411 μου
570 4334 761 4411 παριστάμενοι
771 4334 833 4394 ταό-
879 4335 980 4415 igitur,
990 4337 1035 4414 qui
1046 4357 1061 4394 a
1073 4333 1176 4393 dextris
1184 4333 1250 4393 meis
1261 4335 1377 4406 stabant,
1387 4334 1440 4394 hac
1452 4354 1517 4395 voce
1523 4334 1629 4417 dignati

59 4439 109 4484 της
122 4419 169 4485 τῆς
183 4417 271 4493 φωνῆς
281 4413 441 4486 ἠξιώθησαν,
459 4413 557 4485 ταότην
569 4412 619 4483 τὴν
633 4411 707 4480 δόξαν
720 4414 833 4494 ἐκληρο-
887 4428 960 4487 sunt,
972 4414 1042 4473 hanc
1055 4413 1169 4493 gloriam
1182 4427 1350 4495 acceperunt,
1363 4414 1416 4473 hoc
1429 4413 1560 4494 gaudium
1567 4429 1630 4478 sunt

61 4493 191 4572 νόμησαν,
213 4491 312 4565 ταότην
331 4491 379 4565 τὴν
394 4492 551 4572 εὐφροσύνην
565 4491 719 4574 ἐκέρδησαν,
732 4491 832 4567 ταότην
886 4494 999 4571 lucrati;
1016 4495 1068 4553 hoc
1082 4514 1194 4573 regnum
1210 4514 1323 4574 rapuere
1333 4492 1519 4555 misericordes
1531 4508 1558 4555 et
1570 4495 1629 4557 cle-

60 4573 110 4645 τλν
122 4571 257 4650 βασιλείαν
267 4571 391 4651 ἥρπασαν
407 4575 431 4630 oi
442 4572 591 4649 ἐλεήμονες,
605 4577 630 4631 οῖ
641 4571 829 4652 εὔσπλαγχνοι.
887 4586 997 4632 mentes.
1014 4574 1045 4632 In
1056 4575 1162 4632 aeternis
1174 4574 1277 4653 quippe
1289 4573 1473 4633 mansionibus
1488 4573 1630 4636 inhumani

60 4652 168 4720 Είςπδις
182 4651 300 4718 αἰωνίους
312 4651 365 4731 γάρ
377 4650 457 4728 μονδις
472 4655 580 4722 ἀπηνεῖς
593 4652 770 4732 κληρονομίαν
786 4654 832 4713 οὐκ
886 4651 1061 4712 hereditatem
1072 4673 1125 4712 non
1137 4652 1282 4728 habent,in
1296 4654 1427 4734 palatium
1438 4674 1530 4725 meum
1539 4655 1630 4714 immi-

60 4733 176 4812 ἔχουσιν,
191 4735 227 4798 εἰς
240 4733 271 4791 τδ
284 4731 347 4808 ἐμὸν
360 4730 488 4791 παλάτιον
503 4730 671 4811 ἄσπλαγχνος
683 4734 731 4790 οὐκ
744 4731 832 4813 εἰσέρ·
885 4733 1000 4793 sericors
1021 4753 1074 4791 non
1088 4731 1259 4811 ingreditur,
1275 4733 1370 4793 caelesti
1383 4733 1503 4792 thalamo
1519 4733 1631 4794 immitis

59 4837 137 4892 γεται
150 4857 158 4880 ,
174 4814 210 4877 εἰς
219 4810 263 4870 τόν
273 4811 390 4890 οὐράνιον
403 4809 503 4869 παστὸν
516 4812 669 4887 ἀνελεήμον
688 4812 734 4869 οὐκ
745 4811 833 4879 άξιοῦ-
885 4832 938 4870 non
953 4809 1053 4890 dignus
1065 4811 1191 4886 habetur,
1204 4811 1232 4871 in
1247 4813 1368 4891 supernis
1387 4811 1570 4871 mansionibus
1581 4811 1631 4892 qui

58 4883 118 4963 ται,
135 4895 171 4957 εἷς
183 4891 230 4958 τδις
246 4890 300 4949 ἀνω
312 4890 393 4964 poili<
408 4889 569 4966 ἀμετάδοτος
579 4891 609 4948 οὐ
619 4898 750 4948 κατοικεῖ·
763 4891 832 4950 ἀλλά
842 4912 938 4960 miton
953 4890 1068 4970 largitur
1084 4912 1135 4950 non
1154 4891 1278 4964 habitat;
1292 4890 1338 4949 sed
1352 4890 1403 4949 soli
1423 4891 1628 4970 misericordes,

61 4972 167 5047 μόνοιοῖ
176 4970 331 5046 ἐλεήμονες,
341 4969 415 5046 μόνοι
425 4973 449 5028 οἱ
458 4967 650 5046 εὔσπλαγχνοι,
660 4968 832 5048 οῖξενοδόχοι,
850 4984 869 5024 Α
886 4968 936 5030 soli
949 4969 1038 5041 mites,
1054 4971 1211 5051 hospitales,
1222 4969 1387 5050 pupillorum
1402 4969 1517 5047 altores,
1531 4971 1631 5034 vidua-

61 5054 86 5107 οἱ
96 5049 292 5130 δρφανοτρόροι,
300 5054 391 5149 χηρῶν
399 5049 444 5108 καὶ
454 5048 590 5106 ἀδυνάτων
600 5049 832 5122 οίέπισκεπτηταὶ,
886 5071 947 5108 rum
960 5049 1100 5130 etinopum
1120 5063 1263 5122 curatores,
1282 5049 1443 5108 afflictorum
1462 5058 1632 5129 protectores,

61 5131 86 5186 οί
99 5134 152 5186 τῶν
164 5151 401 5206 καταπονουμενων
409 5128 608 5205 ἀντιλήπτορις,
617 5132 641 5186 σί
647 5129 700 5186 τῶν
711 5126 834 5206 θλιόομέ-
886 5140 1096 5187 aeruninosorunr
1105 5129 1415 5209 patroni,ssuctuantium
1423 5129 1633 5207 confirmatores,

61 5230 112 5266 νων
121 5205 575 5288 προστάται,οἱτῶνχειμαζομένων
586 5206 721 5288 πάρεδροι,
731 5211 782 5266 τῶν
793 5211 834 5268 έν-
886 5208 1041 5288 indigenum
1065 5209 1172 5290 promi,
1201 5207 1402 5287 desperatorum
1434 5210 1631 5289 consolatores,

63 5287 192 5365 δεομένων
207 5290 231 5346 οῖ
240 5286 352 5369 εόφοροι,
361 5292 414 5346 τῶν
423 5284 635 5361 ἀπηλπισμένων
644 5286 834 5388 οίπαρήγοροι,
886 5287 1060 5346 infirmorum
1086 5287 1218 5361 ministri,
1246 5287 1317 5347 mala
1344 5288 1505 5367 patientium
1530 5290 1634 5352 assidui

62 5372 114 5426 τῶν
135 5365 279 5429 νοσούντων
299 5372 325 5428 οῖ
347 5367 477 5441 διάκονοι,
501 5369 553 5425 τῶν
573 5369 794 5426 κακοπαθσνντων
808 5369 833 5426 σί
887 5379 1084 5447 sustentatores,
1098 5367 1249 5449 lugentium
1266 5380 1293 5427 et
1311 5367 1526 5449 pusillaniminm
1540 5391 1634 5432 muto·
