3728 5978
237 477 307 577 716
582 503 611 550 s.
639 501 778 550 ioannis
805 498 986 548 cuarsosr.
1014 497 1173 552 incuruo.
1200 498 1471 550 consranrrnor.

235 624 345 705 quidem
359 624 473 704 gentiles
486 625 625 698 incessere,
650 625 814 703 illorumque
832 621 900 682 altos
922 621 979 703 spi·
1033 623 1300 698 άπώλειον,ο’ύδὲνδί
1314 624 1430 706 εὑρίσκει
1445 621 1491 682 διδ
1514 620 1566 691 τὴν
1584 619 1643 677 τῶν
1656 619 1805 697 πραγμάτων

234 716 304 776 ritus
316 715 477 796 deprimere,
499 717 597 777 sensim
611 730 700 777 autem
714 716 842 777 Judaeum
854 714 979 788 vellicat,
1033 715 1118 794 φύσιν.
1132 717 1186 777 Καὶ
1200 716 1252 799 γάρ
1277 716 1304 786 ἐξ
1327 707 1363 775 ῶν
1378 713 1487 797 είρηκε,
1504 711 1632 790 μείζονος
1651 699 1721 781 ἦσαν
1734 732 1805 779 κατη-

236 822 263 868 ει
277 807 460 889 circumspicit
476 807 588 887 quidem
604 829 726 888 quarens
747 806 858 867 illorum
876 804 978 866 tautam
993 818 1012 865 n
1031 806 1122 889 γορίας
1133 807 1218 883 άξιοι,
1228 809 1291 869 ὅταν
1305 806 1339 867 τά
1350 807 1437 872 αὐτοῖς
1447 798 1750 882 εὐτρεπισμέναέτεροι
1762 801 1808 879 ep}

235 899 382 981 perniciem
393 913 483 978 tegere
494 914 520 960 ct
530 900 741 980 mitigare,nihil
753 920 816 958 vero
828 896 931 958 invenit
944 897 980 956 ob
1032 900 1082 978 δρα
1103 903 1191 960 αὐτῶν
1204 899 1357 965 ἀποδέοντες
1381 897 1519 977 εἰληφότες
1541 883 1610 954 ῶσι.
1625 892 1682 951 Aac
1703 890 1735 964 δὴ
1746 897 1810 951 τοῦτο

235 1012 326 1052 rerum
338 1005 465 1051 naturam·
483 1005 509 1052 et
522 992 712 1055 conditionem.
733 992 803 1050 Nam
819 991 899 1051 exiis
919 1011 979 1068 que
1031 989 1086 1050 oet
1097 995 1150 1050 τῶν
1162 989 1296 1052 Ἰουδαίων
1311 988 1355 1049 ἐπί
1368 987 1428 1056 τοὺς
1441 987 1469 1056 ἐζ
1484 989 1571 1046 ἐθνῶν
1587 983 1763 1063 μετοιύαίνει,
1774 985 1809 1041 ιιι

236 1083 317 1160 dixit,
330 1084 425 1163 majori
436 1082 477 1143 illi
489 1097 564 1144 erant
572 1083 760 1144 criminatione
770 1081 859 1161 digni,
871 1078 978 1159 quando
1030 1081 1110 1160 μίσον
1122 1080 1293 1162 παρεντίθησι
1309 1080 1352 1140 τὸν
1364 1077 1538 1162 περὶτούτων
1548 1076 1648 1156 λόγον,
1662 1073 1810 1143 ἐνδείξασθαι

235 1173 293 1250 illa,
301 1194 361 1252 quae
371 1173 409 1232 eis
419 1188 512 1253 parata
522 1188 607 1246 erant,
620 1173 667 1234 alii
678 1171 832 1253 longeipsis
841 1171 978 1231 inferiora
1030 1173 1204 1253 βουλόμενος,
1220 1171 1260 1232 ότι
1279 1178 1363 1232 ταῦτα
1383 1170 1473 1231 πάντα
1485 1167 1648 1248 lipardi«
1663 1165 1757 1233 αύτώς
1769 1191 1809 1242 μι-

236 1278 400 1346 acceperant.
418 1263 508 1325 ldeoa
521 1265 623 1328 ludaeis
636 1263 671 1324 ad
684 1265 797 1346 gentiles
810 1263 917 1340 transit,
932 1263 979 1322 de·
1029 1264 1144 1345 τριύζειν
1161 1249 1299 1342 παιδεύσῃ.
1313 1262 1433 1322 Ἐπαινῶ
1446 1260 1501 1341 γάρ
1515 1263 1609 1337 ὑμᾶς,
1621 1257 1708 1338 φησὶ,
1725 1257 1766 1316 oo
1776 1258 1811 1317 δύο

236 1381 289 1440 que
302 1359 345 1420 his
366 1359 486 1419 medium
508 1359 642 1420 interserit
655 1379 814 1431 sermonem,
843 1371 873 1417 ut
888 1371 978 1417 osten·
1029 1361 1129 1415 ταῦτα·
1147 1357 1181 1414 δι’
1206 1353 1234 1414 iv
1251 1353 1309 1433 μὲν,
1332 1353 1374 1413 ότι
1398 1352 1519 1432 ἀνάγκην
1536 1351 1600 1430 ἔχω
1615 1349 1671 1419 riv
1689 1351 1810 1409 διισιονίαι

235 1452 293 1529 dat,
305 1475 334 1513 se
345 1453 403 1512 hac
416 1453 506 1512 omnia
526 1452 626 1529 dicere,
647 1466 678 1511 ut
691 1451 753 1510 illos
766 1451 886 1510 modeste
900 1470 978 1529 agere
1030 1449 1103 1525 ύμῶν
1115 1444 1342 1528 ίγκεγειρισμίνος
1350 1468 1356 1480 ·
1365 1446 1398 1504 δι’
1409 1442 1500 1522 ἕτερον
1507 1442 1553 1516 δὲ,
1564 1441 1619 1502 ἵνα
1628 1443 1664 1501 δι’
1677 1443 1755 1519 ὑμῶν
1763 1442 1809 1500 et·

234 1544 337 1604 doceat.
349 1544 445 1604 Laudo
456 1562 514 1620 vos,
525 1544 621 1623 inquit,
633 1542 738 1623 duplici
751 1541 860 1604 nomine
871 1565 877 1597 :
888 1540 978 1623 primo
1032 1561 1091 1616 ρους
1105 1535 1195 1597 σώσω.
1211 1535 1265 1598 Καί
1288 1537 1317 1596 οὗ
1330 1533 1417 1615 λέγει,
1432 1532 1493 1602 τοὺς
1513 1532 1654 1613 ἀδελφούς
1682 1556 1750 1610 μου,
1763 1534 1811 1599 τούς

235 1636 299 1714 quia
321 1634 351 1694 id
365 1649 470 1716 oportet
483 1657 527 1696 me
539 1636 636 1710 lacere,
670 1633 714 1692 cui
732 1631 913 1692 ministerium
930 1653 1023 1711 new
1032 1638 1163 1708 συγγενεῖς
1175 1650 1243 1706 μου,
1258 1626 1344 1701 ἀλλὰ,
1363 1626 1422 1698 Τὴν
1434 1624 1533 1703 σάρκα.
1551 1615 1631 1684 Eira
1646 1624 1697 1697 την
1712 1628 1812 1704 ριλονει-

234 1739 323 1789 strrrm
334 1725 520 1787 concreditum
532 1739 586 1802 est;
600 1723 728 1800 secundo,
742 1737 772 1783 ut
785 1745 834 1804 per
847 1743 896 1782 vos
912 1722 979 1784 alios
995 1724 1015 1769 Α
1032 1719 1091 1780 κίειν
1103 1723 1188 1781 αὐτῶν
1204 1717 1413 1796 ἐνδεικνύμενος,
1428 1719 1457 1776 οὐ
1470 1716 1567 1794 λέγει,
1590 1715 1618 1776 εί
1640 1740 1702 1784 πως
1723 1716 1812 1784 πείσαι,

234 1819 324 1879 τοίνυν
336 1818 445 1877 faciam.
461 1819 519 1877 Nec
531 1816 608 1895 dicit,
624 1818 731 1877 Fratres
745 1836 829 1892 meos,
846 1816 980 1895 Cognatos
1032 1813 1118 1894 ott,
1135 1808 1330 1892 Παραζηλώσιυ
1352 1809 1399 1869 καί
1425 1807 1523 1882 σώσω,
1544 1806 1598 1868 καί
1625 1807 1691 1868 ooot
1713 1813 1811 1869 ἐνταῦθα

234 1924 318 1988 meos,
332 1909 391 1986 sed,
404 1911 533 1968 Carnem
547 1928 652 1969 meam.
670 1907 775 1967 Deinde
788 1921 819 1967 ut
831 1906 978 1967 contentio·
1031 1905 1163 1974 ἅπαντας,
1175 1900 1255 1976 άλλίι,
1265 1899 1348 1968 ttae<
1360 1899 1386 1968 ἐξ
1399 1903 1497 1960 αιἰτῶν·
1511 1900 1604 1968 οὕτως
1615 1892 1691 1972 ἦσαν
1705 1901 1811 1979 σκληραί.

234 2022 296 2075 nem
310 2000 469 2063 Judaeorum
480 1999 613 2076 ostendat,
627 2020 679 2058 non
692 1996 768 2073 dicit,
784 1998 815 2060 si
830 1997 979 2077 quomodo
1031 1993 1085 2053 teet
1097 1997 1124 2054 ἐν
1138 1996 1206 2072 αὐτῇ
1220 1997 1254 2072 τῇ
1268 1991 1422 2069 ἐπιτιμήσει
1441 1991 1468 2050 δὲ
1492 1990 1617 2073 λαμπρὰ
1633 1990 1754 2051 δείκνυσι
1765 1993 1810 2050 πά-

233 2091 409 2173 persuadeam
414 2115 424 2169 ;
438 2089 493 2167 sed,
507 2091 540 2151 Si
552 2111 610 2173 qao
623 2092 709 2150 modo
726 2092 767 2149 ad
779 2091 978 2150 aemulandum
1029 2088 1071 2144 λιν
1082 2083 1117 2144 τά
1129 2086 1182 2144 τῶν
1198 2086 1294 2143 ἐθνῶν·
1310 2082 1335 2141 εί
1344 2105 1374 2162 γε
1391 2083 1436 2142 καί
1451 2082 1533 2143 αἴτιοι
1545 2083 1676 2163 γίνονται
1690 2084 1812 2162 σωτηρίας

231 2206 398 2267 provocem,
425 2199 458 2245 ιιι
470 2186 570 2246 salvos
580 2186 713 2268 jaciam,
731 2204 817 2264 neque
829 2185 876 2244 hic
892 2184 976 2262 dixit,
1030 2178 1133 2253 αὐτοῖς,
1143 2174 1188 2236 καί
1201 2177 1231 2236 οὗ
1246 2177 1290 2235 διὰ
1307 2179 1359 2235 τῶν
1373 2175 1473 2235 αὐτῶν·
1489 2177 1592 2234 ἐκεῖνον
1615 2174 1738 2255 μὲνγὰρ
1759 2177 1811 2235 ra'r

233 2281 345 2356 Omnes,
354 2279 411 2356 sed,
420 2278 550 2360 Aliquos
559 2300 595 2337 ea
602 2283 643 2337 eis
649 2277 707 2347 ;ita
717 2276 882 2359 nempeduri
892 2291 977 2337 erant.
1029 2291 1083 2337 tots
1093 2270 1120 2338 ἕξ
1134 2266 1271 2341 ἀπιστίαι,
1291 2258 1362 2325 03³0t
1376 2264 1404 2324 ll
1417 2264 1528 2334 ἐκείνοις
1543 2266 1606 2326 ἀπὸ
1621 2267 1743 2334 πίστεως
1757 2268 1811 2345 τιό

232 2371 358 2450 Αιιγιιοὶιι
368 2370 427 2453 ipsa
436 2370 488 2429 hac
497 2369 679 2451 increpatione
685 2389 779 2428 rursus
785 2362 826 2428 res
836 2369 977 2448 gentilium
1010 2349 1097 2428 ’ίενοι
1110 2360 1226 2439 γίνονται
1245 2361 1298 2418 τῶν
1318 2361 1435 2436 ἀγαθῶν.
1449 2356 1533 2418 Ὅθεν
1549 2359 1629 2418 δοκεῖ
1648 2357 1700 2418 καί
1716 2358 1812 2429 ἰσάζει,

231 2462 388 2547 splendidas
408 2484 464 2522 esse
482 2462 610 2539 ostendit,
633 2460 767 2540 siquidem
788 2461 868 2520 etiam
882 2461 978 2523 saluos
1029 2452 1074 2512 καί
1087 2455 1253 2512 πλεονεκτεῖν
1265 2447 1300 2509 τὰ
1313 2452 1366 2507 τῶν
1380 2452 1469 2509 ἐθνῶν.

232 2567 355 2621 austures
367 2554 434 2612 liant
448 2551 519 2629 illis,
533 2573 618 2631 neque
636 2565 727 2613 tamen
743 2543 836 2611 eadem
853 2551 974 2612 ratione:

232 2636 322 2708 Judtei
338 2644 410 2704 enim
427 2643 484 2703 illis
496 2664 532 2703 ex
543 2641 740 2718 incredulitate,
753 2642 784 2701 hi
793 2662 858 2702 vero
875 2642 977 2704 Judaeis

232 2763 269 2802 ex
278 2740 335 2802 fide
344 2740 480 2800 bonorum
493 2752 615 2798 auctores
627 2739 747 2800 luerunt.
757 2735 837 2797 Unde
849 2736 977 2798 videntur

232 2856 262 2895 ea
274 2856 335 2915 quae
346 2848 437 2914 gentes
449 2844 569 2912 spectant
578 2829 657 2912 paria
668 2850 733 2904 erse,
747 2829 802 2889 imo
814 2825 973 2889 redundare.

239 2994 243 3005 γ
271 2926 303 2986 ό.
319 2922 395 2997 Quid
403 2923 477 2983 euim
485 2920 605 2998 dixeris,
618 2922 635 2983 J
638 2919 777 2980 rrdaeetan
781 2965 792 2994 ,
806 2919 888 2981 sinos
899 2921 976 3002 ejecti
1069 2920 1107 2981 Τί
1119 2921 1171 3004 γὰρ
1184 2921 1214 2981 δν
1230 2922 1326 2997 είποις,
1340 2911 1363 2981 ii
1379 2921 1508 2998 Ἰουδαῖεγ
1525 2923 1563 2981 Εἰ
1579 2922 1621 3002 μὴ
1635 2921 1813 3001 ἐξεὸλήθημεν

232 3039 286 3078 non
300 3017 464 3090 fuissemus,
482 3036 532 3075 ros
551 3034 604 3073 nou
618 3013 709 3072 statim
723 3012 812 3072 vocati
831 3013 949 3085 fuissetis
962 3013 976 3072 i
1028 3018 1125 3092 ἡμεῖς,
1138 3017 1186 3074 οὐκ
1196 3012 1227 3072 ἂν
1242 3014 1370 3088 ἐκλήθητε
1381 3012 1473 3080 εὐθέως
1488 3015 1583 3094 ὑμεῖς,
1596 3016 1695 3074 Τοῦτο
1708 3013 1737 3073 δὲ
1750 3015 1813 3091 λέγει

232 3113 268 3167 At
281 3107 386 3188 reponit
407 3104 531 3185 gentilis,
546 3103 576 3164 Si
599 3123 651 3162 non
668 3102 783 3163 salutem
796 3117 890 3164 nactus
904 3103 975 3165 luis-
994 3128 1012 3174 p
1030 3105 1101 3165 καίθ
1115 3104 1143 3173 ii
1156 3108 1246 3179 ίθνῶν,
1261 3107 1285 3165 εί
1300 3105 1337 3183 μὴ
1352 3103 1453 3176 ἐσώθην
1467 3102 1537 3183 ἐγώ,
1562 3106 1616 3163 οὐκ
1630 3104 1668 3163 ἂν
1683 3106 1813 3177 {Callaicae

232 3220 289 3259 sem
302 3220 369 3280 ego,
385 3218 437 3256 non
447 3195 482 3256 ad
490 3193 688 3255 aemulationem
699 3208 861 3276 provocatus
873 3196 976 3257 luisses.
1030 3197 1071 3256 σύ.
1087 3198 1122 3256 Εἰ
1141 3194 1246 3255 δί’καί
1260 3197 1274 3256 ὃ
1287 3200 1492 3274 πλεονεκτοῦμεν
1518 3195 1613 3273 βούλει
1636 3203 1749 3274 μαθεῖν,
1767 3196 1812 3275 ἐγὼ

232 3292 263 3354 Si
273 3306 362 3359 autern
373 3291 440 3350 scire
450 3289 533 3359 velis,
556 3309 608 3367 qua
624 3287 651 3347 in
665 3308 694 3346 re
708 3308 755 3347 nos
770 3289 919 3369 superiores
939 3291 978 3349 si·
1031 3289 1079 3366 μὲν
1093 3291 1124 3348 in
1136 3296 1182 3349 τοῦ
1194 3294 1352 3360 πιστεῦσαι,
1371 3288 1400 3348 οδ
1415 3287 1508 3357 σώζω·
1529 3287 1563 3348 σὺ
1578 3287 1608 3347 δὲ
1628 3312 1810 3369 προσκεκριμ-

232 3405 308 3442 mus:
323 3404 373 3461 ego
388 3382 454 3440 dum
464 3378 564 3450 eredo,
576 3379 688 3437 salutem
701 3378 749 3436 tibi
760 3379 853 3458 pario,
869 3392 899 3440 tu
914 3401 978 3440 vero
1030 3378 1097 3456 κὼς,
1109 3381 1222 3462 πάροδον
1235 3385 1300 3459 ἡμῖν
1313 3380 1427 3446 δέδωκάς
1442 3402 1488 3438 σου
1506 3380 1657 3460 προτέραν.
1676 3373 1748 3442 Εἶτα
1760 3383 1810 3440 πά-

232 3474 339 3553 lapsus,
351 3470 457 3529 aditum
471 3469 551 3527 nobis
563 3467 662 3527 dedisti
676 3481 706 3526 ιιι
721 3468 824 3548 priores
836 3470 977 3533 accedere-
1030 3473 1071 3529 λιν
1088 3471 1255 3550 αἰσθόμενος,
1277 3471 1319 3532 ότι
1342 3471 1480 3550 καθήψατο
1496 3472 1598 3543 αὐτῶν,
1624 3473 1660 3532 τὸ
1690 3475 1811 3553 πρότερον

233 3585 303 3623 mus.
326 3561 430 3622 Deinde
451 3558 567 3619 sentiens
587 3580 615 3617 se
638 3557 700 3617 illos
718 3558 859 3638 tetigisse,
888 3562 978 3642 priora
1032 3563 1213 3641 ἀνσλαμύάνει
1234 3563 1281 3623 καί
1301 3587 1394 3644 ρησιν·
1416 3565 1450 3622 El
1469 3561 1552 3641 γδιρή
1573 3564 1706 3638 ἀποὸολὴ
1732 3569 1811 3624 αὐτῶν

231 3655 343 3715 resumit
356 3668 382 3714 et
393 3653 431 3712 ait
447 3678 454 3711 z
472 3652 521 3710 15.
533 3653 564 3711 Si
578 3654 655 3710 enim
670 3655 789 3731 rejectio
800 3673 917 3728 eorum,
931 3676 978 3714 re·
1031 3654 1184 3735 καταλλαγὴ
1200 3655 1317 3733 κόσμου,
1332 3655 1371 3722 τίς
1386 3661 1403 3728 ἡ
1418 3654 1588 3733 πρόσληψις,
1604 3658 1630 3713 εἰ
1647 3656 1691 3733 μὴ
1712 3656 1766 3727 ζωὴ
1785 3661 1809 3715 ἐκ

232 3747 391 3806 concitatio
404 3756 447 3803 est
458 3742 561 3800 mundi
568 3765 580 3810 ,-
596 3761 662 3821 qttae
675 3746 731 3800 crit
744 3748 903 3817 assumtio,
921 3749 979 3809 nisi
1030 3749 1145 3827 νεκρῶν;
1159 3745 1238 3805 Ἀλλά
1251 3747 1296 3806 καί
1310 3753 1386 3805 τοῦτο
1405 3744 1499 3812 αὐτοὺς
1520 3747 1707 3817 καταδικάζει
1727 3750 1809 3817 πάλιν,

231 3842 347 3898 vitaer
358 3838 481 3894 mortuis
494 3840 507 3890 i
522 3833 577 3893 Sed
591 3845 617 3891 et
636 3831 689 3892 hoc
702 3854 812 3892 rursum
829 3834 891 3894 illos
910 3856 976 3895 con·
1030 3835 1056 3895 εί
1062 3860 1093 3915 γε
1103 3839 1178 3898 ἄλλοι
1187 3836 1236 3914 μίν
1247 3842 1278 3898 ἐκ
1286 3841 1338 3897 τῶν
1347 3837 1547 3918 ἁμαρτημάτων
1559 3840 1656 3897 αὐτῶν
1667 3840 1809 3920 ἐκίρδανον.

231 3928 383 4006 damnarat
395 3925 505 4006 quidem
516 3925 564 3983 alii
578 3946 613 3984 ex
624 3924 733 3984 illorum
746 3926 862 4007 peccatis
879 3929 978 3989 lucrati
1031 3920 1159 3988 tolieret
1174 3928 1231 3988 οὐδὲ
1244 3931 1275 3988 ἐκ
1290 3933 1343 3987 τῶν
1360 3928 1456 4007 ἑτέρων
1468 3929 1696 4006 κατορθωμάτων
1712 3931 1809 4010 deeli-

232 4035 305 4096 suut,
326 4021 379 4102 ipsi
401 4040 465 4080 vero
486 4037 519 4076 ne
538 4016 648 4095 quidem
666 4039 701 4075 cx
715 4017 825 4077 illorum
849 4021 978 4100 praeclare
994 4037 1013 4085 c
1030 4024 1123 4089 θησαν.
1144 4021 1178 4080 Et
1198 4019 1225 4079 δὲ
1246 4018 1276 4078 τό
1298 4019 1325 4087 ἐξ
1346 4019 1463 4098 ἀνάγκης
1478 4017 1597 4096 συμύδιν,
1610 4025 1699 4081 τοῦτο
1710 4023 1808 4081 ἐκείνων

232 4114 313 4192 gestis
327 4111 471 4192 resipuere.
487 4109 516 4168 Si
531 4128 611 4189 porro
623 4106 669 4183 id,
686 4108 759 4186 quod
774 4132 808 4169 ex
822 4112 978 4172 necessitate
1029 4101 1097 4169 εἶναί
1112 4133 1191 4191 φησι,
1208 4109 1246 4190 μὴ
1261 4110 1415 4190 θαυμάσῃς·
1437 4109 1480 4168 ἵνα
1502 4109 1555 4190 γίιρ
1575 4111 1622 4169 καί
1649 4113 1780 4185 τούτους,
1797 4113 1809 4168 δ

233 4203 366 4282 contigit,
389 4203 444 4261 illis
467 4198 616 4275 attribuat,
634 4220 667 4257 ne
688 4200 816 4258 mireris:
832 4215 862 4260 ιιι
878 4203 975 4280 enirn,
1029 4201 1157 4268 πολλάκις
1181 4192 1268 4273 εἶπον,
1297 4200 1457 4279 καταστείλγΙ
1484 4199 1625 4268 κάκείνους
1658 4204 1809 4284 προσρίψῃ,

232 4294 305 4372 quod
315 4293 373 4373 jam
387 4313 457 4372 saepe
469 4289 528 4346 elixi
541 4288 610 4364 ,hos
623 4289 753 4369 reprimat
768 4304 795 4348 et
806 4290 868 4349 illos
879 4291 976 4352 horte·
1029 4293 1097 4352 ούτω
1110 4292 1270 4373 σχηματίζει
1283 4293 1328 4352 τὸν
1341 4291 1428 4371 λόγον.
1442 4289 1532 4371 Ὅπερ
1550 4291 1603 4372 γάρ
1618 4293 1709 4374 ἔφθην
1724 4297 1809 4364 εἰπὼν,

232 4379 1810 4467 ωψωωωωωῶωωὼωώκωψωὴῶωῶώωήωῶῄ

232 4477 332 4539 millies
345 4475 434 4555 rejecti
454 4474 565 4532 luissent
582 4472 688 4543 Judaei,
704 4474 817 4552 gentiles
827 4474 878 4533 uisi
894 4476 976 4536 iidem
1030 4477 1193 4544 ἐπεδείξαντο
1204 4474 1237 4534 cd
1249 4476 1326 4550 ἔθνη,
1338 4478 1386 4534 οὐκ
1396 4475 1427 4533 ἂν
1438 4474 1578 4547 ἐσώθησάν
1589 4499 1670 4538 ποτε.
1682 4479 1765 4540 Ἀλλά
1778 4485 1811 4559 τῷ

232 4568 429 4651 suscepissent,
458 4564 573 4624 salutem
596 4563 668 4622 nacti
695 4585 747 4624 non
774 4565 895 4626 luissent.
922 4568 976 4628 Sed
1028 4566 1186 4640 ἠσθενηκύτι
1200 4568 1363 4647 παρίσταται
1380 4566 1469 4646 μέρει,
1490 4568 1537 4626 καί
1558 4571 1655 4645 βοηθεῖ
1675 4576 1717 4650 τῷ
1734 4597 1812 4631 πεπο-

141 4716 144 4721 .
232 4650 1812 4741 πωπωῶώὼώώωᾚωωμηώῶψῶωῶῶμῷωώψων

229 4750 405 4812 Videautem
419 4743 559 4826 inquibus
573 4743 750 4823 gratificetur,
766 4745 857 4804 verbis
871 4759 974 4807 tantum
1029 4751 1124 4818 αὐτοὺς
1144 4751 1380 4832 παραμυθούμενος
1400 4751 1488 4828 μόνον.
1509 4753 1543 4811 tlt
1567 4751 1621 4833 γὰρ
1643 4759 1663 4825 ἡ
1692 4759 1813 4827 άπούολέ,

231 4847 292 4906 illos
307 4845 458 4905 consolans.
479 4843 557 4900 Nam
572 4843 598 4899 si
607 4842 709 4920 ejectio
724 4841 862 4917 illoram,
876 4841 972 4921 inquit,
1029 4847 1124 4917 αὐτῶν,
1144 4844 1226 4923 φησί,
1246 4842 1401 4921 καταλλαγὴ
1416 4842 1526 4920 κόσμου.
1542 4844 1598 4902 Ιίοιί
1611 4845 1640 4902 τί
1654 4855 1737 4907 τοῦτο
1751 4852 1813 4929 πρὸς

230 4943 431 5002 reconciliatio
443 4951 485 4998 est
498 4936 609 4994 mundi.
619 4934 654 4994 Et
662 4931 728 5013 quid
738 4934 832 4995 hocad
841 4935 973 4997 Judeos?
991 4955 1009 4999 [ι
1028 4936 1188 5009 Ἰουδαίουςς
1209 4938 1258 5003 Τίς
1269 4941 1286 5008 ἡ
1299 4936 1461 5015 πρόσληψις,
1484 4937 1556 5014 εἰμὴ
1572 4937 1628 5012 ζωὴ
1646 4943 1680 4999 ἐκ
1695 4949 1810 5022 νεκριῖιν,

263 5157 272 5180 ι
290 5142 348 5192 Mes.
360 5146 396 5191 rel
407 5142 424 5205 ᾤ
437 5144 622 5204 πλιοντκτσῦμιι,
633 5153 688 5202 que
700 5138 776 5186 etiarn
787 5135 862 5188 lectio
872 5137 989 5206 quadrat.
1041 5144 1124 5208 ίιιρων
1136 5147 1321 5210 κατορθωμάτων
1333 5144 1370 5190 αλκ
1383 5143 1538 5208 &prisoner-1,
1551 5139 1589 5190 sic
1602 5138 1652 5190 lcii
1667 5147 1811 5195 mutatione

263 5220 276 5258 t
294 5219 335 5269 Sic
347 5217 512 5282 Manuseripti
530 5225 603 5266 reete.
617 5213 685 5266 edio
699 5231 772 5282 nero,
786 5216 845 5270 οὗτοι
862 5221 885 5270 tt
903 5226 927 5271 tn
947 5234 991 5272 τοι
1040 5218 1152 5269 auctoris
1163 5216 1237 5270 serios
1250 5233 1300 5268 non
1313 5214 1375 5268 nihil
1388 5215 1494 5266 laeditur.
