<?xml version="1.0" encoding="UTF-8"?>
<!DOCTYPE html PUBLIC "-//W3C//DTD XHTML 1.0 Transitional//EN"
    "http://www.w3.org/TR/xhtml1/DTD/xhtml1-transitional.dtd">
<html xmlns="http://www.w3.org/1999/xhtml" xml:lang="en" lang="en">
 <head>
  <title>
</title>
<meta http-equiv="Content-Type" content="text/html;charset=utf-8" />
  <meta name='ocr-system' content='tesseract 3.04.00' />
  <meta name='ocr-capabilities' content='ocr_page ocr_carea ocr_par ocr_line ocrx_word'/>
</head>
<body>
  <div class='ocr_page' id='page_1' title='image "./sanctipatrisnos01chrygoog_0035.png"; bbox 0 0 3728 5978; ppageno 0'>
   <div class='ocr_carea' id='block_1_1' title="bbox 223 390 1445 463">
    <p class='ocr_par' dir='ltr' id='par_1_1' title="bbox 223 390 1445 463">
     <span class='ocr_line' id='line_1_1' title="bbox 223 390 1445 463; baseline 0 -3"><span class='ocrx_word' id='word_1_1' title='bbox 223 390 265 461; x_wconf 85' lang='lat'><strong>18</strong></span> <span class='ocrx_word' id='word_1_2' title='bbox 560 412 591 463; x_wconf 83' lang='lat' dir='ltr'><strong>s.</strong></span> <span class='ocrx_word' id='word_1_3' title='bbox 619 411 758 460; x_wconf 77' lang='lat' dir='ltr'><strong>Jouuurs</strong></span> <span class='ocrx_word' id='word_1_4' title='bbox 782 411 966 459; x_wconf 83' lang='lat' dir='ltr'><strong>cunrsosr.</strong></span> <span class='ocrx_word' id='word_1_5' title='bbox 996 413 1152 461; x_wconf 76' lang='lat' dir='ltr'><strong>recurro.</strong></span> <span class='ocrx_word' id='word_1_6' title='bbox 1180 414 1445 462; x_wconf 73' lang='lat' dir='ltr'><strong>cousrluuuov.</strong></span> 
     </span>
    </p>
   </div>
   <div class='ocr_carea' id='block_1_2' title="bbox 66 536 1837 4596">
    <p class='ocr_par' dir='ltr' id='par_1_2' title="bbox 216 536 1789 623">
     <span class='ocr_line' id='line_1_2' title="bbox 216 536 1789 623; baseline -0.002 -24"><span class='ocrx_word' id='word_1_7' title='bbox 216 538 290 617; x_wconf 78' lang='lat' dir='ltr'><strong>dcet,</strong></span> <span class='ocrx_word' id='word_1_8' title='bbox 304 555 330 600; x_wconf 91' lang='lat' dir='ltr'><strong>ct</strong></span> <span class='ocrx_word' id='word_1_9' title='bbox 346 538 473 601; x_wconf 85' lang='lat' dir='ltr'><strong>adoretur</strong></span> <span class='ocrx_word' id='word_1_10' title='bbox 485 541 521 601; x_wconf 88' lang='lat' dir='ltr'><strong>ab</strong></span> <span class='ocrx_word' id='word_1_11' title='bbox 532 540 645 623; x_wconf 79' lang='lat' dir='ltr'><strong>angelis,</strong></span> <span class='ocrx_word' id='word_1_12' title='bbox 658 539 731 620; x_wconf 87' lang='lat' dir='ltr'><strong>quod</strong></span> <span class='ocrx_word' id='word_1_13' title='bbox 746 539 846 599; x_wconf 88' lang='lat' dir='ltr'><strong>iterum</strong></span> <span class='ocrx_word' id='word_1_14' title='bbox 857 553 958 600; x_wconf 85' lang='lat' dir='ltr'><strong>ventu-</strong></span> <span class='ocrx_word' id='word_1_15' title='bbox 1013 539 1215 614; x_wconf 68' lang='lat' dir='ltr'><strong>devincientes,</strong></span> <span class='ocrx_word' id='word_1_16' title='bbox 1232 542 1277 600; x_wconf 82' lang='grc' dir='ltr'><strong>καλ</strong></span> <span class='ocrx_word' id='word_1_17' title='bbox 1292 549 1479 622; x_wconf 75' lang='grc' dir='ltr'>προσκυνεῖται</span> <span class='ocrx_word' id='word_1_18' title='bbox 1499 538 1551 598; x_wconf 78' lang='grc' dir='ltr'><strong>ὑπὸ</strong></span> <span class='ocrx_word' id='word_1_19' title='bbox 1571 536 1708 619; x_wconf 61' lang='grc' dir='ltr'>ἀγγέλων·</span> <span class='ocrx_word' id='word_1_20' title='bbox 1723 539 1789 617; x_wconf 89' lang='grc' dir='ltr'>ἔμα-</span> 
     </span>
    </p>

    <p class='ocr_par' dir='ltr' id='par_1_3' title="bbox 67 630 1791 1455">
     <span class='ocr_line' id='line_1_3' title="bbox 68 630 1787 716; baseline -0.001 -26"><span class='ocrx_word' id='word_1_21' title='bbox 68 669 155 716; x_wconf 41' lang='lat' dir='ltr'><strong>Mam·</strong></span> <span class='ocrx_word' id='word_1_22' title='bbox 172 653 265 714; x_wconf 43' lang='lat' dir='ltr'><strong>¹(prus</strong></span> <span class='ocrx_word' id='word_1_23' title='bbox 278 631 447 713; x_wconf 83' lang='lat' dir='ltr'><strong>sitjudicare</strong></span> <span class='ocrx_word' id='word_1_24' title='bbox 458 632 591 692; x_wconf 89' lang='lat' dir='ltr'><strong>mundum</strong></span> <span class='ocrx_word' id='word_1_25' title='bbox 604 633 762 691; x_wconf 89' lang='lat' dir='ltr'><strong>universum</strong></span> <span class='ocrx_word' id='word_1_26' title='bbox 775 656 782 689; x_wconf 81' lang='grc' dir='ltr'>ι</span> <span class='ocrx_word' id='word_1_27' title='bbox 796 631 958 710; x_wconf 82' lang='lat' dir='ltr'>didicerant,</span> <span class='ocrx_word' id='word_1_28' title='bbox 1014 636 1068 706; x_wconf 94' lang='grc' dir='ltr'>θον,</span> <span class='ocrx_word' id='word_1_29' title='bbox 1079 631 1119 691; x_wconf 85' lang='grc' dir='ltr'><strong>ότι</strong></span> <span class='ocrx_word' id='word_1_30' title='bbox 1128 631 1184 704; x_wconf 81' lang='grc' dir='ltr'>ἥξει</span> <span class='ocrx_word' id='word_1_31' title='bbox 1194 633 1275 693; x_wconf 85' lang='grc' dir='ltr'>πάλιν</span> <span class='ocrx_word' id='word_1_32' title='bbox 1289 641 1376 713; x_wconf 88' lang='grc' dir='ltr'>κρῖναι</span> <span class='ocrx_word' id='word_1_33' title='bbox 1387 632 1475 692; x_wconf 84' lang='grc' dir='ltr'>πάντα</span> <span class='ocrx_word' id='word_1_34' title='bbox 1490 631 1535 691; x_wconf 78' lang='grc' dir='ltr'><strong>τὸν</strong></span> <span class='ocrx_word' id='word_1_35' title='bbox 1548 631 1661 711; x_wconf 80' lang='grc' dir='ltr'>κόσμον·</span> <span class='ocrx_word' id='word_1_36' title='bbox 1678 630 1787 708; x_wconf 81' lang='grc' dir='ltr'>ἔμαθον,</span> 
     </span>
     <span class='ocr_line' id='line_1_4' title="bbox 68 710 1789 806; baseline -0.002 -22"><span class='ocrx_word' id='word_1_37' title='bbox 68 746 108 791; x_wconf 84' lang='lat'><strong>27·</strong></span> <span class='ocrx_word' id='word_1_38' title='bbox 219 724 293 804; x_wconf 90' lang='lat' dir='ltr'><strong>quod</strong></span> <span class='ocrx_word' id='word_1_39' title='bbox 306 726 358 806; x_wconf 94' lang='lat' dir='ltr'><strong>ipsi</strong></span> <span class='ocrx_word' id='word_1_40' title='bbox 370 747 477 805; x_wconf 88' lang='lat' dir='ltr'><strong>quoque</strong></span> <span class='ocrx_word' id='word_1_41' title='bbox 492 739 557 785; x_wconf 91' lang='lat' dir='ltr'><strong>tunc</strong></span> <span class='ocrx_word' id='word_1_42' title='bbox 567 710 664 785; x_wconf 82' lang='lat' dir='ltr'><strong>scssriri</strong></span> <span class='ocrx_word' id='word_1_43' title='bbox 676 738 762 784; x_wconf 88' lang='lat' dir='ltr'><strong>essent</strong></span> <span class='ocrx_word' id='word_1_44' title='bbox 773 725 879 805; x_wconf 83' lang='lat' dir='ltr'><strong>judiees</strong></span> <span class='ocrx_word' id='word_1_45' title='bbox 892 724 960 783; x_wconf 89' lang='lat' dir='ltr'><strong>dno-</strong></span> <span class='ocrx_word' id='word_1_46' title='bbox 1015 722 1055 781; x_wconf 85' lang='grc' dir='ltr'><strong>ότι</strong></span> <span class='ocrx_word' id='word_1_47' title='bbox 1069 723 1194 802; x_wconf 72' lang='grc' dir='ltr'>μέλλουσι</span> <span class='ocrx_word' id='word_1_48' title='bbox 1209 726 1376 784; x_wconf 76' lang='grc' dir='ltr'>καθεδεῖσθαι</span> <span class='ocrx_word' id='word_1_49' title='bbox 1390 724 1435 785; x_wconf 81' lang='grc' dir='ltr'><strong>καλ</strong></span> <span class='ocrx_word' id='word_1_50' title='bbox 1458 722 1533 784; x_wconf 79' lang='grc' dir='ltr'>αὐτοὶ</span> <span class='ocrx_word' id='word_1_51' title='bbox 1553 723 1613 783; x_wconf 89' lang='grc' dir='ltr'>τότε</span> <span class='ocrx_word' id='word_1_52' title='bbox 1633 724 1723 804; x_wconf 80' lang='grc' dir='ltr'>κριταὶ</span> <span class='ocrx_word' id='word_1_53' title='bbox 1736 725 1789 782; x_wconf 83' lang='grc' dir='ltr'><strong>τῶν</strong></span> 
     </span>
     <span class='ocr_line' id='line_1_5' title="bbox 67 795 1790 913; baseline -0.002 -37"><span class='ocrx_word' id='word_1_54' title='bbox 67 795 210 913; x_wconf 51' lang='lat' dir='ltr'>fflzh&#39;ss</span> <span class='ocrx_word' id='word_1_55' title='bbox 218 815 306 876; x_wconf 89' lang='lat' dir='ltr'><strong>decim</strong></span> <span class='ocrx_word' id='word_1_56' title='bbox 319 817 441 876; x_wconf 89' lang='lat' dir='ltr'><strong>tribuum</strong></span> <span class='ocrx_word' id='word_1_57' title='bbox 453 817 535 876; x_wconf 85' lang='lat' dir='ltr'><strong>lsrael</strong></span> <span class='ocrx_word' id='word_1_58' title='bbox 548 815 717 876; x_wconf 81' lang='lat' dir='ltr'><strong>:didicerant</strong></span> <span class='ocrx_word' id='word_1_59' title='bbox 731 815 839 877; x_wconf 85' lang='lat' dir='ltr'><strong>Judaeos</strong></span> <span class='ocrx_word' id='word_1_60' title='bbox 849 815 957 896; x_wconf 86' lang='lat' dir='ltr'><strong>ejicicn-</strong></span> <span class='ocrx_word' id='word_1_61' title='bbox 1017 814 1118 875; x_wconf 84' lang='grc' dir='ltr'>δώδεκα</span> <span class='ocrx_word' id='word_1_62' title='bbox 1130 819 1217 897; x_wconf 67' lang='lat' dir='ltr'><strong>polin</strong></span> <span class='ocrx_word' id='word_1_63' title='bbox 1231 825 1277 877; x_wconf 84' lang='grc' dir='ltr'><strong>τοῦ</strong></span> <span class='ocrx_word' id='word_1_64' title='bbox 1287 815 1411 898; x_wconf 80' lang='grc' dir='ltr'>Ἰσραήλ·</span> <span class='ocrx_word' id='word_1_65' title='bbox 1426 816 1532 894; x_wconf 84' lang='grc' dir='ltr'>ἔμαθον,</span> <span class='ocrx_word' id='word_1_66' title='bbox 1548 815 1590 876; x_wconf 85' lang='grc' dir='ltr'><strong>ότι</strong></span> <span class='ocrx_word' id='word_1_67' title='bbox 1601 815 1723 874; x_wconf 84' lang='grc' dir='ltr'>Ἰουδαῖοι</span> <span class='ocrx_word' id='word_1_68' title='bbox 1734 819 1790 874; x_wconf 74' lang='lat' dir='ltr'><strong>&#39;ix-</strong></span> 
     </span>
     <span class='ocr_line' id='line_1_6' title="bbox 218 906 1791 988; baseline -0.003 -19"><span class='ocrx_word' id='word_1_69' title='bbox 218 907 269 969; x_wconf 89' lang='lat' dir='ltr'><strong>dos</strong></span> <span class='ocrx_word' id='word_1_70' title='bbox 282 931 348 987; x_wconf 79' lang='lat' dir='ltr'><strong>esse,</strong></span> <span class='ocrx_word' id='word_1_71' title='bbox 357 923 438 988; x_wconf 88' lang='lat' dir='ltr'><strong>atque</strong></span> <span class='ocrx_word' id='word_1_72' title='bbox 447 930 540 968; x_wconf 87' lang='lat' dir='ltr'><strong>eorum</strong></span> <span class='ocrx_word' id='word_1_73' title='bbox 549 909 608 968; x_wconf 94' lang='lat' dir='ltr'><strong>loco</strong></span> <span class='ocrx_word' id='word_1_74' title='bbox 622 908 789 988; x_wconf 77' lang='lat' dir='ltr'><strong>ingressuras</strong></span> <span class='ocrx_word' id='word_1_75' title='bbox 801 922 899 988; x_wconf 75' lang='lat' dir='ltr'><strong>gentes.</strong></span> <span class='ocrx_word' id='word_1_76' title='bbox 910 907 961 967; x_wconf 89' lang='lat' dir='ltr'><strong>Di·</strong></span> <span class='ocrx_word' id='word_1_77' title='bbox 977 917 996 965; x_wconf 81' lang='lat' dir='ltr'><strong>G</strong></span> <span class='ocrx_word' id='word_1_78' title='bbox 1016 906 1175 984; x_wconf 83' lang='grc' dir='ltr'>όάλλονται,</span> <span class='ocrx_word' id='word_1_79' title='bbox 1190 914 1213 970; x_wconf 85' lang='lat' dir='ltr'><strong>ol</strong></span> <span class='ocrx_word' id='word_1_80' title='bbox 1229 909 1257 970; x_wconf 80' lang='grc' dir='ltr'><strong>δὲ</strong></span> <span class='ocrx_word' id='word_1_81' title='bbox 1274 910 1301 979; x_wconf 81' lang='grc' dir='ltr'><strong>ἐξ</strong></span> <span class='ocrx_word' id='word_1_82' title='bbox 1313 912 1394 968; x_wconf 75' lang='grc' dir='ltr'>ἐθνῶν</span> <span class='ocrx_word' id='word_1_83' title='bbox 1414 909 1634 988; x_wconf 83' lang='grc' dir='ltr'>ἀντεισὲρχονται.</span> <span class='ocrx_word' id='word_1_84' title='bbox 1648 909 1689 968; x_wconf 83' lang='grc' dir='ltr'><strong>Τὸ</strong></span> <span class='ocrx_word' id='word_1_85' title='bbox 1705 913 1791 966; x_wconf 80' lang='grc' dir='ltr'>ταῦτα</span> 
     </span>
     <span class='ocr_line' id='line_1_7' title="bbox 205 999 1790 1084; baseline -0.004 -22"><span class='ocrx_word' id='word_1_86' title='bbox 205 1009 290 1062; x_wconf 87' lang='lat' dir='ltr'><strong>&#39;scere</strong></span> <span class='ocrx_word' id='word_1_87' title='bbox 304 1003 364 1061; x_wconf 83' lang='lat' dir='ltr'><strong>baec</strong></span> <span class='ocrx_word' id='word_1_88' title='bbox 376 1003 467 1062; x_wconf 87' lang='lat' dir='ltr'><strong>futura</strong></span> <span class='ocrx_word' id='word_1_89' title='bbox 480 1023 548 1078; x_wconf 86' lang='lat' dir='ltr'><strong>csse,</strong></span> <span class='ocrx_word' id='word_1_90' title='bbox 560 1021 689 1082; x_wconf 76' lang='lat' dir='ltr'><strong>magnum</strong></span> <span class='ocrx_word' id='word_1_91' title='bbox 702 1014 755 1077; x_wconf 87' lang='lat' dir='ltr'><strong>est;</strong></span> <span class='ocrx_word' id='word_1_92' title='bbox 771 999 873 1059; x_wconf 83' lang='lat' dir='ltr'>discere</span> <span class='ocrx_word' id='word_1_93' title='bbox 883 1021 958 1080; x_wconf 82' lang='lat' dir='ltr'><strong>vero,</strong></span> <span class='ocrx_word' id='word_1_94' title='bbox 1016 1003 1113 1084; x_wconf 78' lang='grc' dir='ltr'>εἰδέναι</span> <span class='ocrx_word' id='word_1_95' title='bbox 1123 1003 1164 1064; x_wconf 86' lang='grc' dir='ltr'><strong>ότι</strong></span> <span class='ocrx_word' id='word_1_96' title='bbox 1175 1003 1267 1077; x_wconf 83' lang='grc' dir='ltr'>ἔσται,</span> <span class='ocrx_word' id='word_1_97' title='bbox 1284 1004 1371 1084; x_wconf 80' lang='grc' dir='ltr'>μέγα·</span> <span class='ocrx_word' id='word_1_98' title='bbox 1386 1001 1416 1061; x_wconf 81' lang='grc' dir='ltr'>τὸ</span> <span class='ocrx_word' id='word_1_99' title='bbox 1430 1002 1458 1063; x_wconf 80' lang='grc' dir='ltr'><strong>δὲ</strong></span> <span class='ocrx_word' id='word_1_100' title='bbox 1470 1007 1572 1079; x_wconf 88' lang='grc' dir='ltr'>μαθεῖν,</span> <span class='ocrx_word' id='word_1_101' title='bbox 1584 1000 1624 1060; x_wconf 85' lang='grc' dir='ltr'><strong>ότι</strong></span> <span class='ocrx_word' id='word_1_102' title='bbox 1639 999 1790 1080; x_wconf 82' lang='grc' dir='ltr'>βασιλεύσει</span> 
     </span>
     <span class='ocr_line' id='line_1_8' title="bbox 216 1092 1790 1178; baseline -0.002 -23"><span class='ocrx_word' id='word_1_103' title='bbox 216 1096 336 1176; x_wconf 82' lang='lat' dir='ltr'><strong>aliquem</strong></span> <span class='ocrx_word' id='word_1_104' title='bbox 354 1119 410 1157; x_wconf 88' lang='lat' dir='ltr'><strong>esse</strong></span> <span class='ocrx_word' id='word_1_105' title='bbox 431 1112 616 1178; x_wconf 84' lang='lat' dir='ltr'><strong>regnaturum,</strong></span> <span class='ocrx_word' id='word_1_106' title='bbox 631 1111 657 1156; x_wconf 90' lang='lat' dir='ltr'><strong>et</strong></span> <span class='ocrx_word' id='word_1_107' title='bbox 673 1095 782 1177; x_wconf 85' lang='lat' dir='ltr'><strong>quaudo</strong></span> <span class='ocrx_word' id='word_1_108' title='bbox 802 1096 831 1155; x_wconf 94' lang='lat' dir='ltr'><strong>id</strong></span> <span class='ocrx_word' id='word_1_109' title='bbox 848 1097 961 1172; x_wconf 88' lang='lat' dir='ltr'><strong>accidet,</strong></span> <span class='ocrx_word' id='word_1_110' title='bbox 1016 1122 1056 1166; x_wconf 90' lang='grc' dir='ltr'><strong>τις</strong></span> <span class='ocrx_word' id='word_1_111' title='bbox 1070 1097 1088 1169; x_wconf 75' lang='grc' dir='ltr'>ἢ</span> <span class='ocrx_word' id='word_1_112' title='bbox 1106 1097 1137 1157; x_wconf 81' lang='grc' dir='ltr'>τό</span> <span class='ocrx_word' id='word_1_113' title='bbox 1154 1097 1240 1171; x_wconf 89' lang='grc' dir='ltr'>πότε,</span> <span class='ocrx_word' id='word_1_114' title='bbox 1261 1096 1335 1156; x_wconf 73' lang='lat' dir='ltr'><strong>odiis</strong></span> <span class='ocrx_word' id='word_1_115' title='bbox 1358 1095 1436 1175; x_wconf 77' lang='grc' dir='ltr'>μέγα.</span> <span class='ocrx_word' id='word_1_116' title='bbox 1453 1094 1559 1173; x_wconf 86' lang='grc' dir='ltr'>Ἔμοιθε</span> <span class='ocrx_word' id='word_1_117' title='bbox 1583 1095 1690 1160; x_wconf 81' lang='grc' dir='ltr'>Παῦλος</span> <span class='ocrx_word' id='word_1_118' title='bbox 1705 1092 1729 1162; x_wconf 64' lang='grc' dir='ltr'><strong>ιθ</strong></span> <span class='ocrx_word' id='word_1_119' title='bbox 1742 1095 1790 1152; x_wconf 80' lang='grc' dir='ltr'>οὐκ</span> 
     </span>
     <span class='ocr_line' id='line_1_9' title="bbox 69 1185 1790 1271; baseline -0.003 -21"><span class='ocrx_word' id='word_1_120' title='bbox 69 1205 91 1236; x_wconf 84' lang='lat'><strong>¹·</strong></span> <span class='ocrx_word' id='word_1_121' title='bbox 106 1189 160 1239; x_wconf 65' lang='grc' dir='ltr'><strong>θον·</strong></span> <span class='ocrx_word' id='word_1_122' title='bbox 172 1203 269 1250; x_wconf 84' lang='lat' dir='ltr'><strong>¹²·non</strong></span> <span class='ocrx_word' id='word_1_123' title='bbox 286 1192 324 1251; x_wconf 88' lang='lat' dir='ltr'><strong>ita</strong></span> <span class='ocrx_word' id='word_1_124' title='bbox 340 1213 470 1271; x_wconf 79' lang='lat' dir='ltr'><strong>magnum</strong></span> <span class='ocrx_word' id='word_1_125' title='bbox 484 1205 533 1251; x_wconf 89' lang='lat' dir='ltr'><strong>est.</strong></span> <span class='ocrx_word' id='word_1_126' title='bbox 553 1191 656 1251; x_wconf 84' lang='lat' dir='ltr'><strong>Didicit</strong></span> <span class='ocrx_word' id='word_1_127' title='bbox 671 1191 772 1249; x_wconf 91' lang='lat' dir='ltr'><strong>Paulus</strong></span> <span class='ocrx_word' id='word_1_128' title='bbox 787 1212 846 1269; x_wconf 86' lang='lat' dir='ltr'><strong>quae</strong></span> <span class='ocrx_word' id='word_1_129' title='bbox 862 1211 914 1250; x_wconf 92' lang='lat' dir='ltr'><strong>non</strong></span> <span class='ocrx_word' id='word_1_130' title='bbox 926 1190 962 1249; x_wconf 87' lang='lat' dir='ltr'><strong>li·</strong></span> <span class='ocrx_word' id='word_1_131' title='bbox 1016 1190 1072 1260; x_wconf 76' lang='grc' dir='ltr'>ἐξὸν</span> <span class='ocrx_word' id='word_1_132' title='bbox 1088 1189 1219 1270; x_wconf 75' lang='grc' dir='ltr'>ἀνθρώπῳ</span> <span class='ocrx_word' id='word_1_133' title='bbox 1232 1192 1361 1261; x_wconf 83' lang='grc' dir='ltr'>λαλῆσαι·</span> <span class='ocrx_word' id='word_1_134' title='bbox 1376 1187 1411 1247; x_wconf 78' lang='grc' dir='ltr'>τὰ</span> <span class='ocrx_word' id='word_1_135' title='bbox 1430 1187 1483 1268; x_wconf 79' lang='grc' dir='ltr'><strong>πρὸ</strong></span> <span class='ocrx_word' id='word_1_136' title='bbox 1499 1193 1545 1246; x_wconf 81' lang='grc' dir='ltr'><strong>τοῦ</strong></span> <span class='ocrx_word' id='word_1_137' title='bbox 1565 1185 1666 1263; x_wconf 86' lang='grc' dir='ltr'>κόσμου</span> <span class='ocrx_word' id='word_1_138' title='bbox 1685 1185 1790 1244; x_wconf 75' lang='grc' dir='ltr'>ἅπαντα</span> 
     </span>
     <span class='ocr_line' id='line_1_10' title="bbox 85 1276 1790 1362; baseline -0.005 -20"><span class='ocrx_word' id='word_1_139' title='bbox 85 1284 92 1299; x_wconf 82' lang='grc'>’</span> <span class='ocrx_word' id='word_1_140' title='bbox 215 1283 293 1342; x_wconf 89' lang='lat' dir='ltr'><strong>cebat</strong></span> <span class='ocrx_word' id='word_1_141' title='bbox 318 1283 424 1343; x_wconf 90' lang='lat' dir='ltr'><strong>bomini</strong></span> <span class='ocrx_word' id='word_1_142' title='bbox 441 1283 527 1362; x_wconf 86' lang='lat' dir='ltr'><strong>loqui,</strong></span> <span class='ocrx_word' id='word_1_143' title='bbox 543 1283 633 1342; x_wconf 89' lang='lat' dir='ltr'><strong>omnia</strong></span> <span class='ocrx_word' id='word_1_144' title='bbox 654 1304 714 1361; x_wconf 85' lang='lat' dir='ltr'><strong>quae</strong></span> <span class='ocrx_word' id='word_1_145' title='bbox 733 1282 867 1341; x_wconf 88' lang='lat' dir='ltr'><strong>mundum</strong></span> <span class='ocrx_word' id='word_1_146' title='bbox 890 1283 961 1342; x_wconf 91' lang='lat' dir='ltr'><strong>bunc</strong></span> <span class='ocrx_word' id='word_1_147' title='bbox 1017 1280 1107 1360; x_wconf 78' lang='grc' dir='ltr'>ἔμαθε.</span> <span class='ocrx_word' id='word_1_148' title='bbox 1122 1285 1147 1342; x_wconf 87' lang='lat' dir='ltr'>T</span> <span class='ocrx_word' id='word_1_149' title='bbox 1150 1282 1158 1341; x_wconf 80' lang='grc' dir='ltr'>ό</span> <span class='ocrx_word' id='word_1_150' title='bbox 1178 1287 1270 1360; x_wconf 83' lang='grc' dir='ltr'>μαθεῖν</span> <span class='ocrx_word' id='word_1_151' title='bbox 1291 1278 1518 1360; x_wconf 60' lang='grc' dir='ltr'><strong>Ι’δυσκολώτεροη</strong></span> <span class='ocrx_word' id='word_1_152' title='bbox 1532 1278 1580 1352; x_wconf 77' lang='grc' dir='ltr'><strong>τὴν</strong></span> <span class='ocrx_word' id='word_1_153' title='bbox 1601 1278 1697 1360; x_wconf 72' lang='grc' dir='ltr'>ἀρχὴν,</span> <span class='ocrx_word' id='word_1_154' title='bbox 1721 1276 1790 1348; x_wconf 76' lang='grc' dir='ltr'>ἢτὸ</span> 
     </span>
     <span class='ocr_line' id='line_1_11' title="bbox 214 1363 1788 1455; baseline -0.004 -22"><span class='ocrx_word' id='word_1_155' title='bbox 214 1388 412 1455; x_wconf 75' lang='lat' dir='ltr'><strong>precesserant.</strong></span> <span class='ocrx_word' id='word_1_156' title='bbox 423 1363 523 1434; x_wconf 84' lang='lat' dir='ltr'><strong>Utrum</strong></span> <span class='ocrx_word' id='word_1_157' title='bbox 532 1374 634 1434; x_wconf 85' lang='lat' dir='ltr'><strong>discere</strong></span> <span class='ocrx_word' id='word_1_158' title='bbox 645 1373 785 1433; x_wconf 83' lang='lat' dir='ltr'><strong>difficilius</strong></span> <span class='ocrx_word' id='word_1_159' title='bbox 798 1387 848 1450; x_wconf 82' lang='lat' dir='ltr'><strong>est,</strong></span> <span class='ocrx_word' id='word_1_160' title='bbox 860 1372 962 1454; x_wconf 88' lang='lat' dir='ltr'><strong>princi-</strong></span> <span class='ocrx_word' id='word_1_161' title='bbox 1016 1374 1102 1446; x_wconf 74' lang='grc' dir='ltr'>τίλοςς</span> <span class='ocrx_word' id='word_1_162' title='bbox 1117 1375 1246 1447; x_wconf 83' lang='grc' dir='ltr'>Εὔδηλον,</span> <span class='ocrx_word' id='word_1_163' title='bbox 1261 1372 1301 1433; x_wconf 84' lang='grc' dir='ltr'><strong>ότι</strong></span> <span class='ocrx_word' id='word_1_164' title='bbox 1318 1373 1348 1432; x_wconf 84' lang='grc' dir='ltr'>τὸ</span> <span class='ocrx_word' id='word_1_165' title='bbox 1361 1375 1475 1453; x_wconf 81' lang='grc' dir='ltr'>πρῶτον.</span> <span class='ocrx_word' id='word_1_166' title='bbox 1495 1374 1598 1431; x_wconf 80' lang='grc' dir='ltr'>Οὐκοῦν</span> <span class='ocrx_word' id='word_1_167' title='bbox 1611 1377 1688 1431; x_wconf 82' lang='grc' dir='ltr'>τοῦτο</span> <span class='ocrx_word' id='word_1_168' title='bbox 1704 1373 1788 1430; x_wconf 84' lang='grc' dir='ltr'>Μωϋ-</span> 
     </span>
    </p>

    <p class='ocr_par' dir='ltr' id='par_1_4' title="bbox 213 1460 1789 1548">
     <span class='ocr_line' id='line_1_12' title="bbox 213 1460 1789 1548; baseline -0.003 -23"><span class='ocrx_word' id='word_1_169' title='bbox 213 1466 292 1548; x_wconf 91' lang='lat' dir='ltr'><strong>pium</strong></span> <span class='ocrx_word' id='word_1_170' title='bbox 307 1488 341 1526; x_wconf 90' lang='lat' dir='ltr'><strong>an</strong></span> <span class='ocrx_word' id='word_1_171' title='bbox 356 1466 461 1526; x_wconf 80' lang='lat' dir='ltr'><strong>finem?</strong></span> <span class='ocrx_word' id='word_1_172' title='bbox 478 1467 584 1546; x_wconf 85' lang='lat' dir='ltr'><strong>Liquet,</strong></span> <span class='ocrx_word' id='word_1_173' title='bbox 596 1466 673 1548; x_wconf 89' lang='lat' dir='ltr'><strong>prius</strong></span> <span class='ocrx_word' id='word_1_174' title='bbox 682 1486 738 1524; x_wconf 87' lang='lat' dir='ltr'><strong>esse</strong></span> <span class='ocrx_word' id='word_1_175' title='bbox 748 1464 901 1524; x_wconf 86' lang='lat' dir='ltr'><strong>difficilius.</strong></span> <span class='ocrx_word' id='word_1_176' title='bbox 913 1468 961 1524; x_wconf 79' lang='lat' dir='ltr'><strong>At·</strong></span> <span class='ocrx_word' id='word_1_177' title='bbox 1017 1470 1066 1538; x_wconf 73' lang='grc' dir='ltr'><strong>σῆς</strong></span> <span class='ocrx_word' id='word_1_178' title='bbox 1087 1465 1184 1545; x_wconf 81' lang='grc' dir='ltr'>ἔμαθε,</span> <span class='ocrx_word' id='word_1_179' title='bbox 1207 1466 1253 1526; x_wconf 76' lang='grc' dir='ltr'>καὶ</span> <span class='ocrx_word' id='word_1_180' title='bbox 1273 1464 1355 1536; x_wconf 91' lang='grc' dir='ltr'>πότε,</span> <span class='ocrx_word' id='word_1_181' title='bbox 1367 1463 1413 1523; x_wconf 79' lang='grc' dir='ltr'><strong>καλ</strong></span> <span class='ocrx_word' id='word_1_182' title='bbox 1435 1462 1488 1544; x_wconf 81' lang='grc' dir='ltr'><strong>πρὸ</strong></span> <span class='ocrx_word' id='word_1_183' title='bbox 1505 1462 1595 1522; x_wconf 91' lang='grc' dir='ltr'>πόσων</span> <span class='ocrx_word' id='word_1_184' title='bbox 1608 1460 1723 1542; x_wconf 81' lang='grc' dir='ltr'>χρόνων,</span> <span class='ocrx_word' id='word_1_185' title='bbox 1736 1462 1789 1521; x_wconf 84' lang='grc' dir='ltr'>δεί-</span> 
     </span>
    </p>

    <p class='ocr_par' dir='ltr' id='par_1_5' title="bbox 214 1550 1791 1641">
     <span class='ocr_line' id='line_1_13' title="bbox 214 1550 1791 1641; baseline -0.001 -26"><span class='ocrx_word' id='word_1_186' title='bbox 214 1558 262 1637; x_wconf 90' lang='lat' dir='ltr'><strong>qui</strong></span> <span class='ocrx_word' id='word_1_187' title='bbox 280 1557 311 1617; x_wconf 92' lang='lat' dir='ltr'><strong>id</strong></span> <span class='ocrx_word' id='word_1_188' title='bbox 325 1560 434 1641; x_wconf 78' lang='lat' dir='ltr'><strong>Moyses</strong></span> <span class='ocrx_word' id='word_1_189' title='bbox 445 1558 559 1635; x_wconf 74' lang='lat' dir='ltr'><strong>didicit,</strong></span> <span class='ocrx_word' id='word_1_190' title='bbox 573 1572 598 1618; x_wconf 88' lang='lat' dir='ltr'><strong>et</strong></span> <span class='ocrx_word' id='word_1_191' title='bbox 615 1558 724 1637; x_wconf 89' lang='lat' dir='ltr'><strong>quando</strong></span> <span class='ocrx_word' id='word_1_192' title='bbox 740 1571 767 1616; x_wconf 91' lang='lat' dir='ltr'><strong>et</strong></span> <span class='ocrx_word' id='word_1_193' title='bbox 781 1570 882 1637; x_wconf 79' lang='lat' dir='ltr'><strong>quanto</strong></span> <span class='ocrx_word' id='word_1_194' title='bbox 900 1571 962 1616; x_wconf 86' lang='lat' dir='ltr'><strong>ante</strong></span> <span class='ocrx_word' id='word_1_195' title='bbox 1016 1584 1092 1620; x_wconf 86' lang='grc' dir='ltr'>κνυσι</span> <span class='ocrx_word' id='word_1_196' title='bbox 1106 1561 1138 1620; x_wconf 85' lang='grc' dir='ltr'>δι’</span> <span class='ocrx_word' id='word_1_197' title='bbox 1153 1550 1189 1619; x_wconf 77' lang='grc' dir='ltr'>ὧν</span> <span class='ocrx_word' id='word_1_198' title='bbox 1206 1562 1310 1640; x_wconf 83' lang='grc' dir='ltr'>ἀριθμεῖ</span> <span class='ocrx_word' id='word_1_199' title='bbox 1323 1555 1357 1615; x_wconf 77' lang='grc' dir='ltr'>τὰ</span> <span class='ocrx_word' id='word_1_200' title='bbox 1371 1556 1428 1631; x_wconf 69' lang='grc' dir='ltr'>ἔτη.</span> <span class='ocrx_word' id='word_1_201' title='bbox 1442 1559 1530 1616; x_wconf 82' lang='grc' dir='ltr'>Τοῦτο</span> <span class='ocrx_word' id='word_1_202' title='bbox 1539 1555 1585 1616; x_wconf 83' lang='grc' dir='ltr'><strong>καλ</strong></span> <span class='ocrx_word' id='word_1_203' title='bbox 1596 1557 1735 1633; x_wconf 74' lang='grc' dir='ltr'>Σολομῶν,</span> <span class='ocrx_word' id='word_1_204' title='bbox 1750 1556 1791 1614; x_wconf 83' lang='grc' dir='ltr'>διὸ</span> 
     </span>
    </p>

    <p class='ocr_par' dir='ltr' id='par_1_6' title="bbox 213 1646 1790 1732">
     <span class='ocr_line' id='line_1_14' title="bbox 213 1646 1790 1732; baseline -0.003 -23"><span class='ocrx_word' id='word_1_205' title='bbox 213 1662 335 1732; x_wconf 88' lang='lat' dir='ltr'><strong>tempore</strong></span> <span class='ocrx_word' id='word_1_206' title='bbox 344 1650 544 1727; x_wconf 87' lang='lat' dir='ltr'><strong>declarat‚cum</strong></span> <span class='ocrx_word' id='word_1_207' title='bbox 556 1672 639 1711; x_wconf 92' lang='lat' dir='ltr'><strong>annos</strong></span> <span class='ocrx_word' id='word_1_208' title='bbox 650 1663 798 1708; x_wconf 83' lang='lat' dir='ltr'><strong>enumerat.</strong></span> <span class='ocrx_word' id='word_1_209' title='bbox 807 1648 865 1707; x_wconf 91' lang='lat' dir='ltr'><strong>Hoc</strong></span> <span class='ocrx_word' id='word_1_210' title='bbox 876 1661 902 1708; x_wconf 92' lang='lat' dir='ltr'><strong>et</strong></span> <span class='ocrx_word' id='word_1_211' title='bbox 913 1650 962 1709; x_wconf 85' lang='lat' dir='ltr'><strong>Sa·</strong></span> <span class='ocrx_word' id='word_1_212' title='bbox 1016 1652 1063 1713; x_wconf 83' lang='grc' dir='ltr'><strong>καλ</strong></span> <span class='ocrx_word' id='word_1_213' title='bbox 1081 1651 1168 1731; x_wconf 74' lang='grc' dir='ltr'>ἔλεγε·</span> <span class='ocrx_word' id='word_1_214' title='bbox 1182 1649 1365 1729; x_wconf 83' lang='grc' dir='ltr'>Μνημονεόσω</span> <span class='ocrx_word' id='word_1_215' title='bbox 1380 1647 1414 1707; x_wconf 73' lang='grc' dir='ltr'>τὰ</span> <span class='ocrx_word' id='word_1_216' title='bbox 1438 1651 1486 1707; x_wconf 81' lang='grc' dir='ltr'><strong>ἀπ’</strong></span> <span class='ocrx_word' id='word_1_217' title='bbox 1502 1651 1603 1714; x_wconf 81' lang='grc' dir='ltr'>αἰῶνος.</span> <span class='ocrx_word' id='word_1_218' title='bbox 1617 1646 1683 1706; x_wconf 76' lang='grc' dir='ltr'><strong>Ὀτι</strong></span> <span class='ocrx_word' id='word_1_219' title='bbox 1703 1647 1790 1706; x_wconf 74' lang='grc' dir='ltr'>τοίνυν</span> 
     </span>
    </p>

    <p class='ocr_par' dir='ltr' id='par_1_7' title="bbox 66 1733 1792 2286">
     <span class='ocr_line' id='line_1_15' title="bbox 66 1733 1791 1826; baseline -0.002 -25"><span class='ocrx_word' id='word_1_220' title='bbox 66 1739 141 1785; x_wconf 64' lang='grc' dir='ltr'><strong>Μ·</strong></span> <span class='ocrx_word' id='word_1_221' title='bbox 152 1737 193 1788; x_wconf 84' lang='lat'><strong>⁵¹·</strong></span> <span class='ocrx_word' id='word_1_222' title='bbox 215 1741 306 1802; x_wconf 92' lang='lat' dir='ltr'><strong>lomon</strong></span> <span class='ocrx_word' id='word_1_223' title='bbox 318 1743 428 1818; x_wconf 86' lang='lat' dir='ltr'><strong>sciebat;</strong></span> <span class='ocrx_word' id='word_1_224' title='bbox 440 1743 503 1803; x_wconf 91' lang='lat' dir='ltr'><strong>ideo</strong></span> <span class='ocrx_word' id='word_1_225' title='bbox 512 1742 551 1801; x_wconf 87' lang='lat' dir='ltr'><strong>ait</strong></span> <span class='ocrx_word' id='word_1_226' title='bbox 564 1766 570 1799; x_wconf 90' lang='lat'><strong>:</strong></span> <span class='ocrx_word' id='word_1_227' title='bbox 585 1743 825 1803; x_wconf 85' lang='lat' dir='ltr'><strong>Commemorabo</strong></span> <span class='ocrx_word' id='word_1_228' title='bbox 836 1760 881 1811; x_wconf 82' lang='lat' dir='ltr'><strong>ee,</strong></span> <span class='ocrx_word' id='word_1_229' title='bbox 897 1761 961 1821; x_wconf 79' lang='lat' dir='ltr'><strong>que</strong></span> <span class='ocrx_word' id='word_1_230' title='bbox 1017 1745 1094 1826; x_wconf 71' lang='grc' dir='ltr'>ἐγγύς</span> <span class='ocrx_word' id='word_1_231' title='bbox 1107 1749 1189 1816; x_wconf 78' lang='grc' dir='ltr'>ἐστιν,</span> <span class='ocrx_word' id='word_1_232' title='bbox 1204 1743 1277 1803; x_wconf 79' lang='grc' dir='ltr'>ἴσασι</span> <span class='ocrx_word' id='word_1_233' title='bbox 1292 1740 1360 1821; x_wconf 77' lang='grc' dir='ltr'>μετὰ</span> <span class='ocrx_word' id='word_1_234' title='bbox 1374 1747 1457 1800; x_wconf 85' lang='grc' dir='ltr'>ταῦτα</span> <span class='ocrx_word' id='word_1_235' title='bbox 1476 1740 1522 1799; x_wconf 83' lang='grc' dir='ltr'><strong>καλ</strong></span> <span class='ocrx_word' id='word_1_236' title='bbox 1537 1733 1625 1800; x_wconf 70' lang='grc' dir='ltr'>οὗτοι·</span> <span class='ocrx_word' id='word_1_237' title='bbox 1639 1738 1731 1824; x_wconf 79' lang='grc' dir='ltr'>ὥσπερ</span> <span class='ocrx_word' id='word_1_238' title='bbox 1745 1741 1791 1799; x_wconf 81' lang='grc' dir='ltr'>καὶ</span> 
     </span>
     <span class='ocr_line' id='line_1_16' title="bbox 70 1812 1791 1916; baseline -0.004 -22"><span class='ocrx_word' id='word_1_239' title='bbox 70 1812 107 1850; x_wconf 61' lang='grc' dir='ltr'><strong>η’</strong></span> <span class='ocrx_word' id='word_1_240' title='bbox 208 1835 338 1915; x_wconf 73' lang='lat' dir='ltr'><strong>juerant</strong></span> <span class='ocrx_word' id='word_1_241' title='bbox 353 1855 373 1892; x_wconf 86' lang='grc' dir='ltr'>α</span> <span class='ocrx_word' id='word_1_242' title='bbox 387 1834 505 1895; x_wconf 78' lang='lat' dir='ltr'><strong>saeculo.</strong></span> <span class='ocrx_word' id='word_1_243' title='bbox 523 1832 606 1907; x_wconf 89' lang='lat' dir='ltr'><strong>Quod</strong></span> <span class='ocrx_word' id='word_1_244' title='bbox 623 1855 704 1916; x_wconf 91' lang='lat' dir='ltr'><strong>porro</strong></span> <span class='ocrx_word' id='word_1_245' title='bbox 727 1830 860 1891; x_wconf 90' lang='lat' dir='ltr'><strong>Dominus</strong></span> <span class='ocrx_word' id='word_1_246' title='bbox 877 1851 962 1912; x_wconf 88' lang='lat' dir='ltr'><strong>prope</strong></span> <span class='ocrx_word' id='word_1_247' title='bbox 978 1853 998 1900; x_wconf 72' lang='grc' dir='ltr'>ν)</span> <span class='ocrx_word' id='word_1_248' title='bbox 1017 1840 1165 1911; x_wconf 47' lang='lat' dir='ltr'><strong>annulo„</strong></span> <span class='ocrx_word' id='word_1_249' title='bbox 1178 1834 1325 1916; x_wconf 53' lang='lat' dir='ltr'><strong>lepus-‘0</strong></span> <span class='ocrx_word' id='word_1_250' title='bbox 1345 1833 1441 1916; x_wconf 77' lang='grc' dir='ltr'>Κύριος</span> <span class='ocrx_word' id='word_1_251' title='bbox 1456 1831 1547 1914; x_wconf 71' lang='grc' dir='ltr'>ἐγγὺς,</span> <span class='ocrx_word' id='word_1_252' title='bbox 1562 1832 1644 1912; x_wconf 73' lang='grc' dir='ltr'>μηδὲν</span> <span class='ocrx_word' id='word_1_253' title='bbox 1659 1841 1791 1915; x_wconf 77' lang='grc' dir='ltr'>μεριμνᾶ-</span> 
     </span>
     <span class='ocr_line' id='line_1_17' title="bbox 216 1920 1791 2008; baseline -0.006 -26"><span class='ocrx_word' id='word_1_254' title='bbox 216 1924 262 2002; x_wconf 86' lang='lat' dir='ltr'><strong>sit,</strong></span> <span class='ocrx_word' id='word_1_255' title='bbox 275 1925 306 1983; x_wconf 93' lang='lat' dir='ltr'><strong>hi</strong></span> <span class='ocrx_word' id='word_1_256' title='bbox 319 1939 410 2007; x_wconf 84' lang='lat' dir='ltr'><strong>postea</strong></span> <span class='ocrx_word' id='word_1_257' title='bbox 432 1938 577 2004; x_wconf 83' lang='lat' dir='ltr'><strong>noverunt,</strong></span> <span class='ocrx_word' id='word_1_258' title='bbox 590 1938 621 1984; x_wconf 85' lang='grc' dir='ltr'><strong>υτ</strong></span> <span class='ocrx_word' id='word_1_259' title='bbox 641 1938 668 1984; x_wconf 85' lang='grc' dir='ltr'><strong>οι</strong></span> <span class='ocrx_word' id='word_1_260' title='bbox 684 1923 793 1997; x_wconf 84' lang='lat' dir='ltr'><strong>Paulus,</strong></span> <span class='ocrx_word' id='word_1_261' title='bbox 806 1922 853 2000; x_wconf 90' lang='lat' dir='ltr'><strong>qui</strong></span> <span class='ocrx_word' id='word_1_262' title='bbox 870 1920 938 1980; x_wconf 86' lang='lat' dir='ltr'><strong>dicit</strong></span> <span class='ocrx_word' id='word_1_263' title='bbox 953 1945 960 1979; x_wconf 78' lang='grc' dir='ltr'>ι</span> <span class='ocrx_word' id='word_1_264' title='bbox 1015 1956 1055 1992; x_wconf 58' lang='grc' dir='ltr'>τε,</span> <span class='ocrx_word' id='word_1_265' title='bbox 1069 1930 1149 1992; x_wconf 63' lang='grc' dir='ltr'>Ἀλλὰ</span> <span class='ocrx_word' id='word_1_266' title='bbox 1169 1930 1229 1989; x_wconf 59' lang='grc' dir='ltr'>τότε</span> <span class='ocrx_word' id='word_1_267' title='bbox 1244 1932 1291 1989; x_wconf 70' lang='lat' dir='ltr'><strong>ote</strong></span> <span class='ocrx_word' id='word_1_268' title='bbox 1303 1928 1431 2008; x_wconf 64' lang='lat' dir='ltr'><strong>ipsene,</strong></span> <span class='ocrx_word' id='word_1_269' title='bbox 1445 1925 1531 1985; x_wconf 62' lang='lat' dir='ltr'><strong>aeteae</strong></span> <span class='ocrx_word' id='word_1_270' title='bbox 1550 1924 1675 1995; x_wconf 57' lang='grc' dir='ltr'>λαθόντες</span> <span class='ocrx_word' id='word_1_271' title='bbox 1686 1927 1791 2005; x_wconf 57' lang='lat' dir='ltr'><strong>sexpil-</strong></span> 
     </span>
     <span class='ocr_line' id='line_1_18' title="bbox 68 2007 1790 2107; baseline -0.004 -28"><span class='ocrx_word' id='word_1_272' title='bbox 68 2015 363 2082; x_wconf 64' lang='lat' dir='ltr'><strong>Portipp.4.00minu5</strong></span> <span class='ocrx_word' id='word_1_273' title='bbox 381 2039 469 2099; x_wconf 80' lang='lat' dir='ltr'><em>prope</em></span> <span class='ocrx_word' id='word_1_274' title='bbox 489 2031 542 2091; x_wconf 81' lang='lat' dir='ltr'><strong>esi,</strong></span> <span class='ocrx_word' id='word_1_275' title='bbox 570 2018 649 2077; x_wconf 73' lang='lat' dir='ltr'><strong>nillil</strong></span> <span class='ocrx_word' id='word_1_276' title='bbox 669 2016 790 2077; x_wconf 70' lang='lat' dir='ltr'><strong>solliciti</strong></span> <span class='ocrx_word' id='word_1_277' title='bbox 817 2017 889 2074; x_wconf 75' lang='lat' dir='ltr'><strong>Sitis.</strong></span> <span class='ocrx_word' id='word_1_278' title='bbox 906 2012 961 2073; x_wconf 75' lang='lat' dir='ltr'><strong>Sed</strong></span> <span class='ocrx_word' id='word_1_279' title='bbox 1018 2047 1070 2107; x_wconf 76' lang='grc' dir='ltr'>ρια,</span> <span class='ocrx_word' id='word_1_280' title='bbox 1090 2022 1125 2083; x_wconf 87' lang='grc' dir='ltr'><strong>Ὁ</strong></span> <span class='ocrx_word' id='word_1_281' title='bbox 1147 2023 1173 2082; x_wconf 83' lang='grc' dir='ltr'><strong>δὲ</strong></span> <span class='ocrx_word' id='word_1_282' title='bbox 1188 2020 1302 2102; x_wconf 76' lang='grc' dir='ltr'>Χριστὸς</span> <span class='ocrx_word' id='word_1_283' title='bbox 1325 2018 1417 2098; x_wconf 81' lang='grc' dir='ltr'>ὥσπερ</span> <span class='ocrx_word' id='word_1_284' title='bbox 1440 2007 1524 2090; x_wconf 67' lang='grc' dir='ltr'>εἶπεν,</span> <span class='ocrx_word' id='word_1_285' title='bbox 1538 2021 1580 2078; x_wconf 81' lang='grc' dir='ltr'><strong>Οὔ</strong></span> <span class='ocrx_word' id='word_1_286' title='bbox 1599 2017 1667 2096; x_wconf 72' lang='grc' dir='ltr'>μετὰ</span> <span class='ocrx_word' id='word_1_287' title='bbox 1689 2016 1790 2086; x_wconf 72' lang='grc' dir='ltr'>πολλὰς</span> 
     </span>
     <span class='ocr_line' id='line_1_19' title="bbox 69 2079 1792 2195; baseline -0.004 -23"><span class='ocrx_word' id='word_1_288' title='bbox 69 2081 92 2127; x_wconf 67' lang='lat'><strong>5&#39;</strong></span> <span class='ocrx_word' id='word_1_289' title='bbox 106 2079 130 2126; x_wconf 60' lang='grc' dir='ltr'><strong>δ’</strong></span> <span class='ocrx_word' id='word_1_290' title='bbox 215 2125 281 2172; x_wconf 90' lang='lat' dir='ltr'><strong>tunc</strong></span> <span class='ocrx_word' id='word_1_291' title='bbox 303 2134 356 2171; x_wconf 94' lang='lat' dir='ltr'><strong>non</strong></span> <span class='ocrx_word' id='word_1_292' title='bbox 376 2125 516 2188; x_wconf 82' lang='lat' dir='ltr'><strong>noverant,</strong></span> <span class='ocrx_word' id='word_1_293' title='bbox 540 2111 646 2170; x_wconf 85' lang='lat' dir='ltr'><strong>tametsi</strong></span> <span class='ocrx_word' id='word_1_294' title='bbox 672 2109 748 2189; x_wconf 80' lang='lat' dir='ltr'><strong>signa</strong></span> <span class='ocrx_word' id='word_1_295' title='bbox 771 2109 830 2188; x_wconf 89' lang='lat' dir='ltr'><strong>jam</strong></span> <span class='ocrx_word' id='word_1_296' title='bbox 852 2127 960 2188; x_wconf 89' lang='lat' dir='ltr'><strong>accepe·</strong></span> <span class='ocrx_word' id='word_1_297' title='bbox 1014 2115 1112 2182; x_wconf 67' lang='grc' dir='ltr'>τούτοις</span> <span class='ocrx_word' id='word_1_298' title='bbox 1130 2115 1245 2195; x_wconf 71' lang='grc' dir='ltr'>ἡμέρας,</span> <span class='ocrx_word' id='word_1_299' title='bbox 1268 2116 1408 2193; x_wconf 69' lang='grc' dir='ltr'>ἀγρυπνεῖν</span> <span class='ocrx_word' id='word_1_300' title='bbox 1433 2109 1526 2178; x_wconf 75' lang='grc' dir='ltr'>αὐτοὺς</span> <span class='ocrx_word' id='word_1_301' title='bbox 1550 2110 1724 2191; x_wconf 82' lang='grc' dir='ltr'>βουλόμενος,</span> <span class='ocrx_word' id='word_1_302' title='bbox 1745 2110 1792 2171; x_wconf 75' lang='grc' dir='ltr'><strong>καὶ</strong></span> 
     </span>
     <span class='ocr_line' id='line_1_20' title="bbox 214 2184 1791 2286; baseline -0.004 -18"><span class='ocrx_word' id='word_1_303' title='bbox 214 2217 285 2264; x_wconf 77' lang='lat' dir='ltr'><strong>rant·</strong></span> <span class='ocrx_word' id='word_1_304' title='bbox 303 2184 428 2264; x_wconf 60' lang='lat' dir='ltr'><strong>emistus</strong></span> <span class='ocrx_word' id='word_1_305' title='bbox 447 2218 536 2263; x_wconf 80' lang='lat' dir='ltr'><strong>autem</strong></span> <span class='ocrx_word' id='word_1_306' title='bbox 547 2201 776 2283; x_wconf 78' lang='lat' dir='ltr'><strong>quemadmodum</strong></span> <span class='ocrx_word' id='word_1_307' title='bbox 792 2201 876 2278; x_wconf 72' lang='lat' dir='ltr'><strong>dixit,</strong></span> <span class='ocrx_word' id='word_1_308' title='bbox 891 2203 961 2259; x_wconf 77' lang='lat' dir='ltr'><strong>Non</strong></span> <span class='ocrx_word' id='word_1_309' title='bbox 1015 2211 1064 2269; x_wconf 84' lang='grc' dir='ltr'><strong>οάκ</strong></span> <span class='ocrx_word' id='word_1_310' title='bbox 1077 2207 1195 2279; x_wconf 81' lang='grc' dir='ltr'>ἐδήλωσε</span> <span class='ocrx_word' id='word_1_311' title='bbox 1208 2210 1340 2286; x_wconf 79' lang='grc' dir='ltr'>φανερῶς·</span> <span class='ocrx_word' id='word_1_312' title='bbox 1351 2203 1421 2263; x_wconf 77' lang='grc' dir='ltr'>οὕτω</span> <span class='ocrx_word' id='word_1_313' title='bbox 1431 2203 1477 2262; x_wconf 82' lang='grc' dir='ltr'><strong>καλ</strong></span> <span class='ocrx_word' id='word_1_314' title='bbox 1487 2210 1533 2262; x_wconf 88' lang='grc' dir='ltr'><strong>νῦν</strong></span> <span class='ocrx_word' id='word_1_315' title='bbox 1543 2212 1622 2263; x_wconf 85' lang='grc' dir='ltr'>ποιεῖ.</span> <span class='ocrx_word' id='word_1_316' title='bbox 1632 2201 1735 2271; x_wconf 79' lang='grc' dir='ltr'>Ἄλλως</span> <span class='ocrx_word' id='word_1_317' title='bbox 1749 2203 1791 2279; x_wconf 79' lang='grc' dir='ltr'>δὲ,</span> 
     </span>
    </p>

    <p class='ocr_par' dir='ltr' id='par_1_8' title="bbox 212 2293 1791 2377">
     <span class='ocr_line' id='line_1_21' title="bbox 212 2293 1791 2377; baseline -0.003 -17"><span class='ocrx_word' id='word_1_318' title='bbox 212 2309 279 2377; x_wconf 77' lang='lat' dir='ltr'><strong>posi</strong></span> <span class='ocrx_word' id='word_1_319' title='bbox 299 2296 406 2357; x_wconf 73' lang='lat' dir='ltr'><strong>mullos</strong></span> <span class='ocrx_word' id='word_1_320' title='bbox 424 2299 478 2357; x_wconf 76' lang='lat' dir='ltr'><strong>llos</strong></span> <span class='ocrx_word' id='word_1_321' title='bbox 495 2298 567 2374; x_wconf 72' lang='lat' dir='ltr'><strong>dies,</strong></span> <span class='ocrx_word' id='word_1_322' title='bbox 583 2296 674 2356; x_wconf 75' lang='lat' dir='ltr'><strong>volens</strong></span> <span class='ocrx_word' id='word_1_323' title='bbox 696 2294 758 2354; x_wconf 76' lang='lat' dir='ltr'><strong>illos</strong></span> <span class='ocrx_word' id='word_1_324' title='bbox 774 2293 872 2373; x_wconf 69' lang='lat' dir='ltr'><strong>Vigiles</strong></span> <span class='ocrx_word' id='word_1_325' title='bbox 891 2315 958 2373; x_wconf 68' lang='lat'><strong>⁰⁵⁵⁰,</strong></span> <span class='ocrx_word' id='word_1_326' title='bbox 1015 2299 1081 2359; x_wconf 68' lang='lat' dir='ltr'><strong>‘aad</strong></span> <span class='ocrx_word' id='word_1_327' title='bbox 1095 2302 1187 2359; x_wconf 78' lang='grc' dir='ltr'>ἐκεῖνοι</span> <span class='ocrx_word' id='word_1_328' title='bbox 1210 2301 1320 2358; x_wconf 80' lang='grc' dir='ltr'>ἐνταῦθα</span> <span class='ocrx_word' id='word_1_329' title='bbox 1334 2297 1362 2357; x_wconf 83' lang='grc' dir='ltr'>οὗ</span> <span class='ocrx_word' id='word_1_330' title='bbox 1385 2296 1446 2377; x_wconf 77' lang='grc' dir='ltr'>περὶ</span> <span class='ocrx_word' id='word_1_331' title='bbox 1464 2295 1625 2368; x_wconf 79' lang='grc' dir='ltr'>συντελείας,</span> <span class='ocrx_word' id='word_1_332' title='bbox 1641 2294 1710 2355; x_wconf 71' lang='grc' dir='ltr'>ἀλλὰ</span> <span class='ocrx_word' id='word_1_333' title='bbox 1728 2296 1791 2376; x_wconf 80' lang='grc' dir='ltr'>περὶ</span> 
     </span>
    </p>

    <p class='ocr_par' dir='ltr' id='par_1_9' title="bbox 188 2381 1792 2472">
     <span class='ocr_line' id='line_1_22' title="bbox 188 2381 1792 2472; baseline 0.001 -26"><span class='ocrx_word' id='word_1_334' title='bbox 188 2381 190 2385; x_wconf 65' lang='grc'><strong>’</strong></span> <span class='ocrx_word' id='word_1_335' title='bbox 214 2407 264 2446; x_wconf 86' lang='lat' dir='ltr'><strong>nec</strong></span> <span class='ocrx_word' id='word_1_336' title='bbox 280 2387 419 2448; x_wconf 87' lang='lat' dir='ltr'><strong>evidenter</strong></span> <span class='ocrx_word' id='word_1_337' title='bbox 434 2410 493 2446; x_wconf 89' lang='lat' dir='ltr'><strong>rem</strong></span> <span class='ocrx_word' id='word_1_338' title='bbox 513 2387 677 2447; x_wconf 81' lang='lat' dir='ltr'><strong>declaravit:</strong></span> <span class='ocrx_word' id='word_1_339' title='bbox 693 2386 730 2444; x_wconf 86' lang='lat' dir='ltr'><strong>ita</strong></span> <span class='ocrx_word' id='word_1_340' title='bbox 749 2398 776 2444; x_wconf 88' lang='lat' dir='ltr'><strong>et</strong></span> <span class='ocrx_word' id='word_1_341' title='bbox 795 2406 866 2444; x_wconf 90' lang='lat' dir='ltr'><strong>nunc</strong></span> <span class='ocrx_word' id='word_1_342' title='bbox 883 2385 959 2444; x_wconf 85' lang='lat' dir='ltr'><strong>facit.</strong></span> <span class='ocrx_word' id='word_1_343' title='bbox 1018 2391 1154 2472; x_wconf 74' lang='grc' dir='ltr'>βασιλείας</span> <span class='ocrx_word' id='word_1_344' title='bbox 1168 2394 1301 2472; x_wconf 79' lang='grc' dir='ltr'>ἐρωτῶσι·</span> <span class='ocrx_word' id='word_1_345' title='bbox 1320 2388 1435 2463; x_wconf 79' lang='grc' dir='ltr'>διὸκαὶ,</span> <span class='ocrx_word' id='word_1_346' title='bbox 1449 2390 1484 2447; x_wconf 83' lang='grc' dir='ltr'><strong>Εἰ</strong></span> <span class='ocrx_word' id='word_1_347' title='bbox 1499 2391 1577 2469; x_wconf 82' lang='grc' dir='ltr'>ἐντῷ</span> <span class='ocrx_word' id='word_1_348' title='bbox 1591 2386 1681 2470; x_wconf 78' lang='grc' dir='ltr'>χρόνῳ</span> <span class='ocrx_word' id='word_1_349' title='bbox 1705 2387 1792 2471; x_wconf 82' lang='grc' dir='ltr'>τοότῳ</span> 
     </span>
    </p>

    <p class='ocr_par' dir='ltr' id='par_1_10' title="bbox 214 2477 1790 2562">
     <span class='ocr_line' id='line_1_23' title="bbox 214 2477 1790 2562; baseline -0.001 -23"><span class='ocrx_word' id='word_1_350' title='bbox 214 2479 260 2539; x_wconf 92' lang='lat' dir='ltr'><strong>Illi</strong></span> <span class='ocrx_word' id='word_1_351' title='bbox 276 2494 368 2540; x_wconf 90' lang='lat' dir='ltr'><strong>autem</strong></span> <span class='ocrx_word' id='word_1_352' title='bbox 386 2481 496 2539; x_wconf 88' lang='lat' dir='ltr'><strong>hicnon</strong></span> <span class='ocrx_word' id='word_1_353' title='bbox 510 2479 545 2538; x_wconf 94' lang='lat' dir='ltr'><strong>de</strong></span> <span class='ocrx_word' id='word_1_354' title='bbox 558 2479 797 2552; x_wconf 82' lang='lat' dir='ltr'><strong>consummatione,</strong></span> <span class='ocrx_word' id='word_1_355' title='bbox 814 2477 860 2538; x_wconf 83' lang='lat' dir='ltr'><strong>scd</strong></span> <span class='ocrx_word' id='word_1_356' title='bbox 874 2479 962 2538; x_wconf 86' lang='lat' dir='ltr'><strong>dere-</strong></span> <span class='ocrx_word' id='word_1_357' title='bbox 1017 2481 1235 2549; x_wconf 77' lang='grc' dir='ltr'>ἀποκαθιστάνεις</span> <span class='ocrx_word' id='word_1_358' title='bbox 1259 2480 1308 2554; x_wconf 66' lang='lat' dir='ltr'><strong>elo</strong></span> <span class='ocrx_word' id='word_1_359' title='bbox 1335 2480 1471 2560; x_wconf 77' lang='grc' dir='ltr'>βασιλείαν</span> <span class='ocrx_word' id='word_1_360' title='bbox 1484 2484 1523 2561; x_wconf 81' lang='grc' dir='ltr'>τῷ</span> <span class='ocrx_word' id='word_1_361' title='bbox 1541 2479 1666 2562; x_wconf 67' lang='grc' dir='ltr'>Ἰσραῆλς</span> <span class='ocrx_word' id='word_1_362' title='bbox 1690 2479 1790 2561; x_wconf 74' lang='grc' dir='ltr'>ἔλεγον.</span> 
     </span>
    </p>

    <p class='ocr_par' dir='ltr' id='par_1_11' title="bbox 215 2572 1792 2655">
     <span class='ocr_line' id='line_1_24' title="bbox 215 2572 1792 2655; baseline -0.002 -21"><span class='ocrx_word' id='word_1_363' title='bbox 215 2594 268 2654; x_wconf 77' lang='lat' dir='ltr'><strong>gno</strong></span> <span class='ocrx_word' id='word_1_364' title='bbox 280 2574 458 2655; x_wconf 54' lang='lat' dir='ltr'><strong>interrogatum</strong></span> <span class='ocrx_word' id='word_1_365' title='bbox 470 2573 584 2653; x_wconf 79' lang='lat' dir='ltr'><strong>ideoque</strong></span> <span class='ocrx_word' id='word_1_366' title='bbox 594 2573 719 2631; x_wconf 89' lang='lat' dir='ltr'><strong>dicebant</strong></span> <span class='ocrx_word' id='word_1_367' title='bbox 731 2597 739 2630; x_wconf 75' lang='grc' dir='ltr'><strong>ε</strong></span> <span class='ocrx_word' id='word_1_368' title='bbox 751 2572 783 2632; x_wconf 92' lang='lat' dir='ltr'><strong>Si</strong></span> <span class='ocrx_word' id='word_1_369' title='bbox 791 2576 825 2629; x_wconf 86' lang='lat' dir='ltr'><strong>in</strong></span> <span class='ocrx_word' id='word_1_370' title='bbox 836 2585 962 2652; x_wconf 88' lang='lat' dir='ltr'><strong>tempore</strong></span> <span class='ocrx_word' id='word_1_371' title='bbox 1016 2577 1052 2639; x_wconf 88' lang='grc' dir='ltr'><strong>Ὁ</strong></span> <span class='ocrx_word' id='word_1_372' title='bbox 1068 2576 1096 2636; x_wconf 79' lang='grc' dir='ltr'><strong>δὲ</strong></span> <span class='ocrx_word' id='word_1_373' title='bbox 1107 2575 1251 2636; x_wconf 76' lang='grc' dir='ltr'>οὐδὲτοῦτο</span> <span class='ocrx_word' id='word_1_374' title='bbox 1268 2576 1355 2643; x_wconf 81' lang='grc' dir='ltr'>αὐτοῖς</span> <span class='ocrx_word' id='word_1_375' title='bbox 1370 2572 1596 2655; x_wconf 54' lang='lat' dir='ltr'><strong>statunculum</strong></span> <span class='ocrx_word' id='word_1_376' title='bbox 1608 2572 1636 2634; x_wconf 78' lang='grc' dir='ltr'><strong>δὲ</strong></span> <span class='ocrx_word' id='word_1_377' title='bbox 1644 2579 1690 2632; x_wconf 80' lang='grc' dir='ltr'><strong>τοῦ</strong></span> <span class='ocrx_word' id='word_1_378' title='bbox 1701 2573 1792 2639; x_wconf 77' lang='grc' dir='ltr'>τέλους</span> 
     </span>
    </p>

    <p class='ocr_par' dir='ltr' id='par_1_12' title="bbox 214 2664 1793 2748">
     <span class='ocr_line' id='line_1_25' title="bbox 214 2664 1793 2748; baseline 0.002 -25"><span class='ocrx_word' id='word_1_379' title='bbox 214 2665 270 2725; x_wconf 79' lang='lat' dir='ltr'><strong>boc</strong></span> <span class='ocrx_word' id='word_1_380' title='bbox 291 2670 425 2726; x_wconf 79' lang='lat' dir='ltr'><strong>restitues</strong></span> <span class='ocrx_word' id='word_1_381' title='bbox 445 2686 567 2746; x_wconf 82' lang='lat' dir='ltr'><strong>regnum</strong></span> <span class='ocrx_word' id='word_1_382' title='bbox 589 2664 704 2723; x_wconf 82' lang='lat' dir='ltr'><strong>lsrael?</strong></span> <span class='ocrx_word' id='word_1_383' title='bbox 717 2664 767 2722; x_wconf 90' lang='lat' dir='ltr'><strong>llle</strong></span> <span class='ocrx_word' id='word_1_384' title='bbox 789 2683 852 2722; x_wconf 85' lang='lat' dir='ltr'><strong>vcro</strong></span> <span class='ocrx_word' id='word_1_385' title='bbox 877 2684 962 2743; x_wconf 84' lang='lat' dir='ltr'><strong>neque</strong></span> <span class='ocrx_word' id='word_1_386' title='bbox 1016 2670 1063 2731; x_wconf 75' lang='grc' dir='ltr'>χαλ</span> <span class='ocrx_word' id='word_1_387' title='bbox 1083 2670 1135 2748; x_wconf 73' lang='grc' dir='ltr'><strong>πρὸ</strong></span> <span class='ocrx_word' id='word_1_388' title='bbox 1150 2666 1249 2728; x_wconf 87' lang='grc' dir='ltr'>τοότου</span> <span class='ocrx_word' id='word_1_389' title='bbox 1260 2675 1337 2728; x_wconf 82' lang='grc' dir='ltr'>τοῦτο</span> <span class='ocrx_word' id='word_1_390' title='bbox 1356 2666 1481 2748; x_wconf 81' lang='grc' dir='ltr'>ἠρώτων·</span> <span class='ocrx_word' id='word_1_391' title='bbox 1493 2665 1552 2726; x_wconf 86' lang='grc' dir='ltr'>ἀλλ’</span> <span class='ocrx_word' id='word_1_392' title='bbox 1566 2669 1616 2746; x_wconf 80' lang='grc' dir='ltr'>οὐχ</span> <span class='ocrx_word' id='word_1_393' title='bbox 1630 2664 1724 2748; x_wconf 80' lang='grc' dir='ltr'>ὥσπερ</span> <span class='ocrx_word' id='word_1_394' title='bbox 1737 2669 1793 2726; x_wconf 79' lang='grc' dir='ltr'>ἐκεῖ</span> 
     </span>
    </p>

    <p class='ocr_par' dir='ltr' id='par_1_13' title="bbox 210 2754 1791 2842">
     <span class='ocr_line' id='line_1_26' title="bbox 210 2754 1791 2842; baseline 0 -25"><span class='ocrx_word' id='word_1_395' title='bbox 210 2756 246 2819; x_wconf 85' lang='lat' dir='ltr'><strong>id</strong></span> <span class='ocrx_word' id='word_1_396' title='bbox 258 2758 296 2819; x_wconf 88' lang='lat' dir='ltr'><strong>cis</strong></span> <span class='ocrx_word' id='word_1_397' title='bbox 312 2759 455 2820; x_wconf 88' lang='lat' dir='ltr'><strong>revelavit.</strong></span> <span class='ocrx_word' id='word_1_398' title='bbox 468 2759 510 2817; x_wconf 88' lang='lat' dir='ltr'><strong>De</strong></span> <span class='ocrx_word' id='word_1_399' title='bbox 531 2757 585 2816; x_wconf 88' lang='lat' dir='ltr'><strong>fine</strong></span> <span class='ocrx_word' id='word_1_400' title='bbox 604 2770 693 2815; x_wconf 88' lang='lat' dir='ltr'><strong>autem</strong></span> <span class='ocrx_word' id='word_1_401' title='bbox 713 2755 827 2815; x_wconf 86' lang='lat' dir='ltr'><strong>antehac</strong></span> <span class='ocrx_word' id='word_1_402' title='bbox 849 2754 961 2815; x_wconf 87' lang='lat' dir='ltr'><strong>interro·</strong></span> <span class='ocrx_word' id='word_1_403' title='bbox 1018 2761 1177 2842; x_wconf 80' lang='grc' dir='ltr'>ἀπεκρίνατο</span> <span class='ocrx_word' id='word_1_404' title='bbox 1191 2759 1373 2840; x_wconf 70' lang='grc' dir='ltr'>σφοδρότερον,</span> <span class='ocrx_word' id='word_1_405' title='bbox 1385 2757 1495 2837; x_wconf 78' lang='grc' dir='ltr'>ἀπάγων</span> <span class='ocrx_word' id='word_1_406' title='bbox 1508 2756 1655 2824; x_wconf 80' lang='grc' dir='ltr'>αθτοθςτοῦ</span> <span class='ocrx_word' id='word_1_407' title='bbox 1673 2759 1791 2836; x_wconf 67' lang='grc' dir='ltr'>νομίζειν</span> 
     </span>
    </p>

    <p class='ocr_par' dir='ltr' id='par_1_14' title="bbox 214 2843 1793 2934">
     <span class='ocr_line' id='line_1_27' title="bbox 214 2843 1793 2934; baseline 0 -24"><span class='ocrx_word' id='word_1_408' title='bbox 214 2851 331 2931; x_wconf 78' lang='lat' dir='ltr'><strong>gabant3</strong></span> <span class='ocrx_word' id='word_1_409' title='bbox 342 2850 391 2910; x_wconf 90' lang='lat' dir='ltr'><strong>sed</strong></span> <span class='ocrx_word' id='word_1_410' title='bbox 401 2871 454 2910; x_wconf 94' lang='lat' dir='ltr'><strong>non</strong></span> <span class='ocrx_word' id='word_1_411' title='bbox 469 2847 699 2929; x_wconf 85' lang='lat' dir='ltr'><strong>quemadmodum</strong></span> <span class='ocrx_word' id='word_1_412' title='bbox 713 2846 770 2907; x_wconf 90' lang='lat' dir='ltr'><strong>illic</strong></span> <span class='ocrx_word' id='word_1_413' title='bbox 786 2847 907 2907; x_wconf 88' lang='lat' dir='ltr'><strong>severius</strong></span> <span class='ocrx_word' id='word_1_414' title='bbox 920 2868 961 2907; x_wconf 89' lang='lat' dir='ltr'><strong>re·</strong></span> <span class='ocrx_word' id='word_1_415' title='bbox 979 2885 999 2934; x_wconf 59' lang='grc' dir='ltr'>ρ</span> <span class='ocrx_word' id='word_1_416' title='bbox 1017 2855 1066 2929; x_wconf 65' lang='lat' dir='ltr'><strong>clv</strong></span> <span class='ocrx_word' id='word_1_417' title='bbox 1078 2853 1236 2932; x_wconf 76' lang='grc' dir='ltr'>ἀπαλλαγὴν</span> <span class='ocrx_word' id='word_1_418' title='bbox 1250 2843 1316 2913; x_wconf 76' lang='grc' dir='ltr'>εἶναι</span> <span class='ocrx_word' id='word_1_419' title='bbox 1334 2851 1457 2925; x_wconf 80' lang='grc' dir='ltr'>πλησίον,</span> <span class='ocrx_word' id='word_1_420' title='bbox 1468 2851 1513 2910; x_wconf 84' lang='grc' dir='ltr'><strong>καλ</strong></span> <span class='ocrx_word' id='word_1_421' title='bbox 1524 2848 1536 2884; x_wconf 82' lang='lat'><strong>‘¹</strong></span> <span class='ocrx_word' id='word_1_422' title='bbox 1546 2849 1668 2910; x_wconf 77' lang='grc' dir='ltr'>ἕνέόαλεν</span> <span class='ocrx_word' id='word_1_423' title='bbox 1686 2854 1723 2921; x_wconf 81' lang='grc' dir='ltr'><strong>εἰς</strong></span> <span class='ocrx_word' id='word_1_424' title='bbox 1733 2849 1793 2918; x_wconf 75' lang='grc' dir='ltr'>τοὺς</span> 
     </span>
    </p>

    <p class='ocr_par' dir='ltr' id='par_1_15' title="bbox 214 2938 1792 3025">
     <span class='ocr_line' id='line_1_28' title="bbox 214 2938 1792 3025; baseline -0.003 -22"><span class='ocrx_word' id='word_1_425' title='bbox 214 2943 335 3025; x_wconf 86' lang='lat' dir='ltr'><strong>spondit,</strong></span> <span class='ocrx_word' id='word_1_426' title='bbox 350 2943 487 3001; x_wconf 86' lang='lat' dir='ltr'><strong>abducens</strong></span> <span class='ocrx_word' id='word_1_427' title='bbox 500 2941 573 3014; x_wconf 92' lang='lat' dir='ltr'><strong>illos,</strong></span> <span class='ocrx_word' id='word_1_428' title='bbox 587 2961 621 2999; x_wconf 89' lang='lat' dir='ltr'><strong>nc</strong></span> <span class='ocrx_word' id='word_1_429' title='bbox 633 2952 759 3020; x_wconf 87' lang='lat' dir='ltr'><strong>putarent</strong></span> <span class='ocrx_word' id='word_1_430' title='bbox 774 2938 963 2999; x_wconf 86' lang='lat' dir='ltr'><strong>liberationem</strong></span> <span class='ocrx_word' id='word_1_431' title='bbox 1018 2945 1164 3014; x_wconf 72' lang='grc' dir='ltr'>κινδύνους·</span> <span class='ocrx_word' id='word_1_432' title='bbox 1180 2943 1249 3004; x_wconf 78' lang='grc' dir='ltr'>οὕτω</span> <span class='ocrx_word' id='word_1_433' title='bbox 1261 2944 1308 3006; x_wconf 71' lang='grc' dir='ltr'><strong>καὶ</strong></span> <span class='ocrx_word' id='word_1_434' title='bbox 1323 2947 1450 3017; x_wconf 77' lang='grc' dir='ltr'>ἐνταῦθα,</span> <span class='ocrx_word' id='word_1_435' title='bbox 1465 2944 1523 3002; x_wconf 83' lang='grc' dir='ltr'>ἀλλ’</span> <span class='ocrx_word' id='word_1_436' title='bbox 1538 2940 1718 3022; x_wconf 81' lang='grc' dir='ltr'>ἡμερώτερον.</span> <span class='ocrx_word' id='word_1_437' title='bbox 1732 2940 1792 3001; x_wconf 87' lang='grc' dir='ltr'><strong>Ἵνα</strong></span> 
     </span>
    </p>

    <p class='ocr_par' dir='ltr' id='par_1_16' title="bbox 215 3023 1792 3120">
     <span class='ocr_line' id='line_1_29' title="bbox 215 3023 1792 3120; baseline -0.003 -25"><span class='ocrx_word' id='word_1_438' title='bbox 215 3056 272 3095; x_wconf 89' lang='lat' dir='ltr'><strong>esse</strong></span> <span class='ocrx_word' id='word_1_439' title='bbox 287 3034 419 3111; x_wconf 81' lang='lat' dir='ltr'><strong>vicinam,</strong></span> <span class='ocrx_word' id='word_1_440' title='bbox 435 3044 461 3091; x_wconf 91' lang='lat' dir='ltr'><strong>et</strong></span> <span class='ocrx_word' id='word_1_441' title='bbox 475 3030 587 3112; x_wconf 88' lang='lat' dir='ltr'><strong>conjecit</strong></span> <span class='ocrx_word' id='word_1_442' title='bbox 601 3030 662 3089; x_wconf 93' lang='lat' dir='ltr'><strong>illos</strong></span> <span class='ocrx_word' id='word_1_443' title='bbox 682 3031 709 3088; x_wconf 92' lang='lat' dir='ltr'><strong>in</strong></span> <span class='ocrx_word' id='word_1_444' title='bbox 729 3029 850 3111; x_wconf 89' lang='lat' dir='ltr'><strong>pericula</strong></span> <span class='ocrx_word' id='word_1_445' title='bbox 862 3053 868 3086; x_wconf 76' lang='grc' dir='ltr'>ι</span> <span class='ocrx_word' id='word_1_446' title='bbox 880 3029 962 3089; x_wconf 80' lang='lat' dir='ltr'><strong>itaet</strong></span> <span class='ocrx_word' id='word_1_447' title='bbox 1017 3039 1068 3120; x_wconf 65' lang='lat' dir='ltr'><strong>tle</strong></span> <span class='ocrx_word' id='word_1_448' title='bbox 1083 3037 1120 3118; x_wconf 77' lang='grc' dir='ltr'>μὴ</span> <span class='ocrx_word' id='word_1_449' title='bbox 1130 3039 1240 3097; x_wconf 80' lang='grc' dir='ltr'>δοκῶσιν</span> <span class='ocrx_word' id='word_1_450' title='bbox 1252 3033 1450 3116; x_wconf 76' lang='grc' dir='ltr'>ὑόρίσθαιμηθὲ</span> <span class='ocrx_word' id='word_1_451' title='bbox 1461 3032 1606 3115; x_wconf 80' lang='grc' dir='ltr'>προρόσεις</span> <span class='ocrx_word' id='word_1_452' title='bbox 1620 3023 1688 3092; x_wconf 75' lang='grc' dir='ltr'>εἶναι</span> <span class='ocrx_word' id='word_1_453' title='bbox 1696 3039 1792 3107; x_wconf 83' lang='grc' dir='ltr'>ταῦτα,</span> 
     </span>
    </p>

    <p class='ocr_par' dir='ltr' id='par_1_17' title="bbox 214 3120 1793 3304">
     <span class='ocr_line' id='line_1_30' title="bbox 214 3120 1793 3207; baseline 0 -21"><span class='ocrx_word' id='word_1_454' title='bbox 214 3126 261 3187; x_wconf 89' lang='lat' dir='ltr'><strong>bic</strong></span> <span class='ocrx_word' id='word_1_455' title='bbox 277 3126 352 3201; x_wconf 77' lang='lat' dir='ltr'><strong>facit,</strong></span> <span class='ocrx_word' id='word_1_456' title='bbox 366 3124 415 3184; x_wconf 92' lang='lat' dir='ltr'><strong>sed</strong></span> <span class='ocrx_word' id='word_1_457' title='bbox 428 3122 605 3182; x_wconf 86' lang='lat' dir='ltr'><strong>mansuetius.</strong></span> <span class='ocrx_word' id='word_1_458' title='bbox 620 3123 664 3206; x_wconf 69' lang='lat' dir='ltr'><strong>⁴Ne</strong></span> <span class='ocrx_word' id='word_1_459' title='bbox 679 3134 806 3204; x_wconf 88' lang='lat' dir='ltr'><strong>putarent</strong></span> <span class='ocrx_word' id='word_1_460' title='bbox 821 3120 893 3180; x_wconf 91' lang='lat' dir='ltr'><strong>enim</strong></span> <span class='ocrx_word' id='word_1_461' title='bbox 910 3121 962 3180; x_wconf 91' lang='lat' dir='ltr'><strong>sibi</strong></span> <span class='ocrx_word' id='word_1_462' title='bbox 1018 3130 1129 3190; x_wconf 72' lang='grc' dir='ltr'>ἅχυυυυν</span> <span class='ocrx_word' id='word_1_463' title='bbox 1147 3130 1192 3189; x_wconf 70' lang='grc' dir='ltr'><strong>χαὶ</strong></span> <span class='ocrx_word' id='word_1_464' title='bbox 1204 3134 1261 3195; x_wconf 71' lang='grc' dir='ltr'>πῶς</span> <span class='ocrx_word' id='word_1_465' title='bbox 1282 3128 1376 3196; x_wconf 77' lang='grc' dir='ltr'>εὐθέως</span> <span class='ocrx_word' id='word_1_466' title='bbox 1393 3132 1478 3194; x_wconf 81' lang='grc' dir='ltr'>αὐτοῖς</span> <span class='ocrx_word' id='word_1_467' title='bbox 1492 3127 1585 3187; x_wconf 86' lang='grc' dir='ltr'>δώσειν</span> <span class='ocrx_word' id='word_1_468' title='bbox 1599 3127 1793 3207; x_wconf 79' lang='grc' dir='ltr'>ἐπαγγέλλεται</span> 
     </span>
     <span class='ocr_line' id='line_1_31' title="bbox 217 3211 1791 3304; baseline -0.008 -26"><span class='ocrx_word' id='word_1_469' title='bbox 217 3218 408 3278; x_wconf 89' lang='lat' dir='ltr'><strong>contumeliam</strong></span> <span class='ocrx_word' id='word_1_470' title='bbox 423 3215 529 3294; x_wconf 80' lang='lat' dir='ltr'><strong>inferri,</strong></span> <span class='ocrx_word' id='word_1_471' title='bbox 540 3235 607 3275; x_wconf 90' lang='lat' dir='ltr'><strong>neve</strong></span> <span class='ocrx_word' id='word_1_472' title='bbox 619 3213 755 3274; x_wconf 84' lang='lat' dir='ltr'><strong>crederent</strong></span> <span class='ocrx_word' id='word_1_473' title='bbox 767 3212 826 3272; x_wconf 79' lang='lat' dir='ltr'><strong>bac</strong></span> <span class='ocrx_word' id='word_1_474' title='bbox 840 3211 964 3273; x_wconf 90' lang='lat' dir='ltr'><strong>obtentus</strong></span> <span class='ocrx_word' id='word_1_475' title='bbox 1018 3226 1058 3304; x_wconf 71' lang='grc' dir='ltr'><strong>ἐρ’</strong></span> <span class='ocrx_word' id='word_1_476' title='bbox 1073 3213 1095 3304; x_wconf 80' lang='grc' dir='ltr'><em>ᾧ</em></span> <span class='ocrx_word' id='word_1_477' title='bbox 1108 3221 1256 3302; x_wconf 75' lang='grc' dir='ltr'>ἐχάρησαν.</span> <span class='ocrx_word' id='word_1_478' title='bbox 1274 3220 1410 3301; x_wconf 82' lang='grc' dir='ltr'>Ἐπήγαγε</span> <span class='ocrx_word' id='word_1_479' title='bbox 1423 3226 1501 3302; x_wconf 75' lang='grc' dir='ltr'>γοῦν·</span> <span class='ocrx_word' id='word_1_480' title='bbox 1515 3219 1595 3280; x_wconf 73' lang='grc' dir='ltr'>Ἀλλὰ</span> <span class='ocrx_word' id='word_1_481' title='bbox 1611 3219 1728 3301; x_wconf 71' lang='grc' dir='ltr'>λη’ψεσοε</span> <span class='ocrx_word' id='word_1_482' title='bbox 1743 3221 1791 3280; x_wconf 72' lang='lat' dir='ltr'><strong>dd-</strong></span> 
     </span>
    </p>

    <p class='ocr_par' dir='ltr' id='par_1_18' title="bbox 219 3305 1793 3394">
     <span class='ocr_line' id='line_1_32' title="bbox 219 3305 1793 3394; baseline -0.006 -14"><span class='ocrx_word' id='word_1_483' title='bbox 219 3331 284 3385; x_wconf 67' lang='grc' dir='ltr'>θθὸθν</span> <span class='ocrx_word' id='word_1_484' title='bbox 297 3309 363 3370; x_wconf 69' lang='lat' dir='ltr'><strong>andi</strong></span> <span class='ocrx_word' id='word_1_485' title='bbox 375 3307 510 3389; x_wconf 84' lang='lat' dir='ltr'><strong>quomodo</strong></span> <span class='ocrx_word' id='word_1_486' title='bbox 523 3307 615 3367; x_wconf 57' lang='lat' dir='ltr'><strong>Statim</strong></span> <span class='ocrx_word' id='word_1_487' title='bbox 625 3305 682 3366; x_wconf 69' lang='lat' dir='ltr'><strong>illis</strong></span> <span class='ocrx_word' id='word_1_488' title='bbox 697 3305 855 3387; x_wconf 66' lang='lat' dir='ltr'><strong>POlllCffllllr</strong></span> <span class='ocrx_word' id='word_1_489' title='bbox 869 3326 897 3365; x_wconf 72' lang='lat'><strong>⁸0</strong></span> <span class='ocrx_word' id='word_1_490' title='bbox 907 3305 962 3365; x_wconf 61' lang='lat' dir='ltr'><strong>fill·</strong></span> <span class='ocrx_word' id='word_1_491' title='bbox 1017 3339 1097 3394; x_wconf 89' lang='grc' dir='ltr'>ναμιν</span> <span class='ocrx_word' id='word_1_492' title='bbox 1109 3313 1261 3381; x_wconf 82' lang='grc' dir='ltr'>ἐπελθόντος</span> <span class='ocrx_word' id='word_1_493' title='bbox 1274 3318 1320 3372; x_wconf 80' lang='grc' dir='ltr'><strong>τοῦ</strong></span> <span class='ocrx_word' id='word_1_494' title='bbox 1334 3311 1578 3392; x_wconf 79' lang='grc' dir='ltr'>ἀγίουΠνεόματος</span> <span class='ocrx_word' id='word_1_495' title='bbox 1595 3315 1635 3392; x_wconf 77' lang='grc' dir='ltr'><strong>ἐφ’</strong></span> <span class='ocrx_word' id='word_1_496' title='bbox 1649 3316 1733 3391; x_wconf 72' lang='grc' dir='ltr'>ὑμᾶς,</span> <span class='ocrx_word' id='word_1_497' title='bbox 1745 3312 1793 3373; x_wconf 77' lang='grc' dir='ltr'>καὶ</span> 
     </span>
    </p>

    <p class='ocr_par' dir='ltr' id='par_1_19' title="bbox 215 3398 1793 3488">
     <span class='ocr_line' id='line_1_33' title="bbox 215 3398 1793 3488; baseline 0.001 -26"><span class='ocrx_word' id='word_1_498' title='bbox 215 3403 283 3484; x_wconf 87' lang='lat' dir='ltr'><strong>quid</strong></span> <span class='ocrx_word' id='word_1_499' title='bbox 296 3403 436 3478; x_wconf 86' lang='lat' dir='ltr'><strong>daturum,</strong></span> <span class='ocrx_word' id='word_1_500' title='bbox 449 3402 484 3461; x_wconf 91' lang='lat' dir='ltr'><strong>de</strong></span> <span class='ocrx_word' id='word_1_501' title='bbox 506 3422 559 3479; x_wconf 89' lang='lat' dir='ltr'><strong>quo</strong></span> <span class='ocrx_word' id='word_1_502' title='bbox 577 3398 735 3480; x_wconf 79' lang='lat' dir='ltr'><strong>gauderent.</strong></span> <span class='ocrx_word' id='word_1_503' title='bbox 764 3398 887 3480; x_wconf 86' lang='lat' dir='ltr'><strong>Subjecit</strong></span> <span class='ocrx_word' id='word_1_504' title='bbox 905 3399 962 3479; x_wconf 82' lang='lat' dir='ltr'><strong>igi·</strong></span> <span class='ocrx_word' id='word_1_505' title='bbox 1017 3406 1108 3467; x_wconf 67' lang='grc' dir='ltr'>ἔσεσθέ</span> <span class='ocrx_word' id='word_1_506' title='bbox 1122 3431 1167 3485; x_wconf 75' lang='grc' dir='ltr'><strong>μοι</strong></span> <span class='ocrx_word' id='word_1_507' title='bbox 1178 3406 1309 3488; x_wconf 75' lang='grc' dir='ltr'>μάρτυρες</span> <span class='ocrx_word' id='word_1_508' title='bbox 1325 3403 1351 3462; x_wconf 79' lang='grc' dir='ltr'>ἔν</span> <span class='ocrx_word' id='word_1_509' title='bbox 1372 3427 1401 3463; x_wconf 90' lang='grc' dir='ltr'><strong>τε</strong></span> <span class='ocrx_word' id='word_1_510' title='bbox 1415 3403 1607 3485; x_wconf 81' lang='grc' dir='ltr'>Ἰερουσαλὴμ,</span> <span class='ocrx_word' id='word_1_511' title='bbox 1621 3404 1705 3464; x_wconf 79' lang='grc' dir='ltr'>καὶέν</span> <span class='ocrx_word' id='word_1_512' title='bbox 1717 3404 1793 3485; x_wconf 69' lang='grc' dir='ltr'>πόσῃ</span> 
     </span>
    </p>

    <p class='ocr_par' dir='ltr' id='par_1_20' title="bbox 216 3494 1837 3582">
     <span class='ocr_line' id='line_1_34' title="bbox 216 3494 1837 3582; baseline -0.006 -28"><span class='ocrx_word' id='word_1_513' title='bbox 216 3507 263 3554; x_wconf 91' lang='lat' dir='ltr'><strong>tur</strong></span> <span class='ocrx_word' id='word_1_514' title='bbox 278 3519 285 3553; x_wconf 81' lang='grc' dir='ltr'>ι</span> <span class='ocrx_word' id='word_1_515' title='bbox 302 3494 332 3556; x_wconf 85' lang='grc'><strong>8.</strong></span> <span class='ocrx_word' id='word_1_516' title='bbox 347 3495 405 3555; x_wconf 84' lang='lat' dir='ltr'><strong>Sed</strong></span> <span class='ocrx_word' id='word_1_517' title='bbox 415 3497 563 3573; x_wconf 78' lang='lat' dir='ltr'><strong>accipietis</strong></span> <span class='ocrx_word' id='word_1_518' title='bbox 579 3496 719 3551; x_wconf 80' lang='lat' dir='ltr'><strong>virtutem</strong></span> <span class='ocrx_word' id='word_1_519' title='bbox 735 3494 963 3571; x_wconf 84' lang='lat' dir='ltr'><strong>supervenientis</strong></span> <span class='ocrx_word' id='word_1_520' title='bbox 1018 3495 1662 3582; x_wconf 57' lang='grc' dir='ltr'>ςῆ’1ουδιιίρ,καλΣαμαρεόρμαλὲωςέσράτου</span> <span class='ocrx_word' id='word_1_521' title='bbox 1673 3500 1721 3568; x_wconf 74' lang='grc' dir='ltr'>τῆς</span> <span class='ocrx_word' id='word_1_522' title='bbox 1734 3500 1793 3578; x_wconf 62' lang='grc' dir='ltr'>γῆς,</span> <span class='ocrx_word' id='word_1_523' title='bbox 1833 3538 1837 3545; x_wconf 85' lang='grc'><strong>.</strong></span> 
     </span>
    </p>

    <p class='ocr_par' dir='ltr' id='par_1_21' title="bbox 215 3565 1794 3765">
     <span class='ocr_line' id='line_1_35' title="bbox 217 3565 1794 3671; baseline 0.003 -27"><span class='ocrx_word' id='word_1_524' title='bbox 217 3590 250 3645; x_wconf 85' lang='lat' dir='ltr'><strong>in</strong></span> <span class='ocrx_word' id='word_1_525' title='bbox 263 3607 318 3646; x_wconf 83' lang='lat' dir='ltr'><strong>vos</strong></span> <span class='ocrx_word' id='word_1_526' title='bbox 330 3587 456 3668; x_wconf 83' lang='lat' dir='ltr'><strong>Spiritus</strong></span> <span class='ocrx_word' id='word_1_527' title='bbox 475 3589 582 3658; x_wconf 83' lang='lat' dir='ltr'><strong>sancti,</strong></span> <span class='ocrx_word' id='word_1_528' title='bbox 600 3587 723 3644; x_wconf 84' lang='lat' dir='ltr'><strong>eteritis</strong></span> <span class='ocrx_word' id='word_1_529' title='bbox 737 3586 810 3643; x_wconf 78' lang='lat' dir='ltr'><strong>miti</strong></span> <span class='ocrx_word' id='word_1_530' title='bbox 826 3596 911 3643; x_wconf 84' lang='lat' dir='ltr'><strong>testes</strong></span> <span class='ocrx_word' id='word_1_531' title='bbox 931 3586 963 3641; x_wconf 87' lang='lat' dir='ltr'><strong>in</strong></span> <span class='ocrx_word' id='word_1_532' title='bbox 977 3565 1001 3667; x_wconf 51' lang='grc' dir='ltr'><strong><em>ἲ</em></strong></span> <span class='ocrx_word' id='word_1_533' title='bbox 1018 3565 1103 3666; x_wconf 55' lang='grc' dir='ltr'>Εἶτα,</span> <span class='ocrx_word' id='word_1_534' title='bbox 1128 3590 1171 3650; x_wconf 74' lang='grc' dir='ltr'>ἵνα</span> <span class='ocrx_word' id='word_1_535' title='bbox 1193 3589 1231 3670; x_wconf 69' lang='grc' dir='ltr'>μὴ</span> <span class='ocrx_word' id='word_1_536' title='bbox 1254 3590 1334 3650; x_wconf 80' lang='grc' dir='ltr'>πάλιν</span> <span class='ocrx_word' id='word_1_537' title='bbox 1357 3587 1434 3648; x_wconf 77' lang='grc' dir='ltr'>αὐτόν</span> <span class='ocrx_word' id='word_1_538' title='bbox 1452 3591 1599 3671; x_wconf 79' lang='grc' dir='ltr'>ἐρωτῶσιν,</span> <span class='ocrx_word' id='word_1_539' title='bbox 1615 3588 1709 3656; x_wconf 78' lang='grc' dir='ltr'>εὐθέως</span> <span class='ocrx_word' id='word_1_540' title='bbox 1731 3593 1794 3649; x_wconf 83' lang='grc' dir='ltr'>ἀνε-</span> 
     </span>
     <span class='ocr_line' id='line_1_36' title="bbox 215 3672 1794 3765; baseline -0.001 -22"><span class='ocrx_word' id='word_1_541' title='bbox 215 3680 393 3750; x_wconf 63' lang='grc' dir='ltr'><strong>Ιθΐῐιδαῖθῒη,</strong></span> <span class='ocrx_word' id='word_1_542' title='bbox 405 3692 432 3737; x_wconf 74' lang='lat' dir='ltr'><strong>el</strong></span> <span class='ocrx_word' id='word_1_543' title='bbox 451 3683 484 3736; x_wconf 72' lang='lat' dir='ltr'><strong>in</strong></span> <span class='ocrx_word' id='word_1_544' title='bbox 501 3681 582 3736; x_wconf 67' lang='lat' dir='ltr'><strong>omni</strong></span> <span class='ocrx_word' id='word_1_545' title='bbox 592 3678 616 3738; x_wconf 84' lang='lat' dir='ltr'><em>J</em></span> <span class='ocrx_word' id='word_1_546' title='bbox 615 3674 710 3750; x_wconf 63' lang='lat' dir='ltr'><strong>adea,</strong></span> <span class='ocrx_word' id='word_1_547' title='bbox 724 3689 753 3736; x_wconf 67' lang='lat' dir='ltr'><strong>ei</strong></span> <span class='ocrx_word' id='word_1_548' title='bbox 769 3677 917 3748; x_wconf 64' lang='lat' dir='ltr'><strong>Samaria,</strong></span> <span class='ocrx_word' id='word_1_549' title='bbox 935 3689 964 3736; x_wconf 65' lang='lat'><strong>02</strong></span> <span class='ocrx_word' id='word_1_550' title='bbox 1017 3672 1326 3765; x_wconf 73' lang='grc' dir='ltr'>λήρθη.”1(αθάπεροῧν</span> <span class='ocrx_word' id='word_1_551' title='bbox 1341 3683 1396 3740; x_wconf 79' lang='grc' dir='ltr'>ἐκεῖ</span> <span class='ocrx_word' id='word_1_552' title='bbox 1403 3685 1441 3762; x_wconf 79' lang='grc' dir='ltr'>τῷ</span> <span class='ocrx_word' id='word_1_553' title='bbox 1452 3679 1525 3764; x_wconf 78' lang='grc' dir='ltr'>ρόόῳ</span> <span class='ocrx_word' id='word_1_554' title='bbox 1537 3679 1630 3748; x_wconf 75' lang='grc' dir='ltr'>αὐτοὺς</span> <span class='ocrx_word' id='word_1_555' title='bbox 1641 3680 1794 3757; x_wconf 80' lang='grc' dir='ltr'>ἔσκότωσε,</span> 
     </span>
    </p>

    <p class='ocr_par' dir='ltr' id='par_1_22' title="bbox 215 3763 1794 3952">
     <span class='ocr_line' id='line_1_37' title="bbox 217 3763 1794 3857; baseline -0.001 -22"><span class='ocrx_word' id='word_1_556' title='bbox 217 3792 308 3853; x_wconf 72' lang='lat' dir='ltr'><strong>usque</strong></span> <span class='ocrx_word' id='word_1_557' title='bbox 317 3773 359 3830; x_wconf 77' lang='lat' dir='ltr'><strong>ad</strong></span> <span class='ocrx_word' id='word_1_558' title='bbox 368 3772 504 3831; x_wconf 76' lang='lat' dir='ltr'><strong>ultimum</strong></span> <span class='ocrx_word' id='word_1_559' title='bbox 513 3783 605 3829; x_wconf 57' lang='grc' dir='ltr'><strong>ΠΜ·</strong></span> <span class='ocrx_word' id='word_1_560' title='bbox 614 3769 720 3829; x_wconf 62' lang='lat' dir='ltr'><strong>Deinde</strong></span> <span class='ocrx_word' id='word_1_561' title='bbox 730 3791 763 3828; x_wconf 71' lang='lat' dir='ltr'><strong>ne</strong></span> <span class='ocrx_word' id='word_1_562' title='bbox 770 3792 863 3829; x_wconf 76' lang='lat' dir='ltr'><strong>rursus</strong></span> <span class='ocrx_word' id='word_1_563' title='bbox 873 3769 962 3851; x_wconf 74' lang='lat' dir='ltr'><strong>ipsum</strong></span> <span class='ocrx_word' id='word_1_564' title='bbox 1018 3778 1115 3857; x_wconf 79' lang='grc' dir='ltr'>καὶτῷ</span> <span class='ocrx_word' id='word_1_565' title='bbox 1131 3777 1223 3850; x_wconf 81' lang='grc' dir='ltr'>εἰπεῖν,</span> <span class='ocrx_word' id='word_1_566' title='bbox 1233 3778 1280 3834; x_wconf 79' lang='grc' dir='ltr'>οὐκ</span> <span class='ocrx_word' id='word_1_567' title='bbox 1295 3763 1370 3834; x_wconf 72' lang='grc' dir='ltr'>οἶδα·</span> <span class='ocrx_word' id='word_1_568' title='bbox 1385 3772 1454 3832; x_wconf 73' lang='grc' dir='ltr'>οὕτω</span> <span class='ocrx_word' id='word_1_569' title='bbox 1472 3772 1518 3831; x_wconf 83' lang='grc' dir='ltr'><strong>καλ</strong></span> <span class='ocrx_word' id='word_1_570' title='bbox 1533 3775 1659 3848; x_wconf 80' lang='grc' dir='ltr'>ἐνταῦθα,</span> <span class='ocrx_word' id='word_1_571' title='bbox 1673 3774 1704 3833; x_wconf 82' lang='grc' dir='ltr'>τὸ</span> <span class='ocrx_word' id='word_1_572' title='bbox 1717 3773 1794 3834; x_wconf 82' lang='grc' dir='ltr'>Ἀνε-</span> 
     </span>
     <span class='ocr_line' id='line_1_38' title="bbox 215 3857 1793 3952; baseline 0.001 -27"><span class='ocrx_word' id='word_1_573' title='bbox 215 3865 429 3946; x_wconf 79' lang='lat' dir='ltr'><strong>interrogarent,</strong></span> <span class='ocrx_word' id='word_1_574' title='bbox 447 3864 539 3924; x_wconf 86' lang='lat' dir='ltr'><strong>statim</strong></span> <span class='ocrx_word' id='word_1_575' title='bbox 557 3876 692 3923; x_wconf 87' lang='lat' dir='ltr'><strong>assumtus</strong></span> <span class='ocrx_word' id='word_1_576' title='bbox 712 3877 763 3923; x_wconf 90' lang='lat' dir='ltr'><strong>cst.</strong></span> <span class='ocrx_word' id='word_1_577' title='bbox 779 3862 961 3935; x_wconf 88' lang='lat' dir='ltr'><strong>Quemadmo·</strong></span> <span class='ocrx_word' id='word_1_578' title='bbox 1017 3870 1105 3952; x_wconf 75' lang='grc' dir='ltr'>λήρθη</span> <span class='ocrx_word' id='word_1_579' title='bbox 1120 3867 1211 3928; x_wconf 85' lang='grc' dir='ltr'>εἰπών.</span> <span class='ocrx_word' id='word_1_580' title='bbox 1225 3867 1279 3928; x_wconf 75' lang='grc' dir='ltr'>Καὶ</span> <span class='ocrx_word' id='word_1_581' title='bbox 1291 3867 1343 3946; x_wconf 70' lang='grc' dir='ltr'><strong>γὰρ</strong></span> <span class='ocrx_word' id='word_1_582' title='bbox 1357 3864 1458 3938; x_wconf 83' lang='grc' dir='ltr'>πολλὴν</span> <span class='ocrx_word' id='word_1_583' title='bbox 1475 3870 1521 3923; x_wconf 78' lang='grc' dir='ltr'><strong>τοῦ</strong></span> <span class='ocrx_word' id='word_1_584' title='bbox 1541 3866 1698 3947; x_wconf 72' lang='grc' dir='ltr'>πράγματος</span> <span class='ocrx_word' id='word_1_585' title='bbox 1719 3857 1793 3947; x_wconf 79' lang='grc' dir='ltr'>εἶχον</span> 
     </span>
    </p>

    <p class='ocr_par' dir='ltr' id='par_1_23' title="bbox 216 3953 1793 4040">
     <span class='ocr_line' id='line_1_39' title="bbox 216 3953 1793 4040; baseline 0.001 -24"><span class='ocrx_word' id='word_1_586' title='bbox 216 3954 284 4017; x_wconf 91' lang='lat' dir='ltr'><strong>dum</strong></span> <span class='ocrx_word' id='word_1_587' title='bbox 299 3957 384 4038; x_wconf 83' lang='lat' dir='ltr'><strong>igitur</strong></span> <span class='ocrx_word' id='word_1_588' title='bbox 393 3957 451 4016; x_wconf 93' lang='lat' dir='ltr'><strong>illic</strong></span> <span class='ocrx_word' id='word_1_589' title='bbox 465 3968 537 4015; x_wconf 83' lang='lat' dir='ltr'><strong>metu</strong></span> <span class='ocrx_word' id='word_1_590' title='bbox 548 3954 621 4037; x_wconf 89' lang='lat' dir='ltr'><strong>ipsos</strong></span> <span class='ocrx_word' id='word_1_591' title='bbox 632 3953 828 4027; x_wconf 82' lang='lat' dir='ltr'><strong>obtenebravit,</strong></span> <span class='ocrx_word' id='word_1_592' title='bbox 845 3977 907 4014; x_wconf 93' lang='lat' dir='ltr'><strong>cum</strong></span> <span class='ocrx_word' id='word_1_593' title='bbox 920 3955 961 4014; x_wconf 89' lang='lat' dir='ltr'><strong>di·</strong></span> <span class='ocrx_word' id='word_1_594' title='bbox 1017 3963 1065 4037; x_wconf 60' lang='grc' dir='ltr'><strong>νλν</strong></span> <span class='ocrx_word' id='word_1_595' title='bbox 1079 3960 1230 4040; x_wconf 73' lang='grc' dir='ltr'>ἐπιθυμίαν,</span> <span class='ocrx_word' id='word_1_596' title='bbox 1245 3960 1291 4020; x_wconf 81' lang='grc' dir='ltr'>καὶ</span> <span class='ocrx_word' id='word_1_597' title='bbox 1306 3963 1354 4020; x_wconf 83' lang='grc' dir='ltr'>οὐκ</span> <span class='ocrx_word' id='word_1_598' title='bbox 1377 3957 1408 4017; x_wconf 83' lang='grc' dir='ltr'>ἀν</span> <span class='ocrx_word' id='word_1_599' title='bbox 1436 3955 1599 4033; x_wconf 80' lang='grc' dir='ltr'>ἀπέστησαν,</span> <span class='ocrx_word' id='word_1_600' title='bbox 1620 3958 1666 4017; x_wconf 82' lang='grc' dir='ltr'>καὶ</span> <span class='ocrx_word' id='word_1_601' title='bbox 1690 3958 1793 4039; x_wconf 73' lang='grc' dir='ltr'>σφόδρα</span> 
     </span>
    </p>

    <p class='ocr_par' dir='ltr' id='par_1_24' title="bbox 216 4044 1794 4134">
     <span class='ocr_line' id='line_1_40' title="bbox 216 4044 1794 4134; baseline -0.001 -24"><span class='ocrx_word' id='word_1_602' title='bbox 216 4051 268 4127; x_wconf 83' lang='lat' dir='ltr'><strong>xit,</strong></span> <span class='ocrx_word' id='word_1_603' title='bbox 278 4073 307 4111; x_wconf 89' lang='lat' dir='ltr'><strong>se</strong></span> <span class='ocrx_word' id='word_1_604' title='bbox 319 4050 421 4112; x_wconf 85' lang='lat' dir='ltr'><strong>nescire</strong></span> <span class='ocrx_word' id='word_1_605' title='bbox 433 4075 439 4108; x_wconf 91' lang='lat'><strong>:</strong></span> <span class='ocrx_word' id='word_1_606' title='bbox 452 4049 490 4110; x_wconf 92' lang='lat' dir='ltr'><strong>sic</strong></span> <span class='ocrx_word' id='word_1_607' title='bbox 500 4063 527 4109; x_wconf 92' lang='lat' dir='ltr'><strong>et</strong></span> <span class='ocrx_word' id='word_1_608' title='bbox 537 4050 589 4109; x_wconf 93' lang='lat' dir='ltr'><strong>boc</strong></span> <span class='ocrx_word' id='word_1_609' title='bbox 599 4049 658 4108; x_wconf 89' lang='lat' dir='ltr'><strong>loco</strong></span> <span class='ocrx_word' id='word_1_610' title='bbox 669 4050 760 4109; x_wconf 84' lang='lat' dir='ltr'><strong>statim</strong></span> <span class='ocrx_word' id='word_1_611' title='bbox 771 4064 916 4122; x_wconf 87' lang='lat' dir='ltr'><strong>assumtus,</strong></span> <span class='ocrx_word' id='word_1_612' title='bbox 931 4066 962 4112; x_wconf 90' lang='lat' dir='ltr'><strong>ut</strong></span> <span class='ocrx_word' id='word_1_613' title='bbox 1018 4062 1160 4134; x_wconf 79' lang='grc' dir='ltr'>ἀναγκαῖον</span> <span class='ocrx_word' id='word_1_614' title='bbox 1172 4044 1204 4125; x_wconf 71' lang='grc' dir='ltr'>ἦν</span> <span class='ocrx_word' id='word_1_615' title='bbox 1219 4048 1312 4119; x_wconf 78' lang='grc' dir='ltr'>αὐτοὺς</span> <span class='ocrx_word' id='word_1_616' title='bbox 1334 4050 1372 4130; x_wconf 76' lang='grc' dir='ltr'>μὴ</span> <span class='ocrx_word' id='word_1_617' title='bbox 1398 4054 1499 4128; x_wconf 86' lang='grc' dir='ltr'>μαθεῖν·</span> <span class='ocrx_word' id='word_1_618' title='bbox 1526 4048 1595 4110; x_wconf 79' lang='grc' dir='ltr'>Εἰπὲ</span> <span class='ocrx_word' id='word_1_619' title='bbox 1614 4048 1667 4130; x_wconf 88' lang='grc' dir='ltr'><strong>γόρ</strong></span> <span class='ocrx_word' id='word_1_620' title='bbox 1688 4073 1748 4128; x_wconf 92' lang='grc' dir='ltr'>μοι·</span> <span class='ocrx_word' id='word_1_621' title='bbox 1766 4049 1794 4108; x_wconf 84' lang='grc' dir='ltr'>τί</span> 
     </span>
    </p>

    <p class='ocr_par' dir='ltr' id='par_1_25' title="bbox 216 4133 1792 4227">
     <span class='ocr_line' id='line_1_41' title="bbox 216 4133 1792 4227; baseline -0.001 -24"><span class='ocrx_word' id='word_1_622' title='bbox 216 4141 330 4203; x_wconf 87' lang='lat' dir='ltr'><strong>dicitur.</strong></span> <span class='ocrx_word' id='word_1_623' title='bbox 345 4142 435 4202; x_wconf 88' lang='lat' dir='ltr'><strong>Multo</strong></span> <span class='ocrx_word' id='word_1_624' title='bbox 455 4163 571 4221; x_wconf 84' lang='lat' dir='ltr'><strong>namque</strong></span> <span class='ocrx_word' id='word_1_625' title='bbox 584 4142 623 4202; x_wconf 89' lang='lat' dir='ltr'><strong>rei</strong></span> <span class='ocrx_word' id='word_1_626' title='bbox 640 4140 773 4201; x_wconf 89' lang='lat' dir='ltr'><strong>desiderio</strong></span> <span class='ocrx_word' id='word_1_627' title='bbox 793 4141 960 4223; x_wconf 81' lang='lat' dir='ltr'><strong>tenebantur,</strong></span> <span class='ocrx_word' id='word_1_628' title='bbox 1018 4149 1119 4227; x_wconf 83' lang='grc' dir='ltr'>μᾶλλον</span> <span class='ocrx_word' id='word_1_629' title='bbox 1146 4149 1300 4205; x_wconf 77' lang='grc' dir='ltr'>ἀπιστοῦσιν</span> <span class='ocrx_word' id='word_1_630' title='bbox 1314 4140 1459 4215; x_wconf 79' lang='grc' dir='ltr'>Ἕλληνεςς</span> <span class='ocrx_word' id='word_1_631' title='bbox 1490 4139 1531 4200; x_wconf 81' lang='grc' dir='ltr'><strong>ότι</strong></span> <span class='ocrx_word' id='word_1_632' title='bbox 1549 4133 1683 4201; x_wconf 82' lang='grc' dir='ltr'>συντέλεια</span> <span class='ocrx_word' id='word_1_633' title='bbox 1702 4141 1792 4215; x_wconf 83' lang='grc' dir='ltr'>ἔσται,</span> 
     </span>
    </p>

    <p class='ocr_par' dir='ltr' id='par_1_26' title="bbox 172 4229 1792 4412">
     <span class='ocr_line' id='line_1_42' title="bbox 172 4229 1792 4318; baseline -0.003 -20"><span class='ocrx_word' id='word_1_634' title='bbox 172 4289 178 4305; x_wconf 80' lang='grc'>,</span> <span class='ocrx_word' id='word_1_635' title='bbox 216 4257 302 4318; x_wconf 86' lang='lat' dir='ltr'><strong>neque</strong></span> <span class='ocrx_word' id='word_1_636' title='bbox 317 4236 493 4313; x_wconf 86' lang='lat' dir='ltr'><strong>destitissent;</strong></span> <span class='ocrx_word' id='word_1_637' title='bbox 507 4257 539 4296; x_wconf 91' lang='lat' dir='ltr'><strong>ac</strong></span> <span class='ocrx_word' id='word_1_638' title='bbox 559 4257 663 4296; x_wconf 89' lang='lat' dir='ltr'><strong>necessc</strong></span> <span class='ocrx_word' id='word_1_639' title='bbox 680 4234 828 4294; x_wconf 88' lang='lat' dir='ltr'><strong>admodum</strong></span> <span class='ocrx_word' id='word_1_640' title='bbox 844 4250 912 4313; x_wconf 88' lang='lat' dir='ltr'><strong>erat,</strong></span> <span class='ocrx_word' id='word_1_641' title='bbox 928 4259 961 4296; x_wconf 89' lang='lat' dir='ltr'><strong>ne</strong></span> <span class='ocrx_word' id='word_1_642' title='bbox 1017 4238 1035 4312; x_wconf 73' lang='grc' dir='ltr'>ἢ</span> <span class='ocrx_word' id='word_1_643' title='bbox 1053 4238 1094 4301; x_wconf 81' lang='grc' dir='ltr'><strong>ὅτι</strong></span> <span class='ocrx_word' id='word_1_644' title='bbox 1116 4235 1213 4304; x_wconf 78' lang='grc' dir='ltr'>όΘεθς</span> <span class='ocrx_word' id='word_1_645' title='bbox 1228 4234 1332 4315; x_wconf 74' lang='grc' dir='ltr'>γέγονεν</span> <span class='ocrx_word' id='word_1_646' title='bbox 1357 4233 1509 4314; x_wconf 85' lang='grc' dir='ltr'>ἀνθρωπος,</span> <span class='ocrx_word' id='word_1_647' title='bbox 1525 4231 1570 4291; x_wconf 83' lang='grc' dir='ltr'><strong>καλ</strong></span> <span class='ocrx_word' id='word_1_648' title='bbox 1589 4230 1641 4292; x_wconf 62' lang='lat' dir='ltr'><strong>lix</strong></span> <span class='ocrx_word' id='word_1_649' title='bbox 1653 4229 1792 4313; x_wconf 83' lang='grc' dir='ltr'>Παρθένου</span> 
     </span>
     <span class='ocr_line' id='line_1_43' title="bbox 215 4322 1792 4412; baseline -0.005 -22"><span class='ocrx_word' id='word_1_650' title='bbox 215 4329 314 4390; x_wconf 88' lang='lat' dir='ltr'><strong>scirent</strong></span> <span class='ocrx_word' id='word_1_651' title='bbox 333 4329 372 4406; x_wconf 73' lang='lat' dir='ltr'><strong>id,</strong></span> <span class='ocrx_word' id='word_1_652' title='bbox 387 4329 460 4409; x_wconf 89' lang='lat' dir='ltr'><strong>quod</strong></span> <span class='ocrx_word' id='word_1_653' title='bbox 478 4328 545 4390; x_wconf 88' lang='lat' dir='ltr'><strong>scire</strong></span> <span class='ocrx_word' id='word_1_654' title='bbox 565 4328 717 4410; x_wconf 88' lang='lat' dir='ltr'><strong>cupiebant.</strong></span> <span class='ocrx_word' id='word_1_655' title='bbox 732 4327 864 4386; x_wconf 90' lang='lat' dir='ltr'><strong>Dicenim</strong></span> <span class='ocrx_word' id='word_1_656' title='bbox 880 4328 960 4404; x_wconf 89' lang='lat' dir='ltr'><strong>mibi,</strong></span> <span class='ocrx_word' id='word_1_657' title='bbox 1016 4333 1134 4412; x_wconf 73' lang='grc' dir='ltr'>προῆλθε</span> <span class='ocrx_word' id='word_1_658' title='bbox 1148 4327 1266 4410; x_wconf 78' lang='grc' dir='ltr'>μήτρας,</span> <span class='ocrx_word' id='word_1_659' title='bbox 1280 4324 1325 4383; x_wconf 78' lang='grc' dir='ltr'>καὶ</span> <span class='ocrx_word' id='word_1_660' title='bbox 1337 4322 1406 4402; x_wconf 74' lang='grc' dir='ltr'>μετὰ</span> <span class='ocrx_word' id='word_1_661' title='bbox 1425 4323 1522 4404; x_wconf 88' lang='grc' dir='ltr'>σαρκὸς</span> <span class='ocrx_word' id='word_1_662' title='bbox 1541 4324 1615 4406; x_wconf 83' lang='grc' dir='ltr'>ώρθη</span> <span class='ocrx_word' id='word_1_663' title='bbox 1629 4323 1792 4404; x_wconf 64' lang='grc' dir='ltr'>ἀνθρώπους</span> 
     </span>
    </p>

    <p class='ocr_par' dir='ltr' id='par_1_27' title="bbox 215 4414 1792 4596">
     <span class='ocr_line' id='line_1_44' title="bbox 215 4414 1791 4504; baseline -0.004 -22"><span class='ocrx_word' id='word_1_664' title='bbox 215 4422 285 4504; x_wconf 90' lang='lat' dir='ltr'><strong>quid</strong></span> <span class='ocrx_word' id='word_1_665' title='bbox 295 4423 385 4483; x_wconf 90' lang='lat' dir='ltr'><strong>minus</strong></span> <span class='ocrx_word' id='word_1_666' title='bbox 398 4421 510 4483; x_wconf 86' lang='lat' dir='ltr'><strong>credunt</strong></span> <span class='ocrx_word' id='word_1_667' title='bbox 524 4421 823 4503; x_wconf 77' lang='lat' dir='ltr'><strong>gentiles,anluturam</strong></span> <span class='ocrx_word' id='word_1_668' title='bbox 837 4442 961 4482; x_wconf 91' lang='lat' dir='ltr'><strong>consum·</strong></span> <span class='ocrx_word' id='word_1_669' title='bbox 1018 4414 1060 4503; x_wconf 73' lang='grc' dir='ltr'><strong>ἀρ’</strong></span> <span class='ocrx_word' id='word_1_670' title='bbox 1084 4419 1144 4501; x_wconf 81' lang='grc' dir='ltr'>οθχλ</span> <span class='ocrx_word' id='word_1_671' title='bbox 1168 4423 1260 4489; x_wconf 82' lang='grc' dir='ltr'>τοῦτο;</span> <span class='ocrx_word' id='word_1_672' title='bbox 1285 4415 1399 4481; x_wconf 80' lang='grc' dir='ltr'>Πόντιος</span> <span class='ocrx_word' id='word_1_673' title='bbox 1423 4415 1469 4475; x_wconf 83' lang='grc' dir='ltr'><strong>καλ</strong></span> <span class='ocrx_word' id='word_1_674' title='bbox 1491 4415 1523 4476; x_wconf 81' lang='grc' dir='ltr'>σθ</span> <span class='ocrx_word' id='word_1_675' title='bbox 1547 4419 1622 4495; x_wconf 79' lang='grc' dir='ltr'>ἐρεῖς.</span> <span class='ocrx_word' id='word_1_676' title='bbox 1634 4415 1715 4475; x_wconf 81' lang='grc' dir='ltr'>Ἀλλὰ</span> <span class='ocrx_word' id='word_1_677' title='bbox 1738 4415 1791 4496; x_wconf 77' lang='grc' dir='ltr'><strong>γὰρ</strong></span> 
     </span>
     <span class='ocr_line' id='line_1_45' title="bbox 215 4505 1792 4596; baseline -0.007 -18"><span class='ocrx_word' id='word_1_678' title='bbox 215 4517 370 4593; x_wconf 84' lang='lat' dir='ltr'><strong>mationem,</strong></span> <span class='ocrx_word' id='word_1_679' title='bbox 383 4538 419 4577; x_wconf 90' lang='lat' dir='ltr'><strong>an</strong></span> <span class='ocrx_word' id='word_1_680' title='bbox 437 4515 513 4595; x_wconf 90' lang='lat' dir='ltr'><strong>quod</strong></span> <span class='ocrx_word' id='word_1_681' title='bbox 529 4518 603 4577; x_wconf 84' lang='lat' dir='ltr'><strong>Deus</strong></span> <span class='ocrx_word' id='word_1_682' title='bbox 623 4516 705 4577; x_wconf 91' lang='lat' dir='ltr'><strong>bomo</strong></span> <span class='ocrx_word' id='word_1_683' title='bbox 725 4515 812 4575; x_wconf 84' lang='lat' dir='ltr'><strong>lactus</strong></span> <span class='ocrx_word' id='word_1_684' title='bbox 829 4515 874 4593; x_wconf 89' lang='lat' dir='ltr'><strong>sit,</strong></span> <span class='ocrx_word' id='word_1_685' title='bbox 886 4530 912 4576; x_wconf 88' lang='lat' dir='ltr'><strong>et</strong></span> <span class='ocrx_word' id='word_1_686' title='bbox 926 4538 961 4576; x_wconf 83' lang='lat' dir='ltr'><strong>ex</strong></span> <span class='ocrx_word' id='word_1_687' title='bbox 979 4529 998 4577; x_wconf 79' lang='lat' dir='ltr'><strong>o</strong></span> <span class='ocrx_word' id='word_1_688' title='bbox 1018 4505 1179 4596; x_wconf 58' lang='grc' dir='ltr'>αἰσμόνομαι</span> <span class='ocrx_word' id='word_1_689' title='bbox 1207 4511 1323 4590; x_wconf 79' lang='grc' dir='ltr'>συνεχῶς</span> <span class='ocrx_word' id='word_1_690' title='bbox 1349 4507 1416 4591; x_wconf 78' lang='grc' dir='ltr'>ὑπὲρ</span> <span class='ocrx_word' id='word_1_691' title='bbox 1440 4508 1533 4568; x_wconf 80' lang='grc' dir='ltr'>τούτου</span> <span class='ocrx_word' id='word_1_692' title='bbox 1555 4508 1649 4588; x_wconf 79' lang='grc' dir='ltr'>λέγων,</span> <span class='ocrx_word' id='word_1_693' title='bbox 1672 4513 1708 4577; x_wconf 82' lang='grc' dir='ltr'>ώς</span> <span class='ocrx_word' id='word_1_694' title='bbox 1729 4509 1792 4590; x_wconf 80' lang='grc' dir='ltr'>περὶ</span> 
     </span>
    </p>
   </div>
   <div class='ocr_carea' id='block_1_3' title="bbox 69 979 199 1036">
    <p class='ocr_par' dir='ltr' id='par_1_28' title="bbox 69 979 199 1036">
     <span class='ocr_line' id='line_1_46' title="bbox 69 979 199 1036; baseline 0 -13"><span class='ocrx_word' id='word_1_695' title='bbox 69 979 199 1036; x_wconf 64' lang='lat' dir='ltr'><strong>lucensi</strong></span> 
     </span>
    </p>
   </div>
   <div class='ocr_carea' id='block_1_4' title="bbox 216 4714 1793 4868">
    <p class='ocr_par' dir='ltr' id='par_1_29' title="bbox 216 4714 1793 4868">
     <span class='ocr_line' id='line_1_47' title="bbox 250 4714 1673 4797; baseline -0.008 -21"><span class='ocrx_word' id='word_1_696' title='bbox 250 4725 395 4776; x_wconf 80' lang='lat' dir='ltr'><strong>¹Duoblss</strong></span> <span class='ocrx_word' id='word_1_697' title='bbox 419 4731 461 4787; x_wconf 70' lang='grc' dir='ltr'><strong>ἔξω</strong></span> <span class='ocrx_word' id='word_1_698' title='bbox 473 4730 609 4791; x_wconf 74' lang='grc' dir='ltr'>βάλλονται.</span> <span class='ocrx_word' id='word_1_699' title='bbox 623 4725 682 4774; x_wconf 80' lang='lat' dir='ltr'><strong>Mox</strong></span> <span class='ocrx_word' id='word_1_700' title='bbox 694 4723 770 4776; x_wconf 89' lang='lat' dir='ltr'><strong>iidem</strong></span> <span class='ocrx_word' id='word_1_701' title='bbox 782 4733 849 4779; x_wconf 74' lang='grc' dir='ltr'>ιθνον</span> <span class='ocrx_word' id='word_1_702' title='bbox 870 4734 981 4797; x_wconf 78' lang='grc' dir='ltr'>εἱσέρχαν·</span> <span class='ocrx_word' id='word_1_703' title='bbox 1031 4724 1118 4775; x_wconf 85' lang='lat' dir='ltr'><strong>Lectio</strong></span> <span class='ocrx_word' id='word_1_704' title='bbox 1132 4717 1231 4771; x_wconf 78' lang='lat' dir='ltr'><strong>Metelli</strong></span> <span class='ocrx_word' id='word_1_705' title='bbox 1244 4733 1321 4785; x_wconf 87' lang='lat' dir='ltr'><strong>quum</strong></span> <span class='ocrx_word' id='word_1_706' title='bbox 1331 4733 1461 4770; x_wconf 84' lang='lat' dir='ltr'><strong>servamus</strong></span> <span class='ocrx_word' id='word_1_707' title='bbox 1474 4715 1562 4768; x_wconf 86' lang='lat' dir='ltr'><strong>eodem</strong></span> <span class='ocrx_word' id='word_1_708' title='bbox 1574 4714 1673 4767; x_wconf 84' lang='lat' dir='ltr'><strong>recidit.</strong></span> 
     </span>
     <span class='ocr_line' id='line_1_48' title="bbox 216 4794 1793 4868; baseline -0.001 -17"><span class='ocrx_word' id='word_1_709' title='bbox 216 4829 264 4858; x_wconf 59' lang='grc' dir='ltr'>τινι,</span> <span class='ocrx_word' id='word_1_710' title='bbox 1064 4800 1165 4851; x_wconf 76' lang='lat' dir='ltr'><strong>dUnus</strong></span> <span class='ocrx_word' id='word_1_711' title='bbox 1183 4802 1310 4850; x_wconf 74' lang='grc' dir='ltr'>θνάόαλλιν.</span> <span class='ocrx_word' id='word_1_712' title='bbox 1326 4794 1396 4848; x_wconf 73' lang='lat' dir='ltr'><strong>luftu</strong></span> <span class='ocrx_word' id='word_1_713' title='bbox 1415 4794 1484 4848; x_wconf 85' lang='lat' dir='ltr'><strong>idem</strong></span> <span class='ocrx_word' id='word_1_714' title='bbox 1503 4805 1598 4851; x_wconf 73' lang='grc' dir='ltr'>ἄκουσον</span> <span class='ocrx_word' id='word_1_715' title='bbox 1623 4806 1645 4850; x_wconf 74' lang='grc' dir='ltr'>τό</span> <span class='ocrx_word' id='word_1_716' title='bbox 1667 4815 1739 4868; x_wconf 64' lang='grc' dir='ltr'>φησιν·</span> <span class='ocrx_word' id='word_1_717' title='bbox 1757 4805 1793 4850; x_wconf 76' lang='lat' dir='ltr'><strong>ri·</strong></span> 
     </span>
    </p>
   </div>
   <div class='ocr_carea' id='block_1_5' title="bbox 110 4880 1793 5265">
    <p class='ocr_par' dir='ltr' id='par_1_30' title="bbox 110 4880 1793 5265">
     <span class='ocr_line' id='line_1_49' title="bbox 250 4880 1094 4951; baseline -0.006 -19"><span class='ocrx_word' id='word_1_718' title='bbox 250 4885 264 4923; x_wconf 84' lang='lat' dir='ltr'><strong>b</strong></span> <span class='ocrx_word' id='word_1_719' title='bbox 282 4882 349 4932; x_wconf 79' lang='lat' dir='ltr'><strong>Alius</strong></span> <span class='ocrx_word' id='word_1_720' title='bbox 371 4886 572 4951; x_wconf 79' lang='grc' dir='ltr'>ὃυσκολώτιμον,ἡ</span> <span class='ocrx_word' id='word_1_721' title='bbox 589 4889 652 4950; x_wconf 73' lang='grc' dir='ltr'><strong>ἀρχὴ</strong></span> <span class='ocrx_word' id='word_1_722' title='bbox 669 4889 683 4940; x_wconf 80' lang='grc' dir='ltr'><em>ἦ</em></span> <span class='ocrx_word' id='word_1_723' title='bbox 699 4889 725 4934; x_wconf 81' lang='grc' dir='ltr'>τὸ</span> <span class='ocrx_word' id='word_1_724' title='bbox 742 4888 814 4941; x_wconf 71' lang='grc' dir='ltr'>τέλος.</span> <span class='ocrx_word' id='word_1_725' title='bbox 828 4880 902 4933; x_wconf 80' lang='lat' dir='ltr'><strong>Infra</strong></span> <span class='ocrx_word' id='word_1_726' title='bbox 919 4899 982 4932; x_wconf 85' lang='lat' dir='ltr'><strong>unus</strong></span> <span class='ocrx_word' id='word_1_727' title='bbox 1033 4888 1094 4938; x_wconf 78' lang='grc' dir='ltr'>θέως.</span> 
     </span>
     <span class='ocr_line' id='line_1_50' title="bbox 110 4949 1793 5024; baseline -0.003 -16"><span class='ocrx_word' id='word_1_728' title='bbox 110 4957 114 4965; x_wconf 93' lang='grc'>’</span> <span class='ocrx_word' id='word_1_729' title='bbox 217 4969 299 5008; x_wconf 87' lang='lat' dir='ltr'><strong>totam</strong></span> <span class='ocrx_word' id='word_1_730' title='bbox 311 4958 400 5008; x_wconf 85' lang='lat' dir='ltr'><strong>seriem</strong></span> <span class='ocrx_word' id='word_1_731' title='bbox 411 4967 494 5006; x_wconf 84' lang='lat' dir='ltr'><strong>mutat</strong></span> <span class='ocrx_word' id='word_1_732' title='bbox 505 4957 558 5006; x_wconf 88' lang='lat' dir='ltr'><strong>sinc</strong></span> <span class='ocrx_word' id='word_1_733' title='bbox 571 4954 620 5005; x_wconf 86' lang='lat' dir='ltr'><strong>ulla</strong></span> <span class='ocrx_word' id='word_1_734' title='bbox 631 4973 717 5007; x_wconf 85' lang='lat' dir='ltr'><strong>sensus</strong></span> <span class='ocrx_word' id='word_1_735' title='bbox 731 4954 884 5007; x_wconf 83' lang='lat' dir='ltr'><strong>diversitate.</strong></span> <span class='ocrx_word' id='word_1_736' title='bbox 1063 4974 1074 4997; x_wconf 73' lang='grc' dir='ltr'>ι</span> <span class='ocrx_word' id='word_1_737' title='bbox 1093 4953 1165 5007; x_wconf 90' lang='lat' dir='ltr'><strong>Idem</strong></span> <span class='ocrx_word' id='word_1_738' title='bbox 1181 4962 1285 5024; x_wconf 81' lang='grc' dir='ltr'>καθάπερ</span> <span class='ocrx_word' id='word_1_739' title='bbox 1305 4960 1350 5023; x_wconf 74' lang='grc' dir='ltr'><strong>γὰρ</strong></span> <span class='ocrx_word' id='word_1_740' title='bbox 1370 4959 1423 5005; x_wconf 68' lang='grc' dir='ltr'>ἐκεῖ.</span> <span class='ocrx_word' id='word_1_741' title='bbox 1435 4949 1512 5015; x_wconf 79' lang='lat' dir='ltr'><strong>[Mox</strong></span> <span class='ocrx_word' id='word_1_742' title='bbox 1531 4949 1607 5002; x_wconf 79' lang='lat' dir='ltr'><strong>Savil.</strong></span> <span class='ocrx_word' id='word_1_743' title='bbox 1626 4963 1652 5001; x_wconf 82' lang='lat' dir='ltr'><strong>et</strong></span> <span class='ocrx_word' id='word_1_744' title='bbox 1666 4953 1694 5002; x_wconf 84' lang='grc' dir='ltr'><strong>Δ.</strong></span> <span class='ocrx_word' id='word_1_745' title='bbox 1706 4953 1737 5002; x_wconf 89' lang='lat' dir='ltr'><strong>C.</strong></span> <span class='ocrx_word' id='word_1_746' title='bbox 1756 4961 1793 5005; x_wconf 79' lang='grc' dir='ltr'><strong>καὶ</strong></span> 
     </span>
     <span class='ocr_line' id='line_1_51' title="bbox 249 5030 1507 5105; baseline 0.002 -19"><span class='ocrx_word' id='word_1_747' title='bbox 249 5051 260 5074; x_wconf 72' lang='lat'><em>⁶</em></span> <span class='ocrx_word' id='word_1_748' title='bbox 278 5032 355 5086; x_wconf 72' lang='lat' dir='ltr'><strong>Salii.</strong></span> <span class='ocrx_word' id='word_1_749' title='bbox 371 5042 408 5087; x_wconf 81' lang='grc' dir='ltr'>καὶ</span> <span class='ocrx_word' id='word_1_750' title='bbox 426 5042 502 5087; x_wconf 69' lang='grc' dir='ltr'>ἐκεῖνον</span> <span class='ocrx_word' id='word_1_751' title='bbox 518 5039 543 5087; x_wconf 78' lang='grc' dir='ltr'>σθ</span> <span class='ocrx_word' id='word_1_752' title='bbox 561 5041 613 5103; x_wconf 72' lang='grc' dir='ltr'>περὶ</span> <span class='ocrx_word' id='word_1_753' title='bbox 634 5047 674 5093; x_wconf 81' lang='grc' dir='ltr'>τῆς</span> <span class='ocrx_word' id='word_1_754' title='bbox 690 5040 787 5088; x_wconf 85' lang='grc' dir='ltr'>καθόλου</span> <span class='ocrx_word' id='word_1_755' title='bbox 808 5041 874 5089; x_wconf 75' lang='grc' dir='ltr'>αὑτὸν</span> <span class='ocrx_word' id='word_1_756' title='bbox 889 5046 983 5105; x_wconf 78' lang='grc' dir='ltr'>ἠρώτων</span> <span class='ocrx_word' id='word_1_757' title='bbox 1032 5043 1130 5089; x_wconf 69' lang='grc' dir='ltr'>ἐνταῦθα</span> <span class='ocrx_word' id='word_1_758' title='bbox 1139 5049 1171 5102; x_wconf 82' lang='grc' dir='ltr'>τῷ</span> <span class='ocrx_word' id='word_1_759' title='bbox 1180 5041 1228 5096; x_wconf 84' lang='grc' dir='ltr'>(καὶ</span> <span class='ocrx_word' id='word_1_760' title='bbox 1240 5048 1271 5100; x_wconf 79' lang='grc' dir='ltr'>τῷ</span> <span class='ocrx_word' id='word_1_761' title='bbox 1280 5030 1322 5099; x_wconf 81' lang='lat' dir='ltr'><strong>C.)</strong></span> <span class='ocrx_word' id='word_1_762' title='bbox 1330 5032 1507 5099; x_wconf 57' lang='grc' dir='ltr'>ἀναληφθῆναι]</span> 
     </span>
     <span class='ocr_line' id='line_1_52' title="bbox 218 5110 1793 5182; baseline -0.004 -15"><span class='ocrx_word' id='word_1_763' title='bbox 218 5119 356 5177; x_wconf 68' lang='lat' dir='ltr'><strong>«cardeles,</strong></span> <span class='ocrx_word' id='word_1_764' title='bbox 365 5117 434 5177; x_wconf 82' lang='grc' dir='ltr'>ἀλλὰ,</span> <span class='ocrx_word' id='word_1_765' title='bbox 443 5121 462 5165; x_wconf 80' lang='lat' dir='ltr'><strong>el</strong></span> <span class='ocrx_word' id='word_1_766' title='bbox 474 5120 496 5165; x_wconf 77' lang='lat' dir='ltr'><strong>is</strong></span> <span class='ocrx_word' id='word_1_767' title='bbox 506 5125 547 5180; x_wconf 79' lang='grc' dir='ltr'>τῷ.</span> <span class='ocrx_word' id='word_1_768' title='bbox 559 5110 636 5179; x_wconf 85' lang='lat' dir='ltr'><strong>[Cod.</strong></span> <span class='ocrx_word' id='word_1_769' title='bbox 649 5115 678 5162; x_wconf 82' lang='grc' dir='ltr'><strong>Δ.</strong></span> <span class='ocrx_word' id='word_1_770' title='bbox 691 5114 721 5163; x_wconf 83' lang='lat' dir='ltr'><strong>C.</strong></span> <span class='ocrx_word' id='word_1_771' title='bbox 729 5119 803 5172; x_wconf 70' lang='grc' dir='ltr'>ἄλλως</span> <span class='ocrx_word' id='word_1_772' title='bbox 813 5118 836 5166; x_wconf 71' lang='grc' dir='ltr'><strong>δὲ</strong></span> <span class='ocrx_word' id='word_1_773' title='bbox 848 5120 923 5167; x_wconf 63' lang='grc' dir='ltr'>ἐκεῖνοι</span> <span class='ocrx_word' id='word_1_774' title='bbox 934 5118 983 5168; x_wconf 75' lang='grc' dir='ltr'>οὐδὲ</span> <span class='ocrx_word' id='word_1_775' title='bbox 1065 5114 1078 5152; x_wconf 70' lang='lat' dir='ltr'><strong>:s</strong></span> <span class='ocrx_word' id='word_1_776' title='bbox 1093 5113 1164 5164; x_wconf 84' lang='lat' dir='ltr'><strong>Unus</strong></span> <span class='ocrx_word' id='word_1_777' title='bbox 1174 5121 1198 5164; x_wconf 80' lang='grc' dir='ltr'><strong>ἐκ</strong></span> <span class='ocrx_word' id='word_1_778' title='bbox 1209 5119 1322 5182; x_wconf 73' lang='grc' dir='ltr'>παρθένου</span> <span class='ocrx_word' id='word_1_779' title='bbox 1340 5114 1453 5178; x_wconf 77' lang='grc' dir='ltr'>προῆλθε·</span> <span class='ocrx_word' id='word_1_780' title='bbox 1465 5116 1503 5161; x_wconf 81' lang='grc' dir='ltr'>καλ</span> <span class='ocrx_word' id='word_1_781' title='bbox 1515 5115 1526 5161; x_wconf 80' lang='grc' dir='ltr'><strong>ὁ</strong></span> <span class='ocrx_word' id='word_1_782' title='bbox 1539 5116 1603 5177; x_wconf 77' lang='grc' dir='ltr'>σορός</span> <span class='ocrx_word' id='word_1_783' title='bbox 1616 5116 1722 5176; x_wconf 76' lang='grc' dir='ltr'>Σολομῶν</span> <span class='ocrx_word' id='word_1_784' title='bbox 1731 5132 1793 5180; x_wconf 64' lang='grc' dir='ltr'>φησι,</span> 
     </span>
     <span class='ocr_line' id='line_1_53' title="bbox 219 5189 1592 5265; baseline -0.001 -23"><span class='ocrx_word' id='word_1_785' title='bbox 219 5202 285 5265; x_wconf 69' lang='grc' dir='ltr'>ννιρι,</span> <span class='ocrx_word' id='word_1_786' title='bbox 296 5205 346 5243; x_wconf 86' lang='lat' dir='ltr'><strong>ete.</strong></span> <span class='ocrx_word' id='word_1_787' title='bbox 356 5202 384 5242; x_wconf 82' lang='lat' dir='ltr'><strong>ut</strong></span> <span class='ocrx_word' id='word_1_788' title='bbox 394 5190 470 5243; x_wconf 83' lang='lat' dir='ltr'><strong>Savil.</strong></span> <span class='ocrx_word' id='word_1_789' title='bbox 484 5193 542 5241; x_wconf 82' lang='lat' dir='ltr'><strong>blon</strong></span> <span class='ocrx_word' id='word_1_790' title='bbox 549 5191 626 5242; x_wconf 85' lang='lat' dir='ltr'><strong>iidem</strong></span> <span class='ocrx_word' id='word_1_791' title='bbox 638 5191 711 5243; x_wconf 85' lang='lat' dir='ltr'><strong>aliter</strong></span> <span class='ocrx_word' id='word_1_792' title='bbox 719 5189 982 5258; x_wconf 80' lang='lat' dir='ltr'><strong>verbaconstituunt.]</strong></span> <span class='ocrx_word' id='word_1_793' title='bbox 1031 5197 1177 5260; x_wconf 79' lang='grc' dir='ltr'>μνημονεύσω</span> <span class='ocrx_word' id='word_1_794' title='bbox 1192 5200 1221 5243; x_wconf 78' lang='grc' dir='ltr'>τὰ</span> <span class='ocrx_word' id='word_1_795' title='bbox 1233 5195 1273 5244; x_wconf 81' lang='grc' dir='ltr'><strong>ἀπ’</strong></span> <span class='ocrx_word' id='word_1_796' title='bbox 1285 5197 1370 5248; x_wconf 69' lang='grc' dir='ltr'>αἰῶνος,</span> <span class='ocrx_word' id='word_1_797' title='bbox 1384 5192 1437 5239; x_wconf 80' lang='grc' dir='ltr'>ἀλλ’</span> <span class='ocrx_word' id='word_1_798' title='bbox 1449 5191 1592 5253; x_wconf 77' lang='grc' dir='ltr'>αἰσχὺνομαι.</span> 
     </span>
    </p>
   </div>
   <div class='ocr_carea' id='block_1_6' title="bbox 0 0 1874 5978">
    <p class='ocr_par' dir='ltr' id='par_1_31' title="bbox 0 0 1874 5978">
     <span class='ocr_line' id='line_1_54' title="bbox 0 0 1874 5978; baseline 0 0"><span class='ocrx_word' id='word_1_799' title='bbox 0 0 1874 5978; x_wconf 95' lang='lat' dir='ltr'><strong> </strong></span> 
     </span>
    </p>
   </div>
  </div>
 </body>
</html>
