3728 5978
129 487 194 570 168
465 523 493 568 S·
521 519 664 568 JOANMS
690 516 875 564 CHRYSOST·
911 501 1073 564 ancittuP.'
1096 517 1369 565 consunuutttot‘.
1399 540 1404 556 ·

122 663 205 725 girum
227 657 299 720 erat;
322 640 447 702 inducere
469 642 648 723 Philippum,
677 641 736 721 ejus
756 639 863 718 signum
915 644 962 698 τοῦ
980 649 1088 719 σημεῖον
1103 631 1150 712 ἦν·
1165 641 1195 702 τὸ
1206 644 1314 721 ἀγαγεῖν
1327 639 1478 714 Φίλιππον,
1489 643 1570 699 αὐτοῦ
1584 648 1690 715 σημεῖον

122 749 197 811 crat3
213 734 328 793 Paulum
342 734 454 812 adduci,
468 735 526 815 ejus
539 735 650 815 signum
660 746 732 809 erat;
744 730 863 812 seipsum
916 720 962 802 ἧν·
976 733 1007 792 τὸ
1020 735 1126 795 Παῦλον
1138 733 1370 818 προσαγαγέσθαι,
1385 735 1466 793 αὐτοῦ
1479 739 1592 809 σημεῖον
1602 723 1650 802 ἦν·
1663 732 1691 791 eh

123 828 259 907 Stephano
272 825 427 903 ostendere,
441 828 498 908 ejus
519 825 627 906 signum
648 837 713 884 erat.
727 822 764 883 Et
778 821 864 882 consi-
883 841 901 886 [ι
917 822 998 893 δεῖξαι
1011 827 1140 910 Στιρόνῳ
1155 827 1259 899 ἑαυτὸν,
1274 829 1353 886 αὐτοῦ
1368 831 1497 903 ’σημεῖον
1530 849 1556 883 ν.
1568 823 1690 884 Καλοιιό·

123 919 187 979 dera
197 917 358 997 ‚quomodo
371 918 472 978 Paulus
493 917 650 995 honoretur,
663 915 799 996 quomodo
819 935 865 974 eu-
918 941 975 991 πει,
994 923 1051 985 πῶς
1070 919 1118 998 μὲν
1134 929 1245 998 τιμᾶται
1258 920 1382 989 Παῦλος,
1401 919 1460 985 πῶς
1528 917 1689 997 θιθνοῦχος.

123 1011 238 1071 nuchus.
254 1011 307 1087 Hic
320 1011 444 1071 Christus
459 1024 580 1093 apparet,
592 1011 661 1070 forte
675 1009 710 1069 ob
723 1007 864 1086 duritiem,
919 1010 1052 1069 Ε’νταυθα
1069 1009 1266 1092 καλθΧριστθς
1279 1009 1416 1091 φαίνεται,
1424 1009 1490 1077 ίσως
1506 1006 1596 1068 διὰτὸ
1613 1011 1690 1081 σκλη-

124 1107 188 1186 quia
207 1106 261 1166 alio
282 1105 364 1166 modo
386 1126 438 1165 non
460 1127 603 1187 persuasus
622 1118 699 1166 esset.
714 1106 746 1164 In
761 1103 806 1163 his
819 1124 867 1163 nos
922 1103 975 1185 ρθν,
995 1102 1041 1162 καί
1058 1102 1144 1164 ὅσι’
1118 1129 1165 1166 oux
1178 1105 1209 1164 ἂν
1231 1105 1318 1171 ἄλλως
1332 1103 1449 1177 ἐπείσθη.
1466 1100 1580 1170 Τούτοις
1591 1103 1690 1183 ἐυστρε-

126 1220 234 1278 quoquc
248 1199 550 1273 mirandisrersantes,
564 1219 612 1258 nos
625 1197 722 1278 dignos
735 1195 868 1256 exhihea—
921 1193 1030 1276 ρόμενοι
1053 1197 1099 1256 καί
1122 1184 1200 1282 ἡμεῖς
1223 1205 1277 1263 τοῖς
1301 1194 1442 1272 θαόμασιν,
1471 1193 1559 1264 ἀξίους
1591 1191 1690 1261 ἐπιτσθς

127 1311 197 1350 mus.
218 1290 301 1349 Multi
322 1310 409 1365 nunc,
426 1289 506 1349 etiam
527 1289 555 1348 in
574 1287 742 1348 ecclesiam
734 1287 869 1368 ingressi,
920 1287 1174 1369 παρασκευάσωμεν.
1186 1288 1343 1350 Πολλολνυν
1357 1286 1415 1348 οὐδὲ
1435 1290 1473 1356 εἰς
1487 1286 1634 1361 ἐκκλησίαν
1644 1290 1690 1348 eto

128 1384 254 1463 ignqrant
283 1405 344 1463 quae
372 1382 527 1442 dicuntur:
550 1383 690 1442 eunuchus
721 1394 812 1441 autu
844 1395 870 1440 et
924 1379 1022 1455 ιόντες,
1042 1384 1091 1442 οθιι
1109 1381 1184 1442 ἴσασι
1202 1379 1236 1440 τὰ
1251 1379 1395 1462 λεγόμενα·
1387 1378 1470 1440 ·θδέ
1490 1383 1631 1460 εὐνοῦχος,
1651 1381 1690 1439 ιιιιὶ

128 1474 157 1534 in
180 1477 252 1554 soro,
270 1490 296 1536 et
314 1476 343 1537 in
366 1497 446 1536 cursu
469 1489 570 1552 vectus,
590 1472 699 1534 lectioni
716 1472 871 1555 Scriptura·
921 1477 964 1534 ἐπ’
976 1478 1089 1558 ἀγορᾶς,
1103 1474 1148 1535 καλ
1161 1475 1206 1535 ἐπί
1219 1474 1353 1556 ὀχήματος
1362 1473 1518 1555 φερόμενος,
1533 1477 1567 1555 τῇ
1581 1473 1690 1553 ἀναγνοί-

128 1588 191 1627 rum
203 1564 365 1628 attendebat.
387 1565 442 1627 Sed
461 1589 510 1628 ros
528 1588 580 1626 non
603 1568 668 1627 item
685 1590 691 1622 ι
708 1586 785 1626 nemo
798 1566 870 1624 enim
923 1592 964 1628 στι
983 1570 1035 1628 τῶν
1050 1569 1165 1648 Γραρῶν
1182 1576 1332 1648 προσεῖχεν.
1347 1565 1417 1626 Ἀλλ’
1438 1566 1489 1648 οὐχ
1506 1568 1597 1645 όμιῑς·
1616 1558 1690 1632 ortu

127 1674 248 1720 vestrum
267 1661 367 1720 librum
389 1682 445 1742 prae
460 1659 585 1719 manibus
606 1659 696 1736 hahet,
716 1657 764 1718 sed
781 1659 870 1719 omnia
923 1659 975 1742 γὰρ
998 1662 1073 1738 ὑμῶν
1096 1659 1198 1739 βιὸλίον
1220 1659 1276 1740 ίχει
1301 1657 1368 1738 μετὰ
1390 1665 1498 1740 χεῖρας,
1520 1657 1591 1718 ἀλλὰ
1609 1658 1690 1718 πάντα

129 1753 220 1834 potius
233 1774 316 1832 quam
328 1751 440 1812 librum.
455 1752 512 1811 Gur
524 1765 614 1810 autem
633 1771 685 1810 non
701 1749 773 1810 vidit
792 1749 871 1808 illum
924 1754 1024 1830 μᾶλλον
1039 1750 1056 1824 ἢ
1068 1752 1098 1812 τὸ
1114 1751 1224 1831 βιόλίον.
1237 1749 1289 1811 Διὰ
1302 1750 1329 1809 τί
1338 1749 1365 1810 δὲ
1378 1752 1415 1830 μὴ
1427 1749 1479 1833 πρὸ
1490 1748 1691 1830 τῶνΤεροαολό-

129 1862 190 1907 ante
204 1847 411 1927 ierosolymam,
424 1844 472 1906 sod
484 1846 595 1926 postea?
610 1847 670 1905 Non
684 1844 823 1926 oportebat
835 1844 871 1902 il·
888 1852 907 1900 E
925 1861 981 1922 μων
1002 1848 1051 1924 ὁρᾷ
1071 1843 1158 1917 αὐτὸν,
1183 1841 1252 1905 ἀλλὰ
1273 1841 1341 1921 μετὰ
1357 1847 1453 1916 ταῦτα;
1471 1844 1533 1903 Οθιι
1546 1840 1601 1901 ἔδει
1621 1843 1691 1903 ortu

129 1941 188 1999 lum
204 1939 296 2000 videre
310 1938 402 2020 pulsos
417 1939 563 2020 apostolos,
583 1959 614 1998 co
633 1937 706 2016 quod
721 1935 810 1996 adhuc
831 1936 872 1995 in·
925 1939 988 1998 ἰδεῖν
1011 1937 1198 2016 ἐλαυνομένους
1220 1935 1281 2005 τοὺς
1299 1935 1461 2005 ἀποστόλους
1476 1935 1522 1996 διὰ
1542 1935 1575 1995 τὸ
1594 1934 1691 2002 ἐσθενίι

130 2034 226 2092 firmus
249 2046 317 2092 esset
333 2055 340 2089 ι
362 2053 449 2110 neque
468 2030 497 2089 id
511 2045 587 2091 antea
608 2030 645 2090 ita
659 2029 738 2089 facile
752 2042 828 2107 erat,
843 2043 873 2088 ut
923 2029 993 2090 θέτι·
1011 2032 1069 2090 οὐδὲ
1085 2030 1214 2113 πρότερον
1226 2026 1308 2098 οὕτως
1323 2020 1356 2102 ἦν
1369 2027 1486 2104 εὔκολον,
1498 2032 1535 2097 ὡς
1548 2028 1593 2090 ὅτι
1607 2034 1692 2110 θπρο-

129 2148 193 2187 cum
216 2125 347 2207 propheta
370 2125 449 2185 iilum
472 2123 600 2184 erudivit.
624 2124 670 2184 Sic
696 2137 722 2184 et
745 2145 828 2201 nune,
849 2123 873 2181 si
924 2122 1009 2203 φητης
1024 2123 1100 2182 αὐτόν
1121 2121 1282 2204 κατήχησιν.
1299 2120 1378 2182 Οότω
1392 2119 1438 2181 καλ
1453 2125 1512 2195 νῦν,
1526 2120 1551 2180 εἴ
1569 2144 1610 2189 τις
1626 2121 1692 2199 ὑμῶν

129 2218 190 2297 quis
205 2231 324 2278 vestrum
338 2217 397 2278 vult
410 2215 546 2276 attendere
558 2215 717 2298 prophetis,
730 2237 784 2276 non
805 2234 873 2298 opus
924 2215 1009 2274 ἐθέλοι
1029 2215 1169 2297 προσέχειν
1189 2224 1243 2283 τοῖς
1262 2215 1424 2296 προφήταις,
1449 2217 1480 2275 οὗ
1504 2213 1631 2285 δεήσεται
1648 2236 1692 2284 ση·

128 2310 240 2370 hahchit
260 2309 354 2390 signis.
368 2309 405 2367 Et
420 2309 443 2368 si
461 2309 546 2368 vultis
561 2308 710 2383 rideamus,
725 2307 793 2386 quid
814 2307 872 2389 ipsa
925 2309 1022 2387 μείων·
1037 2307 1083 2368 καὶ
1102 2312 1125 2368 si
1141 2306 1264 2387 βοόλεσθε
1277 2353 1285 2383 ,
1299 2305 1380 2380 αὐτὴν
1398 2305 1447 2379 τλν
1458 2306 1626 2388 προφητείαν
1639 2306 1694 2365 tto

128 2403 270 2485 prophetia
282 2402 356 2461 dicat
368 2425 374 2458 ι
388 2402 468 2462 Sicut
487 2405 549 2460 ovis
568 2402 610 2460 ad
629 2405 802 2461 occisionem
820 2402 873 2460 du·
925 2427 972 2480 μιν
985 2402 1011 2460 τί
1024 2425 1112 2483 φησιν.
1126 2399 1175 2470 Ὡς
1187 2400 1320 2482 πρόόατον
1336 2398 1380 2460 eet
1394 2397 1498 2480 σφαγὴν
1513 2397 1603 2480 ἤχθη,
1615 2398 1659 2457 καλ
1669 2401 1694 2457 ἐν

129 2508 192 2555 etus
206 2507 250 2554 est
258 2539 270 2568 ,
288 2498 363 2555 etin
381 2495 550 2553 humilitate
572 2497 634 2575 ejus
649 2495 796 2575 judicium
810 2497 873 2574 ejus
923 2493 1127 2575 τῇταπεινώοει
1140 2497 1219 2555 αὐτοῦ
1232 2498 1249 2565 ἡ
1264 2492 1348 2572 κρίσις
1366 2496 1445 2553 αὐτοῦ
1463 2491 1544 2574 ἤρθη.
1560 2495 1694 2554 Ἐντεῦθεν

128 2589 276 2647 sublatum
289 2600 341 2646 est
357 2586 426 2646 Hinc
445 2583 554 2662 didicit,
567 2584 641 2664 quod
662 2584 811 2646 crucifixus
824 2586 873 2664 sit
923 2587 1029 2666 ἔμαθεν,
1050 2587 1090 2646 ότι
1111 2583 1279 2670 ἐσταυρώθη,
1298 2584 1339 2644 ότι
1354 2585 1457 2666 αίρεται
1471 2584 1527 2645 ἀπὸ
1545 2589 1595 2658 τῆς
1611 2588 1693 2665 γῆςὴ

57 2709 59 2713 ·
128 2680 202 2761 quod
217 2680 328 2740 tollatur
345 2679 381 2739 de
393 2693 465 2739 terra
479 2679 535 2740 vita
556 2680 632 2759 ejus,
647 2677 720 2757 quod
734 2691 874 2759 peecatum
923 2645 977 2751 <iou
998 2681 1093 2750 αὐτοῦ,
1113 2677 1153 2738 ὅτι
1174 2677 1346 2758 ἁμαρτίαν’
1321 2702 1368 2739 oux
1389 2677 1524 2750 ἐποίησεν,
1541 2676 1586 2739 ὅτι
1605 2677 1695 2760 ίσχυτι

129 2795 182 2834 non
198 2773 287 2834 fecerit
295 2771 389 2876 ,quod
401 2785 520 2854 potnerit
532 2785 559 2830 ct
577 2770 645 2831 alios
659 2770 917 2872 servare,quod„,
924 2795 970 2831 και
959 2769 1135 2852 ἐτέρους
1100 2794 1202 2843 σισσαι,
1217 2768 1259 2829 ὅτι
1273 2776 1292 2843 ἡ
1305 2769 1427 2851 γενεθ’
1398 2792 1478 2829 αυτου
1460 2767 1695 2849 Ἣέναδιήγητος

129 2864 263 2944 generatio
277 2864 335 2944 ejus
349 2863 383 2922 sit
396 2861 593 2939 inenarrabilis,
606 2861 679 2940 quod
692 2875 773 2942 pctrae
785 2861 873 2922 scissa
892 2880 908 2922 n
905 2822 1019 2923 ότι’
983 2886 1079 2944 πετραι
1093 2861 1253 2974 ἐρρἄχησαν,
1265 2861 1306 2921 ότι
1318 2862 1349 2922 θ
1362 2859 1561 2941 καταπέτασμα
1572 2860 1695 2942 ἐσχίσθη,

129 2960 193 3034 sint,
206 2957 280 3036 quod
289 2957 381 3017 velum
399 2976 512 3015 scissum
524 2968 570 3032 sut,
586 2953 661 3032 quod
674 2969 774 3014 mortu1
786 2975 820 3014 ex
833 2975 875 3014 se·
925 2958 965 3016 ότι
985 2955 1072 3036 νεκροὶ
1090 2959 1177 3016 ἐιι
1141 2978 1193 3014 των
1209 2953 1344 3034 μνημείων
1366 2952 1531 3036 ἠγέρθησαν
1549 2951 1697 3034 μᾶλλονθί

129 3051 233 3132 pulcris
250 3050 464 3111 resurrexerint:
479 3049 534 3107 imo
563 3048 621 3107 haec
645 3048 735 3107 omnia
757 3047 874 3108 dixit
850 3071 875 3108 οι
925 3053 1010 3108 ταῦτα
1023 3037 1468 3128 πόνπαεῖπεναθτῷδΦίλιππος,
1482 3045 1564 3125 μόνον
1578 3045 1697 3108 nudum

130 3141 284 3223 Philippus,
304 3163 338 3200 ex
356 3139 487 3223 propheta
508 3152 596 3198 sumta
612 3138 760 3198 occasione.
774 3140 875 3219 Magna
925 3140 1015 3202 λαθὼν
1027 3141 1079 3200 ἀπὸ
1089 3148 1135 3202 τοῦ
1147 3139 1293 3222 προφήτου.
1304 3138 1383 3219 Μέγα
1394 3138 1475 3207 ὄντως
1488 3145 1506 3213 ἡ
1517 3144 1573 3200 τῶν
1589 3141 1698 3222 Γραριῦν

130 3257 172 3295 res
185 3235 304 3317 μισθοῖο
316 3248 356 3294 est
364 3233 569 3313 scripturarum
587 3231 674 3291 lectio.
688 3231 729 3290 lta
744 3231 875 3312 impleba—
927 3233 1081 3312 ἀνάγνωσις.
1108 3230 1201 3301 Οὕτως
1223 3233 1307 3292 ἐκεῖνο
1328 3233 1475 3311 ἐπληροῦτο
1498 3232 1529 3292 τὸ
1554 3232 1632 3312 παρὸ
1657 3237 1699 3291 τοῦ

3 3351 49 3383 ιιι.
65 3339 88 3381 θ.
97 3356 118 3400 7·
130 3343 176 3388 tur
190 3326 260 3388 illud
273 3349 289 3385 a
300 3329 397 3408 Moyse
409 3324 532 3384 dictum:
546 3325 664 3395 Sedens,
678 3328 710 3381 in
726 3324 800 3382 lecto
826 3344 874 3383 cu·
927 3323 1062 3393 Μωῦσέως
1072 3324 1209 3405 εἰρημένον
1219 3348 1226 3362 ·
1238 3323 1416 3403 Καθεζόμενος
1426 3371 1434 3396 ,
1444 3324 1491 3384 καὶ
1502 3325 1699 3402 κοιταζόμενος,

132 3424 215 3493 hans,
232 3438 398 3498 exsurgens,
417 3428 445 3474 et
464 3415 633 3487 ambulans,
648 3415 802 3483 recordare
812 3417 875 3474 Do·
926 3418 971 3477 καλ
987 3419 1198 3497 θιανιστᾶμενος,
1212 3418 1258 3477 καλ
1278 3421 1441 3500 περιπατῶν,
1463 3414 1589 3496 μέμνησο
1605 3419 1647 3478 Κυ
1664 3416 1700 3476 iou

130 3516 204 3570 mini
213 3512 271 3569 Dei
285 3514 336 3569 tui.
349 3507 471 3568 Maxime
484 3527 600 3585 namque
617 3504 666 3565 viae
688 3527 751 3566 eum
766 3507 876 3567 deserto
926 3515 972 3568 τοῦ
983 3513 1053 3571 Θεοῦ
1067 3532 1122 3569 σου.
1139 3509 1265 3570 Μάλιστα
1276 3508 1327 3591 γὰρ
1338 3513 1365 3570 αἱ
1377 3508 1445 3583 tut,
1456 3507 1519 3569 όταν
1530 3512 1699 3590 ἐρημοιωσι,

130 3615 192 3661 sunt
202 3646 211 3678 ,
226 3599 434 3680 cogitationibus
448 3596 546 3657 nostris
564 3595 629 3654 dant
650 3597 751 3672 locum,
772 3598 876 3659 nemine
926 3602 972 3661 καί
992 3602 1057 3684 πρὸς
1075 3601 1255 3670 τὰς·ἐνυοίας
1273 3607 1337 3681 ἡμῖν
1355 3624 1400 3661 ιιαι
1432 3601 1590 3678 νθιδόασιν,
1604 3601 1701 3670 οθθτνθς

131 3692 314 3797 perturbante.
330 3689 366 3749 Et
388 3689 433 3748 hic
458 3687 547 3746 invia
566 3687 663 3762 credit,
684 3702 711 3747 et
726 3689 827 3752 Paulus
847 3691 874 3751 in
926 3696 998 3763 ὄντος
1012 3704 1057 3757 τοῦ
1070 3698 1302 3776 παρενοχλοῦντος.
1316 3694 1370 3755 Καὶ
1465 3695 1493 3753 ἐν
1502 3695 1557 3777 ὁδῶ
1568 3695 1699 3767 πιστεόιι,

130 3785 193 3862 via,
216 3783 263 3845 sed
284 3783 455 3842 1ιιιιισιιειιιο
472 3779 596 3839 trahit
570 3800 622 3838 nisi
614 3780 769 3841 Christus.
786 3785 876 3865 Majus
927 3787 973 3847 καλ
986 3791 1093 3855 Παῦλος
1106 3792 1132 3848 ἐν
1148 3789 1215 3869 ὁδῷ·
1233 3786 1301 3846 ἀλλὰ
1314 3794 1405 3848 τοῦτον
1419 3754 1602 3862 poetelius,
1618 3790 1700 3848 ἄλλό

130 3881 183 3939 hoe
202 3893 277 3953 erat,
300 3898 382 3956 quam
401 3872 476 3954 quod
495 3873 609 3955 apostoli
628 3873 766 3934 facerent:
789 3878 877 3958 majus
927 3879 1049 3959 Χριστός.
1065 3882 1162 3949 Μεῖζον
1182 3847 1200 3951 λ
1224 3877 1349 3939 κατὰ
1310 3903 1369 3948 τους
1383 3877 1546 3948 ἀποστόλοις
1560 3871 1700 3952 τοῦτοίίν·

131 3993 195 4031 uero
210 3969 295 4049 quod,
317 3988 380 4026 cum
403 3964 518 4048 apostoli
532 3965 708 4046 ierosolymis
723 3981 827 4045 essent,
852 3983 877 4028 et
927 3995 957 4031 το
944 3971 1001 4031 δὲ
1016 3975 1113 4050 μεῖζον,
1126 3970 1230 4031 ότιτων
1243 3971 1396 4033 ἀποστόλων
1410 3972 1503 4032 όντων
1506 3975 1534 4032 ἐν
1549 3970 1701 4057 Τεροσολό-

131 4083 166 4121 ex
182 4062 225 4120 his
239 4060 331 4119 nullus
353 4071 421 4118 essct
444 4055 586 4131 Damasci,
601 4055 700 4115 isthinc
719 4056 800 4117 rediit
815 4080 874 4119 crc—
893 4083 1004 4140 ιιμοις,
1034 4063 1079 4123 καὶ
1100 4087 1129 4123 ου
1117 4062 1201 4130 ’θινὸς
1225 4064 1298 4131 ὄντος
1319 4064 1351 4123 ἐκ
1369 4063 1469 4123 τούτων
1491 4069 1518 4126 ἐν
1544 4068 1702 4148 Δαμασκῷ,

130 4154 216 4212 dens:
232 4166 319 4231 etqui
311 4147 567 4222 Damascierant,
583 4147 723 4207 sciebant
715 4170 805 4230 ipsum
823 4172 875 4210 non
929 4155 1037 4236 ἐπανῄει
1051 4158 1148 4215 ἐκεῖθεν
1161 4155 1290 4223 πεισθείς·
1284 4155 1386 4214 ·κα1οί
1401 4158 1632 4250 ἐνΔαμιισιιῷο
1595 4157 1702 4236 ᾔδεσαν,

131 4245 308 4326 ,ierosolymis
328 4244 434 4303 venisse
457 4262 632 4323 persuasum
653 4242 782 4321 epistolas
804 4244 876 4304 enim
928 4246 1007 4306 ότι’
981 4272 1028 4308 ουκ
1043 4249 1097 4309 ἀπὸ
1109 4246 1299 4328 Ιεροσολόμων
1312 4239 1376 4320 ἦλθε
1389 4236 1583 4326 πεπεισμένος·
1597 4251 1704 4311 ἐπιστο-

130 4332 437 4411 screbat,utc1·cdentcs
456 4331 561 4412 ligaret.
579 4332 656 4392 Sicut
671 4331 792 4392 medicus
807 4336 876 4415 opti·
928 4339 976 4408 λίς
986 4338 1037 4419 γὰρ
1052 4339 1115 4421 έρερ
1117 4363 1153 4415 εν,
1165 4338 1235 4399 ωστε
1245 4340 1277 4412 θ’
1279 4362 1324 4398 σαι
1342 4337 1403 4408 τους
1413 4336 1598 4408 πιστωοντας
1613 4341 1705 4402 Katt-

132 4451 201 4506 mus,
208 4449 267 4509 Jam
277 4439 384 4505 vigente
394 4424 470 4484 febre
470 4444 570 4505 opem
582 4422 624 4481 tlh
634 4423 726 4482 attuht
737 4423 874 4486 Christus
928 4454 1004 4511 περι
996 4432 1085 4512 ἰατρὸς
1098 4432 1218 4513 ἄριστος,
1238 4432 1399 4510 ακμαζοντος
1410 4433 1450 4491 ἐτι
1463 4437 1510 4493 τοῦ
1523 4438 1661 4518 πυρετοῦ,
1676 4434 1708 4494 τὸ

130 4521 270 4604 oportebat
293 4518 442 4578 enimcum
459 4516 487 4575 in
501 4517 560 4597 ipso
573 4515 663 4574 furore
676 4506 874 4597 comprehendi.
930 4523 1097 4602 βοηθημα’
1068 4527 1140 4604 αυτῷ
1160 4522 1292 4603 ἐπήγαγεν
1306 4528 1321 4583 δ
1334 4523 1458 4604 Χριστός·
1480 4523 1535 4584 ιδς,
1553 4525 1609 4607 γὰρ
1629 4525 1707 4586 ma„

131 4621 155 4677 Γ
159 4638 210 4676 runc
229 4613 348 4675 maxime
361 4610 474 4687 decidit,
490 4631 522 4668 ac
536 4608 653 4689 seipsum
674 4609 874 4689 condemnarit,
930 4614 1027 4690 μεταξὺ
1046 4613 1203 4728 μαινόμενρν
1221 4620 1426 4696 κατασχεθηναι.
1441 4615 1512 4675 Τότε
1529 4617 1649 4695 μάλιστα
1664 4643 1709 4678 κα

130 4725 159 4768 ut
172 4709 220 4788 qui
234 4707 327 4788 gravia
344 4716 505 4763 attentasset.
519 4701 573 4761 Sed
586 4723 695 4760 rursum
706 4723 793 4784 operae
806 4725 876 4783 prae-
928 4705 1038 4780 τέπεσε,
1059 4730 1104 4764 και
1122 4707 1242 4785 κατέγνω
1267 4711 1413 4782 ἑαυτοῦ,
1398 4731 1435 4773 ως
1455 4707 1529 4767 δεινὰ
1547 4711 1710 4789 τολμῶντος.

127 4804 195 4862 tium
205 4799 285 4861 suerit
296 4817 444 4859 sermonem
455 4816 596 4855 resumere.
609 4795 675 4871 Cur,
688 4816 786 4872 queso,
798 4795 875 4855 Scri-
930 4799 1008 4858 ’titt
1018 4801 1098 4858 πόλιν
1109 4801 1190 4859 καλὸν
1207 4801 1272 4879 πρὸς
1285 4805 1354 4879 ὑμᾶς
1366 4800 1410 4860 τὸν
1422 4799 1499 4879 λόγον
1516 4802 1711 4863 ἐπαναλαὸςῑν,

128 4895 234 4975 pturae?
246 4891 327 4965 Quod
341 4889 376 4949 ad
390 4909 438 4950 vos
452 4899 564 4968 spectat,
579 4886 667 4945 omnin
682 4887 788 4944 sublata
802 4901 873 4946 sunt.
928 4891 1007 4958 Τίνος
1022 4890 1119 4965 ένειιεν,
1132 4891 1190 4951 εἰπέ
1205 4915 1263 4970 μοι,
1278 4896 1305 4951 od
1320 4889 1442 4973 spopui3
1456 4891 1497 4952 Τὸ
1511 4893 1567 4976 γὰρ
1581 4895 1712 4975 ὑμέτερος

128 4990 182 5046 Cur
199 4986 327 5046 eeclesia?
344 4984 438 5043 hihros
460 4980 587 5039 suffudito
602 5004 607 5036 :
624 4980 691 5039 sorte
706 5001 757 5039 non
771 4981 823 5040 tole
830 4983 872 5062 ju-
930 4984 1023 5063 μέρος,
1046 4985 1132 5044 πάντα
1162 4984 1302 5064 ἀνῄρηται.
1327 4985 1405 5052 Τίνος
1425 4983 1512 5046 ἕνεκεν
1537 4985 1712 5061 ”intuetu

159 5173 231 5221 Uni
232 5171 363 5224 ιοσίῖἀ.π
339 5184 422 5277 σημεῖα
420 5195 474 5231 ην.
487 5179 586 5241 ρπῶς
596 5193 671 5235 με
967 5173 1075 5225 ἢΜοιιιλ
1088 5184 1168 5236 ἐννοίας
1179 5184 1241 5242 ἡμῶν
1253 5186 1339 5246 καιρόν.

160 5255 172 5291 b
184 5248 656 5309 Uss1¹³C⁰d·irt⁰·itvt³isirs·o'th
628 5274 670 5316 γα
656 5289 670 5320 μ
672 5195 745 5323 inpium
730 5263 798 5321 μήτι..
966 5255 979 5293 b
991 5260 1111 5320 λκιληαὶα,
1123 5259 1187 5314 δῆσαι
1199 5265 1229 5310 τὰ
1239 5261 1327 5323 βιθλία,
1339 5256 1375 5306 sic
1387 5269 1462 5311 ιιιιιιε,
