3728 5978
217 420 293 518 454
555 444 585 493 s.
612 439 753 493 ιοιιιιιιε
777 438 961 492 marsuan.
989 441 1147 494 anemae.
1175 443 1445 495 consularium.

217 566 322 651 lapides
347 567 449 628 hahens
476 567 617 649 pretiosos,
651 586 700 626 nec
728 585 890 649 purpuram,
911 566 959 626 sed
1015 567 1203 648 τιμίους,οὖδά
1210 568 1354 651 ἁλουργίδα
1364 569 1500 644 τοιαύτην,
1512 567 1582 630 ἀλλά
1589 568 1717 647 κτήματα
1727 571 1790 629 πολ·

218 663 299 743 longe
315 662 359 722 his
377 662 499 722 meliora.
514 659 571 733 Qui
584 660 645 722 vult
660 659 689 719 in
703 659 756 719 hoc
779 658 891 740 pelagus
907 657 958 719 de-
1015 661 1163 742 λῷτοίτιον
1172 659 1313 741 βιλτίοι.Ὁ
1325 661 1481 741 βουλόμενος
1495 664 1532 731 είς
1540 668 1618 722 τοῦτο
1630 663 1791 722 καθιῑναιτθ

219 753 359 832 scendere,
373 774 427 813 non
443 775 511 835 opus
525 752 608 812 habet
628 750 813 811 urinatorihus
826 749 869 811 rel
888 749 962 826 oleo,
1016 752 1130 832 πέλαγος
1144 753 1246 828 ἑαυτὸν,
1264 756 1294 813 οὐ
1309 755 1483 834 cauponem
1508 754 1606 827 δεῖται,
1620 757 1669 814 οὐκ
1688 744 1791 828 ἐλαίου,

218 845 268 907 sed
283 845 456 929 philosophia
475 845 562 904 multa
577 843 718 903 :inveniet
742 842 771 902 in
794 842 855 924 ipso
872 841 962 902 omnia
1018 843 1087 905 ἀλλὰ
1101 845 1255 926 φιλοσοφίας
1268 847 1384 919 πολλῆς·
1401 845 1506 924 εὑρήσει
1519 848 1546 905 ἐν
1565 848 1637 926 αὐτῷ
1651 845 1742 905 πάντα
1758 845 1791 905 cd

156 996 160 1007 ,
218 939 300 1015 hona,
315 960 376 1017 qua
395 952 458 998 sant
471 938 499 999 in
513 958 596 1019 regno
611 937 748 997 caelorum.
762 935 819 1011 Qui
832 935 896 995 talia
911 947 962 1012 est,
969 985 1006 1025 4„
1018 937 1104 1018 ἀγαθὰ
1118 937 1152 997 τίι
1165 941 1192 998 ἐν
1211 942 1245 1018 τῇ
1268 937 1391 1018 βασιλεία
1408 941 1461 998 τῶν
1481 941 1609 1019 οὐρανῶν.
1620 937 1656 998 Ὁ
1675 943 1790 1007 τοιοῦτος

219 1031 317 1112 poterit
338 1053 389 1092 rex
411 1053 480 1108 asse,
504 1045 530 1091 et
556 1044 642 1091 totum
665 1027 801 1088 mundum
827 1027 963 1108 accipere,
980 1040 1001 1087 n
1018 1029 1063 1090 καί
1079 1029 1220 1102 δυνήσεται
1237 1031 1358 1109 γενέσθαι
1371 1030 1509 1110 βασιλεὺς,
1523 1031 1567 1090 καί
1582 1031 1673 1091 πάντα
1692 1031 1790 1092 iaxt-

219 1142 329 1203 eateque
339 1122 369 1182 in
387 1123 489 1182 honore
505 1120 626 1181 maximo
640 1119 707 1199 :qui
725 1119 754 1177 in
765 1119 818 1179 hnc
831 1117 900 1177 mari
915 1137 964 1177 na·
1018 1145 1085 1202 σμον
1098 1121 1202 1194 λαθεῖν,
1217 1122 1264 1183 καί
1282 1126 1310 1183 ἐν
1331 1128 1397 1203 τιμῇ
1412 1113 1479 1183 εἶναι
1490 1123 1505 1155 *
1516 1121 1647 1203 μεγίστῃ·
1664 1122 1791 1193 heodem

218 1213 313 1295 rigat,
333 1234 482 1293 numquam
501 1212 676 1293 naufragium
696 1210 788 1289 iaciet,
810 1209 857 1269 sed
873 1209 965 1270 omnia
1017 1213 1165 1288 τλίωντὴν
1177 1214 1313 1275 θοίλασσαν
1325 1214 1583 1295 οθθίποτεναυιίγιον
1597 1214 1791 1288 θποσπήσεται,

219 1307 289 1367 bene
301 1307 376 1368 sciet.
393 1310 498 1370 Verum
512 1306 583 1366 sicut
596 1306 628 1379 ii,
641 1303 688 1386 qui
702 1304 731 1363 in
741 1303 872 1363 hocmari
885 1300 965 1362 navi·
1018 1307 1088 1368 ἀλλά
1109 1306 1198 1366 πείντα
1222 1305 1322 1367 τίσεται
1343 1308 1440 1375 καλῶς.
1454 1307 1524 1366 Ἀλλ’
1544 1305 1636 1387 είισπαρ
1650 1311 1674 1367 oi
1695 1307 1791 1380 πώνης

219 1412 295 1481 gant,
310 1400 333 1460 si
347 1399 467 1483 imperiti
481 1401 551 1476 sint,
565 1399 734 1459 suffocantur
748 1420 756 1455 ε
770 1395 810 1457 sic
827 1410 854 1456 et
868 1395 897 1455 in
917 1395 965 1456 illo
1018 1399 1123 1480 ἄπειροι
1147 1403 1195 1472 τῆς
1216 1398 1352 1472 θαλάσσης
1374 1398 1582 1478 ἀποπνίγονται,
1599 1399 1671 1460 οῦτοι
1691 1398 1725 1472 δὴ
1748 1400 1792 1460 καλ

110 1573 113 1577 ⁴
218 1493 290 1552 mari
304 1516 312 1551 ε
325 1492 356 1554 id
373 1493 449 1579 quod
462 1491 560 1553 accidit
573 1490 725 1563 haereticis,
740 1489 789 1568 qui
809 1489 966 1570 plusquam
1019 1495 1144 1553 ενταῦθα·
1159 1491 1224 1573 ὅπερ
1238 1491 1413 1573 δὴπιίσγοοσι
1427 1493 1511 1551 καλοί
1525 1492 1792 1574 αίριτιιιολτοίςθπίρ

219 1585 394 1662 ierantviree,
402 1598 542 1647 attentant.
551 1586 666 1667 Oportet
677 1603 741 1664 ergo
752 1580 966 1664 profunditatem
1019 1584 1131 1665 δυ’ναμιν
1142 1588 1329 1665 ἀγχειροῦντες.
1343 1587 1391 1644 Δεῖ
1401 1583 1434 1657 δὴ
1448 1585 1480 1645 τὸ
1493 1585 1573 1663 βάθος
1582 1583 1671 1644 τοίνυν
1683 1584 1792 1658 elidum,

220 1677 375 1758 ejusaeise,
390 1678 435 1739 rel
447 1698 501 1738 non
512 1689 651 1738 attentare.
662 1673 826 1754 Nauigaturi
838 1691 904 1752 ergo
915 1672 968 1734 hoc
1019 1676 1038 1750 ἢ
1060 1677 1098 1756 μὴ
1113 1679 1295 1758 κατατολμᾷν.
1308 1672 1354 1736 Ἂν
1375 1675 1515 1755 μέλλωμεν
1534 1679 1608 1736 πλεῖν
1625 1676 1658 1736 πθ
1678 1676 1795 1757 πίλαγος

74 1784 212 1833 neonus.
220 1769 343 1852 pelagos,
358 1767 427 1829 bene
442 1767 555 1829 accincti
568 1766 662 1828 simus.
674 1767 744 1826 Non
755 1768 848 1845 potui,
866 1764 966 1845 inquit,
1019 1776 1111 1842 τοῦτο,
1125 1769 1231 1839 ιῦζοινοι
1244 1766 1388 1847 γενοίμεθα
1400 1771 1459 1829 Oios
1475 1768 1608 1842 ἠδυνήθην
1627 1772 1701 1847 ὑμῖν,
1713 1770 1792 1848 φησὶ,

221 1863 308 1921 uobis
322 1861 405 1941 loqui
413 1873 445 1919 ut
454 1859 668 1941 spiritualibus,
680 1858 733 1916 sed
744 1868 777 1916 ut
786 1856 967 1918 carnalibus.
1019 1861 1136 1935 λαλῆσαι
1145 1862 1181 1930 ὡς
1194 1867 1399 1940 πνευματικοῖς,
1410 1858 1470 1920 ἀλλ’
1483 1864 1520 1928 ὡς
1531 1869 1676 1940 σαρκικοῖς.
1694 1861 1793 1934 Μηδεὶς

220 1940 321 2015 uillas
333 1952 477 2035 impatiens
491 1953 521 2012 in
538 1953 591 2012 hoc
603 1951 700 2034 pelago
706 1949 823 2029 naviget.
838 1952 969 2012 Paremus
1020 1953 1198 2035 ἀεαρτὲρητος
1204 1957 1282 2013 τοῦτο
1292 1950 1392 2012 πλείτω
1401 1951 1562 2033 τθπίλαγος.
1574 1952 1793 2013 Κατασκουοίσιο-

197 2044 404 2123 anchisnaves3
419 2043 450 2105 id
465 2057 515 2120 est,
528 2043 660 2119 studium,
672 2041 848 2115 alacritatem,
862 2063 966 2124 precer,
982 2057 1001 2107 a
1022 2069 1071 2128 μεν
1087 2049 1189 2113 ίαυτοῑς
1208 2047 1308 2120 πλοῖα,
1327 2044 1472 2118 τουτέστιν,
1486 2043 1613 2119 σπουδὴν,
1633 2043 1793 2124 προθυμίαν,

221 2149 253 2201 nt
264 2157 328 2197 cnm
336 2137 426 2217 quiete
433 2136 506 2196 illud
517 2135 699 2218 trajiciamus:
718 2133 816 2194 etenim
823 2134 883 2194 haec
899 2156 970 2215 aqua
1022 2139 1118 2222 εὐχὰς,
1128 2139 1200 2200 ὥστε
1209 2135 1330 2198 διανύσαι
1343 2135 1374 2196 τὸ
1386 2136 1500 2219 πέλαγος
1511 2140 1539 2197 is
1551 2135 1668 2219 ἡσυχία·
1682 2137 1730 2197 καί
1743 2136 1794 2220 γὰρ

221 2228 318 2291 vium
329 2242 378 2290 est.
397 2232 438 2289 dc
457 2230 482 2290 si
501 2229 563 2310 quis
582 2227 727 2311 chalybem
745 2226 857 2309 igneum
872 2229 970 2310 capiat,
1021 2232 1054 2292 πθ
1065 2230 1136 2314 stop
1145 2233 1224 2292 τοῦτο
1236 2231 1287 2299 ζῶν
1305 2233 1371 2291 icet.
1386 2229 1515 2311 Καθάπερ
1528 2230 1554 2289 εί
1565 2252 1607 2299 τις
1622 2229 1707 2311 πυρὸς
1719 2229 1795 2290 lita

221 2320 263 2382 dc
288 2319 336 2398 qui
359 2321 478 2383 Paulum
495 2320 586 2394 norit,
611 2334 643 2380 nt
668 2318 785 2403 chalyha
803 2319 970 2380 roborature
1023 2323 1127 2404 στίμιι,
1140 2322 1389 2391 οθτως“θΠαῦλον
1406 2320 1482 2389 είθιλς
1492 2329 1656 2402 στομοῦται·
1675 2321 1795 2403 καθάπερ

222 2410 359 2495 σοι’φιιίο
378 2412 502 2494 gladium
515 2426 626 2475 aarum
634 2411 749 2489 haheat,
760 2410 801 2473 ain
812 2411 877 2473 alic
888 2412 971 2473 homo
1024 2416 1049 2478 εί
1063 2440 1105 2486 τις
1117 2415 1254 2498 μάχαιραν
1267 2413 1354 2485 ὀξεῖαν
1373 2415 1444 2496 ἔχοι,
1456 2414 1539 2484 οθτοις
1558 2418 1574 2474 θ
1585 2420 1704 2481 τοιοῦτος
1715 2415 1793 2475 πάλιν

224 2504 287 2587 capi
297 2525 351 2567 noa
360 2505 468 2587 poterit.
480 2504 575 2567 Etiam
590 2503 628 2577 ad
636 2500 812 2585 intelligenda
823 2503 902 2567 Pauli
912 2524 972 2567 aen-
1024 2507 1168 2576 ἀιιάθακτος
1179 2507 1290 2588 γίνεται.
1305 2505 1362 2568 Καί
1372 2504 1439 2589 πρὸς
1447 2506 1479 2565 πθ
1490 2509 1585 2578 νοῆσαι
1596 2503 1625 2566 δὲ
1637 2505 1673 2565 τὰ
1687 2505 1795 2566 Παύλοι

95 2635 143 2665 er.
177 2648 184 2663 .
224 2618 255 2658 aa
279 2597 337 2659 vita
365 2619 434 2679 pura
450 2611 491 2662 ott
509 2594 789 2680 oput.1de⁰dieehet
808 2619 816 2655 e
833 2600 874 2658 Iu
885 2596 973 2658 lactis
1027 2598 1085 2679 βίαι
1103 2604 1220 2680 καθαροῦ
1236 2599 1329 2658 δεῖται.
1339 2597 1392 2666 Διά
1401 2604 1478 2659 τοῦτο
1489 2597 1535 2655 καί
1548 2596 1638 2676 ilem·
1659 2597 1795 2664 Γάλαιιπος

225 2697 397 2754 necessitate
409 2695 497 2768 estis,
509 2694 581 2775 quia
593 2690 754 2753 intbeeilies
762 2692 884 2751 auribus
894 2691 973 2771 sacti
1024 2695 1052 2753 lu
1064 2689 1296 2774 χρείρκατίστεςτε
1304 2737 1313 2766 ,
1321 2692 1379 2752 luel
1387 2690 1481 2774 νιοθροί
1494 2689 1619 2770 γεγόνατε
1625 2697 1685 2756 ταῖς
1696 2693 1795 2757 ἀκοαῖς

224 2786 369 2863 estit,1dat
385 2787 468 2865 enim,
482 2799 537 2867 ut,
552 2786 675 2869 inquam,
689 2785 835 2847 infirmitas
850 2784 972 2846 auditus.
1023 2781 1104 2846 Ἔστι
1117 2783 1183 2868 γάρ,
1197 2783 1269 2844 ἀστιν
1291 2783 1412 2844 ἀσθίνεεα
1424 2790 1473 2856 τῆς
1493 2786 1583 2855 ἀκοῆς.
1602 2781 1734 2864 Καθάπερ
1745 2780 1796 2864 γιίρ

225 2880 303 2942 Sicut
313 2881 387 2954 enim
399 2880 557 2942 stomachus
572 2890 651 2942 nator
663 2893 691 2941 et
708 2878 831 2940 difficilis
844 2879 975 2945 medonis
1024 2876 1160 2960 στόμαχος
1172 2881 1219 2938 οὐκ
1233 2876 1265 2941 ἀν
1279 2875 1382 2946 δέξαιτο
1391 2875 1491 2956 ῦγιεινά
1505 2875 1577 2936 σιτία
1592 2874 1639 2936 καί
1654 2876 1796 2958 δυσκατέρ-

226 2971 303 3034 cihos
323 2993 378 3033 non
394 2972 558 3056 suscipit,si
575 2972 611 3033 sit
623 2971 750 3032 infirmus
765 2995 772 3029 ε
787 2970 826 3031 sic
844 2982 870 3030 ct
883 2971 974 3032 anima
1024 2992 1125 3050 γαοτα,
1139 2969 1250 3043 ἀσθενὴς
1258 2967 1385 3045 elusium
1405 2969 1451 3030 καί
1468 2968 1543 3050 impl
1557 2971 1724 3048 θγιιανθεῦσα,
1736 2968 1797 3050 φλε·

225 3079 335 3128 tumens
351 3079 378 3127 et
390 3067 495 3145 inflata,
508 3069 613 3128 enervis
626 3067 696 3127 iacta
710 3079 737 3126 et
754 3063 897 3141 dissoluta,
918 3085 972 3127 non
986 3077 1007 3129 a
1025 3061 1185 3144 γμαίνοασα,
1195 3061 1286 3130 ἄτονος
1295 3062 1422 3141 γινομένη
1435 3062 1483 3123 καί
1492 3061 1609 3136 ἔκλυτος,
1617 3063 1665 3123 oia
1677 3062 1711 3120 ἀν
1721 3061 1797 3133 loves

225 3169 317 3240 potest
328 3156 498 3240 spiritualem
512 3177 662 3218 monem
674 3157 804 3238 accipere.
833 3153 908 3216 dudi
930 3155 974 3227 di·
1026 3153 1084 3229 θιίη
1094 3152 1217 3225 θίξασθαι
1230 3154 1275 3214 τὸν
1288 3154 1468 3234 πνευματικὸν
1480 3153 1568 3235 λόγον.
1578 3153 1673 3217 Ἄκουε
1682 3157 1736 3214 τῶν
1748 3177 1797 3233 μα·

75 3248 346 3332 10,„‚6,51,scipuloa
362 3247 482 3310 dicentes
495 3273 502 3308 ε
517 3251 620 3311 Durus
642 3261 685 3309 est
705 3250 754 3309 hic
779 3267 890 3321 semor
906 3253 973 3328 quis
1027 3249 1114 3320 θητῶν
1133 3245 1277 3326 λεγόντοιν·
1293 3244 1415 3327 Σκληρός
1428 3251 1499 3307 ἐστιν
1521 3249 1536 3305 θ
1558 3245 1635 3326 λόγος
1650 3236 1738 3315 οὗτος
1758 3245 1797 3310 τίς

224 3346 334 3427 poterit
348 3364 415 3403 eum
430 3344 554 3404 audire?
568 3342 598 3404 si
617 3363 682 3404 vero
703 3342 782 3403 sortis
799 3354 826 3400 et
847 3345 973 3422 sanant,
1026 3337 1137 3400 δύναται
1153 3343 1231 3400 αὐτοῦ
1243 3339 1360 3415 ducilem
1371 3339 1419 3401 Ἂν
1438 3340 1466 3399 δὲ
1480 3338 1579 3422 ἰσχυρὰ
1591 3330 1609 3419 ᾖ
1620 3339 1667 3400 καί
1679 3337 1796 3420 ὑγιεινὴ,

228 3435 319 3496 omnia
330 3435 413 3512 levia,
430 3435 521 3496 omnia
536 3436 627 3495 facilia
645 3448 721 3511 sunt;
741 3433 873 3495 excelsior
885 3434 934 3500 tila
948 3451 974 3500 et
1026 3433 1115 3493 πάντα
1131 3437 1231 3514 ῥᾷστα,
1242 3432 1332 3493 πάντα
1346 3433 1457 3507 εὔκολα,
1477 3430 1627 3514 θφςλατίρα
1639 3432 1742 3512 γίνεται
1754 3431 1797 3490 καὶ

227 3528 317 3591 levior
332 3528 420 3609 magis
437 3529 563 3590 sublimis
581 3529 710 3606 efficitur,
728 3541 755 3588 et
770 3527 799 3586 in
812 3526 899 3591 altam
916 3531 973 3591 tol·
1027 3524 1181 3606 κωφοτίρα,
1193 3527 1294 3604 μᾶλλον
1305 3525 1490 3606 μετεωρίζεται
1503 3523 1549 3585 καὶ
1564 3523 1674 3606 ulcheio<
1684 3523 1796 3605 αίριται.

227 3622 306 3683 utor.
324 3621 390 3683 Hae
403 3642 468 3703 ergo
481 3621 693 3700 consciamne,
713 3643 806 3683 sanan
828 3623 975 3692 constitua-
1027 3607 1180 3687 Ταῦτανίν
1201 3616 1298 3685 εἰδότες
1320 3616 1434 3698 ὑγιεινὴν
1456 3621 1533 3696 ἡμῶν
1557 3615 1797 3695 κατασκευάσωμεν

228 3736 292 3776 mus
302 3714 421 3775 animam
431 3727 551 3776 nostram
564 3737 571 3772 ι
584 3714 742 3775 emulemur
758 3717 876 3776 Paulum
882 3761 892 3794 ,
908 3716 973 3776 imi·
1027 3708 1076 3783 πλν
1086 3707 1185 3794 ψυχὴν,
1197 3709 1244 3769 καί
1258 3707 1418 3788 ζηλώοωμεν
1430 3709 1475 3768 τὸν
1489 3709 1607 3781 Παῦλον,
1617 3705 1664 3766 καί
1676 3706 1797 3787 μιμηταί

228 3822 321 3870 tcmur
336 3808 433 3869 iontem
446 3807 522 3867 illam
538 3821 565 3869 et
580 3807 781 3869 adamantinam
795 3810 931 3886 animam3
943 3821 975 3868 nt
1030 3808 1098 3881 μεθο
1118 3801 1168 3875 τάν
1179 3799 1300 3880 γενναίαν
1315 3800 1417 3874 ἐκείνην
1436 3800 1481 3859 καί
1502 3798 1681 3879 ἀδαμαντίνην
1695 3799 1797 3880 ψυχήν·

230 3901 288 3983 ejus
307 3899 372 3962 vitae
385 3898 499 3979 vestigia
513 3912 663 3979 sequentes,
686 3899 975 3983 possimus‘praesentis
1027 3893 1073 3954 iun
1086 3893 1147 3954 κατ’
1158 3893 1229 3974 ίχνος
1242 3896 1296 3952 τῶν
1306 3891 1407 3972 ,ἐκείνῳ
1421 3890 1589 3971 βεὸιωμίνων
1610 3891 1797 3972 πορωόμενοι,

230 3993 294 4056 ritae
307 3992 420 4074 pelagus
439 3990 575 4073 trajicere,
586 4005 613 4051 et
622 3991 659 4052 ad
671 3993 849 4074 tranquillam
864 4005 975 4076 portum
1029 3988 1182 4065 δυνηθῶμεν
1192 3984 1223 4045 τὸ
1233 3984 1348 4064 πίλαγος
1358 3988 1404 4044 τοῦ
1414 3983 1542 4064 παρόντος
1557 3982 1615 4062 βίου
1629 3985 1799 4055 διαπλεῦσαι,

229 4083 375 4167 appellere,
395 4104 426 4144 ac
438 4084 572 4165 promissa
591 4083 701 4145 Christo
718 4084 801 4166 digne
818 4085 975 4149 virentibus
990 4093 1010 4140 D
1029 4079 1075 4140 καί
1096 4082 1132 4148 είς
1144 4079 1188 4138 τὸν
1206 4076 1358 4155 ἀκύμαντον
1380 4074 1477 4153 λιμένα
1490 4077 1731 4149 καταντῆσαι,ιιαί
1751 4079 1799 4135 τῶν

225 4173 301 4236 hona
310 4174 446 4252 consequi,
455 4173 541 4253 gratia
550 4186 577 4233 et
584 4173 751 4254 benignitate
764 4175 877 4236 Domini
889 4173 974 4235 nostri
1029 4169 1233 4253 ὶπιγγγελμίνων
1248 4170 1353 4249 ἀγαθῶν
1368 4167 1440 4237 ’τοῖς
1451 4166 1531 4237 ἀξίοις
1542 4172 1588 4227 τοῦ
1600 4169 1720 4248 Χριστοῦ
1733 4170 1800 4244 βιοῦ-

229 4263 295 4323 Jetu
303 4260 414 4336 Christi,
427 4262 539 4340 quicum
546 4261 621 4328 Patri
634 4261 716 4322 simul
731 4277 758 4322 et
781 4262 899 4345 spiritui
913 4283 975 4323 san·
1029 4288 1071 4326 σιν
1095 4269 1239 4346 ἐπιτυχεῖν,
1253 4262 1345 4346 χάριτι
1362 4263 1407 4322 καλ
1429 4261 1613 4344 φιλανθρωπία
1632 4265 1680 4321 τοῦ·
1697 4260 1801 4341 Κυρίου,

230 4366 274 4413 cto
286 4351 381 4432 gloria,
393 4351 549 4433 imperium,
563 4354 662 4433 honor,
677 4375 750 4415 nunc
772 4369 800 4417 et
819 4376 933 4439 semper,
948 4370 975 4418 et
1028 4361 1106 4437 ἡμῶν
1116 4357 1207 4430 Ἰησοῦ
1218 4357 1345 4436 Χριστοῦ,
1361 4358 1418 4434 μεθ’
1430 4345 1461 4415 ch
1474 4357 1513 4434 τῷ
1524 4353 1613 4436 Πατρὶ
1621 4352 1680 4431 ἅμα
1688 4356 1728 4434 τῷ
1738 4352 1803 4433 ἀγίφ

226 4443 365 4508 intaeaula
379 4444 549 4505 seculorum.
567 4448 662 4507 men.
1029 4449 1168 4529 Πνιθματι
1187 4447 1259 4522 δόξα,
1279 4448 1389 4530 κράτος,
1399 4445 1481 4527 τιμὴ,
1502 4452 1548 4508 νῦν
1562 4446 1608 4504 καί
1626 4443 1688 4519 ἀεὶ,
1708 4445 1755 4505 καί
1769 4448 1802 4512 είς

1027 4541 1087 4610 τοὺς
1098 4545 1195 4611 αἰῶνας
1208 4544 1261 4600 τῶν
1276 4539 1387 4603 αἰώνιον.
1404 4537 1496 4619 Ἀμήν.

262 4724 276 4757 ί
293 4726 359 4793 [llic
374 4722 467 4776 desinit
476 4721 563 4776 Codex
579 4726 703 4793 7²a=n.]
1041 4725 1127 4778 dimus
1140 4737 1169 4778 ut
1186 4721 1264 4775 hahet
1280 4726 1313 4779 D.
1327 4725 1400 4774 Hunc
1421 4738 1485 4775 vero
1502 4721 1622 4773 Codicem
1633 4737 1720 4774 errore
1730 4737 1803 4790 ειιριε

262 4804 385 4857 tomam
400 4801 453 4856 fere
471 4803 752 4863 transmutamur
774 4809 836 4866 ridde
856 4814 987 4873 στομοῦται.
1040 4805 1151 4857 diximus
1162 4802 1275 4856 desinere
1287 4802 1313 4854 in
1325 4801 1396 4854 hom.
1408 4800 1624 4870 quinquagesima.
1638 4801 1702 4864 Quae
1717 4801 1765 4853 sub
1779 4801 1805 4852 fi·

229 4883 281 4948 [Sic
289 4885 321 4936 D.
331 4894 358 4935 et
368 4884 398 4937 d.
406 4881 437 4936 C.
457 4882 504 4933 nisi
519 4880 590 4949 quod
603 4880 629 4932 hi
647 4879 700 4934 dno
715 4889 804 4944 Παῦλος
819 4901 866 4950 pro
878 4887 990 4953 ταινίαι]
1039 4902 1097 4936 aem
1108 4882 1249 4951 doxologia
1258 4879 1413 4946 addidimus,
1422 4880 1519 4933 habeat
1528 4878 1602 4932 simui
1611 4893 1662 4932 tres
1673 4879 1719 4933 illi.
1728 4883 1805 4934 Cate-

230 4957 298 5011 Editi
310 4967 422 5022 θηαῦλος
434 4963 490 5020 ntiae
501 4970 640 5028 παροῦσαι,
653 4957 761 5012 obscura
772 4959 862 5014 dictim
1039 4980 1096 5014 ram
1108 4961 1141 5014 de
1152 4960 1250 5014 ratione
1262 4963 1340 5013 totius
1350 4977 1432 5027 operae
1444 4977 1457 5011 ε
1467 4959 1541 5011 nohis
1551 4957 1576 5009 in
1585 4956 1632 5009 hos
1643 4959 1804 5011 Commenta·

262 5039 357 5106 bieete
374 5049 490 5108 ἀγαπῶσιν
507 5046 576 5098 τοῦτον
591 5047 704 5110 ίπιτνχεῦν
714 5037 929 5097 tardamue.
940 5043 990 5094 Do·
1038 5043 1089 5095 rios
1098 5041 1216 5110 impensa
1226 5037 1550 5109 videEpimeteumincalce
1561 5036 1636 5107 hujus
1644 5037 1805 5103 Velamima]

502 5259 529 5321 β.
547 5259 688 5314 rotulus
704 5261 942 5326 cantsostuttl
958 5264 998 5317 {li
1013 5263 1098 5317 ACTA
1116 5261 1232 5317 APOST.
1250 5261 1426 5325 ΩΟΚΚΕΝΤ.
1444 5260 1547 5322 rlttts,
