3728 5978
215 383 261 456 86
575 405 605 453 S.
633 402 769 452 tonsure
795 398 993 449 cnnvsosn.
1012 399 1169 447 ARCHIEP.
1196 399 1469 448 consulturos.

214 529 332 612 adjicit:
352 529 445 606 Quem
455 538 566 608 oportet
576 526 682 587 calum
692 527 845 605 suscipere.
862 521 961 600 Utique
1015 520 1147 590 δεἜασθαι.
1170 520 1270 602 Ἀκμὴν
1290 521 1422 591 δέξασθαι.
1447 521 1502 582 Kal
1518 525 1576 589 πῶς
1593 524 1642 581 οὐκ
1657 510 1789 596 εἰπεν,δν

216 620 360 701 suscipere.
378 618 414 678 Et
425 639 474 677 cur
487 615 639 692 condixit,
655 619 745 691 Quem
762 615 860 675 celum
873 633 961 673 susoc-
1015 614 1123 696 οέιρανδς
1132 613 1254 688 lilium
1271 616 1358 675 Toirto
1368 617 1405 683 ὥς
1414 611 1476 695 περὶ
1486 617 1539 673 τῶν
1549 614 1605 674 ἀνω
1615 613 1720 694 χρόνων
1733 613 1788 672 δια-

215 711 277 794 pit?
292 711 350 770 Hoc
367 709 445 789 quasi
464 708 498 769 de
517 707 613 790 priscis
631 706 797 789 temporibus
819 704 886 765 dicit
897 728 905 762 ι
916 704 962 764 Sic
1014 705 1154 786 λεγόμενος
1174 696 1265 782 εἶπεν,
1285 704 1368 773 σύτως
1392 704 1577 787 ᾠκονόμηται,
1599 705 1700 786 φησλν,
1720 703 1789 764 οὕτω

215 804 400 886 dispensatum
414 816 465 880 est,
478 802 519 861 sic
528 800 720 861 constitutum:
737 790 772 858 de
786 811 884 858 aeteroa
901 816 963 857 vero
1016 798 1204 859 ‘sarriuntur
1218 797 1279 881 περὶ
1290 796 1319 859 δὲ
1331 802 1379 870 τῆς
1391 795 1496 857 αἰωνίου
1508 795 1646 878 ὑπάρξεως
1658 800 1739 857 αὐτού
1750 799 1790 856 οδ

216 896 275 977 ejus
291 893 431 956 existentia
445 893 566 955 nondum
579 892 652 953 dixit
659 915 669 969 ;
682 891 730 952 sed
742 890 832 951 adhuc
847 889 882 950 de
892 910 962 949 oeoo·
979 889 998 938 Ε
1016 889 1088 950 δίπω
1097 889 1185 971 φησίν,
1197 886 1257 951 ἀλλ’
1267 888 1306 949 ἔτι
1315 898 1370 958 τοῖς
1378 891 1427 960 τῆς
1439 887 1588 968 οἰκονομίας
1602 889 1691 968 λόγοις
1704 887 1788 948 ἐνδια·

215 990 305 1050 nomia
328 988 386 1048 sive
408 986 591 1047 incarnatione
609 985 698 1067 pergit
715 982 817 1043 'dicere
839 984 962 1058 Moyses
1015 980 1100 1063 τρλύει
1109 982 1155 1041 καλ
1167 983 1255 1063 λέγει·
1269 975 1372 1054 Μωσῆς
1386 980 1435 1059 plu
1447 981 1499 1063 γάρ
1514 972 1573 1041 εἶπε
1587 981 1654 1065 πρὸς
1666 978 1728 1048 τοὺς
1740 1003 1788 1039 πα·

216 1081 334 1161 quidem
347 1080 486 1161 loquutus
497 1091 540 1138 est
548 1080 683 1157 patribus
697 1076 898 1155 :Prophetarn
906 1093 961 1132 ‘uu-
1014 1073 1108 1154 τόρας,
1127 1072 1168 1134 ότι
1185 1073 1325 1156 προφήτην
1344 1078 1406 1156 ὑμῖν
1428 1073 1570 1146 ἀναστήσει
1588 1074 1694 1154 Κύριος.
1721 1063 1788 1134 hiza

215 1172 260 1232 bis
273 1174 416 1231 excitabit
424 1172 581 1230 Dominus.
590 1166 696 1228 Deinde
709 1188 770 1227 cum
785 1166 910 1248 superius
918 1165 961 1224 di·
1015 1165 1100 1227 ἀνωτά
1154 1165 1245 1240 εἰπὼν,
1258 1165 1705 1250 Ἀχριγρόνωιάπσκαταστάσεως
1718 1165 1788 1225 πάκ-

215 1262 610 1344 xissetzlssqueadtempara
618 1262 809 1320 restitutionis
818 1261 960 1329 omnium,
1014 1281 1082 1331 των,
1120 1258 1277 1332 νίλάλησεν
1291 1262 1305 1318 δ
1320 1257 1448 1327 Θεδςδιά
1462 1257 1594 1338 στόματος
1610 1257 1720 1319 πάντων
1733 1260 1786 1317 τῶν

214 1368 280 1436 quie
292 1356 428 1437 loquutus
442 1366 485 1414 est
496 1355 578 1413 Deus
585 1352 643 1433 per⁴
652 1371 684 1411 os
697 1355 830 1410 omnium
845 1360 961 1409 sancto-
1014 1348 1096 1429 ἀγίων
1110 1353 1189 1411 αὐτοῦ
1201 1354 1344 1433 προφητῶν
1355 1349 1404 1410 ἀπ’
1416 1352 1519 1419 αἰῶνος,
1531 1348 1609 1410 αὐτὸν
1619 1348 1722 1428 εἰσάγει
1731 1349 1785 1408 λοι·

214 1468 280 1506 rum
294 1446 411 1506 suorum
419 1446 658 1525 prophetaruma
668 1444 787 1515 seculo,
801 1443 893 1524 ipsum
901 1453 961 1500 tan-
1014 1442 1063 1503 πδν
1076 1443 1120 1503 τδν
1139 1442 1264 1525 Χριστόν.
1289 1446 1324 1504 Εἰ
1341 1443 1393 1524 γάρ
1406 1441 1494 1503 πολλὰ
1509 1451 1651 1524 προεῖπεν,
1664 1439 1787 1502 αὖτῶδί

214 1536 278 1597 dem
300 1536 568 1619 inducithristum.
585 1537 657 1596 Nam
671 1535 694 1595 si
710 1535 797 1595 multa
819 1533 961 1616 predixit,
1015 1533 1117 1595 ἀκούειν
1132 1534 1201 1616 χρὴ,
1217 1538 1266 1594 σιἰκ
1281 1535 1312 1595 ἀν
1326 1559 1367 1604 τις
1383 1534 1497 1616 ἁμάρτοι
1509 1540 1595 1596 ταῦτα
1608 1534 1669 1603 τοὺς
1680 1533 1784 1615 προφή-

209 1630 358 1712 ipsumque
377 1630 472 1690 audire
489 1643 610 1711 oportet:
626 1648 680 1688 non
701 1628 866 1688 aberraverit
883 1627 961 1708 quis,
1014 1650 1061 1695 τας
1071 1626 1204 1708 εἰρηκέναι
1213 1627 1308 1707 λόγων.

214 1723 237 1782 si
247 1722 545 1804 dicathaeoprophetas
556 1720 668 1781 dixisse.
975 1784 1000 1822 π

254 1817 284 1875 l.
309 1814 438 1895 Alioquin
455 1836 519 1876 vcro
539 1815 600 1877 ruit
618 1814 767 1891 ostendere,
790 1814 881 1875 eadem
901 1813 961 1896 ipsa
978 1841 998 1887 Α
1055 1810 1154 1881 Ἄλλως
1168 1811 1196 1872 δὲ
1209 1811 1279 1873 θελει
1295 1811 1393 1887 δεῖξαι,
1406 1812 1447 1874 ότι
1459 1812 1494 1872 τά
1506 1811 1575 1872 abab
1592 1811 1639 1872 καλ
1650 1813 1675 1871 οἰ
1686 1813 1787 1892 προφῆ·

213 1907 359 1990 prophetas
376 1906 544 1989 predixissc.
559 1907 596 1967 Et
611 1907 633 1967 si
647 1907 710 1986 quis
723 1921 846 1968 accurate
865 1908 961 1990 explo-
1013 1929 1058 1964 ται
1073 1915 1208 1988 προεῖπον.
1229 1906 1287 1966 Κάν
1301 1930 1341 1974 τις
1352 1904 1468 1987 ἀκριύῶς
1479 1905 1597 1984 ἐξετάζῃ,
1614 1904 1722 1987 εὑρήσει
1740 1902 1786 1963 καλ

215 2003 326 2082 raverit,
340 2003 388 2063 illa
400 2002 529 2076 inveniet,
546 2002 608 2063 licet
620 2002 734 2062 obscure
746 2002 819 2062 dieta
832 2027 839 2060 τ
850 2002 961 2063 utnibil
1013 2001 1040 2058 ἐν
1058 2002 1090 2079 τῇ
1111 2000 1222 2080 Παλαιᾷ
1239 2000 1360 2082 ἀμυδρῶς
1374 1997 1432 2076 pit,
1448 1997 1646 2078 εἰρημένα·δε’·
1661 1994 1732 2056 ὥστε
1745 1997 1786 2054 οἰ»

213 2095 249 2156 sit
263 2112 353 2156 recens
372 2094 713 2171 dictumProedicntum,
727 2095 824 2173 iuquit.
837 2094 889 2154 Hic
899 2095 960 2155 illos
1014 2088 1056 2148 δλν
1069 2088 1205 2171 νεώτερον.
1219 2089 1274 2150 Τὸν
1287 2090 1547 2172 προκεχειρισμένον,
1564 2089 1654 2171 φησίν.
1674 2090 1786 2148 'Emi-

214 2187 296 2249 etiam
312 2200 404 2266 terret,
427 2187 504 2266 quasi
523 2187 610 2247 multa
629 2187 720 2247 adbuc
735 2186 843 2247 residua
864 2200 959 2247 essem.
1013 2188 1046 2242 θα
1060 2183 1150 2253 αὐτούς
1163 2183 1209 2244 καί
1220 2185 1305 2265 φούεῑ,
1320 2189 1356 2253 ὡς
1366 2187 1470 2245 πολλῶν
1482 2183 1709 2261 ὑπολειπομένων.
1723 2183 1786 2250 nse

214 2280 359 2353 Quomodo
369 2293 460 2339 autem
468 2278 738 2360 dicebat:lmplerit
747 2302 792 2353 ea,
805 2301 870 2362 quae
881 2301 961 2361 opor
1013 2269 1057 2338 σύν
1079 2277 1185 2357 ἔλεγεν,
1208 2278 1383 2360 Ἐπλήρωσεν
1406 2277 1489 2338 ἀέδει
1505 2282 1619 2350 nebeim
1641 2274 1786 2356 Ἐπλήρω-

214 2376 269 2432 tuit
279 2372 364 2430 illurn
372 2375 437 2451 pati
443 2371 613 2451 ilmplerit,
625 2369 724 2450 inquit,
737 2391 801 2444 non,
815 2371 962 2452 impletum
1014 2392 1076 2443 σεν,
1107 2360 1198 2441 εἶπεν,
1223 2374 1285 2445 οὐκ,
1307 2370 1469 2453 ἐπληρώθη·
1494 2366 1610 2443 δεικνύς,
1634 2367 1677 2427 ἀει
1697 2365 1716 2424 ἀ
1740 2364 1786 2444 μλν

213 2475 268 2541 σοι,
278 2461 522 2543 declarans,ipsum
531 2483 637 2541 ea,quae
645 2462 703 2543 pati
711 2462 962 2544 opertebat,implc-
1014 2464 1095 2543 ἐχρῆν
1117 2468 1228 2539 παθεῖν,
1246 2463 1418 2545 ἐπλήρωσεν·
1443 2461 1461 2521 ἀ
1482 2460 1511 2523 δὲ
1532 2460 1654 2543 γενέσθαι
1667 2459 1786 2520 λείπεται

212 2555 297 2629 visse3
311 2575 370 2633 quse
384 2575 449 2616 vero
465 2553 557 2613 lutura
572 2552 669 2614 deinde
685 2567 758 2628 snut,
771 2554 882 2635 impleta
896 2575 961 2615 non·
1014 2552 1071 2628 ἔτι,
1094 2554 1207 2616 οὐδέπω.
1231 2555 1377 2637 Προφήτην
1399 2558 1462 2634 ύμῖν
1486 2553 1631 2626 ἀναστήσει
1654 2551 1751 2631 Κύριος
1772 2554 1786 2610 ὁ

212 2643 281 2704 dam
292 2665 357 2704 esse.
372 2646 551 2725 Prophetam
559 2647 962 2706 uobissuseitabitliominus
1013 2648 1082 2715 Θεὸς
1101 2651 1131 2707 ἐκ
1160 2652 1213 2707 τῶν
1234 2650 1353 2730 ἀδελφῶν
1374 2650 1448 2727 ὑμῶν
1468 2650 1505 2715 ὡς
1522 2645 1580 2725 cpi.
1605 2645 1644 2706 ⁶0
1667 2644 1784 2725 μάλιστα

213 2739 294 2821 Deus
319 2739 512 2819 exsratribus
525 2740 798 2826 uestris,tanquam
808 2759 864 2798 me.
879 2738 960 2811 Quod
1012 2740 1138 2820 ᾠκειοῦτο
1162 2739 1271 2811 αὐτοὺς,
1293 2740 1374 2821 λέγει.
1408 2739 1508 2820 Ὁρᾷς,
1531 2739 1592 2806 πῶς
1608 2737 1724 2798 ταπεινά
1742 2735 1786 2797 καλ

213 2829 275 2891 illos
293 2830 412 2890 maxime
430 2829 601 2908 conciliabat,
624 2828 702 2889 dicit.
714 2828 811 2909 Vides,
824 2831 960 2910 quonmdo
977 2853 996 2899 n
1013 2831 1103 2913 ίιψηλά
1116 2829 1325 2914 ιιπαρασπείρειι
1341 2833 1473 2892 Ταπεινδν
1487 2830 1538 2911 γάρ
1553 2830 1599 2890 καί
1610 2830 1723 2911 ύψηλδν,
1739 2831 1786 2889 tib

212 2922 329 2981 humilia
338 2921 453 2987 simulet
461 2921 590 2980 sublimia
597 2922 846 3003 spargatillumile
854 2921 925 2984 einim
935 2941 961 2986 et
1014 2924 1119 3002 μύλλων
1133 2927 1170 2990 εἰς
1183 2922 1307 3004 ὠρανοίις
1324 2923 1425 3003 ἀνιέναι
1436 2923 1507 2984 κατά
1519 2921 1622 2983 Mucia
1636 2920 1704 2982 ἐστί·
1716 2919 1783 2994 πλήν

213 3012 388 3085 subliment,
399 3010 422 3071 si
431 3010 520 3089 is,qoi
528 3011 821 3073 incaelumasccnsuros
830 3028 878 3091 est,
886 3015 961 3074 simi-
1014 3014 1083 3076 ἀλλά
1101 2997 1176 3083 τίως’
1190 3015 1260 3096 μέγα
1284 3007 1327 3090 ἦν.
1350 3018 1395 3076 0ιί
1419 3014 1472 3098 γάρ
1492 3015 1524 3088 δή
1543 3011 1613 3074 κατά
1627 3013 1731 3074 Μυσία
1746 3014 1784 3085 eb,

212 3103 247 3163 lis
265 3103 299 3163 sit
308 3101 613 3182 Moysi:verumtamen
620 3114 685 3161 tunc
692 3124 822 3183 maguum
829 3109 960 3168 cratNon
1013 3106 1067 3168 Καί
1087 3106 1163 3167 ἔσται
1176 3118 1229 3178 πᾶς
1247 3113 1261 3168 θ
1280 3107 1318 3186 μή
1332 3107 1434 3168 ἀκούων
1450 3105 1706 3188 ἐξολοθρευθήεεται.
1723 3109 1784 3166 blu-

213 3205 304 3251 autem
311 3190 461 3250 secundum
469 3191 594 3273 Moysem
601 3191 716 3251 estillud
726 3216 732 3250 :
741 3195 782 3253 Et
792 3198 856 3272 erit,
866 3201 960 3256 omnis
1015 3197 1057 3280 ρία
1072 3200 1099 3261 δὲ
1113 3201 1160 3261 καλ
1174 3201 1243 3261 ἀλλα
1257 3192 1314 3261 εἶπε
1327 3200 1361 3261 et
1377 3198 1521 3274 δεικνύντα,
1533 3198 1574 3259 δτι
1587 3202 1636 3260 οὐκ
1647 3198 1704 3261 ἔστι
1718 3198 1785 3259 κατδ

214 3288 266 3366 qui
278 3305 338 3343 non
345 3284 481 3356 audierit,
494 3287 744 3344 exterminabitur.
754 3286 898 3347 innumera
905 3288 960 3348 alia
1013 3291 1115 3352 Μωσέα
1124 3340 1133 3369 ,
1156 3292 1224 3353 ὥστε
1247 3293 1366 3374 μεγάλης
1382 3292 1470 3374 ἥψατο
1485 3290 1641 3373 μαρτυρίας.
1667 3289 1703 3350 ‘0
1716 3291 1783 3357 oete

213 3375 369 3455 dixit,quae
380 3374 495 3458 probent
504 3374 583 3435 illum
594 3378 814 3460 nonessebloysi
826 3379 959 3441 similem:
1013 3383 1091 3444 αὐτὸν
1118 3385 1281 3460 ἀναστήσει,
1303 3385 1398 3466 φησὶν,
1422 3387 1452 3445 ἐκ
1475 3387 1527 3444 τῶν
1552 3386 1674 3465 ἀδελφῶν
1699 3386 1783 3461 ὑμῶν.

213 3468 305 3546 itaque
320 3489 450 3548 magnum
467 3467 651 3527 testimonium
671 3469 770 3550 attigit.
783 3473 864 3532 Deus
874 3473 959 3533 illum
1012 3475 1100 3536 Ὥστε
1125 3480 1227 3549 Μωσῆς
1253 3477 1329 3547 abab<
1348 3477 1480 3551 ἠπείλησε
1506 3486 1560 3546 τοῖς
1585 3474 1624 3556 μή
1651 3476 1783 3537 ἀκούωσι.

213 3562 378 3652 suscitabit,
397 3557 497 3637 inquit,
513 3561 549 3618 de
553 3562 706 3642 fratribus
720 3568 835 3623 vestris.
850 3567 959 3648 Moyses
1011 3571 1104 3645 Ταῦτα
1117 3569 1168 3630 ὅλα
1182 3571 1317 3653 ἐπαγωγά.
1343 3570 1397 3632 Καλ
1409 3570 1506 3638 πάντες
1519 3569 1564 3645 δί,
1579 3568 1671 3651 φησὶν,
1684 3572 1708 3630 oi
1722 3593 1786 3652 προ·

213 3650 299 3730 igitur
313 3651 369 3731 ipsc
384 3650 572 3711 interminatus
581 3665 621 3712 est
633 3674 686 3713 non
700 3653 882 3717 audientibus.
896 3659 959 3717 Haec
1011 3663 1093 3740 φῆται
1122 3662 1176 3721 ἀπδ
1200 3662 1340 3741 Σαμουήλ.
1371 3664 1430 3723 Οὐκ
1452 3662 1564 3736 ἠθέλησε
1588 3663 1650 3720 καθ’
1671 3659 1784 3720 ύκαστον

212 3743 303 3803 omnia
316 3743 420 3824 adjecta
433 3758 504 3803 sunt.
520 3747 560 3805 Et
576 3766 676 3806 amnes
687 3751 845 3829 prophete,
859 3749 957 3829 inquit,
1011 3750 1157 3828 ἐπεξιέναι,
1168 3751 1238 3813 ὥστε
1254 3753 1290 3833 μή
1303 3753 1404 3836 μακρδν
1418 3758 1529 3828 ποιῆσαι
1550 3751 1595 3813 τδν
1607 3752 1703 3833 λόγον·
1718 3751 1786 3811 ἀλλά

212 3858 233 3895 a
247 3836 392 3896 Samuele.
406 3834 501 3895 Noluit
514 3836 636 3917 singulos
646 3860 794 3917 recensere,
809 3859 843 3898 ne
852 3840 957 3921 longior
1011 3844 1116 3926 καιρίας
1138 3846 1263 3924 μνησοελς
1286 3846 1432 3928 μαρτυρίας
1450 3853 1498 3920 τῆς
1516 3849 1684 3920 Μωσαϊκῆς,
1703 3843 1785 3926 παρί-

212 3949 303 3989 sermo
315 3940 398 4006 esset,
413 3928 461 3989 sod
473 3943 625 4011 opportuno
640 3952 705 3990 usus
718 3932 824 4015 Moysis
840 3933 957 3993 testimo·
975 3949 994 3996 C
1011 3939 1115 4018 πεμψεν
1139 3938 1239 4006 αὐτούς.
1268 3937 1361 4018 Ὑμεῖς
1375 3942 1453 4010 ἐστε,
1471 3939 1568 4021 φησίν,
1583 3937 1636 3998 uici
1649 3941 1703 3998 τῶν
1718 3959 1785 4018 προ-

212 4018 268 4094 nio,
286 4019 358 4102 ultra
379 4019 453 4079 misit
471 4041 523 4079 eos.
541 4022 688 4093 Vestinis,
705 4020 804 4100 inquit,
818 4024 880 4104 filit
888 4046 958 4105 pro·
1013 4034 1117 4110 φητῶν,
1134 4029 1180 4090 καί
1193 4033 1240 4102 τῆς
1252 4031 1379 4104 διαθήκης
1391 4016 1534 4104 ήςδιίθετο
1545 4029 1647 4097 δθεύς.
1660 4033 1720 4103 Τῆς
1731 4030 1785 4089 δια·

211 4111 378 4188 pbetarum,
397 4124 425 4170 et
441 4116 608 4170 testamenti
621 4113 701 4192 quad
713 4114 854 4194 disposuit
868 4118 958 4178 Deus.
1013 4120 1112 4194 θήκης,
1127 4121 1224 4202 φησὶν,
1238 4123 1306 4197 uiui,
1320 4122 1457 4198 τουτέστι,
1470 4121 1639 4203 κληρονόμοι.
1660 4119 1722 4181 Ἵνα
1734 4119 1786 4202 γάρ

151 4224 154 4230 ·
216 4202 405 4274 Testamenti,
422 4201 602 4284 inquiqfittt,
619 4203 647 4262 id
662 4217 712 4280 est,
721 4203 851 4266 baerctles.
866 4210 907 4268 Nc
919 4209 960 4271 vi·
1013 4211 1051 4290 μή
1066 4212 1174 4281 δόξωσιν
1189 4218 1224 4282 ὡς
1239 4215 1291 4274 ἀπδ
1303 4214 1412 4298 χάριτος
1420 4215 1524 4296 Πέτρου
1534 4218 1618 4274 ταῦτα
1627 4212 1786 4293 λαμβάνειν,

211 4290 339 4351 dotentur
364 4291 436 4350 enim
452 4292 511 4352 baec
529 4314 564 4353 ex
580 4293 711 4353 beneficio
735 4297 809 4356 Petri
825 4299 957 4380 accipere,
1012 4303 1159 4380 δείκνυσιν,
1183 4304 1223 4366 ότι
1247 4306 1346 4366 ἄνωθεν
1360 4311 1448 4374 αύτοῖς
1465 4305 1605 4387 ὠφείλετο,
1625 4303 1671 4365 ἵνα
1684 4306 1786 4384 μάλλον

211 4381 329 4442 ostendit
336 4383 395 4463 jam
405 4382 471 4442 olim
483 4383 537 4443 illis
552 4385 604 4445 hoc
615 4384 739 4446 debitum
753 4389 846 4468 fuisse,
858 4405 889 4451 ut
901 4414 958 4452 ma·
1011 4397 1203 4474 πιστεύσωσιν,
1226 4399 1268 4460 ότι
1288 4400 1334 4459 κοιλ
1354 4404 1393 4482 τῷ
1411 4403 1474 4482 Θεῷ
1499 4404 1576 4461 τοῦτο
1595 4399 1677 4460 δοκεῖ.
1706 4397 1787 4478 Ὑμῖν

211 4475 254 4554 gis
265 4472 443 4535 crederentid
451 4476 508 4533 Deo
520 4474 650 4556 placitum
658 4500 723 4539 csse.
736 4483 823 4541 Vobis
831 4487 958 4563 primum
1011 4493 1114 4571 πρῶτον
1135 4491 1305 4566 ἀναστήσας,
1321 4492 1401 4574 φησλν
1412 4538 1420 4567 ,
1433 4497 1447 4552 b
1461 4493 1530 4560 Θεὸς
1543 4492 1588 4552 τὸν
1598 4492 1693 4550 Παῖδα
1707 4493 1787 4550 αὐτοῦ

211 4570 303 4638 Deus,
316 4566 414 4646 inquit,
424 4587 490 4633 curn
504 4573 682 4644 suscitasset,
692 4574 797 4654 fllium
810 4597 895 4635 suurn
905 4583 957 4636 mi·
1012 4580 1174 4643 ἀπέστειλεν.
1198 4586 1258 4644 Οὐκ
1271 4575 1360 4660 εἶπεν,
1375 4589 1450 4664 ὑμῖν,
1463 4587 1570 4657 ἁπλῶς,
1586 4584 1731 4644 ἀπέστειλε
1743 4581 1786 4642 τδν

210 4665 258 4720 sit.
283 4663 344 4720 Non
360 4658 519 4739 simpliciter
538 4658 622 4737 dixit,
642 4665 731 4723 Vobis
755 4667 829 4726 misit
853 4669 955 4729 Filium
1011 4673 1102 4732 Παῑδα
1125 4677 1222 4750 αὐτοῦ,
1245 4676 1313 4736 ἀλλά
1327 4677 1388 4752 καλ,
1410 4676 1479 4754 μετά
1497 4675 1546 4749 τήν
1564 4674 1729 4746 ἀνάστασιν,
1742 4673 1787 4733 καὶ

211 4774 302 4826 snum3
317 4750 363 4811 scd
378 4750 470 4826 ctiam,
485 4763 545 4830 post
564 4755 796 4835 resurrectionem,
809 4773 835 4818 et
848 4761 956 4838 quando
1009 4764 1053 4825 ὅτε
1069 4766 1232 4849 ἐσταυρώθη.
1259 4767 1318 4828 Ἵνα
1339 4768 1390 4851 γὰρ
1406 4767 1444 4849 μή
1459 4769 1621 4847 νομίσωσιν,
1647 4767 1689 4826 δτι
1708 4765 1786 4832 αὐτὸς

210 4845 356 4903 crucifixus
375 4843 434 4901 suit.
450 4846 491 4902 Nc
504 4857 629 4924 putarent
643 4847 714 4905 enirn
737 4849 825 4929 ipsum
845 4853 955 4930 quidem
1011 4856 1059 4934 μὲν
1080 4866 1162 4919 ταῦτα
1183 4860 1339 4941 ἐχαρίζετο,
1357 4867 1371 4920 b
1387 4861 1414 4922 δὲ
1431 4860 1529 4943 Πατήρ
1546 4860 1626 4940 οὐχί,
1647 4858 1692 4919 διά
1709 4864 1786 4918 τοῦτο

242 5030 253 5052 ν
270 5014 316 5064 atti
329 5023 462 5068 emetiatur.
1020 5028 1155 5084 Editorum
1167 5045 1192 5084 et
1203 5036 1236 5086 Ι).
1247 5036 1415 5100 scriptorem,
1425 5052 1516 5101 parum
1528 5045 1554 5085 et
1564 5030 1598 5084 ab
1610 5033 1666 5098 ipso
1677 5030 1785 5082 Firmo

241 5090 360 5178 ⁰¹[C0cld.
374 5095 402 5142 Α.
410 5094 474 5146 B.C.
483 5100 590 5165 εἰρημένα
603 5100 627 5149 δέ
638 5105 677 5150 τὸν
685 5121 763 5170 προσ,
775 5111 847 5170 puris.
859 5105 886 5157 οὗ
896 5110 966 5166 αὐδάν,
1017 5104 1195 5177 intellectam]

206 5171 295 5223 ordine
313 5173 424 5231 circeso,
454 5188 526 5237 quem
551 5171 668 5237 probarit
691 5179 779 5229 bionts-
802 5182 966 5236 Restituimus
1050 5189 1127 5240 bAlii
1141 5192 1183 5258 [B]
1195 5201 1348 5262 κατασπεῖραι.
