3728 5978
261 407 332 508 754
603 425 632 472 s.
661 419 801 474 torulus
826 421 1009 473 canrsosr.
1039 419 1197 473 arcanc.
1224 422 1505 475 οοινετιιντιιιον.

259 566 345 614 stratu
358 548 488 624 conciliet,
503 548 570 609 dum
581 547 699 608 ostendit
711 548 792 608 illum
802 548 890 630 ipsius
905 547 1001 609 lauda-
1058 549 1181 630 ἄρχοντι,
1197 549 1282 620 δείξας
1300 550 1380 611 αὐτὸν
1394 552 1446 611 γιιοιί
1469 546 1626 621 ἰπαινάτην
1643 548 1721 609 αιἰτοῦ
1731 552 1810 628 autin

162 702 169 715 ,
260 658 346 704 torem
359 642 468 702 sedere?
478 639 568 703 viden’
581 640 716 719 quomodo
726 641 797 701 iram
805 642 1001 702 'evacuaveriti
1057 664 1113 716 νον;
1126 633 1384 711 εἰδιςπῶςίκάνωσε
1396 644 1443 703 τὸν
1457 641 1565 720 θυμόνς
1582 641 1811 720 Θεοῦγάρέστιδά

259 740 288 799 ί.
298 740 357 797 Dei
366 741 444 796 enim
455 739 589 795 minister
596 749 639 795 est
649 739 702 794 tibi
711 740 743 794 in
754 739 871 796 bonum.
880 737 1001 796 Tantum
1057 735 1131 802 κονός
1144 757 1185 797 σοι
1200 737 1237 804 εἰς
1251 737 1282 796 τδ
1295 737 1404 815 ἀγαθάν.
1429 739 1578 795 Τοσοῦτον
1594 733 1696 813 ἀπάγει
1708 741 1748 794 τοῦ
1757 739 1811 815 qui,-

259 831 334 891 abest
348 844 377 888 ut
390 843 416 888 te
428 842 533 901 terreat,
543 842 574 886 ut
593 828 673 887 ctiam
685 828 792 888 laudet:
806 843 911 889 tantum
926 831 1002 890 abest
1056 825 1102 886 σαί
1115 849 1159 898 σε,
1180 827 1259 907 φησί,
1282 828 1325 887 ίίτι
1337 830 1384 888 καί
1396 833 1524 890 ἐπαινεῖ·
1546 831 1681 886 τοσοῦτον
1696 829 1775 908 άπέχει
1785 837 1811 890 πῖ

259 935 290 981 ut
299 920 440 1002 impediat,
452 934 483 978 ut
494 919 574 979 etiam
589 934 677 979 tecum
690 935 855 1002 cooperetur.
872 922 942 984 Cum
954 944 1000 982 er-
1056 918 1176 994 κωλάειν,
1198 919 1240 980 ὅτι
1254 920 1300 980 καί
1314 921 1499 1001 συμπράττει.
1522 919 1622 980 Ὅταν
1633 909 1680 978 οὖν
1695 922 1812 982 attunt

259 1033 295 1094 go
305 1026 331 1072 et
343 1013 509 1072 laudatorem
527 1012 627 1072 babeas
638 1027 664 1072 et
675 1012 837 1095 adjutorem,
848 1037 897 1074 tur
910 1036 963 1075 non
975 1030 1001 1076 te
1010 1073 1047 1112 m
1055 1034 1104 1084 την
1116 1011 1180 1092 ἔχῃς
1193 1012 1238 1070 καί
1249 1012 1353 1091 βοηθὸν,
1368 1013 1413 1072 διὰ
1425 1011 1457 1071 τί
1471 1015 1526 1093 οὐχ
1540 1010 1708 1092 ῦποτάσσῃς
1725 1013 1769 1071 Kal
1782 1014 1812 1091 sq

257 1103 393 1184 subjicis?
409 1105 478 1162 Nam
492 1116 519 1162 et
536 1103 603 1163 alias
624 1104 774 1164 faciliorem
797 1106 847 1165 tibi
871 1106 1000 1168 virtutem
1020 1129 1040 1175 Α
1056 1102 1101 1162 καί
1111 1102 1198 1170 ἄλλως
1211 1102 1389 1184 εὖιισλιιιιίρσν
1400 1126 1445 1168 σοι
1455 1111 1532 1163 ποιεῖ
1543 1102 1598 1176 τὴν
1612 1100 1720 1183 ἀρετ-λι,
1730 1103 1812 1182 coligi

258 1193 358 1270 reddit,
371 1190 456 1254 malos
464 1195 573 1275 qdidem
584 1195 708 1276 puniens,
721 1196 807 1257 bonos
820 1210 910 1258 autem
922 1199 1002 1260 bene·
1056 1194 1184 1275 πιιηριίιι
1197 1195 1324 1269 κολάζων,
1336 1194 1397 1263 τοὺς
1407 1198 1437 1256 δὲ
1450 1193 1577 1274 ἀγαθοὺς
1590 1197 1734 1274 efflemsi*
1742 1196 1779 1254 ui
1787 1221 1813 1254 τι·

257 1286 329 1346 liciis
341 1300 368 1346 et
381 1287 483 1347 bonore
500 1285 614 1363 donans,
630 1288 734 1367 Deique
747 1290 880 1351 voluntati
904 1312 1001 1374 coope-
1057 1286 1184 1364 μῶνμιαί
1203 1291 1242 1368 τῷ
1264 1288 1413 1368 βουλήματι
1425 1292 1478 1347 τοῦ
1499 1290 1581 1348 Θεοῦ
1595 1287 1814 1366 sunaphen-tt

257 1399 339 1439 rans:
352 1377 466 1458 ideoque
477 1379 632 1440 ministrnm
648 1381 730 1440 illum
740 1382 857 1443 vocavit.
867 1382 1002 1464 Perpende
1056 1378 1102 1437 καί
1113 1378 1232 1439 διάκονον
1246 1380 1324 1440 αὐτὸν
1337 1379 1463 1439 ἐκάλεσε.
1488 1377 1605 1438 Σκόπει
1620 1379 1668 1437 δι’·
1682 1380 1814 1456 copiosis}-

257 1486 363 1532 autem:
375 1494 424 1553 ego
443 1486 475 1532 ut
486 1487 639 1555 temperans
652 1474 689 1534 sis
704 1475 826 1548 consulo,
843 1490 869 1536 et
885 1477 942 1559 ipse
954 1499 1002 1558 per
1056 1469 1117 1552 πιρί
1127 1464 1297 1551 σωφροσύνης
1316 1471 1385 1551 ἐγὼ,
1405 1471 1454 1531 καί
1469 1475 1580 1537 ἐκεῖνος
1597 1468 1636 1528 τὰ
1651 1470 1814 1551 &tuqus

257 1564 330 1645 leges
338 1564 376 1623 ita
385 1565 529 1644 dicit:ego
544 1566 637 1625 hortor
646 1587 679 1626 ne
688 1566 878 1645 quisavaritiae
886 1566 1001 1646 studeat,
1055 1566 1110 1622 τῶν
1129 1561 1232 1640 νόμων·
1256 1567 1379 1642 παραινῶ
1394 1563 1459 1646 περί
1475 1568 1526 1623 τοῦ
1551 1561 1595 1639 μὴ
1616 1564 1673 1620 δεῖν
1690 1564 1814 1622 atam

258 1677 292 1716 ne
305 1656 402 1737 rapiat,
414 1670 440 1716 et
455 1656 501 1715 ille
510 1657 659 1738 superhaec
664 1657 754 1738 judex
769 1658 854 1717 sedet.
869 1661 964 1738 ltaque
978 1660 1002 1720 is
1058 1650 1127 1731 pati
1141 1651 1283 1734 ἇριιιίίιιιι
1297 1658 1418 1722 ιιιίιιιῑιιι
1435 1652 1509 1736 ὑπὲρ
1524 1652 1639 1712 τούτων
1657 1653 1816 1726 *Qvi*

258 1761 414 1828 cooperator
427 1762 466 1806 est
481 1761 508 1806 et
523 1748 600 1807 nobis
610 1748 765 1823 auxiliator,
778 1762 805 1808 et
826 1748 860 1808 ad
872 1771 931 1809 mm
944 1772 1002 1810 rem
1057 1747 1117 1813 ζων.
1138 1743 1223 1806 Ὥστε
1234 1744 1355 1826 συνεργός
1366 1748 1438 1805 ἐστιν
1448 1751 1520 1823 ἡμῖν
1533 1745 1588 1805 καὶ
1602 1745 1714 1824 βοηθὸς,
1723 1747 1815 1836 finti

257 1843 345 1902 aneo
355 1841 453 1900 missus
463 1854 511 1902 est.
523 1841 659 1919 Utrinque
669 1842 905 1920 crgo-venerabilis
918 1856 964 1917 est,
977 1857 1002 1902 et
1056 1844 1102 1898 τοῦ
1116 1839 1187 1898 Θεοῦ
1201 1840 1238 1905 εἰς
1248 1845 1325 1898 τοῦτο
1340 1837 1523 1898 ἀπέσταλται.
1548 1838 1815 1917 Ἀμροτέρωδεντοίνο

257 1930 360 2011 quoda
375 1934 432 1994 Deo
452 1932 551 1991 missus
564 1945 613 2006 est,
627 1945 653 1991 et
667 1929 741 2009 quod
760 1931 796 1990 ad
808 1932 941 2012 ejusmodi
956 1955 1003 1994 ne·
1056 1929 1127 1990 ἐστὶν
1150 1928 1299 2008 αἰδέσιμος,
1320 1929 1367 1990 καί
1387 1928 1428 1989 ὅτι
1442 1928 1525 2012 παρὰ
1544 1938 1599 1990 τοῦ
1613 1934 1689 1990 Θεοῦ
1703 1933 1814 2002 ἀπιστῶν,

259 2024 372 2105 gotium.
388 2025 475 2103 Quod
484 2028 510 2083 si
518 2024 630 2082 mnium
636 2023 757 2105 seceris,
770 2027 849 2083 time.
863 2025 925 2084 Non
939 2045 1003 2106 ergo
1056 2023 1101 2082 καί
1115 2021 1156 2082 ότι
1177 2022 1221 2082 ἐπὶ
1233 2022 1344 2104 τοιούτῳ
1362 2021 1518 2104 πράγματι.
1545 2021 1623 2082 Ἐάν
1640 2021 1670 2083 δὲ
1690 2023 1734 2083 καὶ
1752 2025 1814 2084 εδιτ-

258 2115 384 2198 princeps
409 2116 535 2176 timorem
559 2113 664 2190 incutit,
684 2113 733 2172 sed
756 2115 877 2193 nequitia
899 2131 1000 2177 nostra.
1020 2136 1039 2183 B
1056 2113 1102 2174 κδν
1122 2119 1219 2194 ποιῇς,
1237 2114 1328 2196 ροάοῦ.
1346 2117 1406 2174 Οὐκ
1426 2114 1482 2194 ἄρα
1497 2118 1513 2174 δ
1530 2114 1634 2196 ἄρχων
1655 2125 1727 2175 ποιεῖ
1736 2117 1815 2196 ,εὔιον

259 2210 330 2271 Non
340 2231 408 2291 ergo
421 2208 677 2289 trustraglodium
693 2218 802 2285 portat.
817 2207 918 2269 Viden’
934 2231 1003 2289 quo·
1057 2207 1114 2281 δον,
1135 2207 1194 2266 ἀλλ’
1211 2211 1235 2279 ,ἡ
1259 2206 1377 2286 ἡμετέρα
1402 2205 1535 2285 πονηρία.
1578 2208 1626 2267 Οὔ
1651 2205 1705 2288 γδρ
1727 2208 1815 2287 alstidi

260 2298 342 2362 modo
354 2302 434 2362 illum
449 2301 498 2361 tibi
511 2299 639 2359 exhibeat
653 2310 787 2356 armatum
796 2318 843 2357 ceu
859 2301 1003 2378 quemdam
1058 2299 1194 2379 μάχαιραν
1223 2305 1306 2378 popei.
1342 2287 1420 2363 Εἶδες
1440 2301 1503 2365 πῶς
1533 2297 1624 2357 αὐτὸν
1650 2298 1815 2377 *παρίστησι

260 2393 384 2470 militem,
400 2392 585 2476 peccatoribus
612 2388 761 2448 terribilem
786 2391 946 2452 ostendens?
969 2396 999 2455 ί.
1056 2387 1167 2458 ὁπλίσας
1177 2389 1296 2468 καθάπερ
1306 2388 1366 2448 τινὰ
1376 2386 1566 2468 στρατιώτην,
1578 2390 1817 2471 ροόερδντοιςιιιιρ

262 2488 320 2548 Dei
334 2491 413 2546 enim
432 2489 565 2544 minister
581 2495 623 2542 est
640 2485 673 2539 in
692 2486 778 2554 ir'am,
791 2483 872 2543 ultor
892 2489 930 2560 ei,
952 2494 1004 2567 qui
1056 2481 1177 2543 πόνοισιν
1201 2480 1364 2554 ἰπιστήσαςς
1386 2484 1459 2541 Θεοῦ
1482 2479 1543 2560 γὰρ
1567 2482 1699 2550 διάκονός
1719 2485 1817 2548 inid

261 2581 373 2641 malum
385 2591 529 2659 operatur.
539 2578 579 2636 Ne
587 2596 681 2635 rursus
691 2596 798 2656 poenam
807 2577 927 2656 audiens,
938 2601 1003 2662 sup·
1057 2573 1149 2657 ὀργὴν,
1165 2574 1265 2642 ἔνδικος
1279 2578 1317 2654 τῷ
1330 2573 1361 2632 τδ
1375 2573 1458 2632 κακδν
1474 2572 1651 2655 πράσσοντι.
1680 2573 1818 2655 Ἱναγίρρί

260 2670 374 2754 plicium
389 2683 415 2728 et
428 2668 563 2748 gladium,
573 2667 689 2744 resilias,
701 2688 794 2728 rursus
804 2668 871 2728 dicit
881 2691 942 2730 eum
953 2672 1004 2732 Dei
1056 2667 1137 2727 πάλιν
1160 2665 1273 2732 ἀκούσας
1295 2664 1464 2725 κόλασινκαὶ
1478 2665 1630 2747 τιμωρίαν
1646 2667 1697 2727 καί
1710 2668 1819 2747 μάχαιρα,
1850 2692 1856 2783 γ

259 2764 347 2845 legem
366 2760 485 2843 implere.
501 2759 577 2833 Quid
595 2759 679 2835 enim,
695 2759 718 2818 si
740 2761 863 2843 priuce'ps
878 2762 1004 2842 ignoret?
1058 2758 1254 2839 ἀποπηδήσρς,
1272 2757 1352 2818 πάλιν
1371 2757 1462 2838 ρησίν,
1482 2755 1528 2816 ὅτι
1545 2760 1629 2819 Θεοῦ
1649 2758 1732 2837 νόμον
1747 2763 1819 2839 alani

243 2856 314 2940 ,sed
331 2858 404 2916 Deus
424 2853 461 2913 ita
477 2852 602 2913 instituit.
619 2854 649 2914 Si
668 2875 732 2935 ergo
752 2867 778 2913 et
796 2854 863 2914 dum
880 2857 959 2936 punit
978 2870 1004 2917 et
1058 2851 1096 2912 Ti
1107 2851 1176 2934 γὰρ,
1189 2855 1213 2910 εἰ
1227 2852 1273 2912 καί
1284 2853 1374 2933 ἀγνοεῖ
1387 2849 1481 2924 αἰντόςς
1495 2849 1578 2911 Ἀλλ’
1593 2853 1697 2922 δΘεδς
1709 2851 1820 2919 abacti

259 2946 456 3018 dumhonorat‚
467 2945 516 3004 Dei
527 2944 647 3004 minister
655 2960 704 3018 est,
715 2945 842 3006 virtutem
854 2945 1003 3024 vindicans,
1057 2968 1156 3005 πωσεν.
1181 2946 1215 3004 Εἰ
1237 2944 1323 3005 τοίνυν
1347 2943 1392 3002 καί
1413 2944 1542 3013 κολάζων
1566 2945 1620 3003 καί
1633 2951 1725 3023 τιμῶν
1737 2946 1821 3010 διάινιις

260 3038 392 3101 malitiam
413 3038 534 3118 abigens,
551 3037 582 3096 id
599 3037 674 3116 quod
689 3040 747 3097 Deo
761 3039 857 3118 placet,
872 3060 920 3098 cur
940 3061 1003 3100 cum
1058 3042 1129 3099 Θεοῦ
1139 3038 1219 3111 ἔστιν,
1237 3039 1348 3098 ἰκδικῶν
1363 3034 1471 3118 άρετλν,
1483 3037 1660 3098 ἀπελαύνων
1670 3038 1772 3110 κακίαν,
1780 3038 1821 3116 δας

259 3130 309 3192 illo
328 3129 477 3200 contendis,
492 3129 538 3208 qui
557 3144 629 3189 tanta
651 3128 757 3188 inducit
779 3129 849 3188 bona
872 3130 1005 3211 rebusque
1022 3147 1041 3196 c
1058 3129 1150 3198 δΘτδς
1171 3127 1391 3208 publicantium
1411 3126 1501 3187 ἕνεκεν
1522 3131 1608 3210 αὐτῷ
1628 3134 1821 3211 pantacicis·

260 3225 317 3285 tuis
329 3225 403 3286 viam
417 3225 515 3306 parat?
537 3227 606 3284 Nam
620 3225 699 3284 multi
714 3224 761 3303 qui
778 3224 853 3306 prius
866 3247 901 3285 ex
917 3228 1004 3308 magi·
1058 3227 1143 3281 ταῦτα
1155 3222 1285 3300 εἰσάγοντι
1297 3220 1393 3300 ἀγαθὰ,
1408 3220 1454 3279 καί
1468 3223 1710 3302 προοδοποιοῦντι
1722 3231 1823 3289 πρῶτος

260 3333 361 3380 atratus
379 3333 452 3378 metu
478 3319 607 3379 virtutem
621 3331 807 3394 exercuerunt,
826 3333 917 3398 postea
936 3340 1002 3401 pro·
1059 3312 1113 3374 Καὶ
1132 3313 1184 3395 γὰρ
1206 3313 1298 3372 πολλοί
1315 3311 1441 3391 πρότερον
1459 3311 1505 3371 διά
1524 3313 1595 3381 τοὺς
1609 3316 1823 3395 άρχονταςὲρεῆι

259 3426 319 3493 pter
331 3410 381 3470 Dei
401 3411 524 3470 timorem
546 3411 621 3470 illam
640 3410 759 3490 amplexi
774 3422 845 3469 sunt.
856 3409 1004 3472 Crassiores
1059 3405 1233 3480 ἀσκήσαντες,
1247 3405 1354 3486 ὕστερον
1367 3405 1413 3463 καί
1427 3404 1472 3464 διδ
1486 3405 1533 3464 τὸν
1548 3408 1639 3487 ρόόον
1650 3416 1701 3468 τοῦ
1712 3411 1776 3468 Θεοῦ
1785 3405 1824 3464 aa}

260 3503 331 3563 enim
349 3524 400 3562 non
419 3517 475 3562 tam
493 3503 581 3561 lutura
600 3514 725 3580 tangunt,
751 3522 834 3579 quam
849 3502 1001 3581 praesentia.
1058 3523 1107 3570 της
1124 3498 1293 3558 ἰπελάὸοντο.
1320 3499 1382 3556 Τῶν
1403 3495 1456 3578 γὰρ
1472 3501 1649 3582 παχυτέρων
1676 3505 1729 3582 οὐχ
1741 3504 1825 3561 οὔτινά

260 3594 315 3668 Qui
326 3615 390 3674 ergo
404 3592 552 3652 multorum
566 3593 670 3652 animus
683 3605 829 3672 praeparat,
843 3592 885 3651 uel
898 3593 1003 3670 timore,
1060 3591 1200 3670 μέλλοντα,
1214 3589 1625 3670 ὡςτὰπαρόντακαθάπτεται.
1655 3593 1693 3654 Ὁ
1709 3593 1826 3660 minutia

207 3758 216 3773 .
259 3686 304 3746 vel
318 3687 448 3768 praemiis,
466 3685 502 3744 ita
515 3700 544 3744 ut
555 3684 671 3765 aptiores
683 3683 738 3742 sint
751 3682 788 3742 ad
799 3683 927 3742 donrinae
942 3707 1003 3744 ver·
1057 3681 1145 3764 ψυχὴν
1158 3687 1210 3741 τῶν
1226 3684 1331 3741 πολλῶν
1345 3680 1566 3762 προευτρεπίζων
1583 3689 1626 3763 τῷ
1643 3685 1725 3766 ρόὸιρ
1739 3686 1827 3745 καὶτοῖς
1860 3680 1863 3685 ’

258 3778 337 3857 bum,
348 3779 411 3860 jure
425 3777 546 3837 minister
560 3776 610 3835 Dei
630 3789 740 3836 vocatus
758 3789 806 3834 est.
822 3777 850 3839 5.
867 3777 939 3835 Ideo
955 3798 1004 3836 ne·
1057 3784 1164 3853 τιμαῖς,
1187 3772 1390 3852 ὥστεγενέσθαι
1412 3773 1646 3856 ἐπιτηδειοτέραν
1662 3784 1705 3858 τῷ
1718 3784 1764 3849 τῆς
1775 3779 1828 3835 tta·

258 3895 338 3933 cesse
363 3886 406 3932 est
434 3873 564 3932 subditos
591 3891 661 3946 esse,
681 3891 740 3928 non
764 3869 859 3928 solum
887 3883 1005 3950 propter
1058 3865 1169 3935 σκαλίας
1186 3866 1271 3945 λόγῳ,
1290 3864 1396 3930 εἰκότως
1412 3855 1487 3930 οὗτος
1506 3865 1639 3935 διάκονος
1662 3869 1828 3942 κέκλητιιττῑ

259 3969 345 4038 iram,
369 3967 422 4025 sed
441 3968 529 4022 etiam
548 3974 667 4043 propter
690 3964 908 4020 conscientiam.
928 3959 1003 4032 Quid
1058 3962 1140 4019 Θεοῦ.
1167 3958 1216 4017 Διὸ
1236 3956 1339 4034 ἀνάγκη
1353 3956 1574 4031 ὑποτάσσεσθαι,
1598 3964 1632 4019 οὐ
1648 3962 1735 4038 μόνον
1749 3960 1828 4027 icitia

258 4056 402 4138 significat,
413 4059 481 4115 Non
492 4055 587 4114 solum
594 4066 713 4133 propter
721 4052 888 4110 iramiNon
899 4051 999 4129 solum,
1058 4051 1148 4133 ὀργὴν,
1165 4050 1233 4111 ἀλλὰ
1252 4049 1297 4109 καί
1319 4047 1362 4107 διδ
1383 4047 1432 4120 τὴν
1448 4049 1620 4123 συνείδησιν.
1651 4055 1694 4113 Τί
1714 4059 1789 4125 ἐστιν,
1802 4053 1829 4111 02

259 4148 359 4227 inquit,
376 4149 439 4228 quia
457 4148 478 4207 si
494 4168 546 4206 nun
568 4146 704 4225 subjectus
716 4163 754 4216 es,
768 4142 919 4204 adversaris
935 4145 1001 4220 Deo,
1059 4145 1138 4223 μόνον
1153 4141 1197 4202 διὰ
1210 4142 1258 4214 τὴν
1275 4140 1372 4224 δργόνς
1394 4143 1434 4198 Οὐ
1450 4139 1544 4218 μόνω,
1560 4144 1663 4222 φησὶν,
1676 4145 1721 4205 ὅτι
1731 4147 1830 4205 inte:-

260 4253 286 4299 ct
300 4262 396 4321 magna
405 4240 453 4298 tibi
465 4240 535 4298 mala
550 4253 576 4298 ct
589 4261 604 4298 a
616 4239 674 4296 Deo
688 4250 713 4296 et
725 4237 760 4295 ab
773 4236 929 4322 hominibus
943 4258 1001 4316 pcr-
1020 4249 1040 4295 D
1059 4260 1104 4296 σαι
1124 4237 1187 4316 Θεῷ
1203 4233 1240 4312 μὴ
1257 4231 1484 4308 ὑποτασσόμενος,
1506 4230 1566 4292 οὐδ’
1587 4235 1634 4296 ὅτι
1659 4239 1737 4298 κακὰ
1751 4240 1830 4311 utriq

262 4329 361 4408 trabis,
378 4331 425 4389 scd
441 4331 504 4409 quia
518 4330 598 4390 ctiam
615 4328 787 4408 magistratus
800 4327 827 4385 in
849 4327 930 4385 rebus
945 4349 1004 4387 ma-
1059 4327 1191 4411 προξενεῑς
1205 4325 1308 4404 μεγάλα
1322 4322 1368 4382 καί
1381 4322 1455 4404 παρὰ
1469 4329 1516 4382 τοῦ
1531 4328 1610 4386 Θεοῦ
1624 4335 1638 4360 ⁸
1648 4332 1700 4390 καὶ
1716 4332 1785 4411 παρὰ
1795 4335 1830 4387 τῶ

261 4421 344 4482 xlmis
361 4423 411 4482 tibi
428 4423 565 4482 beneficus
580 4435 628 4492 est,
644 4442 737 4502 pacem
752 4420 897 4478 concilians
911 4434 936 4479 ct
957 4420 1005 4480 ad·
1060 4418 1213 4501 ἀνθρώπων,
1230 4420 1287 4476 ἀλλ’
1307 4416 1349 4477 ὅτι
1363 4415 1408 4475 καί
1428 4419 1454 4475 ἐν
1470 4426 1525 4483 τοῖς
1542 4420 1695 4499 μεγίστοις
1718 4424 1832 4504 εὐεργέτις

261 4514 482 4575 ministrationem
495 4513 641 4595 politicam.
654 4511 761 4571 Etenim
771 4532 819 4591 per
831 4512 1004 4590 magistratus
1059 4534 1106 4570 σου
1121 4509 1237 4590 γίνεται,
1254 4507 1359 4588 εἰρήνης
1372 4506 1408 4565 ὢν
1423 4507 1549 4587 πρόξενος
1562 4512 1613 4571 καί
1629 4516 1787 4594 οἰκονομίας
1796 4539 1832 4572 τι·

260 4607 323 4668 illos
333 4608 408 4668 mille
419 4607 489 4666 bona
502 4604 659 4665 civitatibus
671 4604 823 4662 inseruntur
834 4626 840 4659 :
851 4603 874 4662 si
886 4604 947 4662 illos
957 4626 1005 4663 au·
1060 4607 1172 4674 λιτικῆς,
1197 4600 1250 4660 Καὶ
1265 4598 1316 4679 γὰρ
1332 4598 1415 4679 μυρία
1433 4598 1522 4678 ἀγαθὰ
1540 4601 1591 4661 διὰ
1610 4609 1671 4664 τῶν
1688 4610 1778 4688 ἀρχῶν
1790 4605 1832 4664 τοί»

260 4698 341 4781 seras,
356 4701 447 4762 omnia
460 4697 614 4775 abscedent,
630 4717 678 4755 nec
692 4695 815 4755 civitates
828 4716 875 4755 nec
889 4696 942 4756 vici
957 4716 1005 4756 nec
1056 4695 1271 4762 marcatrudem
1279 4694 1392 4772 γίνεται·
1404 4691 1454 4751 κᾶν
1463 4692 1672 4774 άνέληςαῦτὰς,
1680 4703 1770 4760 πάντα
1777 4697 1833 4778 o'qrs·

261 4793 357 4856 dumus
378 4810 471 4871 erunt;
485 4817 539 4856 non
561 4795 664 4866 lorum,
688 4811 740 4850 non
763 4789 840 4849 aliud
861 4790 1003 4871 quidpiam
1057 4812 1141 4864 σεται,
1150 4788 1196 4848 καί
1207 4791 1236 4846 οὐ
1247 4785 1413 4859 δττόλεις,οιί
1421 4785 1521 4867 χωρία,
1533 4791 1585 4848 οὐκ
1598 4793 1689 4867 οἰκία,
1702 4799 1751 4854 οὐκ
1759 4791 1833 4871 ἀγορά

261 4888 360 4968 stabit,
375 4889 423 4950 sed
434 4888 522 4949 omnia
536 4886 740 4959 subvertentur,
755 4881 949 4964 potentioribus
962 4884 1004 4943 in·
1056 4886 1102 4945 οὐκ
1113 4883 1178 4943 ἄλλο
1190 4879 1262 4942 οὐδὲν
1275 4879 1417 4953 στήσεται,
1426 4878 1497 4939 ἀλλὰ
1507 4880 1602 4942 πάντα
1612 4886 1833 4970 deceperimus,

296 5095 307 5121 ¹¹
321 5092 329 5158 [
343 5093 371 5142 t.
386 5105 410 5143 ει
423 5111 503 5160 marg.
517 5091 594 5149 Savil.
609 5099 728 5152 ἰπίοτηοιν
740 5088 897 5153 κοινωνίαις-Ι
1072 5101 1116 5142 τῶν
1127 5093 1259 5155 ἀνθρώπων.
1272 5084 1386 5151 Utraque
1397 5081 1473 5134 lectio
1485 5083 1611 5151 ιςιιειίεαι.

294 5193 304 5219 ι
324 5173 382 5226 λίαν.
395 5172 432 5240 [et
445 5175 484 5239 t]
496 5181 532 5226 καὶ
542 5183 607 5242 παρὰ
623 5187 667 5228 τῶν
681 5181 808 5242 ἀρχόντων.
821 5164 891 5218 Editt
904 5173 940 5218 καί
958 5175 1022 5237 παρὰ
1104 5167 1117 5204 b
1135 5163 1234 5231 [tidem
1246 5169 1322 5225 πόλις,
1336 5167 1360 5215 οδ
1370 5160 1457 5230 χώρει]
