<?xml version="1.0" encoding="UTF-8"?>
<!DOCTYPE html PUBLIC "-//W3C//DTD XHTML 1.0 Transitional//EN"
    "http://www.w3.org/TR/xhtml1/DTD/xhtml1-transitional.dtd">
<html xmlns="http://www.w3.org/1999/xhtml" xml:lang="en" lang="en">
 <head>
  <title>
</title>
<meta http-equiv="Content-Type" content="text/html;charset=utf-8" />
  <meta name='ocr-system' content='tesseract 3.04.00' />
  <meta name='ocr-capabilities' content='ocr_page ocr_carea ocr_par ocr_line ocrx_word'/>
</head>
<body>
  <div class='ocr_page' id='page_1' title='image "./sanctipatrisnos01chrygoog/sanctipatrisnos01chrygoog_0191.png"; bbox 0 0 3742 5970; ppageno 0'>
   <div class='ocr_carea' id='block_1_1' title="bbox 271 446 1474 554">
    <p class='ocr_par' dir='ltr' id='par_1_1' title="bbox 271 446 1474 554">
     <span class='ocr_line' id='line_1_1' title="bbox 271 446 1474 554; baseline -0.002 -35"><span class='ocrx_word' id='word_1_1' title='bbox 271 446 362 554; x_wconf 30' lang='lat'><strong>156,</strong></span> <span class='ocrx_word' id='word_1_2' title='bbox 594 471 624 518; x_wconf 92' lang='lat' dir='ltr'><strong>s.</strong></span> <span class='ocrx_word' id='word_1_3' title='bbox 651 467 788 518; x_wconf 77' lang='lat' dir='ltr'><strong>soaurus</strong></span> <span class='ocrx_word' id='word_1_4' title='bbox 814 465 996 514; x_wconf 83' lang='lat' dir='ltr'><strong>eunusosr.</strong></span> <span class='ocrx_word' id='word_1_5' title='bbox 1025 460 1180 516; x_wconf 72' lang='lat' dir='ltr'><strong>incarne.</strong></span> <span class='ocrx_word' id='word_1_6' title='bbox 1207 469 1474 519; x_wconf 79' lang='lat' dir='ltr'><strong>cousraurruoe.</strong></span> 
     </span>
    </p>
   </div>
   <div class='ocr_carea' id='block_1_2' title="bbox 266 589 1835 697">
    <p class='ocr_par' dir='ltr' id='par_1_2' title="bbox 266 589 1835 697">
     <span class='ocr_line' id='line_1_2' title="bbox 266 589 1835 697; baseline 0.001 -44"><span class='ocrx_word' id='word_1_7' title='bbox 266 599 354 667; x_wconf 90' lang='lat' dir='ltr'><strong>enim,</strong></span> <span class='ocrx_word' id='word_1_8' title='bbox 368 598 419 675; x_wconf 79' lang='lat' dir='ltr'><strong>quai</strong></span> <span class='ocrx_word' id='word_1_9' title='bbox 443 595 592 697; x_wconf 61' lang='lat' dir='ltr'><strong>lpabebant</strong></span> <span class='ocrx_word' id='word_1_10' title='bbox 612 596 731 672; x_wconf 85' lang='lat' dir='ltr'><strong>spiritus</strong></span> <span class='ocrx_word' id='word_1_11' title='bbox 751 591 926 662; x_wconf 84' lang='lat' dir='ltr'><strong>immundos,</strong></span> <span class='ocrx_word' id='word_1_12' title='bbox 942 589 1006 649; x_wconf 82' lang='lat' dir='ltr'><strong>cla-</strong></span> <span class='ocrx_word' id='word_1_13' title='bbox 1061 592 1177 673; x_wconf 81' lang='grc' dir='ltr'>Χριστοῦ</span> <span class='ocrx_word' id='word_1_14' title='bbox 1192 591 1340 675; x_wconf 77' lang='grc' dir='ltr'>είρῆμίνον·</span> <span class='ocrx_word' id='word_1_15' title='bbox 1358 594 1458 653; x_wconf 79' lang='grc' dir='ltr'>Πολλοί</span> <span class='ocrx_word' id='word_1_16' title='bbox 1476 594 1625 654; x_wconf 77' lang='grc' dir='ltr'>ἐλεύσονται</span> <span class='ocrx_word' id='word_1_17' title='bbox 1647 595 1835 674; x_wconf 76' lang='grc' dir='ltr'>ψευδόχριστοι</span> 
     </span>
    </p>
   </div>
   <div class='ocr_carea' id='block_1_3' title="bbox 155 668 1835 770">
    <p class='ocr_par' dir='ltr' id='par_1_3' title="bbox 155 668 1835 770">
     <span class='ocr_line' id='line_1_3' title="bbox 155 668 1835 770; baseline -0.001 -23"><span class='ocrx_word' id='word_1_18' title='bbox 155 683 157 686; x_wconf 38' lang='lat'><strong>⁴</strong></span> <span class='ocrx_word' id='word_1_19' title='bbox 267 702 380 749; x_wconf 88' lang='lat' dir='ltr'><strong>mantes</strong></span> <span class='ocrx_word' id='word_1_20' title='bbox 388 668 520 748; x_wconf 71' lang='lat' dir='ltr'><strong>illiboce</strong></span> <span class='ocrx_word' id='word_1_21' title='bbox 530 709 639 769; x_wconf 86' lang='lat' dir='ltr'><strong>magna</strong></span> <span class='ocrx_word' id='word_1_22' title='bbox 652 690 782 746; x_wconf 76' lang='lat' dir='ltr'><strong><em>exibant.</em></strong></span> <span class='ocrx_word' id='word_1_23' title='bbox 796 685 854 744; x_wconf 88' lang='lat' dir='ltr'><strong>Hoc</strong></span> <span class='ocrx_word' id='word_1_24' title='bbox 869 682 1007 764; x_wconf 87' lang='lat' dir='ltr'><strong>egredieu·</strong></span> <span class='ocrx_word' id='word_1_25' title='bbox 1061 685 1106 744; x_wconf 77' lang='grc' dir='ltr'><strong>καὶ</strong></span> <span class='ocrx_word' id='word_1_26' title='bbox 1119 687 1333 770; x_wconf 75' lang='grc' dir='ltr'>ψευδοπροφῆται</span> <span class='ocrx_word' id='word_1_27' title='bbox 1345 686 1389 747; x_wconf 78' lang='grc' dir='ltr'><strong>ἐπί</strong></span> <span class='ocrx_word' id='word_1_28' title='bbox 1402 691 1441 768; x_wconf 84' lang='grc' dir='ltr'><strong>τῷ</strong></span> <span class='ocrx_word' id='word_1_29' title='bbox 1453 686 1563 766; x_wconf 82' lang='grc' dir='ltr'>ὀνόματί</span> <span class='ocrx_word' id='word_1_30' title='bbox 1577 685 1696 764; x_wconf 59' lang='lat' dir='ltr'><strong>pauit</strong></span> <span class='ocrx_word' id='word_1_31' title='bbox 1705 687 1733 745; x_wconf 90' lang='grc' dir='ltr'><strong>τί</strong></span> <span class='ocrx_word' id='word_1_32' title='bbox 1746 686 1776 747; x_wconf 84' lang='grc' dir='ltr'>δὲ</span> <span class='ocrx_word' id='word_1_33' title='bbox 1789 690 1835 746; x_wconf 81' lang='grc' dir='ltr'>οὐκ</span> 
     </span>
    </p>
   </div>
   <div class='ocr_carea' id='block_1_4' title="bbox 267 776 1843 1046">
    <p class='ocr_par' dir='ltr' id='par_1_4' title="bbox 267 776 1843 1046">
     <span class='ocr_line' id='line_1_4' title="bbox 267 776 1843 875; baseline -0.002 -35"><span class='ocrx_word' id='word_1_34' title='bbox 267 780 296 840; x_wconf 91' lang='lat' dir='ltr'><strong>di</strong></span> <span class='ocrx_word' id='word_1_35' title='bbox 317 781 425 875; x_wconf 60' lang='lat' dir='ltr'><strong>signppu</strong></span> <span class='ocrx_word' id='word_1_36' title='bbox 446 781 618 841; x_wconf 82' lang='lat' dir='ltr'><strong>manifestum</strong></span> <span class='ocrx_word' id='word_1_37' title='bbox 639 793 711 857; x_wconf 81' lang='lat' dir='ltr'><strong>erat3</strong></span> <span class='ocrx_word' id='word_1_38' title='bbox 733 800 874 858; x_wconf 78' lang='lat' dir='ltr'><strong>magorum</strong></span> <span class='ocrx_word' id='word_1_39' title='bbox 890 799 953 837; x_wconf 89' lang='lat' dir='ltr'><strong>vero</strong></span> <span class='ocrx_word' id='word_1_40' title='bbox 970 776 1006 836; x_wconf 93' lang='lat' dir='ltr'><strong>si·</strong></span> <span class='ocrx_word' id='word_1_41' title='bbox 1025 841 1029 845; x_wconf 64' lang='grc'>,</span> <span class='ocrx_word' id='word_1_42' title='bbox 1062 777 1157 847; x_wconf 79' lang='grc' dir='ltr'>εὐθέως</span> <span class='ocrx_word' id='word_1_43' title='bbox 1171 780 1249 840; x_wconf 83' lang='grc' dir='ltr'>αὐτὸν</span> <span class='ocrx_word' id='word_1_44' title='bbox 1260 779 1386 860; x_wconf 79' lang='grc' dir='ltr'>ἤλεγξαν;</span> <span class='ocrx_word' id='word_1_45' title='bbox 1401 779 1586 860; x_wconf 82' lang='grc' dir='ltr'>Ἦρκίσθησαν</span> <span class='ocrx_word' id='word_1_46' title='bbox 1604 784 1643 862; x_wconf 84' lang='grc' dir='ltr'><strong>τῷ</strong></span> <span class='ocrx_word' id='word_1_47' title='bbox 1664 782 1843 862; x_wconf 77' lang='grc' dir='ltr'>καταγνῶναι</span> 
     </span>
     <span class='ocr_line' id='line_1_5' title="bbox 267 862 1834 953; baseline -0.002 -21"><span class='ocrx_word' id='word_1_48' title='bbox 267 894 319 953; x_wconf 84' lang='lat' dir='ltr'><strong>gna</strong></span> <span class='ocrx_word' id='word_1_49' title='bbox 332 894 347 931; x_wconf 91' lang='lat' dir='ltr'><strong>e</strong></span> <span class='ocrx_word' id='word_1_50' title='bbox 362 873 496 933; x_wconf 81' lang='lat' dir='ltr'><strong>contrario</strong></span> <span class='ocrx_word' id='word_1_51' title='bbox 516 897 522 930; x_wconf 91' lang='lat'>:</span> <span class='ocrx_word' id='word_1_52' title='bbox 543 872 585 932; x_wconf 92' lang='lat' dir='ltr'><strong>illi</strong></span> <span class='ocrx_word' id='word_1_53' title='bbox 605 893 720 951; x_wconf 86' lang='lat' dir='ltr'><strong>namque</strong></span> <span class='ocrx_word' id='word_1_54' title='bbox 741 871 827 951; x_wconf 89' lang='lat' dir='ltr'><strong>magis</strong></span> <span class='ocrx_word' id='word_1_55' title='bbox 851 869 1008 949; x_wconf 80' lang='lat' dir='ltr'><strong>alligabant.</strong></span> <span class='ocrx_word' id='word_1_56' title='bbox 1063 871 1141 931; x_wconf 79' lang='grc' dir='ltr'>αὖτδν</span> <span class='ocrx_word' id='word_1_57' title='bbox 1161 874 1266 932; x_wconf 80' lang='grc' dir='ltr'>ἑαυτοῦ·</span> <span class='ocrx_word' id='word_1_58' title='bbox 1289 871 1335 932; x_wconf 81' lang='grc' dir='ltr'><strong>καί</strong></span> <span class='ocrx_word' id='word_1_59' title='bbox 1363 871 1415 952; x_wconf 75' lang='grc' dir='ltr'>γὰρ</span> <span class='ocrx_word' id='word_1_60' title='bbox 1436 872 1482 930; x_wconf 81' lang='grc' dir='ltr'><strong>καί</strong></span> <span class='ocrx_word' id='word_1_61' title='bbox 1503 879 1580 931; x_wconf 88' lang='grc' dir='ltr'>τοῦτο</span> <span class='ocrx_word' id='word_1_62' title='bbox 1594 870 1767 937; x_wconf 86' lang='grc' dir='ltr'>διδασκαλίας</span> <span class='ocrx_word' id='word_1_63' title='bbox 1791 862 1834 942; x_wconf 74' lang='grc' dir='ltr'><strong>ῆν.</strong></span> 
     </span>
     <span class='ocr_line' id='line_1_6' title="bbox 267 960 1836 1046; baseline 0.001 -24"><span class='ocrx_word' id='word_1_64' title='bbox 267 965 359 1024; x_wconf 81' lang='lat' dir='ltr'><strong>Multi</strong></span> <span class='ocrx_word' id='word_1_65' title='bbox 371 967 537 1041; x_wconf 77' lang='lat' dir='ltr'><strong>paralytici</strong></span> <span class='ocrx_word' id='word_1_66' title='bbox 557 978 585 1024; x_wconf 88' lang='lat' dir='ltr'><strong>et</strong></span> <span class='ocrx_word' id='word_1_67' title='bbox 599 966 702 1024; x_wconf 86' lang='lat' dir='ltr'><strong>claudi</strong></span> <span class='ocrx_word' id='word_1_68' title='bbox 714 968 815 1024; x_wconf 85' lang='lat' dir='ltr'><strong>sanati</strong></span> <span class='ocrx_word' id='word_1_69' title='bbox 824 976 903 1022; x_wconf 87' lang='lat' dir='ltr'><strong>sunt.</strong></span> <span class='ocrx_word' id='word_1_70' title='bbox 925 960 1007 1020; x_wconf 83' lang='lat' dir='ltr'><strong>Nulla</strong></span> <span class='ocrx_word' id='word_1_71' title='bbox 1062 961 1173 1035; x_wconf 82' lang='grc' dir='ltr'>Ἐπειδὴ</span> <span class='ocrx_word' id='word_1_72' title='bbox 1189 962 1216 1024; x_wconf 77' lang='grc' dir='ltr'>δὲ</span> <span class='ocrx_word' id='word_1_73' title='bbox 1230 967 1384 1036; x_wconf 71' lang='grc' dir='ltr'>ἀντιστῆναι</span> <span class='ocrx_word' id='word_1_74' title='bbox 1394 966 1442 1023; x_wconf 83' lang='grc' dir='ltr'>οῦκ</span> <span class='ocrx_word' id='word_1_75' title='bbox 1455 964 1577 1044; x_wconf 76' lang='grc' dir='ltr'>ἴσχυσεν,</span> <span class='ocrx_word' id='word_1_76' title='bbox 1594 962 1765 1046; x_wconf 76' lang='grc' dir='ltr'>ὑποκρίνεται</span> <span class='ocrx_word' id='word_1_77' title='bbox 1779 961 1836 1023; x_wconf 73' lang='grc' dir='ltr'><strong>ὧσ-</strong></span> 
     </span>
    </p>
   </div>
   <div class='ocr_carea' id='block_1_5' title="bbox 206 1054 1837 1235">
    <p class='ocr_par' dir='ltr' id='par_1_5' title="bbox 206 1054 1837 1235">
     <span class='ocr_line' id='line_1_7' title="bbox 218 1054 1836 1138; baseline -0.001 -24"><span class='ocrx_word' id='word_1_78' title='bbox 218 1072 232 1103; x_wconf 67' lang='lat' dir='ltr'><strong>a</strong></span> <span class='ocrx_word' id='word_1_79' title='bbox 261 1055 311 1125; x_wconf 63' lang='lat' dir='ltr'><strong>bic</strong></span> <span class='ocrx_word' id='word_1_80' title='bbox 321 1070 378 1115; x_wconf 89' lang='lat' dir='ltr'><strong>erat</strong></span> <span class='ocrx_word' id='word_1_81' title='bbox 388 1057 511 1116; x_wconf 80' lang='lat' dir='ltr'><strong>fallacia:</strong></span> <span class='ocrx_word' id='word_1_82' title='bbox 527 1078 589 1116; x_wconf 87' lang='lat' dir='ltr'><strong>uam</strong></span> <span class='ocrx_word' id='word_1_83' title='bbox 603 1055 744 1138; x_wconf 82' lang='lat' dir='ltr'><strong>oportebat</strong></span> <span class='ocrx_word' id='word_1_84' title='bbox 756 1054 896 1113; x_wconf 87' lang='lat' dir='ltr'><strong>ambulare</strong></span> <span class='ocrx_word' id='word_1_85' title='bbox 909 1067 935 1112; x_wconf 89' lang='lat' dir='ltr'><strong>et</strong></span> <span class='ocrx_word' id='word_1_86' title='bbox 947 1072 1009 1132; x_wconf 63' lang='lat' dir='ltr'><strong>ope</strong></span> <span class='ocrx_word' id='word_1_87' title='bbox 1062 1079 1113 1136; x_wconf 84' lang='grc' dir='ltr'><strong>περ</strong></span> <span class='ocrx_word' id='word_1_88' title='bbox 1124 1056 1169 1116; x_wconf 81' lang='grc' dir='ltr'><strong>καί</strong></span> <span class='ocrx_word' id='word_1_89' title='bbox 1189 1061 1214 1116; x_wconf 82' lang='grc' dir='ltr'>οἱ</span> <span class='ocrx_word' id='word_1_90' title='bbox 1228 1056 1324 1137; x_wconf 93' lang='grc' dir='ltr'>μάγοι,</span> <span class='ocrx_word' id='word_1_91' title='bbox 1339 1056 1384 1118; x_wconf 79' lang='lat' dir='ltr'><strong>dre</strong></span> <span class='ocrx_word' id='word_1_92' title='bbox 1405 1056 1507 1134; x_wconf 70' lang='grc' dir='ltr'>ἔλεγον·</span> <span class='ocrx_word' id='word_1_93' title='bbox 1523 1057 1610 1115; x_wconf 85' lang='grc' dir='ltr'>Τοῦτο</span> <span class='ocrx_word' id='word_1_94' title='bbox 1630 1054 1758 1121; x_wconf 85' lang='grc' dir='ltr'>δάκτυλός</span> <span class='ocrx_word' id='word_1_95' title='bbox 1779 1056 1836 1113; x_wconf 74' lang='grc' dir='ltr'>ἔστι</span> 
     </span>
     <span class='ocr_line' id='line_1_8' title="bbox 206 1146 1837 1235; baseline 0 -29"><span class='ocrx_word' id='word_1_96' title='bbox 206 1147 208 1149; x_wconf 52' lang='lat'><em>&#39;</em></span> <span class='ocrx_word' id='word_1_97' title='bbox 267 1149 330 1206; x_wconf 88' lang='lat' dir='ltr'><strong>rari.</strong></span> <span class='ocrx_word' id='word_1_98' title='bbox 352 1148 574 1235; x_wconf 73' lang='lat' dir='ltr'><strong>Auscultabant</strong></span> <span class='ocrx_word' id='word_1_99' title='bbox 595 1162 693 1207; x_wconf 89' lang='lat' dir='ltr'><strong>autem</strong></span> <span class='ocrx_word' id='word_1_100' title='bbox 713 1148 761 1206; x_wconf 89' lang='lat' dir='ltr'><strong>illi</strong></span> <span class='ocrx_word' id='word_1_101' title='bbox 775 1168 885 1218; x_wconf 89' lang='lat' dir='ltr'><strong>omnes,</strong></span> <span class='ocrx_word' id='word_1_102' title='bbox 910 1147 1009 1204; x_wconf 88' lang='lat' dir='ltr'><strong>dieen-</strong></span> <span class='ocrx_word' id='word_1_103' title='bbox 1062 1150 1142 1209; x_wconf 83' lang='grc' dir='ltr'>Θεοῦ.</span> <span class='ocrx_word' id='word_1_104' title='bbox 1156 1146 1216 1208; x_wconf 85' lang='grc' dir='ltr'><strong>Ἵνα</strong></span> <span class='ocrx_word' id='word_1_105' title='bbox 1230 1147 1258 1208; x_wconf 82' lang='grc' dir='ltr'>δὲ</span> <span class='ocrx_word' id='word_1_106' title='bbox 1294 1147 1371 1219; x_wconf 68' lang='lat' dir='ltr'><strong>luel</strong></span> <span class='ocrx_word' id='word_1_107' title='bbox 1392 1151 1511 1229; x_wconf 82' lang='grc' dir='ltr'>ἀπελαθῇ</span> <span class='ocrx_word' id='word_1_108' title='bbox 1531 1149 1623 1220; x_wconf 92' lang='grc' dir='ltr'>πάλιν,</span> <span class='ocrx_word' id='word_1_109' title='bbox 1637 1147 1681 1207; x_wconf 83' lang='grc' dir='ltr'><strong>διδ</strong></span> <span class='ocrx_word' id='word_1_110' title='bbox 1697 1153 1776 1207; x_wconf 89' lang='grc' dir='ltr'>τοῦτο</span> <span class='ocrx_word' id='word_1_111' title='bbox 1791 1147 1837 1206; x_wconf 81' lang='grc' dir='ltr'><strong>καί</strong></span> 
     </span>
    </p>
   </div>
   <div class='ocr_carea' id='block_1_6' title="bbox 119 1344 245 1391">
    <p class='ocr_par' dir='ltr' id='par_1_6' title="bbox 119 1344 245 1391">
     <span class='ocr_line' id='line_1_9' title="bbox 119 1344 245 1391; baseline -0.016 -2"><span class='ocrx_word' id='word_1_112' title='bbox 119 1347 195 1389; x_wconf 77' lang='lat' dir='ltr'><strong>arare.</strong></span> <span class='ocrx_word' id='word_1_113' title='bbox 210 1344 245 1391; x_wconf 80' lang='lat'><strong>13.</strong></span> 
     </span>
    </p>
   </div>
   <div class='ocr_carea' id='block_1_7' title="bbox 116 1421 153 1453">
    <p class='ocr_par' dir='ltr' id='par_1_7' title="bbox 116 1421 153 1453">
     <span class='ocr_line' id='line_1_10' title="bbox 116 1421 153 1453; baseline 0 -1"><span class='ocrx_word' id='word_1_114' title='bbox 116 1421 153 1453; x_wconf 71' lang='grc' dir='ltr'><strong>Π.</strong></span> 
     </span>
    </p>
   </div>
   <div class='ocr_carea' id='block_1_8' title="bbox 113 1782 238 1942">
    <p class='ocr_par' dir='ltr' id='par_1_8' title="bbox 113 1782 238 1942">
     <span class='ocr_line' id='line_1_11' title="bbox 113 1782 238 1866; baseline 0.024 -3"><span class='ocrx_word' id='word_1_115' title='bbox 113 1782 193 1864; x_wconf 59' lang='lat' dir='ltr'><strong>Exodi</strong></span> <span class='ocrx_word' id='word_1_116' title='bbox 213 1815 238 1866; x_wconf 78' lang='grc'><strong>8.</strong></span> 
     </span>
     <span class='ocr_line' id='line_1_12' title="bbox 116 1894 151 1942; baseline 0.086 -17"><span class='ocrx_word' id='word_1_117' title='bbox 116 1894 151 1942; x_wconf 81' lang='lat'><strong>¹9·</strong></span> 
     </span>
    </p>
   </div>
   <div class='ocr_carea' id='block_1_9' title="bbox 112 2098 256 2204">
    <p class='ocr_par' dir='ltr' id='par_1_9' title="bbox 112 2098 256 2204">
     <span class='ocr_line' id='line_1_13' title="bbox 127 2098 256 2157; baseline -0.016 -15"><span class='ocrx_word' id='word_1_118' title='bbox 127 2098 256 2157; x_wconf 77' lang='lat' dir='ltr'><strong>Quotbona</strong></span> 
     </span>
     <span class='ocr_line' id='line_1_14' title="bbox 112 2162 255 2204; baseline 0 -1"><span class='ocrx_word' id='word_1_119' title='bbox 112 2175 172 2203; x_wconf 79' lang='lat' dir='ltr'><strong>nrorr</strong></span> <span class='ocrx_word' id='word_1_120' title='bbox 206 2162 255 2204; x_wconf 83' lang='lat' dir='ltr'><strong>Sta·</strong></span> 
     </span>
    </p>
   </div>
   <div class='ocr_carea' id='block_1_10' title="bbox 264 1226 1837 2254">
    <p class='ocr_par' dir='ltr' id='par_1_10' title="bbox 268 1226 1795 1412">
     <span class='ocr_line' id='line_1_15' title="bbox 268 1226 1795 1325; baseline -0.003 -26"><span class='ocrx_word' id='word_1_121' title='bbox 268 1253 330 1299; x_wconf 82' lang='lat' dir='ltr'><strong>tes:</strong></span> <span class='ocrx_word' id='word_1_122' title='bbox 357 1226 477 1301; x_wconf 72' lang='lat' dir='ltr'><strong>lilaea</strong></span> <span class='ocrx_word' id='word_1_123' title='bbox 500 1246 597 1301; x_wconf 83' lang='lat' dir='ltr'><strong>virtus</strong></span> <span class='ocrx_word' id='word_1_124' title='bbox 620 1243 688 1300; x_wconf 82' lang='lat' dir='ltr'><strong>Dei.</strong></span> <span class='ocrx_word' id='word_1_125' title='bbox 708 1240 761 1298; x_wconf 89' lang='lat' dir='ltr'><strong>Hie</strong></span> <span class='ocrx_word' id='word_1_126' title='bbox 787 1238 915 1320; x_wconf 88' lang='lat' dir='ltr'><strong>impletur</strong></span> <span class='ocrx_word' id='word_1_127' title='bbox 938 1236 1009 1296; x_wconf 92' lang='lat' dir='ltr'><strong>illud</strong></span> <span class='ocrx_word' id='word_1_128' title='bbox 1027 1248 1046 1295; x_wconf 91' lang='lat' dir='ltr'><strong>u</strong></span> <span class='ocrx_word' id='word_1_129' title='bbox 1062 1243 1267 1325; x_wconf 70' lang='grc' dir='ltr'>προσεκαρτέρει</span> <span class='ocrx_word' id='word_1_130' title='bbox 1287 1246 1326 1323; x_wconf 74' lang='grc' dir='ltr'><strong>τῷ</strong></span> <span class='ocrx_word' id='word_1_131' title='bbox 1344 1242 1489 1322; x_wconf 75' lang='grc' dir='ltr'>Φιλίππῳ,</span> <span class='ocrx_word' id='word_1_132' title='bbox 1504 1242 1549 1301; x_wconf 77' lang='grc' dir='ltr'><strong>χαλ</strong></span> <span class='ocrx_word' id='word_1_133' title='bbox 1569 1240 1795 1321; x_wconf 56' lang='grc' dir='ltr'>οὐκοέγωρίζετο.</span> 
     </span>
     <span class='ocr_line' id='line_1_16' title="bbox 268 1332 1010 1412; baseline -0.001 -22"><span class='ocrx_word' id='word_1_134' title='bbox 268 1332 370 1394; x_wconf 83' lang='lat' dir='ltr'><strong>Christi</strong></span> <span class='ocrx_word' id='word_1_135' title='bbox 391 1334 516 1394; x_wconf 85' lang='lat' dir='ltr'><strong>dictum:</strong></span> <span class='ocrx_word' id='word_1_136' title='bbox 537 1334 629 1392; x_wconf 89' lang='lat' dir='ltr'><strong>Multi</strong></span> <span class='ocrx_word' id='word_1_137' title='bbox 655 1337 774 1391; x_wconf 82' lang='lat' dir='ltr'><strong>venient</strong></span> <span class='ocrx_word' id='word_1_138' title='bbox 797 1332 1010 1412; x_wconf 81' lang='lat' dir='ltr'><strong>pseudochristi</strong></span> 
     </span>
    </p>

    <p class='ocr_par' dir='ltr' id='par_1_11' title="bbox 267 1423 1009 1517">
     <span class='ocr_line' id='line_1_17' title="bbox 267 1423 1009 1517; baseline -0.005 -33"><span class='ocrx_word' id='word_1_139' title='bbox 267 1427 574 1517; x_wconf 73' lang='lat' dir='ltr'><strong>et⁴¹pseudopropbetoe</strong></span> <span class='ocrx_word' id='word_1_140' title='bbox 604 1428 637 1483; x_wconf 87' lang='lat' dir='ltr'><strong>in</strong></span> <span class='ocrx_word' id='word_1_141' title='bbox 667 1429 784 1482; x_wconf 86' lang='lat' dir='ltr'><strong>nomine</strong></span> <span class='ocrx_word' id='word_1_142' title='bbox 815 1444 887 1484; x_wconf 89' lang='lat' dir='ltr'><strong>meo.</strong></span> <span class='ocrx_word' id='word_1_143' title='bbox 918 1423 1009 1495; x_wconf 85' lang='lat' dir='ltr'><strong>Quare</strong></span> 
     </span>
    </p>

    <p class='ocr_par' dir='ltr' id='par_1_12' title="bbox 266 1514 1008 1596">
     <span class='ocr_line' id='line_1_18' title="bbox 266 1514 1008 1596; baseline -0.007 -21"><span class='ocrx_word' id='word_1_144' title='bbox 266 1538 318 1575; x_wconf 90' lang='lat' dir='ltr'><strong>nou</strong></span> <span class='ocrx_word' id='word_1_145' title='bbox 338 1516 430 1578; x_wconf 71' lang='lat' dir='ltr'><strong>statim</strong></span> <span class='ocrx_word' id='word_1_146' title='bbox 452 1517 531 1577; x_wconf 93' lang='lat' dir='ltr'><strong>illum</strong></span> <span class='ocrx_word' id='word_1_147' title='bbox 545 1515 759 1596; x_wconf 72' lang='lat' dir='ltr'><strong>redarguerunt?</strong></span> <span class='ocrx_word' id='word_1_148' title='bbox 782 1516 853 1575; x_wconf 86' lang='lat' dir='ltr'><strong>Satis</strong></span> <span class='ocrx_word' id='word_1_149' title='bbox 873 1514 1008 1573; x_wconf 88' lang='lat' dir='ltr'><strong>habebant</strong></span> 
     </span>
    </p>

    <p class='ocr_par' dir='ltr' id='par_1_13' title="bbox 265 1606 1109 1689">
     <span class='ocr_line' id='line_1_19' title="bbox 265 1606 1109 1689; baseline -0.008 -21"><span class='ocrx_word' id='word_1_150' title='bbox 265 1610 338 1689; x_wconf 91' lang='lat' dir='ltr'><strong>quod</strong></span> <span class='ocrx_word' id='word_1_151' title='bbox 356 1610 413 1670; x_wconf 77' lang='lat' dir='ltr'><strong>sesb</strong></span> <span class='ocrx_word' id='word_1_152' title='bbox 425 1610 632 1670; x_wconf 84' lang='lat' dir='ltr'><strong>condemnaret:</strong></span> <span class='ocrx_word' id='word_1_153' title='bbox 645 1608 743 1668; x_wconf 81' lang='lat' dir='ltr'><strong>etenim</strong></span> <span class='ocrx_word' id='word_1_154' title='bbox 765 1622 790 1667; x_wconf 92' lang='lat' dir='ltr'><strong>et</strong></span> <span class='ocrx_word' id='word_1_155' title='bbox 812 1609 864 1672; x_wconf 85' lang='lat' dir='ltr'><strong>boc</strong></span> <span class='ocrx_word' id='word_1_156' title='bbox 879 1606 1008 1667; x_wconf 73' lang='lat' dir='ltr'><strong>doetrinae</strong></span> <span class='ocrx_word' id='word_1_157' title='bbox 1107 1656 1109 1661; x_wconf 82' lang='grc'>,</span> 
     </span>
    </p>

    <p class='ocr_par' dir='ltr' id='par_1_14' title="bbox 264 1701 1007 1783">
     <span class='ocr_line' id='line_1_20' title="bbox 264 1701 1007 1783; baseline -0.001 -21"><span class='ocrx_word' id='word_1_158' title='bbox 264 1717 330 1762; x_wconf 88' lang='lat' dir='ltr'><strong>erat.</strong></span> <span class='ocrx_word' id='word_1_159' title='bbox 350 1705 422 1777; x_wconf 88' lang='lat' dir='ltr'><strong>Quia</strong></span> <span class='ocrx_word' id='word_1_160' title='bbox 442 1719 532 1765; x_wconf 89' lang='lat' dir='ltr'><strong>autem</strong></span> <span class='ocrx_word' id='word_1_161' title='bbox 547 1704 666 1763; x_wconf 87' lang='lat' dir='ltr'><strong>resistere</strong></span> <span class='ocrx_word' id='word_1_162' title='bbox 678 1725 732 1762; x_wconf 92' lang='lat' dir='ltr'><strong>non</strong></span> <span class='ocrx_word' id='word_1_163' title='bbox 744 1716 865 1783; x_wconf 86' lang='lat' dir='ltr'><strong>poterat,</strong></span> <span class='ocrx_word' id='word_1_164' title='bbox 886 1701 1007 1777; x_wconf 80' lang='lat' dir='ltr'><strong>simulat,</strong></span> 
     </span>
    </p>

    <p class='ocr_par' dir='ltr' id='par_1_15' title="bbox 265 1797 1007 1881">
     <span class='ocr_line' id='line_1_21' title="bbox 265 1797 1007 1881; baseline 0.001 -25"><span class='ocrx_word' id='word_1_165' title='bbox 265 1807 295 1856; x_wconf 89' lang='lat' dir='ltr'><strong>ut</strong></span> <span class='ocrx_word' id='word_1_166' title='bbox 311 1798 383 1878; x_wconf 90' lang='lat' dir='ltr'><strong>magi</strong></span> <span class='ocrx_word' id='word_1_167' title='bbox 401 1798 442 1858; x_wconf 89' lang='lat' dir='ltr'><strong>illi</strong></span> <span class='ocrx_word' id='word_1_168' title='bbox 464 1798 512 1881; x_wconf 87' lang='lat' dir='ltr'><strong>qui</strong></span> <span class='ocrx_word' id='word_1_169' title='bbox 526 1797 668 1857; x_wconf 87' lang='lat' dir='ltr'><strong>dicebaut:</strong></span> <span class='ocrx_word' id='word_1_170' title='bbox 688 1799 754 1857; x_wconf 88' lang='lat' dir='ltr'><strong>Hoc</strong></span> <span class='ocrx_word' id='word_1_171' title='bbox 765 1798 873 1878; x_wconf 68' lang='lat' dir='ltr'><strong>rugitus</strong></span> <span class='ocrx_word' id='word_1_172' title='bbox 887 1799 945 1857; x_wconf 87' lang='lat' dir='ltr'><strong>Dei</strong></span> <span class='ocrx_word' id='word_1_173' title='bbox 956 1810 1007 1857; x_wconf 89' lang='lat' dir='ltr'><strong>est.</strong></span> 
     </span>
    </p>

    <p class='ocr_par' dir='ltr' id='par_1_16' title="bbox 264 1891 1008 1975">
     <span class='ocr_line' id='line_1_22' title="bbox 264 1891 1008 1975; baseline -0.005 -22"><span class='ocrx_word' id='word_1_174' title='bbox 264 1895 306 1953; x_wconf 86' lang='lat' dir='ltr'><strong>Ne</strong></span> <span class='ocrx_word' id='word_1_175' title='bbox 318 1915 383 1954; x_wconf 76' lang='lat' dir='ltr'><strong>uero</strong></span> <span class='ocrx_word' id='word_1_176' title='bbox 393 1915 487 1953; x_wconf 89' lang='lat' dir='ltr'><strong>rursus</strong></span> <span class='ocrx_word' id='word_1_177' title='bbox 499 1893 687 1975; x_wconf 83' lang='lat' dir='ltr'><strong>expelleretur,</strong></span> <span class='ocrx_word' id='word_1_178' title='bbox 702 1892 763 1951; x_wconf 81' lang='lat' dir='ltr'><strong>ideo</strong></span> <span class='ocrx_word' id='word_1_179' title='bbox 776 1891 930 1952; x_wconf 81' lang='lat' dir='ltr'><strong>adhaerebat</strong></span> <span class='ocrx_word' id='word_1_180' title='bbox 943 1891 1008 1950; x_wconf 91' lang='lat' dir='ltr'><strong>Pbi-</strong></span> 
     </span>
    </p>

    <p class='ocr_par' dir='ltr' id='par_1_17' title="bbox 266 1974 1507 2066">
     <span class='ocr_line' id='line_1_23' title="bbox 266 1974 1507 2066; baseline -0.002 -22"><span class='ocrx_word' id='word_1_181' title='bbox 266 1985 354 2066; x_wconf 90' lang='lat' dir='ltr'><strong>lippo,</strong></span> <span class='ocrx_word' id='word_1_182' title='bbox 367 1974 415 2046; x_wconf 81' lang='lat' dir='ltr'><strong>nec</strong></span> <span class='ocrx_word' id='word_1_183' title='bbox 425 1985 575 2047; x_wconf 80' lang='lat' dir='ltr'><strong>recedebat.</strong></span> <span class='ocrx_word' id='word_1_184' title='bbox 1504 2045 1507 2052; x_wconf 69' lang='grc'>,</span> 
     </span>
    </p>

    <p class='ocr_par' dir='ltr' id='par_1_18' title="bbox 264 2060 1837 2254">
     <span class='ocr_line' id='line_1_24' title="bbox 265 2060 1835 2162; baseline 0.002 -25"><span class='ocrx_word' id='word_1_185' title='bbox 265 2104 270 2115; x_wconf 91' lang='grc'><em>·</em></span> <span class='ocrx_word' id='word_1_186' title='bbox 303 2080 334 2162; x_wconf 10' lang='grc' dir='ltr'><strong>κά.</strong></span> <span class='ocrx_word' id='word_1_187' title='bbox 354 2060 400 2138; x_wconf 58' lang='lat' dir='ltr'><strong>fu</strong></span> <span class='ocrx_word' id='word_1_188' title='bbox 424 2099 486 2138; x_wconf 84' lang='lat' dir='ltr'><strong>vero</strong></span> <span class='ocrx_word' id='word_1_189' title='bbox 509 2077 579 2137; x_wconf 88' lang='lat' dir='ltr'><strong>mibi</strong></span> <span class='ocrx_word' id='word_1_190' title='bbox 597 2077 742 2160; x_wconf 88' lang='lat' dir='ltr'><strong>perpende,</strong></span> <span class='ocrx_word' id='word_1_191' title='bbox 766 2088 833 2156; x_wconf 89' lang='lat' dir='ltr'><strong>quot</strong></span> <span class='ocrx_word' id='word_1_192' title='bbox 857 2089 1009 2155; x_wconf 85' lang='lat' dir='ltr'><strong>quantaque</strong></span> <span class='ocrx_word' id='word_1_193' title='bbox 1103 2079 1142 2140; x_wconf 76' lang='grc' dir='ltr'><strong>Σὺ</strong></span> <span class='ocrx_word' id='word_1_194' title='bbox 1157 2080 1186 2139; x_wconf 78' lang='grc' dir='ltr'>δέ</span> <span class='ocrx_word' id='word_1_195' title='bbox 1204 2103 1250 2159; x_wconf 93' lang='grc' dir='ltr'>μοι</span> <span class='ocrx_word' id='word_1_196' title='bbox 1266 2079 1374 2153; x_wconf 88' lang='grc' dir='ltr'>σκόπει,</span> <span class='ocrx_word' id='word_1_197' title='bbox 1388 2079 1436 2138; x_wconf 83' lang='lat' dir='ltr'><strong>dra</strong></span> <span class='ocrx_word' id='word_1_198' title='bbox 1454 2083 1631 2159; x_wconf 85' lang='grc' dir='ltr'>οἰκονομεῖται</span> <span class='ocrx_word' id='word_1_199' title='bbox 1644 2080 1689 2139; x_wconf 79' lang='grc' dir='ltr'>διὰ</span> <span class='ocrx_word' id='word_1_200' title='bbox 1699 2082 1746 2140; x_wconf 91' lang='grc' dir='ltr'><strong>τοῦ</strong></span> <span class='ocrx_word' id='word_1_201' title='bbox 1759 2081 1835 2140; x_wconf 86' lang='grc' dir='ltr'>θανά-</span> 
     </span>
     <span class='ocr_line' id='line_1_25' title="bbox 264 2164 1837 2254; baseline 0.001 -24"><span class='ocrx_word' id='word_1_202' title='bbox 264 2164 452 2253; x_wconf 74' lang='lat' dir='ltr'><strong>dispensentur</strong></span> <span class='ocrx_word' id='word_1_203' title='bbox 465 2193 514 2254; x_wconf 89' lang='lat' dir='ltr'><strong>per</strong></span> <span class='ocrx_word' id='word_1_204' title='bbox 529 2185 640 2249; x_wconf 84' lang='lat' dir='ltr'><strong>mortem</strong></span> <span class='ocrx_word' id='word_1_205' title='bbox 657 2169 796 2251; x_wconf 86' lang='lat' dir='ltr'><strong>Stephani.</strong></span> <span class='ocrx_word' id='word_1_206' title='bbox 811 2168 1011 2249; x_wconf 89' lang='lat' dir='ltr'><strong>Disperguntur</strong></span> <span class='ocrx_word' id='word_1_207' title='bbox 1063 2196 1108 2232; x_wconf 90' lang='grc' dir='ltr'><strong>του</strong></span> <span class='ocrx_word' id='word_1_208' title='bbox 1116 2176 1162 2232; x_wconf 91' lang='grc' dir='ltr'><strong>τοῦ</strong></span> <span class='ocrx_word' id='word_1_209' title='bbox 1173 2171 1317 2254; x_wconf 77' lang='grc' dir='ltr'>Στεφάνου.</span> <span class='ocrx_word' id='word_1_210' title='bbox 1331 2171 1535 2252; x_wconf 79' lang='grc' dir='ltr'>Διασπείρονται</span> <span class='ocrx_word' id='word_1_211' title='bbox 1548 2172 1618 2232; x_wconf 78' lang='grc' dir='ltr'>κατὰ</span> <span class='ocrx_word' id='word_1_212' title='bbox 1628 2172 1675 2239; x_wconf 72' lang='grc' dir='ltr'><strong>τίς</strong></span> <span class='ocrx_word' id='word_1_213' title='bbox 1688 2171 1781 2254; x_wconf 84' lang='grc' dir='ltr'>χώρας</span> <span class='ocrx_word' id='word_1_214' title='bbox 1791 2176 1837 2244; x_wconf 86' lang='grc' dir='ltr'><strong>τῆς</strong></span> 
     </span>
    </p>
   </div>
   <div class='ocr_carea' id='block_1_11' title="bbox 135 2261 1836 2347">
    <p class='ocr_par' dir='ltr' id='par_1_19' title="bbox 135 2261 1836 2347">
     <span class='ocr_line' id='line_1_26' title="bbox 135 2261 1836 2347; baseline 0 -23"><span class='ocrx_word' id='word_1_215' title='bbox 135 2287 173 2328; x_wconf 75' lang='grc' dir='ltr'>ιε.</span> <span class='ocrx_word' id='word_1_216' title='bbox 264 2262 445 2347; x_wconf 83' lang='lat' dir='ltr'><strong>per‘regioues</strong></span> <span class='ocrx_word' id='word_1_217' title='bbox 456 2262 558 2324; x_wconf 78' lang='lat' dir='ltr'><strong>Judaeae</strong></span> <span class='ocrx_word' id='word_1_218' title='bbox 569 2277 595 2322; x_wconf 87' lang='lat' dir='ltr'><strong>et</strong></span> <span class='ocrx_word' id='word_1_219' title='bbox 605 2263 744 2336; x_wconf 75' lang='lat' dir='ltr'><strong>Samariae,</strong></span> <span class='ocrx_word' id='word_1_220' title='bbox 757 2261 1010 2340; x_wconf 81' lang='lat' dir='ltr'><strong>evangelirantuer-</strong></span> <span class='ocrx_word' id='word_1_221' title='bbox 1063 2264 1192 2332; x_wconf 77' lang='grc' dir='ltr'>Ἰουδαίας</span> <span class='ocrx_word' id='word_1_222' title='bbox 1212 2264 1258 2324; x_wconf 82' lang='grc' dir='ltr'><strong>καλ</strong></span> <span class='ocrx_word' id='word_1_223' title='bbox 1278 2263 1445 2343; x_wconf 80' lang='grc' dir='ltr'>Σαμαρείας,</span> <span class='ocrx_word' id='word_1_224' title='bbox 1461 2264 1670 2344; x_wconf 81' lang='grc' dir='ltr'>εὐαγγελίζονται</span> <span class='ocrx_word' id='word_1_225' title='bbox 1688 2265 1733 2324; x_wconf 87' lang='grc' dir='ltr'><strong>τὸν</strong></span> <span class='ocrx_word' id='word_1_226' title='bbox 1750 2264 1836 2345; x_wconf 79' lang='grc' dir='ltr'>λόγον,</span> 
     </span>
    </p>
   </div>
   <div class='ocr_carea' id='block_1_12' title="bbox 264 2350 1838 2809">
    <p class='ocr_par' dir='ltr' id='par_1_20' title="bbox 264 2350 1838 2809">
     <span class='ocr_line' id='line_1_27' title="bbox 264 2350 1837 2438; baseline 0 -22"><span class='ocrx_word' id='word_1_227' title='bbox 264 2357 341 2431; x_wconf 92' lang='lat' dir='ltr'><strong>bum,</strong></span> <span class='ocrx_word' id='word_1_228' title='bbox 358 2350 667 2437; x_wconf 77' lang='lat' dir='ltr'><strong>ptmdicanthristum,</strong></span> <span class='ocrx_word' id='word_1_229' title='bbox 680 2355 755 2435; x_wconf 89' lang='lat' dir='ltr'><strong>signa</strong></span> <span class='ocrx_word' id='word_1_230' title='bbox 768 2354 862 2427; x_wconf 89' lang='lat' dir='ltr'><strong>edunt,</strong></span> <span class='ocrx_word' id='word_1_231' title='bbox 877 2354 1010 2433; x_wconf 88' lang='lat' dir='ltr'><strong>paulatim</strong></span> <span class='ocrx_word' id='word_1_232' title='bbox 1063 2354 1223 2438; x_wconf 84' lang='grc' dir='ltr'>κηρόσσουσι</span> <span class='ocrx_word' id='word_1_233' title='bbox 1250 2355 1295 2415; x_wconf 85' lang='grc' dir='ltr'><strong>τδν</strong></span> <span class='ocrx_word' id='word_1_234' title='bbox 1319 2357 1442 2436; x_wconf 85' lang='grc' dir='ltr'>Χριστὸν,</span> <span class='ocrx_word' id='word_1_235' title='bbox 1465 2366 1562 2435; x_wconf 82' lang='grc' dir='ltr'>σημεῖα</span> <span class='ocrx_word' id='word_1_236' title='bbox 1580 2359 1748 2430; x_wconf 77' lang='grc' dir='ltr'>ἐπιτελοῦσι,</span> <span class='ocrx_word' id='word_1_237' title='bbox 1769 2356 1837 2416; x_wconf 57' lang='lat' dir='ltr'><strong>uest</strong></span> 
     </span>
     <span class='ocr_line' id='line_1_28' title="bbox 264 2439 1837 2528; baseline 0.001 -21"><span class='ocrx_word' id='word_1_238' title='bbox 264 2448 295 2507; x_wconf 93' lang='lat' dir='ltr'><strong>bi</strong></span> <span class='ocrx_word' id='word_1_239' title='bbox 312 2449 415 2508; x_wconf 90' lang='lat' dir='ltr'><strong>donum</strong></span> <span class='ocrx_word' id='word_1_240' title='bbox 436 2447 583 2528; x_wconf 65' lang='lat' dir='ltr'><strong>aosspiunt.</strong></span> <span class='ocrx_word' id='word_1_241' title='bbox 601 2448 659 2506; x_wconf 89' lang='lat' dir='ltr'><strong>lloc</strong></span> <span class='ocrx_word' id='word_1_242' title='bbox 678 2446 783 2527; x_wconf 83' lang='lat' dir='ltr'><strong>duplex</strong></span> <span class='ocrx_word' id='word_1_243' title='bbox 805 2445 913 2525; x_wconf 91' lang='lat' dir='ltr'><strong>signum</strong></span> <span class='ocrx_word' id='word_1_244' title='bbox 934 2459 1009 2505; x_wconf 85' lang='lat' dir='ltr'><strong>erat:</strong></span> <span class='ocrx_word' id='word_1_245' title='bbox 1064 2448 1157 2528; x_wconf 75' lang='grc' dir='ltr'>μικρὸν</span> <span class='ocrx_word' id='word_1_246' title='bbox 1171 2447 1337 2526; x_wconf 81' lang='grc' dir='ltr'>λαμῦάνουσι</span> <span class='ocrx_word' id='word_1_247' title='bbox 1352 2446 1400 2520; x_wconf 68' lang='grc' dir='ltr'><strong>τὴν</strong></span> <span class='ocrx_word' id='word_1_248' title='bbox 1419 2446 1518 2528; x_wconf 79' lang='grc' dir='ltr'>δωρεάν</span> <span class='ocrx_word' id='word_1_249' title='bbox 1536 2439 1615 2508; x_wconf 65' lang='grc' dir='ltr'>οὗτοι.</span> <span class='ocrx_word' id='word_1_250' title='bbox 1628 2449 1716 2510; x_wconf 87' lang='grc' dir='ltr'>Τοῦτο</span> <span class='ocrx_word' id='word_1_251' title='bbox 1729 2450 1837 2509; x_wconf 76' lang='grc' dir='ltr'>διπλοῦν</span> 
     </span>
     <span class='ocr_line' id='line_1_29' title="bbox 265 2531 1837 2627; baseline 0.001 -27"><span class='ocrx_word' id='word_1_252' title='bbox 265 2563 328 2600; x_wconf 90' lang='lat' dir='ltr'><strong>uam</strong></span> <span class='ocrx_word' id='word_1_253' title='bbox 341 2555 368 2600; x_wconf 92' lang='lat' dir='ltr'><strong>et</strong></span> <span class='ocrx_word' id='word_1_254' title='bbox 382 2541 436 2599; x_wconf 91' lang='lat' dir='ltr'><strong>illis</strong></span> <span class='ocrx_word' id='word_1_255' title='bbox 451 2540 516 2600; x_wconf 91' lang='lat' dir='ltr'><strong>dare</strong></span> <span class='ocrx_word' id='word_1_256' title='bbox 529 2553 555 2599; x_wconf 91' lang='lat' dir='ltr'><strong>et</strong></span> <span class='ocrx_word' id='word_1_257' title='bbox 576 2539 640 2599; x_wconf 82' lang='lat' dir='ltr'><strong>buia</strong></span> <span class='ocrx_word' id='word_1_258' title='bbox 653 2561 705 2599; x_wconf 91' lang='lat' dir='ltr'><strong>non</strong></span> <span class='ocrx_word' id='word_1_259' title='bbox 721 2539 798 2616; x_wconf 89' lang='lat' dir='ltr'><strong>dare,</strong></span> <span class='ocrx_word' id='word_1_260' title='bbox 814 2559 943 2618; x_wconf 89' lang='lat' dir='ltr'><strong>maguum</strong></span> <span class='ocrx_word' id='word_1_261' title='bbox 954 2549 1011 2596; x_wconf 87' lang='lat' dir='ltr'><strong>erat</strong></span> <span class='ocrx_word' id='word_1_262' title='bbox 1064 2548 1174 2618; x_wconf 81' lang='grc' dir='ltr'>σημεῖον</span> <span class='ocrx_word' id='word_1_263' title='bbox 1187 2531 1219 2610; x_wconf 72' lang='grc' dir='ltr'><strong>ῆν</strong></span> <span class='ocrx_word' id='word_1_264' title='bbox 1230 2561 1237 2575; x_wconf 88' lang='grc'><em>·</em></span> <span class='ocrx_word' id='word_1_265' title='bbox 1248 2539 1317 2597; x_wconf 86' lang='grc' dir='ltr'>τότε</span> <span class='ocrx_word' id='word_1_266' title='bbox 1327 2537 1379 2627; x_wconf 76' lang='grc' dir='ltr'>γὰρ</span> <span class='ocrx_word' id='word_1_267' title='bbox 1392 2539 1500 2607; x_wconf 84' lang='grc' dir='ltr'>ἐκείνοις</span> <span class='ocrx_word' id='word_1_268' title='bbox 1511 2540 1690 2611; x_wconf 85' lang='grc' dir='ltr'>δοῦναι,τότε</span> <span class='ocrx_word' id='word_1_269' title='bbox 1703 2539 1837 2623; x_wconf 72' lang='grc' dir='ltr'>ταίτερμὴ</span> 
     </span>
     <span class='ocr_line' id='line_1_30' title="bbox 265 2622 1838 2714; baseline -0.001 -21"><span class='ocrx_word' id='word_1_270' title='bbox 265 2634 382 2714; x_wconf 90' lang='lat' dir='ltr'><strong>signum.</strong></span> <span class='ocrx_word' id='word_1_271' title='bbox 397 2636 444 2694; x_wconf 55' lang='grc' dir='ltr'><strong>δῦ.</strong></span> <span class='ocrx_word' id='word_1_272' title='bbox 459 2635 499 2693; x_wconf 83' lang='lat' dir='ltr'><strong>Et</strong></span> <span class='ocrx_word' id='word_1_273' title='bbox 512 2634 559 2693; x_wconf 77' lang='lat' dir='ltr'><strong>itti</strong></span> <span class='ocrx_word' id='word_1_274' title='bbox 572 2633 690 2714; x_wconf 77' lang='lat' dir='ltr'><strong>quidem</strong></span> <span class='ocrx_word' id='word_1_275' title='bbox 701 2631 853 2714; x_wconf 80' lang='lat' dir='ltr'><strong>testificati</strong></span> <span class='ocrx_word' id='word_1_276' title='bbox 865 2643 893 2688; x_wconf 86' lang='lat' dir='ltr'><strong>et</strong></span> <span class='ocrx_word' id='word_1_277' title='bbox 908 2630 1011 2709; x_wconf 82' lang='lat' dir='ltr'><strong>loquu-</strong></span> <span class='ocrx_word' id='word_1_278' title='bbox 1065 2633 1172 2705; x_wconf 88' lang='grc' dir='ltr'>δοῦναι,</span> <span class='ocrx_word' id='word_1_279' title='bbox 1187 2631 1296 2709; x_wconf 81' lang='grc' dir='ltr'>σημεῖον</span> <span class='ocrx_word' id='word_1_280' title='bbox 1312 2631 1435 2710; x_wconf 82' lang='grc' dir='ltr'>μέγιστον</span> <span class='ocrx_word' id='word_1_281' title='bbox 1455 2622 1497 2703; x_wconf 73' lang='grc' dir='ltr'><strong>ῆν.</strong></span> <span class='ocrx_word' id='word_1_282' title='bbox 1511 2634 1549 2692; x_wconf 79' lang='lat' dir='ltr'><strong>Oi</strong></span> <span class='ocrx_word' id='word_1_283' title='bbox 1568 2630 1617 2712; x_wconf 69' lang='lat' dir='ltr'><strong>piu</strong></span> <span class='ocrx_word' id='word_1_284' title='bbox 1631 2623 1677 2694; x_wconf 76' lang='lat' dir='ltr'><strong>adu</strong></span> <span class='ocrx_word' id='word_1_285' title='bbox 1691 2634 1838 2714; x_wconf 82' lang='grc' dir='ltr'>διαμαρεν·</span> 
     </span>
     <span class='ocr_line' id='line_1_31' title="bbox 267 2720 1836 2809; baseline 0 -23"><span class='ocrx_word' id='word_1_286' title='bbox 267 2733 290 2786; x_wconf 94' lang='lat' dir='ltr'><strong>ti</strong></span> <span class='ocrx_word' id='word_1_287' title='bbox 300 2732 424 2787; x_wconf 82' lang='lat' dir='ltr'><strong>verbum</strong></span> <span class='ocrx_word' id='word_1_288' title='bbox 436 2729 571 2804; x_wconf 87' lang='lat' dir='ltr'><strong>Domini,</strong></span> <span class='ocrx_word' id='word_1_289' title='bbox 588 2730 697 2786; x_wconf 83' lang='lat' dir='ltr'><strong>reversi</strong></span> <span class='ocrx_word' id='word_1_290' title='bbox 707 2737 775 2784; x_wconf 85' lang='lat' dir='ltr'><strong>sunt</strong></span> <span class='ocrx_word' id='word_1_291' title='bbox 787 2729 819 2782; x_wconf 89' lang='lat' dir='ltr'><strong>in</strong></span> <span class='ocrx_word' id='word_1_292' title='bbox 832 2723 1010 2794; x_wconf 81' lang='lat' dir='ltr'><strong>Jerusalem,</strong></span> <span class='ocrx_word' id='word_1_293' title='bbox 1067 2720 1175 2804; x_wconf 86' lang='grc' dir='ltr'>ράμενοι</span> <span class='ocrx_word' id='word_1_294' title='bbox 1188 2722 1233 2781; x_wconf 80' lang='grc' dir='ltr'><strong>καί</strong></span> <span class='ocrx_word' id='word_1_295' title='bbox 1248 2723 1409 2795; x_wconf 79' lang='grc' dir='ltr'>λαλήσαντες</span> <span class='ocrx_word' id='word_1_296' title='bbox 1423 2721 1468 2782; x_wconf 86' lang='grc' dir='ltr'><strong>τδν</strong></span> <span class='ocrx_word' id='word_1_297' title='bbox 1482 2723 1560 2802; x_wconf 85' lang='grc' dir='ltr'>λόγον</span> <span class='ocrx_word' id='word_1_298' title='bbox 1578 2728 1626 2784; x_wconf 81' lang='grc' dir='ltr'><strong>τοῦ</strong></span> <span class='ocrx_word' id='word_1_299' title='bbox 1640 2723 1756 2809; x_wconf 89' lang='grc' dir='ltr'>Κυρίου,</span> <span class='ocrx_word' id='word_1_300' title='bbox 1774 2724 1836 2786; x_wconf 66' lang='lat' dir='ltr'><strong>tart·</strong></span> 
     </span>
    </p>
   </div>
   <div class='ocr_carea' id='block_1_13' title="bbox 92 2811 1839 2897">
    <p class='ocr_par' dir='ltr' id='par_1_21' title="bbox 92 2811 1839 2897">
     <span class='ocr_line' id='line_1_32' title="bbox 92 2811 1839 2897; baseline -0.002 -17"><span class='ocrx_word' id='word_1_301' title='bbox 92 2839 97 2889; x_wconf 76' lang='grc' dir='ltr'>ζ</span> <span class='ocrx_word' id='word_1_302' title='bbox 124 2863 129 2872; x_wconf 83' lang='lat'><em>-</em></span> <span class='ocrx_word' id='word_1_303' title='bbox 179 2826 184 2831; x_wconf 84' lang='lat'>&#39;</span> <span class='ocrx_word' id='word_1_304' title='bbox 265 2835 294 2880; x_wconf 91' lang='lat' dir='ltr'><strong>et</strong></span> <span class='ocrx_word' id='word_1_305' title='bbox 315 2822 415 2881; x_wconf 87' lang='lat' dir='ltr'><strong>multis</strong></span> <span class='ocrx_word' id='word_1_306' title='bbox 442 2823 518 2879; x_wconf 83' lang='lat' dir='ltr'><strong>vicis</strong></span> <span class='ocrx_word' id='word_1_307' title='bbox 538 2819 793 2878; x_wconf 82' lang='lat' dir='ltr'><strong>Samaritanorum</strong></span> <span class='ocrx_word' id='word_1_308' title='bbox 820 2816 1012 2897; x_wconf 80' lang='lat' dir='ltr'><strong>evangeliza-</strong></span> <span class='ocrx_word' id='word_1_309' title='bbox 1065 2815 1180 2896; x_wconf 87' lang='grc' dir='ltr'>στρεψαν</span> <span class='ocrx_word' id='word_1_310' title='bbox 1194 2811 1596 2893; x_wconf 78' lang='grc' dir='ltr'>είςἹεροσολυμα,καίπολλδς</span> <span class='ocrx_word' id='word_1_311' title='bbox 1609 2814 1839 2896; x_wconf 80' lang='grc' dir='ltr'>κάμαςτῶνΣα-</span> 
     </span>
    </p>
   </div>
   <div class='ocr_carea' id='block_1_14' title="bbox 208 5268 226 5302">
    <p class='ocr_par' dir='ltr' id='par_1_22' title="bbox 208 5268 226 5302">
     <span class='ocr_line' id='line_1_33' title="bbox 208 5268 226 5302; baseline 0 -3"><span class='ocrx_word' id='word_1_312' title='bbox 208 5268 226 5302; x_wconf 65' lang='grc'>1</span> 
     </span>
    </p>
   </div>
   <div class='ocr_carea' id='block_1_15' title="bbox 264 2897 1871 5031">
    <p class='ocr_par' dir='ltr' id='par_1_23' title="bbox 264 2897 1871 5031">
     <span class='ocr_line' id='line_1_34' title="bbox 266 2897 1839 2992; baseline -0.001 -22"><span class='ocrx_word' id='word_1_313' title='bbox 266 2915 348 2972; x_wconf 88' lang='lat' dir='ltr'><strong>bant.</strong></span> <span class='ocrx_word' id='word_1_314' title='bbox 360 2913 432 2971; x_wconf 91' lang='lat' dir='ltr'><strong>Bene</strong></span> <span class='ocrx_word' id='word_1_315' title='bbox 450 2908 541 2984; x_wconf 73' lang='lat' dir='ltr'><strong>dixit,</strong></span> <span class='ocrx_word' id='word_1_316' title='bbox 556 2909 727 2992; x_wconf 80' lang='lat' dir='ltr'><strong>Testifieati.</strong></span> <span class='ocrx_word' id='word_1_317' title='bbox 745 2907 936 2968; x_wconf 88' lang='lat' dir='ltr'><strong>Testilieantur</strong></span> <span class='ocrx_word' id='word_1_318' title='bbox 957 2907 1013 2966; x_wconf 65' lang='lat' dir='ltr'><strong>ion</strong></span> <span class='ocrx_word' id='word_1_319' title='bbox 1066 2909 1199 2987; x_wconf 88' lang='grc' dir='ltr'>μαρειτῶν</span> <span class='ocrx_word' id='word_1_320' title='bbox 1209 2906 1421 2987; x_wconf 83' lang='grc' dir='ltr'>εὖηγγελίσαντο.</span> <span class='ocrx_word' id='word_1_321' title='bbox 1430 2908 1528 2974; x_wconf 86' lang='grc' dir='ltr'>Καλῶς</span> <span class='ocrx_word' id='word_1_322' title='bbox 1535 2904 1619 2976; x_wconf 72' lang='lat' dir='ltr'><strong>otro&lt;</strong></span> <span class='ocrx_word' id='word_1_323' title='bbox 1627 2897 1704 2981; x_wconf 79' lang='lat' dir='ltr'><strong>einr,</strong></span> <span class='ocrx_word' id='word_1_324' title='bbox 1715 2909 1839 2989; x_wconf 82' lang='grc' dir='ltr'>Διαμαρ-</span> 
     </span>
     <span class='ocr_line' id='line_1_35' title="bbox 267 2997 1838 3085; baseline -0.001 -23"><span class='ocrx_word' id='word_1_325' title='bbox 267 3018 336 3064; x_wconf 88' lang='lat' dir='ltr'><strong>tasse</strong></span> <span class='ocrx_word' id='word_1_326' title='bbox 349 3016 459 3085; x_wconf 89' lang='lat' dir='ltr'><strong>propter</strong></span> <span class='ocrx_word' id='word_1_327' title='bbox 478 3003 568 3079; x_wconf 89' lang='lat' dir='ltr'><strong>illum,</strong></span> <span class='ocrx_word' id='word_1_328' title='bbox 586 3023 619 3060; x_wconf 91' lang='lat' dir='ltr'><strong>ue</strong></span> <span class='ocrx_word' id='word_1_329' title='bbox 640 3001 819 3082; x_wconf 88' lang='lat' dir='ltr'><strong>decipiantur,</strong></span> <span class='ocrx_word' id='word_1_330' title='bbox 837 3015 867 3059; x_wconf 91' lang='lat' dir='ltr'><strong>ut</strong></span> <span class='ocrx_word' id='word_1_331' title='bbox 883 3013 973 3082; x_wconf 86' lang='lat' dir='ltr'><strong>postea</strong></span> <span class='ocrx_word' id='word_1_332' title='bbox 984 3000 1012 3059; x_wconf 88' lang='lat' dir='ltr'><strong>in</strong></span> <span class='ocrx_word' id='word_1_333' title='bbox 1028 3012 1047 3058; x_wconf 75' lang='grc' dir='ltr'><strong>Ε</strong></span> <span class='ocrx_word' id='word_1_334' title='bbox 1065 2997 1217 3079; x_wconf 90' lang='grc' dir='ltr'>τυράμενοι.</span> <span class='ocrx_word' id='word_1_335' title='bbox 1235 2997 1463 3078; x_wconf 81' lang='grc' dir='ltr'>Διαμαρτάρονται</span> <span class='ocrx_word' id='word_1_336' title='bbox 1482 2997 1535 3079; x_wconf 73' lang='grc' dir='ltr'>γάρ</span> <span class='ocrx_word' id='word_1_337' title='bbox 1556 2998 1620 3067; x_wconf 79' lang='grc' dir='ltr'>ἴσως</span> <span class='ocrx_word' id='word_1_338' title='bbox 1633 2998 1668 3058; x_wconf 86' lang='grc' dir='ltr'>δι’</span> <span class='ocrx_word' id='word_1_339' title='bbox 1687 3001 1775 3076; x_wconf 65' lang='lat' dir='ltr'><strong>aurbs,</strong></span> <span class='ocrx_word' id='word_1_340' title='bbox 1795 2999 1838 3062; x_wconf 80' lang='grc' dir='ltr'><strong>ίνα</strong></span> 
     </span>
     <span class='ocr_line' id='line_1_36' title="bbox 267 3081 1858 3175; baseline -0.001 -21"><span class='ocrx_word' id='word_1_341' title='bbox 267 3110 326 3156; x_wconf 93' lang='lat' dir='ltr'><strong>tuto</strong></span> <span class='ocrx_word' id='word_1_342' title='bbox 341 3109 438 3171; x_wconf 89' lang='lat' dir='ltr'><strong>esseut,</strong></span> <span class='ocrx_word' id='word_1_343' title='bbox 454 3116 487 3154; x_wconf 88' lang='lat' dir='ltr'><strong>ue</strong></span> <span class='ocrx_word' id='word_1_344' title='bbox 508 3093 643 3175; x_wconf 85' lang='lat' dir='ltr'><strong>inexperti</strong></span> <span class='ocrx_word' id='word_1_345' title='bbox 661 3115 731 3175; x_wconf 85' lang='lat' dir='ltr'><strong>saepe</strong></span> <span class='ocrx_word' id='word_1_346' title='bbox 741 3093 938 3174; x_wconf 86' lang='lat' dir='ltr'><strong>abriperentur.</strong></span> <span class='ocrx_word' id='word_1_347' title='bbox 955 3095 1013 3152; x_wconf 86' lang='lat' dir='ltr'><strong>lle-</strong></span> <span class='ocrx_word' id='word_1_348' title='bbox 1067 3089 1106 3170; x_wconf 74' lang='grc' dir='ltr'><strong>μῆ</strong></span> <span class='ocrx_word' id='word_1_349' title='bbox 1120 3093 1289 3165; x_wconf 80' lang='grc' dir='ltr'>ἀπατῶνται,</span> <span class='ocrx_word' id='word_1_350' title='bbox 1307 3088 1351 3150; x_wconf 72' lang='grc' dir='ltr'><strong>ἵνα</strong></span> <span class='ocrx_word' id='word_1_351' title='bbox 1363 3090 1455 3150; x_wconf 82' lang='grc' dir='ltr'>λοιπδν</span> <span class='ocrx_word' id='word_1_352' title='bbox 1466 3092 1493 3149; x_wconf 85' lang='grc' dir='ltr'><strong>ἐν</strong></span> <span class='ocrx_word' id='word_1_353' title='bbox 1509 3090 1641 3173; x_wconf 75' lang='grc' dir='ltr'>ἀσφαλείᾳ</span> <span class='ocrx_word' id='word_1_354' title='bbox 1652 3081 1729 3166; x_wconf 78' lang='grc' dir='ltr'>ὦσιν,</span> <span class='ocrx_word' id='word_1_355' title='bbox 1741 3091 1787 3152; x_wconf 75' lang='grc' dir='ltr'><strong>ἵνα</strong></span> <span class='ocrx_word' id='word_1_356' title='bbox 1800 3090 1858 3173; x_wconf 69' lang='grc' dir='ltr'><strong>μὴ·</strong></span> 
     </span>
     <span class='ocr_line' id='line_1_37' title="bbox 270 3181 1871 3266; baseline 0.001 -21"><span class='ocrx_word' id='word_1_357' title='bbox 270 3190 344 3245; x_wconf 82' lang='lat' dir='ltr'><strong>versi</strong></span> <span class='ocrx_word' id='word_1_358' title='bbox 362 3197 431 3244; x_wconf 85' lang='lat' dir='ltr'><strong>sunt</strong></span> <span class='ocrx_word' id='word_1_359' title='bbox 445 3183 674 3258; x_wconf 85' lang='lat' dir='ltr'><strong>Jerosolymam.</strong></span> <span class='ocrx_word' id='word_1_360' title='bbox 689 3183 745 3241; x_wconf 90' lang='lat' dir='ltr'><strong>Cor</strong></span> <span class='ocrx_word' id='word_1_361' title='bbox 765 3181 863 3240; x_wconf 89' lang='lat' dir='ltr'><strong>iterum</strong></span> <span class='ocrx_word' id='word_1_362' title='bbox 884 3181 932 3240; x_wconf 90' lang='lat' dir='ltr'><strong>illo</strong></span> <span class='ocrx_word' id='word_1_363' title='bbox 942 3202 1012 3240; x_wconf 82' lang='lat' dir='ltr'><strong>con·</strong></span> <span class='ocrx_word' id='word_1_364' title='bbox 1066 3182 1094 3251; x_wconf 77' lang='lat' dir='ltr'><strong>tt</strong></span> <span class='ocrx_word' id='word_1_365' title='bbox 1107 3183 1226 3263; x_wconf 81' lang='grc' dir='ltr'>ἀπειρίας</span> <span class='ocrx_word' id='word_1_366' title='bbox 1240 3184 1368 3250; x_wconf 80' lang='grc' dir='ltr'>πολλάκις</span> <span class='ocrx_word' id='word_1_367' title='bbox 1378 3186 1590 3264; x_wconf 83' lang='grc' dir='ltr'>αυναρπαγῶσιν.</span> <span class='ocrx_word' id='word_1_368' title='bbox 1602 3182 1787 3266; x_wconf 77' lang='grc' dir='ltr'>Ὑπέστρεψαν</span> <span class='ocrx_word' id='word_1_369' title='bbox 1801 3189 1847 3258; x_wconf 71' lang='grc' dir='ltr'>είς·</span> <span class='ocrx_word' id='word_1_370' title='bbox 1870 3242 1871 3245; x_wconf 73' lang='grc'>,</span> 
     </span>
     <span class='ocr_line' id='line_1_38' title="bbox 267 3273 1839 3360; baseline 0 -23"><span class='ocrx_word' id='word_1_371' title='bbox 267 3276 429 3353; x_wconf 87' lang='lat' dir='ltr'><strong>cedunt,ubi</strong></span> <span class='ocrx_word' id='word_1_372' title='bbox 438 3275 561 3358; x_wconf 89' lang='lat' dir='ltr'><strong>tyrannis</strong></span> <span class='ocrx_word' id='word_1_373' title='bbox 569 3289 635 3352; x_wconf 87' lang='lat' dir='ltr'><strong>erat,</strong></span> <span class='ocrx_word' id='word_1_374' title='bbox 643 3274 830 3333; x_wconf 89' lang='lat' dir='ltr'><strong>ubimalorum</strong></span> <span class='ocrx_word' id='word_1_375' title='bbox 838 3273 1012 3355; x_wconf 89' lang='lat' dir='ltr'><strong>principium,</strong></span> <span class='ocrx_word' id='word_1_376' title='bbox 1066 3275 1304 3356; x_wconf 79' lang='grc' dir='ltr'>ἹεροσόλυμαΔιδ</span> <span class='ocrx_word' id='word_1_377' title='bbox 1316 3275 1343 3334; x_wconf 88' lang='grc' dir='ltr'><strong>τί</strong></span> <span class='ocrx_word' id='word_1_378' title='bbox 1352 3276 1432 3335; x_wconf 64' lang='lat' dir='ltr'><strong>nebu</strong></span> <span class='ocrx_word' id='word_1_379' title='bbox 1448 3276 1558 3336; x_wconf 87' lang='grc' dir='ltr'>ἀπίασιν</span> <span class='ocrx_word' id='word_1_380' title='bbox 1573 3279 1636 3351; x_wconf 78' lang='grc' dir='ltr'>ἐκεῖ,</span> <span class='ocrx_word' id='word_1_381' title='bbox 1646 3277 1707 3337; x_wconf 75' lang='grc' dir='ltr'>ἔνθα</span> <span class='ocrx_word' id='word_1_382' title='bbox 1718 3283 1737 3349; x_wconf 75' lang='grc' dir='ltr'>ἡ</span> <span class='ocrx_word' id='word_1_383' title='bbox 1749 3301 1839 3360; x_wconf 68' lang='lat' dir='ltr'><strong>rupae·</strong></span> 
     </span>
     <span class='ocr_line' id='line_1_39' title="bbox 267 3360 1837 3452; baseline 0.001 -23"><span class='ocrx_word' id='word_1_384' title='bbox 267 3371 316 3429; x_wconf 91' lang='lat' dir='ltr'><strong>ubi</strong></span> <span class='ocrx_word' id='word_1_385' title='bbox 328 3369 447 3429; x_wconf 79' lang='lat' dir='ltr'><strong>maxime</strong></span> <span class='ocrx_word' id='word_1_386' title='bbox 459 3367 625 3449; x_wconf 87' lang='lat' dir='ltr'><strong>sanguinarii</strong></span> <span class='ocrx_word' id='word_1_387' title='bbox 638 3367 734 3426; x_wconf 82' lang='lat' dir='ltr'><strong>crant?</strong></span> <span class='ocrx_word' id='word_1_388' title='bbox 745 3368 784 3425; x_wconf 92' lang='lat' dir='ltr'><strong>Ut</strong></span> <span class='ocrx_word' id='word_1_389' title='bbox 795 3365 823 3424; x_wconf 92' lang='lat' dir='ltr'><strong>in</strong></span> <span class='ocrx_word' id='word_1_390' title='bbox 836 3365 917 3425; x_wconf 92' lang='lat' dir='ltr'><strong>bellis</strong></span> <span class='ocrx_word' id='word_1_391' title='bbox 930 3365 1013 3426; x_wconf 81' lang='lat' dir='ltr'><strong>duces</strong></span> <span class='ocrx_word' id='word_1_392' title='bbox 1066 3369 1105 3438; x_wconf 84' lang='grc' dir='ltr'><strong>νίς</strong></span> <span class='ocrx_word' id='word_1_393' title='bbox 1114 3360 1157 3444; x_wconf 77' lang='grc' dir='ltr'><strong>ῆν,</strong></span> <span class='ocrx_word' id='word_1_394' title='bbox 1172 3367 1260 3440; x_wconf 81' lang='grc' dir='ltr'>ἔνδαὴ</span> <span class='ocrx_word' id='word_1_395' title='bbox 1274 3367 1345 3450; x_wconf 75' lang='grc' dir='ltr'>ἀρχὴ</span> <span class='ocrx_word' id='word_1_396' title='bbox 1358 3372 1410 3429; x_wconf 91' lang='grc' dir='ltr'><strong>τῶν</strong></span> <span class='ocrx_word' id='word_1_397' title='bbox 1427 3372 1527 3442; x_wconf 81' lang='grc' dir='ltr'>κακῶν,</span> <span class='ocrx_word' id='word_1_398' title='bbox 1542 3369 1603 3428; x_wconf 82' lang='grc' dir='ltr'>ἔνθα</span> <span class='ocrx_word' id='word_1_399' title='bbox 1615 3373 1639 3429; x_wconf 81' lang='grc' dir='ltr'>οἱ</span> <span class='ocrx_word' id='word_1_400' title='bbox 1654 3369 1774 3449; x_wconf 88' lang='grc' dir='ltr'>μάλιστα</span> <span class='ocrx_word' id='word_1_401' title='bbox 1786 3394 1837 3452; x_wconf 86' lang='grc' dir='ltr'>φο·</span> 
     </span>
     <span class='ocr_line' id='line_1_40' title="bbox 266 3456 1838 3544; baseline 0.001 -23"><span class='ocrx_word' id='word_1_402' title='bbox 266 3462 388 3535; x_wconf 80' lang='lat' dir='ltr'><strong>iaciunt,</strong></span> <span class='ocrx_word' id='word_1_403' title='bbox 404 3475 430 3520; x_wconf 91' lang='lat' dir='ltr'><strong>et</strong></span> <span class='ocrx_word' id='word_1_404' title='bbox 442 3461 516 3520; x_wconf 92' lang='lat' dir='ltr'><strong>bello</strong></span> <span class='ocrx_word' id='word_1_405' title='bbox 536 3459 702 3519; x_wconf 85' lang='lat' dir='ltr'><strong>laborantem</strong></span> <span class='ocrx_word' id='word_1_406' title='bbox 718 3471 823 3539; x_wconf 88' lang='lat' dir='ltr'><strong>partem</strong></span> <span class='ocrx_word' id='word_1_407' title='bbox 837 3471 930 3538; x_wconf 90' lang='lat' dir='ltr'><strong>petunt</strong></span> <span class='ocrx_word' id='word_1_408' title='bbox 947 3481 961 3538; x_wconf 51' lang='lat'><strong>:¹</strong></span> <span class='ocrx_word' id='word_1_409' title='bbox 970 3456 1013 3516; x_wconf 90' lang='lat' dir='ltr'><strong>id·</strong></span> <span class='ocrx_word' id='word_1_410' title='bbox 1066 3464 1175 3536; x_wconf 76' lang='grc' dir='ltr'>νῶντες,</span> <span class='ocrx_word' id='word_1_411' title='bbox 1189 3460 1318 3542; x_wconf 81' lang='grc' dir='ltr'>Καθάπερ</span> <span class='ocrx_word' id='word_1_412' title='bbox 1331 3462 1358 3518; x_wconf 79' lang='grc' dir='ltr'><strong>ἐν</strong></span> <span class='ocrx_word' id='word_1_413' title='bbox 1375 3470 1429 3529; x_wconf 87' lang='grc' dir='ltr'>τοῖς</span> <span class='ocrx_word' id='word_1_414' title='bbox 1441 3461 1567 3540; x_wconf 80' lang='grc' dir='ltr'>πολέμοις</span> <span class='ocrx_word' id='word_1_415' title='bbox 1581 3465 1605 3519; x_wconf 88' lang='lat' dir='ltr'><strong>ol</strong></span> <span class='ocrx_word' id='word_1_416' title='bbox 1616 3463 1762 3544; x_wconf 77' lang='grc' dir='ltr'>στρατηγοί</span> <span class='ocrx_word' id='word_1_417' title='bbox 1775 3487 1838 3524; x_wconf 82' lang='grc' dir='ltr'>ποι-</span> 
     </span>
     <span class='ocr_line' id='line_1_41' title="bbox 267 3550 1839 3637; baseline 0.003 -25"><span class='ocrx_word' id='word_1_418' title='bbox 267 3554 358 3635; x_wconf 92' lang='lat' dir='ltr'><strong>ipsum</strong></span> <span class='ocrx_word' id='word_1_419' title='bbox 375 3554 404 3613; x_wconf 92' lang='lat' dir='ltr'><strong>bi</strong></span> <span class='ocrx_word' id='word_1_420' title='bbox 419 3566 554 3635; x_wconf 66' lang='lat' dir='ltr'><strong>praestant.</strong></span> <span class='ocrx_word' id='word_1_421' title='bbox 570 3551 645 3612; x_wconf 87' lang='lat' dir='ltr'><strong>Vide</strong></span> <span class='ocrx_word' id='word_1_422' title='bbox 663 3572 771 3610; x_wconf 88' lang='lat' dir='ltr'><strong>rursum</strong></span> <span class='ocrx_word' id='word_1_423' title='bbox 791 3572 844 3609; x_wconf 90' lang='lat' dir='ltr'><strong>uon</strong></span> <span class='ocrx_word' id='word_1_424' title='bbox 859 3550 947 3632; x_wconf 89' lang='lat' dir='ltr'><strong>primo</strong></span> <span class='ocrx_word' id='word_1_425' title='bbox 965 3572 1013 3611; x_wconf 80' lang='lat' dir='ltr'><strong>re-</strong></span> <span class='ocrx_word' id='word_1_426' title='bbox 1067 3558 1126 3615; x_wconf 90' lang='grc' dir='ltr'>οῦσι</span> <span class='ocrx_word' id='word_1_427' title='bbox 1136 3551 1182 3612; x_wconf 85' lang='grc' dir='ltr'><strong>καί</strong></span> <span class='ocrx_word' id='word_1_428' title='bbox 1192 3552 1222 3612; x_wconf 88' lang='grc' dir='ltr'><strong>τδ</strong></span> <span class='ocrx_word' id='word_1_429' title='bbox 1230 3556 1325 3611; x_wconf 89' lang='grc' dir='ltr'>πονοῦν</span> <span class='ocrx_word' id='word_1_430' title='bbox 1339 3557 1384 3611; x_wconf 90' lang='grc' dir='ltr'><strong>τοῦ</strong></span> <span class='ocrx_word' id='word_1_431' title='bbox 1394 3552 1511 3631; x_wconf 80' lang='grc' dir='ltr'>πολέμου</span> <span class='ocrx_word' id='word_1_432' title='bbox 1525 3552 1603 3637; x_wconf 76' lang='grc' dir='ltr'>μέρος</span> <span class='ocrx_word' id='word_1_433' title='bbox 1617 3555 1839 3634; x_wconf 77' lang='grc' dir='ltr'>καταλαμῦάνον·</span> 
     </span>
     <span class='ocr_line' id='line_1_42' title="bbox 266 3636 1839 3732; baseline 0.002 -26"><span class='ocrx_word' id='word_1_434' title='bbox 266 3648 368 3708; x_wconf 91' lang='lat' dir='ltr'><strong>nieutes</strong></span> <span class='ocrx_word' id='word_1_435' title='bbox 387 3645 556 3721; x_wconf 85' lang='lat' dir='ltr'><strong>Samariam,</strong></span> <span class='ocrx_word' id='word_1_436' title='bbox 567 3645 612 3705; x_wconf 86' lang='lat' dir='ltr'><strong>sed</strong></span> <span class='ocrx_word' id='word_1_437' title='bbox 628 3646 719 3726; x_wconf 88' lang='lat' dir='ltr'><strong>pulsos</strong></span> <span class='ocrx_word' id='word_1_438' title='bbox 731 3643 889 3725; x_wconf 86' lang='lat' dir='ltr'><strong>discipulos,</strong></span> <span class='ocrx_word' id='word_1_439' title='bbox 904 3643 973 3703; x_wconf 91' lang='lat' dir='ltr'><strong>sicut</strong></span> <span class='ocrx_word' id='word_1_440' title='bbox 988 3657 1015 3704; x_wconf 90' lang='lat' dir='ltr'><strong>et</strong></span> <span class='ocrx_word' id='word_1_441' title='bbox 1068 3670 1110 3706; x_wconf 87' lang='grc' dir='ltr'><strong>αι·</strong></span> <span class='ocrx_word' id='word_1_442' title='bbox 1128 3645 1160 3704; x_wconf 70' lang='lat' dir='ltr'><strong>ab</strong></span> <span class='ocrx_word' id='word_1_443' title='bbox 1175 3645 1239 3705; x_wconf 84' lang='grc' dir='ltr'>αῦτδ</span> <span class='ocrx_word' id='word_1_444' title='bbox 1254 3644 1299 3704; x_wconf 82' lang='grc' dir='ltr'><strong>καί</strong></span> <span class='ocrx_word' id='word_1_445' title='bbox 1313 3636 1401 3705; x_wconf 64' lang='lat' dir='ltr'><strong>“abror</strong></span> <span class='ocrx_word' id='word_1_446' title='bbox 1418 3645 1579 3728; x_wconf 76' lang='grc' dir='ltr'>ἐργάζονται.</span> <span class='ocrx_word' id='word_1_447' title='bbox 1597 3645 1672 3729; x_wconf 76' lang='lat' dir='ltr'><strong>&#39;Ope</strong></span> <span class='ocrx_word' id='word_1_448' title='bbox 1684 3649 1769 3709; x_wconf 88' lang='grc' dir='ltr'>πάλιν</span> <span class='ocrx_word' id='word_1_449' title='bbox 1780 3646 1839 3732; x_wconf 81' lang='grc' dir='ltr'>υῦχί</span> 
     </span>
     <span class='ocr_line' id='line_1_43' title="bbox 266 3737 1838 3822; baseline -0.001 -21"><span class='ocrx_word' id='word_1_450' title='bbox 266 3742 318 3801; x_wconf 90' lang='lat' dir='ltr'><strong>sub</strong></span> <span class='ocrx_word' id='word_1_451' title='bbox 341 3741 465 3820; x_wconf 90' lang='lat' dir='ltr'><strong>Christo,</strong></span> <span class='ocrx_word' id='word_1_452' title='bbox 481 3752 508 3799; x_wconf 92' lang='lat' dir='ltr'><strong>et</strong></span> <span class='ocrx_word' id='word_1_453' title='bbox 524 3739 660 3821; x_wconf 91' lang='lat' dir='ltr'><strong>apostolos</strong></span> <span class='ocrx_word' id='word_1_454' title='bbox 684 3737 720 3797; x_wconf 93' lang='lat' dir='ltr'><strong>ad</strong></span> <span class='ocrx_word' id='word_1_455' title='bbox 740 3759 784 3797; x_wconf 90' lang='lat' dir='ltr'><strong>eos</strong></span> <span class='ocrx_word' id='word_1_456' title='bbox 806 3738 1011 3817; x_wconf 86' lang='lat' dir='ltr'><strong>Samaritanus,</strong></span> <span class='ocrx_word' id='word_1_457' title='bbox 1067 3737 1270 3822; x_wconf 75' lang='grc' dir='ltr'>προηγουμένοις</span> <span class='ocrx_word' id='word_1_458' title='bbox 1286 3738 1445 3817; x_wconf 80' lang='grc' dir='ltr'>ἐρχομένους</span> <span class='ocrx_word' id='word_1_459' title='bbox 1460 3742 1495 3804; x_wconf 86' lang='grc' dir='ltr'><strong>εἷς</strong></span> <span class='ocrx_word' id='word_1_460' title='bbox 1508 3739 1673 3820; x_wconf 80' lang='grc' dir='ltr'>Σαμάρειαν,</span> <span class='ocrx_word' id='word_1_461' title='bbox 1689 3740 1760 3801; x_wconf 80' lang='grc' dir='ltr'>ἀλλά</span> <span class='ocrx_word' id='word_1_462' title='bbox 1778 3742 1838 3803; x_wconf 80' lang='grc' dir='ltr'>διιε-</span> 
     </span>
     <span class='ocr_line' id='line_1_44' title="bbox 266 3828 1838 3914; baseline 0 -20"><span class='ocrx_word' id='word_1_463' title='bbox 266 3835 313 3914; x_wconf 91' lang='lat' dir='ltr'><strong>qui</strong></span> <span class='ocrx_word' id='word_1_464' title='bbox 328 3830 507 3911; x_wconf 86' lang='lat' dir='ltr'><strong>crediderant,</strong></span> <span class='ocrx_word' id='word_1_465' title='bbox 525 3830 635 3892; x_wconf 86' lang='lat' dir='ltr'><strong>demum</strong></span> <span class='ocrx_word' id='word_1_466' title='bbox 648 3831 753 3891; x_wconf 88' lang='lat' dir='ltr'><strong>missos.</strong></span> <span class='ocrx_word' id='word_1_467' title='bbox 770 3832 844 3892; x_wconf 85' lang='lat' dir='ltr'><strong>Cum</strong></span> <span class='ocrx_word' id='word_1_468' title='bbox 860 3833 1012 3893; x_wconf 81' lang='lat' dir='ltr'><strong>audissent</strong></span> <span class='ocrx_word' id='word_1_469' title='bbox 1066 3829 1260 3911; x_wconf 80' lang='grc' dir='ltr'>κομένουςτοῦς</span> <span class='ocrx_word' id='word_1_470' title='bbox 1276 3828 1408 3909; x_wconf 76' lang='grc' dir='ltr'>μαθητὰς,</span> <span class='ocrx_word' id='word_1_471' title='bbox 1422 3834 1457 3897; x_wconf 86' lang='grc' dir='ltr'>ὡς</span> <span class='ocrx_word' id='word_1_472' title='bbox 1473 3832 1518 3889; x_wconf 84' lang='grc' dir='ltr'><strong>καὶ</strong></span> <span class='ocrx_word' id='word_1_473' title='bbox 1530 3831 1574 3890; x_wconf 85' lang='grc' dir='ltr'><strong>ἐπί</strong></span> <span class='ocrx_word' id='word_1_474' title='bbox 1586 3837 1633 3890; x_wconf 90' lang='grc' dir='ltr'><strong>τοῦ</strong></span> <span class='ocrx_word' id='word_1_475' title='bbox 1649 3834 1781 3914; x_wconf 81' lang='grc' dir='ltr'>Χριστοῦ,</span> <span class='ocrx_word' id='word_1_476' title='bbox 1793 3832 1838 3894; x_wconf 78' lang='grc' dir='ltr'><strong>καί</strong></span> 
     </span>
     <span class='ocr_line' id='line_1_45' title="bbox 266 3920 1838 4006; baseline 0 -20"><span class='ocrx_word' id='word_1_477' title='bbox 266 3939 379 4001; x_wconf 88' lang='lat' dir='ltr'><strong>autem,</strong></span> <span class='ocrx_word' id='word_1_478' title='bbox 403 3925 511 4006; x_wconf 87' lang='lat' dir='ltr'><strong>inquit,</strong></span> <span class='ocrx_word' id='word_1_479' title='bbox 525 3924 662 4004; x_wconf 86' lang='lat' dir='ltr'><strong>apostoli,</strong></span> <span class='ocrx_word' id='word_1_480' title='bbox 679 3928 730 4004; x_wconf 83' lang='lat' dir='ltr'><strong>qni</strong></span> <span class='ocrx_word' id='word_1_481' title='bbox 751 3935 836 3983; x_wconf 88' lang='lat' dir='ltr'><strong>erant</strong></span> <span class='ocrx_word' id='word_1_482' title='bbox 856 3924 1012 4002; x_wconf 75' lang='lat' dir='ltr'><strong>Jemsoty-</strong></span> <span class='ocrx_word' id='word_1_483' title='bbox 1064 3920 1437 4002; x_wconf 80' lang='grc' dir='ltr'>τοδςάποατολουςπρδςτοῦς</span> <span class='ocrx_word' id='word_1_484' title='bbox 1451 3921 1642 3991; x_wconf 76' lang='grc' dir='ltr'>πιστεύσαντας</span> <span class='ocrx_word' id='word_1_485' title='bbox 1654 3924 1705 3999; x_wconf 80' lang='grc' dir='ltr'>ἤδη</span> <span class='ocrx_word' id='word_1_486' title='bbox 1717 3931 1770 3986; x_wconf 90' lang='grc' dir='ltr'><strong>τῶν</strong></span> <span class='ocrx_word' id='word_1_487' title='bbox 1786 3927 1838 3986; x_wconf 68' lang='lat' dir='ltr'><strong>aa·</strong></span> 
     </span>
     <span class='ocr_line' id='line_1_46' title="bbox 266 4013 1835 4099; baseline 0.001 -22"><span class='ocrx_word' id='word_1_488' title='bbox 266 4024 339 4096; x_wconf 90' lang='lat' dir='ltr'><strong>mis,</strong></span> <span class='ocrx_word' id='word_1_489' title='bbox 354 4024 496 4079; x_wconf 86' lang='lat' dir='ltr'><strong>miserunt</strong></span> <span class='ocrx_word' id='word_1_490' title='bbox 515 4020 557 4077; x_wconf 84' lang='lat' dir='ltr'><strong>nd</strong></span> <span class='ocrx_word' id='word_1_491' title='bbox 577 4018 646 4076; x_wconf 87' lang='lat' dir='ltr'><strong>illos</strong></span> <span class='ocrx_word' id='word_1_492' title='bbox 661 4016 783 4076; x_wconf 88' lang='lat' dir='ltr'><strong>Petrum</strong></span> <span class='ocrx_word' id='word_1_493' title='bbox 807 4028 836 4075; x_wconf 90' lang='lat' dir='ltr'><strong>et</strong></span> <span class='ocrx_word' id='word_1_494' title='bbox 852 4018 1009 4078; x_wconf 78' lang='lat' dir='ltr'><strong>loannem.</strong></span> <span class='ocrx_word' id='word_1_495' title='bbox 1065 4019 1196 4099; x_wconf 85' lang='grc' dir='ltr'>μαρειτῶν</span> <span class='ocrx_word' id='word_1_496' title='bbox 1213 4015 1304 4075; x_wconf 83' lang='grc' dir='ltr'>λοιπὸν</span> <span class='ocrx_word' id='word_1_497' title='bbox 1318 4013 1596 4093; x_wconf 76' lang='grc' dir='ltr'>ἐξαποστιλλομίνους.</span> <span class='ocrx_word' id='word_1_498' title='bbox 1611 4015 1782 4086; x_wconf 76' lang='grc' dir='ltr'>Ἀκούσαντες</span> <span class='ocrx_word' id='word_1_499' title='bbox 1792 4018 1835 4093; x_wconf 73' lang='lat' dir='ltr'><strong>bl,</strong></span> 
     </span>
     <span class='ocr_line' id='line_1_47' title="bbox 266 4105 1836 4191; baseline 0 -20"><span class='ocrx_word' id='word_1_500' title='bbox 266 4115 323 4171; x_wconf 88' lang='lat' dir='ltr'><strong>Cur</strong></span> <span class='ocrx_word' id='word_1_501' title='bbox 338 4111 501 4171; x_wconf 76' lang='lat' dir='ltr'><strong>mittuntur?</strong></span> <span class='ocrx_word' id='word_1_502' title='bbox 515 4112 554 4170; x_wconf 89' lang='lat' dir='ltr'><strong>Ut</strong></span> <span class='ocrx_word' id='word_1_503' title='bbox 570 4110 631 4169; x_wconf 89' lang='lat' dir='ltr'><strong>illos</strong></span> <span class='ocrx_word' id='word_1_504' title='bbox 645 4108 786 4169; x_wconf 88' lang='lat' dir='ltr'><strong>liberenta</strong></span> <span class='ocrx_word' id='word_1_505' title='bbox 801 4109 900 4188; x_wconf 87' lang='lat' dir='ltr'><strong>magia,</strong></span> <span class='ocrx_word' id='word_1_506' title='bbox 911 4124 942 4169; x_wconf 93' lang='lat' dir='ltr'><strong>ut</strong></span> <span class='ocrx_word' id='word_1_507' title='bbox 955 4109 1010 4169; x_wconf 88' lang='lat' dir='ltr'><strong>illis</strong></span> <span class='ocrx_word' id='word_1_508' title='bbox 1064 4108 1153 4191; x_wconf 83' lang='grc' dir='ltr'>φησὶν,</span> <span class='ocrx_word' id='word_1_509' title='bbox 1174 4111 1198 4166; x_wconf 84' lang='grc' dir='ltr'>οἱ</span> <span class='ocrx_word' id='word_1_510' title='bbox 1219 4111 1245 4166; x_wconf 81' lang='grc' dir='ltr'><strong>ἐν</strong></span> <span class='ocrx_word' id='word_1_511' title='bbox 1271 4105 1462 4190; x_wconf 82' lang='grc' dir='ltr'>Ἱεροσολύμοις</span> <span class='ocrx_word' id='word_1_512' title='bbox 1487 4107 1646 4183; x_wconf 83' lang='grc' dir='ltr'>ἀπόστολοι,</span> <span class='ocrx_word' id='word_1_513' title='bbox 1677 4110 1836 4171; x_wconf 83' lang='grc' dir='ltr'>ἀπέστειλαν</span> 
     </span>
     <span class='ocr_line' id='line_1_48' title="bbox 265 4196 1837 4285; baseline 0.002 -23"><span class='ocrx_word' id='word_1_514' title='bbox 265 4203 417 4262; x_wconf 87' lang='lat' dir='ltr'><strong>doctrinam</strong></span> <span class='ocrx_word' id='word_1_515' title='bbox 428 4217 645 4278; x_wconf 88' lang='lat' dir='ltr'><strong>commemorent,</strong></span> <span class='ocrx_word' id='word_1_516' title='bbox 663 4224 745 4280; x_wconf 86' lang='lat' dir='ltr'><strong>quam</strong></span> <span class='ocrx_word' id='word_1_517' title='bbox 760 4223 775 4260; x_wconf 91' lang='lat' dir='ltr'><strong>a</strong></span> <span class='ocrx_word' id='word_1_518' title='bbox 788 4202 895 4260; x_wconf 89' lang='lat' dir='ltr'><strong>Christo</strong></span> <span class='ocrx_word' id='word_1_519' title='bbox 905 4201 1010 4261; x_wconf 90' lang='lat' dir='ltr'><strong>didice·</strong></span> <span class='ocrx_word' id='word_1_520' title='bbox 1018 4234 1055 4276; x_wconf 78' lang='lat' dir='ltr'><strong>tua</strong></span> <span class='ocrx_word' id='word_1_521' title='bbox 1064 4203 1129 4285; x_wconf 80' lang='grc' dir='ltr'>πρὸς</span> <span class='ocrx_word' id='word_1_522' title='bbox 1140 4200 1234 4270; x_wconf 75' lang='grc' dir='ltr'>αὐτοὺς</span> <span class='ocrx_word' id='word_1_523' title='bbox 1242 4200 1344 4280; x_wconf 82' lang='grc' dir='ltr'>Πέτρον</span> <span class='ocrx_word' id='word_1_524' title='bbox 1352 4201 1398 4260; x_wconf 81' lang='grc' dir='ltr'><strong>καί</strong></span> <span class='ocrx_word' id='word_1_525' title='bbox 1408 4201 1542 4275; x_wconf 85' lang='grc' dir='ltr'>Ἰωάννην.</span> <span class='ocrx_word' id='word_1_526' title='bbox 1553 4201 1590 4261; x_wconf 88' lang='grc' dir='ltr'>Τί</span> <span class='ocrx_word' id='word_1_527' title='bbox 1601 4201 1700 4274; x_wconf 74' lang='grc' dir='ltr'>δήποτε</span> <span class='ocrx_word' id='word_1_528' title='bbox 1709 4196 1837 4265; x_wconf 63' lang='lat' dir='ltr'><strong>amaru</strong></span> 
     </span>
     <span class='ocr_line' id='line_1_49' title="bbox 265 4292 1837 4376; baseline 0.002 -24"><span class='ocrx_word' id='word_1_529' title='bbox 265 4308 336 4353; x_wconf 87' lang='lat' dir='ltr'><strong>rant.</strong></span> <span class='ocrx_word' id='word_1_530' title='bbox 351 4298 421 4354; x_wconf 91' lang='lat' dir='ltr'><strong>Cum</strong></span> <span class='ocrx_word' id='word_1_531' title='bbox 434 4309 568 4376; x_wconf 87' lang='lat' dir='ltr'><strong>oporteret</strong></span> <span class='ocrx_word' id='word_1_532' title='bbox 583 4316 647 4375; x_wconf 90' lang='lat' dir='ltr'><strong>ergo</strong></span> <span class='ocrx_word' id='word_1_533' title='bbox 664 4295 743 4354; x_wconf 92' lang='lat' dir='ltr'><strong>illum</strong></span> <span class='ocrx_word' id='word_1_534' title='bbox 769 4292 934 4352; x_wconf 88' lang='lat' dir='ltr'><strong>contrarium</strong></span> <span class='ocrx_word' id='word_1_535' title='bbox 957 4316 1009 4376; x_wconf 86' lang='lat' dir='ltr'><strong>pe·</strong></span> <span class='ocrx_word' id='word_1_536' title='bbox 1026 4293 1047 4337; x_wconf 75' lang='grc' dir='ltr'>Ᾰ</span> <span class='ocrx_word' id='word_1_537' title='bbox 1063 4297 1168 4368; x_wconf 84' lang='grc' dir='ltr'>λονται;</span> <span class='ocrx_word' id='word_1_538' title='bbox 1179 4292 1264 4352; x_wconf 85' lang='grc' dir='ltr'>Ὥστε</span> <span class='ocrx_word' id='word_1_539' title='bbox 1282 4293 1432 4362; x_wconf 79' lang='grc' dir='ltr'>ἀπαλλάξαι</span> <span class='ocrx_word' id='word_1_540' title='bbox 1451 4293 1563 4372; x_wconf 83' lang='grc' dir='ltr'>μαγείας</span> <span class='ocrx_word' id='word_1_541' title='bbox 1582 4293 1689 4369; x_wconf 81' lang='grc' dir='ltr'>αὐτοὺς,</span> <span class='ocrx_word' id='word_1_542' title='bbox 1704 4294 1776 4355; x_wconf 78' lang='grc' dir='ltr'>ὥστε</span> <span class='ocrx_word' id='word_1_543' title='bbox 1789 4299 1837 4370; x_wconf 84' lang='grc' dir='ltr'><strong>τῆς</strong></span> 
     </span>
     <span class='ocr_line' id='line_1_50' title="bbox 265 4385 1836 4468; baseline 0.001 -22"><span class='ocrx_word' id='word_1_544' title='bbox 265 4401 330 4465; x_wconf 91' lang='lat' dir='ltr'><strong>tere,</strong></span> <span class='ocrx_word' id='word_1_545' title='bbox 347 4401 377 4447; x_wconf 93' lang='lat' dir='ltr'><strong>ut</strong></span> <span class='ocrx_word' id='word_1_546' title='bbox 387 4388 519 4468; x_wconf 87' lang='lat' dir='ltr'><strong>acciperet</strong></span> <span class='ocrx_word' id='word_1_547' title='bbox 528 4386 661 4468; x_wconf 80' lang='lat' dir='ltr'><strong>Spiritum</strong></span> <span class='ocrx_word' id='word_1_548' title='bbox 679 4400 811 4462; x_wconf 89' lang='lat' dir='ltr'><strong>sanctum,</strong></span> <span class='ocrx_word' id='word_1_549' title='bbox 833 4385 856 4444; x_wconf 94' lang='lat' dir='ltr'><strong>is</strong></span> <span class='ocrx_word' id='word_1_550' title='bbox 879 4386 951 4447; x_wconf 91' lang='lat' dir='ltr'><strong>illud</strong></span> <span class='ocrx_word' id='word_1_551' title='bbox 970 4388 1009 4446; x_wconf 90' lang='lat' dir='ltr'><strong>ni·</strong></span> <span class='ocrx_word' id='word_1_552' title='bbox 1063 4388 1172 4468; x_wconf 80' lang='grc' dir='ltr'>διδαχῆς</span> <span class='ocrx_word' id='word_1_553' title='bbox 1194 4387 1345 4462; x_wconf 82' lang='grc' dir='ltr'>ἀναμνῆσαι</span> <span class='ocrx_word' id='word_1_554' title='bbox 1352 4431 1360 4460; x_wconf 96' lang='grc'>,</span> <span class='ocrx_word' id='word_1_555' title='bbox 1380 4386 1412 4458; x_wconf 81' lang='grc' dir='ltr'><strong>ἣν</strong></span> <span class='ocrx_word' id='word_1_556' title='bbox 1435 4386 1509 4467; x_wconf 84' lang='grc' dir='ltr'>παρδι</span> <span class='ocrx_word' id='word_1_557' title='bbox 1527 4388 1643 4467; x_wconf 82' lang='grc' dir='ltr'>Χριστοῦ</span> <span class='ocrx_word' id='word_1_558' title='bbox 1662 4387 1773 4467; x_wconf 81' lang='grc' dir='ltr'>ἔμαθον,</span> <span class='ocrx_word' id='word_1_559' title='bbox 1792 4387 1836 4449; x_wconf 73' lang='grc' dir='ltr'><strong>ὅτε</strong></span> 
     </span>
     <span class='ocr_line' id='line_1_51' title="bbox 264 4469 1839 4562; baseline 0.001 -22"><span class='ocrx_word' id='word_1_560' title='bbox 264 4480 307 4540; x_wconf 93' lang='lat' dir='ltr'><strong>hil</strong></span> <span class='ocrx_word' id='word_1_561' title='bbox 315 4501 423 4557; x_wconf 87' lang='lat' dir='ltr'><strong>curans,</strong></span> <span class='ocrx_word' id='word_1_562' title='bbox 437 4479 506 4561; x_wconf 91' lang='lat' dir='ltr'><strong>petit</strong></span> <span class='ocrx_word' id='word_1_563' title='bbox 522 4494 552 4538; x_wconf 92' lang='lat' dir='ltr'><strong>ut</strong></span> <span class='ocrx_word' id='word_1_564' title='bbox 563 4478 623 4538; x_wconf 89' lang='lat' dir='ltr'><strong>aliis</strong></span> <span class='ocrx_word' id='word_1_565' title='bbox 634 4479 700 4538; x_wconf 87' lang='lat' dir='ltr'><strong>dare</strong></span> <span class='ocrx_word' id='word_1_566' title='bbox 708 4478 794 4561; x_wconf 91' lang='lat' dir='ltr'><strong>possit</strong></span> <span class='ocrx_word' id='word_1_567' title='bbox 811 4478 881 4539; x_wconf 92' lang='lat' dir='ltr'><strong>:etsi</strong></span> <span class='ocrx_word' id='word_1_568' title='bbox 896 4479 949 4561; x_wconf 90' lang='lat' dir='ltr'><strong>ipsi</strong></span> <span class='ocrx_word' id='word_1_569' title='bbox 957 4502 1009 4541; x_wconf 90' lang='lat' dir='ltr'><strong>non</strong></span> <span class='ocrx_word' id='word_1_570' title='bbox 1062 4484 1166 4562; x_wconf 89' lang='grc' dir='ltr'>πρῶτον</span> <span class='ocrx_word' id='word_1_571' title='bbox 1181 4476 1347 4537; x_wconf 79' lang='grc' dir='ltr'>ἐπίστευσαν.</span> <span class='ocrx_word' id='word_1_572' title='bbox 1362 4477 1425 4537; x_wconf 81' lang='grc' dir='ltr'>Δέον</span> <span class='ocrx_word' id='word_1_573' title='bbox 1441 4469 1486 4537; x_wconf 77' lang='grc' dir='ltr'><strong>οῦν</strong></span> <span class='ocrx_word' id='word_1_574' title='bbox 1499 4478 1647 4539; x_wconf 82' lang='grc' dir='ltr'>τούναντίον</span> <span class='ocrx_word' id='word_1_575' title='bbox 1659 4482 1784 4553; x_wconf 80' lang='grc' dir='ltr'>αἰτῆσαι,</span> <span class='ocrx_word' id='word_1_576' title='bbox 1794 4479 1839 4542; x_wconf 69' lang='lat' dir='ltr'><strong>in</strong></span> 
     </span>
     <span class='ocr_line' id='line_1_52' title="bbox 264 4568 1838 4656; baseline 0 -24"><span class='ocrx_word' id='word_1_577' title='bbox 264 4573 344 4632; x_wconf 92' lang='lat' dir='ltr'><strong>illum</strong></span> <span class='ocrx_word' id='word_1_578' title='bbox 352 4571 390 4633; x_wconf 89' lang='lat' dir='ltr'><strong>ita</strong></span> <span class='ocrx_word' id='word_1_579' title='bbox 405 4583 571 4654; x_wconf 85' lang='lat' dir='ltr'><strong>acceperant,</strong></span> <span class='ocrx_word' id='word_1_580' title='bbox 585 4584 615 4630; x_wconf 92' lang='lat' dir='ltr'><strong>ut</strong></span> <span class='ocrx_word' id='word_1_581' title='bbox 627 4569 693 4629; x_wconf 87' lang='lat' dir='ltr'><strong>dare</strong></span> <span class='ocrx_word' id='word_1_582' title='bbox 706 4583 820 4652; x_wconf 88' lang='lat' dir='ltr'><strong>possent.</strong></span> <span class='ocrx_word' id='word_1_583' title='bbox 838 4571 1011 4633; x_wconf 88' lang='lat' dir='ltr'><strong>Sedvolebat</strong></span> <span class='ocrx_word' id='word_1_584' title='bbox 1062 4572 1132 4652; x_wconf 79' lang='grc' dir='ltr'>λάῦῃ</span> <span class='ocrx_word' id='word_1_585' title='bbox 1156 4573 1269 4648; x_wconf 85' lang='grc' dir='ltr'>Πνεῦμα</span> <span class='ocrx_word' id='word_1_586' title='bbox 1291 4568 1456 4647; x_wconf 57' lang='lat' dir='ltr'><strong>dureo-ibi,</strong></span> <span class='ocrx_word' id='word_1_587' title='bbox 1472 4570 1562 4644; x_wconf 73' lang='grc' dir='ltr'>ἐπειδὴ</span> <span class='ocrx_word' id='word_1_588' title='bbox 1582 4576 1630 4630; x_wconf 85' lang='grc' dir='ltr'>οὐκ</span> <span class='ocrx_word' id='word_1_589' title='bbox 1650 4571 1744 4651; x_wconf 80' lang='grc' dir='ltr'>ἔμελεν</span> <span class='ocrx_word' id='word_1_590' title='bbox 1766 4575 1838 4656; x_wconf 66' lang='grc' dir='ltr'>οὔτῇ</span> 
     </span>
     <span class='ocr_line' id='line_1_53' title="bbox 265 4660 1838 4750; baseline -0.001 -23"><span class='ocrx_word' id='word_1_591' title='bbox 265 4670 311 4729; x_wconf 82' lang='lat' dir='ltr'><strong>hic</strong></span> <span class='ocrx_word' id='word_1_592' title='bbox 332 4667 460 4750; x_wconf 88' lang='lat' dir='ltr'><strong>Philippo</strong></span> <span class='ocrx_word' id='word_1_593' title='bbox 488 4665 586 4725; x_wconf 69' lang='lat' dir='ltr'><strong>(darier</strong></span> <span class='ocrx_word' id='word_1_594' title='bbox 608 4687 681 4742; x_wconf 91' lang='lat' dir='ltr'><strong>esse,</strong></span> <span class='ocrx_word' id='word_1_595' title='bbox 703 4664 751 4743; x_wconf 90' lang='lat' dir='ltr'><strong>qui</strong></span> <span class='ocrx_word' id='word_1_596' title='bbox 775 4663 845 4725; x_wconf 88' lang='lat' dir='ltr'><strong>iuter</strong></span> <span class='ocrx_word' id='word_1_597' title='bbox 862 4664 1010 4749; x_wconf 83' lang='lat' dir='ltr'><strong>discipulos</strong></span> <span class='ocrx_word' id='word_1_598' title='bbox 1063 4663 1171 4738; x_wconf 80' lang='grc' dir='ltr'>τούτου,</span> <span class='ocrx_word' id='word_1_599' title='bbox 1189 4660 1232 4721; x_wconf 88' lang='grc' dir='ltr'><strong>ίνα</strong></span> <span class='ocrx_word' id='word_1_600' title='bbox 1252 4663 1315 4742; x_wconf 82' lang='grc' dir='ltr'>διδῷ</span> <span class='ocrx_word' id='word_1_601' title='bbox 1341 4662 1437 4743; x_wconf 77' lang='grc' dir='ltr'>ἑτέροις</span> <span class='ocrx_word' id='word_1_602' title='bbox 1462 4666 1540 4722; x_wconf 85' lang='grc' dir='ltr'>αἰτεῖ.</span> <span class='ocrx_word' id='word_1_603' title='bbox 1561 4662 1656 4723; x_wconf 84' lang='grc' dir='ltr'>Καίτοι</span> <span class='ocrx_word' id='word_1_604' title='bbox 1677 4667 1774 4724; x_wconf 84' lang='grc' dir='ltr'>ἐκεῖνοι</span> <span class='ocrx_word' id='word_1_605' title='bbox 1791 4668 1838 4725; x_wconf 71' lang='lat' dir='ltr'><strong>dat</strong></span> 
     </span>
     <span class='ocr_line' id='line_1_54' title="bbox 265 4746 1838 4842; baseline -0.004 -19"><span class='ocrx_word' id='word_1_606' title='bbox 265 4779 330 4825; x_wconf 83' lang='lat' dir='ltr'><strong>erut.</strong></span> <span class='ocrx_word' id='word_1_607' title='bbox 350 4767 484 4824; x_wconf 87' lang='lat' dir='ltr'><strong>Pecunia</strong></span> <span class='ocrx_word' id='word_1_608' title='bbox 507 4775 559 4822; x_wconf 89' lang='lat' dir='ltr'><strong>tua</strong></span> <span class='ocrx_word' id='word_1_609' title='bbox 584 4772 679 4821; x_wconf 89' lang='lat' dir='ltr'><strong>tecum</strong></span> <span class='ocrx_word' id='word_1_610' title='bbox 692 4765 731 4822; x_wconf 93' lang='lat' dir='ltr'><strong>sit</strong></span> <span class='ocrx_word' id='word_1_611' title='bbox 754 4764 786 4819; x_wconf 86' lang='lat' dir='ltr'><strong>in</strong></span> <span class='ocrx_word' id='word_1_612' title='bbox 807 4764 1009 4842; x_wconf 81' lang='lat' dir='ltr'><strong>perditionem.</strong></span> <span class='ocrx_word' id='word_1_613' title='bbox 1063 4753 1157 4815; x_wconf 78' lang='grc' dir='ltr'>ἔλαῦον</span> <span class='ocrx_word' id='word_1_614' title='bbox 1182 4759 1277 4814; x_wconf 87' lang='grc' dir='ltr'><strong>Ιτοῦτο</strong></span> <span class='ocrx_word' id='word_1_615' title='bbox 1292 4753 1361 4814; x_wconf 79' lang='grc' dir='ltr'>ὥστε</span> <span class='ocrx_word' id='word_1_616' title='bbox 1374 4753 1492 4814; x_wconf 82' lang='grc' dir='ltr'>διδόναι·</span> <span class='ocrx_word' id='word_1_617' title='bbox 1512 4757 1571 4815; x_wconf 80' lang='grc' dir='ltr'>ἀλλ’</span> <span class='ocrx_word' id='word_1_618' title='bbox 1586 4754 1677 4826; x_wconf 71' lang='grc' dir='ltr'>ἤθελεν</span> <span class='ocrx_word' id='word_1_619' title='bbox 1691 4746 1766 4824; x_wconf 71' lang='grc' dir='ltr'>οὗτος</span> <span class='ocrx_word' id='word_1_620' title='bbox 1780 4757 1838 4817; x_wconf 69' lang='lat' dir='ltr'><strong>m·</strong></span> 
     </span>
     <span class='ocr_line' id='line_1_55' title="bbox 266 4843 1841 4941; baseline -0.005 -23"><span class='ocrx_word' id='word_1_621' title='bbox 266 4860 326 4918; x_wconf 91' lang='lat' dir='ltr'><strong>Non</strong></span> <span class='ocrx_word' id='word_1_622' title='bbox 340 4855 521 4941; x_wconf 86' lang='lat' dir='ltr'><strong>imprecantis,</strong></span> <span class='ocrx_word' id='word_1_623' title='bbox 539 4853 587 4914; x_wconf 86' lang='lat' dir='ltr'><strong>sed</strong></span> <span class='ocrx_word' id='word_1_624' title='bbox 603 4853 761 4933; x_wconf 81' lang='lat' dir='ltr'><strong>corrigentis</strong></span> <span class='ocrx_word' id='word_1_625' title='bbox 775 4854 834 4913; x_wconf 81' lang='lat' dir='ltr'><strong>haec</strong></span> <span class='ocrx_word' id='word_1_626' title='bbox 853 4870 924 4915; x_wconf 90' lang='lat' dir='ltr'><strong>sunt.</strong></span> <span class='ocrx_word' id='word_1_627' title='bbox 939 4856 1011 4930; x_wconf 90' lang='lat' dir='ltr'><strong>Quia</strong></span> <span class='ocrx_word' id='word_1_628' title='bbox 1063 4843 1162 4906; x_wconf 65' lang='grc' dir='ltr'>λίπον</span> <span class='ocrx_word' id='word_1_629' title='bbox 1175 4845 1296 4924; x_wconf 72' lang='grc' dir='ltr'>ίῑνίσθαῑ</span> <span class='ocrx_word' id='word_1_630' title='bbox 1307 4845 1490 4927; x_wconf 48' lang='lat' dir='ltr'><strong>hadabert&lt;</strong></span> <span class='ocrx_word' id='word_1_631' title='bbox 1500 4850 1529 4921; x_wconf 74' lang='grc' dir='ltr'><strong>,ὅ</strong></span> <span class='ocrx_word' id='word_1_632' title='bbox 1544 4850 1569 4906; x_wconf 69' lang='grc' dir='ltr'>ἓν</span> <span class='ocrx_word' id='word_1_633' title='bbox 1582 4855 1635 4915; x_wconf 71' lang='grc' dir='ltr'>τοῖς</span> <span class='ocrx_word' id='word_1_634' title='bbox 1648 4851 1782 4924; x_wconf 73' lang='grc' dir='ltr'>μαθηταῖς</span> <span class='ocrx_word' id='word_1_635' title='bbox 1791 4846 1841 4909; x_wconf 75' lang='grc' dir='ltr'>ῶν.</span> 
     </span>
     <span class='ocr_line' id='line_1_56' title="bbox 266 4936 1839 5031; baseline -0.001 -21"><span class='ocrx_word' id='word_1_636' title='bbox 266 4952 338 5012; x_wconf 86' lang='lat' dir='ltr'><strong>euim</strong></span> <span class='ocrx_word' id='word_1_637' title='bbox 352 4951 399 5011; x_wconf 87' lang='lat' dir='ltr'><strong>illa</strong></span> <span class='ocrx_word' id='word_1_638' title='bbox 419 4971 471 5011; x_wconf 88' lang='lat' dir='ltr'><strong>non</strong></span> <span class='ocrx_word' id='word_1_639' title='bbox 481 4936 511 5008; x_wconf 84' lang='lat' dir='ltr'><strong>ut</strong></span> <span class='ocrx_word' id='word_1_640' title='bbox 527 4959 646 5031; x_wconf 85' lang='lat' dir='ltr'><strong>parerat</strong></span> <span class='ocrx_word' id='word_1_641' title='bbox 664 4946 799 5024; x_wconf 86' lang='lat' dir='ltr'><strong>utebatur,</strong></span> <span class='ocrx_word' id='word_1_642' title='bbox 818 4947 884 5007; x_wconf 87' lang='lat' dir='ltr'><strong>Tibi</strong></span> <span class='ocrx_word' id='word_1_643' title='bbox 905 4949 950 5023; x_wconf 87' lang='lat' dir='ltr'><strong>sit,</strong></span> <span class='ocrx_word' id='word_1_644' title='bbox 968 4949 1010 5010; x_wconf 90' lang='lat' dir='ltr'><strong>in·</strong></span> <span class='ocrx_word' id='word_1_645' title='bbox 1063 4949 1104 5009; x_wconf 84' lang='grc' dir='ltr'>Τδ</span> <span class='ocrx_word' id='word_1_646' title='bbox 1118 4946 1240 5029; x_wconf 82' lang='grc' dir='ltr'>ἀργύριόν</span> <span class='ocrx_word' id='word_1_647' title='bbox 1254 4945 1361 5007; x_wconf 78' lang='grc' dir='ltr'>σουσὺν</span> <span class='ocrx_word' id='word_1_648' title='bbox 1373 4946 1414 5005; x_wconf 81' lang='grc' dir='ltr'><strong>σοί</strong></span> <span class='ocrx_word' id='word_1_649' title='bbox 1429 4944 1471 5020; x_wconf 85' lang='grc' dir='ltr'><strong>είη</strong></span> <span class='ocrx_word' id='word_1_650' title='bbox 1486 4949 1522 5015; x_wconf 84' lang='grc' dir='ltr'><strong>εἰς</strong></span> <span class='ocrx_word' id='word_1_651' title='bbox 1535 4946 1679 5008; x_wconf 83' lang='grc' dir='ltr'>ἀπώλειαν.</span> <span class='ocrx_word' id='word_1_652' title='bbox 1696 4950 1756 5009; x_wconf 78' lang='grc' dir='ltr'><strong>Οὔκ</strong></span> <span class='ocrx_word' id='word_1_653' title='bbox 1771 4951 1839 5009; x_wconf 73' lang='grc' dir='ltr'>ἀπι-</span> 
     </span>
    </p>
   </div>
   <div class='ocr_carea' id='block_1_16' title="bbox 298 5152 1423 5229">
    <p class='ocr_par' dir='ltr' id='par_1_24' title="bbox 298 5152 1423 5229">
     <span class='ocr_line' id='line_1_57' title="bbox 298 5152 1423 5229; baseline -0.003 -19"><span class='ocrx_word' id='word_1_654' title='bbox 298 5167 450 5224; x_wconf 65' lang='grc' dir='ltr'><strong>οίγςοιρίζετο.</strong></span> <span class='ocrx_word' id='word_1_655' title='bbox 465 5167 508 5229; x_wconf 80' lang='grc' dir='ltr'><strong>δρα</strong></span> <span class='ocrx_word' id='word_1_656' title='bbox 519 5167 560 5213; x_wconf 82' lang='grc' dir='ltr'>ὅσα</span> <span class='ocrx_word' id='word_1_657' title='bbox 570 5167 728 5224; x_wconf 83' lang='grc' dir='ltr'>οίκονομτῑται,</span> <span class='ocrx_word' id='word_1_658' title='bbox 740 5174 803 5209; x_wconf 77' lang='lat' dir='ltr'><strong>unus</strong></span> <span class='ocrx_word' id='word_1_659' title='bbox 814 5156 879 5209; x_wconf 83' lang='lat' dir='ltr'><strong>Cod.</strong></span> <span class='ocrx_word' id='word_1_660' title='bbox 1108 5170 1117 5192; x_wconf 58' lang='grc' dir='ltr'>ν</span> <span class='ocrx_word' id='word_1_661' title='bbox 1131 5152 1202 5204; x_wconf 85' lang='lat' dir='ltr'><strong>lderu</strong></span> <span class='ocrx_word' id='word_1_662' title='bbox 1216 5164 1282 5209; x_wconf 78' lang='grc' dir='ltr'>τοῦτο</span> <span class='ocrx_word' id='word_1_663' title='bbox 1295 5166 1320 5208; x_wconf 72' lang='grc' dir='ltr'><strong>τε</strong></span> <span class='ocrx_word' id='word_1_664' title='bbox 1334 5160 1423 5208; x_wconf 66' lang='lat' dir='ltr'><strong>itident-</strong></span> 
     </span>
    </p>
   </div>
   <div class='ocr_carea' id='block_1_17' title="bbox 263 5235 450 5320">
    <p class='ocr_par' dir='ltr' id='par_1_25' title="bbox 263 5235 450 5320">
     <span class='ocr_line' id='line_1_58' title="bbox 263 5235 450 5320; baseline -0.016 -32"><span class='ocrx_word' id='word_1_665' title='bbox 263 5314 265 5320; x_wconf 84' lang='lat'>.</span> <span class='ocrx_word' id='word_1_666' title='bbox 299 5238 311 5276; x_wconf 73' lang='grc' dir='ltr'>’ί</span> <span class='ocrx_word' id='word_1_667' title='bbox 324 5235 397 5303; x_wconf 73' lang='grc' dir='ltr'>[αὐτοὶ</span> <span class='ocrx_word' id='word_1_668' title='bbox 407 5235 450 5300; x_wconf 70' lang='lat' dir='ltr'><strong>lb]</strong></span> 
     </span>
    </p>
   </div>
   <div class='ocr_carea' id='block_1_18' title="bbox 0 0 1879 5970">
    <p class='ocr_par' dir='ltr' id='par_1_26' title="bbox 0 0 1879 5970">
     <span class='ocr_line' id='line_1_59' title="bbox 0 0 1879 5970; baseline 0 0"><span class='ocrx_word' id='word_1_669' title='bbox 0 0 1879 5970; x_wconf 95' lang='lat' dir='ltr'><strong> </strong></span> 
     </span>
    </p>
   </div>
  </div>
 </body>
</html>
