3742 5970
77 469 145 540 880
717 520 721 531 .
793 484 925 539 eruum.

75 609 354 692 concupiscentiarum
375 605 528 664 tumoribus
542 604 674 678 medetur,
689 604 817 686 volupta-
873 606 1038 682 ταιτλάττιι,
1053 611 1105 668 τῶν
1119 609 1267 688 ἐπιθυμιῶν
1291 609 1355 677 τοῦς
1375 612 1472 690 ὄγκους
1491 637 1592 693 χειρωρ
1607 627 1636 683 εἰ,

75 714 137 751 rum
148 691 248 749 lebrem
261 689 289 746 su
310 698 348 763 at,
364 706 440 745 vanae
452 685 545 764 gloriae
555 686 654 744 fastum
664 684 750 765 pellit,
762 684 818 744 sol-
873 691 927 746 τῶν
945 689 1045 760 ἡδονῶν
1061 687 1121 756 τοῦς
1135 688 1264 767 πιρετοδς
1278 690 1421 770 ἀφανίζει,
1444 681 1584 763 τῆςίιενσδ
1610 697 1640 763 ίις

75 769 225 830 licitudinis
239 708 348 847 vigilias
368 765 455 845 ejicit,
476 764 617 823 oculorum
640 764 682 843 lip
702 762 828 835 itudiues,
873 766 921 832 τδς
936 768 1082 847 φαντασίας
1102 766 1218 837 ίλαύνει,
1240 772 1290 839 τῆς
1303 770 1442 849 μερίμνης
1455 770 1505 837 τάς
1516 774 1641 853 ἀγρυπνίας

75 863 184 931 purgat,
197 869 227 906 co
262 847 317 906 oris
329 858 355 904 et
369 845 466 903 animm
486 865 579 903 sensus
594 864 673 902 emun
712 843 819 902 turti-
835 843 856 891 Β
874 846 1032 921 ἀποδιώκιι,
1082 849 1190 924 θαλμῶν
1206 847 1255 915 τάς
1272 849 1367 926 λήμας
1383 850 1642 929 καθαίρει,σιίιμιιος

76 931 122 988 sex
143 928 216 987 enim
236 929 245 985 i
267 949 283 985 a
313 924 429 1002 desuper
447 923 573 983 medendi
597 924 655 983 vim
677 923 780 1002 accepit
802 943 820 981 a
873 925 920 985 καί
941 928 1028 1006 ψυχῆς
1050 950 1066 985 τ
1085 926 1248 999 ςαίοθήσεις
1272 929 1450 1010 ἐκκαθαίρει·
1472 934 1583 1008 τεχνῖτις
1601 932 1643 1014 γάρ

78 1009 212 1066 Creatore.
226 1007 283 1080 Qui
303 1026 367 1084 ergo
384 1004 526 1064 sanitatem
545 1016 628 1074 amat,
644 1001 747 1082 jejunio
764 1022 821 1061 sese
874 1003 941 1076 αύτη
955 1005 1053 1065 ἀνωθεν
1065 1006 1097 1066 τδ
1111 1006 1240 1085 ἰατρεύειν
1251 1006 1391 1085 δεξαμένη
1410 1008 1643 1086 παρδτοῦκτίστν

78 1100 184 1168 promte
196 1085 294 1144 dedat:
309 1096 361 1143 uon
375 1084 448 1145 enim
460 1083 546 1161 exigit
566 1081 697 1140 adbibita
710 1079 822 1139 medici-
873 1103 927 1151 τος.
944 1082 978 1144 Ὁ
993 1084 1078 1144 τοίνυν
1101 1085 1201 1166 ὑγιείας
1220 1089 1235 1145 ἐ
1253 1088 1341 1156 aua-he
1358 1087 1478 1164 ίτσίμως
1502 1090 1642 1170 τῇνηιτιίφ

79 1187 119 1224 uae
141 1165 272 1246 pretium;
283 1163 339 1223 imo
359 1163 440 1221 ctiam
461 1161 613 1220 mercedem
632 1158 717 1220 addit.
731 1160 821 1233 Quam
875 1163 966 1222 ίαυτδν
979 1163 1107 1224 ίπιδότω·
1122 1168 1151 1225 σθ
1163 1165 1214 1245 γάρ
1229 1110 1345 1224 ἀπαιτεῖ
1358 1167 1525 1248 ίατρεύσασα
1539 1168 1642 1245 ratpot,

79 1244 246 1316 mercedem?
260 1244 311 1302 boo
330 1241 402 1303 euim
414 1261 501 1322 operte
521 1240 638 1321 pretium
665 1239 747 1298 suerit
764 1238 823 1298 cdi-
875 1241 1001 1302 ἀλλὰκαὶ
1014 1244 1176 1326 προσδίδωσι
1189 1245 1294 1321 μισθόν.
1307 1238 1485 1305 Ὁποίσνοῦν
1501 1249 1643 1326 προεδίδου

80 1345 161 1383 scere.
176 1327 230 1383 Dat
242 1323 402 1395 mercedem,
417 1341 469 1379 non
481 1321 586 1396 obolos,
601 1319 646 1401 sed
661 1331 823 1399 temperatas
875 1321 920 1380 τὸν
932 1324 1039 1398 μισθόν;
1051 1323 1131 1383 καλὸν
1149 1323 1201 1404 γάρ
1216 1323 1264 1383 καί
1281 1331 1367 1383 τοῦτο
1379 1330 1490 1401 μαθεῖν.
1504 1326 1597 1384 Δίδωσι
1605 1350 1642 1403 μι-

80 1403 266 1483 cogitationes,
280 1423 333 1461 non
352 1422 462 1476 aurum,
477 1400 525 1459 sed
544 1400 628 1459 bonos
648 1419 752 1475 τούτοις
768 1419 822 1458 neu
873 1401 943 1474 σθδν,
951 1405 999 1461 σιἰκ
1009 1400 1129 1476 ἀόσλσδς,
1141 1403 1209 1462 ἀλλά
1219 1403 1365 1484 σώφρονας
1379 1404 1642 1485 λογισμούςώχρυ

78 1498 232 1561 argentum,
249 1482 297 1541 sod
310 1481 494 1540 membrorum
507 1480 652 1559 puritatem
659 1501 668 1554 ς
683 1478 776 1537 nonla
796 1477 822 1535 i·
873 1479 931 1557 σὸν,
948 1482 1006 1540 ἀλλ’
1018 1472 1079 1552 ἦθος
1098 1482 1232 1561 χρηστόν·
1245 1487 1294 1542 σῦκ
1318 1483 1452 1564 ἄργυρον,
1468 1483 1538 1543 ἀλλά
1550 1486 1643 1561 καθαμ-

78 1561 126 1620 des
137 1563 278 1641 pretiosos,
293 1561 341 1619 sed
356 1560 416 1640 pios
431 1559 562 1640 cogitatus
571 1582 581 1635 3
596 1578 649 1617 non
664 1499 822 1638 splendidas
830 1583 942 1631 meuse
963 1563 1064 1638 μελῶν·
1083 1565 1114 1621 ού
1130 1563 1216 1629 λίθους
1226 1561 1353 1638 τιμίους,
1368 1565 1432 1621 ἀλλ’
1449 1563 1568 1630 εὐλαύείς
1585 1566 1643 1641 lep

79 1642 231 1715 vestes,sed
248 1640 367 1719 integros
386 1639 473 1697 earnis
487 1658 588 1698 sensus.
602 1639 656 1696 Dat
670 1636 821 1696 meretrici·
838 1643 859 1688 Δ
874 1637 968 1718 αμούς·
990 1644 1036 1699 oda
1050 1643 1162 1711 ἐσθῆτας
1172 1641 1318 1721 λαμπράς,
1329 1647 1342 1672 “
1354 1643 1419 1700 ἀλλ’
1435 1643 1592 1710 ἀπταίστως
1605 1646 1643 1712 τῖς

77 1720 129 1778 bus
143 1721 304 1794 mercedem,
325 1718 484 1793 castitatem,
495 1717 606 1776 ebriosis
618 1716 820 1792 abstinentiam,
873 1719 970 1799 σαρκδς
980 1720 1028 1787 τὰς
1042 1721 1185 1794 αἰσθήσεις.
1197 1720 1302 1780 Δίδωσι
1316 1720 1437 1801 πόρναις
1452 1723 1546 1799 μισθὸν
1558 1723 1600 1793 τὴν
1609 1745 1643 1782 σε·

71 1800 168 1858 ·avaris
176 1798 375 1872 liberalitatem,
382 1797 442 1855 auri
452 1797 745 1855 amatoribusamorem
753 1817 822 1875 pau·
875 1801 1006 1873 μνάτητα,
1026 1801 1147 1878 μεθύσοις
1166 1801 1197 1860 τδ
1209 1800 1354 1880 νηφάλιον,
1369 1800 1642 1882 σμικρολόγσιςτδφι·

97 1900 183 1951 erum,
195 1879 310 1938 fratrum
329 1876 453 1936 osoribus
471 1877 585 1935 fratrum
609 1875 782 1934 dilectionem
795 1889 821 1935 et
873 1877 992 1977 λάτιμον,
1003 1879 1172 1961 φιλαργύροις
1188 1879 1423 1958 τδφιλύτττωχσν,
1449 1881 1643 1960 μισαδίλφσιςτδ

76 1898 306 2037 hospitalitatem,
344 1955 526 2036 pusillanimis
568 1954 819 2034 longanimitatem:
874 1959 1031 2037 φιλαδιλφσν
1044 1959 1089 2018 καί
1103 1945 1448 2040 φιλάξενον,μικροψύχσις
1473 1961 1507 2019 τὸ
1526 1961 1643 2039 μικρῶσ-

77 2037 205 2115 quodque
214 2038 303 2117 majus
313 2049 362 2108 est,
372 2035 440 2095 dum
453 2034 586 2111 vivificat,
603 2037 660 2093 Deo
672 2033 821 2115 conjungit.
875 2056 938 2114 μον·
953 2038 984 2097 τὸ
997 2037 1025 2099 δὲ
1038 2041 1136 2115 μείζω,
1157 2037 1289 2106 ζωόισασα
1309 2038 1450 2097 συνάπτει
1464 2042 1538 2120 Θεῷ.
1553 2038 1641 2118 (hilp

77 2117 138 2175 Nou
155 2129 267 2196 possunt
286 2115 369 2183 enim,
385 2135 439 2174 non
457 2127 569 2195 possunt
585 2134 647 2171 eum
661 2114 719 2172 Deo
732 2134 822 2173 veisa-
874 2115 956 2189 ίστιν,
976 2121 1023 2177 σῦκ
1042 2116 1112 2177 ἐστιν
1127 2117 1212 2184 ἀλλοις
1226 2121 1363 2193 ὁμιλῆσαι
1378 2121 1468 2198 Θεῷ,
1485 2121 1524 2196 μὴ
1535 2119 1642 2222 πρότερον

76 2194 111 2269 ri,
125 2198 172 2274 qui
184 2216 237 2254 uuu
248 2195 324 2276 prius
332 2193 432 2332 yejuuii
447 2193 579 2254 medelam
589 2192 772 2253 adhibuerint.
781 2193 822 2252 lta
875 2198 981 2334 τῷτῆς
1002 2196 1124 2268 νηστείας
1175 2197 1270 2276 ρμάκῳ
1290 2198 1563 2278 προσομιλήσαντας
1580 2202 1644 2258 um

78 2274 177 2333 enima
191 2275 290 2334 saeculo
315 2274 363 2332 aii
383 2272 557 2348 inimici,⁴alii
574 2272 654 2331 amici
672 2272 723 2331 Dei
744 2293 821 2331 com-
873 2219 1292 2356 γρίξαίῶνοςοίμέίέχθροί,
1313 2281 1341 2336 σί
1362 2275 1392 2336 δὲ
1416 2278 1493 2357 potor
1509 2278 1642 2358 ἐδείχθησαν

98 2354 184 2413 robati
192 2368 264 2429 sunt,
273 2355 355 2414 intem
376 2352 477 2412 erantia
485 2352 529 2412 vel
536 2352 709 2433 temperantia
718 2364 823 2409 utrum·
874 2357 960 2426 Θεοῦ,
981 2354 1111 2457 ἀκρασίας
1124 2356 1171 2414 καί
1185 2356 1345 2431 ἐγκρατείας
1361 2356 1553 2453 ἐργασαμένης
1570 2357 1645 2416 ἑκάτε-

78 2375 146 2493 libet
165 2435 305 2492 efficiente.
324 2375 410 2492 Λύδια
434 2431 621 2490 comedendoa
633 2432 690 2490 Deo
706 2430 778 2509 sugit
793 2443 822 2488 ut
875 2457 928 2515 ρον.
948 2436 1049 2513 Φαγων
1063 2433 1115 2536 γδρ
1127 2433 1210 2512 help
1225 2435 1305 2516 ἔφυγε
1330 2439 1405 2496 Θεον
1423 2440 1463 2502 ὡς
1482 2436 1585 2519 ἐχθρός·
1600 2440 1643 2494 ’.ἔτι

79 2511 378 2590 inimicus:Cain,qui
394 2511 495 2592 primos
511 2512 615 2569 fructus
636 2509 823 2568 Deonoude·
873 2516 1011 2592 πρωτείων
1031 2516 1100 2573 Καῖν
1122 2517 1151 2574 σθ
1173 2515 1384 2595 παραχωρήσας
1410 2519 1495 2598 Θεῷ,
1513 2515 1645 2576 ἔστενειιαὶ

79 2591 164 2662 derat,
176 2592 366 2669 ingemiscebat
382 2604 408 2650 et
418 2591 549 2649 tremebat
568 2602 599 2646 ut
611 2589 662 2647 Dei
677 2587 820 2646 inimicus:
874 2589 983 2672 ίτριμι,
997 2597 1033 2659 ὡς
1046 2593 1139 2674 ἀφιλσς
1150 2596 1229 2674 Θεῷ·
1245 2594 1485 2665 σπαταλήσαντες
1503 2600 1527 2655 οἱ
1542 2597 1585 2656 ἐπὶ
1595 2597 1644 2654 liis

79 2671 183 2729 deliciis
197 2693 225 2730 se
237 2672 363 2731 dedentes
384 2672 450 2728 Noae
472 2668 607 2743 coaetanei,
620 2666 744 2730 ludicem
759 2687 821 2725 oon-
840 2669 981 2751 Βῆγιιραν
1002 2674 1061 2730 καθ’
1081 2676 1182 2732 ἑαυτῶν
1202 2676 1250 2744 τῆς
1264 2672 1385 2750 κρίσεως
1402 2675 1452 2735 τὸν
1473 2676 1577 2758 κριτήν·
1594 2672 1645 2752 θρί-

79 2763 120 2808 tra
134 2773 162 2809 sc
171 2749 340 2810 excitarunt:
354 2749 536 2830 voluptatibus
545 2748 728 2806 incumbentes
736 2746 822 2805 Sodo-
873 2752 970 2830 ψαντις
983 2750 1030 2817 τάς
1041 2750 1135 2821 ἡδονάς
1148 2755 1173 2810 σί
1190 2753 1218 2810 ἐν
1233 2752 1389 2829 Σοδόμοις,
1404 2753 1502 2833 ὥσπερ
1516 2754 1598 2836 ἐχθροί
1608 2758 1644 2812 τσῦ

80 2829 170 2905 mitae,
185 2844 215 2888 ut
230 2829 332 2889 inimici
348 2829 399 2889 Dei
411 2850 528 2920 superna
546 2847 674 2906 excepere
687 2825 818 2885 tonitrua:
873 2832 958 2903 Θεοῦ,
978 2829 1039 2896 τοῦς
1054 2832 1154 2891 ἀνωθεν
1174 2831 1299 2900 ίδίξαντσ
1313 2833 1485 2911 κεραυνούς·
1510 2838 1600 2917 βρῶσις
1619 2836 1644 2891 σί

79 2911 207 2968 comestio
228 2909 369 2990 impedivit
393 2907 479 2983 Esau,
494 2905 638 2985 quominus
658 2904 773 2964 dilectus
795 2917 823 2963 et
874 2908 1042 2989 συνεχώρησε
1057 2910 1101 2969 τδν
1114 2909 1201 2970 Ἡσαῦ
1216 2910 1345 2989 λέγεσθαι
1360 2913 1511 2990 ἀγαττητδν
1526 2915 1569 2973 καὶ
1583 2937 1645 2993 τρυ-

79 2988 275 3068 primogenitus
289 3000 449 3048 vocaretur:
470 2986 548 3045 cibus
564 2999 590 3044 et
602 2997 682 3065 potus
696 2984 822 3043 lsraelem
873 2988 998 3048 τάτσκον·
1019 2991 1116 3071 βρῶσις
1140 2989 1187 3048 καί
1208 2989 1287 3058 πόσις
1308 2990 1488 3063 κατέστησεν
1508 2993 1594 3075 ἐγθρθν
1608 2997 1645 3050 τοῦ

80 3069 219 3127 coustituit
239 3067 381 3127 inimicum
401 3066 470 3146 ejus,
485 3066 531 3144 qui
552 3065 642 3145 ipsum
662 3084 724 3122 cum
738 3064 822 3142 signis
873 3066 985 3148 Ἰσραὴλ
997 3068 1041 3128 τδν
1055 3071 1083 3127 lv
1098 3069 1218 3148 σημείοις
1233 3069 1281 3128 καὶ
1293 3069 1413 3151 τέρασιν
1427 3063 1603 3152 δδηγήσαντα·
1616 3073 1643 3129 δι’

80 3159 106 3204 et
124 3147 253 3226 prodigiis
267 3147 401 3205 duxerat:
417 3167 464 3225 per
478 3145 571 3204 vinum
584 3157 611 3202 et
626 3142 736 3201 siceram
758 3163 821 3222 pro·
873 3137 940 3206 οἶνον
955 3144 1001 3205 καί
1017 3147 1173 3228 σίκεραθπ
1223 3149 1292 3220 ήτης
1313 3150 1499 3232 κατηγόρησε
1518 3155 1642 3212 τσῦλαοῦ·

80 3225 160 3303 pheta
176 3227 306 3308 populum
326 3225 480 3285 accusavit:
496 3224 590 3282 vinum
603 3235 628 3280 et
642 3221 755 3280 ebrietas
768 3221 821 3279 Hc·
873 3218 941 3293 σίνος
951 3225 996 3284 καί
1014 3227 1080 3303 μέθη
1095 3231 1142 3298 τῆς
1159 3228 1167 3248 ’
1182 3228 1283 3286 ωάννου
1299 3229 1417 3300 καὶτῆς
1439 3234 1555 3311 Χριστοῦ
1573 3230 1644 3311 φιλίας

80 3305 173 3364 rodem
196 3309 306 3369 loannis
329 3321 355 3365 et
372 3303 473 3363 Christi
490 3303 608 3361 amicitia
623 3300 751 3381 privavit.
767 3300 822 3359 No·
872 3307 916 3365 τὸν
937 3303 1060 3384 Ἡρώδην
1080 3307 1228 3387 ἐστίμησεν.
1251 3307 1363 3386 Ἐγνως
1388 3309 1455 3378 τοὺς
1479 3312 1513 3368 δι’
1536 3309 1644 3391 ἀκρισίας

80 3386 209 3457 stin'cos,
234 3388 281 3464 qui
308 3409 356 3466 per
385 3383 618 3474 intemperantiam
640 3379 743 3438 inimici
769 3379 822 3438 Dei
875 3383 1308 3465 ίχθρσῦςγενομίνουςτοῦθεσῦς
1330 3388 1469 3450 Μάνθανε
1486 3392 1531 3449 καὶ
1548 3389 1644 3455 sured

79 3465 142 3523 sacti
167 3467 342 3524 suutlllisce
366 3487 419 3536 eos,
434 3485 480 3541 qm
504 3484 551 3542 per
564 3461 698 3540 jejunium
722 3459 749 3517 in
771 3459 822 3517 Dei
874 3464 996 3535 νηστείας
1019 3464 1108 3545 φίλους
1128 3466 1347 3534 κατασταθέντας
1374 3477 1428 3529 τοῦ
1453 3474 1533 3530 Θεοῦ.
1557 3469 1644 3545 (λἰγὶρ

79 3545 227 3602 amicitiam
248 3558 312 3602 sunt
326 3543 446 3602 admissi.
461 3543 521 3600 Non
535 3541 607 3598 euim
629 3537 701 3616 quod
718 3552 823 3616 gustas·
874 3543 1048 3621 χωσάμενος,
1060 3544 1128 3605 άλλδι
1141 3544 1322 3623 προσενέγκας
1338 3545 1428 3606 'affl
1441 3553 1523 3630 Θεῷ,
1537 3553 1644 3628 φιλαρμ-

79 3636 118 3680 set
139 3624 216 3697 Abel,
230 3622 363 3701 sedquod
387 3625 444 3679 Deo
458 3619 607 3690 obtulisset,
622 3640 650 3676 se
665 3618 822 3675 Delaman·
874 3623 956 3694 νήσας
970 3625 1053 3704 ἐφάνη
1067 3623 1152 3683 Θεόν·
1168 3624 1315 3696 νηστεύσας
1330 3628 1463 3697 hlaibe-3⁶3:
1483 3631 1554 3708 φίλος
1566 3633 1644 3704 ivpa-

79 3715 133 3760 tcm
156 3703 272 3762 ostendit
285 3727 291 3757 :
304 3705 414 3782 Moyses
437 3701 501 3779 quia
523 3701 701 3779 jejunaverat,
719 3696 823 3757 amicus
876 3703 935 3768 στδς
945 3704 990 3761 καί
1005 3705 1097 3771 πιστδς
1111 3704 1225 3775 ἐκλήθη·
1239 3704 1397 3776 νηστεύσας
1416 3708 1529 3780 Ἠλίας,
1543 3712 1576 3775 ὡς
1589 3709 1645 3786 φιλας

80 3782 194 3841 celebris
208 3798 233 3842 et
249 3782 337 3841 fidelis
355 3795 465 3840 vocatus
480 3792 519 3838 cst
532 3802 538 3833 ι
549 3793 691 3859 postquam
702 3778 822 3857 jejunas·
875 3782 1024 3862 ἀνελήφθη·
1047 3782 1234 3854 νηστεύσαντες
1254 3788 1403 3862 προφῆται
1428 3787 1547 3868 ἔγνωσαν
1565 3788 1594 3846 τί
1610 3791 1644 3842 σε]

81 3876 120 3920 set
135 3863 220 3938 Elias,
233 3862 310 3941 quasi
330 3861 434 3920 amicus
448 3872 583 3918 assumtus
606 3871 645 3917 est
656 3881 662 3914 ι
673 3878 735 3915 cum
748 3857 822 3937 jeju·
839 3876 858 3925 c
874 3864 954 3934 Θεοῦ,
963 3867 998 3927 ὡς
1006 3861 1085 3942 φίλοι,
1093 3863 1241 3941 μυστήρια·
1252 3865 1646 3945 νηστεύσαςἩσαίαςίστόρνμ

84 3957 190 4001 uasscnt
207 3944 354 4024 prophetae,
370 3954 398 3998 ut
412 3939 494 3998 amici
519 3939 568 3997 Dei
588 3937 716 4024 mysteria
739 3957 822 3996 nove·
874 3942 908 4000 el
931 3941 1096 4025 ἑξαπτέρυγα
1114 3942 1250 4041 Σεραφίμ·
1270 3943 1368 4010 άσιτσς
1405 3946 1529 4025 ενόμενος
1540 3945 1647 4015 Ἰεζειιλλ

84 4016 822 4103 runt:postquamjejunaveratisaias,Seraphinossex
874 4023 1018 4093 κατενόησε
1030 4020 1065 4082 τά
1081 4024 1259 4098 πολυσμματα
1282 3969 1450 4103 Χερουύίμ·
1474 4026 1648 4097 νηστεύσαντας

83 4101 187 4161 alarum
197 4103 267 4161 vidit
278 4117 304 4160 et
319 4100 404 4159 deseri
416 4099 461 4157 isit
473 4123 479 4154 ι
492 4099 601 4177 jejunus
615 4095 740 4155 Ezechiel
750 4097 821 4155 mul·
873 4101 932 4168 τοὺς
946 4105 972 4160 ἐν
988 4100 1126 4160 uetulum
1144 4106 1179 4168 ὡς
1200 4100 1293 4179 φίλους
1310 4103 1471 4164 ἐπέσκεπαι
1491 4107 1595 4178 oeae,
1605 4112 1648 4168 τοῖς

79 4181 113 4238 tis
129 4183 214 4241 oeulis
233 4178 380 4240 instructos
395 4123 564 4238 dlrerirbinos
580 4190 667 4234 mente
682 4177 820 4256 percepit:
876 4181 925 4259 μὲν
939 4184 1063 4259 ἐντῇιεα
1088 4181 1133 4260 lup
1147 4181 1190 4240 τὸν
1205 4179 1330 4258 ἄγγελον,
1347 4188 1392 4262 τῷ
1416 4185 1448 4243 δὲ
1474 4190 1501 4246 ἐν
1520 4190 1559 4265 τῷ
1573 4186 1648 4262 λάτιιμ

77 4282 122 4318 cos
141 4262 167 4319 in
183 4262 321 4341 babylone
333 4261 379 4338 qui
391 4260 580 4339 jejunaverant
599 4256 722 4314 visitavit
737 4258 821 4330 lleus,
876 4260 1035 4327 ἀποστείλας
1050 4205 1093 4320 obv
1107 4258 1281 4336 Ἀμόακούμ·
1297 4261 1375 4340 φίλοι
1397 4264 1427 4330 ἐξ
1443 4269 1544 4347 ἐχθρῶν
1565 4267 1648 4324 Nimi-

77 4340 186 4399 mitteus
202 4341 327 4419 angelum
343 4339 387 4416 iis,
399 4339 446 4417 qui
460 4338 486 4396 in
502 4338 703 4409 fornacecrant,
717 4350 743 4393 ct
758 4356 822 4425 pro·
875 4364 921 4399 ται
935 4338 979 4398 διά
996 4338 1117 4409 νηστείας
1139 4343 1151 4399 ἐ
1170 4337 1273 4397 ίνοντσ·
1294 4339 1374 4420 φίλος
1402 4343 1432 4411 ἐξ
1458 4350 1552 4427 ἐχθροῦ
1570 4344 1648 4420 δμσίις

77 4419 186 4498 phetam
200 4422 326 4479 Habucuc
340 4420 376 4495 ei,
392 4419 438 4497 qui
454 4417 540 4476 iuerat
550 4417 576 4475 iu
591 4416 652 4475 lucu
664 4439 670 4472 τ
682 4437 717 4474 ex
731 4415 823 4472 immi·
876 4419 922 4479 καί
937 4420 1034 4477 Δαυίδ.
1049 4418 1118 4477 Ὅτε
1132 4443 1180 4495 μεν
1193 4417 1245 4497 γάρ
1259 4419 1311 4488 τῆς
1322 4428 1373 4480 τοῦ
1389 4414 1497 4504 Οὐρία]
1508 4425 1559 4504 ήρα
1571 4447 1647 4523 γυναι-

77 4499 117 4558 cis
131 4499 261 4559 Ninivitas
276 4522 323 4590 per
338 4497 473 4579 jejunium
486 4497 566 4555 amici
577 4497 641 4554 laeti
656 4509 736 4553 sunt:
750 4493 825 4552 simi·
876 4500 937 4572 ιιδς,
948 4500 1075 4578 ἤχθραινε
1089 4501 1167 4578 Θεῷ·
1182 4495 1225 4555 ότε
1239 4495 1268 4554 δὲ
1284 4498 1438 4560 ἐταπείνου
1453 4509 1482 4564 ἐν
1499 4526 1583 4575 νηστει
1610 4500 1647 4569 τὴν

77 4577 194 4659 literque
214 4579 305 4639 David
329 4600 363 4637 ex
389 4577 500 4636 inimico
522 4576 626 4635 amicus
647 4589 686 4633 est
699 4574 822 4632 effectus.
877 4578 975 4659 ψυχὴν,
989 4568 1208 4658 Ηύρον,ήκουσε,
1221 4575 1310 4636 Δαυλδ
1328 4579 1379 4638 τὸν
1401 4589 1452 4641 τοῦ
1467 4583 1647 4659 Ἰεςεεὶ,ενδρι

76 4661 148 4718 Nam
172 4682 236 4719 curn
254 4660 328 4719 Uriae
342 4678 457 4716 uxorem
480 4657 592 4733 amavit,
617 4655 743 4714 inimicus
769 4666 826 4711 erat
877 4658 946 4716 κατδι
965 4656 1015 4728 τὴν
1036 4656 1147 4737 καρδίαν
1169 4680 1228 4733 μου.
1245 4655 1283 4715 ‘0
1306 4661 1457 4742 Ζαχαρίου
1477 4664 1593 4734 Ἰωάννης
1611 4664 1646 4717 τοῦ

77 4741 226 4816 De03cum
246 4753 336 4798 autem
355 4739 382 4796 in
403 4736 508 4817 jejunio
529 4734 687 4794 humiliavit
705 4731 825 4792 animam
878 4761 929 4814 νυμ
951 4736 990 4797 ίου
1003 4736 1091 4817 φίλος,
1110 4736 1154 4795 διδι
1167 4736 1209 4806 τί;
1224 4736 1343 4811 Ἐπειδὴ
1359 4729 1389 4799 ἓν
1407 4749 1443 4823 τῇ
1459 4744 1550 4822 ἐρήμην
1567 4742 1645 4818 ἔμεινεν

43 4843 63 4878 ι.
75 4840 161 4892 suam,
174 4819 358 4880 audivitillnd
369 4840 376 4874 ι
388 4821 494 4876 lnveru‘
506 4815 713 4895 Davidfilium
724 4814 825 4888 Jessoe,
842 4827 862 4874 D
878 4761 988 4897 ἀκρίδας
1005 4816 1088 4876 συλλέ
1105 4839 1152 4887 ων,
1175 4816 1222 4874 καὶ
1247 4816 1314 4893 μέλι
1341 4819 1443 4902 ἄγριον
1468 4828 1573 4905 epo-fiii.
1587 4820 1644 4880 ’.ίνια

76 4904 176 4958 virum
192 4902 351 4959 secundum
364 4918 416 4956 eor
429 4918 533 4954 meum.
545 4898 660 4956 Joannes
677 4893 753 4951 lilius
766 4891 823 4951 Za·
878 4898 922 4957 διδ
936 4896 978 4971 τί,
992 4839 1106 4967 'strenui
1119 4897 1145 4953 ἐν
1157 4894 1296 4967 νηστείαις
1307 4899 1356 4958 καί
1372 4902 1489 4973 δεήσεσι
1501 4901 1642 4982 λατρεύοντα

80 4979 177 5037 charin
191 5003 203 5039 s
214 4978 281 5038 ionsi
297 4977 400 5037 amicus
412 4976 474 5036 tuit.
486 4975 596 5047 Quare?
610 4974 682 5046 Quia
693 4973 720 5032 in
734 4972 825 5032 descr-
878 4976 961 5035 νύκτα
971 4976 1018 5036 καί
1027 4975 1129 5056 ἡμέραν
1140 4974 1305 5053 ἐλειτούργει
1319 4980 1400 5040 Θεῷ.
1412 4982 1517 5062 Πέτρος
1527 4982 1567 5039 καὶ
1576 4976 1640 5037 'lair-

82 5071 110 5116 to
125 5003 249 5135 manebat
270 5058 387 5118 locustas
411 5055 552 5135 colligens,
566 5067 591 5113 et
611 5054 664 5113 mel
678 5053 821 5134 sylvestre.
878 5081 925 5129 νης
939 5054 1010 5136 φίλοι
1032 5054 1075 5114 διδ
1089 5054 1130 5127 τίς
1152 5054 1268 5128 Ἐπειδὴ
1286 5040 1381 5118 ἄσιτοί
1397 5061 1536 5122 ἀνέδησεν
1554 5055 1637 5123 {slah

109 5270 118 5292 ¹
132 5254 192 5319 [Sic
203 5271 231 5304 es
251 5257 317 5320 conj.
337 5252 459 5304 dedimus·
472 5253 613 5321 Legehatur
634 5261 694 5308 elta
711 5263 836 5315 arabione.
849 5254 927 5309 Savil.
942 5262 1003 5309 ἀλλὰ
1015 5257 1142 5318 aristosa]

1680 5164 1685 5375 ί
