3728 5978
622 455 656 505 111
684 456 791 505 norst.
819 455 1116 511 11111011.1101111.
1146 455 1220 504 xm.
1631 428 1701 525 017

132 583 238 662 ἀγαθὸν,
249 584 307 642 ἀλλ’
322 581 336 641 θ
350 582 379 641 οὗ
397 577 465 640 θελω
476 579 572 654 κακὸν,
586 586 662 640 τοῦτο
677 579 800 660 πράσσω.
821 581 855 639 Εἰ
877 577 904 638 δὲ
915 598 1019 648 mrans
1026 576 1121 637 addit:
1136 577 1183 637 19.
1203 578 1271 637 Νοιι
1291 581 1369 636 enim
1389 577 1468 656 quod
1487 576 1558 634 volo
1569 579 1697 648 bonum,

129 674 212 752 θέγὼ
225 678 255 734 οὐ
268 673 353 746 θίλω,
367 677 444 731 τοῦτο
466 675 547 744 ποιῶ,
563 670 650 731 σθκέτι
671 669 724 752 ἐγὼ
745 662 905 752 κατεργάζο-
924 665 944 710 Α
961 669 1018 728 Ιιοο
1025 671 1131 748 [ποῖος
1143 670 1196 729 sed
1209 671 1288 750 quod
1307 671 1376 728 nolo
1395 670 1522 741 molum,
1536 669 1592 729 noe
1601 670 1699 749 facio.

131 790 181 842 μαι
195 764 492 837 αὐτὸ,άλλ’ἡο1κοῦσα
505 765 532 822 iv
544 762 603 840 ἐμοὶ
614 761 742 843 ἁμαρτία.
762 752 837 827 Εἶδες
850 765 907 827 πῶς
957 762 1048 821 11131
1068 782 1135 842 ergo
1157 762 1236 842 quod
1257 781 1309 842 ego
1330 763 1417 832 nolo,
1444 763 1499 819 hoo
1518 762 1616 839 facio,
1641 780 1702 818 non
1791 763 1794 768 ’

130 856 176 915 καὶ
187 855 235 926 τὴν
246 853 336 914 οὐσίαν
347 857 394 924 τῆς
409 856 512 934 ψυχῆς,
526 853 573 911 καὶ
586 853 635 924 τὴν
647 851 738 913 οθσίαν
751 857 798 924 τῆς
810 851 906 932 σαρκὸς
953 858 1019 934 jam
1038 875 1090 935 ego
1102 874 1205 933 operor
1223 855 1301 912 iliud
1309 899 1319 930 ,
1334 856 1386 912 sed
1403 854 1490 934 quod,
1501 853 1650 912 inhabitat
1670 856 1703 910 in

131 946 286 1015 ἀπαλλάξας
296 946 471 1024 ἐγκλήματος,
483 946 515 1005 τὸ
527 955 580 1004 πᾶν
590 945 633 1005 ἐπὶ
644 944 692 1018 τὴν
706 946 825 1025 πονηρὰν
835 953 907 1023 πρά-
959 965 1005 1003 me
1011 958 1175 1024 peecatum.
1190 944 1290 1005 Viden'
1303 944 1439 1023 quomodo
1459 958 1485 1003 et
1497 957 1620 1003 naturam
1638 942 1700 1005 ani-

131 1038 169 1108 ἰιν
182 1039 354 1118 μετέστησεν,
370 1040 405 1098 Ei
424 1037 475 1118 γὰρ
489 1039 518 1096 υθ
533 1037 602 1098 θέλει
615 1037 646 1096 τὸ
668 1037 762 1111 κακὸν,
784 1036 909 1108 ἀπάλλα-
958 1056 1008 1094 ma
1022 1049 1048 1094 et
1055 1049 1177 1094 naturam
1192 1035 1279 1094 carnis
1294 1057 1310 1095 1
1324 1035 1437 1094 crimine
1453 1035 1572 1094 liberans
1585 1079 1596 1112 ,
1615 1041 1703 1094 totum

130 1156 193 1192 κται
212 1138 230 1204 ἡ
252 1129 341 1212 ψυχὴ,
355 1130 402 1189 καλ
422 1133 445 1190 εἰ
467 1129 544 1197 αὐτὸς
571 1130 634 1189 αὐτὸ
651 1129 689 1209 μὴ
705 1128 908 1210 κατεργάζεται,
958 1127 987 1186 in
997 1128 1096 1186 malam
1109 1127 1289 1208 operationem
1300 1127 1484 1187 transfertisi
1494 1127 1566 1186 enim
1579 1148 1632 1186 non
1643 1126 1704 1186 nult

130 1224 310 1304 τ’,λευθὲρονται
328 1223 373 1283 καῖ
394 1224 425 1284 τὸ
447 1228 541 1303 σῶμα,
565 1222 611 1282 κα1
631 1223 712 1301 μάνης
725 1225 773 1294 τῆς
792 1231 908 1302 πονηρᾶς
959 1219 1078 1289 malum,
1093 1218 1226 1278 liberatur
1242 1219 1351 1297 anima,
1370 1219 1394 1279 si
1410 1218 1468 1299 ipse
1480 1240 1534 1278 non
1550 1217 1622 1278 illud
1638 1239 1704 1298 ope-

131 1314 308 1398 προσιράσεώς
322 1318 378 1376 ἐστι
391 1315 422 1375 τὸ
434 1325 497 1375 πᾶν.
513 1318 556 1375 Οθ
566 1313 619 1396 γὰρ
631 1314 726 1375 ταύτὸν
737 1316 822 1394 ψυχῆς
832 1317 908 1374 οὐσία
956 1323 1049 1386 ratur,
1072 1310 1204 1371 liberatur
1224 1325 1250 1370 et
1263 1332 1360 1392 oorpus
1368 1357 1378 1389 ,
1401 1325 1428 1370 et
1445 1310 1529 1370 solius
1548 1310 1613 1371 mali
1633 1330 1703 1391 pro-

131 1411 178 1469 καὶ
194 1406 317 1486 σώματος
339 1407 384 1465 καὶ
407 1405 602 1488 προαιρέσεως,
626 1403 695 1464 ἀλλὰ
714 1404 748 1464 τὰ
771 1403 820 1482 μέν
836 1407 906 1464 ἐστιν
956 1403 1039 1485 positi
1053 1416 1138 1463 totum
1154 1417 1202 1463 est.
1216 1404 1277 1462 Non
1292 1403 1364 1462 enim
1385 1403 1506 1484 idipsum
1525 1417 1620 1463 natura
1639 1416 1704 1462 sunt

132 1500 197 1580 ἔργα
210 1500 296 1571 Θεοῦ,
310 1498 341 1556 τὸ
357 1496 385 1558 δὲ
407 1497 435 1566 ἐξ
454 1501 531 1575 ἡμῶν
544 1501 631 1556 αὐτῶν
644 1495 769 1577 γινομάνη
788 1495 907 1571 κίνησις,
956 1495 1068 1572 anima,
1082 1516 1184 1576 corpus
1197 1508 1224 1555 et
1244 1496 1435 1576 propositum
1462 1495 1510 1556 sed
1524 1495 1572 1555 11111
1590 1495 1703 1574 quidem

131 1590 197 1671 πρὸς
207 1586 272 1668 άπερ
286 1587 318 1645 ἂν
334 1587 415 1660 αὑτὴν
431 1590 604 1666 βουληθῶμεν
617 1591 736 1668 ἀγαγεῖν.
748 1585 784 1646 Ἡ
796 1584 907 1667 μὲνγὰρ
925 1579 943 1626 ¹³
956 1601 1019 1646 sunt
1028 1608 1110 1668 opera
1118 1587 1189 1665 Dei,
1210 1587 1263 1647 hoe
1279 1601 1368 1647 autem
1382 1588 1551 1670 propositum
1570 1608 1606 1648 ex
1625 1586 1704 1647 nohis

134 1681 256 1759 βούλησις
271 1679 388 1760 ἔμφυτον
399 1679 444 1739 καὶ
456 1677 529 1759 παρὰ
539 1681 653 1750 Θεοῦ·ἡ
669 1677 697 1737 di
707 1677 796 1738 τοιάδε
812 1677 906 1756 βοάλη-
956 1678 1024 1759 ipsis
1046 1691 1073 1737 et
1096 1693 1186 1739 motus
1207 1679 1343 1760 quispiam
1359 1694 1416 1758 est,
1437 1701 1606 1759 quocumque
1625 1679 1705 1738 illum

132 1796 173 1839 σις
185 1772 313 1850 ἡμέτερον
321 1770 367 1828 καὶ
377 1774 425 1841 τῆς
434 1768 542 1848 γνώμης
556 1772 642 1847 ἡμῶν.
657 1768 781 1850 Εὑρίσκω
794 1770 847 1850 ἄρα
861 1769 907 1829 τὸν
957 1768 1056 1830 duoete
1064 1768 1241 1832 voluerimus.
1253 1771 1325 1830 Nam
1336 1771 1462 1832 voluntas
1475 1769 1585 1849 quidem
1594 1784 1704 1831 natura·

132 1865 211 1942 νόμον
224 1866 262 1943 τῷ
276 1861 378 1922 θέλοντι
392 1862 452 1939 ἐμοὶ
465 1870 550 1922 ποιεῖν
573 1862 604 1922 τὸ
625 1861 721 1936 καλὸν,
737 1860 778 1920 ὅτι
797 1861 856 1940 ἐμοὶ
876 1862 908 1922 τὸ
957 1861 992 1921 lis
1005 1875 1045 1920 eet
1058 1875 1085 1921 et
1095 1882 1111 1920 a
1120 1863 1194 1939 Deo,
1210 1861 1272 1921 talis
1281 1882 1347 1922 vero
1356 1863 1481 1923 voluntas
1490 1863 1591 1922 anobis
1603 1876 1630 1922 et
1640 1880 1705 1944 pro·

133 1958 215 2017 κακὸν
228 1954 396 2034 παράκειται.
410 1952 520 2036 ’Anapis
534 1954 566 2014 τὸ
580 1952 735 2034 εἰρημένον·
746 1953 774 2013 τ1
792 1945 837 2013 οὖν
850 1956 907 2013 ἔστι
936 2009 939 2016 ,
958 1951 1040 2034 positi
1053 1952 1138 2013 nostri
1151 1966 1203 2013 est.
1222 1956 1272 2015 111.
1289 1957 1413 2013 Invenio
1430 1958 1520 2035 igitur
1539 1955 1632 2036 legem
1645 1975 1706 2013 no·

132 2050 163 2108 τὸ
172 2047 326 2127 λεγόμενον,
338 2045 458 2105 Ἐπαινῶ
471 2044 516 2104 τὸν
526 2045 617 2124 νόμον,
631 2044 707 2126 φησὶ,
720 2043 790 2106 κατὰ
802 2044 832 2105 τὸ
844 2069 908 2106 συν-
959 2046 1033 2108 lenti
1048 2049 1121 2107 milti
1141 2049 1245 2130 facere
1264 2051 1383 2121 bonnm,
1407 2053 1479 2130 quia
1498 2051 1611 2110 malum
1632 2050 1707 2110 mini

135 2141 216 2214 ειδὸς,
235 2139 280 2198 καὶ
296 2139 373 2197 αὐτὸν
399 2136 428 2196 δὲ
449 2136 562 2218 εὑρίσκω
576 2139 635 2216 ἐμοὶ
657 2141 696 2217 τῷ
715 2137 865 2220 βουλομένῳ
878 2139 909 2199 τθ
959 2141 1086 2222 adjacet.
1095 2132 1249 2199 Obscurum
1258 2153 1298 2199 est
1307 2141 1360 2201 hoe
1369 2139 1568 2220 dietumtquid
1577 2162 1642 2222 ergo
1652 2140 1708 2202 sibi

133 2232 215 2290 καλὸν
228 2237 312 2290 ποιεῖν
327 2227 479 2310 συνήγορον,
496 2228 542 2288 κα1
560 2228 723 2290 ἐπιτείνοντά
738 2252 784 2309 μοι
797 2230 828 2289 τὸ
843 2229 908 2308 βοά·
959 2231 1041 2291 vult?
1054 2229 1149 2290 Laudo
1167 2231 1267 2310 legem,
1286 2231 1386 2310 inquit,
1403 2231 1554 2292 seeundum
1565 2233 1707 2292 conscien-
1800 2281 1804 2291 .

133 2323 223 2398 λημα·
243 2320 333 2401 ὥσπερ
347 2319 398 2400 γθρ
422 2319 474 2400 ἐγὼ
502 2322 575 2402 αὐτῷ
589 2320 749 2400 συνήδομαι,
772 2321 842 2380 οὕτω
862 2321 908 2381 καὶ
958 2321 1036 2396 tiam,
1045 2335 1073 2382 et
1081 2321 1157 2381 1111111
1165 2322 1235 2382 mihi
1245 2323 1348 2383 volenti
1357 2324 1554 2383 iacerebonum
1563 2338 1708 2405 patronam

134 2412 212 2480 αὐτὸς
235 2415 335 2472 ἐπαινεῖ
369 2411 419 2484 τὴν
441 2408 551 2490 γνώμην
574 2412 624 2483 τὴν
644 2412 722 2491 ἕμήν.
748 2411 831 2493 Ὁρᾷς
852 2417 908 2483 πῶς
959 2412 1080 2490 invenio,
1104 2434 1165 2492 quoe
1185 2414 1354 2474 voluntatem
1378 2436 1466 2474 meam
1488 2414 1708 2475 intendattsieut

134 2505 252 2565 δείκνυσι
272 2502 321 2577 τὴν
349 2503 397 2582 μὶν
420 2507 473 2561 τῶν
488 2503 578 2562 καλῶν
594 2504 640 2562 καὶ
660 2508 713 2564 τῶν
734 2504 771 2584 μὴ
785 2505 909 2566 τοιούτων
959 2505 1032 2565 enim
1047 2505 1075 2564 in
1089 2504 1147 2586 ipsa
1161 2505 1230 2565 mihi
1254 2507 1418 2587 oomplaoeo,
1432 2506 1471 2568 sic
1486 2521 1513 2567 et
1533 2506 1582 2566 illa
1597 2520 1706 2567 senten-

131 2588 229 2676 γνῶσιν
255 2595 281 2665 ἐξ
311 2598 396 2676 ἀρχῆς
424 2599 489 2673 ἡμῖν
519 2594 774 2673 καταάεάλημὲνην,
805 2597 851 2657 τὸν
880 2597 908 2657 di
961 2594 1029 2654 tiam
1052 2618 1139 2656 meam
1162 2594 1266 2657 iaudat.
1291 2597 1392 2660 Viden'
1416 2596 1551 2677 quomodo
1573 2597 1707 2657 bonorum

133 2687 212 2765 νόμον
243 2686 379 2755 Μωῦσέως
411 2687 567 2747 ἐπαινοῦντα
591 2686 683 2761 edvin,
712 2686 758 2748 κα1
784 2687 908 2748 ἐπαινοά-
926 2697 945 2748 c
961 2686 1147 2766 malorumque
1167 2688 1347 2767 cognitionem
1362 2711 1378 2748 a
1391 2689 1527 2770 principio
1541 2687 1620 2749 nobis
1634 2688 1717 2748 indi-,

134 2802 212 2856 μενον
226 2781 290 2860 παρ’
303 2783 402 2851 αὐτῆς
413 2776 485 2837 Οὐδὲ
504 2775 557 2860 γὰρ
571 2778 695 2860 ἀνωτέρω
709 2768 790 2856 εἶπεν,
804 2778 845 2839 θτι
865 2780 909 2840 δι·
960 2792 1017 2839 tam
1028 2779 1153 2850 ostendit,
1169 2779 1311 2859 legemque
1321 2781 1427 2861 Moysis
1440 2781 1552 2841 laudare
1563 2781 1642 2840 illam
1658 2779 1707 2839 di-

134 2871 265 2949 θάσκομαι
280 2869 353 2951 παρὰ
363 2876 408 2930 τοῦ
422 2869 502 2949 νόμου
510 2916 519 2944 ,
530 2871 612 2942 ἀλλὰ,
627 2870 759 2952 Σύμρημι
771 2873 908 2956 τῷνάμῳ·
961 2872 1007 2948 cit,
1021 2884 1047 2930 et
1059 2869 1166 2931 laudari
1178 2869 1294 2936 abillo?
1308 2874 1402 2951 Neque
1421 2873 1496 2933 enim
1516 2894 1598 2953 supra
1621 2872 1705 2949 dixit,

134 2960 214 3020 ὀὔτε
224 2971 359 3040 προεῖπεν,
372 2960 412 3020 dtr
427 2960 585 3041 παιθεάομαι
596 2965 661 3041 παρ’
671 2966 764 3038 αὐτοῦ,
780 2968 856 3040 ἀλλ’,
868 2965 909 3027 ὅτι
960 2962 1066 3022 Doceor
1077 2982 1094 3020 11
1104 2962 1164 3042 iege
1171 2986 1181 3040 3
1195 2962 1253 3041 sed,
1265 2965 1423 3024 Consentio
1432 2965 1508 3046 11311
1523 2984 1609 3043 neque
1620 2962 1706 3042 dixit,

136 3051 290 3130 Συνήδομαι
307 3055 387 3133 αὐτῷ.
402 3052 438 3111 Ti
452 3051 481 3110 δά
494 3054 566 3127 ἐστι,
578 3053 748 3132 Συνήθομαι;
767 3054 908 3137 Ὁμολογῶ
959 3053 1080 3116 Emdior
1101 3055 1137 3114 ab
1156 3055 1214 3131 illa,
1235 3055 1297 3131 sed,
1307 3059 1386 3117 Mihi
1404 3059 1571 3138 complaceo
1588 3061 1622 3129 in
1638 3057 1706 3116 illa.

134 3147 172 3211 ὡς
186 3147 274 3212 καλῶς
289 3146 392 3224 ἔχοντι,
407 3143 498 3226 ὥσπερ
512 3136 556 3205 οὗν
569 3145 615 3205 καὶ
630 3146 706 3215 αὐτὸς
727 3148 787 3226 ἐμοὶ
806 3153 846 3231 τῷ
865 3148 908 3210 ti·
960 3145 1037 3222 Quid
1046 3146 1101 3206 sibi
1111 3145 1172 3206 11111
1182 3145 1266 3225 illud,
1281 3149 1455 3228 Complaeeo
1469 3149 1709 3208 1111111111-

134 3239 208 3295 λοντι
227 3244 311 3294 ποιεῖν
331 3236 362 3296 ed
376 3234 465 3296 καλόν.
476 3235 560 3296 Ὥστε
578 3237 609 3297 τὸ
622 3237 705 3298 θέλειν
718 3239 749 3299 τὸ
761 3241 908 3316 καλὸν,καὶ
959 3238 1023 3297 bere
1033 3238 1170 3314 confiteor,
1179 3237 1250 3298 sicut
1259 3252 1285 3297 et
1294 3238 1342 3299 illa
1360 3260 1404 3298 me
1417 3241 1550 3300 volentem
1560 3240 1647 3302 heere
1658 3241 1709 3302 bo·

135 3328 166 3387 τὸ
180 3328 217 3407 μὴ
240 3328 323 3388 oeteo
340 3327 371 3388 τὸ
391 3329 523 3409 πονηρὸν,
535 3328 633 3390 ἄνωθεν
647 3321 681 3402 ἦν
690 3333 908 3412 προκαταὸτὸλη-
959 3351 1035 3389 num.
1045 3330 1140 3408 Itaque
1153 3329 1223 3388 illud
1234 3343 1260 3390 ot
1273 3330 1343 3392 velle
1351 3331 1454 3391 1101111111
1467 3345 1494 3392 et
1507 3332 1579 3392 nolle
1593 3333 1715 3409 malum„

135 3421 229 3497 μένον·
244 3424 258 3479 θ
271 3421 299 3480 δὲ
310 3420 389 3499 νόμος
403 3421 496 3495 ἐλθὼν,
514 3421 559 3480 καὶ
572 3423 599 3480 ἐν
614 3432 668 3490 τοῖς
691 3432 781 3492 κακοῖς
795 3425 908 3507 κατηγο·
957 3422 1015 3503 jam
1034 3420 1070 3479 ab
1091 3420 1169 3480 initio
1188 3419 1332 3482 fundatum
1349 3436 1390 3482 est
1402 3423 1465 3485 :lex
1485 3437 1574 3483 autem
1589 3425 1709 3501 veniens,

137 3535 181 3590 ρος
208 3509 310 3590 ἐγένετο
326 3511 463 3586 πλειόνων,
483 3511 528 3572 καὶ
543 3516 570 3572 ἐν
583 3522 637 3582 τοῖς
651 3516 758 3594 ἀγαθοῖς
770 3516 910 3591 ἐπαινέτης
961 3526 987 3573 et
995 3511 1024 3573 in
1036 3512 1115 3572 malis
1128 3512 1281 3572 accusatrix
1289 3513 1342 3572 suit
1352 3514 1618 3594 plurimorum,etin
1631 3511 1711 3576 bonis

135 3602 270 3681 μειζόνων.
282 3602 366 3685 Ὁρᾷς
383 3611 520 3686 πανταχοῦ
534 3605 654 3665 ἐπίτσσάν
667 3629 727 3665 τινα
737 3606 910 3689 κα1πρσσθή-
960 3602 1100 3663 laudatrix
1120 3605 1262 3685 majorum.
1284 3604 1386 3666 Viden'
1405 3606 1507 3685 ubique
1527 3607 1712 3668 extensionem

134 3718 187 3766 κην
200 3697 271 3776 αι’πῷ
291 3702 474 3777 μαρτυροῦντα
497 3696 590 3775 μόνον,
601 3699 690 3758 πλεῖον
712 3697 739 3757 δὲ
753 3701 839 3774 οὐδέν;
856 3703 910 3763 Καὶ
926 3707 946 3754 11
962 3696 1109 3777 quamdam
1122 3710 1149 3757 et
1161 3709 1335 3776 augmentum
1348 3697 1434 3778 ipsius
1446 3699 1635 3760 testificantem
1647 3713 1709 3759 1111·

134 3786 188 3867 γάρ
202 3790 368 3855 ἐπαινοῦντος
379 3790 475 3862 αὐτοῦ,
486 3788 533 3847 καὶ
544 3793 608 3869 ἐμοῦ
619 3791 795 3870 συνηδομένου
809 3794 854 3853 καὶ
869 3796 911 3856 θά·
962 3807 1033 3867 tum,
1045 3806 1072 3852 et
1082 3806 1210 3873 praterea
1223 3792 1313 3851 nihil?
1325 3792 1377 3853 Illa
1389 3794 1461 3853 enim
1474 3793 1614 3871 laudante,
1626 3808 1653 3855 et
1667 3815 1711 3853 me

134 3881 227 3944 λοντος
240 3879 271 3936 τὸ
284 3878 377 3953 καλὸν,
390 3879 420 3937 τὸ
433 3879 513 3938 κακὸν
529 3879 569 3939 ἔτι
579 3880 756 3961 neptitatem,
762 3881 834 3956 καὶὴ
845 3892 913 3964 πρά·
964 3888 1146 3969 oomplaeente
1154 3901 1182 3947 et
1194 3886 1301 3949 volente
1313 3887 1425 3961 1101111111,
1441 3888 1545 3947 malum
1559 3887 1650 3948 adhuc
1661 3886 1712 3948 ad·

138 3968 176 4037 ξις
186 3973 265 4029 αὐτοῦ
275 3972 323 4030 οθκ
334 3970 473 4052 ἀνῄρηται.
482 3970 568 4030 Ὥστε
579 3975 593 4031 θ
603 3971 681 4049 νόμος
687 3977 726 4053 τῷ
735 3977 912 4057 προῃρημένῳ
961 3982 1043 4063 jacet,
1055 3978 1159 4040 etactio
1174 3979 1231 4059 ejus
1245 4000 1298 4038 non
1308 3979 1416 4040 sublata
1428 3993 1476 4041 est.
1486 3983 1579 4061 ltaque
1586 3981 1634 4040 lex
1647 4001 1710 4061 pro·

136 4060 219 4120 καλόν
229 4084 256 4119 τι
268 4066 380 4133 ποιῆσαι
392 4062 462 4121 κατὰ
472 4069 549 4122 τοῦτο
560 4061 703 4144 σύμμαχος
711 4064 813 4145 γίνεται
824 4067 912 4145 μόνον,
964 4068 1073 4151 ponenti
1082 4070 1186 4128 bonum
1200 4067 1266 4148 quid
1277 4069 1373 4146 iacere,
1386 4069 1416 4130 in
1433 4069 1486 4129 hoo
1506 4064 1611 4131 tantum
1625 4070 1710 4131 auxi-

136 4151 205 4212 καθθ
218 4152 263 4211 καὶ
277 4154 352 4220 αι’πὸς
365 4152 400 4212 τά
421 4153 487 4213 αὐτὰ
503 4157 574 4234 αὐτῷ
593 4154 723 4233 βούλεται.
737 4149 806 4217 Εἶτα
820 4160 911 4235 ἐπειδὴ
963 4160 1059 4220 liatrix
1067 4172 1118 4233 est,
1129 4171 1261 4238 quatenus
1270 4157 1363 4218 eadem
1375 4179 1436 4240 qun
1449 4160 1509 4241 ipsa
1521 4160 1592 4223 vult.
1605 4161 1714 4222 Deinde

137 4248 246 4324 ἀσαρῶς
264 4244 327 4304 αὐτὸ
347 4246 460 4320 τέθεικε,
474 4245 574 4326 προῖὼν
585 4248 722 4326 ἑρμηνεάει
734 4251 797 4310 αὐτὸ
810 4252 855 4310 καὶ
865 4276 913 4312 σα·
965 4253 1030 4333 quia
1044 4250 1115 4311 illud
1129 4251 1242 4311 obscure
1254 4265 1392 4332 posuerat,
1408 4274 1565 4334 progressus
1578 4253 1607 4314 id
1620 4244 1714 4337 expli·-

137 4335 264 4415 φέστερον
278 4344 365 4410 ποιεῖ,
385 4337 485 4406 δεικνὺς
510 4343 567 4407 πῶς
590 4338 620 4398 τὸ
642 4341 724 4399 κακὸν
737 4341 912 4422 παράκειται,
967 4358 1050 4405 111111
1065 4344 1170 4404 clarum
1183 4342 1285 4420 reddit,
1305 4344 1446 4405 ostendens
1461 4344 1596 4423 quomodo
1609 4347 1713 4407 malum

137 4427 184 4485 καὶ
204 4431 260 4495 πῶς
282 4432 320 4507 τῷ
339 4428 440 4487 θελοντι
460 4440 545 4489 ποιεῖν
556 4426 605 4488 ”rb
625 4432 705 4492 καλὸν
721 4436 815 4512 θμοθθ
834 4433 913 4513 νόμος
966 4438 1096 4520 adjaceat,
1111 4451 1138 4497 et
1158 4435 1293 4515 quomodo
1321 4437 1424 4498 volenti
1443 4439 1530 4499 facere
1544 4439 1647 4501 bonum
1659 4442 1714 4504 ‘lex

137 4516 205 4577 ἐστί,
220 4518 373 4596 Συνήδομαι
386 4519 452 4600 γὰρ,
460 4520 540 4601 ρησὶ,
551 4524 588 4601 τῷ
600 4521 672 4603 νόμῳ
683 4531 729 4584 τοῦ
742 4527 829 4597 Θεοῦ,
842 4525 912 4585 κατά
966 4529 1046 4590 adsit.
1057 4533 1106 4590 19.
1118 4529 1311 4588 Condeleotor
1322 4533 1401 4588 enim
1414 4531 1472 4611 legi
1484 4532 1543 4599 Dei
1554 4534 1715 4594 seeundum

137 4609 184 4667 τθν
199 4608 253 4668 ἔσω
269 4611 415 4689 ἄνθρωπον.
431 4611 523 4697 ᾘδειν
538 4611 586 4692 μὲν
604 4613 654 4694 γὰρ
674 4615 719 4674 καὶ
735 4617 788 4699 πρὸ
805 4617 913 4691 τούτου,
968 4626 1135 4682 interiorem
1148 4623 1306 4681 bominem.
1323 4622 1429 4682 Bonum
1443 4623 1528 4701 enim,
1542 4623 1644 4703 inquit,
1655 4626 1715 4705 jam

138 4700 221 4782 φησὶ,
233 4700 264 4760 τὸ
285 4701 375 4775 καλὸν,
391 4703 473 4785 εὑρὼν
486 4704 513 4765 δὲ
527 4706 591 4764 αὐτὸ
605 4707 650 4764 καὶ
666 4709 692 4766 ἓν
706 4707 848 4788 γράμμασι
860 4710 914 4769 κε(-
930 4728 950 4777 t:
968 4728 1030 4775 ante
1043 4732 1182 4788 noveram,
1203 4710 1292 4792 ipsum
1309 4726 1400 4772 autem
1419 4713 1448 4772 in
1469 4714 1555 4774 literis
1578 4730 1714 4796 repertum

137 4816 227 4869 μενον,
241 4795 350 4853 ἐπαινῶ.
364 4793 461 4853 Βλέπω
472 4793 501 4854 δὲ
517 4795 604 4875 ἕτερον
615 4795 693 4876 νόμον
716 4801 743 4857 ἐν
757 4808 811 4868 τοῖς
822 4799 914 4878 μελεσί
968 4805 1060 4866 laudo.
1069 4807 1119 4865 λδ.
1129 4803 1219 4863 Video
1230 4817 1328 4864 autem
1340 4805 1467 4863 alteram
1478 4806 1571 4885 legem
1583 4809 1617 4863 in
1624 4827 1713 4866 mem·
1771 4877 1778 4892 ,

139 4909 203 4962 μου,
224 4885 488 4966 ἆντῑστρᾱτῑυόμῑνθν
501 4891 540 4966 τῷ
556 4887 629 4968 νόμῳ
642 4895 688 4948 τοῦ
702 4890 759 4958 vot<
774 4915 835 4969 μου·
971 4905 1031 4962 bris
1041 4904 1125 4972 meis,
1137 4912 1348 4979 repugnantem
1364 4900 1421 4980 legi
1434 4903 1539 4959 mentis
1553 4920 1632 4959 meoe.

181 4987 271 5068 Νάμον
283 4989 483 5050 ἔνταῦθοιπάλιν
493 4991 759 5071 ἀντιστρατευόμενον
770 4994 819 5066 τὴν
830 4995 915 5075 ἆμαρ·
1010 4997 1039 5054 5.
1054 4994 1155 5073 Legem
1176 4992 1221 5052 hic
1243 4985 1336 5052 misus
1361 5007 1553 5072 repugnantem
1573 5007 1713 5075 peccatum

175 5161 186 5185 ⁸
204 5147 273 5210 [οὔτι
283 5158 367 5216 προιών
380 5148 410 5198 t.
426 5158 452 5198 et
463 5165 542 5215 mnrg.
555 5147 646 5213 savit,
657 5166 709 5200 non
721 5149 807 5216 mala]
955 5164 978 5209 ts
987 5163 1109 5228 γράμματι
1120 5160 1239 5220 κτίμενον]

177 5228 190 5263 b
209 5225 254 5288 [τὸ
266 5231 336 5278 καλὸν
346 5236 408 5292 μόνῳ
419 5238 486 5294 νόμος
497 5234 555 5281 ἐστὶν
574 5234 585 5282 ὸ
603 5237 670 5294 νόμος
690 5225 775 5280 iidem.
789 5230 822 5280 Et
840 5228 906 5282 infra

1546 5290 1594 5356 15.
