<?xml version="1.0" encoding="UTF-8"?>
<!DOCTYPE html PUBLIC "-//W3C//DTD XHTML 1.0 Transitional//EN"
    "http://www.w3.org/TR/xhtml1/DTD/xhtml1-transitional.dtd">
<html xmlns="http://www.w3.org/1999/xhtml" xml:lang="en" lang="en">
 <head>
  <title>
</title>
<meta http-equiv="Content-Type" content="text/html;charset=utf-8" />
  <meta name='ocr-system' content='tesseract 3.04.00' />
  <meta name='ocr-capabilities' content='ocr_page ocr_carea ocr_par ocr_line ocrx_word'/>
</head>
<body>
  <div class='ocr_page' id='page_1' title='image "./sanctipatrisnos01chrygoog/sanctipatrisnos01chrygoog_0304.png"; bbox 0 0 3728 5978; ppageno 0'>
   <div class='ocr_carea' id='block_1_1' title="bbox 414 424 1559 521">
    <p class='ocr_par' dir='ltr' id='par_1_1' title="bbox 414 424 1559 521">
     <span class='ocr_line' id='line_1_1' title="bbox 414 424 1559 521; baseline 0.01 -35"><span class='ocrx_word' id='word_1_1' title='bbox 414 439 449 486; x_wconf 75' lang='lat' dir='ltr'><strong>lll&#39;</strong></span> <span class='ocrx_word' id='word_1_2' title='bbox 475 439 564 487; x_wconf 75' lang='lat' dir='ltr'>ACTA</span> <span class='ocrx_word' id='word_1_3' title='bbox 590 439 854 489; x_wconf 76' lang='lat' dir='ltr'><strong>APOSTOLORUM·</strong></span> <span class='ocrx_word' id='word_1_4' title='bbox 882 440 1007 489; x_wconf 79' lang='lat' dir='ltr'><strong>llObllL.</strong></span> <span class='ocrx_word' id='word_1_5' title='bbox 1034 442 1132 491; x_wconf 74' lang='lat' dir='ltr'><strong>XXXl·</strong></span> <span class='ocrx_word' id='word_1_6' title='bbox 1490 424 1559 521; x_wconf 71' lang='lat'><strong>269</strong></span> 
     </span>
    </p>
   </div>
   <div class='ocr_carea' id='block_1_2' title="bbox 108 557 1710 5166">
    <p class='ocr_par' dir='ltr' id='par_1_2' title="bbox 108 557 1562 928">
     <span class='ocr_line' id='line_1_2' title="bbox 108 557 1561 647; baseline 0.007 -28"><span class='ocrx_word' id='word_1_7' title='bbox 108 581 128 619; x_wconf 78' lang='lat' dir='ltr'><strong>a</strong></span> <span class='ocrx_word' id='word_1_8' title='bbox 146 557 256 640; x_wconf 78' lang='grc' dir='ltr'>έλαγεν,</span> <span class='ocrx_word' id='word_1_9' title='bbox 283 562 328 621; x_wconf 74' lang='lat' dir='ltr'><strong>Ob</strong></span> <span class='ocrx_word' id='word_1_10' title='bbox 343 560 543 640; x_wconf 78' lang='grc' dir='ltr'>προσανεθέμην</span> <span class='ocrx_word' id='word_1_11' title='bbox 562 561 642 643; x_wconf 84' lang='grc' dir='ltr'>σαρκὶ</span> <span class='ocrx_word' id='word_1_12' title='bbox 661 562 707 621; x_wconf 79' lang='grc' dir='ltr'>καὶ</span> <span class='ocrx_word' id='word_1_13' title='bbox 721 558 761 619; x_wconf 78' lang='lat' dir='ltr'><strong>ul·</strong></span> <span class='ocrx_word' id='word_1_14' title='bbox 816 581 884 641; x_wconf 90' lang='lat' dir='ltr'><strong>opus</strong></span> <span class='ocrx_word' id='word_1_15' title='bbox 902 561 1039 624; x_wconf 87' lang='lat' dir='ltr'><strong>habebant</strong></span> <span class='ocrx_word' id='word_1_16' title='bbox 1049 609 1060 644; x_wconf 98' lang='lat'><strong>,</strong></span> <span class='ocrx_word' id='word_1_17' title='bbox 1083 564 1202 626; x_wconf 82' lang='lat' dir='ltr'><strong>maxime</strong></span> <span class='ocrx_word' id='word_1_18' title='bbox 1220 566 1344 647; x_wconf 82' lang='lat' dir='ltr'><strong>gentiles,</strong></span> <span class='ocrx_word' id='word_1_19' title='bbox 1369 568 1417 647; x_wconf 90' lang='lat' dir='ltr'><strong>qui</strong></span> <span class='ocrx_word' id='word_1_20' title='bbox 1443 569 1561 629; x_wconf 90' lang='lat' dir='ltr'><strong>multum</strong></span> 
     </span>
     <span class='ocr_line' id='line_1_3' title="bbox 815 650 1562 744; baseline 0.015 -32"><span class='ocrx_word' id='word_1_21' title='bbox 815 653 906 714; x_wconf 86' lang='lat' dir='ltr'><strong>doceri</strong></span> <span class='ocrx_word' id='word_1_22' title='bbox 925 654 1069 718; x_wconf 88' lang='lat' dir='ltr'><strong>debebant.</strong></span> <span class='ocrx_word' id='word_1_23' title='bbox 1103 650 1243 720; x_wconf 87' lang='lat' dir='ltr'><strong>Venerunt</strong></span> <span class='ocrx_word' id='word_1_24' title='bbox 1264 659 1400 741; x_wconf 79' lang='lat' dir='ltr'><strong>docentes,</strong></span> <span class='ocrx_word' id='word_1_25' title='bbox 1414 663 1477 742; x_wconf 87' lang='lat' dir='ltr'><strong>quia</strong></span> <span class='ocrx_word' id='word_1_26' title='bbox 1499 664 1562 744; x_wconf 87' lang='lat' dir='ltr'><strong>jure</strong></span> 
     </span>
     <span class='ocr_line' id='line_1_4' title="bbox 816 747 1558 833; baseline 0.012 -27"><span class='ocrx_word' id='word_1_27' title='bbox 816 747 933 807; x_wconf 89' lang='lat' dir='ltr'><strong>ordinati</strong></span> <span class='ocrx_word' id='word_1_28' title='bbox 946 749 1052 810; x_wconf 87' lang='lat' dir='ltr'><strong>inerant</strong></span> <span class='ocrx_word' id='word_1_29' title='bbox 1064 772 1080 811; x_wconf 91' lang='lat' dir='ltr'><strong>a</strong></span> <span class='ocrx_word' id='word_1_30' title='bbox 1090 751 1204 833; x_wconf 88' lang='lat' dir='ltr'><strong>Spiritu.</strong></span> <span class='ocrx_word' id='word_1_31' title='bbox 1210 751 1248 812; x_wconf 85' lang='lat' dir='ltr'><strong>Et</strong></span> <span class='ocrx_word' id='word_1_32' title='bbox 1258 752 1461 815; x_wconf 82' lang='lat' dir='ltr'><strong>videlervorem</strong></span> <span class='ocrx_word' id='word_1_33' title='bbox 1469 756 1558 817; x_wconf 89' lang='lat' dir='ltr'><strong>Pauli.</strong></span> 
     </span>
     <span class='ocr_line' id='line_1_5' title="bbox 815 842 1559 928; baseline 0.016 -27"><span class='ocrx_word' id='word_1_34' title='bbox 815 843 877 902; x_wconf 85' lang='lat' dir='ltr'><strong>Non</strong></span> <span class='ocrx_word' id='word_1_35' title='bbox 901 842 1059 925; x_wconf 89' lang='lat' dir='ltr'><strong>interrogat,</strong></span> <span class='ocrx_word' id='word_1_36' title='bbox 1079 866 1113 904; x_wconf 89' lang='lat' dir='ltr'><strong>an</strong></span> <span class='ocrx_word' id='word_1_37' title='bbox 1128 859 1251 926; x_wconf 78' lang='lat' dir='ltr'>oporteat</span> <span class='ocrx_word' id='word_1_38' title='bbox 1271 846 1345 926; x_wconf 90' lang='lat' dir='ltr'><strong>loqui</strong></span> <span class='ocrx_word' id='word_1_39' title='bbox 1357 850 1559 928; x_wconf 85' lang='lat' dir='ltr'><strong>gentibus,.sed</strong></span> 
     </span>
    </p>

    <p class='ocr_par' dir='ltr' id='par_1_3' title="bbox 785 930 1710 1106">
     <span class='ocr_line' id='line_1_6' title="bbox 785 930 1710 1020; baseline 0.012 -30"><span class='ocrx_word' id='word_1_40' title='bbox 785 948 787 958; x_wconf 75' lang='grc'>’</span> <span class='ocrx_word' id='word_1_41' title='bbox 815 931 906 991; x_wconf 89' lang='lat' dir='ltr'><strong>statim</strong></span> <span class='ocrx_word' id='word_1_42' title='bbox 930 932 1049 1013; x_wconf 86' lang='lat' dir='ltr'><strong>loquitur</strong></span> <span class='ocrx_word' id='word_1_43' title='bbox 1067 958 1074 991; x_wconf 81' lang='grc' dir='ltr'><strong>ε</strong></span> <span class='ocrx_word' id='word_1_44' title='bbox 1094 934 1155 994; x_wconf 91' lang='lat' dir='ltr'><strong>ideo</strong></span> <span class='ocrx_word' id='word_1_45' title='bbox 1176 933 1305 1016; x_wconf 87' lang='lat' dir='ltr'><strong>dicebat,</strong></span> <span class='ocrx_word' id='word_1_46' title='bbox 1330 939 1399 997; x_wconf 86' lang='lat' dir='ltr'><strong>Non</strong></span> <span class='ocrx_word' id='word_1_47' title='bbox 1422 943 1559 1020; x_wconf 78' lang='lat' dir='ltr'><strong>acquievi</strong></span> <span class='ocrx_word' id='word_1_48' title='bbox 1570 935 1625 979; x_wconf 52' lang='grc' dir='ltr'><strong>θ’θ’·</strong></span> <span class='ocrx_word' id='word_1_49' title='bbox 1637 947 1657 981; x_wconf 89' lang='lat'><strong>¹·</strong></span> <span class='ocrx_word' id='word_1_50' title='bbox 1671 930 1710 980; x_wconf 35' lang='lat'><strong>¹⁴⁶·</strong></span> 
     </span>
     <span class='ocr_line' id='line_1_7' title="bbox 816 1027 1506 1106; baseline 0.007 -25"><span class='ocrx_word' id='word_1_51' title='bbox 816 1027 902 1082; x_wconf 83' lang='lat' dir='ltr'><strong>carni</strong></span> <span class='ocrx_word' id='word_1_52' title='bbox 913 1038 942 1084; x_wconf 89' lang='lat' dir='ltr'><strong>et</strong></span> <span class='ocrx_word' id='word_1_53' title='bbox 956 1029 1104 1106; x_wconf 84' lang='lat' dir='ltr'><strong>sanguini.</strong></span> <span class='ocrx_word' id='word_1_54' title='bbox 1504 1068 1506 1072; x_wconf 83' lang='lat'><em>.</em></span> 
     </span>
    </p>

    <p class='ocr_par' dir='ltr' id='par_1_4' title="bbox 109 1115 1558 1204">
     <span class='ocr_line' id='line_1_8' title="bbox 109 1115 1558 1204; baseline 0.006 -27"><span class='ocrx_word' id='word_1_55' title='bbox 109 1115 196 1184; x_wconf 74' lang='grc' dir='ltr'>ὄντως</span> <span class='ocrx_word' id='word_1_56' title='bbox 208 1117 310 1196; x_wconf 78' lang='grc' dir='ltr'>ἀγαθὸν</span> <span class='ocrx_word' id='word_1_57' title='bbox 327 1119 460 1199; x_wconf 81' lang='grc' dir='ltr'>ἡθλῖψις,</span> <span class='ocrx_word' id='word_1_58' title='bbox 474 1117 520 1177; x_wconf 78' lang='grc' dir='ltr'>καὶ</span> <span class='ocrx_word' id='word_1_59' title='bbox 541 1116 659 1199; x_wconf 78' lang='grc' dir='ltr'>μεγάλης</span> <span class='ocrx_word' id='word_1_60' title='bbox 673 1121 761 1198; x_wconf 77' lang='grc' dir='ltr'>ψυχῆς</span> <span class='ocrx_word' id='word_1_61' title='bbox 853 1118 881 1176; x_wconf 78' lang='lat'><strong>3.</strong></span> <span class='ocrx_word' id='word_1_62' title='bbox 902 1119 1035 1197; x_wconf 88' lang='lat' dir='ltr'><strong>Magnum</strong></span> <span class='ocrx_word' id='word_1_63' title='bbox 1048 1140 1111 1180; x_wconf 79' lang='lat' dir='ltr'><strong>vem</strong></span> <span class='ocrx_word' id='word_1_64' title='bbox 1127 1119 1229 1180; x_wconf 91' lang='lat' dir='ltr'><strong>bonum</strong></span> <span class='ocrx_word' id='word_1_65' title='bbox 1242 1120 1392 1199; x_wconf 88' lang='lat' dir='ltr'><strong>tribulatio,</strong></span> <span class='ocrx_word' id='word_1_66' title='bbox 1408 1143 1440 1182; x_wconf 89' lang='lat' dir='ltr'><strong>ac</strong></span> <span class='ocrx_word' id='word_1_67' title='bbox 1452 1143 1558 1204; x_wconf 74' lang='lat' dir='ltr'><strong>magna</strong></span> 
     </span>
    </p>

    <p class='ocr_par' dir='ltr' id='par_1_5' title="bbox 111 1207 1555 1295">
     <span class='ocr_line' id='line_1_9' title="bbox 111 1207 1555 1295; baseline 0.006 -27"><span class='ocrx_word' id='word_1_68' title='bbox 111 1207 239 1288; x_wconf 78' lang='grc' dir='ltr'>γενναίας</span> <span class='ocrx_word' id='word_1_69' title='bbox 250 1209 424 1290; x_wconf 84' lang='grc' dir='ltr'>κατόρθωμα.</span> <span class='ocrx_word' id='word_1_70' title='bbox 437 1209 522 1269; x_wconf 82' lang='grc' dir='ltr'>Πόσοι</span> <span class='ocrx_word' id='word_1_71' title='bbox 535 1208 604 1288; x_wconf 74' lang='grc' dir='ltr'>μετὰ</span> <span class='ocrx_word' id='word_1_72' title='bbox 614 1215 690 1270; x_wconf 79' lang='grc' dir='ltr'>τοῦτο</span> <span class='ocrx_word' id='word_1_73' title='bbox 702 1208 760 1268; x_wconf 72' lang='lat' dir='ltr'><strong>lul·</strong></span> <span class='ocrx_word' id='word_1_74' title='bbox 812 1222 838 1268; x_wconf 92' lang='lat' dir='ltr'><strong>ct</strong></span> <span class='ocrx_word' id='word_1_75' title='bbox 849 1229 982 1288; x_wconf 75' lang='lat' dir='ltr'><strong>generosae</strong></span> <span class='ocrx_word' id='word_1_76' title='bbox 991 1210 1089 1273; x_wconf 78' lang='lat' dir='ltr'><strong>anima</strong></span> <span class='ocrx_word' id='word_1_77' title='bbox 1100 1233 1179 1294; x_wconf 90' lang='lat' dir='ltr'><strong>opus.</strong></span> <span class='ocrx_word' id='word_1_78' title='bbox 1191 1214 1263 1286; x_wconf 92' lang='lat' dir='ltr'><strong>Quot</strong></span> <span class='ocrx_word' id='word_1_79' title='bbox 1272 1228 1363 1295; x_wconf 89' lang='lat' dir='ltr'><strong>postea</strong></span> <span class='ocrx_word' id='word_1_80' title='bbox 1373 1214 1555 1291; x_wconf 84' lang='lat' dir='ltr'><strong>crediderunt,</strong></span> 
     </span>
    </p>

    <p class='ocr_par' dir='ltr' id='par_1_6' title="bbox 113 1299 1558 1388">
     <span class='ocr_line' id='line_1_10' title="bbox 113 1299 1558 1388; baseline 0.008 -29"><span class='ocrx_word' id='word_1_81' title='bbox 113 1300 163 1360; x_wconf 82' lang='grc' dir='ltr'>καὶ</span> <span class='ocrx_word' id='word_1_82' title='bbox 179 1299 266 1368; x_wconf 78' lang='grc' dir='ltr'>οὐδεὶς</span> <span class='ocrx_word' id='word_1_83' title='bbox 286 1300 370 1369; x_wconf 73' lang='grc' dir='ltr'>οὕτως</span> <span class='ocrx_word' id='word_1_84' title='bbox 390 1300 546 1382; x_wconf 61' lang='grc' dir='ltr'>Ἶλαμψενς</span> <span class='ocrx_word' id='word_1_85' title='bbox 559 1301 640 1362; x_wconf 76' lang='grc' dir='ltr'>Οὕτω</span> <span class='ocrx_word' id='word_1_86' title='bbox 663 1307 759 1382; x_wconf 85' lang='grc' dir='ltr'>προθν·</span> <span class='ocrx_word' id='word_1_87' title='bbox 776 1321 795 1368; x_wconf 82' lang='lat' dir='ltr'><strong>n</strong></span> <span class='ocrx_word' id='word_1_88' title='bbox 812 1315 838 1361; x_wconf 92' lang='lat' dir='ltr'><strong>et</strong></span> <span class='ocrx_word' id='word_1_89' title='bbox 857 1303 950 1364; x_wconf 90' lang='lat' dir='ltr'><strong>nullus</strong></span> <span class='ocrx_word' id='word_1_90' title='bbox 970 1304 1008 1364; x_wconf 87' lang='lat' dir='ltr'><strong>ita</strong></span> <span class='ocrx_word' id='word_1_91' title='bbox 1027 1304 1122 1366; x_wconf 75' lang='lat' dir='ltr'><strong>fulsit?</strong></span> <span class='ocrx_word' id='word_1_92' title='bbox 1135 1307 1176 1366; x_wconf 88' lang='lat' dir='ltr'><strong>lta</strong></span> <span class='ocrx_word' id='word_1_93' title='bbox 1203 1307 1281 1367; x_wconf 92' lang='lat' dir='ltr'><strong>nobis</strong></span> <span class='ocrx_word' id='word_1_94' title='bbox 1299 1307 1400 1388; x_wconf 88' lang='lat' dir='ltr'><strong>ubique</strong></span> <span class='ocrx_word' id='word_1_95' title='bbox 1420 1308 1558 1370; x_wconf 75' lang='lat' dir='ltr'><strong>alacritate</strong></span> 
     </span>
    </p>

    <p class='ocr_par' dir='ltr' id='par_1_7' title="bbox 108 1392 1556 1483">
     <span class='ocr_line' id='line_1_11' title="bbox 108 1392 1556 1483; baseline 0.007 -32"><span class='ocrx_word' id='word_1_96' title='bbox 108 1416 120 1451; x_wconf 84' lang='grc' dir='ltr'>ν</span> <span class='ocrx_word' id='word_1_97' title='bbox 141 1393 185 1452; x_wconf 82' lang='grc' dir='ltr'><strong>δεῖ</strong></span> <span class='ocrx_word' id='word_1_98' title='bbox 204 1400 359 1474; x_wconf 78' lang='grc' dir='ltr'>πανταχοῦ,</span> <span class='ocrx_word' id='word_1_99' title='bbox 381 1392 524 1474; x_wconf 77' lang='grc' dir='ltr'>πυρώσεως</span> <span class='ocrx_word' id='word_1_100' title='bbox 543 1397 657 1467; x_wconf 82' lang='grc' dir='ltr'>πολλῆς,</span> <span class='ocrx_word' id='word_1_101' title='bbox 671 1398 759 1474; x_wconf 77' lang='grc' dir='ltr'>ψυχῆς</span> <span class='ocrx_word' id='word_1_102' title='bbox 811 1417 880 1477; x_wconf 90' lang='lat' dir='ltr'><strong>opus</strong></span> <span class='ocrx_word' id='word_1_103' title='bbox 891 1409 940 1469; x_wconf 87' lang='lat' dir='ltr'><strong>est,</strong></span> <span class='ocrx_word' id='word_1_104' title='bbox 955 1397 1093 1477; x_wconf 87' lang='lat' dir='ltr'><strong>multoque</strong></span> <span class='ocrx_word' id='word_1_105' title='bbox 1105 1399 1221 1477; x_wconf 78' lang='lat' dir='ltr'><strong>fervore,</strong></span> <span class='ocrx_word' id='word_1_106' title='bbox 1232 1399 1322 1459; x_wconf 87' lang='lat' dir='ltr'><strong>anima</strong></span> <span class='ocrx_word' id='word_1_107' title='bbox 1335 1400 1370 1459; x_wconf 88' lang='lat' dir='ltr'><strong>ad</strong></span> <span class='ocrx_word' id='word_1_108' title='bbox 1383 1401 1497 1460; x_wconf 88' lang='lat' dir='ltr'><strong>mortem</strong></span> <span class='ocrx_word' id='word_1_109' title='bbox 1507 1422 1556 1483; x_wconf 89' lang='lat' dir='ltr'><strong>pa·</strong></span> 
     </span>
    </p>

    <p class='ocr_par' dir='ltr' id='par_1_8' title="bbox 108 1485 1557 1572">
     <span class='ocr_line' id='line_1_12' title="bbox 108 1485 1557 1572; baseline 0.003 -25"><span class='ocrx_word' id='word_1_110' title='bbox 108 1509 167 1547; x_wconf 81' lang='grc' dir='ltr'>ιταν</span> <span class='ocrx_word' id='word_1_111' title='bbox 179 1487 434 1568; x_wconf 87' lang='grc' dir='ltr'>παρατεταγμένης·</span> <span class='ocrx_word' id='word_1_112' title='bbox 446 1485 532 1554; x_wconf 71' lang='grc' dir='ltr'>ἄλλως</span> <span class='ocrx_word' id='word_1_113' title='bbox 543 1486 595 1569; x_wconf 76' lang='grc' dir='ltr'><strong>γὰρ</strong></span> <span class='ocrx_word' id='word_1_114' title='bbox 604 1489 651 1547; x_wconf 87' lang='grc' dir='ltr'>οὐκ</span> <span class='ocrx_word' id='word_1_115' title='bbox 662 1485 700 1546; x_wconf 78' lang='grc' dir='ltr'>ἶνι</span> <span class='ocrx_word' id='word_1_116' title='bbox 709 1491 757 1559; x_wconf 83' lang='grc' dir='ltr'><strong>τῆς</strong></span> <span class='ocrx_word' id='word_1_117' title='bbox 811 1502 869 1547; x_wconf 89' lang='lat' dir='ltr'><strong>rata</strong></span> <span class='ocrx_word' id='word_1_118' title='bbox 880 1512 886 1545; x_wconf 77' lang='grc' dir='ltr'><strong>τ</strong></span> <span class='ocrx_word' id='word_1_119' title='bbox 896 1487 951 1548; x_wconf 90' lang='lat' dir='ltr'><strong>alio</strong></span> <span class='ocrx_word' id='word_1_120' title='bbox 964 1489 1036 1549; x_wconf 89' lang='lat' dir='ltr'><strong>enim</strong></span> <span class='ocrx_word' id='word_1_121' title='bbox 1045 1489 1126 1551; x_wconf 90' lang='lat' dir='ltr'><strong>modo</strong></span> <span class='ocrx_word' id='word_1_122' title='bbox 1140 1512 1193 1551; x_wconf 91' lang='lat' dir='ltr'><strong>non</strong></span> <span class='ocrx_word' id='word_1_123' title='bbox 1209 1512 1352 1572; x_wconf 88' lang='lat' dir='ltr'><strong>possumus</strong></span> <span class='ocrx_word' id='word_1_124' title='bbox 1363 1513 1478 1572; x_wconf 87' lang='lat' dir='ltr'><strong>regnum</strong></span> <span class='ocrx_word' id='word_1_125' title='bbox 1492 1514 1557 1553; x_wconf 91' lang='lat' dir='ltr'><strong>oon-</strong></span> 
     </span>
    </p>

    <p class='ocr_par' dir='ltr' id='par_1_9' title="bbox 108 1577 1556 1665">
     <span class='ocr_line' id='line_1_13' title="bbox 108 1577 1556 1665; baseline 0.004 -24"><span class='ocrx_word' id='word_1_126' title='bbox 108 1590 238 1661; x_wconf 73' lang='grc' dir='ltr'>ττυχείν,</span> <span class='ocrx_word' id='word_1_127' title='bbox 262 1579 300 1659; x_wconf 79' lang='grc' dir='ltr'><strong>μὴ</strong></span> <span class='ocrx_word' id='word_1_128' title='bbox 325 1577 518 1662; x_wconf 74' lang='grc' dir='ltr'>σταυρωθέντα.</span> <span class='ocrx_word' id='word_1_129' title='bbox 538 1579 585 1652; x_wconf 83' lang='grc' dir='ltr'><strong>Μὴ</strong></span> <span class='ocrx_word' id='word_1_130' title='bbox 611 1584 756 1657; x_wconf 82' lang='grc' dir='ltr'>ἀπαιτῶμεν</span> <span class='ocrx_word' id='word_1_131' title='bbox 810 1579 902 1658; x_wconf 88' lang='lat' dir='ltr'><strong>sequi,</strong></span> <span class='ocrx_word' id='word_1_132' title='bbox 919 1580 972 1641; x_wconf 91' lang='lat' dir='ltr'><strong>nisi</strong></span> <span class='ocrx_word' id='word_1_133' title='bbox 992 1602 1041 1663; x_wconf 90' lang='lat' dir='ltr'><strong>per</strong></span> <span class='ocrx_word' id='word_1_134' title='bbox 1059 1602 1177 1643; x_wconf 90' lang='lat' dir='ltr'><strong>crucem.</strong></span> <span class='ocrx_word' id='word_1_135' title='bbox 1194 1585 1238 1644; x_wconf 86' lang='lat' dir='ltr'><strong>Ne</strong></span> <span class='ocrx_word' id='word_1_136' title='bbox 1255 1581 1424 1665; x_wconf 80' lang='lat' dir='ltr'>decipiamus</span> <span class='ocrx_word' id='word_1_137' title='bbox 1440 1600 1556 1647; x_wconf 89' lang='lat' dir='ltr'><strong>uosmet·</strong></span> 
     </span>
    </p>

    <p class='ocr_par' dir='ltr' id='par_1_10' title="bbox 108 1669 1556 1756">
     <span class='ocr_line' id='line_1_14' title="bbox 108 1669 1556 1756; baseline 0.003 -23"><span class='ocrx_word' id='word_1_138' title='bbox 108 1672 146 1733; x_wconf 75' lang='lat' dir='ltr'><strong>El</strong></span> <span class='ocrx_word' id='word_1_139' title='bbox 156 1670 213 1754; x_wconf 66' lang='grc' dir='ltr'><strong>γὰρ</strong></span> <span class='ocrx_word' id='word_1_140' title='bbox 226 1677 253 1733; x_wconf 80' lang='grc' dir='ltr'><strong>έν</strong></span> <span class='ocrx_word' id='word_1_141' title='bbox 263 1672 375 1753; x_wconf 79' lang='grc' dir='ltr'>πολέμῳ</span> <span class='ocrx_word' id='word_1_142' title='bbox 389 1676 505 1744; x_wconf 78' lang='grc' dir='ltr'>σωθῆναι</span> <span class='ocrx_word' id='word_1_143' title='bbox 520 1674 550 1731; x_wconf 82' lang='grc' dir='ltr'>οὐ</span> <span class='ocrx_word' id='word_1_144' title='bbox 564 1671 672 1731; x_wconf 77' lang='grc' dir='ltr'>δυνατὸν</span> <span class='ocrx_word' id='word_1_145' title='bbox 686 1696 754 1755; x_wconf 89' lang='grc' dir='ltr'>τρυ-</span> <span class='ocrx_word' id='word_1_146' title='bbox 809 1669 890 1751; x_wconf 91' lang='lat' dir='ltr'><strong>ipsos.</strong></span> <span class='ocrx_word' id='word_1_147' title='bbox 904 1672 1017 1734; x_wconf 80' lang='lat' dir='ltr'><strong>sienim</strong></span> <span class='ocrx_word' id='word_1_148' title='bbox 1031 1673 1060 1733; x_wconf 87' lang='lat' dir='ltr'><strong>in</strong></span> <span class='ocrx_word' id='word_1_149' title='bbox 1073 1674 1144 1735; x_wconf 90' lang='lat' dir='ltr'><strong>bello</strong></span> <span class='ocrx_word' id='word_1_150' title='bbox 1155 1677 1258 1736; x_wconf 87' lang='lat' dir='ltr'><strong>servari</strong></span> <span class='ocrx_word' id='word_1_151' title='bbox 1273 1676 1375 1755; x_wconf 89' lang='lat' dir='ltr'><strong>nequit,</strong></span> <span class='ocrx_word' id='word_1_152' title='bbox 1386 1676 1433 1756; x_wconf 93' lang='lat' dir='ltr'><strong>qui</strong></span> <span class='ocrx_word' id='word_1_153' title='bbox 1445 1677 1556 1737; x_wconf 88' lang='lat' dir='ltr'><strong>delicia·</strong></span> 
     </span>
    </p>

    <p class='ocr_par' dir='ltr' id='par_1_11' title="bbox 108 1761 1554 1850">
     <span class='ocr_line' id='line_1_15' title="bbox 108 1761 1554 1850; baseline 0.002 -25"><span class='ocrx_word' id='word_1_154' title='bbox 108 1762 145 1825; x_wconf 79' lang='lat' dir='ltr'><strong>aul</strong></span> <span class='ocrx_word' id='word_1_155' title='bbox 165 1765 399 1844; x_wconf 78' lang='grc' dir='ltr'>χρηματιζόμενον</span> <span class='ocrx_word' id='word_1_156' title='bbox 426 1763 473 1824; x_wconf 76' lang='grc' dir='ltr'>καὶ</span> <span class='ocrx_word' id='word_1_157' title='bbox 498 1761 682 1835; x_wconf 78' lang='grc' dir='ltr'>καπηλεύοντα</span> <span class='ocrx_word' id='word_1_158' title='bbox 709 1765 757 1824; x_wconf 80' lang='grc' dir='ltr'>καὶ</span> <span class='ocrx_word' id='word_1_159' title='bbox 808 1777 862 1841; x_wconf 88' lang='lat' dir='ltr'><strong>tur,</strong></span> <span class='ocrx_word' id='word_1_160' title='bbox 876 1766 998 1847; x_wconf 90' lang='lat' dir='ltr'><strong>pecuniis</strong></span> <span class='ocrx_word' id='word_1_161' title='bbox 1011 1768 1112 1842; x_wconf 83' lang='lat' dir='ltr'><strong>studet,</strong></span> <span class='ocrx_word' id='word_1_162' title='bbox 1126 1782 1295 1850; x_wconf 90' lang='lat' dir='ltr'><strong>cauponatur</strong></span> <span class='ocrx_word' id='word_1_163' title='bbox 1307 1770 1476 1849; x_wconf 79' lang='lat' dir='ltr'><strong>ignarusque</strong></span> <span class='ocrx_word' id='word_1_164' title='bbox 1490 1785 1529 1831; x_wconf 81' lang='lat' dir='ltr'><strong>est</strong></span> <span class='ocrx_word' id='word_1_165' title='bbox 1547 1795 1554 1828; x_wconf 80' lang='grc' dir='ltr'><strong>τ</strong></span> 
     </span>
    </p>

    <p class='ocr_par' dir='ltr' id='par_1_12' title="bbox 108 1852 1556 1942">
     <span class='ocr_line' id='line_1_16' title="bbox 108 1852 1556 1942; baseline 0.005 -27"><span class='ocrx_word' id='word_1_166' title='bbox 108 1878 165 1915; x_wconf 80' lang='grc' dir='ltr'>τι·</span> <span class='ocrx_word' id='word_1_167' title='bbox 177 1859 273 1937; x_wconf 69' lang='grc' dir='ltr'>πολλῷ</span> <span class='ocrx_word' id='word_1_168' title='bbox 282 1857 383 1934; x_wconf 67' lang='grc' dir='ltr'>μᾶλλον</span> <span class='ocrx_word' id='word_1_169' title='bbox 395 1856 422 1913; x_wconf 79' lang='grc' dir='ltr'><strong>έν</strong></span> <span class='ocrx_word' id='word_1_170' title='bbox 436 1858 476 1935; x_wconf 80' lang='grc' dir='ltr'><strong>τῷ</strong></span> <span class='ocrx_word' id='word_1_171' title='bbox 489 1853 600 1935; x_wconf 83' lang='grc' dir='ltr'>πολέμῳ</span> <span class='ocrx_word' id='word_1_172' title='bbox 610 1853 705 1936; x_wconf 81' lang='grc' dir='ltr'>τούτῳ.</span> <span class='ocrx_word' id='word_1_173' title='bbox 716 1852 756 1916; x_wconf 84' lang='grc' dir='ltr'>Ἢ</span> <span class='ocrx_word' id='word_1_174' title='bbox 808 1855 895 1917; x_wconf 90' lang='lat' dir='ltr'><strong>multo</strong></span> <span class='ocrx_word' id='word_1_175' title='bbox 905 1857 1034 1919; x_wconf 91' lang='lat' dir='ltr'><strong>minusin</strong></span> <span class='ocrx_word' id='word_1_176' title='bbox 1045 1859 1098 1919; x_wconf 89' lang='lat' dir='ltr'><strong>boc</strong></span> <span class='ocrx_word' id='word_1_177' title='bbox 1106 1859 1187 1920; x_wconf 92' lang='lat' dir='ltr'><strong>bello.</strong></span> <span class='ocrx_word' id='word_1_178' title='bbox 1200 1863 1295 1920; x_wconf 73' lang='lat' dir='ltr'><strong>Annon</strong></span> <span class='ocrx_word' id='word_1_179' title='bbox 1304 1862 1472 1942; x_wconf 81' lang='lat' dir='ltr'><strong>putatisesse</strong></span> <span class='ocrx_word' id='word_1_180' title='bbox 1484 1883 1556 1922; x_wconf 91' lang='lat' dir='ltr'><strong>nune</strong></span> 
     </span>
    </p>

    <p class='ocr_par' dir='ltr' id='par_1_13' title="bbox 108 1938 1689 2033">
     <span class='ocr_line' id='line_1_17' title="bbox 108 1938 1689 2033; baseline 0.004 -24"><span class='ocrx_word' id='word_1_181' title='bbox 108 1947 256 2026; x_wconf 64' lang='grc' dir='ltr'>πόλεμον</span> <span class='ocrx_word' id='word_1_182' title='bbox 270 1938 339 2006; x_wconf 73' lang='grc' dir='ltr'>εἶναι</span> <span class='ocrx_word' id='word_1_183' title='bbox 358 1953 402 2006; x_wconf 77' lang='grc' dir='ltr'><strong>νῦν</strong></span> <span class='ocrx_word' id='word_1_184' title='bbox 416 1946 522 2006; x_wconf 85' lang='grc' dir='ltr'>πάντων</span> <span class='ocrx_word' id='word_1_185' title='bbox 537 1945 661 2025; x_wconf 83' lang='grc' dir='ltr'>πολέμων</span> <span class='ocrx_word' id='word_1_186' title='bbox 673 1948 756 2029; x_wconf 87' lang='grc' dir='ltr'>χαλε·</span> <span class='ocrx_word' id='word_1_187' title='bbox 807 1949 911 2010; x_wconf 88' lang='lat' dir='ltr'><strong>bellum</strong></span> <span class='ocrx_word' id='word_1_188' title='bbox 920 1951 1042 2013; x_wconf 86' lang='lat' dir='ltr'><strong>omnium</strong></span> <span class='ocrx_word' id='word_1_189' title='bbox 1053 1952 1343 2033; x_wconf 78' lang='lat' dir='ltr'><strong>gravissimumiNon</strong></span> <span class='ocrx_word' id='word_1_190' title='bbox 1354 1966 1397 2015; x_wconf 87' lang='lat' dir='ltr'><strong>est</strong></span> <span class='ocrx_word' id='word_1_191' title='bbox 1409 1957 1502 2028; x_wconf 85' lang='lat' dir='ltr'><strong>nobis,</strong></span> <span class='ocrx_word' id='word_1_192' title='bbox 1512 1954 1553 2014; x_wconf 93' lang='lat' dir='ltr'><strong>in·</strong></span> <span class='ocrx_word' id='word_1_193' title='bbox 1562 1962 1647 2024; x_wconf 70' lang='lat' dir='ltr'><strong>Butes.</strong></span> <span class='ocrx_word' id='word_1_194' title='bbox 1664 1964 1689 2011; x_wconf 81' lang='lat'><strong>⁶·</strong></span> 
     </span>
    </p>

    <p class='ocr_par' dir='ltr' id='par_1_14' title="bbox 108 2031 1601 2126">
     <span class='ocr_line' id='line_1_18' title="bbox 108 2031 1601 2126; baseline 0.004 -24"><span class='ocrx_word' id='word_1_195' title='bbox 108 2043 191 2115; x_wconf 72' lang='lat' dir='ltr'><strong>;0ta</strong></span> <span class='ocrx_word' id='word_1_196' title='bbox 203 2039 277 2099; x_wconf 74' lang='grc' dir='ltr'>δστιν</span> <span class='ocrx_word' id='word_1_197' title='bbox 292 2045 374 2117; x_wconf 79' lang='grc' dir='ltr'>ἡμῖν,</span> <span class='ocrx_word' id='word_1_198' title='bbox 387 2039 477 2120; x_wconf 77' lang='grc' dir='ltr'>φησὶν,</span> <span class='ocrx_word' id='word_1_199' title='bbox 490 2043 508 2112; x_wconf 78' lang='grc' dir='ltr'>ἡ</span> <span class='ocrx_word' id='word_1_200' title='bbox 521 2040 596 2109; x_wconf 89' lang='grc' dir='ltr'>πάλη</span> <span class='ocrx_word' id='word_1_201' title='bbox 610 2040 675 2120; x_wconf 81' lang='grc' dir='ltr'>πρὸς</span> <span class='ocrx_word' id='word_1_202' title='bbox 689 2031 756 2118; x_wconf 76' lang='grc' dir='ltr'>αἷμα</span> <span class='ocrx_word' id='word_1_203' title='bbox 808 2042 876 2120; x_wconf 89' lang='lat' dir='ltr'><strong>quit,</strong></span> <span class='ocrx_word' id='word_1_204' title='bbox 888 2064 988 2124; x_wconf 80' lang='lat' dir='ltr'><strong>pugno</strong></span> <span class='ocrx_word' id='word_1_205' title='bbox 1001 2045 1141 2105; x_wconf 83' lang='lat' dir='ltr'><strong>adversus</strong></span> <span class='ocrx_word' id='word_1_206' title='bbox 1154 2050 1327 2126; x_wconf 82' lang='lat' dir='ltr'><strong>sanguinem</strong></span> <span class='ocrx_word' id='word_1_207' title='bbox 1340 2060 1369 2106; x_wconf 86' lang='lat' dir='ltr'><strong>et</strong></span> <span class='ocrx_word' id='word_1_208' title='bbox 1380 2068 1509 2108; x_wconf 86' lang='lat' dir='ltr'><strong>carnem.</strong></span> <span class='ocrx_word' id='word_1_209' title='bbox 1515 2046 1553 2107; x_wconf 87' lang='lat' dir='ltr'><strong>Et</strong></span> <span class='ocrx_word' id='word_1_210' title='bbox 1563 2039 1601 2076; x_wconf 82' lang='lat'><strong>¹²·</strong></span> 
     </span>
    </p>

    <p class='ocr_par' dir='ltr' id='par_1_15' title="bbox 108 2130 1554 2214">
     <span class='ocr_line' id='line_1_19' title="bbox 108 2130 1554 2214; baseline 0.006 -22"><span class='ocrx_word' id='word_1_211' title='bbox 108 2156 131 2193; x_wconf 90' lang='grc' dir='ltr'><strong>τ.</strong></span> <span class='ocrx_word' id='word_1_212' title='bbox 154 2131 212 2193; x_wconf 77' lang='grc' dir='ltr'>Καὶ</span> <span class='ocrx_word' id='word_1_213' title='bbox 227 2134 376 2212; x_wconf 78' lang='grc' dir='ltr'>άριστδισι,</span> <span class='ocrx_word' id='word_1_214' title='bbox 391 2130 436 2191; x_wconf 78' lang='grc' dir='ltr'>καὶ</span> <span class='ocrx_word' id='word_1_215' title='bbox 452 2131 601 2210; x_wconf 77' lang='grc' dir='ltr'>βαδίζουσι,</span> <span class='ocrx_word' id='word_1_216' title='bbox 616 2131 662 2191; x_wconf 82' lang='grc' dir='ltr'>καὶ</span> <span class='ocrx_word' id='word_1_217' title='bbox 680 2135 756 2192; x_wconf 88' lang='grc' dir='ltr'>λουο-</span> <span class='ocrx_word' id='word_1_218' title='bbox 806 2133 1012 2213; x_wconf 89' lang='lat' dir='ltr'><strong>prandentibus,</strong></span> <span class='ocrx_word' id='word_1_219' title='bbox 1023 2149 1053 2208; x_wconf 44' lang='grc' dir='ltr'><strong>αθ,</strong></span> <span class='ocrx_word' id='word_1_220' title='bbox 1059 2135 1274 2214; x_wconf 86' lang='lat' dir='ltr'><strong>ambulantibus,</strong></span> <span class='ocrx_word' id='word_1_221' title='bbox 1280 2137 1468 2199; x_wconf 87' lang='lat' dir='ltr'><strong>etlavantibus</strong></span> <span class='ocrx_word' id='word_1_222' title='bbox 1476 2140 1554 2200; x_wconf 83' lang='lat' dir='ltr'><strong>adest</strong></span> 
     </span>
    </p>

    <p class='ocr_par' dir='ltr' id='par_1_16' title="bbox 108 2216 1552 2307">
     <span class='ocr_line' id='line_1_20' title="bbox 108 2216 1552 2307; baseline 0.003 -23"><span class='ocrx_word' id='word_1_223' title='bbox 108 2224 212 2307; x_wconf 81' lang='grc' dir='ltr'>έρτστιν</span> <span class='ocrx_word' id='word_1_224' title='bbox 222 2229 248 2285; x_wconf 86' lang='grc' dir='ltr'><strong>,θ</strong></span> <span class='ocrx_word' id='word_1_225' title='bbox 260 2226 364 2306; x_wconf 71' lang='grc' dir='ltr'>ἐχθρός.</span> <span class='ocrx_word' id='word_1_226' title='bbox 379 2228 420 2285; x_wconf 74' lang='lat' dir='ltr'><strong>Ob</strong></span> <span class='ocrx_word' id='word_1_227' title='bbox 441 2224 493 2306; x_wconf 74' lang='grc' dir='ltr'>γάρ</span> <span class='ocrx_word' id='word_1_228' title='bbox 514 2216 570 2285; x_wconf 80' lang='grc' dir='ltr'>οἶδε</span> <span class='ocrx_word' id='word_1_229' title='bbox 582 2225 673 2306; x_wconf 81' lang='grc' dir='ltr'>καιρὸν</span> <span class='ocrx_word' id='word_1_230' title='bbox 692 2228 755 2284; x_wconf 84' lang='grc' dir='ltr'>ἀνα·</span> <span class='ocrx_word' id='word_1_231' title='bbox 807 2221 941 2283; x_wconf 79' lang='lat' dir='ltr'><strong>inimicus.</strong></span> <span class='ocrx_word' id='word_1_232' title='bbox 951 2223 1011 2283; x_wconf 90' lang='lat' dir='ltr'><strong>Nou</strong></span> <span class='ocrx_word' id='word_1_233' title='bbox 1025 2224 1102 2284; x_wconf 86' lang='lat' dir='ltr'><strong>novit</strong></span> <span class='ocrx_word' id='word_1_234' title='bbox 1112 2222 1185 2283; x_wconf 87' lang='lat' dir='ltr'><strong>enim</strong></span> <span class='ocrx_word' id='word_1_235' title='bbox 1197 2237 1303 2305; x_wconf 88' lang='lat' dir='ltr'><strong>tempus</strong></span> <span class='ocrx_word' id='word_1_236' title='bbox 1312 2223 1492 2305; x_wconf 89' lang='lat' dir='ltr'><strong>induciarum,</strong></span> <span class='ocrx_word' id='word_1_237' title='bbox 1500 2228 1552 2289; x_wconf 92' lang='lat' dir='ltr'><strong>nisi</strong></span> 
     </span>
    </p>

    <p class='ocr_par' dir='ltr' id='par_1_17' title="bbox 108 2314 1580 2676">
     <span class='ocr_line' id='line_1_21' title="bbox 108 2314 1553 2402; baseline 0.002 -24"><span class='ocrx_word' id='word_1_238' title='bbox 108 2315 179 2396; x_wconf 69' lang='grc' dir='ltr'><strong>άμὴ</strong></span> <span class='ocrx_word' id='word_1_239' title='bbox 197 2316 244 2377; x_wconf 81' lang='grc' dir='ltr'><strong>τὸν</strong></span> <span class='ocrx_word' id='word_1_240' title='bbox 257 2323 304 2377; x_wconf 71' lang='grc' dir='ltr'><strong>ταῦ</strong></span> <span class='ocrx_word' id='word_1_241' title='bbox 319 2315 402 2377; x_wconf 76' lang='grc' dir='ltr'>θπνω</span> <span class='ocrx_word' id='word_1_242' title='bbox 418 2317 512 2395; x_wconf 86' lang='grc' dir='ltr'>μόνον·</span> <span class='ocrx_word' id='word_1_243' title='bbox 526 2317 654 2386; x_wconf 77' lang='grc' dir='ltr'>πολλάκις</span> <span class='ocrx_word' id='word_1_244' title='bbox 667 2315 695 2378; x_wconf 73' lang='grc' dir='ltr'><strong>δὲ</strong></span> <span class='ocrx_word' id='word_1_245' title='bbox 708 2318 755 2379; x_wconf 82' lang='grc' dir='ltr'>καὶ</span> <span class='ocrx_word' id='word_1_246' title='bbox 806 2315 908 2392; x_wconf 87' lang='lat' dir='ltr'><strong>somni;</strong></span> <span class='ocrx_word' id='word_1_247' title='bbox 926 2314 981 2374; x_wconf 91' lang='lat' dir='ltr'><strong>imo</strong></span> <span class='ocrx_word' id='word_1_248' title='bbox 992 2315 1075 2375; x_wconf 84' lang='lat' dir='ltr'><strong>etiam</strong></span> <span class='ocrx_word' id='word_1_249' title='bbox 1093 2329 1158 2375; x_wconf 87' lang='lat' dir='ltr'><strong>tunc</strong></span> <span class='ocrx_word' id='word_1_250' title='bbox 1175 2336 1247 2397; x_wconf 86' lang='lat' dir='ltr'><strong>aaepe</strong></span> <span class='ocrx_word' id='word_1_251' title='bbox 1260 2316 1411 2397; x_wconf 89' lang='lat' dir='ltr'><strong>impugnat,</strong></span> <span class='ocrx_word' id='word_1_252' title='bbox 1424 2333 1451 2378; x_wconf 90' lang='lat' dir='ltr'><strong>et</strong></span> <span class='ocrx_word' id='word_1_253' title='bbox 1463 2319 1553 2402; x_wconf 87' lang='lat' dir='ltr'><strong>impu·</strong></span> 
     </span>
     <span class='ocr_line' id='line_1_22' title="bbox 108 2407 1553 2494; baseline 0.003 -25"><span class='ocrx_word' id='word_1_254' title='bbox 108 2419 182 2489; x_wconf 88' lang='grc' dir='ltr'>ιμαῑ,</span> <span class='ocrx_word' id='word_1_255' title='bbox 197 2409 245 2470; x_wconf 80' lang='grc' dir='ltr'>καὶ</span> <span class='ocrx_word' id='word_1_256' title='bbox 258 2408 400 2488; x_wconf 70' lang='grc' dir='ltr'>λογισμοὺς</span> <span class='ocrx_word' id='word_1_257' title='bbox 413 2408 555 2488; x_wconf 78' lang='grc' dir='ltr'>έμθαλλων</span> <span class='ocrx_word' id='word_1_258' title='bbox 574 2410 754 2494; x_wconf 80' lang='grc' dir='ltr'>ἀκαθάρτους,</span> <span class='ocrx_word' id='word_1_259' title='bbox 772 2430 791 2479; x_wconf 82' lang='lat' dir='ltr'><strong>c</strong></span> <span class='ocrx_word' id='word_1_260' title='bbox 805 2428 849 2466; x_wconf 87' lang='lat' dir='ltr'><strong>ras</strong></span> <span class='ocrx_word' id='word_1_261' title='bbox 861 2407 984 2468; x_wconf 87' lang='lat' dir='ltr'><strong>immittit</strong></span> <span class='ocrx_word' id='word_1_262' title='bbox 996 2407 1182 2488; x_wconf 86' lang='lat' dir='ltr'><strong>cogitationes,</strong></span> <span class='ocrx_word' id='word_1_263' title='bbox 1193 2422 1274 2488; x_wconf 88' lang='lat' dir='ltr'><strong>atque</strong></span> <span class='ocrx_word' id='word_1_264' title='bbox 1282 2430 1298 2468; x_wconf 91' lang='lat' dir='ltr'><strong>a</strong></span> <span class='ocrx_word' id='word_1_265' title='bbox 1307 2408 1420 2470; x_wconf 91' lang='lat' dir='ltr'><strong>somniis</strong></span> <span class='ocrx_word' id='word_1_266' title='bbox 1426 2410 1553 2474; x_wconf 86' lang='lat' dir='ltr'><strong>lascivio-</strong></span> 
     </span>
     <span class='ocr_line' id='line_1_23' title="bbox 108 2499 1580 2585; baseline 0.004 -25"><span class='ocrx_word' id='word_1_267' title='bbox 108 2506 243 2583; x_wconf 77' lang='grc' dir='ltr'>γεστέρυνς</span> <span class='ocrx_word' id='word_1_268' title='bbox 261 2503 315 2562; x_wconf 80' lang='grc' dir='ltr'><strong>άπὸ</strong></span> <span class='ocrx_word' id='word_1_269' title='bbox 328 2505 381 2561; x_wconf 83' lang='grc' dir='ltr'><strong>τῶν</strong></span> <span class='ocrx_word' id='word_1_270' title='bbox 405 2500 547 2581; x_wconf 85' lang='grc' dir='ltr'>ὀνειράτων</span> <span class='ocrx_word' id='word_1_271' title='bbox 567 2500 750 2583; x_wconf 78' lang='grc' dir='ltr'>ἐργαζόμενος.</span> <span class='ocrx_word' id='word_1_272' title='bbox 804 2520 846 2558; x_wconf 91' lang='lat' dir='ltr'><strong>res</strong></span> <span class='ocrx_word' id='word_1_273' title='bbox 857 2499 952 2560; x_wconf 86' lang='lat' dir='ltr'><strong>efficit.</strong></span> <span class='ocrx_word' id='word_1_274' title='bbox 965 2503 1021 2561; x_wconf 86' lang='lat' dir='ltr'><strong>Nos</strong></span> <span class='ocrx_word' id='word_1_275' title='bbox 1031 2515 1120 2560; x_wconf 90' lang='lat' dir='ltr'><strong>autem</strong></span> <span class='ocrx_word' id='word_1_276' title='bbox 1132 2500 1209 2581; x_wconf 86' lang='lat' dir='ltr'><strong>quasi</strong></span> <span class='ocrx_word' id='word_1_277' title='bbox 1222 2523 1309 2584; x_wconf 87' lang='lat' dir='ltr'><strong>parva</strong></span> <span class='ocrx_word' id='word_1_278' title='bbox 1322 2523 1364 2561; x_wconf 91' lang='lat' dir='ltr'><strong>res</strong></span> <span class='ocrx_word' id='word_1_279' title='bbox 1377 2503 1423 2581; x_wconf 91' lang='lat' dir='ltr'><strong>sit,</strong></span> <span class='ocrx_word' id='word_1_280' title='bbox 1439 2525 1552 2585; x_wconf 82' lang='lat' dir='ltr'><strong>proque</strong></span> <span class='ocrx_word' id='word_1_281' title='bbox 1574 2544 1580 2551; x_wconf 94' lang='lat'><em>-</em></span> 
     </span>
     <span class='ocr_line' id='line_1_24' title="bbox 108 2591 1550 2676; baseline 0.001 -22"><span class='ocrx_word' id='word_1_282' title='bbox 108 2596 164 2662; x_wconf 73' lang='grc' dir='ltr'>ιὸς</span> <span class='ocrx_word' id='word_1_283' title='bbox 173 2593 239 2674; x_wconf 78' lang='grc' dir='ltr'>περὶ</span> <span class='ocrx_word' id='word_1_284' title='bbox 253 2597 350 2673; x_wconf 84' lang='grc' dir='ltr'>μικροῦ</span> <span class='ocrx_word' id='word_1_285' title='bbox 362 2592 578 2672; x_wconf 80' lang='grc' dir='ltr'>τοῦπράγματος</span> <span class='ocrx_word' id='word_1_286' title='bbox 593 2592 754 2676; x_wconf 76' lang='grc' dir='ltr'>δντος,θπὲρ</span> <span class='ocrx_word' id='word_1_287' title='bbox 804 2591 862 2672; x_wconf 89' lang='lat' dir='ltr'><strong>ipse</strong></span> <span class='ocrx_word' id='word_1_288' title='bbox 881 2605 993 2672; x_wconf 86' lang='lat' dir='ltr'><strong>pugnat,</strong></span> <span class='ocrx_word' id='word_1_289' title='bbox 1007 2613 1062 2652; x_wconf 92' lang='lat' dir='ltr'><strong>non</strong></span> <span class='ocrx_word' id='word_1_290' title='bbox 1079 2593 1164 2652; x_wconf 82' lang='lat' dir='ltr'><strong>sobrii</strong></span> <span class='ocrx_word' id='word_1_291' title='bbox 1181 2614 1285 2669; x_wconf 89' lang='lat' dir='ltr'><strong>sumus,</strong></span> <span class='ocrx_word' id='word_1_292' title='bbox 1299 2614 1386 2672; x_wconf 87' lang='lat' dir='ltr'><strong>neque</strong></span> <span class='ocrx_word' id='word_1_293' title='bbox 1403 2595 1550 2675; x_wconf 77' lang='lat' dir='ltr'><strong>surgimus,</strong></span> 
     </span>
    </p>

    <p class='ocr_par' dir='ltr' id='par_1_18' title="bbox 108 2683 1551 2766">
     <span class='ocr_line' id='line_1_25' title="bbox 108 2683 1551 2766; baseline 0.001 -20"><span class='ocrx_word' id='word_1_294' title='bbox 108 2710 114 2756; x_wconf 78' lang='grc' dir='ltr'>ς</span> <span class='ocrx_word' id='word_1_295' title='bbox 131 2688 251 2764; x_wconf 76' lang='grc' dir='ltr'>πολεμεῖ</span> <span class='ocrx_word' id='word_1_296' title='bbox 262 2731 270 2760; x_wconf 89' lang='grc'>,</span> <span class='ocrx_word' id='word_1_297' title='bbox 282 2685 452 2766; x_wconf 69' lang='grc' dir='ltr'>ολνήρομεν,</span> <span class='ocrx_word' id='word_1_298' title='bbox 466 2683 526 2745; x_wconf 81' lang='grc' dir='ltr'>οὐδὲ</span> <span class='ocrx_word' id='word_1_299' title='bbox 545 2685 752 2765; x_wconf 88' lang='grc' dir='ltr'>διανιστάμεθα,</span> <span class='ocrx_word' id='word_1_300' title='bbox 804 2704 889 2763; x_wconf 90' lang='lat' dir='ltr'><strong>neque</strong></span> <span class='ocrx_word' id='word_1_301' title='bbox 900 2683 1060 2766; x_wconf 81' lang='lat' dir='ltr'><strong>respicimus</strong></span> <span class='ocrx_word' id='word_1_302' title='bbox 1068 2684 1272 2745; x_wconf 90' lang='lat' dir='ltr'><strong>multitudinem</strong></span> <span class='ocrx_word' id='word_1_303' title='bbox 1280 2684 1494 2765; x_wconf 74' lang='lat' dir='ltr'><strong>adversariarum</strong></span> <span class='ocrx_word' id='word_1_304' title='bbox 1503 2708 1551 2748; x_wconf 93' lang='lat' dir='ltr'><strong>no-</strong></span> 
     </span>
    </p>

    <p class='ocr_par' dir='ltr' id='par_1_19' title="bbox 108 2775 1550 2859">
     <span class='ocr_line' id='line_1_26' title="bbox 108 2775 1550 2859; baseline 0.004 -24"><span class='ocrx_word' id='word_1_305' title='bbox 108 2800 181 2857; x_wconf 80' lang='grc' dir='ltr'>ομεν</span> <span class='ocrx_word' id='word_1_306' title='bbox 192 2777 273 2845; x_wconf 61' lang='lat' dir='ltr'><strong>strab</strong></span> <span class='ocrx_word' id='word_1_307' title='bbox 291 2779 393 2848; x_wconf 76' lang='grc' dir='ltr'>πλῆθος</span> <span class='ocrx_word' id='word_1_308' title='bbox 412 2780 466 2836; x_wconf 83' lang='grc' dir='ltr'><strong>τῶν</strong></span> <span class='ocrx_word' id='word_1_309' title='bbox 481 2775 670 2855; x_wconf 82' lang='grc' dir='ltr'>ἀντικειμένων</span> <span class='ocrx_word' id='word_1_310' title='bbox 690 2782 754 2857; x_wconf 78' lang='grc' dir='ltr'>ἡμῖν</span> <span class='ocrx_word' id='word_1_311' title='bbox 803 2776 1093 2857; x_wconf 84' lang='lat' dir='ltr'><strong>bispotestatum;non</strong></span> <span class='ocrx_word' id='word_1_312' title='bbox 1103 2777 1252 2858; x_wconf 86' lang='lat' dir='ltr'><strong>cogitamus</strong></span> <span class='ocrx_word' id='word_1_313' title='bbox 1260 2778 1312 2837; x_wconf 89' lang='lat' dir='ltr'><strong>boc</strong></span> <span class='ocrx_word' id='word_1_314' title='bbox 1323 2777 1414 2859; x_wconf 91' lang='lat' dir='ltr'><strong>ipsum</strong></span> <span class='ocrx_word' id='word_1_315' title='bbox 1423 2779 1550 2841; x_wconf 78' lang='lat' dir='ltr'><strong>maxima</strong></span> 
     </span>
    </p>

    <p class='ocr_par' dir='ltr' id='par_1_20' title="bbox 108 2866 1550 2952">
     <span class='ocr_line' id='line_1_27' title="bbox 108 2866 1550 2952; baseline 0.006 -29"><span class='ocrx_word' id='word_1_316' title='bbox 108 2892 127 2923; x_wconf 84' lang='lat' dir='ltr'><strong>t·</strong></span> <span class='ocrx_word' id='word_1_317' title='bbox 140 2869 192 2929; x_wconf 76' lang='grc' dir='ltr'><strong>ὠκ</strong></span> <span class='ocrx_word' id='word_1_318' title='bbox 206 2871 354 2945; x_wconf 75' lang='grc' dir='ltr'>ἐννοῶμεν,</span> <span class='ocrx_word' id='word_1_319' title='bbox 377 2866 418 2926; x_wconf 70' lang='grc' dir='ltr'><strong>δτι</strong></span> <span class='ocrx_word' id='word_1_320' title='bbox 435 2873 512 2928; x_wconf 75' lang='grc' dir='ltr'>τοῦτο</span> <span class='ocrx_word' id='word_1_321' title='bbox 524 2868 652 2940; x_wconf 82' lang='grc' dir='ltr'>αὐτὸτῆς</span> <span class='ocrx_word' id='word_1_322' title='bbox 676 2868 753 2947; x_wconf 81' lang='grc' dir='ltr'>μεγέ-</span> <span class='ocrx_word' id='word_1_323' title='bbox 804 2867 968 2929; x_wconf 80' lang='lat' dir='ltr'><strong>infelicitatis</strong></span> <span class='ocrx_word' id='word_1_324' title='bbox 980 2891 1055 2949; x_wconf 68' lang='grc' dir='ltr'>στοας</span> <span class='ocrx_word' id='word_1_325' title='bbox 1070 2869 1120 2930; x_wconf 89' lang='lat' dir='ltr'><strong>sed</strong></span> <span class='ocrx_word' id='word_1_326' title='bbox 1132 2883 1170 2930; x_wconf 92' lang='lat' dir='ltr'><strong>tot</strong></span> <span class='ocrx_word' id='word_1_327' title='bbox 1183 2869 1302 2930; x_wconf 85' lang='lat' dir='ltr'><strong>conclusi</strong></span> <span class='ocrx_word' id='word_1_328' title='bbox 1315 2869 1405 2947; x_wconf 90' lang='lat' dir='ltr'><strong>bellis,</strong></span> <span class='ocrx_word' id='word_1_329' title='bbox 1416 2892 1449 2930; x_wconf 88' lang='lat' dir='ltr'><strong>ac</strong></span> <span class='ocrx_word' id='word_1_330' title='bbox 1459 2870 1481 2929; x_wconf 92' lang='lat' dir='ltr'><strong>si</strong></span> <span class='ocrx_word' id='word_1_331' title='bbox 1494 2894 1550 2952; x_wconf 83' lang='lat' dir='ltr'><strong>pax</strong></span> 
     </span>
    </p>

    <p class='ocr_par' dir='ltr' id='par_1_21' title="bbox 108 2959 1549 3046">
     <span class='ocr_line' id='line_1_28' title="bbox 108 2959 1549 3046; baseline 0.002 -25"><span class='ocrx_word' id='word_1_332' title='bbox 108 2961 221 3046; x_wconf 80' lang='grc' dir='ltr'>τραγέας</span> <span class='ocrx_word' id='word_1_333' title='bbox 233 2960 307 3021; x_wconf 74' lang='grc' dir='ltr'>ἐστίν</span> <span class='ocrx_word' id='word_1_334' title='bbox 318 2984 325 2999; x_wconf 91' lang='grc'><strong><em>·</em></strong></span> <span class='ocrx_word' id='word_1_335' title='bbox 336 2962 395 3021; x_wconf 76' lang='grc' dir='ltr'>ἀλλ’</span> <span class='ocrx_word' id='word_1_336' title='bbox 406 2960 459 3020; x_wconf 76' lang='grc' dir='ltr'>ὑπὸ</span> <span class='ocrx_word' id='word_1_337' title='bbox 468 2959 598 3021; x_wconf 83' lang='grc' dir='ltr'>τοσούτων</span> <span class='ocrx_word' id='word_1_338' title='bbox 609 2959 754 3039; x_wconf 80' lang='grc' dir='ltr'>κυκλούμε·</span> <span class='ocrx_word' id='word_1_339' title='bbox 803 2974 871 3020; x_wconf 89' lang='lat' dir='ltr'><strong>esset</strong></span> <span class='ocrx_word' id='word_1_340' title='bbox 885 2959 1054 3023; x_wconf 77' lang='lat' dir='ltr'><strong>deliciamur.</strong></span> <span class='ocrx_word' id='word_1_341' title='bbox 1067 2961 1175 3022; x_wconf 85' lang='lat' dir='ltr'><strong>Credite</strong></span> <span class='ocrx_word' id='word_1_342' title='bbox 1185 2962 1265 3040; x_wconf 90' lang='lat' dir='ltr'><strong>mibi,</strong></span> <span class='ocrx_word' id='word_1_343' title='bbox 1278 2962 1402 3044; x_wconf 81' lang='lat' dir='ltr'><strong>gravium</strong></span> <span class='ocrx_word' id='word_1_344' title='bbox 1413 2985 1485 3024; x_wconf 90' lang='lat' dir='ltr'><strong>nune</strong></span> <span class='ocrx_word' id='word_1_345' title='bbox 1495 2963 1549 3024; x_wconf 93' lang='lat' dir='ltr'><strong>ad-</strong></span> 
     </span>
    </p>

    <p class='ocr_par' dir='ltr' id='par_1_22' title="bbox 108 3054 1551 3229">
     <span class='ocr_line' id='line_1_29' title="bbox 108 3054 1549 3137; baseline 0.001 -21"><span class='ocrx_word' id='word_1_346' title='bbox 108 3078 168 3130; x_wconf 75' lang='lat' dir='ltr'><strong>nm,</strong></span> <span class='ocrx_word' id='word_1_347' title='bbox 191 3059 229 3123; x_wconf 77' lang='grc' dir='ltr'>ὡς</span> <span class='ocrx_word' id='word_1_348' title='bbox 249 3057 277 3114; x_wconf 83' lang='grc' dir='ltr'><strong>έν</strong></span> <span class='ocrx_word' id='word_1_349' title='bbox 296 3055 387 3135; x_wconf 76' lang='grc' dir='ltr'>εἰρήνη</span> <span class='ocrx_word' id='word_1_350' title='bbox 411 3057 563 3135; x_wconf 68' lang='grc' dir='ltr'>τρυγῶμεν.</span> <span class='ocrx_word' id='word_1_351' title='bbox 587 3054 754 3116; x_wconf 79' lang='grc' dir='ltr'>Πιστεύσατέ</span> <span class='ocrx_word' id='word_1_352' title='bbox 804 3069 876 3129; x_wconf 92' lang='lat' dir='ltr'><strong>sunt,</strong></span> <span class='ocrx_word' id='word_1_353' title='bbox 886 3075 1035 3134; x_wconf 80' lang='lat' dir='ltr'><strong>quamque</strong></span> <span class='ocrx_word' id='word_1_354' title='bbox 1049 3057 1153 3115; x_wconf 84' lang='lat' dir='ltr'><strong>Paulus</strong></span> <span class='ocrx_word' id='word_1_355' title='bbox 1162 3076 1257 3137; x_wconf 88' lang='lat' dir='ltr'><strong>passus</strong></span> <span class='ocrx_word' id='word_1_356' title='bbox 1270 3069 1319 3116; x_wconf 90' lang='lat' dir='ltr'><strong>est.</strong></span> <span class='ocrx_word' id='word_1_357' title='bbox 1328 3056 1408 3116; x_wconf 88' lang='lat' dir='ltr'><strong>Tunc</strong></span> <span class='ocrx_word' id='word_1_358' title='bbox 1419 3056 1499 3116; x_wconf 90' lang='lat' dir='ltr'><strong>illum</strong></span> <span class='ocrx_word' id='word_1_359' title='bbox 1509 3057 1549 3117; x_wconf 93' lang='lat' dir='ltr'><strong>la-</strong></span> 
     </span>
     <span class='ocr_line' id='line_1_30' title="bbox 108 3144 1551 3229; baseline -0.001 -19"><span class='ocrx_word' id='word_1_360' title='bbox 108 3150 213 3216; x_wconf 72' lang='lat' dir='ltr'><strong>llo&#39;s’boe</strong></span> <span class='ocrx_word' id='word_1_361' title='bbox 223 3147 305 3208; x_wconf 76' lang='grc' dir='ltr'>ἔπαθε</span> <span class='ocrx_word' id='word_1_362' title='bbox 315 3146 491 3228; x_wconf 76' lang='grc' dir='ltr'>χαλεπώτερα</span> <span class='ocrx_word' id='word_1_363' title='bbox 508 3146 564 3208; x_wconf 80' lang='grc' dir='ltr'>ἔστι</span> <span class='ocrx_word' id='word_1_364' title='bbox 586 3152 679 3207; x_wconf 87' lang='grc' dir='ltr'>παθεῖν</span> <span class='ocrx_word' id='word_1_365' title='bbox 699 3154 751 3208; x_wconf 78' lang='grc' dir='ltr'>νῦν.</span> <span class='ocrx_word' id='word_1_366' title='bbox 803 3144 916 3225; x_wconf 89' lang='lat' dir='ltr'><strong>pidibus</strong></span> <span class='ocrx_word' id='word_1_367' title='bbox 925 3145 1113 3228; x_wconf 80' lang='lat' dir='ltr'><strong>impetierunt3</strong></span> <span class='ocrx_word' id='word_1_368' title='bbox 1125 3168 1198 3207; x_wconf 91' lang='lat' dir='ltr'><strong>nune</strong></span> <span class='ocrx_word' id='word_1_369' title='bbox 1208 3147 1298 3208; x_wconf 85' lang='lat' dir='ltr'><strong>verbis</strong></span> <span class='ocrx_word' id='word_1_370' title='bbox 1312 3147 1480 3229; x_wconf 86' lang='lat' dir='ltr'><strong>impetimur,</strong></span> <span class='ocrx_word' id='word_1_371' title='bbox 1490 3170 1551 3229; x_wconf 83' lang='lat' dir='ltr'><strong>quae</strong></span> 
     </span>
    </p>

    <p class='ocr_par' dir='ltr' id='par_1_23' title="bbox 120 3235 1549 3321">
     <span class='ocr_line' id='line_1_31' title="bbox 120 3235 1549 3321; baseline -0.002 -18"><span class='ocrx_word' id='word_1_372' title='bbox 120 3243 203 3303; x_wconf 73' lang='grc' dir='ltr'>αὐτὸν</span> <span class='ocrx_word' id='word_1_373' title='bbox 216 3240 277 3301; x_wconf 75' lang='grc' dir='ltr'>τότε</span> <span class='ocrx_word' id='word_1_374' title='bbox 286 3241 368 3308; x_wconf 82' lang='grc' dir='ltr'>λίθοις</span> <span class='ocrx_word' id='word_1_375' title='bbox 379 3244 488 3300; x_wconf 84' lang='grc' dir='ltr'>ἐκεῖνοι·</span> <span class='ocrx_word' id='word_1_376' title='bbox 501 3239 557 3299; x_wconf 79' lang='grc' dir='ltr'>ἔστι</span> <span class='ocrx_word' id='word_1_377' title='bbox 570 3240 670 3320; x_wconf 78' lang='grc' dir='ltr'>ῥήμασι</span> <span class='ocrx_word' id='word_1_378' title='bbox 685 3240 752 3321; x_wconf 88' lang='grc' dir='ltr'>βάλ-</span> <span class='ocrx_word' id='word_1_379' title='bbox 803 3235 942 3319; x_wconf 89' lang='lat' dir='ltr'><strong>lapidibus</strong></span> <span class='ocrx_word' id='word_1_380' title='bbox 951 3238 1077 3318; x_wconf 84' lang='lat' dir='ltr'><strong>graviora</strong></span> <span class='ocrx_word' id='word_1_381' title='bbox 1088 3252 1160 3299; x_wconf 92' lang='lat' dir='ltr'><strong>sunt.</strong></span> <span class='ocrx_word' id='word_1_382' title='bbox 1171 3237 1247 3312; x_wconf 91' lang='lat' dir='ltr'><strong>Quid</strong></span> <span class='ocrx_word' id='word_1_383' title='bbox 1258 3259 1322 3319; x_wconf 91' lang='lat' dir='ltr'><strong>ergo</strong></span> <span class='ocrx_word' id='word_1_384' title='bbox 1332 3240 1404 3299; x_wconf 83' lang='lat' dir='ltr'><strong>iactu</strong></span> <span class='ocrx_word' id='word_1_385' title='bbox 1418 3240 1504 3321; x_wconf 81' lang='lat' dir='ltr'><strong>opus?</strong></span> <span class='ocrx_word' id='word_1_386' title='bbox 1516 3241 1549 3301; x_wconf 94' lang='lat' dir='ltr'><strong>ld</strong></span> 
     </span>
    </p>

    <p class='ocr_par' dir='ltr' id='par_1_24' title="bbox 108 3323 1549 3414">
     <span class='ocr_line' id='line_1_32' title="bbox 108 3323 1549 3414; baseline 0 -20"><span class='ocrx_word' id='word_1_387' title='bbox 108 3333 176 3394; x_wconf 66' lang='lat' dir='ltr'><strong>isin</strong></span> <span class='ocrx_word' id='word_1_388' title='bbox 185 3333 268 3394; x_wconf 84' lang='grc' dir='ltr'>λίθων</span> <span class='ocrx_word' id='word_1_389' title='bbox 280 3332 488 3414; x_wconf 81' lang='grc' dir='ltr'>χαλεπωτέροις.</span> <span class='ocrx_word' id='word_1_390' title='bbox 498 3331 535 3391; x_wconf 90' lang='lat' dir='ltr'><strong>Tl</strong></span> <span class='ocrx_word' id='word_1_391' title='bbox 545 3323 589 3391; x_wconf 71' lang='lat' dir='ltr'><strong>ode</strong></span> <span class='ocrx_word' id='word_1_392' title='bbox 604 3334 642 3393; x_wconf 86' lang='grc' dir='ltr'>δεῖ</span> <span class='ocrx_word' id='word_1_393' title='bbox 652 3342 750 3408; x_wconf 65' lang='lat' dir='ltr'><strong>moretm</strong></span> <span class='ocrx_word' id='word_1_394' title='bbox 803 3330 877 3410; x_wconf 90' lang='lat' dir='ltr'><strong>quod</strong></span> <span class='ocrx_word' id='word_1_395' title='bbox 895 3330 943 3391; x_wconf 90' lang='lat' dir='ltr'><strong>ille</strong></span> <span class='ocrx_word' id='word_1_396' title='bbox 963 3331 1027 3391; x_wconf 86' lang='lat' dir='ltr'><strong>iecit</strong></span> <span class='ocrx_word' id='word_1_397' title='bbox 1042 3356 1049 3390; x_wconf 91' lang='lat'>:</span> <span class='ocrx_word' id='word_1_398' title='bbox 1066 3331 1216 3414; x_wconf 86' lang='lat' dir='ltr'><strong>lapidantes</strong></span> <span class='ocrx_word' id='word_1_399' title='bbox 1230 3332 1302 3391; x_wconf 88' lang='lat' dir='ltr'><strong>enim</strong></span> <span class='ocrx_word' id='word_1_400' title='bbox 1315 3354 1344 3392; x_wconf 90' lang='lat' dir='ltr'><strong>se</strong></span> <span class='ocrx_word' id='word_1_401' title='bbox 1356 3332 1418 3393; x_wconf 90' lang='lat' dir='ltr'><strong>odio</strong></span> <span class='ocrx_word' id='word_1_402' title='bbox 1432 3354 1486 3394; x_wconf 91' lang='lat' dir='ltr'><strong>non</strong></span> <span class='ocrx_word' id='word_1_403' title='bbox 1501 3334 1549 3393; x_wconf 82' lang='lat' dir='ltr'><strong>lra-</strong></span> 
     </span>
    </p>

    <p class='ocr_par' dir='ltr' id='par_1_25' title="bbox 108 3422 1549 3967">
     <span class='ocr_line' id='line_1_33' title="bbox 108 3422 1549 3506; baseline -0.002 -20"><span class='ocrx_word' id='word_1_404' title='bbox 108 3436 177 3495; x_wconf 80' lang='grc' dir='ltr'>εἶνος</span> <span class='ocrx_word' id='word_1_405' title='bbox 190 3424 320 3498; x_wconf 76' lang='grc' dir='ltr'>ἐποίησε·</span> <span class='ocrx_word' id='word_1_406' title='bbox 334 3424 394 3493; x_wconf 78' lang='grc' dir='ltr'>τοὺς</span> <span class='ocrx_word' id='word_1_407' title='bbox 413 3425 557 3505; x_wconf 87' lang='grc' dir='ltr'>βάλλοντας</span> <span class='ocrx_word' id='word_1_408' title='bbox 569 3424 622 3506; x_wconf 78' lang='grc' dir='ltr'><strong>γὰρ</strong></span> <span class='ocrx_word' id='word_1_409' title='bbox 637 3430 684 3486; x_wconf 84' lang='grc' dir='ltr'>οὐκ</span> <span class='ocrx_word' id='word_1_410' title='bbox 693 3426 751 3506; x_wconf 82' lang='grc' dir='ltr'>έμί·</span> <span class='ocrx_word' id='word_1_411' title='bbox 768 3442 788 3489; x_wconf 84' lang='grc' dir='ltr'>ι)</span> <span class='ocrx_word' id='word_1_412' title='bbox 802 3422 878 3501; x_wconf 70' lang='lat' dir='ltr'><strong>buit,</strong></span> <span class='ocrx_word' id='word_1_413' title='bbox 891 3422 936 3482; x_wconf 90' lang='lat' dir='ltr'><strong>sed</strong></span> <span class='ocrx_word' id='word_1_414' title='bbox 951 3437 1094 3503; x_wconf 86' lang='lat' dir='ltr'><strong>postquam</strong></span> <span class='ocrx_word' id='word_1_415' title='bbox 1107 3423 1187 3482; x_wconf 88' lang='lat' dir='ltr'><strong>illum</strong></span> <span class='ocrx_word' id='word_1_416' title='bbox 1199 3436 1348 3501; x_wconf 84' lang='lat' dir='ltr'><strong>traxerant,</strong></span> <span class='ocrx_word' id='word_1_417' title='bbox 1360 3445 1496 3506; x_wconf 82' lang='lat' dir='ltr'><strong>regressus</strong></span> <span class='ocrx_word' id='word_1_418' title='bbox 1509 3439 1549 3485; x_wconf 90' lang='lat' dir='ltr'><strong>est</strong></span> 
     </span>
     <span class='ocr_line' id='line_1_34' title="bbox 108 3514 1549 3600; baseline 0 -23"><span class='ocrx_word' id='word_1_419' title='bbox 108 3517 158 3578; x_wconf 73' lang='lat' dir='ltr'><strong>tta</strong></span> <span class='ocrx_word' id='word_1_420' title='bbox 179 3517 320 3600; x_wconf 86' lang='grc' dir='ltr'>ουράντων</span> <span class='ocrx_word' id='word_1_421' title='bbox 334 3516 412 3576; x_wconf 76' lang='grc' dir='ltr'>αὐτὸν</span> <span class='ocrx_word' id='word_1_422' title='bbox 427 3519 532 3588; x_wconf 70' lang='grc' dir='ltr'>εἰσῆλθε</span> <span class='ocrx_word' id='word_1_423' title='bbox 552 3516 631 3576; x_wconf 88' lang='grc' dir='ltr'>πάλιν</span> <span class='ocrx_word' id='word_1_424' title='bbox 646 3520 682 3586; x_wconf 82' lang='grc' dir='ltr'><strong>εἰς</strong></span> <span class='ocrx_word' id='word_1_425' title='bbox 702 3518 749 3591; x_wconf 80' lang='grc' dir='ltr'><strong>τλν</strong></span> <span class='ocrx_word' id='word_1_426' title='bbox 803 3515 831 3574; x_wconf 93' lang='lat' dir='ltr'><strong>in</strong></span> <span class='ocrx_word' id='word_1_427' title='bbox 855 3514 1007 3588; x_wconf 85' lang='lat' dir='ltr'><strong>civitatem,</strong></span> <span class='ocrx_word' id='word_1_428' title='bbox 1027 3514 1214 3576; x_wconf 77' lang='lat' dir='ltr'><strong>benefacturus</strong></span> <span class='ocrx_word' id='word_1_429' title='bbox 1235 3515 1278 3591; x_wconf 91' lang='lat' dir='ltr'><strong>iis,</strong></span> <span class='ocrx_word' id='word_1_430' title='bbox 1297 3515 1345 3596; x_wconf 87' lang='lat' dir='ltr'><strong>qui</strong></span> <span class='ocrx_word' id='word_1_431' title='bbox 1366 3538 1395 3576; x_wconf 89' lang='lat' dir='ltr'><strong>se</strong></span> <span class='ocrx_word' id='word_1_432' title='bbox 1416 3518 1454 3578; x_wconf 90' lang='lat' dir='ltr'><strong>ita</strong></span> <span class='ocrx_word' id='word_1_433' title='bbox 1475 3518 1549 3577; x_wconf 74' lang='lat' dir='ltr'><strong>laese-</strong></span> 
     </span>
     <span class='ocr_line' id='line_1_35' title="bbox 108 3603 1548 3691; baseline -0.003 -20"><span class='ocrx_word' id='word_1_434' title='bbox 108 3609 257 3691; x_wconf 75' lang='grc' dir='ltr'>ιργιτήσων</span> <span class='ocrx_word' id='word_1_435' title='bbox 272 3608 333 3677; x_wconf 73' lang='grc' dir='ltr'>τοὺς</span> <span class='ocrx_word' id='word_1_436' title='bbox 351 3607 386 3668; x_wconf 75' lang='grc' dir='ltr'><strong>τά</strong></span> <span class='ocrx_word' id='word_1_437' title='bbox 399 3615 510 3669; x_wconf 80' lang='grc' dir='ltr'>τοιαῦτα</span> <span class='ocrx_word' id='word_1_438' title='bbox 523 3608 691 3681; x_wconf 80' lang='grc' dir='ltr'>ἠδικηκάτας.</span> <span class='ocrx_word' id='word_1_439' title='bbox 704 3608 752 3670; x_wconf 85' lang='grc' dir='ltr'><strong>Ἂν</strong></span> <span class='ocrx_word' id='word_1_440' title='bbox 801 3617 871 3663; x_wconf 83' lang='lat' dir='ltr'><strong>rant.</strong></span> <span class='ocrx_word' id='word_1_441' title='bbox 893 3603 925 3664; x_wconf 87' lang='lat' dir='ltr'><strong>si</strong></span> <span class='ocrx_word' id='word_1_442' title='bbox 948 3616 978 3662; x_wconf 91' lang='lat' dir='ltr'><strong>tu</strong></span> <span class='ocrx_word' id='word_1_443' title='bbox 1002 3624 1108 3683; x_wconf 90' lang='lat' dir='ltr'><strong>quoque</strong></span> <span class='ocrx_word' id='word_1_444' title='bbox 1130 3604 1352 3664; x_wconf 90' lang='lat' dir='ltr'><strong>contumeliosum</strong></span> <span class='ocrx_word' id='word_1_445' title='bbox 1376 3620 1402 3666; x_wconf 93' lang='lat' dir='ltr'><strong>et</strong></span> <span class='ocrx_word' id='word_1_446' title='bbox 1429 3621 1454 3666; x_wconf 90' lang='lat' dir='ltr'><strong>te</strong></span> <span class='ocrx_word' id='word_1_447' title='bbox 1475 3606 1548 3686; x_wconf 89' lang='lat' dir='ltr'><strong>iuju-</strong></span> 
     </span>
     <span class='ocr_line' id='line_1_36' title="bbox 108 3694 1547 3783; baseline -0.003 -21"><span class='ocrx_word' id='word_1_448' title='bbox 108 3703 139 3762; x_wconf 78' lang='lat' dir='ltr'><strong>ul</strong></span> <span class='ocrx_word' id='word_1_449' title='bbox 150 3701 184 3763; x_wconf 78' lang='lat' dir='ltr'><strong>ab</strong></span> <span class='ocrx_word' id='word_1_450' title='bbox 197 3701 243 3762; x_wconf 82' lang='grc' dir='ltr'><strong>τδν</strong></span> <span class='ocrx_word' id='word_1_451' title='bbox 260 3700 388 3783; x_wconf 71' lang='grc' dir='ltr'>ὑδριστλν</span> <span class='ocrx_word' id='word_1_452' title='bbox 401 3702 446 3762; x_wconf 88' lang='grc' dir='ltr'><strong>τὸν</strong></span> <span class='ocrx_word' id='word_1_453' title='bbox 467 3699 577 3781; x_wconf 76' lang='grc' dir='ltr'>τραχὺν,</span> <span class='ocrx_word' id='word_1_454' title='bbox 590 3701 635 3761; x_wconf 79' lang='grc' dir='ltr'><strong>τὸν</strong></span> <span class='ocrx_word' id='word_1_455' title='bbox 653 3700 751 3770; x_wconf 83' lang='grc' dir='ltr'>ἀδίκως</span> <span class='ocrx_word' id='word_1_456' title='bbox 802 3709 842 3755; x_wconf 84' lang='lat' dir='ltr'><strong>ste</strong></span> <span class='ocrx_word' id='word_1_457' title='bbox 861 3694 1003 3755; x_wconf 78' lang='lat' dir='ltr'><strong>ladanum</strong></span> <span class='ocrx_word' id='word_1_458' title='bbox 1023 3695 1130 3771; x_wconf 89' lang='lat' dir='ltr'><strong>tuleris,</strong></span> <span class='ocrx_word' id='word_1_459' title='bbox 1150 3695 1288 3777; x_wconf 82' lang='lat' dir='ltr'><strong>lapidatus</strong></span> <span class='ocrx_word' id='word_1_460' title='bbox 1312 3719 1369 3757; x_wconf 82' lang='lat' dir='ltr'><strong>esse</strong></span> <span class='ocrx_word' id='word_1_461' title='bbox 1387 3698 1444 3757; x_wconf 88' lang='lat' dir='ltr'><strong>dici</strong></span> <span class='ocrx_word' id='word_1_462' title='bbox 1464 3712 1547 3779; x_wconf 78' lang='lat' dir='ltr'><strong>potes.</strong></span> 
     </span>
     <span class='ocr_line' id='line_1_37' title="bbox 108 3787 1549 3877; baseline -0.003 -23"><span class='ocrx_word' id='word_1_463' title='bbox 108 3795 196 3875; x_wconf 79' lang='grc' dir='ltr'>έμενον</span> <span class='ocrx_word' id='word_1_464' title='bbox 209 3801 307 3868; x_wconf 82' lang='grc' dir='ltr'>ταῦτα,</span> <span class='ocrx_word' id='word_1_465' title='bbox 323 3792 570 3865; x_wconf 81' lang='grc' dir='ltr'>έλιθοὶσθηςκαθσά.</span> <span class='ocrx_word' id='word_1_466' title='bbox 586 3793 632 3867; x_wconf 80' lang='grc' dir='ltr'><strong>Μὴ</strong></span> <span class='ocrx_word' id='word_1_467' title='bbox 645 3793 697 3877; x_wconf 77' lang='grc' dir='ltr'><strong>γὰρ</strong></span> <span class='ocrx_word' id='word_1_468' title='bbox 711 3794 749 3854; x_wconf 78' lang='lat' dir='ltr'><strong>al·</strong></span> <span class='ocrx_word' id='word_1_469' title='bbox 803 3789 845 3847; x_wconf 86' lang='lat' dir='ltr'><strong>Ne</strong></span> <span class='ocrx_word' id='word_1_470' title='bbox 869 3787 998 3847; x_wconf 84' lang='lat' dir='ltr'><strong>dixeris:</strong></span> <span class='ocrx_word' id='word_1_471' title='bbox 1019 3788 1160 3848; x_wconf 90' lang='lat' dir='ltr'><strong>Neminem</strong></span> <span class='ocrx_word' id='word_1_472' title='bbox 1180 3789 1245 3849; x_wconf 79' lang='lat' dir='ltr'><strong>lesi.</strong></span> <span class='ocrx_word' id='word_1_473' title='bbox 1267 3790 1356 3863; x_wconf 89' lang='lat' dir='ltr'><strong>Quem</strong></span> <span class='ocrx_word' id='word_1_474' title='bbox 1381 3789 1452 3849; x_wconf 90' lang='lat' dir='ltr'><strong>enim</strong></span> <span class='ocrx_word' id='word_1_475' title='bbox 1478 3790 1549 3851; x_wconf 81' lang='lat' dir='ltr'><strong>laesit</strong></span> 
     </span>
     <span class='ocr_line' id='line_1_38' title="bbox 108 3878 1546 3967; baseline -0.005 -19"><span class='ocrx_word' id='word_1_476' title='bbox 108 3887 180 3949; x_wconf 67' lang='lat' dir='ltr'><strong>stuta</strong></span> <span class='ocrx_word' id='word_1_477' title='bbox 195 3886 321 3959; x_wconf 79' lang='grc' dir='ltr'>ἠδίκησα.</span> <span class='ocrx_word' id='word_1_478' title='bbox 335 3887 372 3947; x_wconf 78' lang='grc' dir='ltr'><strong>Τί</strong></span> <span class='ocrx_word' id='word_1_479' title='bbox 384 3886 437 3967; x_wconf 85' lang='grc' dir='ltr'>γδιρ</span> <span class='ocrx_word' id='word_1_480' title='bbox 448 3888 555 3956; x_wconf 79' lang='grc' dir='ltr'>Παῦλος</span> <span class='ocrx_word' id='word_1_481' title='bbox 567 3886 693 3960; x_wconf 76' lang='grc' dir='ltr'>ἠδίκησεν</span> <span class='ocrx_word' id='word_1_482' title='bbox 707 3885 749 3947; x_wconf 76' lang='grc' dir='ltr'>ἵνα</span> <span class='ocrx_word' id='word_1_483' title='bbox 803 3881 904 3940; x_wconf 84' lang='lat' dir='ltr'><strong>Paulus</strong></span> <span class='ocrx_word' id='word_1_484' title='bbox 930 3895 962 3940; x_wconf 86' lang='lat' dir='ltr'><strong>ut</strong></span> <span class='ocrx_word' id='word_1_485' title='bbox 990 3879 1181 3961; x_wconf 76' lang='lat' dir='ltr'><strong>lapideretur?</strong></span> <span class='ocrx_word' id='word_1_486' title='bbox 1204 3884 1327 3962; x_wconf 86' lang='lat' dir='ltr'><strong>Regnum</strong></span> <span class='ocrx_word' id='word_1_487' title='bbox 1351 3878 1546 3956; x_wconf 76' lang='lat' dir='ltr'><strong>annuntiabat,</strong></span> 
     </span>
    </p>

    <p class='ocr_par' dir='ltr' id='par_1_26' title="bbox 109 3971 1548 4059">
     <span class='ocr_line' id='line_1_39' title="bbox 109 3971 1548 4059; baseline -0.004 -19"><span class='ocrx_word' id='word_1_488' title='bbox 109 3979 256 4041; x_wconf 80' lang='grc' dir='ltr'>Βασιλείαν</span> <span class='ocrx_word' id='word_1_489' title='bbox 269 3979 453 4057; x_wconf 65' lang='grc' dir='ltr'><strong>ικατήγγελλε</strong></span> <span class='ocrx_word' id='word_1_490' title='bbox 465 3979 582 4052; x_wconf 82' lang='grc' dir='ltr'>,πλάνης</span> <span class='ocrx_word' id='word_1_491' title='bbox 593 3983 695 4058; x_wconf 79' lang='grc' dir='ltr'>ἀπῆγε,</span> <span class='ocrx_word' id='word_1_492' title='bbox 710 3981 748 4059; x_wconf 81' lang='grc' dir='ltr'><strong>τῷ</strong></span> <span class='ocrx_word' id='word_1_493' title='bbox 802 3972 837 4032; x_wconf 89' lang='lat' dir='ltr'><strong>ab</strong></span> <span class='ocrx_word' id='word_1_494' title='bbox 856 3993 946 4032; x_wconf 87' lang='lat' dir='ltr'><strong>errore</strong></span> <span class='ocrx_word' id='word_1_495' title='bbox 966 3971 1120 4050; x_wconf 84' lang='lat' dir='ltr'><strong>reducebat,</strong></span> <span class='ocrx_word' id='word_1_496' title='bbox 1135 3973 1171 4034; x_wconf 91' lang='lat' dir='ltr'><strong>ad</strong></span> <span class='ocrx_word' id='word_1_497' title='bbox 1190 3975 1280 4033; x_wconf 89' lang='lat' dir='ltr'><strong>Deum</strong></span> <span class='ocrx_word' id='word_1_498' title='bbox 1300 3973 1473 4034; x_wconf 89' lang='lat' dir='ltr'><strong>adducebat:</strong></span> <span class='ocrx_word' id='word_1_499' title='bbox 1489 3975 1548 4035; x_wconf 78' lang='lat' dir='ltr'><strong>buc</strong></span> 
     </span>
    </p>

    <p class='ocr_par' dir='ltr' id='par_1_27' title="bbox 108 4065 1549 4154">
     <span class='ocr_line' id='line_1_40' title="bbox 108 4065 1549 4154; baseline 0.001 -24"><span class='ocrx_word' id='word_1_500' title='bbox 108 4076 168 4154; x_wconf 67' lang='grc' dir='ltr'><strong>ῆγε</strong></span> <span class='ocrx_word' id='word_1_501' title='bbox 179 4096 187 4111; x_wconf 87' lang='grc'><em>·</em></span> <span class='ocrx_word' id='word_1_502' title='bbox 199 4079 285 4132; x_wconf 84' lang='grc' dir='ltr'>ταῦτα</span> <span class='ocrx_word' id='word_1_503' title='bbox 304 4072 438 4153; x_wconf 82' lang='grc' dir='ltr'>στεράνων</span> <span class='ocrx_word' id='word_1_504' title='bbox 453 4070 530 4146; x_wconf 76' lang='grc' dir='ltr'>ἄξιοι,</span> <span class='ocrx_word' id='word_1_505' title='bbox 545 4077 631 4129; x_wconf 82' lang='grc' dir='ltr'>ταῦτα</span> <span class='ocrx_word' id='word_1_506' title='bbox 645 4075 746 4144; x_wconf 78' lang='grc' dir='ltr'>ἀνακη-</span> <span class='ocrx_word' id='word_1_507' title='bbox 802 4065 886 4144; x_wconf 87' lang='lat' dir='ltr'><strong>digna</strong></span> <span class='ocrx_word' id='word_1_508' title='bbox 914 4079 978 4124; x_wconf 89' lang='lat' dir='ltr'><strong>sunt</strong></span> <span class='ocrx_word' id='word_1_509' title='bbox 1001 4065 1126 4138; x_wconf 89' lang='lat' dir='ltr'><strong>coronis,</strong></span> <span class='ocrx_word' id='word_1_510' title='bbox 1149 4066 1376 4146; x_wconf 88' lang='lat' dir='ltr'><strong>proclamatione,</strong></span> <span class='ocrx_word' id='word_1_511' title='bbox 1399 4067 1549 4132; x_wconf 84' lang='lat' dir='ltr'><strong>innumeris</strong></span> 
     </span>
    </p>

    <p class='ocr_par' dir='ltr' id='par_1_28' title="bbox 108 4154 1546 4246">
     <span class='ocr_line' id='line_1_41' title="bbox 108 4154 1546 4246; baseline 0.004 -32"><span class='ocrx_word' id='word_1_512' title='bbox 108 4172 182 4226; x_wconf 57' lang='lat' dir='ltr'><strong>m</strong></span> <span class='ocrx_word' id='word_1_513' title='bbox 199 4164 301 4246; x_wconf 62' lang='grc' dir='ltr'>μυρίων</span> <span class='ocrx_word' id='word_1_514' title='bbox 317 4166 439 4243; x_wconf 67' lang='grc' dir='ltr'>ἀγαθῶν,</span> <span class='ocrx_word' id='word_1_515' title='bbox 454 4165 483 4222; x_wconf 82' lang='grc' dir='ltr'>οὐ</span> <span class='ocrx_word' id='word_1_516' title='bbox 495 4162 574 4222; x_wconf 75' lang='grc' dir='ltr'>λίθων</span> <span class='ocrx_word' id='word_1_517' title='bbox 585 4185 592 4198; x_wconf 92' lang='grc'><em>·</em></span> <span class='ocrx_word' id='word_1_518' title='bbox 605 4165 663 4222; x_wconf 80' lang='grc' dir='ltr'>ἀλλ’</span> <span class='ocrx_word' id='word_1_519' title='bbox 677 4162 749 4240; x_wconf 80' lang='grc' dir='ltr'>ὅμως</span> <span class='ocrx_word' id='word_1_520' title='bbox 802 4156 889 4234; x_wconf 89' lang='lat' dir='ltr'><strong>bonis,</strong></span> <span class='ocrx_word' id='word_1_521' title='bbox 901 4177 955 4216; x_wconf 92' lang='lat' dir='ltr'><strong>non</strong></span> <span class='ocrx_word' id='word_1_522' title='bbox 970 4154 1124 4239; x_wconf 80' lang='lat' dir='ltr'><strong>lapidibus3</strong></span> <span class='ocrx_word' id='word_1_523' title='bbox 1138 4170 1263 4216; x_wconf 88' lang='lat' dir='ltr'><strong>ettamen</strong></span> <span class='ocrx_word' id='word_1_524' title='bbox 1278 4157 1325 4217; x_wconf 91' lang='lat' dir='ltr'><strong>ille</strong></span> <span class='ocrx_word' id='word_1_525' title='bbox 1337 4159 1470 4219; x_wconf 83' lang='lat' dir='ltr'><strong>contraria</strong></span> <span class='ocrx_word' id='word_1_526' title='bbox 1483 4181 1546 4241; x_wconf 89' lang='lat' dir='ltr'><strong>pas·</strong></span> 
     </span>
    </p>

    <p class='ocr_par' dir='ltr' id='par_1_29' title="bbox 108 4240 1547 4338">
     <span class='ocr_line' id='line_1_42' title="bbox 108 4240 1547 4338; baseline -0.002 -21"><span class='ocrx_word' id='word_1_527' title='bbox 108 4256 233 4338; x_wconf 74' lang='grc' dir='ltr'>[παοχεν.</span> <span class='ocrx_word' id='word_1_528' title='bbox 244 4255 319 4330; x_wconf 77' lang='grc' dir='ltr'>Αὕτη</span> <span class='ocrx_word' id='word_1_529' title='bbox 329 4254 381 4336; x_wconf 78' lang='grc' dir='ltr'><strong>γὰρ</strong></span> <span class='ocrx_word' id='word_1_530' title='bbox 392 4260 409 4327; x_wconf 81' lang='grc' dir='ltr'><strong>ἡ</strong></span> <span class='ocrx_word' id='word_1_531' title='bbox 420 4253 611 4334; x_wconf 78' lang='grc' dir='ltr'>λαμπρὰνίκη.</span> <span class='ocrx_word' id='word_1_532' title='bbox 624 4253 677 4314; x_wconf 85' lang='grc' dir='ltr'>Καὶ</span> <span class='ocrx_word' id='word_1_533' title='bbox 689 4253 749 4314; x_wconf 87' lang='grc' dir='ltr'>έαυ-</span> <span class='ocrx_word' id='word_1_534' title='bbox 801 4271 848 4311; x_wconf 92' lang='lat' dir='ltr'><strong>sus</strong></span> <span class='ocrx_word' id='word_1_535' title='bbox 862 4263 910 4311; x_wconf 92' lang='lat' dir='ltr'><strong>est.</strong></span> <span class='ocrx_word' id='word_1_536' title='bbox 930 4249 996 4310; x_wconf 80' lang='lat' dir='ltr'><strong>Haec</strong></span> <span class='ocrx_word' id='word_1_537' title='bbox 1012 4248 1113 4331; x_wconf 87' lang='lat' dir='ltr'><strong>quippe</strong></span> <span class='ocrx_word' id='word_1_538' title='bbox 1136 4240 1281 4333; x_wconf 89' lang='lat' dir='ltr'><strong>splendida</strong></span> <span class='ocrx_word' id='word_1_539' title='bbox 1301 4264 1342 4310; x_wconf 87' lang='lat' dir='ltr'><strong>est</strong></span> <span class='ocrx_word' id='word_1_540' title='bbox 1360 4251 1484 4312; x_wconf 89' lang='lat' dir='ltr'><strong>victoria.</strong></span> <span class='ocrx_word' id='word_1_541' title='bbox 1505 4257 1547 4314; x_wconf 85' lang='lat' dir='ltr'><strong>Et</strong></span> 
     </span>
    </p>

    <p class='ocr_par' dir='ltr' id='par_1_30' title="bbox 108 4341 1548 4430">
     <span class='ocr_line' id='line_1_43' title="bbox 108 4341 1548 4430; baseline -0.003 -19"><span class='ocrx_word' id='word_1_542' title='bbox 108 4376 125 4425; x_wconf 81' lang='grc' dir='ltr'><strong>ν,</strong></span> <span class='ocrx_word' id='word_1_543' title='bbox 135 4348 213 4430; x_wconf 74' lang='grc' dir='ltr'>φησί.</span> <span class='ocrx_word' id='word_1_544' title='bbox 223 4348 278 4408; x_wconf 79' lang='grc' dir='ltr'>Καὶ</span> <span class='ocrx_word' id='word_1_545' title='bbox 290 4349 320 4409; x_wconf 78' lang='grc' dir='ltr'><strong>σέ</strong></span> <span class='ocrx_word' id='word_1_546' title='bbox 335 4347 463 4414; x_wconf 81' lang='grc' dir='ltr'>πολλάκις</span> <span class='ocrx_word' id='word_1_547' title='bbox 472 4346 611 4428; x_wconf 82' lang='grc' dir='ltr'>σύρουσιν·</span> <span class='ocrx_word' id='word_1_548' title='bbox 628 4348 698 4409; x_wconf 76' lang='grc' dir='ltr'>ἀλλὰ</span> <span class='ocrx_word' id='word_1_549' title='bbox 709 4347 747 4426; x_wconf 77' lang='grc' dir='ltr'><strong>μὴ</strong></span> <span class='ocrx_word' id='word_1_550' title='bbox 767 4363 786 4410; x_wconf 82' lang='lat' dir='ltr'>E</span> <span class='ocrx_word' id='word_1_551' title='bbox 803 4354 956 4409; x_wconf 69' lang='lat' dir='ltr'><strong>lrmtunl</strong></span> <span class='ocrx_word' id='word_1_552' title='bbox 977 4363 1058 4417; x_wconf 78' lang='lat' dir='ltr'><strong>eum,</strong></span> <span class='ocrx_word' id='word_1_553' title='bbox 1082 4341 1178 4421; x_wconf 80' lang='lat' dir='ltr'><strong>inquit.</strong></span> <span class='ocrx_word' id='word_1_554' title='bbox 1207 4343 1249 4402; x_wconf 83' lang='lat' dir='ltr'><strong>Te</strong></span> <span class='ocrx_word' id='word_1_555' title='bbox 1270 4363 1380 4422; x_wconf 89' lang='lat' dir='ltr'><strong>quoque</strong></span> <span class='ocrx_word' id='word_1_556' title='bbox 1397 4365 1468 4426; x_wconf 70' lang='lat' dir='ltr'><strong>saepe</strong></span> <span class='ocrx_word' id='word_1_557' title='bbox 1490 4361 1548 4408; x_wconf 86' lang='lat' dir='ltr'><strong>tra-</strong></span> 
     </span>
    </p>

    <p class='ocr_par' dir='ltr' id='par_1_31' title="bbox 108 4432 1546 4522">
     <span class='ocr_line' id='line_1_44' title="bbox 108 4432 1546 4522; baseline 0.001 -24"><span class='ocrx_word' id='word_1_558' title='bbox 108 4441 196 4503; x_wconf 72' lang='grc' dir='ltr'>,ἀλλά</span> <span class='ocrx_word' id='word_1_559' title='bbox 206 4437 318 4522; x_wconf 76' lang='grc' dir='ltr'>κήρυξον</span> <span class='ocrx_word' id='word_1_560' title='bbox 328 4438 374 4498; x_wconf 84' lang='grc' dir='ltr'><strong>τὸν</strong></span> <span class='ocrx_word' id='word_1_561' title='bbox 389 4437 465 4518; x_wconf 85' lang='grc' dir='ltr'>λόγον</span> <span class='ocrx_word' id='word_1_562' title='bbox 481 4438 525 4498; x_wconf 74' lang='grc' dir='ltr'>διὰ</span> <span class='ocrx_word' id='word_1_563' title='bbox 537 4443 585 4511; x_wconf 78' lang='grc' dir='ltr'><strong>τῆς</strong></span> <span class='ocrx_word' id='word_1_564' title='bbox 597 4440 747 4508; x_wconf 73' lang='grc' dir='ltr'>ἐπιεικείας.</span> <span class='ocrx_word' id='word_1_565' title='bbox 801 4434 885 4510; x_wconf 71' lang='lat' dir='ltr'><strong>bunt,</strong></span> <span class='ocrx_word' id='word_1_566' title='bbox 899 4432 948 4493; x_wconf 87' lang='lat' dir='ltr'><strong>sed</strong></span> <span class='ocrx_word' id='word_1_567' title='bbox 960 4454 994 4493; x_wconf 91' lang='lat' dir='ltr'><strong>ne</strong></span> <span class='ocrx_word' id='word_1_568' title='bbox 1005 4433 1138 4512; x_wconf 84' lang='lat' dir='ltr'><strong>irascaris,</strong></span> <span class='ocrx_word' id='word_1_569' title='bbox 1145 4435 1200 4495; x_wconf 91' lang='lat' dir='ltr'><strong>imo</strong></span> <span class='ocrx_word' id='word_1_570' title='bbox 1210 4449 1347 4496; x_wconf 89' lang='lat' dir='ltr'><strong>mansuete</strong></span> <span class='ocrx_word' id='word_1_571' title='bbox 1355 4435 1471 4519; x_wconf 76' lang='lat' dir='ltr'><strong>predica</strong></span> <span class='ocrx_word' id='word_1_572' title='bbox 1485 4461 1546 4500; x_wconf 86' lang='lat' dir='ltr'><strong>vcr-</strong></span> 
     </span>
    </p>

    <p class='ocr_par' dir='ltr' id='par_1_32' title="bbox 108 4525 1546 4610">
     <span class='ocr_line' id='line_1_45' title="bbox 108 4525 1546 4610; baseline 0.001 -20"><span class='ocrx_word' id='word_1_573' title='bbox 108 4554 150 4606; x_wconf 80' lang='lat' dir='ltr'><strong>rs3</strong></span> <span class='ocrx_word' id='word_1_574' title='bbox 162 4529 292 4610; x_wconf 85' lang='grc' dir='ltr'>Σέγησον,</span> <span class='ocrx_word' id='word_1_575' title='bbox 305 4528 352 4590; x_wconf 80' lang='grc' dir='ltr'>καὶ</span> <span class='ocrx_word' id='word_1_576' title='bbox 363 4529 504 4609; x_wconf 60' lang='lat' dir='ltr'><strong>ablui-(scos</strong></span> <span class='ocrx_word' id='word_1_577' title='bbox 523 4533 547 4589; x_wconf 83' lang='grc' dir='ltr'><strong>εἰ</strong></span> <span class='ocrx_word' id='word_1_578' title='bbox 564 4530 688 4604; x_wconf 86' lang='grc' dir='ltr'>δύνασαι,</span> <span class='ocrx_word' id='word_1_579' title='bbox 703 4531 748 4591; x_wconf 82' lang='grc' dir='ltr'>καὶ</span> <span class='ocrx_word' id='word_1_580' title='bbox 800 4525 876 4584; x_wconf 89' lang='lat' dir='ltr'><strong>hum.</strong></span> <span class='ocrx_word' id='word_1_581' title='bbox 892 4525 933 4583; x_wconf 91' lang='lat' dir='ltr'><strong>Te</strong></span> <span class='ocrx_word' id='word_1_582' title='bbox 949 4527 1109 4586; x_wconf 81' lang='lat' dir='ltr'><strong>contumelia</strong></span> <span class='ocrx_word' id='word_1_583' title='bbox 1127 4527 1238 4587; x_wconf 80' lang='lat' dir='ltr'><strong>affecit?</strong></span> <span class='ocrx_word' id='word_1_584' title='bbox 1257 4529 1331 4588; x_wconf 87' lang='lat' dir='ltr'><strong>Tace</strong></span> <span class='ocrx_word' id='word_1_585' title='bbox 1349 4544 1374 4588; x_wconf 87' lang='lat' dir='ltr'><strong>ct</strong></span> <span class='ocrx_word' id='word_1_586' title='bbox 1394 4529 1515 4607; x_wconf 87' lang='lat' dir='ltr'><strong>benedic,</strong></span> <span class='ocrx_word' id='word_1_587' title='bbox 1522 4535 1546 4592; x_wconf 91' lang='lat' dir='ltr'><strong>si</strong></span> 
     </span>
    </p>

    <p class='ocr_par' dir='ltr' id='par_1_33' title="bbox 108 4618 1546 5166">
     <span class='ocr_line' id='line_1_46' title="bbox 108 4618 1546 4704; baseline 0.001 -22"><span class='ocrx_word' id='word_1_588' title='bbox 108 4620 196 4704; x_wconf 74' lang='grc' dir='ltr'>ἰρεξας</span> <span class='ocrx_word' id='word_1_589' title='bbox 208 4620 255 4682; x_wconf 80' lang='grc' dir='ltr'>καὶ</span> <span class='ocrx_word' id='word_1_590' title='bbox 269 4618 301 4683; x_wconf 71' lang='grc' dir='ltr'><strong>σὺ</strong></span> <span class='ocrx_word' id='word_1_591' title='bbox 313 4621 358 4681; x_wconf 82' lang='grc' dir='ltr'><strong>τὸν</strong></span> <span class='ocrx_word' id='word_1_592' title='bbox 380 4619 466 4699; x_wconf 83' lang='grc' dir='ltr'>λόγον,</span> <span class='ocrx_word' id='word_1_593' title='bbox 489 4620 645 4690; x_wconf 83' lang='grc' dir='ltr'>ἐπαίδευσας</span> <span class='ocrx_word' id='word_1_594' title='bbox 663 4621 748 4683; x_wconf 73' lang='lat' dir='ltr'><strong>iussi·</strong></span> <span class='ocrx_word' id='word_1_595' title='bbox 802 4632 889 4701; x_wconf 89' lang='lat' dir='ltr'><strong>potes,</strong></span> <span class='ocrx_word' id='word_1_596' title='bbox 899 4618 1007 4679; x_wconf 89' lang='lat' dir='ltr'><strong>etsietu</strong></span> <span class='ocrx_word' id='word_1_597' title='bbox 1017 4641 1124 4700; x_wconf 89' lang='lat' dir='ltr'><strong>quoque</strong></span> <span class='ocrx_word' id='word_1_598' title='bbox 1135 4620 1288 4702; x_wconf 75' lang='lat' dir='ltr'><strong>praedicasti</strong></span> <span class='ocrx_word' id='word_1_599' title='bbox 1297 4623 1420 4699; x_wconf 86' lang='lat' dir='ltr'><strong>verbum,</strong></span> <span class='ocrx_word' id='word_1_600' title='bbox 1429 4624 1546 4685; x_wconf 89' lang='lat' dir='ltr'><strong>docuisti</strong></span> 
     </span>
     <span class='ocr_line' id='line_1_47' title="bbox 108 4704 1545 4796; baseline 0.001 -20"><span class='ocrx_word' id='word_1_601' title='bbox 108 4714 224 4783; x_wconf 77' lang='grc' dir='ltr'>τίδωσας</span> <span class='ocrx_word' id='word_1_602' title='bbox 236 4714 387 4794; x_wconf 84' lang='grc' dir='ltr'>πραότητα.</span> <span class='ocrx_word' id='word_1_603' title='bbox 399 4704 470 4773; x_wconf 76' lang='grc' dir='ltr'>Οἶδα</span> <span class='ocrx_word' id='word_1_604' title='bbox 488 4714 600 4783; x_wconf 81' lang='grc' dir='ltr'>πολλοὺς</span> <span class='ocrx_word' id='word_1_605' title='bbox 612 4718 663 4796; x_wconf 79' lang='grc' dir='ltr'>οὐχ</span> <span class='ocrx_word' id='word_1_606' title='bbox 677 4714 746 4776; x_wconf 75' lang='grc' dir='ltr'>οὕτω</span> <span class='ocrx_word' id='word_1_607' title='bbox 802 4712 960 4772; x_wconf 88' lang='lat' dir='ltr'><strong>modestiam</strong></span> <span class='ocrx_word' id='word_1_608' title='bbox 979 4725 1005 4771; x_wconf 92' lang='lat' dir='ltr'><strong>et</strong></span> <span class='ocrx_word' id='word_1_609' title='bbox 1025 4713 1269 4773; x_wconf 88' lang='lat' dir='ltr'><strong>mansuetudinem.</strong></span> <span class='ocrx_word' id='word_1_610' title='bbox 1287 4713 1390 4774; x_wconf 84' lang='lat' dir='ltr'><strong>Multos</strong></span> <span class='ocrx_word' id='word_1_611' title='bbox 1412 4717 1476 4777; x_wconf 83' lang='lat' dir='ltr'><strong>novi</strong></span> <span class='ocrx_word' id='word_1_612' title='bbox 1492 4738 1545 4778; x_wconf 93' lang='lat' dir='ltr'><strong>non</strong></span> 
     </span>
     <span class='ocr_line' id='line_1_48' title="bbox 108 4803 1542 4889; baseline 0 -21"><span class='ocrx_word' id='word_1_613' title='bbox 108 4809 345 4886; x_wconf 71' lang='grc' dir='ltr'>εᾶλγῶντας,ὡς</span> <span class='ocrx_word' id='word_1_614' title='bbox 366 4807 455 4884; x_wconf 82' lang='grc' dir='ltr'>πληγῇ</span> <span class='ocrx_word' id='word_1_615' title='bbox 479 4809 513 4884; x_wconf 84' lang='grc' dir='ltr'><strong>τῇ</strong></span> <span class='ocrx_word' id='word_1_616' title='bbox 537 4807 581 4866; x_wconf 78' lang='grc' dir='ltr'>διὰ</span> <span class='ocrx_word' id='word_1_617' title='bbox 604 4808 744 4889; x_wconf 78' lang='grc' dir='ltr'>ῥημάτων·</span> <span class='ocrx_word' id='word_1_618' title='bbox 802 4819 857 4864; x_wconf 88' lang='lat' dir='ltr'><strong>tam</strong></span> <span class='ocrx_word' id='word_1_619' title='bbox 871 4803 1039 4877; x_wconf 82' lang='lat' dir='ltr'><strong>vulneribus,</strong></span> <span class='ocrx_word' id='word_1_620' title='bbox 1049 4826 1130 4882; x_wconf 83' lang='lat' dir='ltr'><strong>quam</strong></span> <span class='ocrx_word' id='word_1_621' title='bbox 1144 4805 1291 4865; x_wconf 80' lang='lat' dir='ltr'><strong>verborum</strong></span> <span class='ocrx_word' id='word_1_622' title='bbox 1304 4805 1391 4886; x_wconf 87' lang='lat' dir='ltr'><strong>plagis</strong></span> <span class='ocrx_word' id='word_1_623' title='bbox 1401 4809 1516 4868; x_wconf 83' lang='lat' dir='ltr'><strong>sauciari</strong></span> <span class='ocrx_word' id='word_1_624' title='bbox 1535 4835 1542 4867; x_wconf 95' lang='lat'>:</span> 
     </span>
     <span class='ocr_line' id='line_1_49' title="bbox 117 4897 1545 4984; baseline 0.002 -25"><span class='ocrx_word' id='word_1_625' title='bbox 117 4900 173 4983; x_wconf 63' lang='grc' dir='ltr'><strong>γὰρ</strong></span> <span class='ocrx_word' id='word_1_626' title='bbox 185 4899 218 4959; x_wconf 85' lang='grc' dir='ltr'><strong>τὸ</strong></span> <span class='ocrx_word' id='word_1_627' title='bbox 230 4903 338 4977; x_wconf 79' lang='grc' dir='ltr'>τραῦμα</span> <span class='ocrx_word' id='word_1_628' title='bbox 351 4898 383 4958; x_wconf 82' lang='grc' dir='ltr'><strong>τὸ</strong></span> <span class='ocrx_word' id='word_1_629' title='bbox 394 4902 473 4976; x_wconf 87' lang='grc' dir='ltr'>σῶμα</span> <span class='ocrx_word' id='word_1_630' title='bbox 488 4897 610 4978; x_wconf 76' lang='grc' dir='ltr'>δέχεται,</span> <span class='ocrx_word' id='word_1_631' title='bbox 623 4899 744 4960; x_wconf 61' lang='lat' dir='ltr'><strong>tussitat</strong></span> <span class='ocrx_word' id='word_1_632' title='bbox 802 4922 863 4960; x_wconf 85' lang='lat' dir='ltr'><strong>nam</strong></span> <span class='ocrx_word' id='word_1_633' title='bbox 884 4897 952 4959; x_wconf 92' lang='lat' dir='ltr'><strong>illud</strong></span> <span class='ocrx_word' id='word_1_634' title='bbox 977 4897 1088 4976; x_wconf 71' lang='lat' dir='ltr'><strong>uiridem</strong></span> <span class='ocrx_word' id='word_1_635' title='bbox 1113 4898 1211 4959; x_wconf 83' lang='lat' dir='ltr'><strong>vulnus</strong></span> <span class='ocrx_word' id='word_1_636' title='bbox 1235 4921 1333 4979; x_wconf 86' lang='lat' dir='ltr'><strong>corpus</strong></span> <span class='ocrx_word' id='word_1_637' title='bbox 1356 4901 1477 4984; x_wconf 88' lang='lat' dir='ltr'><strong>suscipit,</strong></span> <span class='ocrx_word' id='word_1_638' title='bbox 1493 4903 1545 4965; x_wconf 92' lang='lat' dir='ltr'><strong>hoc</strong></span> 
     </span>
     <span class='ocr_line' id='line_1_50' title="bbox 108 4989 1545 5070; baseline 0.002 -19"><span class='ocrx_word' id='word_1_639' title='bbox 108 4992 175 5056; x_wconf 73' lang='grc' dir='ltr'>λλλλ</span> <span class='ocrx_word' id='word_1_640' title='bbox 186 4992 226 5069; x_wconf 79' lang='grc' dir='ltr'><strong>μὴ</strong></span> <span class='ocrx_word' id='word_1_641' title='bbox 240 4991 411 5070; x_wconf 78' lang='grc' dir='ltr'>ἀλγήσωμεν,</span> <span class='ocrx_word' id='word_1_642' title='bbox 429 4992 568 5070; x_wconf 71' lang='grc' dir='ltr'>μᾶλλονδὲ</span> <span class='ocrx_word' id='word_1_643' title='bbox 584 4992 745 5070; x_wconf 75' lang='grc' dir='ltr'>ἀλγήσαντες</span> <span class='ocrx_word' id='word_1_644' title='bbox 801 4994 898 5052; x_wconf 80' lang='lat' dir='ltr'><strong>arnima.</strong></span> <span class='ocrx_word' id='word_1_645' title='bbox 911 4989 964 5052; x_wconf 88' lang='lat' dir='ltr'><strong>Sed</strong></span> <span class='ocrx_word' id='word_1_646' title='bbox 980 5012 1012 5050; x_wconf 91' lang='lat' dir='ltr'><strong>ue</strong></span> <span class='ocrx_word' id='word_1_647' title='bbox 1033 4989 1182 5068; x_wconf 89' lang='lat' dir='ltr'><strong>doleamus,</strong></span> <span class='ocrx_word' id='word_1_648' title='bbox 1200 4991 1254 5050; x_wconf 88' lang='lat' dir='ltr'><strong>imo</strong></span> <span class='ocrx_word' id='word_1_649' title='bbox 1275 4990 1395 5052; x_wconf 89' lang='lat' dir='ltr'><strong>dolentes</strong></span> <span class='ocrx_word' id='word_1_650' title='bbox 1417 4995 1545 5055; x_wconf 88' lang='lat' dir='ltr'><strong>sustinea-</strong></span> 
     </span>
     <span class='ocr_line' id='line_1_51' title="bbox 108 5081 1546 5166; baseline 0.001 -19"><span class='ocrx_word' id='word_1_651' title='bbox 108 5115 123 5148; x_wconf 84' lang='grc' dir='ltr'><strong>ν.</strong></span> <span class='ocrx_word' id='word_1_652' title='bbox 139 5090 204 5166; x_wconf 75' lang='grc' dir='ltr'><strong>Οὐχ</strong></span> <span class='ocrx_word' id='word_1_653' title='bbox 218 5091 297 5164; x_wconf 70' lang='grc' dir='ltr'>δρᾶτε</span> <span class='ocrx_word' id='word_1_654' title='bbox 322 5083 382 5153; x_wconf 75' lang='grc' dir='ltr'>τοὺς</span> <span class='ocrx_word' id='word_1_655' title='bbox 402 5082 583 5152; x_wconf 82' lang='grc' dir='ltr'>πυκτεύοντας</span> <span class='ocrx_word' id='word_1_656' title='bbox 589 5130 596 5158; x_wconf 93' lang='grc'>,</span> <span class='ocrx_word' id='word_1_657' title='bbox 614 5086 638 5144; x_wconf 80' lang='grc' dir='ltr'>οἳ</span> <span class='ocrx_word' id='word_1_658' title='bbox 653 5087 742 5146; x_wconf 82' lang='grc' dir='ltr'>διατε-</span> <span class='ocrx_word' id='word_1_659' title='bbox 801 5107 870 5144; x_wconf 85' lang='lat' dir='ltr'><strong>mus.</strong></span> <span class='ocrx_word' id='word_1_660' title='bbox 885 5085 944 5143; x_wconf 90' lang='lat' dir='ltr'><strong>Non</strong></span> <span class='ocrx_word' id='word_1_661' title='bbox 965 5081 1064 5141; x_wconf 80' lang='lat' dir='ltr'><strong>ridetis</strong></span> <span class='ocrx_word' id='word_1_662' title='bbox 1084 5081 1197 5163; x_wconf 82' lang='lat' dir='ltr'><strong>pugiles,</strong></span> <span class='ocrx_word' id='word_1_663' title='bbox 1211 5105 1327 5162; x_wconf 84' lang='lat' dir='ltr'><strong>quorum</strong></span> <span class='ocrx_word' id='word_1_664' title='bbox 1347 5084 1434 5166; x_wconf 89' lang='lat' dir='ltr'><strong>capita</strong></span> <span class='ocrx_word' id='word_1_665' title='bbox 1450 5087 1546 5148; x_wconf 85' lang='lat' dir='ltr'><strong>vulue-</strong></span> 
     </span>
    </p>
   </div>
   <div class='ocr_carea' id='block_1_3' title="bbox 108 5255 1044 5332">
    <p class='ocr_par' dir='ltr' id='par_1_34' title="bbox 108 5255 1044 5332">
     <span class='ocr_line' id='line_1_52' title="bbox 108 5255 1044 5332; baseline -0.01 -17"><span class='ocrx_word' id='word_1_666' title='bbox 108 5268 205 5329; x_wconf 56' lang='lat' dir='ltr'><strong>iisfflbu</strong></span> <span class='ocrx_word' id='word_1_667' title='bbox 220 5266 349 5332; x_wconf 77' lang='grc' dir='ltr'>προθυμίας</span> <span class='ocrx_word' id='word_1_668' title='bbox 361 5266 405 5328; x_wconf 69' lang='grc' dir='ltr'><strong>γάρ</strong></span> <span class='ocrx_word' id='word_1_669' title='bbox 418 5265 472 5327; x_wconf 82' lang='grc' dir='ltr'>ἡμῖν</span> <span class='ocrx_word' id='word_1_670' title='bbox 482 5263 526 5322; x_wconf 78' lang='grc' dir='ltr'>δεῖ,</span> <span class='ocrx_word' id='word_1_671' title='bbox 538 5268 664 5330; x_wconf 69' lang='grc' dir='ltr'>πυρώσεως.</span> <span class='ocrx_word' id='word_1_672' title='bbox 816 5272 824 5295; x_wconf 77' lang='lat' dir='ltr'><strong>r</strong></span> <span class='ocrx_word' id='word_1_673' title='bbox 839 5255 885 5309; x_wconf 79' lang='lat' dir='ltr'><strong>Alii</strong></span> <span class='ocrx_word' id='word_1_674' title='bbox 903 5260 1044 5323; x_wconf 71' lang='grc' dir='ltr'>κατήγγειλε,</span> 
     </span>
    </p>
   </div>
   <div class='ocr_carea' id='block_1_4' title="bbox 0 0 1868 5978">
    <p class='ocr_par' dir='ltr' id='par_1_35' title="bbox 0 0 1868 5978">
     <span class='ocr_line' id='line_1_53' title="bbox 0 0 1868 5978; baseline 0 0"><span class='ocrx_word' id='word_1_675' title='bbox 0 0 1868 5978; x_wconf 95' lang='lat' dir='ltr'><strong> </strong></span> 
     </span>
    </p>
   </div>
  </div>
 </body>
</html>
