3728 5978
525 746 1331 963 PRAEFATIO
1490 768 1597 887 τ

764 1170 830 1245 ΑΙ)
853 1170 1078 1248 flotssuns

401 1465 486 1581 IN
528 1459 748 1579 ACTA
791 1464 1431 1591 APOSTOLORUM.

584 1822 1252 1871 w

165 2101 197 2157 ln
206 2099 317 2159 nullum
328 2095 479 2158 incidimus
490 2095 519 2157 S.
532 2095 645 2158 loannis
658 2094 846 2177 Chrysostomi
860 2102 966 2183 opus',n
979 2107 1106 2159 consumo
1118 2107 1144 2158 et
1155 2095 1271 2180 eleganti
1283 2099 1351 2160 tanti
1364 2099 1477 2164 artificis
1488 2104 1560 2186 stylo
1579 2105 1616 2166 ita
1630 2105 1699 2168 alie-

129 2214 204 2271 num,
214 2207 247 2254 ut
260 2207 325 2255 sunt
339 2192 469 2255 Humilia
478 2192 507 2252 in
521 2194 597 2258 Acta,
612 2191 748 2253 Hactenus
759 2188 889 2253 orationis
906 2190 1039 2273 poliendo
1049 2204 1077 2253 et
1086 2191 1214 2255 ornanda
1229 2207 1351 2257 autorem
1365 2196 1607 2280 tomplaissimum
1625 2200 1700 2261 vidi·

130 2310 189 2347 mus
193 2311 202 2363 ;
216 2287 265 2349 hic
276 2301 414 2348 oratorem
429 2284 610 2368 conspicimus
620 2284 783 2368 plerumque
793 2283 939 2366 humilem,
950 2286 1087 2368 jejunum,
1098 2285 1268 2365 intricatum
1281 2274 1369 2350 siohhi
1382 2303 1473 2352 sutem
1487 2290 1634 2375 pristinum
1646 2294 1701 2355 elo·

131 2383 245 2460 psentia
268 2379 388 2463 gradum
402 2391 533 2459 resumat,
556 2376 671 2439 subinde
683 2375 778 2439 recidit
799 2377 828 2437 in
847 2376 985 2459 abjectum
1004 2389 1031 2439 et
1055 2376 1202 2460 strigosum
1217 2377 1328 2443 dlomdi
1354 2381 1474 2444 modum
1493 2384 1565 2445 ilinc
1591 2384 1702 2447 suborta

132 2473 264 2533 dissensio
274 2472 329 2532 luit
343 2473 415 2532 inter
427 2471 546 2550 cutiens,
555 2469 617 2532 nliis
630 2469 758 2532 homilias
771 2470 852 2532 hasce
860 2469 1053 2554 Chrysostomo
1061 2472 1106 2535 rel
1118 2470 1338 2559 abjudicantihm
1348 2475 1392 2536 vel
1407 2490 1437 2537 ut
1449 2490 1587 2560 simpectas
1599 2477 1702 2539 hahen-

134 2569 218 2645 tihus;
229 2568 294 2628 aliis
303 2568 369 2630 illas
377 2582 408 2629 ut
421 2568 531 2630 omnino
545 2568 679 2649 elegantes
694 2565 900 2630 defendentibus
906 2589 918 2645 ι
930 2566 1002 2647 aliis,
1016 2567 1117 2648 quilius
1128 2588 1179 2629 nos
1191 2566 1402 2652 adstipulamur,
1414 2571 1575 2653 plenamque
1586 2572 1702 2634 incultas

134 2663 203 2738 illas,
218 2662 266 2724 sed
279 2663 391 2743 γνησίας
402 2676 430 2723 ct
444 2684 507 2725 vcro
517 2660 705 2745 Chrysostomi
717 2681 775 2722 esse
784 2659 978 2742 pugnantibus.
995 2663 1034 2722 Ut
1045 2675 1137 2723 autern
1151 2661 1245 2723 ordine
1268 2663 1396 2744 quopiam
1416 2664 1590 2746 procedatur,
1613 2666 1702 2746 primo

134 2758 272 2818 sariorum
282 2758 421 2818 sententiae
428 2758 587 2834 referentur,
596 2756 662 2817 hinc
671 2768 793 2819 vetem
806 2753 969 2839 testimonia,
990 2754 1089 2817 deinde
1101 2756 1171 2837 quid
1178 2778 1270 2835 ¹caussae
1282 2757 1364 2819 fuerit
1372 2755 1548 2845 indagabitur
1555 2778 1604 2819 cur
1613 2759 1703 2842 Chry·

138 2866 271 2913 sostomus
285 2852 380 2914 hiulca
390 2852 551 2934 hujusmodi
565 2865 593 2913 et
603 2850 708 2913 inculta
721 2849 867 2913 invexerit.
881 2847 1332 2933 Ibidemquoassercturmerdme
1348 2851 1439 2934 operis
1452 2863 1511 2913 tam
1523 2870 1559 2912 cx
1578 2864 1703 2915 veterum

134 2947 305 3026 testimoniis,
321 2968 404 3027 qumn
416 2967 452 3008 ex
462 2946 507 3023 iis,
517 2966 577 3026 qtrae
592 2946 649 3028 ipse
661 2943 871 3029 nequeenim
884 2963 948 3004 oum
958 2943 1038 3005 solita
1050 2943 1203 3025 eloquentia
1221 2944 1323 3026 passim
1338 2944 1483 3023 interserit,
1497 2945 1616 3006 maximo
1637 2969 1701 3008 curn

134 3041 167 3102 de
177 3042 300 3102 moribus
312 3039 490 3103 informandis
501 3040 603 3122 agitur.
615 3037 777 3103 Dcmnmde
787 3060 857 3102 anno
867 3038 1013 3102 demur
1024 3061 1079 3120 (pto
1094 3041 1137 3101 ha
1149 3039 1271 3103 homilia
1284 3039 1364 3102 dictae
1385 3041 1468 3120 inere,
1481 3041 1616 3123 adjunctis
1640 3043 1701 3123 qui-

136 3134 497 3199 huadnmadremeemdem
508 3133 714 3218 pertinentibus.
1582 3190 1585 3195 .

406 3363 612 3423 Recentiomm
623 3361 799 3449 scriptorum
813 3366 911 3443 opinio
924 3367 1005 3425 circa
1019 3361 1109 3426 harre
1117 3364 1150 3424 in
1162 3361 1245 3425 Acta
1261 3363 1419 3425 Homilior.

175 3549 259 3609 hemo
280 3561 352 3609 certe
368 3548 516 3610 tractandis
529 3549 719 3631 chrysostomi
728 3549 838 3632 scriptis
846 3564 969 3612 summa
983 3570 1036 3613 non
1053 3552 1185 3629 latratur,
1201 3550 1248 3610 hio
1260 3549 1453 3632 Chrystomum
1465 3547 1550 3610 multa
1564 3548 1700 3610 diundere

137 3642 191 3701 sine
202 3642 318 3723 delectu,
330 3664 415 3723 eaque
425 3642 539 3721 inculta,
553 3664 586 3704 ac
593 3643 759 3726 plerumque
773 3643 915 3727 perplexa,
927 3643 983 3706 imo
993 3662 1185 3722 nonuunquam
1199 3643 1287 3703 beera
1300 3656 1327 3703 et
1338 3642 1440 3722 hiulca,
1457 3641 1576 3704 maxime
1585 3663 1650 3703 vero
1670 3641 1699 3702 in

137 3735 291 3794 condonum
305 3734 449 3817 principio,
467 3746 493 3796 et
508 3756 573 3797 cum
585 3736 681 3797 allatos
695 3736 844 3819 Scriptura
857 3735 1006 3798 versimtlos
1015 3734 1145 3817 explicat,
1164 3732 1247 3814 idque
1260 3746 1301 3794 sat
1319 3734 1411 3814 jejune
1423 3747 1450 3794 et
1466 3733 1574 3794 exiliter
1588 3757 1595 3791 ι
1614 3746 1640 3794 et
1651 3733 1700 3793 uhi

135 3829 189 3906 jam
209 3829 340 3910 explicata
359 3829 485 3906 resumit,
498 3830 551 3890 hoc
567 3831 612 3892 vcl
625 3829 708 3892 simili
720 3830 860 3912 premisso
874 3828 958 3903 dicto,
970 3830 1030 3891 ἄλλ)
1044 3829 1143 3908 iiupru
1156 3829 1255 3889 dautes
1271 3827 1305 3888 rh
1329 3828 1466 3911 εἰρημένα,
1483 3831 1537 3889 sed
1547 3832 1699 3913 superiore

139 3937 295 4002 repetamus
308 3948 317 3980 :
330 3923 407 4004 quod
426 3923 461 3984 ad
474 3944 602 3985 nauseam
615 3946 701 4005 usqm
726 3925 832 4006 repetit.
848 3923 903 3985 llas
921 3924 1048 3985 homilias
1059 3943 1122 3984 cum
1135 3923 1230 3984 Latine
1243 3934 1397 3983 convertere
1415 3922 1537 4002 cepisset
1557 3921 1697 3997 Brennus,

139 4032 206 4078 tanto
214 4020 325 4080 aflectus
335 4018 417 4080 tedio
430 4019 492 4097 init,
501 4032 532 4081 ut
541 4020 570 4080 in
583 4020 696 4102 epistola
704 4018 822 4101 quadm
833 4019 870 4080 ad
883 4019 1057 4101 Tonstallum
1067 4018 1187 4098 Anglnm
1197 4016 1256 4076 hec
1269 4015 1415 4077 scriherets
1427 4017 1476 4076 Er
1487 4017 1698 4092 chrysostomo

139 4118 168 4169 ir
179 4115 257 4173 Acta
267 4128 416 4174 verterem
425 4115 564 4175 homilias
578 4119 648 4175 treis
661 4137 670 4173 r
682 4116 768 4197 cnjus
785 4134 879 4195 operoe
892 4133 939 4175 me
951 4116 1095 4195 poenituit,
1108 4131 1175 4172 oum
1189 4111 1238 4169 hic
1251 4110 1329 4168 nibil
1343 4109 1476 4170 uiderem
1482 4110 1696 4185 chrysostomi.

143 4210 197 4265 Tuo
212 4221 313 4269 tarmen
325 4212 447 4270 hortatu
457 4214 552 4291 recepi
562 4210 691 4271 codicem
703 4214 737 4270 iu
745 4229 887 4274 manum.-
903 4210 956 4270 sed
976 4208 1052 4268 nihil
1066 4225 1197 4288 unquom
1210 4204 1267 4285 legi
1280 4205 1436 4266 indoctius.
1449 4205 1559 4264 Ebrius
1569 4224 1605 4264 ac
1625 4217 1697 4264 ster·

140 4315 195 4361 tens
206 4306 361 4363 scriberem
373 4303 505 4363 meliora.
518 4305 617 4364 Habet
622 4304 750 4386 frigidos
758 4303 929 4376 securiculas,
942 4323 994 4362 uec
1005 4303 1133 4362 eossatis
1142 4297 1293 4360 commode
1301 4305 1397 4378 potest
1415 4299 1572 4381 explicare.
1584 4297 1615 4356 ln
1626 4320 1695 4378 pra-

142 4391 228 4452 latione
236 4407 327 4455 autern
338 4394 553 4477 interpretationi
566 4415 622 4455 sna
631 4392 736 4456 Latine
747 4394 870 4477 prolixa,
879 4395 915 4454 de
926 4406 1036 4453 auctore
1044 4389 1257 4455 subdubitarese
1267 4388 1352 4464 dixit,
1368 4390 1454 4468 Quod
1464 4391 1562 4466 stylus
1577 4392 1696 4452 liaberet

139 4493 274 4549 concisiori
288 4490 430 4571 quiddam
443 4500 473 4549 et
481 4490 639 4571 abruptum
645 4513 660 4561 ,-
672 4489 705 4549 id
717 4491 825 4571 quoda
835 4489 939 4570 phrasi
953 4488 1159 4568 Chrysostomi
1170 4484 1291 4545 uidetur
1303 4484 1445 4544 alienum.
1458 4484 1490 4544 Si
1502 4483 1583 4545 docti
1593 4496 1694 4545 tamen

138 4587 284 4644 censebunt
295 4604 368 4665 opus
379 4585 591 4660 chrysostomo
604 4585 736 4668 dr’gnum,
749 4585 876 4644 libenter
886 4585 941 4644 hoc
951 4583 1097 4665 quidquid
1108 4593 1151 4642 est
1163 4581 1337 4661 suspicionis
1344 4598 1463 4660 porram.
1475 4578 1540 4638 llaec
1551 4578 1692 4658 Erasmus,

138 4678 180 4754 qui
191 4699 252 4738 cnm
261 4678 344 4739 semel
353 4677 527 4739 incidissetin
535 4677 595 4759 illa,
610 4699 670 4760 qun
678 4699 727 4740 nos
739 4678 792 4761 ipsi
802 4677 940 4739 incultact
950 4676 1087 4738 salebrosa
1100 4696 1157 4735 esse
1165 4674 1292 4754 iatemur,
1307 4693 1360 4734 non
1369 4672 1518 4734 edvcrdssc
1526 4670 1697 4733 videturalia

139 4768 331 4831 hisintermixta
339 4792 405 4848 esse,
418 4790 480 4851 quae
490 4770 716 4854 Chrysostomum
728 4792 793 4834 vere
801 4770 908 4854 sapient
919 4782 946 4832 et
960 4782 1033 4832 tanto
1045 4767 1156 4829 doctore
1168 4765 1250 4848 digna
1265 4765 1326 4827 sint
1335 4766 1406 4825 lluic
1417 4763 1560 4846 subjunxit
1575 4764 1696 4827 Savilius

137 4865 260 4926 iacchum
269 4866 394 4946 Billinm,
403 4865 454 4945 qui
464 4864 578 4927 Erasmo
587 4888 693 4950 semper
700 4866 831 4947 infensus,
840 4865 919 4945 dicit,
928 4865 981 4926 hoo
991 4865 1020 4925 in
1032 4868 1099 4924 Acta
1108 4862 1299 4945 Apostolorum
1311 4861 1382 4921 libro
1397 4858 1465 4919 nihil
1479 4858 1547 4939 fingi
1557 4878 1634 4940 posse
1641 4861 1695 4920 cle-
1750 4888 1754 4892 ·

136 4959 244 5039 potins,
256 4960 382 5042 nihilque
396 4960 592 5042 chrysostomo
600 4961 725 5044 dignius,
739 4961 787 5023 sed
796 4962 862 5023 huic
872 4960 984 5044 opponit
998 4958 1162 5020 Flaminium
1185 4956 1337 5031 Nobilium,
1349 4954 1396 5034 qni
1410 4973 1464 5013 non
1474 4966 1553 5034 nogat
1564 4954 1614 5013 hoc
1625 4976 1695 5037 opus

136 5052 314 5136 Chrysouont
323 5076 392 5133 esse,
402 5054 452 5116 sed
466 5055 505 5116 ait
516 5071 615 5118 scatere
627 5057 743 5137 mendis,
757 5068 785 5118 et
800 5056 889 5119 videri
897 5076 932 5117 ex
945 5054 1062 5116 diversis
1071 5053 1245 5114 librariorum
1264 5049 1373 5130 scriptis
1395 5048 1618 5109 consarcinatum.
1634 5052 1693 5110 Dc·

135 5168 255 5228 mumque
266 5171 343 5211 suam
355 5148 483 5212 Sevilius
493 5149 571 5211 effert
584 5149 745 5233 opinionem,
756 5150 848 5234 aitque
859 5170 929 5234 opus
947 5149 1058 5230 pidem
1078 5147 1243 5208 salebrosum
1261 5157 1289 5204 et
1302 5143 1463 5226 perplexum
1478 5162 1545 5222 osse,
1562 5163 1594 5201 ac
1609 5144 1694 5204 mtrlta

133 5239 225 5304 hohen
238 5245 418 5322 ὗποσόλοικαῑ
431 5241 479 5306 sod
492 5244 614 5324 medem
624 5245 725 5327 passim
737 5246 797 5307 auri
807 5257 937 5324 iamenu,
946 5240 1126 5325 quae·nonnisi
1137 5240 1174 5301 ah
1185 5258 1266 5300 aurea
1275 5236 1323 5298 illa
1335 5257 1404 5300 rena
1417 5257 1526 5297 manare
1535 5249 1696 5318 potueruut;
