3728 5978
511 534 544 581 ιιι
571 508 658 580 κατι
685 533 939 582 ιιοετοιοιιιιιι.
968 533 1087 582 nonin.
1114 534 1183 582 niv.
1565 513 1637 608 445
1707 508 1711 516 ’

70 658 181 730 άνεῑλεν,
196 656 268 717 ἀλλὰ
280 655 363 735 ταύτῃ
386 659 485 733 μᾶλλον
498 656 649 736 ὠρελησεν·
664 656 776 716 άκουσον
786 656 838 736 γάρ
891 655 933 715 dit
938 680 947 733 3
960 655 1006 716 sed
1019 657 1058 716 sic
1070 656 1110 715 illi
1124 655 1210 736 magis
1221 655 1324 736 proluit
1335 657 1413 716 :aridi
1425 656 1499 718 'enim
1513 658 1580 737 quid
1591 657 1634 718 di-

68 748 92 807 τί
104 770 189 828 φησι·
209 747 296 819 Φωνὴ
318 745 430 825 αίματος
441 754 487 808 τοῦ
508 749 618 826 ἀδελφοῦ
631 769 678 805 σου
701 750 752 828 βοᾷ
773 746 839 828 πρός
892 762 951 807 cet:
966 752 1029 807 Vox
1041 752 1192 830 sanguinis
1203 750 1317 831 fratris
1329 753 1373 809 tui
1385 750 1497 810 elamat
1510 751 1553 809 ad
1566 765 1730 829 mental.
1747 779 1783 813 ιο.

69 860 114 913 με·
137 838 185 897 καί
213 837 296 898 πάλιν
317 841 451 918 ἀλλαχοῦ,
477 838 591 915 Αίματι,
613 838 694 918 φησί,
719 850 837 920 κρεῖττον
891 840 1272 921 etrursusulibizSonguine
1280 841 1384 900 melius
1395 843 1530 923 loquente
1541 861 1632 924 quam
1643 858 1711 904 tteoe.
1731 873 1768 905 ια.

67 929 189 988 λαλοῦντι
204 929 279 1011 παρδ
291 929 336 988 τὸν
350 928 607 999 'semimutato
622 930 699 989 αιἰτδν
713 935 760 1003 τῆς
774 933 837 1002 άδη·
891 929 978 990 Atel.
994 930 1135 991 Liberavit
1148 930 1227 990 illum
1247 931 1282 990 ab
1295 931 1396 991 incerto
1410 931 1513 1009 futuri,
1527 953 1631 993 meroe·
1643 924 1683 978 ’θ’

66 1019 123 1088 λίας
138 1027 187 1080 τοῦ
201 1020 358 1099 μίλλοντος,
370 1022 415 1081 τὸν
431 1020 522 1100 μισθὸν
536 1020 633 1094 ηὔξησε
646 1043 652 1058 ·
667 1020 716 1094 τὴν
732 1023 838 1101 ἀγάπην
891 1020 953 1081 dem
975 1023 1207 1085 auxitenovimus
1230 1044 1322 1084 ornnes
1343 1023 1526 1104 dilectione,
1550 1046 1635 1104 quam

66 1112 198 1191 ἐμάθομεν
211 1113 321 1187 πάντας,
332 1112 365 1184 ἣν
379 1118 394 1172 ὁ
406 1111 475 1180 Θεδς
487 1112 549 1193 ἔσχε
560 1114 626 1193 πρὸς
637 1112 723 1174 αθτόν.
737 1117 763 1173 Τ
765 1114 774 1172 ί
786 1113 838 1195 γὰρ
891 1116 965 1174 Deus
977 1135 1040 1194 erge
1058 1115 1137 1173 illum
1155 1115 1260 1174 habuit.
1275 1117 1307 1175 ln
1322 1115 1470 1194 quolenus
1486 1130 1539 1196 est,
1553 1117 1635 1178 citius

66 1203 206 1278 ἠδίκηται,
220 1204 358 1283 δεξάμενος
370 1205 463 1285 τάχιον
476 1203 526 1277 τὴν
538 1205 677 1278 miserim
692 1205 794 1266 Οθδίν·
811 1206 838 1265 τί
891 1219 976 1264 morte
989 1206 1111 1264 sublatus
1121 1205 1135 1264 ‚³
1144 1206 1176 1264 ln
1191 1205 1266 1266 nullo
1279 1206 1365 1283 equid
1379 1207 1461 1285 enim,
1476 1226 1577 1286 quaeso,
1591 1207 1634 1267 lu-

65 1297 130 1376 γθρ,
144 1296 204 1355 ιίπί
223 1319 285 1374 μοι,
298 1299 322 1355 οἱ
338 1296 443 1376 βράδιον
462 1299 631 1364 τελευτῶντες
646 1296 837 1376 κιρδαίνουσινς
890 1296 1037 1356 mauturii
1058 1297 1105 1376 qui
1126 1296 1232 1356 tardius
1253 1297 1427 1357 moriuntur?
1441 1297 1635 1378 Nihileneqne

66 1387 169 1447 Οὐδέν·
188 1388 249 1448 οὐδὲ
265 1387 317 1469 γάρ
331 1386 404 1467 παρά
424 1389 455 1448 τό
472 1389 559 1448 πολλὰ
576 1393 622 1468 ζῇν
637 1389 683 1462 ίτη
697 1387 714 1460 ἢ
730 1389 807 1469 ὀλίγα
819 1395 836 1461 ἡ
890 1388 961 1448 enim
974 1388 1087 1449 felicitas
1099 1411 1135 1448 ex
1149 1389 1205 1451 rita
1220 1391 1265 1449 vel
1278 1391 1359 1471 longa
1373 1392 1417 1453 vel
1431 1391 1506 1452 brevi
1519 1391 1630 1472 pendet,

66 1478 205 1559 εθημερία,
218 1478 287 1540 ἀλλὰ
300 1479 374 1560 παρὰ
392 1480 422 1539 τὸ
437 1483 473 1549 τίς
488 1479 545 1540 δίον
559 1485 706 1561 κεχρῆσθαι
723 1486 755 1560 τῇ
772 1487 836 1562 ζωῇ.
854 1489 874 1535 Ι)
890 1481 938 1541 sed
949 1503 985 1540 ex
993 1503 1035 1561 eo,
1050 1482 1124 1561 quod
1137 1483 1193 1541 vita
1204 1484 1272 1542 bene
1287 1496 1404 1544 utemur.
1419 1485 1488 1544 Tres
1502 1485 1579 1566 pueri
1591 1485 1632 1543 in·

67 1575 102 1630 0t
116 1579 187 1650 τρεῖς
203 1572 296 1639 παῖδας
315 1571 493 1644 ἐνεόλήθησαν
517 1577 554 1640 είς
575 1574 700 1652 κάμινον,
724 1575 769 1634 καί
794 1574 837 1635 διὰ
887 1571 952 1651 jeeti
973 1573 1084 1632 suntin
1106 1573 1251 1647 fornacem,
1270 1587 1297 1632 et
1316 1574 1381 1633 hine
1397 1574 1523 1634 clariores
1545 1574 1634 1634 effecti

66 1661 157 1723 τοότω
168 1663 293 1744 γεγόνασι
305 1663 502 1745 λαμπρότεροι·
515 1670 529 1724 ό
546 1663 649 1738 Δανιὴλ
667 1669 703 1732 τίς
723 1665 837 1738 λάκκον,
890 1679 953 1725 ενοι
961 1665 1070 1726 :Daniel
1081 1665 1109 1724 in
1116 1665 1316 1743 lucum,etinde
1325 1665 1493 1747 splendidior
1503 1666 1633 1727 aseendit.

67 1753 240 1814 anteversum
252 1754 471 1836 περιφανέστερος
483 1757 606 1829 καθίστη.
1543 1781 1549 1792 ·

74 1878 77 1883 “
104 1855 189 1938 Ὁρᾷς
209 1865 346 1938 πανταχοῦ
361 1858 422 1925 τοὺς
440 1859 603 1942 πειρασμοὺς
616 1864 721 1942 μεγάλα
734 1862 835 1924 elme.
929 1851 1050 1912 &Vides
1064 1852 1164 1931 ubique
1177 1852 1541 1934 tentationesmegnaparere
1550 1854 1633 1927 Mna,

66 1972 111 2016 τας
125 1946 213 2028 ἀγαθὰ
226 1949 272 2007 καὶ
285 1951 412 2021 rnatum,
427 1951 492 2029 μήτ,
503 1976 533 2030 γε
544 1956 614 2013 ἐκεῖ·
630 1955 674 2014 ἐπὶ
689 1954 716 2013 δὲ
731 1959 778 2026 ,ἧς
789 1979 837 2015 κα.
889 1943 970 2003 etiarn
985 1944 1048 2023 hie,
1062 1958 1163 2024 quanto
1182 1944 1269 2025 magis
1285 1943 1359 2006 illie!
1371 1946 1402 2004 ln
1419 1944 1522 2007 mulitia
1543 1958 1633 2004 eutem
1669 1985 1785 2031 Temo·

65 2040 123 2108 κίας
140 2039 238 2099 ταύτὸν
259 2040 372 2119 γίνεται,
395 2033 448 2102 οἷον
469 2042 500 2101 άν
521 2043 545 2102 εἴ
563 2069 602 2111 τις
626 2045 746 2124 κάλαμον
769 2048 837 2127 ἔχων
889 2037 963 2096 idem
971 2037 1069 2112 euenit,
1078 2058 1110 2097 uc
1124 2037 1146 2096 si
1160 2037 1222 2116 quis
1231 2037 1365 2097 calumum
1375 2038 1487 2111 habens,
1496 2035 1635 2117 praelietur
1643 2065 1690 2127 υυιΙ
1709 2064 1786 2107 magna

64 2131 260 2211 παρατάττοιτο
278 2131 344 2212 πρὸς
367 2139 439 2214 πῦρ·
457 2140 471 2193 ό
493 2134 544 2215 γάρ
564 2143 680 2203 τοιοῦτος
700 2137 771 2197 δοκεῖ
789 2136 837 2216 μὲν
890 2144 982 2188 contra
999 2130 1106 2208 ignem:
1121 2128 1231 2187 videtur
1244 2129 1314 2188 enim
1334 2129 1424 2207 ignem
1437 2132 1593 2209 percutere,
1608 2121 1732 2220 etffif¹¹¹¹¹¹
1745 2112 1786 2155 Μ

63 2224 188 2297 πλήττειν
211 2223 242 2283 τὸ
265 2229 332 2304 πῦρ,
352 2224 415 2283 αὐτὸ
436 2224 464 2283 δὲ
484 2226 668 2308 λαμπρότερον
685 2237 773 2299 ποιεῖ,
792 2229 837 2288 καὶ
889 2222 981 2303 ipsum
989 2221 1164 2301 fulgidiorem
1176 2223 1249 2297 facit,
1259 2236 1285 2280 et
1294 2223 1412 2303 seipsum
1424 2222 1633 2282 consumitlle·

64 2315 155 2374 ἑαυτὸν
175 2312 324 2374 ἀναλίσκει.
344 2315 436 2396 Τροφὴ
456 2317 509 2396 γάρ
527 2318 627 2396 γίνεται
642 2322 660 2388 ἡ
682 2317 778 2392 κακία,
791 2319 837 2378 καί
888 2313 948 2372 litia
957 2334 1074 2392 nemque
1082 2313 1177 2373 virtuti
1186 2313 1344 2371 alimentum
1355 2326 1380 2371 et
1391 2311 1541 2392 splendoris
1553 2333 1635 2372 oeca-

63 2406 186 2474 θπόθεσις
199 2405 387 2487 λαμπρότητος
400 2412 433 2487 τῇ
449 2410 529 2487 ἀρετῇ
542 2432 549 2444 ·
569 2413 602 2489 τῇ
622 2408 674 2489 γάρ
691 2409 781 2489 άδικία
801 2413 837 2478 εἰς
889 2402 929 2463 sio
940 2417 981 2463 est
994 2427 1000 2461 :
1015 2424 1078 2462 nem
1090 2404 1149 2462 Deo
1162 2401 1294 2483 injustitia
1309 2416 1338 2461 ut
1351 2424 1420 2483 opus
1432 2416 1472 2461 est
1481 2416 1580 2480 utente,
1593 2424 1636 2463 res

64 2499 119 2559 δίον
129 2503 176 2558 τοῦ
187 2501 258 2560 Θεοῦ
268 2498 419 2580 χρωμένου,
433 2499 467 2557 τά
480 2500 597 2580 ἡμέτερα
609 2501 711 2580 λάμπει
725 2504 835 2581 μᾶλλον.
853 2508 871 2555 Ε
888 2510 985 2556 nostrae
1002 2494 1088 2575 magis
1100 2495 1212 2574 fulgent.
1227 2497 1349 2554 Rursum
1365 2493 1491 2554 diabolus
1504 2515 1568 2554 eum
1579 2495 1632 2554 tale

63 2591 152 2650 Πάλιν
165 2596 181 2652 ὁ
194 2590 316 2657 διάόολος
335 2592 397 2651 όταν
420 2593 562 2674 ἐργάζηταί
577 2617 604 2653 τι
617 2600 749 2665 τοιοῦτον,
765 2598 836 2674 λαμ·
887 2588 1029 2670 quidpiam
1039 2586 1283 2669 operatur,eosqui
1292 2586 1636 2668 patiunturspleudidiores

63 2682 206 2762 προτέρως
219 2691 289 2742 ποιεῖ
298 2682 356 2750 τοὺς
367 2684 553 2762 ὑπομένοντας.
568 2687 593 2744 Τ
596 2683 605 2742 ί
615 2675 675 2759 οὗν,
686 2686 764 2766 φησὶν
773 2733 781 2760 ,
791 2686 836 2747 ἐπὶ
887 2679 987 2741 reddit.
995 2682 1050 2740 Cur
1060 2701 1133 2760 eqo,
1144 2679 1257 2757 inquies,
1266 2679 1405 2739 inAdemo
1416 2680 1468 2740 hoe
1476 2682 1636 2743 nonfurtum

63 2779 108 2832 ros
120 2770 207 2848 Ἀδάμ
220 2771 250 2831 σθ
263 2768 373 2851 ὴγέγονε
384 2779 473 2846 τοῦτο,
495 2774 553 2831 ἀλλ’
566 2771 719 2852 ἀτιμότερος
732 2772 835 2854 γέγονε,
887 2786 937 2849 est,
952 2772 999 2832 sed
1011 2771 1057 2832 ille
1068 2770 1272 2852 ignominiosior
1284 2786 1323 2832 est
1334 2770 1576 2832 redditustsstiam
1587 2774 1635 2834 illo

64 2864 193 2924 Μάλιστα
206 2861 255 2941 μὲν
270 2862 383 2942 κάκείνῳ
394 2863 485 2932 όΘεθς
496 2866 531 2930 είς
542 2864 598 2924 δίον
613 2865 760 2947 ἐχρήσατο·
775 2869 798 2925 εί
807 2866 835 2926 δι’
884 2862 918 2924 'ut
933 2887 983 2947 par
992 2879 1049 2924 erat
1059 2885 1124 2925 usus
1137 2878 1175 2923 est
1181 2865 1270 2940 Deus;
1286 2864 1310 2924 si
1324 2885 1389 2925 vero
1402 2863 1469 2943 quid
1479 2887 1573 2945 pessus
1586 2867 1633 2946 sit,

63 2955 114 3015 ποό
133 2981 160 3015 τι
180 2954 291 3028 ἔπαθεν,
311 2954 388 3020 αὐτὸς
408 2956 501 3015 ἑαυτὸν
515 2954 644 3028 ἠδίκησε·
665 2955 699 3016 τά
721 2956 770 3035 μίν
784 2956 836 3037 γάρ
888 2957 1072 3041 ipseseipsum
1082 2957 1234 3017 laesittnam
1243 2956 1345 3037 quaeab
1355 2956 1417 3017 aliis
1426 2957 1504 3016 nohis
1514 2957 1635 3019 inferun-

62 3051 127 3127 παρ’
147 3047 245 3127 θτίρων
266 3048 302 3113 εἰς
320 3050 392 3125 ἡμᾶς
405 3047 529 3125 γινόμενα
544 3049 666 3129 μεγάλων
682 3054 746 3126 ἡμῖν
766 3052 836 3128 ἀγα·
889 3064 945 3128 tur,
952 3072 1112 3132 magnorum
1132 3051 1210 3111 nobis
1229 3051 1364 3110 bonorum
1383 3071 1469 3110 cuusae
1483 3064 1559 3127 sunt;
1573 3074 1633 3131 quae

62 3141 115 3196 θῶν
134 3138 208 3199 αίτια
228 3136 347 3216 γίνεται,
362 3138 396 3198 τά
416 3139 444 3198 δὲ
458 3143 522 3219 παρ’
543 3144 621 3218 ἡμῶν
639 3143 724 3200 αὐτῶν
738 3141 835 3202 οόκίτι.
889 3157 979 3204 eutem
990 3165 1005 3201 a
1016 3142 1093 3203 nobis
1104 3142 1182 3223 ipsis,
1195 3163 1249 3202 non
1263 3140 1337 3202 item.
1350 3141 1422 3214 Quia
1432 3140 1503 3201 enim
1519 3141 1555 3201 ab
1573 3143 1635 3204 aliis

61 3231 176 3303 Ἐπειδὴ
193 3229 246 3313 γάρ
259 3231 424 3308 ἀδικούμενοι
445 3231 492 3309 μὲν
506 3231 550 3312 ὑφ’
564 3231 676 3311 ἑτάρων,
691 3237 835 3314 ἀλγοῦμεν,
889 3236 945 3296 laesi
954 3236 1088 3313 dolemus,
1098 3257 1115 3294 a
1126 3232 1204 3295 nobis
1215 3248 1305 3293 autem
1315 3234 1382 3315 ipsis
1392 3253 1444 3293 non
1455 3235 1532 3315 item,
1545 3250 1633 3297 osten-

61 3323 112 3383 ῦπὸ
126 3323 155 3384 δὲ
169 3326 247 3402 ἡμῶν
265 3325 350 3382 αὐτῶν
370 3323 472 3394 οὐκέτι,
494 3323 622 3383 δείκνυσιν
639 3329 653 3384 θ
670 3324 754 3401 Θεὸς,
768 3327 835 3388 ότιθ
888 3328 931 3388 dit
940 3331 1014 3388 Deus
1027 3350 1100 3407 eum,
1116 3327 1163 3407 qui
1177 3326 1279 3386 abrelio
1295 3327 1394 3407 injuste
1403 3315 1513 3407 patitur,
1529 3327 1633 3389 clanim

61 3414 110 3492 μὲν
129 3418 195 3496 παρ’
221 3413 309 3495 ἑτέρου
332 3415 429 3483 ἀδίκως
450 3415 578 3497 πάσχων,
600 3418 748 3497 εὐδοκιμεῖ,
773 3425 787 3480 ό
807 3421 953 3504 dimerse,
966 3442 1028 3481 eum
1041 3441 1118 3494 ναι),
1130 3420 1178 3499 qui
1187 3420 1306 3500 seipsum
1315 3417 1398 3496 laedit,
1410 3419 1540 3480 damnum
1548 3423 1632 3484 ferre:

60 3505 154 3565 ἑαυτὸν
175 3508 287 3580 ἀδικῶν,
305 3508 466 3586 βλάπτεται·
481 3509 547 3567 Ικαὶ
568 3508 641 3586 pede
656 3509 777 3585 εἰκότως,
791 3510 835 3571 ίνα
851 3520 870 3565 Α
888 3529 915 3574 et
924 3516 986 3596 jure
999 3514 1123 3592 quidem,
1143 3526 1172 3571 ut
1189 3511 1259 3571 illud
1273 3512 1379 3571 fortiter
1391 3512 1526 3592 feremus,
1539 3529 1566 3574 ct
1579 3537 1631 3576 non

60 3602 145 3659 ἐκεῖνο
159 3598 208 3677 μὲν
222 3600 346 3679 γενναίως
356 3601 488 3681 φέρωμεν,
502 3607 579 3662 τοῦτο
593 3601 619 3662 δὲ
631 3603 735 3679 μηκέτι·
748 3604 835 3673 άλλως
888 3608 939 3669 hoe
949 3633 956 3667 ι
966 3606 1087 3687 alioquin
1097 3627 1162 3666 vero
1174 3619 1260 3665 totum
1272 3605 1310 3664 ihi
1322 3604 1632 3668 fuitAdami.Cur'enim

60 3689 197 3750 τετὸπᾶν
210 3688 284 3750 ”luci
295 3699 341 3752 τοῦ
353 3692 436 3770 Ἀδάμ
446 3692 545 3772 γέγονε.
561 3693 614 3754 Διὰ
627 3695 654 3753 τί
666 3695 718 3776 γάρ
732 3695 834 3757 ἐπείθου
887 3701 1014 3762 credebas
1033 3698 1160 3759 mulieri?
1175 3720 1225 3759 cur
1242 3696 1355 3758 adversa
1376 3697 1557 3759 consulentem
1578 3723 1631 3762 nou

60 3785 92 3859 τῇ
107 3780 229 3859 γυναικί,
245 3781 288 3842 διά
307 3783 335 3842 τί
349 3785 400 3864 γάρ
420 3785 525 3843 ἐναντία
543 3785 772 3863 συμόουλεόουσαν
787 3789 835 3845 οὐκ
888 3789 1203 3874 ουριιίίειὶῖίΤιιοιαοίιιο
1215 3789 1242 3848 in
1256 3810 1335 3848 causa
1351 3789 1427 3849 fuisti
1437 3813 1443 3846 :
1455 3811 1517 3850 nam
1531 3792 1554 3851 si
1567 3791 1630 3852 dia-

61 3871 234 3953 άπεκρσίσω;
251 3872 290 3933 Σὺ
315 3876 421 3942 πάντως
438 3875 547 3955 γε’γονας
565 3876 661 3949 αἴτιος,
675 3878 767 3951 ἐπειδὴ
783 3881 834 3938 stt
886 3885 966 3943 bolus
977 3885 1091 3943 incensa
1101 3895 1180 3959 esset,
1191 3894 1326 3961 oporteret
1336 3882 1482 3959 omnesqui
1495 3896 1632 3945 tentantur

61 3963 183 4031 διάόολος
196 3956 238 4039 ἦν,
252 3965 304 4025 ἔδει
317 3965 387 4025 κατὰ
398 3973 474 4027 τοῦτο
484 3967 543 4033 τοὺς
552 3967 755 4050 πειραζομένους
769 3971 833 4030 πάν·
885 3972 986 4052 perire:
995 3969 1068 4051 quod
1077 3970 1099 4028 si
1110 3990 1162 4028 non
1172 3981 1294 4049 percunt,
1313 3968 1340 4025 in
1353 3968 1430 4026 nubis
1443 3985 1583 4030 causaest.
1596 3975 1630 4030 At

60 4077 106 4122 τας
125 4055 311 4116 ἀπόλλυσθαι·
327 4061 350 4116 εἰ
364 4057 391 4118 δὲ
412 4057 450 4136 μὴ
466 4058 641 4134 άπολλυνται,
655 4063 718 4142 παρ’
731 4067 831 4138 ἡμῦςὴ
886 4076 1027 4144 oporteret,
1036 4061 1150 4139 inquies,
1159 4080 1251 4119 omnes
1260 4058 1308 4137 qui
1318 4072 1628 4143 tententurrecteagcre;

61 4147 141 4207 αἰτία.
155 4150 226 4207 Ἀλλ’
247 4149 315 4223 ἔδει,
329 4152 409 4230 φησὶ,
430 4153 531 4219 πάντας
551 4151 610 4220 τοὺς
629 4153 833 4234 πειραζομένους
885 4153 940 4227 vel,
955 4153 978 4213 si
994 4174 1041 4212 nos
1052 4153 1080 4210 in
1094 4172 1173 4210 causa
1187 4170 1299 4224 sumus,
1314 4149 1395 4209 etiam
1408 4151 1510 4231 absque
1520 4152 1630 4215 diabolo

60 4238 239 4319 κατορθοῦν,ἣ
254 4243 277 4298 εί
291 4245 354 4321 παρ’
368 4248 441 4320 ἡμᾶς
452 4248 469 4314 ά,
482 4243 564 4318 αἰτία,
576 4245 629 4303 ἔδει
639 4244 684 4302 καὶ
694 4244 776 4325 χωρίς
787 4253 833 4306 τοῦ
850 4248 868 4295 Β
886 4241 1257 4326 pcrirelllocetiameueni15
1270 4262 1332 4300 uam
1343 4241 1421 4302 mulii
1433 4243 1514 4304 etiam
1526 4246 1630 4326 absque

60 4332 183 4391 διαβόλου
208 4330 387 4404 άπόλλυσθαι;
408 4336 494 4394 Τοῦτο
513 4336 558 4394 καὶ
579 4335 698 4414 γίνεται·
724 4337 769 4396 καί
780 4336 832 4419 γάρ
885 4337 1131 4418 diabolopereunt:
1143 4333 1307 4414 nequeenim
1319 4333 1568 4413 illeomniueffieit,
1579 4340 1630 4400 sed

59 4423 153 4482 πολλοὶ
173 4422 219 4482 καί
235 4423 318 4503 χωρίς
339 4432 384 4484 τοῦ
405 4425 527 4486 διαόολου
549 4428 709 4487 ἀπολλυνται
719 4451 724 4464 ·
736 4431 766 4488 οὐ
781 4426 833 4508 γάρ
885 4429 966 4490 etium
981 4430 1067 4489 multa
1081 4429 1151 4487 sumt
1163 4449 1198 4487 cx
1212 4426 1321 4508 ignavia
1335 4443 1423 4488 nostra
1439 4455 1445 4486 :
1460 4430 1534 4510 quod
1548 4431 1570 4491 si
1583 4433 1630 4492 ille

59 4514 89 4587 δὴ
103 4515 195 4574 πάντα
207 4517 284 4580 αὐτὸς
302 4518 508 4589 κατασκευάζει,
526 4517 595 4577 &ill
614 4519 700 4578 πολλθ
713 4519 759 4578 καί
780 4518 833 4578 eet
886 4526 913 4585 in
928 4547 1007 4585 caussa
1020 4524 1065 4596 sit,
1079 4522 1157 4582 nohis
1169 4522 1263 4602 utique
1275 4544 1368 4582 ausum
1379 4525 1568 4605 prebentibus.
1577 4528 1629 4588 Dic

59 4607 139 4683 μόνης
155 4605 257 4685 γίνεται
270 4611 318 4678 τῆς
332 4608 439 4674 νωθείας
453 4613 500 4679 τῆς
521 4609 651 4690 ἡμετέρας
664 4635 670 4647 ·
690 4614 712 4670 εἰ
734 4611 763 4671 δέ
781 4634 832 4671 που
886 4619 958 4679 enim
972 4616 1039 4676 mihi
1053 4614 1226 4696 quandonam
1239 4614 1366 4674 diabolus
1378 4629 1482 4675 tantum
1497 4618 1583 4678 valirit
1598 4621 1624 4678 iu

57 4703 177 4765 κᾶκεῖνσς
192 4698 275 4766 tim(
285 4741 292 4769 ν
308 4702 384 4775 ἡμῶν
400 4699 448 4771 rip
472 4701 556 4780 ἅρχίν
570 4701 748 4783 παρεχόντων·
765 4704 832 4764 Εἶπί
886 4707 1133 4779 Judathuando
1155 4706 1291 4785 ingressus
1312 4719 1362 4778 est,
1384 4705 1499 4786 inquies,
1523 4707 1550 4766 in
1564 4731 1627 4770 eum

58 4791 107 4872 γσῖρ
129 4815 190 4869 μσῑ,
216 4789 280 4848 mitt
303 4795 317 4850 δ
338 4790 458 4859 &litlot
482 4793 589 4873 ἴσχυσεν
610 4794 654 4852 ἐπὶ
675 4801 721 4853 τσῦ
733 4796 833 4867 'iodim
885 4815 999 4861 sutrinus.
1015 4797 1069 4859 Sed
1084 4797 1148 4857 audi
1162 4819 1288 4856 causam:
1305 4796 1369 4876 quia
1384 4798 1429 4855 sur
1442 4811 1508 4869 eret,
1528 4813 1554 4858 ct
1567 4822 1627 4878 qum

59 4880 122 4941 Ὅτε
138 4884 253 4956 εἶσῆλθε,
265 4884 359 4962 φησὶν,
373 4886 409 4950 εἷς
422 4885 500 4943 αὐτὸν
513 4890 527 4943 ὁ
538 4887 661 4951 obtutis·
676 4885 744 4945 Ἀλλ’
757 4886 832 4946 ἄκου-
886 4893 1101 4954 immittebantur
1117 4890 1250 4971 portabat.
1266 4890 1326 4969 lpse
1339 4888 1415 4947 dedit
1430 4889 1470 4948 illi
1486 4889 1569 4949 lutum
1587 4891 1628 4951 in-

59 4997 101 5031 σσν
115 4975 164 5045 τὴν
182 4974 286 5032 σίτίσν’
306 4975 346 5032 θ’τι
364 4977 478 5046 κλέπτης
500 4969 545 5047 ἦν,
564 4978 609 5035 καὶ
628 4977 662 5036 τὰ
683 4979 832 5057 βαλλόμενα
886 4984 1024 5066 grelliendi
1036 4983 1166 5064 spatium:
1177 4996 1203 5042 et
1213 4982 1249 5040 itu
1260 5003 1311 5041 uon
1322 4981 1447 5041 diabolus
1455 4983 1562 5043 initium
1570 4986 1627 5062 dut,

60 5076 210 5145 ἐβάσταζεν,
227 5076 310 5140 Αὐτὸς
324 5075 418 5134 ἔδωκεν
432 5078 503 5155 αὐτῷ
521 5077 681 5157 εὐρυχωρίαν
698 5081 744 5150 τῆς
760 5079 830 5139 είσό-
887 5078 932 5137 scd
948 5099 996 5140 uos
1010 5077 1088 5136 illurn
1108 5073 1251 5154 recipimus
1270 5086 1295 5132 et
1316 5095 1451 5135 vocemus
1458 5077 1572 5156 Verum,
1586 5077 1627 5139 in-

91 5256 309 5322 ί·[θῖι1ὶιὶ-,έγονε’τι
320 5260 462 5311 carestelli}
471 5256 550 5307 altero
558 5259 821 5327 consentiuntCodd.]
904 5263 915 5300 ¹²
934 5270 977 5314 ἐκεῖ
988 5258 1057 5311 deest
1069 5259 1094 5309 in
1107 5273 1156 5308 uino
1165 5253 1267 5311 Codice.

90 5353 99 5376 ³
117 5337 191 5403 flue,
206 5346 244 5390 καὶ
252 5343 320 5405 μάλα
334 5346 433 5401 sititor„
444 5335 535 5389 desunt
546 5338 572 5390 in
586 5355 646 5392 un0.
