3728 5978
242 380 314 476 456
892 349 897 362 ι
930 411 1115 459 νιιπνντιο.

238 544 363 612 pastore,
376 532 465 591 sirnul
474 532 646 608 clamantes,
664 532 753 590 simul
762 532 841 590 dicta
858 533 1020 604 audientes,
1035 533 1124 592 simul
1136 553 1235 613 preces
1246 537 1419 611 emittentes,
1434 548 1461 596 et
1475 557 1604 616 pugnam
1620 538 1806 596 seditionem-

241 645 297 703 que
308 645 450 683 memoras
465 630 478 680 ἓ
491 626 627 704 Pugaam
639 645 776 697 memoro,
791 646 844 684 aec
854 629 971 684 insanio
984 646 1036 684 nec
1050 638 1147 684 mente
1156 619 1260 715 'captps
1269 648 1344 686 sum.
1360 628 1451 687 Video
1466 632 1545 686 enim
1557 628 1613 687 illa
1624 649 1691 710 quoe
1704 630 1804 699 uideo,

239 723 356 800 scioque
369 740 421 778 rios
434 722 486 778 sub
504 721 604 778 eodem
617 732 695 800 septo
709 741 771 780 esse
786 733 814 780 et
825 733 951 801 pastore.
968 719 1042 792 Quid
1058 719 1181 779 clarius?
1195 721 1375 789 Ceneionator
1396 721 1452 802 ipse
1467 723 1679 804 Clrrysostomus
1696 722 1807 804 perinde

239 826 319 892 atque
331 812 447 894 populus
464 813 516 895 sub
533 828 638 895 pastore
656 829 704 892 est,
718 836 815 896 nempe
828 816 880 875 sub
898 815 1031 875 Flaviano
1044 815 1180 897 episeopo,
1199 815 1375 897 proindeque
1381 817 1560 877 Antiochenos
1575 817 1739 896 alloquitur,
1754 838 1805 876 non

238 921 328 968 autem
348 909 667 990 Constantinopolitanos,
688 931 803 988 quorum
820 911 886 992 ipse,
907 909 976 970 dum
995 910 1226 991 Constantinopoli
1245 925 1320 986 esset,
1337 926 1429 992 pastor
1447 912 1600 993 precipuus
1617 925 1645 972 et
1662 912 1807 993 episcopus

238 1005 411 1085 semper‘luit.
425 1005 457 1063 ln
468 1005 561 1064 multis
570 1004 822 1081 antehachomiliis,
838 1004 885 1063 ubi
899 1019 1034 1086 pastorem
1044 1025 1202 1085 supremum
1216 1005 1358 1065 memorari
1373 1005 1623 1080 animadvertimus,
1637 1006 1731 1065 statim
1744 1027 1806 1064 con-

238 1097 342 1159 cionem
355 1100 502 1158 Antiochiae
515 1099 637 1159 habitam
649 1099 730 1159 luisse
738 1120 801 1159 cum
812 1099 988 1160 Tillementio
1003 1098 1248 1182 pronuntiavimus.

277 1192 364 1268 Quid,
377 1193 450 1272 quod
464 1192 544 1253 etiam
560 1215 588 1253 se
606 1193 756 1254 Antiochia
770 1193 972 1254 concionantem
985 1215 1041 1254 esse
1056 1214 1103 1253 nec
1117 1192 1230 1253 obscure
1247 1193 1301 1253 alio
1316 1193 1345 1252 in
1364 1193 1424 1253 loeo
1438 1193 1597 1274 significat?
1611 1192 1646 1253 ld
1660 1207 1734 1253 certe
1746 1193 1804 1274 ipso

236 1289 414 1348 Tillemontio
425 1289 494 1351 dirce
507 1288 757 1364 animadvertimus,
770 1288 883 1348 homilia
897 1310 992 1370 nempe
1005 1287 1153 1368 trigesima,
1168 1309 1231 1370 pag.
1246 1289 1315 1362 lib,
1330 1289 1362 1362 C,
1374 1288 1422 1348 uhi
1433 1289 1473 1349 sic
1487 1290 1620 1371 populum
1631 1288 1782 1367 alloquitur
1795 1314 1801 1344 :

238 1386 262 1441 ιῖ
271 1383 324 1463 γδιρ
336 1383 404 1462 μετὰ
415 1389 536 1444 τοσοῦτον
547 1384 641 1466 χρόνον
654 1381 793 1455 εἰσιόντες,
805 1384 868 1445 ἔνθα
878 1383 964 1462 ἔμεινε
977 1385 1102 1458 Παῦλος,
1114 1383 1173 1447 ἔνθα
1186 1383 1280 1456 ἐδέθη,
1293 1381 1354 1442 ἔνθα
1365 1384 1520 1445 συνεκάθιοε
1531 1384 1577 1444 καὶ
1590 1384 1732 1464 διελέχθη,
1744 1408 1804 1443 πτε-

238 1475 368 1556 ροθμεθα,
382 1477 427 1535 καὶ
443 1474 507 1557 πρὸς
520 1475 568 1550 τὴν
583 1477 689 1555 μνήμην
706 1481 753 1549 τῆς
764 1475 864 1558 ἡμέρας
877 1476 930 1536 siah
940 1479 992 1536 τῶν
1006 1476 1094 1537 τόπων
1106 1476 1355 1556 παραπεμπόμεθα·
1370 1476 1410 1536 ἔτι
1423 1477 1555 1558 νεωτέρων
1570 1482 1624 1537 τῶν
1635 1479 1802 1559 πραγμάτων

236 1568 329 1640 ὄντων,
344 1567 371 1626 τί
386 1567 500 1648 πάσχειν
514 1569 582 1636 εθκδς
599 1568 658 1637 τοὺς
673 1571 731 1647 μετ’
746 1568 883 1636 εὖλαὸεθας
901 1567 1106 1649 ξενοδοχοῦντας.
1121 1567 1155 1627 ld
1170 1581 1210 1627 est
1225 1591 1232 1625 :
1249 1569 1328 1626 Nam
1346 1571 1372 1626 si
1387 1588 1439 1628 nos
1450 1581 1516 1649 post
1530 1581 1649 1628 tantum
1665 1573 1801 1649 temporis

235 1665 363 1741 spatium
374 1662 427 1721 illo
437 1666 570 1743 ingressi,
578 1665 629 1721 uhi
639 1660 753 1721 Paulus
765 1664 913 1732 marcebat,
930 1662 980 1718 uhi
995 1660 1102 1740 ligatus
1113 1671 1165 1736 est,
1179 1663 1227 1718 ubi
1237 1660 1312 1719 sedit
1322 1673 1351 1720 et
1364 1661 1509 1736 disseruit,
1523 1665 1609 1742 quasi
1619 1661 1679 1721 alis
1690 1681 1800 1720 assum-

237 1760 274 1815 tis
287 1759 432 1837 erigimur,
448 1769 477 1815 et
490 1757 597 1815 addici
609 1757 691 1815 iliius
703 1757 935 1816 recordationem
946 1774 982 1814 ee
997 1754 1068 1815 locis
1075 1758 1145 1834 ipsis
1157 1756 1334 1814 remittimur
1347 1777 1356 1811 .·
1372 1776 1438 1814 cum
1448 1775 1494 1814 res
1507 1760 1577 1835 ipsae
1589 1756 1737 1832 adessent,
1745 1778 1800 1836 quo

237 1868 296 1906 aon
304 1849 419 1929 assecta
429 1850 618 1906 movebantur
628 1850 659 1922 ii,
670 1850 721 1926 qui
731 1865 798 1906 cum
805 1849 915 1925 pietate
924 1846 1010 1904 ilium
1021 1847 1205 1922 excipiebant
1214 1850 1228 1902 i
1236 1845 1268 1902 In
1279 1844 1328 1904 illa
1341 1845 1427 1924 igitur
1439 1845 1548 1906 civitate
1559 1844 1736 1927 predicabat,
1752 1847 1797 1905 uhi

235 1941 337 2002 l‘ardus
351 1955 492 2017 mansemt,
508 1941 555 1999 ubi
568 1962 596 2000 se
611 1939 739 2001 adeuntes
756 1939 952 2020 alloquebatur,
966 1937 1038 1999 unde
1051 1938 1130 1998 facile
1145 1937 1290 1998 adibantur
1306 1939 1375 2013 loca,
1390 1940 1437 1999 ubi
1455 1941 1557 2001 Paulus
1570 1940 1672 2019 ligatus
1686 1941 1773 2001 lucrm
1788 1966 1796 2015 ;

188 2036 264 2110 pain
278 2036 385 2097 duabus
402 2050 491 2096 autem
508 2049 613 2097 mutum
627 2035 783 2098 civitatibus
795 2036 955 2118 praedicavit
968 2038 1083 2097 loannes
1099 2036 1319 2118 Chrysestomus,
1335 2037 1483 2098 Antiochia
1496 2053 1523 2098 et
1541 2037 1775 2120 Constantinopoli
1791 2066 1797 2097 ε

225 2149 322 2190 annon
335 2129 626 2211 conspicuumomnino
638 2144 686 2206 est,
700 2128 788 2189 hicde
801 2129 942 2191 Antiochia
952 2150 1101 2191 sermonem
1112 2129 1208 2190 haberi
1217 2130 1308 2191 illam
1315 2130 1442 2212 Byzantii
1452 2153 1601 2211 numquam
1615 2133 1694 2194 sedes
1702 2135 1798 2194 hahuit

233 2214 380 2306 apaetolns.
1301 2268 1307 2283 ..

273 2317 364 2379 Haeret
376 2318 796 2381 tamenadlrucTillemontiuset
807 2341 916 2380 caumm
924 2306 1044 2380 haerendi
1052 2320 1154 2400 profert
1162 2341 1198 2380 ex
1207 2318 1262 2380 liae
1271 2319 1389 2380 homiliae
1400 2320 1538 2400 vigesima
1548 2341 1637 2397 nona,
1649 2321 1699 2381 uhi
1708 2321 1797 2402 Chry-

234 2422 366 2488 sostomus
377 2432 405 2469 sc
417 2418 551 2492 pastorem
563 2412 641 2488 dicit,
654 2425 680 2473 et
689 2413 804 2494 pastoris
817 2411 907 2473 officia
920 2431 1131 2471 commemorans
1142 2410 1179 2471 ita
1190 2410 1295 2471 claudit
1309 2435 1315 2468 ι
1326 2417 1411 2471 ταῦτα
1427 2413 1458 2472 δά
1470 2435 1516 2492 μοι
1526 2413 1586 2494 περὶ
1600 2413 1717 2492 ἀρίστοιν
1729 2412 1793 2495 εῐρτ,

232 2529 278 2566 ται
288 2505 431 2586 ποιμένων,
444 2509 474 2567 οὗ
487 2507 549 2590 περὶ
559 2509 675 2586 ἐμαυτοῦ
693 2507 739 2567 καθ
753 2511 807 2583 τῶν
821 2511 880 2570 καθ’
898 2513 985 2588 ἡμᾶς,
1008 2508 1065 2567 ἀλλ’
1075 2504 1101 2566 el
1111 2529 1152 2573 τις
1165 2514 1291 2581 τοιοῦτος,
1307 2498 1387 2575 eloah
1401 2510 1506 2574 Παῦλος
1527 2498 1570 2580 ἦν,
1584 2498 1637 2573 οἷος
1648 2511 1664 2566 h
1679 2507 1797 2589 Πέτρος,

232 2593 284 2671 οἶος
297 2606 312 2662 θ
323 2604 448 2674 Μωϋσῆς.
458 2601 572 2671 Τούτους
582 2593 626 2663 oin
637 2602 817 2684 μιμησῶρεθα
829 2603 876 2664 καὶ
888 2603 1014 2684 ἄρχοντες
1026 2601 1072 2662 καὶ
1082 2601 1235 2684 άρχόμενοι.
1244 2601 1279 2661 ld
1289 2614 1344 2661 est:
1357 2604 1429 2662 Hoec
1440 2622 1528 2681 porro
1540 2623 1559 2660 a
1576 2623 1622 2660 me
1635 2602 1718 2661 dicta
1729 2617 1796 2662 sunt

231 2694 270 2753 de
282 2696 400 2773 optimis
409 2697 586 2772 pastoribus,
600 2715 660 2755 noa
672 2696 711 2757 de
719 2699 850 2776 meipso‚·
861 2696 913 2756 sed
921 2698 1022 2774 siquis
1034 2695 1104 2754 talis
1115 2698 1153 2753 sit
1164 2695 1262 2774 qualis
1276 2695 1391 2754 Paulus
1402 2707 1474 2769 erat,
1488 2695 1586 2775 qualis
1596 2696 1715 2769 Petrus,
1725 2716 1798 2774 qua·

230 2788 269 2849 tis
282 2790 412 2865 Moyses.
422 2791 485 2848 Hos
499 2793 600 2870 itaque
613 2793 761 2851 imitamur
770 2803 800 2850 et
809 2791 943 2871 praefecti
955 2802 983 2848 et
996 2790 1115 2849 subditi.
1127 2789 1185 2847 Hoc
1197 2809 1251 2848 une
1263 2783 1397 2850 abductus
1411 2788 1564 2848 testimonio
1578 2789 1797 2849 'l'illemontiusa

226 2880 449 2962 judieioleeendo
461 2882 601 2955 abstinuit,
618 2903 668 2943 nec
684 2883 826 2945 decernere
838 2882 926 2946 voluit
942 2880 1131 2948 Antiochinae
1151 2902 1185 2941 an
1200 2881 1432 2963 Constantinopoli
1448 2881 1503 2940 has'
1511 2881 1651 2941 conciones
1661 2882 1795 2942 hahuerit.

225 3029 229 3035 .
270 2976 365 3038 Laudo
382 2977 508 3056 equidem
524 2979 592 3038 tanti
607 2978 661 3039 viri
677 2978 872 3039 consideratam
887 2978 916 3038 in
934 2976 1040 3058 judicio
1057 2977 1173 3038 ferendo
1184 2978 1347 3051 tarditatem,
1362 3000 1424 3057 quae
1438 2977 1467 3038 in
1487 2977 1597 3058 scriptis
1616 2977 1675 3037 suis
1687 2978 1716 3037 in
1729 2978 1796 3038 orbe

230 3071 383 3132 Christiano
396 3087 451 3133 tam
464 3073 604 3133 celebratis
615 3073 717 3155 passim
727 3073 957 3155 deprehenditnr3
971 3086 998 3132 at
1013 3072 1059 3132 hic
1075 3086 1145 3132 certe
1158 3072 1267 3134 videtur
1280 3073 1349 3133 mihi
1363 3073 1477 3133 nimiam
1489 3072 1621 3132 adhibere
1630 3072 1793 3133 cautionem.

228 3167 303 3227 Dicit
312 3168 519 3249 Chrysostomus
533 3190 561 3228 se
574 3169 626 3228 sub
638 3181 745 3250 pastore
755 3190 822 3246 esse,
838 3169 938 3228 scilieet
950 3169 1001 3228 sub
1011 3167 1141 3228 Flaviano
1153 3163 1302 3228 Antiochia
1312 3169 1455 3249 episcop0;
1470 3187 1523 3227 non
1536 3167 1591 3229 alio
1602 3168 1705 3249 quippe
1715 3168 1795 3227 modo

227 3261 341 3343 intelligi
357 3277 444 3343 potest
455 3287 462 3320 :
473 3285 502 3324 se
513 3264 540 3324 in
557 3265 624 3324 urbe
636 3264 684 3324 illa
697 3286 764 3343 esse,
779 3265 828 3324 uhi
844 3263 1027 3328 venerabundi
1040 3264 1112 3325 cives
1123 3264 1181 3323 loca
1194 3284 1240 3323 seu
1257 3263 1337 3338 aedes,
1347 3262 1375 3322 in
1389 3263 1465 3341 queis
1478 3263 1580 3321 Paulus
1590 3277 1737 3333 manserat,
1753 3264 1794 3322 in-

205 3390 208 3395 ·
228 3357 361 3417 visebant.
381 3361 477 3418 Annon
495 3359 614 3440 idipsum
632 3375 700 3438 erat,
717 3382 748 3420 ac
762 3360 786 3420 si
802 3360 917 3421 dixisset
934 3382 962 3419 se
977 3359 1127 3420 Antiochiae
1144 3358 1320 3419 concionari?
1336 3360 1371 3417 At
1386 3379 1441 3417 sese
1452 3356 1509 3432 ille,
1526 3357 1639 3436 inquies,
1655 3358 1683 3416 in
1697 3358 1751 3416 alia
1769 3358 1795 3416 in

229 3449 378 3531 Epistulam
394 3450 573 3512 adhumanas
585 3453 711 3513 concione
723 3467 857 3534 pastorem
869 3467 957 3515 vocat.
976 3456 1046 3514 Sane
1056 3467 1149 3513 utrum
1162 3453 1189 3512 in
1204 3475 1285 3534 supra
1300 3465 1445 3511 memerato
1455 3452 1514 3511 loce
1528 3472 1585 3510 sese
1596 3465 1731 3531 pastorem
1743 3473 1793 3510 vo-

228 3545 340 3624 caverit,
359 3562 447 3628 posset
460 3548 570 3607 sortasse
582 3547 611 3608 in
624 3540 833 3610 controverssaffl
847 3549 938 3609 vocari
953 3571 961 3622 ;
975 3548 1023 3608 sed
1036 3548 1141 3609 etiamsi
1152 3569 1180 3608 se
1196 3549 1277 3607 talem
1295 3546 1405 3622 dixerit,
1419 3545 1486 3625 quid
1506 3560 1564 3606 tum
1575 3546 1693 3627 postea?
1707 3568 1794 3605 annon

227 3640 376 3701 sacerdotes
387 3640 446 3716 alii,
463 3660 516 3700 nnn
531 3639 660 3722 episcopi,
672 3639 721 3719 qui
736 3640 831 3700 orium
842 3640 944 3699 Christi
957 3662 1048 3699 carram
1064 3641 1173 3717 hahent,
1187 3654 1305 3720 pastores
1322 3653 1382 3698 snm
1394 3653 1420 3698 et
1432 3638 1586 3699 vocantur?
1599 3640 1719 3698 Joannes
1732 3660 1794 3700 vero

227 3735 436 3816 Chrysostomus
445 3732 564 3792 Humilia
577 3732 605 3792 in
619 3735 710 3792 Terra
724 3745 828 3792 motum
840 3744 867 3791 et
880 3734 1012 3792 Lanarum
1026 3734 1106 3812 Tem.
1123 3735 1136 3790 l
1142 3777 1153 3805 ,
1168 3752 1230 3813 pag.
1244 3734 1312 3806 ili,
1327 3732 1360 3803 C,
1376 3752 1435 3808 quae
1450 3730 1521 3790 haud
1539 3730 1624 3789 dubie
1641 3730 1792 3790 Antiochia

197 3853 198 3858 ¹
226 3828 319 3890 hahita
333 3829 394 3904 fuit,
407 3849 462 3889 sese
476 3850 528 3889 nen
541 3829 654 3888 obscure
668 3842 801 3910 pastorem
814 3843 840 3888 et
853 3829 925 3889 clare
939 3842 1065 3905 satorem,
1079 3828 1227 3902 doctorem,
1242 3827 1379 3887 medicum
1395 3840 1421 3885 et
1435 3826 1630 3907 speculatorem
1645 3841 1733 3885 vocat.

266 3924 309 3984 En
321 3922 394 3982 illius
404 3922 488 3983 verba
500 3947 507 3979 ι
520 3925 578 3983 ἀλλ’
593 3924 660 4003 ἐρεῖς
676 3945 736 4000 μοι,
754 3922 801 3982 καὶ
815 3921 842 3982 vl
854 3923 963 4004 ὠρελεῐς
975 3921 1058 4001 λέγων
1070 3945 1078 3995 ;
1091 3920 1199 4002 Ὤρελῶ
1207 3966 1216 3994 ,
1234 3920 1282 3980 ἐάν
1304 3918 1343 3987 τίς
1358 3943 1408 3998 μου
1423 3918 1515 3999 ἀκούῃ.
1538 3918 1611 3998 Ἐγὼ
1624 3919 1656 3979 τδ
1679 3923 1793 3998 ἐμαυτοῦ

225 4022 308 4079 ποιῶ·
322 4016 461 4099 θσπείρων
472 4017 586 4098 σπείρει.
596 4015 722 4089 Ἐξῆλθεν
734 4022 748 4078 θ
762 4015 878 4098 σπείρων
888 4021 933 4076 τοῦ
945 4025 1066 4095 σπεῖραι·
1080 4014 1126 4074 καὶ
1139 4014 1173 4074 rh
1190 4013 1237 4094 μὲν
1260 4013 1339 4074 ἔπεσε
1354 4011 1427 4095 παρά
1439 4012 1487 4085 τὴν
1501 4012 1569 4086 θδδν,
1589 4013 1624 4071 τὰ
1641 4012 1670 4073 δὲ
1686 4012 1732 4072 ἐπὶ
1744 4012 1792 4085 τὴν

225 4113 335 4192 πάτραν,
345 4113 380 4173 rh
393 4112 421 4173 δὲ
437 4112 481 4174 ἐπὶ
499 4112 547 4181 τὰς
564 4112 693 4186 ἀκάνθας,
706 4112 742 4173 τὰ
752 4111 781 4171 δὲ
796 4112 841 4173 tal
853 4111 901 4185 τὴν
916 4115 965 4190 γῆν
981 4109 1028 4184 τὴν
1040 4109 1144 4182 καλήν·
1157 4109 1219 4191 τρία
1234 4109 1302 4189 μάρη
1311 4111 1453 4181 Ιἀπώλετο,
1468 4107 1513 4166 καὶ
1526 4106 1554 4166 ἓν
1568 4105 1672 4180 ἐσώθη·
1687 4107 1734 4166 καὶ
1747 4110 1792 4166 οὐκ

193 4209 200 4222 ’
226 4208 330 4281 ἀπέστη
340 4211 387 4280 τῆς
400 4207 544 4288 γεωργίας,
557 4209 616 4267 ἀλλ’
627 4196 718 4278 ἐπειδὴ
728 4206 755 4265 δν
767 4206 917 4280 διεσώζετο,
931 4208 979 4265 οὐκ
989 4205 1123 4267 incuicare
1136 4208 1185 4276 τῆς
1196 4202 1345 4285 γεηπονθας.
1358 4249 1365 4262 .
1429 4202 1487 4262 ἐπεὶ
1497 4201 1542 4261 ual
1555 4206 1569 4262 θ
1583 4201 1684 4280 ποιμὴν
1697 4205 1793 4269 ἐκεῖνος

224 4299 259 4357 τὰ
276 4297 522 4372 ἐννενηνιονταεννέα
541 4297 664 4379 π’ρθόατα
678 4297 843 4369 καταλιπὼν,
858 4298 902 4358 ἐπὶ
915 4300 947 4359 τδ
959 4299 987 4358 δν
1003 4299 1034 4359 τδ
1047 4298 1249 4377 πεπλανημένον
1263 4295 1385 4378 ἔδραμεν.
1403 4294 1445 4356 (hi
1458 4299 1616 4374 καταφρονῶ
1638 4294 1790 4373 ἀνθρώπου·

224 4391 274 4452 aits
288 4383 325 4462 εἷς
335 4384 371 4472 ᾖ,
384 4392 520 4472 ἅνθρωπός
536 4393 608 4469 ἐστι,
622 4390 653 4449 τδ
668 4391 891 4474 περισπούδαστον
905 4397 943 4474 τῷ
960 4396 1022 4475 Θεῷ
1033 4397 1108 4464 ζῶον.
1119 4392 1153 4452 ld
1167 4405 1224 4451 est:
1240 4392 1287 4450 At
1300 4392 1379 4450 dices
1393 4391 1476 4465 milri,
1496 4391 1575 4468 Quid
1589 4391 1714 4448 dicendo
1723 4411 1790 4469 pro·

214 4487 461 4573 fieisiProficio,
478 4489 581 4567 siquis
596 4507 642 4544 me
655 4488 770 4546 audiat.
786 4489 850 4568 Ego
869 4489 949 4569 quod
966 4489 1099 4570 officium
1113 4507 1210 4546 meum
1227 4499 1281 4558 est,
1299 4487 1333 4544 id
1344 4497 1452 4564 praesto
1467 4507 1474 4540 ι
1489 4487 1653 4565 seminator
1669 4489 1790 4543 semino.

223 4585 309 4642 Exiit
322 4587 374 4663 qui
387 4585 511 4642 seminat
524 4582 567 4640 ad
578 4584 782 4641 seminandum
793 4606 801 4640 ι
812 4584 947 4663 quedam
957 4584 1125 4643 ceciderunt
1133 4603 1215 4642 secus
1227 4585 1320 4656 eiam,
1331 4581 1466 4661 quaedam
1478 4600 1567 4660 supra
1575 4592 1704 4660 petram,
1715 4601 1791 4660 qua·

222 4675 292 4733 ἅαινι
305 4694 395 4754 supra
405 4675 516 4771 spinqs,
532 4673 667 4752 quedam
681 4676 713 4732 ia
727 4687 841 4733 terram·
850 4678 977 4734 bonam:
991 4687 1048 4734 tres
1056 4688 1157 4755 partes
1167 4679 1328 4755 perierunt,
1344 4686 1373 4732 et
1389 4694 1450 4732 una
1463 4686 1583 4735 servata
1595 4685 1658 4747 est;
1677 4692 1731 4730 nec
1746 4685 1789 4730 ta-

220 4789 288 4828 mea
303 4772 341 4829 ah
354 4768 538 4849 agricultura
552 4768 674 4840 destitit,
689 4770 893 4848 sedquoniam
907 4791 968 4829 una
981 4782 1157 4830 corsservata
1168 4782 1222 4841 est,
1240 4789 1344 4849 agrum
1358 4768 1454 4826 colere
1469 4788 1529 4825 non
1544 4770 1671 4826 cessarit
1686 4806 1715 4826 ...
1734 4813 1740 4826 .
1756 4813 1762 4824 .
1781 4812 1786 4823 .

221 4863 466 4946 Quandoquidem
487 4876 515 4922 et
529 4875 630 4942 pastor
644 4864 707 4937 ille,
727 4869 781 4944 qui
800 4869 964 4945 nonaginta
980 4885 1081 4925 novem
1103 4865 1265 4944 reliquerat
1289 4842 1368 4935 oves,
1388 4863 1430 4920 ad
1448 4883 1541 4920 unam
1556 4865 1698 4931 auctorit,
1723 4882 1786 4940 qua

217 4960 416 5017 adamaverat.
432 4960 590 5016 Hominem
603 4978 664 5017 noa
675 4972 830 5018 contemno
842 4983 850 5015 .·
863 4961 931 5019 iicet
946 4979 1021 5018 unets
1032 4963 1080 5031 sit,
1097 4960 1185 5017 homo
1199 4971 1299 5017 tamea
1312 4970 1366 5027 est,
1384 4956 1500 5015 animal
1511 4957 1576 5014 Deo
1589 4959 1786 5015 carissimum.

170 5065 207 5107 ae
217 5053 258 5112 An
266 5072 295 5112 se
307 5067 440 5133 pastorem
451 5051 540 5111 dicere
552 5072 605 5111 nen
618 5051 716 5113 arrdeat
726 5053 760 5127 is,
772 5053 819 5132 qui
830 5054 866 5114 ita
876 5054 1017 5132 loquitur,
1031 5053 1160 5113 imovero
1173 5072 1262 5113 annon
1276 5072 1305 5111 se
1319 5051 1391 5110 clare
1400 5065 1534 5131 pastorem
1545 5048 1613 5109 dicit
1624 5049 1684 5109 hac
1694 5049 1784 5129 proie-

214 5145 322 5205 ando?
335 5147 420 5206 Paulo
440 5159 501 5226 post
520 5160 610 5206 autem
624 5147 680 5207 hac
696 5148 806 5228 subjicit
818 5173 825 5206 ι
839 5153 869 5210 αθ
883 5148 1022 5228 παύσομαι
1036 5147 1123 5228 λέγειν
1137 5146 1206 5227 ἐγὼ,
1227 5147 1278 5206 ahs
1302 5146 1395 5225 μηδεὶς
1407 5137 1425 5225 ἦ
1440 5149 1456 5204 θ
1469 5143 1586 5204 ἀκούων·
1603 5141 1692 5223 ἰατρός
1715 5146 1786 5225 εἰμι,

214 5239 349 5319 ἰπιτθθημι
370 5240 404 5300 τὰ
421 5240 567 5323 φάρμακα·
582 5241 736 5310 διδάσκαλός
753 5245 823 5323 εἰμι,
848 5251 986 5325 παραινεῖν
1011 5240 1182 5315 ὶνιιλεθσθηψ
1196 5241 1268 5321 λάγιι
1282 5240 1348 5320 γάρ’
1372 5238 1477 5300 Σκαπδν
1502 5237 1606 5327 δέδωκά
1619 5251 1650 5298 σε
1664 5240 1703 5318 τῷ
1721 5237 1784 5316 οἴκῳ
