3728 5978
92 426 161 499 380
427 449 457 497 S·
486 445 1020 500 toanutscnttusosr.aacn11tr.
1048 451 1317 505 ΠΟΝ8ΤΛΝΤΙΠοΡ

89 577 173 652 dicat,
186 593 215 634 se
225 574 288 664 J'ure
299 591 353 632 non
367 572 501 653 accepisse
515 570 563 650 qui
583 585 609 632 ct
628 570 696 632 alios
708 570 831 631 nutriret
886 573 994 643 εἰκότως
1007 576 1055 636 σόα
1067 574 1162 637 uetes
1171 577 1251 638 θπότι
1262 578 1308 638 καλ
1320 576 1425 659 laipno<
1437 575 1554 688 ίτριφεγ.
1575 578 1653 661 Ope,

90 668 165 732 Vide
177 687 260 745 quam
271 660 396 724 studiose
408 678 563 746 operaretur
581 677 658 724 nocte
672 677 698 723 et
718 662 764 724 die
777 663 833 723 ool-
884 668 942 734 πῶς
962 665 1096 749 ιίργόζοτο
1121 667 1189 746 μετὰ
1210 670 1325 741 σπουδῆς
1347 669 1538 751 ἄνθρωπος’
1508 695 1593 732 νυκτα
1612 674 1654 733 καλ

86 761 202 840 loquens
211 779 274 817 cum
283 755 713 838 lacrymis,s1ngulosadmonens
724 758 833 815 Omnia
883 755 987 836 ἡμέραν
1001 758 1184 839 διαλεγόμενος
1196 759 1266 838 perd
1279 760 1655 842 superintendamus

91 852 205 914 ostendi
226 853 323 927 ιιοόίε,
348 848 446 927 inquit,
467 851 608 930 quoniam
630 852 673 907 sic
693 849 867 907 laborare-l)
884 852 974 909 θιτῶν.
993 849 1088 910 Πόντα
1106 850 1229 920 ὑπέδειξα
1251 858 1312 931 ὑμῖν
1323 898 1333 926 ,
1356 852 1399 913 ότι
1417 853 1488 913 οὕτω
1508 858 1657 923 κοπιῶντας

91 957 134 1003 tes
143 955 255 1023 oportet
276 944 422 1021 suscipere
434 941 576 1022 infirmos.
590 937 648 998 Hoc
668 959 733 998 cum
745 938 833 998 dixis·
884 940 923 1000 δεῖ
933 940 1177 1019 ἀντιλαμόόνεσθαι
1191 947 1245 1003 τῶν
1260 943 1445 1005 ἀσθενοόντων.
1460 947 1550 1006 Τοῦτο
1564 946 1656 1024 sinin,

89 1049 139 1112 set,
151 1036 252 1095 iterum
267 1033 390 1094 timorem
401 1032 521 1092 incussit.
537 1031 598 1091 Hoc
607 1044 698 1092 autem
709 1030 833 1091 iudicat:
883 1031 964 1093 πόλιν
980 1032 1117 1114 ἐρόόησεν.
1140 1033 1179 1096 ⁶0
1190 1033 1219 1096 θλ
1231 1034 1319 1115 λίγιι,
1334 1035 1412 1097 τοῦτό
1425 1040 1513 1097 ἐστιν·
1525 1040 1576 1097 ein
1586 1037 1658 1118 ῑχοτε

90 1130 150 1189 Non
160 1126 272 1209 potestis
287 1123 323 1184 ad
339 1123 518 1204 ignorantiam
532 1124 688 1205 confugere:
707 1123 835 1203 operibus
885 1126 922 1193 εἰς
934 1125 1042 1205 ἄγνοιαν
1058 1135 1239 1208 καταφυγεῖν·
1255 1127 1378 1197 θπίδιιξα
1389 1128 1434 1188 διδ
1447 1133 1501 1190 τῶν
1512 1127 1608 1211 ίργων,
1620 1129 1658 1189 ότι

89 1217 194 1280 ostendi
212 1217 252 1277 sic
273 1230 395 1298 oportere
416 1216 547 1277 laborare
560 1217 616 1276 Neo
638 1214 712 1275 dixit
732 1213 835 1275 malum
885 1213 956 1277 οθτω
964 1221 1114 1285 κοπιῶντας
1124 1218 1163 1278 δεῖ
1173 1218 1336 1302 ἐργάζεσθαι
1351 1218 1407 1279 Καὶ
1416 1221 1464 1279 οὒκ
1474 1210 1559 1295 ε’ίπον
1568 1220 1659 1280 θιικα-

90 1315 148 1371 eso'e
167 1329 304 1390 accipere,
333 1307 399 1386 sed,
424 1308 521 1369 melius
546 1327 604 1369 esse
631 1326 683 1367 non
706 1306 835 1388 accipere.
885 1307 1088 1370 κδντδλαόεῑν·
1100 1309 1168 1371 ἀλλὰ
1170 1308 1493 1390 ,perimentium
1504 1311 1660 1390 Πνημονεό·

90 1404 236 1463 Mentores
247 1422 319 1473 esse
335 1400 434 1479 inquit,
444 1404 586 1460 sermonis
601 1401 735 1472 Domini,
751 1421 837 1482 quem
887 1399 1022 1462 ιιντιτδν
1036 1400 1123 1480 λόγον,
1134 1401 1213 1482 φησί,
1228 1393 1502 1484 τοθίίυρίου,δνοῖπε
1496 1402 1659 1554 iunipiris

91 1494 191 1552 dicit:
183 1496 329 1553 ·Beatius
353 1503 396 1553 est
418 1493 501 1570 dore,
522 1512 613 1572 quam
636 1496 777 1571 accipere.
800 1491 838 1552 Et
886 1491 1188 1571 όστιμαλλονδιδόναιῆ
1193 1493 1352 1573 λαμβάνειν
1362 1485 1512 1555 Καλποῦεῖ
1487 1517 1579 1568 επον;
1584 1492 1660 1562 Ἴσως

90 1585 203 1646 ubinam
223 1585 316 1645 dixit?
330 1586 410 1645 Forte
432 1583 544 1644 illud'
522 1604 580 1644 sune
599 1583 700 1664 scripto
718 1582 837 1644 tradide-
887 1582 1179 1665 ἂγρόφωιπαρόδωκαν
1190 1585 1383 1646 υίάπόστολοι
1393 1577 1540 1657 ἣέξῶνόν
1551 1589 1659 1654 τιςσυλ-

90 1691 155 1737 runt
170 1676 285 1759 apostoli
295 1700 305 1753 3
328 1676 374 1737 rel
386 1697 421 1736 ex
435 1675 496 1735 aliis
514 1675 576 1754 quis
593 1674 720 1756 colligere
738 1675 834 1756 possit.
886 1674 1023 1754 λογίσαιτο
1035 1675 1125 1745 δῆλον.
1148 1676 1203 1736 Καὶ
1221 1676 1273 1758 γὰρ
1290 1676 1372 1746 ἔδειξε
1386 1676 1435 1750 τὴν
1447 1677 1602 1760 παρρησίαν
1614 1678 1660 1752 τλν

91 1767 200 1827 Etenim
213 1766 328 1827 ostendit
342 1767 472 1826 fiduciam
494 1766 523 1826 iu
539 1765 837 1848 periculi-spcommise·
851 1785 871 1835 Β
887 1767 953 1847 πρδς
966 1765 1026 1836 rob<
1041 1765 1187 1839 κινδύνους,
1197 1766 1245 1841 τὴν
1266 1768 1432 1847 συμπάθειαν
1448 1767 1498 1842 τὴν
1518 1768 1587 1852 πρὸς
1603 1768 1662 1838 τοθς

91 1861 224 1920 rationem
238 1881 302 1941 erga
320 1859 454 1938 subditos,
467 1858 619 1918 doctrinam
634 1880 697 1919 cum
708 1858 837 1938 loquendi
889 1857 1061 1939 ἀρχομένοις,
1083 1857 1132 1932 τὴν
1154 1858 1327 1919 διδασκαλίαν
1345 1859 1394 1933 πλν
1415 1858 1484 1939 pari
1501 1860 1662 1940 παρρησίας,

91 1953 226 2030 libertate,
240 1952 431 2029 humilitatem,
448 1964 660 2057 paupertatem
653 1951 724 2011 ·boc
744 1967 836 2014 autem
887 1948 1197 2032 τλνταπιινορροσόνην,
1211 1950 1260 2024 clv
1273 1949 1475 2027 ἀαπημοσόνην·
1489 1950 1662 2012 τουτοδὲκαὶ

5 2063 28 2111 ti
44 2073 81 2125 ιο.
92 2047 404 2128 estpaupertatemajus.
415 2045 518 2105 Νιιιιει
530 2044 589 2104 une
598 2044 646 2120 ait,
661 2046 761 2106 Vende
772 2067 838 2125 quoe
888 2041 1074 2122 ἀκνημοσυνης
1084 2046 1180 2122 μεῖζον
1196 2043 1291 2124 Πίγδρ
1303 2046 1358 2103 ἐκει
1358 2041 1508 2117 Πωλησόν
1519 2066 1577 2119 σοι,
1589 2043 1663 2122 φησί

92 2141 194 2211 babes,
211 2159 236 2198 ει
247 2158 296 2197 eus
303 2139 451 2218 perfectus
464 2156 545 2196 esse:
560 2157 624 2196 eum
633 2157 688 2196 non
701 2134 823 2196 modo
796 2159 839 2197 ur·
888 2130 1099 2214 τδιθτιοίρχοντα,
1111 2133 1337 2203 εἰθίλειςτίλιιος
1350 2088 1430 2194 eires·
1457 2133 1520 2203 όταν
1546 2135 1662 2214 πρδςτῶ

91 2227 272 2310 bilacoipiat,
292 2227 339 2287 sed
362 2227 445 2287 etiam
468 2226 537 2287 alios
558 2227 672 2304 nutriat,
688 2225 757 2305 quid
774 2227 840 2287 buic
889 2221 971 2301 μηδθν
985 2224 1131 2303 λαμόόνειν
1144 2224 1192 2286 καλ
1208 2225 1312 2306 θτίρους
1323 2224 1428 2309 τρίρη
1444 2225 1472 2284 τί
1482 2248 1578 2286 τουτου
1591 2226 1662 2300 [σονς

91 2322 131 2382 rei
154 2319 366 2382 conferendum?
379 2318 489 2378 Primus
510 2318 634 2399 gradus
625 2318 710 2399 igitur
726 2331 777 2393 est,
789 2339 838 2378 sua
890 2306 938 2384 Εἷς
954 2317 1054 2395 βσθωδς
1064 2316 1151 2377 τοίνυν
1167 2320 1242 2397 pipat
1252 2318 1286 2377 τὰ
1302 2321 1381 2379 αὑτοῦ
1390 2317 1558 2399 ,δεότερος,
1573 2321 1661 2399 ἐαυτῷ

91 2413 222 2494 abjicere,
244 2409 388 2488 secundus,
411 2409 465 2469 sibi
486 2410 623 2485 sufficere,
646 2409 751 2486 medus,
776 2410 838 2471 aliis
889 2409 1027 2490 ἐπαρκεῖν,
1041 2406 1147 2490 τρίτος,
1168 2409 1215 2468 καλ
1228 2409 1336 2490 ίτίροις,
1349 2410 1484 2493 τέταρτος,
1498 2408 1661 2490 Ι’τδιιηρότ-

90 2525 212 2585 quoque3
230 2516 352 2582 quartus,
366 2501 558 2583 praedicantem
571 2516 598 2562 et
617 2514 776 2582 potestatem
793 2524 839 2562 ac·
888 2523 967 2559 τοντα
979 2498 1025 2559 καλ
1039 2499 1155 2569 ὶξουσίαν
1170 2499 1266 2610 ἔχοντα
1279 2501 1426 2579 λαμόόνειν
1446 2527 1467 2580 μ
1466 2500 1661 2580 ὴλαμόάνειν·

91 2595 210 2678 cipiendi
223 2594 368 2654 habentem
385 2592 598 2673 nibilaoeipere
623 2593 840 2672 ltaque''11s,qui
889 2588 958 2650 ὥστε
969 2589 1085 2650 πολυ
1049 2614 1102 2651 των
1116 2594 1274 2671 ακτημονων
1286 2583 1361 2661 οὗτος
1370 2586 1537 2673 βελτίωνῆ
1551 2594 1605 2654 Kal
1614 2618 1661 2653 κα

93 2685 314 2760 nibilbaberent‚
335 2684 382 2744 bic
398 2683 485 2743 multo
505 2682 603 2743 melior
624 2697 693 2744 erat.
710 2687 750 2744 Ac
768 2699 839 2745 recte
889 2686 942 2752 λῶς
955 2673 1044 2758 εἶπεν,
1058 2682 1188 2744 Οθτωδεῑ
1202 2684 1445 2764 ἀντιλαμόόνεσθαι
1458 2687 1661 2746 τῶνάσθονσίν-

92 2778 176 2855 dixit,
189 2778 237 2839 St'c
246 2789 363 2882 ‘oportet
374 2779 519 2857 suscipere
538 2775 680 2856 infirmos.
691 2775 749 2835 Hoc
766 2774 839 2838 enim
892 2798 953 2836 των.
969 2777 1057 2836 Τοῦτο
1070 2774 1118 2854 μὶν
1133 2774 1186 2855 γὰρ
1199 2774 1409 2855 συμπαθείας”
1376 2801 1424 2849 της
1436 2801 1502 2859 προς
1511 2776 1574 2845 eolre
1587 2778 1660 2838 tese-

92 2885 133 2932 est
154 2868 394 2930 commiserationis
415 2887 478 2949 erga
502 2867 636 2942 infirmos,
659 2889 695 2927 ex
719 2867 883 2964 propriism
890 2875 952 2942 νεῖς,
971 2865 1002 2926 τό
1023 2869 1106 2927 iu*
1070 2867 1171 2927 τωνδ
1147 2865 1219 2927 ἰδίων
1239 2866 1328 2927 κόπων
1344 2867 1457 2927 διδόναι·
1477 2866 1508 2927 ab
1523 2867 1645 2928 uta*
1609 2893 1660 2930 των

92 2962 157 3022 dare
174 2961 333 3038 laboribus·
326 2981 385 3019 ·ex
405 2958 501 3019 alianis
517 2980 594 3034 vero,
616 2980 669 3018 non
689 2959 771 3018 modo
785 2981 837 3019 non
855 2976 876 3024 ι
859 2922 1055 3040 mattheum
1076 2961 1105 3017 οθ
1124 2957 1202 3036 μόνον
1219 2958 1354 3035 οθκαλδν,
1369 2958 1438 3019 ἀλλὰ
1451 2959 1498 3020 καί
1508 2961 1661 3041 ἐπισφαλές

92 3055 258 3133 bonum,sed
273 3005 553 3161 etiainpericulosum.
564 3057 604 3114 Et
616 3057 866 3134 procumbentes
891 3050 946 3109 Καί
960 3049 1181 3130 inimimicus
1198 3051 1335 3132 τραχηλῳ,
1342 3050 1483 3166 ρησλν,’
1453 3074 1534 3112 αυτοο
1516 3050 1661 3112 ἔκλαιον.

93 3169 179 3228 super
193 3147 387 3226 collumejus,
404 3145 504 3223 inquit,
514 3144 638 3226 flebant.
655 3144 713 3203 Hoc
728 3143 839 3204 illorum
891 3143 979 3201 Τοῦτο
992 3139 1040 3214 τὴν
1054 3141 1229 3215 διόθεσιντὴν
1243 3167 1265 3200 π
1266 3142 1351 3222 ρδς’
1322 3142 1399 3202 αυτθν
1414 3142 1553 3203 δείκνυσιν.
1578 3145 1662 3205 Ἐπό-

92 3261 155 3320 crga
178 3239 268 3320 ipsum
288 3238 417 3296 allectum
437 3234 600 3294 ostendebat.
623 3234 838 3293 Procumbebant
891 3231 1017 3293 uecordi
1037 3232 1081 3293 ίπλ
1100 3233 1145 3292 τὸν
1160 3234 1306 3314 τράχηλον,
1320 3234 1366 3293 ἅτε
1377 3233 1489 3316 ὑστέρας
1499 3237 1663 3316 περιπλοκὰς

92 3344 183 3390 autern
197 3331 225 3389 in
242 3329 353 3405 collum,
367 3341 461 3408 utpote
475 3327 522 3405 qui
536 3339 684 3406 postremos
696 3325 838 3406 amplexus
891 3324 1119 3406 περιπλεκόμενοι,
1136 3326 1182 3385 καὶ
1193 3325 1294 3399 πολλὴν
1305 3327 1360 3386 ἀπὸ
1370 3329 1417 3397 τῆς
1433 3328 1599 3409 δημηγορίας
1611 3331 1662 3389 λα-

93 3423 197 3497 darem,
204 3436 229 3481 ct
238 3421 352 3479 multam
363 3441 397 3478 ex
411 3419 538 3478 concione
550 3417 721 3476 dilectionem
731 3416 838 3476 hausis-
892 3415 981 3485 όόντες
999 3415 1049 3487 τὴν
1071 3417 1180 3496 ἀγάπην,
1192 3416 1238 3475 καλ
1255 3418 1286 3477 τὸ
1307 3417 1424 3498 φίλτρον.
1447 3420 1482 3477 Εἰ
1502 3418 1554 3502 γὰρ
1573 3422 1663 3487 ἁπλῶς

94 3629 163 3682 mus,
175 3605 388 3684 ingemiscimus,
402 3602 451 3661 etsi
467 3601 582 3659 sciamus
601 3621 649 3659 nos
661 3599 759 3659 iterum
773 3622 839 3661 con-
891 3624 944 3672 τος,
958 3599 998 3658 ότι
1019 3599 1211 3679 ἄποληψόμεθα
1227 3599 1366 3675 ἀλλήλους,
1379 3604 1435 3668 πῶς
1449 3601 1482 3658 ἂν
1497 3603 1593 3663 ἐκεῖνον
1607 3604 1665 3664 τότε

63 3765 68 3775 ,
93 3712 233 3774 venturos,
248 3694 385 3776 quomodo
397 3692 438 3752 illi
456 3712 510 3751 non
525 3692 581 3750 sine
594 3690 696 3750 doloris
711 3692 808 3751 ellectu
822 3714 838 3751 a
892 3691 1001 3752 Παύλου
1015 3695 1123 3757 ἀπαθῶς
1134 3691 1362 3765 ἀπεσπάσθησανς
1375 3692 1449 3771 Ἐγὼ
1463 3693 1510 3752 καλ
1524 3693 1568 3752 τδν
1584 3697 1663 3754 Ποῦ.

94 3790 180 3851 Paulo
194 3787 284 3850 avulsi
299 3786 422 3845 fuissent.
443 3783 503 3863 Ego
523 3783 640 3843 Paulum
663 3804 771 3861 quoque
791 3783 839 3843 lle-
892 3786 937 3843 λον
947 3772 1022 3861 οἶμαι
1031 3781 1142 3842 κλαίειν.
1156 3783 1391 3851 Ἄποσπασθέντες,
1402 3783 1474 3864 φησί,
1489 3785 1614 3846 Agim,
1622 3788 1665 3846 χαι

94 3881 167 3941 visse
180 3893 255 3961 puto.
269 3877 437 3948 Abstrocti,
456 3873 552 3953 inquit.
574 3873 740 3936 violentiam
762 3894 839 3934 mon.
893 3874 942 3948 ἢ,
959 3875 1018 3954 μίαν
1032 3878 1071 3955 τῷ
1091 3877 1183 3944 dmg,
1200 3874 1424 3943 Ἂπωπασθρντες
1439 3876 1487 3935 ἀπ,
1498 3879 1596 3938 αὐτῶν.
1613 3880 1665 3939 Καὶ

82 3985 173 4051 strat,
194 3993 257 4031 curn
278 3969 356 4042 dicit,
371 3969 527 4028 Abstrocti
547 3969 585 4025 ab
605 3970 658 4025 eis.
675 3965 710 4024 Et
724 3966 837 4043 merito;
858 3991 877 4038 13
894 3965 1017 4033 εἰκότως·
1038 3968 1074 4033 είς
1090 3963 1144 4047 γδρ
1156 3964 1203 4038 τλν
1220 3965 1354 4026 θάλασσαν
1367 3968 1460 4027 λοιπὸν
1475 3968 1610 4047 ἐμόλῆοας
1623 3973 1666 4029 αὖ»

95 4064 123 4124 in
135 4065 228 4130 nanim
239 4064 310 4123 enim
322 4061 362 4120 illi
374 4058 550 4120 conscendere
559 4080 612 4117 non
623 4071 754 4139 poterant.
765 4057 841 4129 Quid
896 4057 955 4126 τοὺς
969 4059 1015 4118 οὐκ
1029 4060 1099 4127 ἐνῆν.
1122 4055 1159 4115 Τί
1174 4061 1262 4130 ἐστιν,
1282 4058 1534 4139 Εθθυδρομήσαντες
1551 4061 1666 4140 ἤλθομεν

95 4171 145 4232 est,
165 4161 254 4218 Recto
264 4176 350 4215 eursu
362 4158 498 4213 venimus
511 4157 543 4210 in
557 4153 648 4210 Coum
660 4154 717 4208 ide
731 4150 753 4209 si
765 4150 840 4210 dice·
896 4154 932 4218 εἰς
947 4149 995 4223 riv
1019 4152 1094 4223 Κόως
1112 4148 1183 4207 Ἀντί
1196 4153 1255 4222 τοῦ,
1271 4153 1300 4209 οὗ
1313 4150 1490 4231 περιήλθομεν
1500 4152 1559 4212 οὐδὲ
1571 4152 1667 4235 διετρί-

95 4263 147 4324 ret‚
161 4251 221 4310 Non
242 4246 418 4307 circuivimus
440 4265 526 4321 neque
543 4242 604 4301 aliis
626 4243 653 4301 in
668 4241 735 4301 locis
752 4262 842 4301 moras
895 4244 984 4322 ψαμεν
1003 4244 1030 4301 ἐν
1055 4239 1152 4317 ἑτέροις
1166 4240 1285 4307 θτόποις.
1312 4244 1355 4321 Τῇ
1371 4240 1489 4316 δὲέξῆς,
1512 4244 1609 4324 φημ’
1632 4249 1668 4311 ,γρ

95 4341 238 4401 traximus.
254 4341 393 4419 Sequenti
406 4355 476 4395 uero
490 4337 539 4392 die
552 4335 696 4393 ilbodum.
716 4331 790 4394 Vide
803 4333 842 4392 se·
895 4333 998 4394 Ῥόδον.
1014 4331 1087 4411 Ὅρα
1097 4331 1175 4391 αὐτὸν
1186 4332 1365 4411 ἐπειγόμενον.
1381 4333 1435 4393 Kal
1446 4335 1564 4414 εὑρόντος
1575 4339 1667 4397 πλοῖς,

93 4434 247 4494 stinantem.
262 4433 302 4491 Et
315 4434 436 4488 invento
448 4429 518 4484 nari
531 4429 697 4506 trajiciente
706 4427 740 4480 in
754 4425 841 4485 Ptoe-
896 4427 1026 4505 διαπερῶν
1042 4427 1077 4492 τίς
1093 4421 1234 4496 Φοινίκην.
1249 4422 1328 4491 Ἴσως
1342 4428 1426 4486 ἐκεῖνο
1439 4427 1530 4486 αὐτόθι
1543 4427 1669 4508 διέτριόι·

95 4531 191 4587 ru'cen.
211 4526 292 4584 Forte
312 4521 389 4581 navis
404 4519 532 4578 illictuuc
542 4531 609 4595 crat,
623 4529 649 4575 et
658 4516 685 4575 in
700 4538 759 4576 cam
773 4539 840 4578 oon-
895 4519 936 4578 διδ
946 4521 972 4576 ἐν
988 4520 1059 4596 αὐτῷ
1073 4514 1271 4589 ἐπιόαίνουσιν,
1285 4519 1335 4597 οὐχ
1345 4516 1463 4597 εὑρόντες
1475 4518 1541 4578 ἄλλο
1555 4522 1594 4588 είς
1603 4523 1670 4580 Καο-

95 4617 264 4691 scenderunt,
276 4635 330 4675 non
344 4613 452 4672 inventa
464 4608 529 4688 alia,
544 4630 603 4688 quae
622 4608 672 4668 iret
686 4610 841 4670 Caesaream.
896 4610 1004 4691 ceipene
1016 4605 1206 4687 ἀπερχόμενον.
1221 4605 1432 4688 ι’Ἀναροίναντες
1444 4607 1472 4666 δὲ
1485 4608 1535 4681 τὴν
1550 4611 1670 4691 Κύπρος,

100 4713 158 4770 Ubi
179 4723 277 4770 autem
305 4708 442 4786 apparuit
457 4706 583 4783 Cyprus,
604 4703 709 4762 relicta
730 4705 789 4763 illa
803 4706 845 4763 ad
895 4701 941 4761 καλ
953 4699 1141 4764 καταλιπόντες
1164 4699 1246 4772 αὐτὴν
1263 4698 1404 4777 εὐώνυμον.
1420 4702 1506 4761 Τοῦτο
1519 4705 1570 4782 οὐχ
1580 4705 1673 4771 ἁπλῶς

15 4811 85 4868 reget.
94 4805 257 4860 sinistram.
270 4799 327 4857 Hoc
341 4817 394 4855 non
408 4794 465 4855 sine
484 4814 563 4853 causa
575 4792 680 4853 dictum
692 4808 741 4873 est,
752 4795 798 4856 sed
811 4809 842 4854 ut
897 4793 1009 4873 εἴρηται,
1024 4792 1082 4850 ἀλλ’
1092 4788 1136 4849 ίνα
1147 4789 1228 4869 δείξῃ,
1239 4789 1281 4851 ότι
1292 4790 1352 4849 οὐδὲ
1363 4790 1440 4871 ἐγγὺς
1451 4794 1535 4864 αὐτῆς
1548 4793 1671 4873 γενέσια,

16 4886 55 4914 ΠΕ

8 5017 24 5039 ’·
47 4949 84 4978 η.
128 4984 226 5038 lldssm
240 4995 277 5040 τὸν
289 4989 443 5056 auritum,
457 4991 494 5037 12'1
506 4989 604 5045 liwrlau
615 4990 682 5050 ἔχειν.
908 4983 961 5032 sine
973 4977 1024 5029 ullo
1043 4976 1068 5027 in
1087 4978 1210 5027 sententia
1223 4975 1368 5028 discrimine
1380 4977 1429 5042 [D.
1444 4981 1669 5049 ἀναράνεντες(ιίο).

126 5066 199 5116 ιλΙῑί
211 5077 299 5124 τόποις·
315 5069 363 5117 εἶτα
377 5059 494 5122 ciritio-1.
908 5061 940 5110 ln
955 5060 983 5107 Α.
1001 5060 1029 5107 Β.
1041 5057 1070 5108 C.
1093 5055 1166 5106 uliter
1189 5055 1295 5106 habetur
1315 5055 1393 5109 locus.
1412 5058 1492 5122 Supra
1511 5076 1538 5123 p.
1554 5061 1616 5124 838,
1641 5063 1670 5123 Π,

127 5145 201 5194 ΙιΠίσ
224 5144 300 5194 etiam
325 5143 461 5193 inntrmcrae
486 5150 545 5191 sunt
563 5137 701 5189 lectionum
725 5138 859 5194 varietates
908 5153 995 5190 omnes
1006 5145 1167 5207 atrapatinse,
1180 5147 1205 5187 et
1216 5135 1251 5186 ita
1263 5134 1353 5203 legitur
1366 5135 1391 5188 in
1413 5135 1672 5210 Editisllibliorum.]
