3728 5978
524 430 557 478 in
586 430 672 478 ucri
701 389 957 478 rrosroeonuuss
984 431 1103 480 noun.
1131 433 1202 481 xci.
1571 410 1640 505 347

66 552 197 617 ὥστεκαὶ
217 557 271 617 ἀπὸ
290 554 381 616 τούτου
402 553 503 632 μηδένα
515 556 617 634 τολμᾷν
631 552 699 631 μηδὲ
713 555 749 620 ὡς
764 553 841 633 ἔτυχε
894 551 945 612 hoc
953 551 1382 634 nomenproserre.llociidclium
1389 553 1643 614 multosadoonsee·
1741 598 1744 604 .

65 648 96 707 τὸ
118 647 203 726 ὄνομα
223 648 359 725 ὀνομάζειν
375 647 477 707 λοιπόν.
495 647 582 705 Τοῦτο
595 643 707 711 πολλοίις
724 647 778 702 τῶν
792 667 842 702 πι-
894 646 996 705 sionem
1003 645 1216 723 deduxit,bocet
1226 645 1644 729 timoremipsisincussit,maxi-

66 739 235 799 στευσάντων
252 742 290 807 είς
306 737 494 817 ἐξομολόγησιν
505 736 604 815 ῆγοιγε·
616 734 750 796 τοῦτοκαὶ
761 733 842 816 ρόῦσν
895 760 1024 818 mumque
1031 738 1082 798 hoc
1092 752 1282 819 argumentum
1292 739 1346 798 tuit
1356 742 1446 799 Deum
1455 738 1547 798 omnia
1554 756 1642 799 nosse.

66 834 155 897 αὐτοῖς
168 830 292 905 ένίῦαλε,
305 830 352 890 καί
364 838 410 891 τοῦ
428 828 516 888 πάντα
536 827 633 887 εἰδίναι
645 827 690 887 τὸν
708 827 776 888 ecto
797 823 844 905 μί·
895 830 1057 910 Priusquam
1069 853 1086 890 a
1108 830 1277 891 damonibus
1290 830 1528 910 redarguerentur,
1540 829 1643 911 seipsos

65 946 158 1001 γιστον
174 931 252 984 τοῦτο
264 922 409 1003 τεκμήριον
422 921 521 1003 γέγονε.
536 922 605 1003 Πρὶν
619 919 637 992 ἢ
651 919 704 979 ὑπὸ
714 922 767 979 τῶν
781 920 843 978 δαι-
896 923 1067 1000 accusabant,
1076 923 1200 982 timentes
1212 944 1246 982 nc
1256 921 1349 982 cadem
1361 924 1533 1003 paterentur,
1546 936 1573 981 et
1580 922 1644 1002 jure

66 1013 154 1091 μόνων
170 1016 344 1095 ἕλεγρθῆναι,
368 1017 469 1073 ἑαυτῶν
491 1011 664 1092 κατηγόρουν,
687 1008 845 1092 ροόούμενοι
897 1014 1017 1091 quidem.
1033 1014 1150 1089 Quando
1162 1015 1233 1075 enim
1248 1012 1386 1095 adjutores
1398 1014 1545 1088 daemones,
1560 1034 1643 1072 accu-

66 1107 104 1184 μὴ
116 1106 151 1167 τίι
163 1107 234 1166 αὐτὰ
245 1107 380 1168 πάθωσιν·
396 1105 512 1174 εἰκότως.
524 1103 611 1163 Ὅταν
619 1103 672 1186 γάρ
682 1108 707 1164 oi
722 1106 844 1182 βοηθοῦνε
860 1113 879 1162 G
897 1117 997 1165 satores
1008 1105 1120 1165 illorum
1129 1119 1214 1174 crant,
1228 1127 1281 1165 non
1290 1106 1464 1165 auxiliatores
1475 1105 1573 1183 ,qualis
1584 1127 1645 1187 spes

67 1223 111 1266 τες
125 1199 247 1279 δαίμονες
260 1199 403 1280 κατήγοροι
415 1200 502 1257 αὐτῶν
512 1186 576 1268 ὦσι,
587 1196 633 1256 καί
647 1200 676 1255 οὗ
690 1193 844 1276 σύμμαχοι,
897 1211 1052 1278 supererat,
1068 1198 1120 1258 nisi
1133 1198 1262 1258 confessio
1277 1220 1326 1279 per
1340 1199 1443 1279 opera?
1457 1197 1531 1260 Vide
1544 1210 1644 1277 quanta

67 1291 134 1350 ποία
156 1293 249 1352 λοιπὸν
269 1290 358 1365 ἐλπίς,
372 1289 390 1361 ἢ
405 1288 450 1348 διὰ
465 1291 517 1348 τῶν
542 1288 625 1370 ἔργων
645 1286 845 1366 έξομολόγηοιςς
896 1290 974 1351 brevi
990 1305 1081 1372 postca
1097 1291 1168 1350 mala
1188 1291 1310 1351 eveniant
1329 1306 1389 1372 post
1402 1305 1442 1351 tot
1461 1291 1530 1350 lacta
1553 1290 1641 1369 signa.

68 1380 142 1460 Ὅρα
156 1373 237 1443 δὲοῖσ
253 1381 320 1461 μετὰ
337 1381 429 1460 μικρὸν
445 1380 546 1461 γίνεται
559 1377 643 1451 κακίι,
655 1377 778 1438 τοιοάτων
792 1401 845 1451 ση-
897 1382 975 1442 Tolis
985 1383 1086 1463 quippe
1096 1382 1261 1442 estbumana
1269 1396 1364 1442 natura
1376 1406 1383 1439 ι
1396 1382 1486 1464 statim
1498 1382 1643 1441 beneficio»

68 1471 152 1551 μείων
178 1473 334 1554 γενομένων.
353 1472 470 1545 Τοιαύτη
490 1471 568 1552 γὰρὴ
581 1469 732 1554 ἀνθρωπίνη
755 1468 844 1552 φύσις·
896 1495 958 1533 rum
966 1474 1145 1535 obliviscitur.
1153 1480 1247 1534 Annon
1256 1474 1423 1550 meministis,
1432 1473 1551 1554 idipsum
1560 1473 1640 1533 etiarn
1660 1474 1737 1523 Terra
1748 1489 1796 1518 νιν·

69 1563 177 1645 ταχέως
191 1566 393 1625 ἐπιλανθάνεται
407 1556 443 1622 ὧν
457 1560 845 1644 εὐεργετεῖται.Ἢούμέμνη·
896 1566 994 1627 nostris
1022 1566 1190 1647 temporibus
1211 1566 1360 1626 accidisse?
1377 1567 1431 1626 Dic
1457 1566 1529 1625 enim
1553 1537 1795 1642 mibi:¹¹”„,„,⁰52:]

69 1662 133 1730 σθε,
147 1655 190 1717 ότι
203 1657 250 1716 καί
272 1656 316 1717 ἐπί
337 1661 390 1716 τῶν
409 1660 468 1715 καθ’
484 1660 555 1734 ἡμᾶς
568 1653 713 1735 γενομένων
732 1654 763 1714 τὸ
781 1653 845 1714 αῦτδ
896 1679 984 1718 nonne
992 1679 1061 1717 anno
1071 1659 1207 1739 superiore
1220 1658 1353 1718 concussit
1363 1661 1438 1718 Deus
1451 1657 1588 1717 civitatem
1600 1672 1641 1716 to·
1652 1661 1707 1721 1³⁰¹*-

69 1754 148 1809 τοῦτο
158 1748 278 1828 γέγονεν,
292 1748 360 1809 Εἰπὲ
373 1747 426 1830 γάρ
442 1771 503 1826 μοι,
523 1751 573 1807 ὀὐ
584 1746 693 1829 πέρυσιν
707 1746 845 1816 έτίναξενθ
896 1750 974 1809 tam?
984 1749 1061 1822 Quid
1073 1749 1157 1811 vero?
1168 1770 1256 1809 nonne
1267 1771 1358 1813 omnes
1371 1749 1408 1809 ad
1417 1750 1584 1829 baptismum
1597 1770 1643 1809 ac-

68 1841 139 1908 Θεὸς
156 1838 206 1911 ¹cli
219 1838 295 1899 πόλιν
310 1850 415 1913 aaran
430 1839 467 1899 Τί
482 1838 537 1912 δαίς
554 1838 615 1919 οὐχί
633 1838 730 1908 πάντες
749 1838 794 1898 έπί
814 1837 846 1898 τὸ
897 1842 1047 1903 cedebant?
1059 1863 1149 1904 nonne
1168 1857 1344 1918 scortatores,
1361 1843 1456 1902 molles
1474 1855 1501 1901 et
1522 1841 1643 1923 corrupti

71 1930 199 2011 ρώτισμα
216 1933 345 2009 ἔδραμον,
358 1930 416 2012 οὐχί
433 1929 526 2010 πόρνοι
539 1930 585 1990 καί
600 1929 715 2009 μαλακοί
729 1929 775 1989 καί
788 1930 844 1989 διε·
867 1980 870 1986 .
897 1934 1031 2010 homines,
1044 1935 1145 1995 relictis
1156 1934 1282 1995 domibus
1296 1949 1322 1995 et
1334 1934 1508 2012 habitaculis,
1522 1933 1645 1995 conversi

71 2022 218 2102 ρθαρμίνοι
231 2023 366 2101 οἰκήματα
384 2021 509 2103 οἰρίντες,
522 2022 568 2081 καί
586 2020 645 2090 τοὺς
659 2020 754 2089 τόπννς
766 2022 793 2079 ίν
809 2010 848 2088 οἷς
898 2039 925 2086 ct
932 2025 972 2107 pii
982 2026 1068 2086 effecti
1080 2027 1223 2087 sunti‘Ubi
1235 2041 1326 2085 autem
1339 2039 1392 2086 tres
1401 2025 1459 2086 dies
1468 2027 1643 2109 transierunt,

72 2114 216 2196 διέτριόον,
249 2115 435 2193 μετετέθησαν,
467 2114 513 2173 καί
543 2112 682 2192 γεγόνασιν
714 2111 847 2184 εθλαὸεῐς;
862 2134 882 2181 Ι)
899 2139 994 2177 rursus
1003 2116 1038 2176 ad
1050 2118 1196 2198 pristinam
1208 2118 1311 2178 reversi
1324 2131 1387 2176 sunt
1401 2117 1558 2195 nequitiam.
1566 2116 1647 2177 Unde

71 2206 186 2279 Ἐπειδὴ
209 2207 237 2266 δὲ
254 2215 324 2288 τρεῖς
346 2205 446 2287 ἡμέραν
464 2210 610 2285 παρῆλθον,
629 2205 710 2265 παλιν
731 2204 775 2264 ἐπὶ
798 2203 846 2277 τῆν
899 2210 951 2269 boc
964 2210 1095 2290 contingit
1107 2210 1121 2269 l
1134 2210 1179 2270 Ex
1190 2210 1299 2290 ignavia
1308 2209 1403 2268 multa.
1418 2208 1525 2287 Ecquid
1535 2209 1652 2291 mirum,

71 2297 172 2357 οἰκείαν
194 2298 345 2383 ἐπανῆλθον4
360 2297 465 2358 κακίαν.
485 2297 569 2358 Πόθεν
588 2298 615 2357 δὲ
635 2303 714 2357 τοῦτο
732 2295 847 2377 γίνεται,
900 2301 922 2360 si
935 2301 982 2360 ubi
994 2323 1037 2361 res
1056 2301 1227 2374 transierunt,
1242 2300 1349 2380 quando
1365 2301 1530 2380 imaginibus
1548 2322 1646 2381 perpe-

72 2389 138 2449 Ἀπδ
155 2396 203 2462 τῆς
220 2394 321 2464 πολλῆς
334 2390 451 2459 νωθείας.
467 2391 520 2451 Kal
540 2391 566 2450 τί
581 2390 743 2470 θαυμαστὸν,
758 2393 781 2451 εί
794 2392 847 2449 τῶν
900 2407 947 2453 tuo
962 2395 1131 2454 manentibus
1138 2392 1197 2454 ⁴hoc
1212 2393 1303 2476 ipsum
1317 2395 1424 2454 evenit?
1437 2395 1505 2466 Quae
1519 2394 1546 2453 in
1559 2393 1646 2455 Sodo-

71 2482 240 2563 πραγμάτων
251 2483 443 2562 παρελθόντων,
458 2483 522 2543 ὅπου
536 2508 567 2563 γε
577 2486 629 2542 τῶν
645 2481 751 2543 εἰκόνων
761 2484 848 2556 διηνε-
899 2486 968 2561 mis,
983 2486 1029 2546 dic
1052 2486 1138 2565 mibi,
1157 2508 1245 2547 nonne
1270 2500 1400 2568 perpetuo
1421 2487 1554 2546 manent?
1571 2486 1646 2558 Quid

72 2579 127 2642 κῶς
138 2578 273 2651 μενουσῶν
285 2577 315 2636 τὸ
331 2576 395 2636 αὐτὸ
408 2575 523 2656 γίνεται,
536 2577 581 2634 Τὰ
595 2578 622 2635 ἐν
634 2576 776 2654 Σοδόμοις,
790 2574 849 2635 εἰπέ
899 2580 1024 2660 οτςοθου
1039 2579 1123 2640 vicini
1138 2594 1277 2660 propterea
1288 2579 1411 2639 meliores
1424 2579 1487 2638 iacti
1499 2579 1579 2638 sunt?
1592 2578 1647 2637 rti-

73 2690 120 2745 μοι
133 2711 142 2740 ,
155 2668 215 2748 οὐχί
228 2670 334 2741 διηνεκῆ
347 2668 487 2748 τυγγάνει,
496 2667 533 2728 Τί
543 2657 602 2742 οῦνς
614 2672 638 2728 οί
649 2674 849 2748 προσοικοῦντες
900 2671 981 2731 nime.
989 2671 1065 2743 Quid
1079 2685 1104 2731 et
1118 2671 1193 2730 lilius
1201 2671 1279 2730 Noe?
1288 2691 1376 2731 nonne
1387 2671 1449 2729 talis
1466 2683 1523 2729 erat
1533 2669 1547 2728 θ
1559 2690 1648 2729 nonne

72 2761 128 2819 ἀπὸ
146 2760 246 2818 τούτων
260 2759 383 2839 γεγόνασι
398 2757 527 2838 βελτίους,
542 2758 704 2837 ΙὈὐδαμῶς
721 2759 757 2819 Τί
778 2758 849 2818 δαίό
893 2777 1004 2841 ¹tantam
1022 2763 1075 2822 sub
1088 2763 1175 2823 oculis
1189 2762 1289 2821 habens
1307 2761 1492 2837 solitudinem,
1508 2762 1596 2821 malus
1606 2774 1647 2821 ta·

71 2856 120 2910 τοῦ
137 2853 199 2911 Νῶε
210 2850 276 2923 υἱός,
288 2850 350 2929 οὐχί
364 2857 479 2918 τοιοῦτος
492 2843 540 2924 im
550 2850 610 2931 οὐχὶ
620 2853 647 2909 ἐν
656 2851 732 2931 &leot
743 2849 847 2930 βλίπων
901 2876 962 2914 men
971 2855 1049 2914 crat?
1064 2856 1105 2915 Ne
1115 2855 1247 2913 miremur
1256 2875 1319 2934 crgo
1331 2899 1339 2928 ,
1350 2853 1373 2913 si
1388 2853 1432 2913 his
1445 2853 1482 2912 ita
1498 2853 1580 2932 gestis
1593 2873 1646 2913 non

72 2942 188 3020 ἐρημίαν
200 2942 330 3014 τοσαύτην
342 2943 422 3011 κακὸς
437 2934 485 3017 ῆν,
501 2942 547 3015 Μὴ
563 2942 594 3015 δὴ
606 2941 780 3021 θαυμάζωμεν
790 2947 848 3010 πῶς
901 2945 1084 3021 crediderunt,
1095 2945 1201 3025 quando
1210 2947 1267 3027 ipsa
1281 2945 1348 3005 fides
1358 2945 1492 3025 illissaepe
1501 2945 1530 3003 in
1540 2958 1648 3004 contra-

72 3039 121 3094 οὐκ
144 3033 301 3095 ἐπίστευσαν
319 3035 418 3095 τούτων
439 3034 596 3113 γενομένων,
616 3034 681 3094 όπου
698 3058 729 3114 γε
750 3035 845 3109 cicli
897 3038 973 3097 rium
984 3052 1011 3097 et
1021 3038 1050 3098 in
1061 3038 1207 3117 nequitiam
1214 3037 1386 3113 ιτετιίιυτςυι
1395 3036 1505 3117 quando
1516 3035 1647 3095 daemoni·

72 3128 163 3196 πίστις
172 3127 300 3194 πολλάκις
310 3130 346 3195 είς
356 3129 504 3187 τούναντίον
516 3131 602 3197 αὐτοῖς
613 3128 847 3208 περιτρέπεται,εἰς
900 3154 979 3193 actim
996 3155 1053 3193 esse
1071 3133 1198 3194 dicebant
1222 3132 1273 3193 Dei
1297 3133 1408 3194 Filium
1427 3137 1523 3193 Annon
1548 3131 1649 3192 videtis

72 3218 186 3277 κακίαν·
199 3209 251 3288 οἷον
265 3223 301 3288 ὡς
313 3217 376 3279 ὅταν
386 3221 552 3298 δαιμονῶντα
565 3221 663 3299 λέγωσι
675 3221 720 3280 aba
729 3219 792 3280 Υίθν
801 3227 847 3281 τοῦ
862 3231 881 3278 Ε
901 3224 953 3285 boc
962 3247 1034 3285 nunc
1047 3225 1129 3285 etiam
1142 3223 1216 3303 fieri,
1230 3239 1256 3285 et
1269 3224 1368 3284 multos
1378 3223 1500 3283 homines
1516 3222 1648 3304 serpenti-

73 3313 155 3369 Θεοῦ.
174 3307 213 3370 *fl
238 3314 287 3391 οὐχ
307 3316 386 3391 δρᾶτε
404 3311 450 3371 καί
471 3318 514 3371 νῦν
535 3317 620 3371 ταῦτα
639 3304 788 3391 γινόμενα,
800 3312 846 3372 καί
899 3317 951 3377 bus
959 3317 1069 3392 similes,
1081 3317 1235 3377 incredulos
1248 3331 1273 3376 et
1286 3316 1403 3397 ingratos
1413 3315 1461 3394 qui
1476 3315 1562 3374 instar
1570 3315 1647 3395 vipe-

71 3401 196 3483 ὄριῶδεις
209 3401 360 3485 ἆνθρώπννς
376 3404 454 3471 ὄντας
467 3403 589 3477 πολλοὺς,
612 3404 738 3472 ἀπίστους
758 3428 787 3464 τε
801 3403 846 3464 καί
900 3431 993 3470 rarum
1007 3431 1069 3469 cum
1081 3409 1212 3469 beneficia
1229 3408 1379 3490 accipiunt,
1404 3406 1532 3481 beneficis
1557 3406 1647 3466 infesti

74 3492 244 3574 ἀγνώμονας,
257 3493 283 3555 ol
297 3495 342 3554 καί
356 3497 424 3555 κατὰ
444 3495 491 3562 τὰς
505 3496 590 3575 ἔχεις,
610 3496 673 3556 όταν
689 3495 846 3557 ἀπολαύσω-
899 3503 980 3562 sunt?
992 3503 1056 3562 llaec
1068 3524 1084 3561 a
1107 3501 1186 3561 nobis
1200 3500 1364 3578 dictasunt,
1380 3514 1411 3559 ut
1434 3491 1548 3578 nequis
1561 3499 1646 3558 mire-

74 3609 117 3645 σιν
141 3586 305 3668 εὖεργενίνις,
319 3587 365 3645 καί
378 3590 527 3668 θνδνθῶνῑν
542 3589 594 3649 ὑπὸ
606 3591 695 3664 τινῶν,
719 3588 779 3648 τότε
799 3589 847 3656 λιι·
899 3595 1034 3675 tnr,quod
1046 3609 1085 3655 tot
1094 3594 1175 3656 oditis
1185 3594 1336 3675 signisnon
1346 3614 1438 3654 omnes
1450 3592 1571 3654 conversi
1583 3591 1647 3652 sint.
1741 3599 1744 3607 “

71 3684 151 3739 ποῦσα
168 3679 227 3746 τὼς
250 3680 402 3760 εὐεργέτας;
424 3683 520 3740 Ταῦτα
533 3684 598 3758 ἡμῖν
613 3680 730 3763 είρηται,
750 3679 794 3741 ίνα
808 3680 846 3760 μή

69 3796 111 3838 τις
119 3772 242 3850 θαυμάζῃ
255 3776 311 3839 πῶς
320 3770 443 3831 τοιοότων
455 3771 573 3850 σημείων
582 3772 728 3853 γενομένων
739 3774 769 3832 οὐ
780 3773 846 3832 πάν·

72 3887 115 3932 τες
128 3864 301 3945 ἐπέστρεψαν.
1512 3943 1517 3952 .

114 3953 185 4016 Ἰδοὺ
197 3955 247 4037 γάρ
260 3956 304 4017 ἐπὶ
317 3959 370 4016 τῶν
383 3960 482 4037 καιρῶν
496 3960 548 4017 τῶν
562 3957 698 4038 ἡμετέρων
709 3965 721 3993 ⁶
731 3957 765 4016 τδι
776 3955 845 4017 κατὰ
939 3957 968 4015 5.
991 3956 1096 4018 Nostris
1123 3956 1224 4038 quippo
1247 3954 1414 4036 temporibus
1427 3952 1585 4014 acciderunt
1598 3972 1644 4029 ca,

72 4048 118 4106 τὸν
132 4046 264 4128 μακάριον
277 4047 401 4107 Βαόάλαν
414 4047 520 4127 γέγονε,
531 4048 564 4107 τδι
576 4048 690 4108 κατὰτὰ
702 4048 888 4138 Ἱεροοόλυ-,ῃ
899 4071 960 4129 qua
973 4050 1083 4111 beatum
1097 4051 1233 4133 babylam
1244 4061 1374 4130 spectant,
1389 4069 1450 4127 qua
1466 4047 1645 4129 ierosolymis

73 4161 129 4214 μα,
144 4135 178 4195 τὰ
191 4137 260 4198 κατὰ
273 4137 322 4223 τὴν
334 4139 485 4220 καθαίρεσιν
504 4144 557 4199 τῶν
570 4145 659 4222 ἱερῶν,
672 4141 719 4200 καί
732 4144 761 4201 οὐ
776 4140 846 4200 πάν·
861 4155 882 4200 Δ
899 4156 973 4221 gesta
983 4156 1057 4220 sunt,
1072 4165 1133 4223 quae
1147 4144 1174 4203 in
1184 4141 1365 4202 destructione
1374 4140 1546 4221 templorum,
1558 4160 1645 4218 neqnc

73 4253 116 4296 τες
131 4229 307 4312 ίπέστρεψαν.
320 4232 356 4291 Τί
374 4234 414 4291 δεῖ
433 4231 467 4290 τά
489 4231 592 4292 παλαιδι
605 4233 709 4312 λέγειν,
729 4231 846 4315 Πέρυοιν
898 4249 987 4294 tamen
1008 4256 1100 4296 omncs
1111 4238 1233 4297 conversi
1250 4247 1322 4293 sunt.
1335 4233 1410 4306 Quid
1424 4254 1493 4314 opus
1503 4246 1543 4292 cst
1553 4247 1644 4293 vetera
1679 4259 1681 4262 >

72 4311 147 4379 εἶπον
161 4324 224 4399 ὑμῖν
247 4314 301 4383 οἷον
321 4322 424 4403 γέγονε,
440 4323 486 4383 καί
510 4323 593 4391 οὐδείς
606 4323 763 4404 προσέσχεν,
776 4323 846 4384 ἀλλὰ
898 4328 1058 4387 recensere?
1077 4328 1144 4388 Diri
1158 4327 1247 4402 vobis,
1263 4325 1331 4405 quid
1343 4346 1414 4385 anno
1427 4325 1553 4407 proximo
1571 4323 1645 4383 acci-

71 4413 154 4472 παλιν
163 4415 233 4474 κατὰ
242 4416 335 4496 μικρὸν
346 4416 514 4498 ίπερρύησαν
524 4415 569 4475 καί
580 4416 735 4476 κατέπεσον.
744 4416 847 4488 Ἕστη·
897 4418 977 4496 derit,
988 4432 1014 4479 et
1027 4418 1226 4480 nemoattcndit
1234 4443 1243 4495 3
1252 4418 1299 4478 scd
1310 4439 1405 4481 census
1421 4414 1644 4499 paulatimdcssu·

71 4528 102 4563 κε
116 4508 244 4578 διηνεκῶς
257 4512 271 4566 ὁ
287 4507 395 4587 οὐρανὸς
409 4511 488 4586 βοῶν,
502 4508 543 4567 ότι
563 4508 701 4580 Δεσπότην
714 4506 785 4588 ἔχει,
799 4507 845 4567 καί
898 4525 997 4571 xerunt
1017 4525 1044 4570 et
1065 4510 1178 4592 collapsi
1191 4525 1264 4570 sunt.
1277 4511 1337 4571 Stat
1350 4530 1455 4592 semper
1469 4508 1566 4568 caelnm
1584 4506 1644 4565 cla-

70 4595 192 4677 τεχνίτου
205 4598 277 4665 τινός
287 4599 345 4657 έοτι
356 4599 414 4658 τόδε
427 4599 458 4658 τὸ
471 4610 524 4658 πᾶν
538 4600 599 4680 (τὸν
619 4600 719 4678 κόσμον
735 4599 843 4678 λέγω),
898 4624 975 4663 mans
984 4624 1012 4662 se
1022 4602 1171 4661 Dominum
1186 4601 1303 4672 babere,
1316 4615 1342 4661 et
1352 4600 1404 4660 boc
1418 4600 1576 4661 universnm
1589 4618 1645 4656 esse

71 4689 118 4747 καί
133 4689 240 4769 λέγουσί
250 4713 335 4762 τινες,
348 4690 388 4749 ότι
406 4691 474 4771 οὐχί.
486 4694 511 4750 Τ
513 4691 530 4751 δι
546 4691 616 4752 κατθ
627 4693 764 4773 Θεόδωρον
778 4695 845 4753 ἐκεῖ·
899 4684 1160 4775 cujusdarnopilicis
1175 4692 1336 4769 (demundo
1347 4694 1461 4772 loquor)
1475 4713 1485 4768 ς
1509 4703 1535 4749 ct
1549 4688 1645 4748 dicunt

71 4782 291 4863 νοιγεγενημένα
308 4781 419 4861 πέρυσι,
429 4782 488 4841 τίνα
500 4787 547 4844 οὐκ
561 4783 699 4857 ἐξέπληξε,
710 4784 764 4845 Καί
773 4784 846 4864 ὅμως
901 4785 1015 4864 quidam
1030 4787 1126 4847 nonita
1136 4808 1202 4846 esse.
1220 4785 1372 4860 Quocirca
1388 4781 1563 4844 Theodorum
1574 4800 1644 4839 anno

67 4872 144 4932 οῦδὲν
156 4875 239 4935 πλέον
252 4874 367 4952 γέγονεν,
382 4874 528 4954 ἀλλὰπρὸς
542 4877 633 4957 καιρδν
650 4877 784 4959 γενόμενοι
801 4880 846 4937 εὖ·
900 4879 1027 4959 proximo
1043 4893 1117 4960 gesta
1128 4892 1200 4955 sunt,
1211 4899 1291 4957 quem
1312 4872 1645 4956 nonobstupelcccrunt?

103 5074 113 5097 ·
131 5065 157 5112 αὖ
172 5069 254 5129 πέρατι
273 5064 371 5118 trinken
391 5063 403 5110 δ
423 5066 479 5117 θεός.
490 5060 564 5109 llunc
586 5072 657 5111 terrm
673 5073 769 5111 motuni
778 5061 836 5127 ,qui
920 5062 933 5098 θ
951 5066 1053 5128 οὐδαμῶς
1065 5060 1135 5112 deest
1147 5063 1171 5111 in
1184 5078 1234 5110 uno
1246 5058 1311 5111 Cod-

71 5156 138 5189 ³⁰⁰⁰
155 5140 291 5205 P¹⁰¹l¹¹¹⁰⁹
305 5153 394 5202 ”eml‘e
406 5139 455 5187 399
467 5136 608 5202 aceiden¹¹,
621 5157 685 5206 Sss’pt
700 5151 832 5192 memorat.
918 5156 928 5178 ν
947 5149 977 5193 τά
988 5151 1049 5194 κατὰ
1065 5149 1103 5194 τὸν
1119 5149 1235 5208 μακάριον
1253 5143 1363 5198 Βυόὺλαν,
1373 5149 1423 5187 etc.
1433 5139 1492 5187 lloec
1508 5135 1561 5186 luae
1573 5152 1645 5187 cntr-

72 5218 105 5268 aa
119 5216 151 5269 de
164 5219 229 5268 rein
242 5217 302 5266 Vita
316 5213 490 5282 Cluysostomi
502 5228 597 5283 agetur.
883 5231 972 5270 rantur
985 5220 1010 5269 in
1023 5217 1117 5270 llonril.
1130 5216 1162 5271 dc
1172 5218 1197 5272 S.
1213 5213 1322 5285 Babylo,
1333 5217 1407 5268 Tomi
1421 5217 1446 5281 2,
1458 5233 1483 5281 p.
1498 5217 1554 5266 567.
