3728 5978
483 544 517 590 ιιι
543 544 651 593 nrrsr.
681 544 726 592 ιο
751 544 834 593 rou.
864 547 982 598 ιιοιιιι.
1011 549 1108 600 xxxi.
1501 528 1570 624 827

112 697 139 740 ις
149 672 247 738 αθλοις
273 672 321 732 Διό
335 671 367 744 δὴ
383 672 428 731 καί
441 697 477 740 εις
489 673 594 752 μειζονα
619 675 779 748 ηλονόπαν-
831 692 951 761 tempore
973 681 1047 762 quod
1064 681 1172 764 priores
1200 679 1373 742 accesserint:
1389 700 1485 741 verum
1511 680 1574 761 plus

112 787 154 834 ιον,
169 763 271 831 οὐδενὸς
281 763 384 844 ,ἔκρυψε
397 763 571 843 τὰέγκώμια.
588 765 675 826 Οταν
692 767 779 848 pipo!
830 793 1011 849 quamomnes
1025 771 1359 852 Priscillametdquilam.
1373 771 1488 832 Etiamsi
1500 772 1572 832 enim

112 878 278 928 ιπνιουντει,
290 855 494 916 οθπλείννατθν
509 858 780 937 μισθθνλαμθόνωτι,
830 865 1032 927 omnesiideles
1054 881 1159 943 essent;
1174 879 1202 926 at
1213 887 1267 926 non
1285 886 1377 926 omnes
1393 865 1502 925 simules
1499 911 1513 944 ,
1526 863 1575 925 sed

114 945 230 1027 γίνονται
241 947 423 1028 ραθνμότιροι.
828 957 918 1040 pretio
930 958 1059 1040 dispares.
1073 958 1138 1019 ideo
1150 971 1180 1018 nt
1192 957 1227 1018 ad
1237 959 1325 1040 majus
1339 957 1463 1018 studium
1473 957 1575 1017 excita-

831 1064 889 1127 ret,
907 1051 1010 1112 nuliius
1032 1051 1125 1113 hodes
1141 1052 1268 1112 occultat.
1287 1052 1357 1111 Cum
1378 1051 1451 1111 enim
1466 1051 1505 1130 ii,
1528 1050 1576 1130 qui

831 1143 910 1224 plura
920 1144 1051 1223 iecerunt,
1063 1166 1117 1206 non
1127 1146 1257 1227 majorem
1265 1143 1416 1205 mercedem
1425 1144 1576 1225 accipiunt,

832 1234 912 1296 multi
930 1236 1063 1317 segniores
1073 1236 1203 1300 evadunt.

124 1335 202 1392 τοῦτο
225 1331 284 1393 οὐδὲ
297 1335 370 1414 ivr-ji,
388 1316 511 1414 βασιλείᾳ
523 1334 568 1407 ῐοη
584 1337 601 1406 η
615 1331 696 1411 τιμὴ,
722 1331 781 1395 utet
872 1327 902 1389 i.
919 1326 983 1389 ldeo
1003 1328 1031 1388 in
1044 1349 1128 1411 regno
1152 1349 1205 1390 non
1218 1350 1269 1411 par
1293 1329 1345 1390 erit
1366 1328 1464 1408 honor,
1492 1348 1578 1408 neque

112 1449 115 1491 ;
141 1431 272 1504 μαθηταῖς
290 1427 388 1493 πάντες
414 1428 482 1498 ίοοι,
506 1429 566 1487 ἀλλ’
591 1431 615 1486 σί
637 1433 707 1507 τρεῖς
729 1431 781 1486 τῶν
798 1434 817 1481 n
836 1418 906 1478 inter
935 1418 1201 1501 discipulosomnes
1223 1421 1339 1499 aequales
1360 1433 1434 1493 sunt,
1457 1418 1504 1480 scd
1524 1433 1578 1478 tres
1661 1488 1665 1499 ,

128 1527 261 1598 προεῖχον,
285 1518 330 1577 καὶ
352 1522 379 1579 ιν
402 1519 502 1585 ςούςος
517 1521 604 1587 αὐτοῖς
630 1527 685 1587 τοῖς
710 1518 782 1598 τρισὶ
833 1510 894 1570 aliis
907 1512 1127 1592 praeeminebant,
1139 1525 1219 1592 atque
1230 1510 1300 1572 inter
1311 1525 1366 1572 tres
1381 1511 1443 1572 ilios
1459 1511 1578 1571 multum

112 1611 188 1669 πάλιν
203 1609 334 1720 διαφορά
352 1609 438 1683 πολλὴ
460 1608 647 1691 φὰράκρίίειο
660 1610 782 1692 πορὰςῷ
833 1601 998 1663 discriminis
1020 1604 1163 1664 intererat:
1194 1605 1282 1665 mutu
1313 1605 1414 1685 quippe
1443 1602 1580 1664 accuratio

112 1699 174 1759 ri
140 1724 221 1781 μεχρι
233 1725 286 1760 των
300 1701 429 1782 ἐοχάςων
441 1701 495 1762 Καὶ
508 1702 559 1816 φλρ
575 1701 661 1782 &arip
674 1701 783 1783 ἀστέρος
833 1694 908 1776 apud
920 1697 1010 1756 Deum
1025 1709 1074 1772 est,
1088 1695 1209 1775 adusque
1223 1695 1342 1758 ultimos.
1357 1699 1475 1756 Etenim
1491 1695 1679 1761 steilamcr.
1692 1711 1728 1758 rs

112 1795 166 1852 ιιέν
181 1792 257 1872 δοίη,
274 1793 349 1874 φησί.
364 1793 609 1875 Καίτοιγε’παντες
628 1786 697 1867 ἦσαν
712 1795 781 1856 ἀετό-
834 1788 958 1848 astella
984 1790 1136 1870 dissertio
1147 1789 1256 1868 gioria,
1280 1788 1379 1868 inquit.
1407 1781 1630 1867 ΟιιιιιιιιφιιειιιίΙ

112 1885 447 2000 χολπάνρςςέπὶδώδεχα
461 1887 728 1970 ορόνοοςρίλλροσςν
734 1913 783 1949 χα-
834 1899 927 1939 omnes
955 1893 1030 1938 erant
1057 1879 1189 1961 apostoli,
1211 1899 1303 1939 omnes
1327 1899 1409 1961 supra
1437 1878 1581 1942 duodecim

114 2022 122 2050 ,
142 1976 187 2035 καί
207 1977 304 2046 πάντες
325 1980 430 2058 ἀφῆκαν
444 1978 478 2039 τὰ
493 1982 602 2053 ἑαυτῶν,
627 1980 725 2039 καί’
686 2003 784 2049 παντες
808 1973 947 2034 thronos
955 1995 1063 2050 sessuri,
1073 1994 1166 2034 omnes
1176 1993 1224 2033 sua
1234 1972 1408 2052 rehquerant,
1418 1994 1509 2033 omnes
1520 1994 1582 2033 oum

112 2074 224 2140 υνῆσαν·
239 2071 299 2128 ἀλλ’
318 2069 392 2147 ὅμως
406 2069 465 2137 τοὺς
483 2079 553 2151 τρεῖς
573 2070 716 2149 ιλάρὸανε,
732 2071 785 2132 Καὶ
837 2066 946 2126 Christo
966 2065 1065 2128 versati
1085 2080 1163 2145 sunt3
1192 2078 1310 2125 etiamen
1335 2081 1389 2128 tres
1403 2066 1450 2126 ille
1467 2065 1580 2146 accepit.

112 2159 155 2218 καί
169 2158 267 2220 τοιίτοιν
285 2162 370 2220 αὐτῶν
387 2160 469 2241 ἔφησέ
492 2186 565 2230 τινας
588 2165 716 2241 ἐγχωρεῖν
737 2159 784 2220 καί
836 2161 925 2238 Atque
937 2180 1046 2218 rursum
1066 2180 1101 2218 ex
1119 2158 1165 2217 his
1176 2159 1243 2240 ipsis
1268 2159 1400 2239 quosdam
1427 2158 1544 2220 eminere
1556 2172 1583 2218 et

112 2273 163 2308 ειν·
179 2253 220 2311 Τό
233 2252 284 2334 γὰρ
303 2254 430 2326 καθίσαι,
444 2253 534 2334 φησίν,
548 2256 579 2312 ἐκ
594 2253 683 2322 δεξιῶν
696 2253 741 2312 καί
757 2251 784 2322 ἐξ
836 2251 987 2331 precellere
996 2251 1069 2312 dixit
1081 2276 1088 2309 ι
1102 2272 1165 2318 nam
1171 2251 1211 2312 eit
1223 2274 1231 2308 ι
1244 2252 1350 2312 Sedere
1359 2265 1458 2312 autem
1467 2253 1584 2312 adde
1593 2272 1667 2318 iture.
1683 2283 1718 2319 ιο.

112 2365 162 2416 σιν,
170 2348 218 2402 οὐκ
229 2342 300 2404 ἔστιν
308 2343 371 2422 ἐμόν
382 2345 483 2420 δοῦναι,
495 2347 553 2404 ἀλλ’
565 2336 602 2411 οἷς
614 2343 784 2423 ἡτοίμασται.
836 2357 930 2403 teram
943 2345 995 2404 vei
1014 2349 1176 2421 sinistram,
1198 2358 1312 2405 nonest
1324 2366 1420 2405 meum
1431 2346 1514 2416 deve,
1532 2337 1631 2404 ιθδίο·

112 2433 236 2514 νΙΙίτρον
247 2434 275 2493 δὲ
287 2438 372 2494 αὐτῶν
383 2434 524 2515 προτίθησι
534 2435 629 2516 λέγων,
641 2438 736 2504 Φιλεῖς
750 2459 785 2515 με
836 2439 940 2516 quibus
952 2451 1091 2516 paratum
1103 2450 1147 2498 est
1154 2461 1167 2507 ,·
1181 2457 1213 2497 ee
1231 2438 1342 2497 Petrum
1355 2436 1421 2518 ipsis
1434 2436 1586 2517 anteponit,

112 2525 220 2600 τούτοις
236 2527 283 2586 ιιαί
307 2531 322 2586 ὁ
345 2527 471 2599 Ἰωάννης
486 2527 513 2587 δὲ
536 2527 604 2611 θπίρ
617 2527 675 2595 voire
690 2529 785 2596 ἄλλους
801 2542 820 2591 Ε
835 2525 942 2588 dicens:
959 2530 1070 2611 Diligis
1092 2549 1139 2588 me
1159 2529 1229 2609 plus
1248 2531 1317 2590 itis?
1340 2542 1366 2588 et
1379 2531 1494 2592 Joennes
1520 2529 1660 2610 plusrm,
1679 2565 1718 2597 ῃ,

112 2639 143 2676 ιο.
166 2618 220 2677 Καί
241 2618 293 2699 γὰρ
304 2619 411 2678 πάντων
433 2619 550 2688 ἐξέτασις
563 2619 637 2679 ἔσται
655 2619 785 2700 ἀκριίής·
835 2642 920 2699 quem
934 2621 982 2680 alii
995 2642 1088 2682 omnes
1102 2620 1280 2700 diligebatur.
1296 2622 1406 2683 Etenim
1426 2635 1585 2686 accuratum
1596 2614 1633 2662 ¹⁵¹

112 2708 164 2788 ιρὸν
174 2707 306 2791 ὑπερίχης
319 2715 365 2769 τοῦ
380 2710 502 2782 πλησίον,
515 2710 565 2769 κᾶν
577 2715 724 2794 ἀκαριαῖον,
736 2709 785 2770 κᾶν
836 2709 958 2768 omnium
971 2730 1083 2770 examen
1098 2710 1162 2789 erit,
1175 2725 1202 2771 et
1213 2711 1237 2771 si
1246 2711 1389 2792 paululum
1399 2733 1509 2793 superes
1522 2732 1586 2793 pro·

123 2800 181 2861 otti
202 2808 280 2861 τοῦτο
292 2801 440 2882 παρόψεται
453 2806 468 2861 ό
481 2801 557 2869 Θεός.
573 2801 626 2861 Καί
639 2808 717 2863 τοῦτο
739 2799 785 2861 καί
839 2800 957 2876 nimum,
968 2801 1245 2881 quantulumcumque
1255 2800 1423 2878 ilindfuerit,
1438 2823 1523 2881 neque
1536 2803 1588 2863 hoc

121 2891 173 2952 ίδοι
182 2915 222 2959 τις
236 2892 268 2950 ἂν
281 2893 443 2970 διαλάμποι.
460 2893 514 2952 Καί
524 2892 675 2975 peponem
686 2894 785 2962 δίκαιος
840 2892 957 2973 negliget
970 2895 1054 2956 Deus.
1069 2894 1129 2954 Hoc
1150 2907 1241 2955 autem
1250 2895 1309 2977 jam
1321 2894 1409 2976 prisce
1427 2894 1529 2954 iactum
1544 2894 1588 2956 vi-

112 2986 126 3042 ι’
138 2987 188 3066 οὐχ
200 2983 282 3054 οὕτως
293 2984 498 3064 ὧςόἏθραοίμ·
518 2984 721 3053 καίθἸεζεκίας
731 2985 786 3046 πό·
840 2984 903 3045 dere
920 2999 968 3046 est.
983 2987 1053 3046 Nam
1067 2987 1120 3047 Lot
1132 2989 1223 3069 justus
1236 3000 1302 3066 eret,
1324 2986 1438 3048 sednon
1456 3001 1588 3069 quantum

112 3078 142 3134 λ’
158 3081 208 3156 οὐχ
228 3076 309 3143 οὕτως
329 3080 364 3144 ὡς
387 3082 401 3136 ό
425 3077 524 3136 deuii·
539 3076 585 3136 καί
604 3079 629 3135 oi
651 3083 787 3158 προφῆται
811 3119 813 3122 >
841 3075 978 3136 Abraham
988 3101 998 3157 3
1021 3077 1150 3138 iireehias
1171 3100 1295 3159 quoque,
1311 3078 1359 3138 sed
1377 3099 1429 3139 non
1455 3093 1588 3158 quantum

117 3169 203 3243 ,ἀλλ’
228 3171 279 3248 οὐχ
293 3167 374 3235 οὕτως
389 3172 425 3234 ὡς
440 3173 454 3227 ό
467 3167 545 3227 ’iuti
531 3193 603 3241 ν.νης
620 3170 678 3227 Ποῦ
699 3167 785 3228 τοίνυν
842 3166 1075 3249 ὓονίιίιίιτιιιφιιε
1086 3192 1180 3231 omnes
1196 3171 1347 3252 prophetea,
1358 3171 1467 3232 sednon
1476 3170 1589 3252 perinde

112 3258 203 3337 iperi
223 3259 414 3332 τὴντοοαυτην
427 3261 478 3339 ιἰκρ
482 3257 613 3319 ίθειαν’
587 3284 616 3320 ου
632 3259 787 3340 βουλόμενοι
840 3273 921 3339 etque
937 3263 1062 3323 ioannes.
1081 3262 1204 3324 Ubinam
1227 3284 1291 3343 ergo
1306 3277 1370 3323 sunt
1388 3263 1442 3342 illi,
1459 3265 1588 3343 quicum

112 3350 217 3424 ίενναν;
209 3353 264 3410 ·Εί
277 3350 331 3432 γὰρ
342 3353 366 3411 oi
380 3350 529 3409 δικαιοι
489 3374 587 3418 παντες
597 3354 627 3411 σο
635 3375 688 3410 τιον
700 3352 833 3443 αθτοιν,η
842 3361 914 3408 tenta
939 3347 1109 3411 adhibiusit
1124 3351 1281 3432 diligentia,
1296 3351 1447 3430 gehennam
1456 3373 1519 3412 esse
1540 3372 1589 3413 no·
1637 3411 1640 3417 ,

112 3441 222 3515 inerret,
233 3442 282 3502 xtv
296 3430 454 3523 μικρόνωσι
467 3465 520 3501 τοιν
530 3442 624 3523 ἔπριον
640 3441 787 3524 ὑπερέχον·
805 3403 922 3506 Aiunt?
943 3442 974 3502 Si
995 3443 1069 3503 enim
1086 3443 1154 3525 justi
1179 3465 1272 3504 omnes
1297 3464 1350 3503 non
1379 3444 1477 3505 iisdem
1497 3447 1589 3506 fruen-
1671 3452 1674 3457 ’

112 3533 179 3616 erip
191 3534 244 3615 γὰρ
262 3533 371 3616 ἀστέρος
385 3534 521 3616 διαφέρει,
536 3536 666 3617 φησίνηίν
684 3535 745 3616 δόξῃ
756 3541 787 3612 )·
840 3549 888 3595 tur
907 3535 1041 3615 bonis,
1018 3558 1042 3596 οι
1059 3536 1213 3619 veiperum
1233 3537 1301 3597 aiios
1315 3538 1478 3597 antecellant
1496 3539 1610 3615 (Stet,
1617 3569 1683 3615 ‚cor
1686 3568 1740 3615 ,,ς,

119 3626 415 3708 ἁμαρτωλοίέντοις
386 3648 473 3693 αυτοις
485 3625 590 3686 ἔσονται
599 3651 653 3694 τοις
665 3601 788 3703 δικαίοιςς
842 3628 875 3687 la
896 3631 985 3702 enim,
1010 3626 1111 3708 inquit,
1127 3649 1148 3687 a
1166 3628 1256 3688 steila
1272 3629 1411 3711 dissat·
1399 3650 1433 3687 ιιι
1454 3628 1638 3710 gioria);i¹·

112 3717 191 3798 νγίιρ
211 3720 264 3778 οὐδ’
281 3718 312 3777 ἂν
327 3717 462 3797 ἄνθρωποι
472 3719 613 3800 ἐργάσαιτο
628 3719 677 3792 τὴν
691 3719 789 3801 miuu-
841 3719 977 3799 quomodo
997 3733 1149 3801 peccatores
1168 3720 1266 3780 iisdem
1278 3721 1402 3780 fruentur
1413 3720 1501 3798 bonis,
1515 3724 1592 3801 queis

112 3811 156 3884 ήτι
170 3834 202 3890 γε
221 3815 235 3870 θ
254 3809 333 3879 Θεός.
352 3812 385 3869 Εἰ
399 3809 426 3870 δὲ
444 3809 581 3889 βούλεσθε,
595 3810 641 3870 καί
664 3810 709 3872 ieri
736 3816 789 3872 τῶν
839 3807 927 3889 justi?
949 3808 1025 3868 Hanc
1051 3810 1124 3868 enim
1152 3809 1339 3869 confusionem
1358 3829 1391 3868 ne
1418 3808 1510 3869 bomo
1525 3811 1591 3890 qui·

112 3901 221 3976 ηκότοιν,
234 3902 281 3961 καὶ
294 3902 338 3963 ἐπί
357 3906 410 3961 τῶν
429 3902 481 3974 ἤδη
495 3903 675 3983 γεγενημένον
690 3904 790 3980 ταύτην
842 3900 904 3959 dem
918 3900 1028 3973 iaceret,
1041 3898 1147 3960 nodum
1154 3902 1229 3960 Deus
1240 3901 1331 3962 iaciat.
1345 3900 1376 3960 Si
1385 3914 1477 3961 antem
1490 3903 1590 3981 vultis,

112 3993 178 4063 ίτίξω
190 3994 238 4066 τὴν
253 3993 380 4076 διαφορὰν
394 3994 440 4053 καί
453 3994 502 4066 τὴν
523 3994 621 4077 ἀκριόῆ
641 3996 791 4079 δικαιοκρι-
843 4009 868 4055 et
882 3997 911 4054 in
924 3995 958 4054 iis
971 3995 1017 4074 qui
1031 3987 1222 4076 peceaveruni,
1237 4009 1263 4054 et
1279 3994 1359 4054 initis
1378 3996 1507 4076 quaejam
1520 3997 1591 4058 idota

112 4086 205 4148 Σκόπει
224 4085 268 4147 ii
291 4086 411 4167 ἥμαρτεν
432 4092 445 4146 θ
469 4087 566 4166 atta,
561 4019 685 4166 ρἥμαρτε
708 4087 754 4148 καί
773 4094 790 4163 ἡ
844 4100 918 4171 sunt,
932 4083 1234 4147 hoovobisdiscrimen
1246 4084 1396 4165 ostendam,
1411 4109 1460 4147 nec
1473 4109 1526 4149 non
1541 4110 1590 4149 ac-

112 4178 159 4239 καί
179 4178 324 4260 ἀμφότεροι
344 4176 392 4256 μὲν
407 4177 574 4260 παρέόησαν,
588 4178 674 4248 sixti
690 4178 792 4253 ίοηςδί
844 4166 976 4238 curatum
994 4176 1156 4273 judicium·
1172 4177 1314 4259 Perpende
1340 4193 1453 4240 autem:
1469 4182 1593 4262 peccavit

112 4295 152 4332 ον
174 4275 266 4331 οὔκουν
286 4272 372 4332 odiit
359 4271 466 4345 ἐξίοης
481 4272 672 4346 ἐκολάσθησαν
688 4275 792 4334 Τοσοῦ-
847 4269 934 4330 Adam
935 4270 1078 4353 ,peccavit
1091 4284 1117 4330 et
1112 4255 1204 4347 λίνος
1216 4284 1243 4330 et
1252 4271 1333 4332 ambo
1348 4273 1591 4353 transgressisunt,

112 4389 174 4446 ρτο
160 4364 263 4444 μέσον
272 4357 316 4439 ἦν
327 4366 476 4433 uenusto
488 4366 581 4437 εἰπεῖν,
595 4364 636 4425 ότι
647 4364 732 4445 Ἀδὰμ
744 4368 793 4427 οὐκ
846 4363 954 4425 sednon
963 4363 1131 4443 aequairter
1123 4365 1208 4444 igitur
1215 4383 1266 4424 nee
1276 4386 1337 4446 pan
1347 4379 1410 4426 sunt
1419 4387 1498 4447 poena
1508 4367 1593 4447 plexi

112 4461 158 4530 θη,
168 4462 185 4528 ἡ
197 4454 300 4534 δὲγννὴ
312 4457 444 4529 ἀπατηθ·
420 4480 479 4515 εισα
492 4460 519 4516 ἐν
529 4457 681 4538 παραδόσει
691 4457 791 4539 γέγονε.
810 4483 829 4531 B
846 4461 970 4519 Tantum
982 4457 1053 4516 enim
1068 4471 1125 4518 erat
1138 4456 1297 4534 discrimen,
1312 4472 1342 4518 ut
1355 4459 1457 4518 Paulus
1470 4459 1591 4522 diceret:
1664 4471 1666 4474 ⁴

112 4548 250 4620 ιὴἀποίτη
266 4546 315 4626 μία
328 4539 360 4619 ἦν
371 4571 377 4583 ·
390 4549 448 4606 ἀλλ’
463 4546 561 4625 όμωςὴ
578 4555 624 4607 τοῦ
637 4553 707 4611 Θεοῦ
725 4549 793 4628 μετὰ
846 4550 951 4610 Adam
965 4571 1023 4608 non
1041 4551 1177 4631 deeeptus
1196 4563 1250 4625 est,
1265 4551 1371 4610 mulier
1389 4572 1461 4611 vero
1472 4554 1594 4612 seducta
1606 4587 1625 4618 ς,
1640 4573 1699 4620 rim.
1716 4587 1742 4622 ο,

112 4635 157 4704 iae
167 4637 282 4706 ἐξέτασις
295 4646 418 4699 τοσοῦτον
429 4637 508 4707 ἔδειξε
520 4640 550 4698 τὸ
563 4640 652 4719 μέσον,
667 4644 703 4709 dre
719 4643 793 4706 Παῦ-
847 4645 880 4700 ἰιι
894 4641 1206 4724 tramgressionesuit.
1224 4641 1309 4722 Atqui
1320 4640 1442 4702 seductio
1450 4663 1507 4702 ιιιιο
1520 4642 1592 4722 ίιιίιφ
1605 4633 1642 4698 'i-

112 4738 161 4789 τεῐν
182 4734 268 4789 τοῦτο.
290 4729 377 4788 Πόλιν
391 4735 404 4790 ό
419 4728 467 4807 μίν
482 4730 550 4790 Koite
567 4732 723 4801 ἐκολάζετο·
738 4738 752 4793 θ
766 4731 794 4792 δὲ
846 4748 963 4794 attamen
971 4733 1021 4792 Dei
1031 4753 1143 4793 examen
1150 4746 1273 4795 accurate
1281 4733 1382 4795 iactum
1393 4747 1499 4794 tentum
1508 4750 1594 4798 osten·

112 4847 120 4902 '.
133 4825 190 4901 μετ’
206 4825 303 4882 ἐκεῖνον
318 4821 459 4903 φονεύσας,
473 4823 547 4883 οὐδὲν
564 4830 681 4884 τοιοῦτον
695 4823 794 4886 ἔπαθε·
847 4824 1049 4902 ditdiserimen‚
1062 4838 1093 4884 nt
1102 4824 1264 4886 Paulushoe
1273 4823 1383 4887 dioeret.
1393 4828 1514 4888 Rursum
1526 4829 1594 4890 Cain

120 4914 166 4973 καί
182 4919 260 4973 τοῦτο
272 4913 348 4994 φόνος
358 4919 465 4974 κάκεῖνο
477 4913 566 4995 φόνος,
582 4916 628 4976 καί
638 4919 730 4999 πολλῷ
739 4942 794 4998 χα-
837 4917 964 5000 'punitus
973 4916 1039 4995 iuit5
1048 4914 1166 4976 Lamech
1181 4937 1246 4977 vero
1258 4916 1309 4995 qui
1321 4931 1381 4998 post
1396 4915 1476 4978 illum
1483 4919 1594 5000 ooeiditj

112 5030 183 5087 ερος,
196 5006 236 5064 ότι
248 5007 315 5084 μηδὲ
327 5011 365 5087 τῷ
375 5008 574 5088 παραδείγματι
584 5008 674 5090 γέγονε
685 5010 795 5089 βελτίων
848 5009 918 5071 nihil
939 5009 994 5068 tale
1010 5027 1105 5089 passus
1115 5020 1171 5084 ost3
1185 5006 1290 5068 etiamsi
1303 5022 1329 5068 et
1345 5010 1397 5070 hoe
1415 5023 1442 5070 et
1459 5009 1531 5074 iliud
1540 5034 1596 5076 ea*

112 5123 115 5136 ι
129 5101 187 5158 ἀλλ’
200 5098 272 5180 ὅμως
291 5099 382 5173 ἐπειδὴ
403 5103 418 5160 θ
440 5099 488 5180 μὲν
501 5101 559 5164 οὔτι
572 5101 684 5184 ἀδελφόν
700 5101 795 5184 ἔσφαξε
852 5101 899 5163 des
909 5114 987 5180 esset,
996 5113 1023 5161 et
1034 5100 1092 5161 haee
1107 5098 1235 5160 Lamuhi
1246 5098 1333 5162 multo
1343 5101 1464 5184 gravior,
1474 5103 1600 5186 qnieiiie
1618 5102 1626 5143 ·'

1473 5260 1571 5295 .,,,

112 5304 242 5360 antitistes
257 5302 284 5350 λ.
304 5299 376 5351 tuem
388 5317 447 5352 ιιιοιι
464 5299 579 5367 copulam
597 5312 655 5353 unte
673 5307 785 5372 ίιιιριξιιν
802 5300 912 5368 omittit,
926 5300 1016 5368 recte]
