3742 5970
225 382 296 453 280
559 405 590 452 s.
618 402 759 452 noturus
783 401 968 451 ctrnrsosr.
998 372 1153 451 κτίσαιεν.
1181 404 1455 453 consrnnntnon.

224 527 346 607 dooebut,
359 548 408 587 uec
417 527 551 588 obnoxius
564 527 620 587 illis
629 540 708 605 esset,
722 546 772 587 nee
783 525 893 587 illorum
905 545 965 585 sen-
1018 524 1108 595 αὐτοὺς
1120 527 1157 605 μὴ
1169 517 1394 601 οἶναιθπεόθυνον,
1404 524 1471 605 μηδί
1482 523 1557 604 ”nir
1568 524 1735 606 ἀπεσχίσθαι
1748 526 1800 596 τῆς

223 620 313 680 tentiae
320 620 471 701 oppositus.
486 619 597 698 thuid
606 617 692 679 dicit?
707 621 770 679 Vtri
769 618 900 701 fratres,
913 637 966 677 au·
976 611 1000 683 ’1)
1017 616 1134 699 γνόνμης.
1158 619 1211 680 Καὶ
1230 619 1257 680 τί
1275 643 1372 700 onom
1387 619 1494 703 Ἄνδρες
1514 619 1639 701 ἀδελφοί,
1660 616 1800 703 ἀκρίσατί

224 714 288 772 dite
300 734 354 773 me.
364 713 492 789 Symeon
502 715 647 772 narrauit.
657 708 778 783 Quidum
788 709 883 769 dicunt
893 708 967 769 hunc
1019 734 1078 791 μου.
1091 712 1203 791 Συμεὼν
1216 711 1373 793 ἐξηγήσατο.
1385 711 1464 781 Tot<
1477 717 1569 774 τοῦτον
1585 703 1654 773 εἶναί
1665 733 1736 793 onor
1750 705 1798 771 τδν

224 804 304 864 illum
321 822 386 882 esse,
409 805 458 883 qui
483 826 499 864 u
520 805 595 864 Luca
619 817 795 879 memoratur,
816 801 866 863 alii
875 801 967 867 olium
1018 804 1128 866 θπδτοῦ
1143 805 1486 888 Λουκθείρημένον·όλλοι
1500 804 1529 866 bi
1543 803 1634 887 δτερον
1649 802 1798 884 θμῶνυμον

225 897 422 976 cognominem.
438 896 571 974 siurbis,
586 897 644 957 sive
656 896 703 957 itte
717 896 763 973 sit,
786 916 840 955 uon
853 895 968 956 ulterius
1018 897 1110 978 τούτῳ.
1124 899 1187 958 Εἴτε
1200 897 1228 957 δὲ
1242 888 1330 972 οἶτος,
1344 897 1397 957 εἴτε
1412 897 1510 966 ἐκεῖνός
1529 900 1612 973 ἔστιν,
1624 900 1674 958 obn
1685 895 1798 978 ἀκριόο·

224 989 424 1069 inquirendum,
440 990 489 1051 sed
507 1012 538 1050 ea
557 1012 617 1070 quae
635 989 701 1050 dieii
716 1001 746 1049 ut
760 988 905 1053 necessaria
916 1007 966 1047 ex·
1018 993 1151 1069 λογεῐσθοιι
1163 990 1234 1072 χρὴ,
1250 990 1319 1051 ἀλλά
1333 989 1411 1070 μόνον
1424 994 1461 1058 ὡς
1474 993 1607 1070 ἀναγκαῖα
1621 989 1764 1071 δέχεσθαι,
1778 986 1798 1048 d

223 1081 347 1163 cipicnda
365 1096 436 1142 sunt.
454 1085 518 1144 Vtri
527 1085 649 1164 fratres,
664 1082 763 1162 inquit.
790 1083 892 1160 Magna
911 1078 967 1140 viri
1017 1081 1173 1162 ἐξηγήσατο.
1186 1083 1304 1165 Ἄνδρες,
1323 1083 1412 1164 φησίν,
1433 1077 1549 1166 ἀδελροί.
1562 1081 1654 1156 Πολλὴ
1672 1087 1691 1154 ἡ
1711 1080 1797 1141 ἐπετί-

223 1175 364 1255 modestia,
378 1191 404 1237 et
418 1177 560 1258 perfectior
575 1190 614 1236 est
629 1177 689 1237 buu
702 1175 805 1250 concio,
829 1194 889 1253 qun
911 1172 966 1235 sci-
1017 1198 1077 1234 κεια
1090 1181 1136 1236 τοῦ
1150 1177 1256 1258 ἀνδρὸς,
1276 1176 1322 1236 καὶ
1339 1175 1490 1258 τελεωτέρα
1509 1174 1609 1249 αθτηὴ
1626 1172 1797 1255 δημηγορία,

222 1268 286 1330 licet
307 1270 391 1330 finem
411 1272 492 1331 rebus
513 1271 642 1351 imponat.
670 1269 820 1347 Quomodo
837 1267 965 1347 primum
1016 1267 1082 1327 bnon
1102 1292 1132 1350 γε
1150 1268 1196 1329 καὶ
1209 1270 1283 1338 τελος
1302 1269 1436 1342 ἐπιτίθησι
1457 1275 1513 1335 τοῖς
1529 1267 1682 1346 πράγμασι.
1698 1265 1798 1335 Kabia:

223 1363 305 1423 Deus
315 1367 451 1424 visitavit
464 1377 497 1423 ut
506 1377 631 1423 sumeret
640 1384 677 1423 en
684 1364 818 1443 gentibus
825 1359 965 1441 populum
1016 1363 1120 1439 πρῶτον
1136 1365 1151 1420 θ
1164 1362 1232 1430 Θεὸς
1245 1361 1410 1442 ἐπεσκέψατο
1421 1359 1513 1420 λαθεῖν
1530 1361 1556 1430 ἐξ
1570 1360 1650 1419 ἐθνῶν
1669 1357 1737 1419 teto
1755 1361 1798 1439 τῇ

223 1459 341 1515 nomine
360 1456 450 1515 iliius.
478 1457 520 1516 Et
542 1457 611 1515 buic
632 1466 797 1514 consonant
819 1471 965 1512 sermones
1016 1451 1126 1531 ὀνόματι
1138 1457 1227 1513 αὐτοῦ.
1243 1453 1298 1513 Καὶ
1314 1453 1401 1536 τούτῳ
1415 1456 1601 1532 συμφωνοῦσιν
1612 1455 1636 1512 σθ
1648 1450 1726 1533 λόγον
1740 1453 1799 1511 τῧε

220 1549 442 1627 prophetarum.
467 1546 540 1618 Quia
555 1546 602 1607 ille
621 1568 638 1606 a
658 1559 779 1626 tempore
794 1557 875 1603 notus
897 1555 964 1619 erat,
978 1556 997 1604 Ε
1015 1551 1167 1626 προρητῶν.
1181 1546 1293 1620 ’Ἐπειδὴ
1307 1548 1404 1613 ἐκεῖνος
1416 1545 1469 1606 ἀπὸ
1481 1544 1529 1624 μίν
1543 1549 1589 1604 τοῦ
1602 1543 1700 1626 χρόνω
1716 1545 1797 1618 δῆλος

119 1642 123 1647 “
223 1658 272 1698 nec
288 1639 344 1699 tide
362 1639 463 1719 dignus
478 1638 638 1713 habebatur,
666 1636 739 1717 qnod
759 1637 887 1716 antiquus
910 1656 964 1696 non
1015 1629 1058 1712 ἦν,
1069 1640 1101 1699 τὸ
1110 1639 1139 1698 δὲ
1149 1638 1300 1708 ἀξιόπιστον
1312 1643 1359 1700 οὐκ
1374 1629 1430 1720 εἶχε
1442 1638 1527 1700 tutet
1539 1638 1577 1717 μὴ
1587 1637 1704 1705 παλαιὸς
1716 1628 1795 1705 εἶναι.

222 1746 301 1811 esset,
311 1745 429 1793 veterem
439 1753 547 1812 quoque
553 1731 724 1815 prophetiam
732 1729 847 1806 inducit,
857 1729 963 1790 dicens:
1016 1732 1111 1811 ἀπάγει
1128 1733 1175 1792 καὶ
1192 1731 1309 1793 παλαιόν
1323 1732 1496 1813 προφητείαν,
1515 1733 1616 1812 λόγων·
1630 1729 1729 1800 Καθὼς
1746 1732 1794 1812 γί-

68 1832 213 1897 Amorum.
222 1824 303 1885 Sient
313 1829 453 1907 scriptum
462 1838 524 1886 est,-
539 1825 587 1885 16.
598 1827 708 1885 Postea
721 1836 862 1898 revertar,
880 1836 909 1883 et
919 1822 965 1883 ress
1016 1847 1147 1905 γραπται·
1160 1825 1330 1887 Μετάταῦτα
1344 1824 1515 1908 ἀναστρέψω,
1528 1825 1575 1885 καὶ
1589 1824 1796 1903 ἀνοικοδομήσω

223 1921 377 2001 oedfficabo
396 1919 622 1980 tabernaculum
633 1919 737 1978 Dauid
750 1919 830 2000 quod
843 1918 961 1990 decidit,
1016 1915 1065 1988 τὴν
1076 1916 1176 1990 σκηνὴν
1185 1917 1269 1978 neoto
1278 1917 1327 1990 τὴν
1340 1926 1521 1991 πεπτωκυῖαν,
1533 1916 1580 1977 καὶ
1588 1916 1624 1977 et
1636 1940 1793 1997 κατεσκαμ-

220 2027 249 2074 et
260 2017 371 2096 erigam
382 2013 480 2072 iliud:
495 2013 545 2071 tt.
557 2024 589 2071 ut
600 2015 753 2094 requirant
765 2006 863 2071 eutem
874 2011 965 2071 bomi·
1016 2007 1084 2086 μένα
1094 2013 1174 2085 αὐτῆς
1183 2012 1396 2090 ἀνοικοδομήσω,
1407 2011 1453 2072 καί
1462 2008 1606 2090 ἀνορθώσω
1615 2009 1711 2086 abe-is,
1720 2009 1795 2080 ὅπως

221 2118 291 2166 num
312 2108 475 2166 Dominum
494 2117 522 2163 et
543 2123 642 2164 ornnes
659 2116 771 2184 gentes,
788 2123 873 2183 super
888 2122 965 2182 quas
1015 2100 1195 2175 ἐκζητήσωσιν
1205 2108 1229 2163 οἱ
1239 2103 1398 2165 κατάλοιποι
1406 2108 1460 2164 τῶν
1468 2100 1792 2186 ἀνθρώπωντὸνΚόριον

220 2203 389 2259 invocatum
403 2210 446 2258 est
458 2218 565 2256 nornen
576 2217 683 2268 meum,
707 2197 780 2256 dicit
800 2197 961 2273 Dominus,
1014 2195 1061 2255 και
1070 2195 1158 2257 ταντα
1169 2195 1203 2256 τά
1213 2196 1312 2269 ἔθνη
1280 2218 1332 2278 ,eo
1332 2196 1395 2266 ’obe
1408 2199 1470 2257 ἐπικ
1471 2194 1626 2267 ίκληταιτδ
1639 2195 1727 2276 ὄνομά
1741 2220 1791 2277 μω

219 2315 269 2375 qut
265 2294 360 2376 'facit
381 2294 566 2352 boeaomnia.
583 2288 759 2369 Quidergo?
774 2309 808 2348 nn
822 2301 909 2347 erecta
923 2301 963 2348 est
1014 2290 1056 2347 ἀπ’
1071 2287 1178 2361 αὐτους,
1200 2289 1270 2369 λέγει
1286 2287 1381 2370 Κύριος
1400 2292 1414 2348 θ
1431 2291 1514 2349 ποιῶν
1530 2292 1615 2347 ταῦτα
1633 2287 1734 2349 πάντα
1754 2288 1792 2350 Τί

219 2383 411 2467 ierosolyma?
426 2403 514 2442 annon
528 2380 618 2463 potius
631 2379 721 2440 dimta
738 2379 811 2438 suit?
831 2377 887 2439 Sed
908 2399 962 2441 uon
1014 2370 1071 2440 ουν·
1064 2378 1158 2463 ,ρήγί
1159 2386 1191 2455 θη
1210 2380 1245 2441 τά
1263 2312 1527 2495 Ἱερορσόλυμα,ἀλλ
1527 2380 1599 2462 'o'rf
1595 2381 1790 2463 λκατεσκόρη

218 2477 262 2536 bis
277 2477 311 2537 de
324 2475 434 2535 rebus'
426 2494 484 2557 ipse
505 2473 636 2553 loquitur.
663 2471 701 2532 Et
717 2491 799 2550 quam
817 2469 886 2531 dicit
904 2492 960 2531 ere·
1014 2475 1133 2552 μᾶλλονς
1150 2472 1260 2533 Ἀλλ’
1234 2497 1263 2533 συ
1283 2473 1457 2557 περὶτούτων
1478 2475 1550 2556 αὐτῷ
1570 2474 1678 2554 εἴρηται
1695 2481 1789 2536 ταῦτα.

218 2567 357 2627 ctionem?
381 2566 450 2626 Eam
464 2587 523 2646 qun
536 2578 598 2646 post
611 2563 790 2647 Babylonem.
816 2562 863 2624 18.
880 2565 979 2658 Nota
980 2565 1067 2662 ΜΚαὶ
1080 2564 1160 2626 ποίαν
1162 2565 1263 2646 ‚wis
1281 2565 1354 2646 ίγει
1364 2565 1482 2649 ἔγερσιν
1498 2565 1558 2637 Tin
1573 2565 1642 2645 μετὰ
1659 2565 1789 2627 Βαόυλῖν-

216 2682 236 2719 a
256 2660 362 2720 seculo
381 2673 450 2719 sunt
463 2660 528 2718 Deo
550 2660 650 2716 omnia
667 2677 755 2737 opera
774 2677 837 2717 sua.
856 2620 1004 2716 Deindem
976 2674 996 2722 λ
1014 2682 1055 2719 να
1070 2657 1182 2719 Γνονστά
1193 2660 1240 2718 ἀπ
1255 2658 1347 2727 αἰῶνός
1361 2660 1468 2719 ἔστι
1432 2683 1470 2739 τῳ
1489 2661 1553 2740 Osos
1564 2657 1655 2718 παντα
1669 2657 1704 2719 τά
1724 2658 1789 2741 ἔργα

216 2766 297 2832 quam
307 2751 361 2812 fide
379 2752 479 2833 dignus
493 2772 580 2812 sermo
592 2765 627 2810 stt
640 2750 738 2826 innuit,
753 2771 818 2829 quia
829 2749 900 2809 nibil
913 2769 961 2808 no·
1015 2754 1101 2811 αὐτου.
1116 2742 1230 2812 Εἷτατο
1248 2749 1397 2819 ἀξιόπιστον
1410 2750 1562 2829 τοῦλόγου,
1579 2753 1620 2810 tn
1641 2749 1718 2813 ὠδὶν
1731 2774 1789 2811 και.-

216 2868 293 2923 rum,
309 2845 355 2905 sod
369 2844 492 2905 obmitto
506 2866 596 2905 omma
605 2844 756 2925 praestituta
769 2858 841 2904 sunt.
863 2843 1146 2924 ὃσιγυί·νθν,θ’ἀλλ
1172 2842 1229 2912 ἐί”
1239 2845 1324 2925 ἀρχης
1348 2867 1432 2904 ταυτα
1457 2841 1659 2925 προτετόπωτα
1683 2842 1783 2904 Καὶ
1758 2866 1788 2903 το

217 2954 262 2998 tur
285 2938 425 2998 sententia.
452 2939 501 2998 t9.
531 2932 657 3025 Propter
678 2937 757 3017 quod
778 2957 830 3018 ego
847 2938 961 3017 judico,
1016 2935 1123 3014 ἀξίωμα
1142 2933 1233 2996 πόλιν.
1255 2935 1303 2995 Διά
1321 2933 1373 3015 ἐγὼ
1386 2934 1469 3016 κρίνω
1491 2933 1528 3013 μὴ
1548 2937 1788 3017 παρενοχλεῖντοῑς

219 3032 517 3112 noninquietarieos,
533 3050 582 3110 qut
578 3031 776 3108 'exgentibus
787 3042 962 3088 convertun·
1016 3028 1069 3090 ἀπὸ
1080 3030 1207 3088 ebrit*
1158 3034 1224 3088 θνων
1237 3027 1444 3110 ἀποστρέφουσα
1456 3025 1553 3088 ἐπλτδν
1565 3027 1647 3100 Θεὸν,
1660 3029 1720 3088 ἀλλ’
1731 3029 1787 3089 ἔτι·

218 3139 267 3183 tur
281 3125 322 3182 ad
332 3124 439 3194 Deum,
453 3123 502 3181 90.
518 3122 571 3180 sed
583 3123 709 3180 seribere
722 3121 764 3178 ad
778 3141 838 3198 eos,
850 3132 883 3178 ut
897 3123 962 3180 obs·
1015 3123 1276 3188 martaronensem
1290 3120 1436 3201 ἀπέχεσθαι
1450 3119 1504 3180 ἀπδ
1525 3122 1579 3179 τῶν
1599 3120 1786 3200 ἀλισγημάτων

220 3221 334 3275 tineent
347 3235 378 3273 se
395 3235 414 3272 a
433 3212 963 3272 contaminationibussimulacrorum
1015 3218 1066 3273 τῶν
1079 3212 1193 3274 εἰδώλων
1207 3213 1253 3273 καί
1265 3216 1313 3284 τῆς
1325 3212 1448 3295 πορνείας
1460 3211 1506 3272 καλ
1515 3219 1561 3271 τοῦ
1570 3219 1681 3272 πνικτοῦ
1689 3211 1785 3272 καὶτοῦ

219 3324 247 3369 et
261 3310 469 3391 fornicatione
488 3318 516 3364 et
532 3306 681 3386 sussoeato
702 3317 731 3362 et
745 3309 898 3386 sanguine.
913 3308 962 3364 ut.
1016 3304 1137 3383 αἵματος.
1151 3309 1270 3378 Μωϋσῆς
1280 3304 1331 3385 γάρ
1346 3309 1376 3365 ἐκ
1387 3309 1482 3386 γενεῶν
1500 3303 1618 3385 ἀρχαίων
1633 3303 1704 3364 κατά
1713 3303 1786 3365 πόλιν

220 3406 343 3478 Moyses
354 3404 430 3460 enirn
441 3421 459 3458 a
470 3402 646 3479 temporibus
661 3401 792 3480 antiquis
801 3419 963 3479 peromnes
1015 3397 1074 3466 τοὺς
1083 3396 1263 3481 κηρύσσοντας
1272 3396 1351 3456 αὐτὸν
1362 3397 1419 3478 ἔχει
1430 3401 1456 3456 ἐν
1470 3405 1527 3464 ταῖς
1542 3404 1709 3475 συναγωγαῖς
1721 3398 1788 3457 κατὰ

222 3498 356 3554 ciuitates
379 3496 468 3551 totu
491 3495 542 3572 qui
558 3491 719 3571 predicent
739 3495 851 3549 eumin
871 3512 962 3569 syna·
1016 3502 1069 3551 πᾶν
1091 3490 1224 3552 ettonem
1245 3481 1497 3569 ἀναγινωσκόμενος
1522 3489 1634 3562 Ἐπειδὴ
1656 3493 1703 3550 οὐκ
1720 3480 1790 3563 ἦσαν

219 3591 311 3668 gagis,
336 3588 387 3644 ubi
404 3605 458 3666 per
477 3603 562 3640 amne
581 3583 737 3641 sabbatum
755 3581 870 3661 legitur.
892 3582 964 3655 Quia
1017 3582 1159 3656 ἀκηκοότες
1177 3590 1223 3644 τοῦ
1240 3583 1336 3661 νόμου,
1353 3581 1459 3649 εἰκότως
1482 3586 1565 3641 ταῦτα
1582 3582 1718 3642 ἐπιτάττει
1735 3580 1796 3643 ἀπὸ

219 3680 263 3739 itti
276 3700 329 3761 non
339 3675 481 3737 audierant
491 3674 527 3734 de
537 3672 606 3754 lege,
623 3670 720 3732 merito
733 3671 792 3732 broc
805 3674 919 3755 imperat
929 3674 965 3735 de
980 3707 998 3752 13
1017 3679 1062 3735 τοῦ
1072 3673 1169 3752 νόμου,
1182 3673 1225 3735 ἵνα
1241 3673 1278 3752 μὴ
1294 3672 1354 3755 δόξῃ
1374 3676 1486 3755 ἀκυροῦν
1505 3672 1592 3734 αὐτόν.
1604 3674 1660 3735 Καὶ
1673 3673 1722 3757 όρα
1732 3678 1801 3742 πῶς

221 3775 292 3856 lege,
313 3793 348 3831 ne
367 3767 581 3831 videaturittam
595 3766 733 3847 abrogare.
760 3765 797 3826 Et
817 3767 879 3827 vide
899 3789 964 3847 quo·
1018 3771 1065 3828 obn
1086 3764 1192 3848 ἀφίησιν
1220 3764 1314 3835 αὐτοὺς
1335 3767 1388 3827 ἀπὸ
1407 3770 1452 3825 τοῦ
1466 3764 1555 3845 ’νόμου
1569 3772 1654 3827 ταῦτα
1674 3766 1807 3840 ἀκαίειν,

222 3865 304 3926 modo
318 3886 371 3925 uon
386 3863 457 3924 sinat
478 3882 523 3920 eos
544 3859 603 3919 bne
619 3857 724 3938 exlege
738 3857 844 3963 audire,
868 3859 915 3919 sed
930 3882 965 3920 ex
1018 3858 1087 3920 ἀλλὰ
1100 3883 1155 3939 παρ
1157 3861 1283 3933 ’ἑαυτοῦ,
1304 3856 1400 3918 εἰπών·
1394 3856 1506 3939 ·ρΚίνω
1526 3857 1598 3937 ἐγὼ,
1602 3858 1746 3935 τουτέστιν,
1758 3857 1826 3926 ἐξ

223 3961 322 4065 εείρεο,
338 3955 554 4034 monstrans
566 3973 639 4034 ego
632 3950 683 4011 1d
694 3963 733 4011 est
733 3972 899 4033 amorpso,
911 3974 965 4012 non
1018 3955 1133 4030 ἐμαυτοῦ
1142 3949 1223 4032 ουχὶ
1234 3974 1271 4010 πα
1275 3950 1405 4033 bron
1376 3975 1456 4030 νομου
1470 3950 1593 4019 ἄκου’σας.
1609 3942 1679 4013 Εἶτα
1697 3951 1830 4012 λοιπὸν

224 4053 287 4133 quia
308 4051 403 4112 audivi
423 4070 459 4108 ex
481 4048 551 4128 lege.
581 4048 699 4105 Domum
712 4065 854 4104 commune
867 4043 966 4151 dogma
1018 4043 1102 4104 κοινὸν
1114 4041 1144 4101 τθ
1160 4042 1287 4123 δόγμα’
1260 4066 1331 4123 γινετ
1321 4065 1368 4102 αι.
1383 4041 1453 4102 Τότε
1472 4042 1543 4112 ἔδοξε
1561 4053 1615 4112 τοῖς
1635 4044 1832 4106 ementem

223 4142 369 4222 profertur
386 4142 435 4198 λθ.
455 4139 481 4195 Τ
479 4156 536 4194 unc
547 4134 662 4214 piacttit
676 4132 816 4213 apostolis
829 4146 858 4191 et
872 4139 964 4194 senio-
1018 4137 1064 4198 καὶ
1074 4133 1296 4217 πρεσόυτεροις
1270 4159 1317 4194 συν
1325 4135 1417 4216 θληπη
1428 4133 1596 4218 Ἐκκλησία,
1604 4137 1833 4217 ἐκλεςαμενοοο

225 4239 304 4293 ribus
314 4245 342 4290 et
351 4252 429 4290 omni
426 4228 592 4299 Ecclesiae
608 4226 715 4306 eligere
725 4247 806 4286 utros
819 4248 855 4284 ex
869 4249 921 4301 ers
938 4241 966 4287 et
1019 4233 1115 4312 ἄνδρας
1137 4228 1165 4297 ἐξ
1186 4251 1235 4287 αυτ
1236 4252 1272 4287 ων
1286 4227 1429 4308 πεμψαι
1408 4253 1443 4296 εις
1453 4229 1659 4310 Αντιογειαν
1631 4255 1676 4291 συν
1691 4230 1835 4303 1]an

111 4316 119 4331 ⁴
226 4330 340 4385 mittere
353 4322 548 4383 Antiochiam
572 4340 639 4379 eum
659 4320 758 4377 Paulo
778 4332 806 4378 et
822 4322 967 4380 Barnaba
1019 4320 1065 4383 nai
1082 4319 1226 4403 Βαρνσίόρ,
1240 4318 1385 4379 Ἰούδαν
1360 4344 1405 4380 τον
1426 4320 1632 4401 ἐπικαλούμενον
1647 4322 1834 4431 nantem

203 4468 206 4477 .
224 4419 347 4491 Jtuiam,
362 4435 412 4496 qur
408 4414 690 4518 cognominabatur
704 4413 866 4484 barsabas,
882 4413 967 4473 etSi-
1019 4414 1065 4474 καὶ
1076 4413 1173 4486 Σιλαν,
1195 4413 1243 4472 ἀνδ
1245 4436 1292 4494 ρας
1304 4411 1464 4492 ἡγουμένους
1476 4417 1502 4473 ἐν
1516 4424 1570 4484 τοῖς
1584 4416 1717 4498 α’δελρυῐς,
1727 4403 1835 4524 roi·

227 4513 299 4584 lam,
314 4511 396 4567 uiros
408 4507 518 4585 primos
532 4503 730 4585 infratribus,
746 4504 796 4562 ut.
810 4507 968 4564 scribentes
1019 4505 1250 4587 ψαντεςδιδχειρ
1242 4505 1446 4573 οςαυτῶντόδε.
1454 4501 1833 4590 Ὅρααυτσυςσόχθπλεῧθ

223 4625 276 4684 per
294 4619 413 4660 manum
426 4615 526 4656 eorum
543 4596 616 4653 bac.
643 4593 790 4654 Videillos
803 4615 857 4654 non
871 4609 969 4657 temore
1020 4622 1104 4658 ταυτα
1122 4602 1338 4678 νομοθετοοντας
1361 4597 1431 4657 ὥστε
1455 4597 1483 4659 δὲ
1507 4598 1658 4668 ἀξιόπιστον
1673 4601 1832 4680 γενέσθαι

224 4696 272 4755 itta
288 4705 423 4768 statuere,
416 4686 486 4747 ·sed
500 4699 530 4745 ut
541 4698 671 4745 sententia
683 4682 736 4744 fide
748 4683 865 4766 digna
843 4701 889 4761 sit
904 4689 967 4749 mit·
1020 4691 1050 4749 τὸ
1064 4688 1212 4768 δόγμα,έ
1178 4715 1198 4749 π
1214 4712 1313 4769 μπνυσι
1326 4688 1384 4757 τους
1394 4693 1458 4770 παρ
1476 4693 1571 4766 ouon,
1583 4692 1629 4752 nod
1642 4691 1685 4751 iva
1697 4690 1830 4753 emto

225 4800 285 4847 tunt
307 4784 357 4844 hos
371 4804 387 4842 a
401 4803 439 4859 se,
459 4792 489 4839 ut
512 4775 630 4860 suspecti
644 4797 697 4836 non
711 4791 798 4837 essem
817 4779 919 4840 Paulus
941 4797 967 4843 ct
983 4800 1001 4848 c
1020 4809 1109 4844 neor·
1095 4807 1160 4843 ωσιν
1175 4788 1199 4843 oi
1213 4783 1274 4864 aspi
1288 4785 1394 4843 Παῦλον
1409 4782 1511 4843 λοιπόν.
1527 4785 1582 4844 Καὶ
1595 4783 1698 4868 δρα”
1658 4809 1714 4853 ποις
1727 4802 1828 4884 φορ·

224 4879 323 4940 socius.
349 4876 386 4992 Et
406 4872 470 4935 tide
488 4893 569 4953 quum
587 4869 705 4952 graviter
718 4869 780 4930 illos
793 4871 965 4954 objurgantes
1020 4882 1100 4945 τικῶς
1114 4875 1226 4945 ἐκείνους
1242 4875 1425 4944 διαόαλλοντες
1448 4876 1655 4940 tarentinum.
1674 4881 1711 4941 ot
1727 4862 1830 4940 dvo·

254 5075 803 5148 b[Perp·.oberombiontfeCommci,nt
723 5082 815 5140 νννὲμ
817 5085 963 5145 ννάνννῃχ,
915 5085 980 5133 ’,9άῆ
1063 5079 1184 5131 νάγάρη,
1170 5090 1282 5147 ,px-¹5,
1251 5085 1294 5134 πά,
1285 5083 1454 5150 ,,πμῗῃγ.
1440 5104 1472 5134 M,
1455 5099 1527 5133 ,m

221 5168 249 5214 A.
263 5163 289 5212 Β.
301 5173 361 5228 μήτε
374 5167 419 5226 μὴν
430 5166 510 5222 ἀπιαχ.
520 5155 619 5220 Cutrri,
631 5165 660 5206 nt
669 5152 815 5219 edidimun]
1105 5154 1111 5167 ‘
