3728 5978
237 457 308 532 562
580 478 611 525 s.
639 475 780 525 tornius
804 473 984 523 eunrsosr.
1012 471 1170 525 nncurna.
1198 477 1467 546 consrrurmor.

237 603 416 681 sionemiore,
433 602 471 662 ait
485 605 498 660 τ’
509 604 619 662 Pacem
631 603 819 670 Ιισθεσιιιιιες
835 597 864 658 id
878 611 929 676 est,
941 598 983 656 Ne
1034 599 1154 676 δυνατὸν,
1165 602 1245 683 φησί,
1258 603 1289 664 τδ
1311 605 1408 683 μηκίτι
1422 603 1602 687 ἇμαρτίνειν5
1614 605 1681 672 Πῶς
1696 605 1729 665 τδ
1746 606 1807 687 πρό-

241 696 315 756 ultrr
331 714 482 776 peccemus,
499 713 548 752 nec
569 691 605 751 ad
624 691 722 773 priora
736 704 914 751 revertamus:
930 689 983 747 hoe
1034 715 1108 774 τερον
1120 695 1223 773 ίγένετο
1238 696 1363 771 δυνατόν5
1386 698 1421 756 Et
1435 696 1487 776 γδιρ
1499 696 1633 757 τοσαίτων
1648 697 1724 764 ὄντες
1737 696 1807 756 ieri·

238 789 310 849 euim
322 801 370 863 est,
382 787 484 846 bellum
497 785 597 846 habere
607 799 699 845 eontra
708 788 806 845 Deum
817 784 854 843 Et
864 804 981 862 quomo
1035 788 1119 857 θυνοι,
1129 783 1235 844 πάντων
1248 787 1442 867 ἀπηλλάγημεν
1456 788 1709 865 διδτοῦλίριστοῦ,
1724 790 1807 867 πολλῷ

238 878 318 954 do,
309 877 425 956 inquies,
446 876 503 936 fieri
524 889 620 981 potest,
640 889 671 934 ut
685 897 719 935 ne
732 874 802 935 ultra
823 872 982 956 peccemus?
1036 878 1135 953 μᾶλλον
1150 869 1225 945 oei<
1238 880 1317 957 ἐσμεν
1332 887 1421 957 μεῖναι
1436 880 1511 939 δι”
1483 902 1563 939 coreo
1545 879 1759 959 ”δυνησόμεθα
1773 850 1807 940 Oi)

238 969 382 1044 Quomodo
406 968 475 1028 illud
499 969 576 1050 prius
603 968 662 1026 fieri
676 967 784 1048 potuit?
797 967 827 1027 Si
852 965 923 1024 enim
943 978 984 1024 tot
1034 966 1086 1048 γάρ
1100 968 1171 1027 ἐστιν
1185 959 1336 1048 ίσονμὴ
1306 993 1385 1030 ουσαν
1402 970 1507 1051 εἰρήνην
1517 971 1622 1045 λαὸειν
1632 971 1681 1030 καί
1696 972 1807 1030 Meiere

237 1061 354 1167 peccatis
367 1061 489 1137 obnoxii,
507 1061 542 1119 ab
557 1060 683 1120 omnibus
697 1082 746 1141 per
761 1059 902 1119 Christum
915 1056 983 1116 libe·
1035 1068 1187 1138 κατασχεῖν,
1202 1059 1523 1140 ίπειδήπερῆκτῆσις
1490 1087 1537 1134 της
1551 1065 1676 1144 φυλακῆς
1690 1062 1808 1143 χαλεποῦ

236 1153 289 1214 rati
303 1174 415 1231 sumus;
407 1152 607 1233 ·multomagis
622 1151 697 1211 illius
710 1151 828 1232 opefiet‚
850 1149 915 1214 utin
932 1149 984 1209 boe
1024 1171 1124 1229 ··τερον
1139 1152 1198 1209 ἀλλ’
1208 1150 1280 1229 ὅμως
1293 1151 1385 1232 γέγονε
1394 1153 1624 1236 τδγαλεπωτερον
1635 1155 1757 1224 ευκολον
1770 1155 1808 1212 καὶ

237 1261 310 1309 statu
324 1267 489 1308 maneamus.
515 1248 574 1306 Non
601 1267 651 1327 par
664 1245 736 1304 enim
752 1265 794 1304 res
818 1257 859 1303 est
879 1229 982 1348 pacem,
998 1240 1072 1307 θείς
1087 1239 1162 1320 ἔργον
1178 1240 1267 1314 teter.
1294 1246 1397 1305 Οὐκοῦν
1414 1245 1489 1305 ἔσται
1509 1246 1555 1305 καί
1579 1245 1613 1304 τὸ
1636 1245 1808 1327 εὐκολώτερον

236 1361 298 1420 quae
310 1361 363 1399 non
387 1352 443 1398 erat
445 1338 600 1420 ,accipere,
627 1350 653 1397 et
670 1336 762 1397 datam
776 1357 901 1414 servare,
919 1335 983 1413 quia
1035 1336 1100 1410 ἡμῖν
1113 1334 1318 1414 εὖκατόρθωτσν,
1331 1336 1362 1395 δν
1382 1336 1506 1452 ἐρώμεθα
1521 1345 1568 1398 τοῦ
1581 1339 1629 1399 καὶ
1645 1343 1808 1417 ἐκεῖναῆμῐν

237 1544 299 1584 men
312 1523 388 1603 quod
399 1522 542 1583 difficilius
565 1475 632 1595 irat,
656 1521 735 1582 facile
752 1521 805 1580 suit
817 1533 844 1579 et
871 1451 898 1579 iri
916 1541 985 1601 opus
1036 1515 1108 1574 δοκεῖ
1122 1516 1212 1589 μόνον,
1225 1519 1294 1578 δλλδι
1310 1520 1396 1580 καλτδ
1409 1521 1526 1601 εὔλογον.
1541 1525 1575 1583 Εἰ
1589 1522 1643 1603 γὰρ
1658 1522 1811 1601 αῦτδςὴμᾶς

237 1615 316 1676 exiit.
337 1616 412 1695 Ergo
426 1604 466 1692 id',
486 1614 559 1694 quod
581 1612 689 1673 facilius
708 1626 759 1691 est,
781 1611 859 1671 nullo
877 1610 985 1691 negotio
1037 1605 1202 1679 κατήλλαξαν
1225 1611 1511 1691 ἐκπεπολεμωμένους,
1530 1613 1639 1691 εὔλογον
1664 1611 1755 1692 μίνειν
1773 1613 1811 1673 tei

237 1707 418 1790 perficiemus,
426 1707 448 1766 si
459 1707 610 1765 hereemus
621 1706 655 1782 ei,
665 1703 855 1783 quiillanobis
865 1702 984 1784 perfecit.
1036 1702 1085 1770 τῆς
1103 1703 1289 1780 καταλλαγῆς,
1308 1703 1354 1762 καί
1377 1705 1477 1778 ταύτην
1502 1705 1649 1765 ἀποδοῦναι
1675 1707 1749 1784 αὐτῷ
1768 1704 1810 1776 τὴν

237 1797 361 1858 Hievero
375 1818 428 1856 non
441 1796 600 1856 facilitatem
613 1809 718 1855 tantum
733 1795 805 1854 mihi
818 1792 936 1853 indicare
945 1794 986 1854 vi·
1038 1791 1192 1868 ἆμοιὸὴιηί
1190 1818 1222 1853 να
1237 1793 1275 1872 μὴ
1288 1793 1349 1875 δόξῃ
1363 1795 1471 1863 οκαιοῦς
1484 1796 1529 1856 καί
1543 1795 1706 1876 ἀγνώμονας
1719 1799 1811 1868 καπηλ·

238 1888 329 1963 detur,
336 1888 383 1950 sed
398 1889 479 1948 etiam
493 1889 523 1948 id
524 1888 620 1969 ,quod
633 1887 853 1948 rationabilesit.
872 1887 984 1949 Sienim
1036 1884 1302 1968 λαχὲναιτῷΠατρί.
1313 1892 1355 1947 Δι’
1369 1889 1520 1968 σῦτοῦγδρ,
1530 1889 1611 1969 φησί,
1623 1888 1809 1969 καὶτλνπροο·

239 2003 289 2043 uos
301 1982 448 2042 debellatus
460 1982 671 2053 reconciliavit
663 2003 691 2041 ιιι
701 1979 917 2041 reconciliatione
925 2001 985 2062 per
1038 1975 1144 2056 αγινγὴν
1161 1978 1367 2058 ἐσχηκαμεν
1333 2003 1367 2059 τη
1383 1979 1512 2040 eiures&
1538 1982 1573 2040 Ei
1592 1980 1685 2040 τοίνυν
1711 1980 1809 2062 μακρὰν

240 2089 336 2136 erstem
347 2096 397 2156 par
411 2087 462 2152 est,
477 2088 504 2133 et
522 2074 593 2133 hane
611 2073 701 2132 illi
673 2094 761 2133 urcem
784 2072 940 2154 rependere,
954 2086 984 2131 ut
1037 2065 1113 2136 dito<
1132 2064 1302 2149 προσήγαγε,
1324 2072 1416 2151 πολλῷ
1438 2073 1540 2149 μᾶλλον
1557 2069 1637 2152 ἐγγυς
1660 2070 1810 2150 γενομένους

239 2168 408 2230 recidentur
421 2168 984 2250 illepravosetingrntoscumPatrereeen-
1036 2157 1149 2227 καθίξῑι

239 2260 367 2321 eiliassse.
386 2265 415 2320 u
433 2262 524 2320 Per
512 2263 701 2341 ipsumeru'm,
718 2260 817 2341 inquit,
831 2262 986 2323 haurimus

239 2354 439 2414 recessumad
446 2353 553 2432 fidem.
564 2352 595 2413 Si
608 2372 673 2432 ergo
680 2352 777 2432 procul
792 2351 886 2432 positis
896 2373 985 2413 acees-

239 2464 301 2505 sum
310 2443 436 2526 prebuit,
450 2443 536 2501 multo
550 2442 637 2522 magis
647 2463 732 2523 prope
740 2455 839 2501 stantes
850 2441 984 2510 retinebit.

280 2539 310 2597 2
332 2535 379 2593 Tu
393 2554 456 2593 sero
476 2532 545 2591 mihi
558 2530 710 2592 consideres
733 2532 828 2611 velim,
850 2531 1022 2611 quomodo„
1080 2532 1156 2594 Σὺ
1141 2532 1170 2592 σί
1191 2557 1236 2648 μοι
1258 2534 1353 2596 σκόπει
1375 2539 1432 2603 πῶς
1447 2559 1584 2618 πανταχου
1567 2537 1634 2597 τὰ
1647 2538 1696 2599 δύο
1708 2538 1811 2615 τίθησι,

241 2626 344 2708 ubique
361 2625 417 2685 duo
428 2625 476 2685 illa
493 2625 581 2707 ponit,
595 2624 762 2704 etqrreub
754 2646 826 2707 rpso,
841 2639 867 2684 et
890 2646 986 2704 quaer
1039 2622 1085 2682 καί
1095 2623 1130 2683 τδι
1142 2625 1207 2707 πα
1233 2627 1314 2685 αυτου
1296 2627 1406 2686 καί
1390 2626 1502 2708 τδιπαρ
1513 2633 1603 2707 ἡμῶν.
1616 2629 1699 2690 Λλλὰ
1712 2631 1747 2691 τδ
1767 2632 1813 2709 μὲν

240 2719 400 2780 uobissunt.
417 2717 472 2778 sed
482 2739 542 2796 quer
554 2717 620 2777 ab
611 2738 680 2799 ipso,
701 2730 763 2776 sunt
774 2717 850 2779 veria
860 2731 887 2776 et
902 2719 987 2779 inulta
1041 2716 1120 2776 αὐτου
1128 2716 1238 2776 ποικίλα
1258 2717 1303 2776 καλ
1317 2718 1404 2779 πολλδι
1417 2719 1463 2778 καί
1484 2720 1610 2803 διάφορα·
1624 2747 1673 2783 και
1661 2723 1738 2803 γδρ
1752 2724 1812 2783 τίπτ’-

241 2823 269 2872 et
281 2810 389 2872 disere
406 2830 490 2869 :nam
506 2822 630 2869 mortuus
642 2822 682 2868 est
692 2821 803 2890 propter·
817 2830 876 2884 nos,
889 2831 986 2870 reuen-
1039 2812 1102 2868 θανε
1112 2810 1147 2868 δι’
1157 2813 1246 2888 ἡμᾶς,
1258 2810 1476 2883 καλκατήλλοιξεν
1487 2817 1573 2891 ἡμᾶς,
1586 2813 1632 2874 καλ
1643 2815 1811 2896 προσήγαγε,

242 2901 349 2963 ediscit
365 2921 424 2978 nos,
434 2901 567 2973 adduxit,
581 2900 696 2981 gratiam
712 2899 789 2961 dedit
805 2900 986 2979 ineffabilem
1039 2899 1086 2962 καλ
1096 2901 1175 2983 χάριν
1189 2903 1286 2962 ἔδωκεν
1305 2904 1406 2987 ἄφατον
1418 2927 1425 2941 ·
1436 2910 1514 2982 ἡμεῖς
1528 2905 1556 2966 δὲ
1569 2905 1618 2980 τὴν
1631 2908 1726 2968 πίστιν
1739 2912 1812 2977 εἰση-

242 3015 360 3057 noscero
367 2993 451 3055 fidem
457 2994 542 3055 solam
551 2992 821 3053 attulimusrideoait
830 2995 948 3075 :Infide
957 2999 989 3053 in
1039 2990 1169 3072 νίγκαμεν
1182 2993 1274 3073 μόνον·
1289 2994 1330 3055 διό
1339 3017 1428 3075 φησιν,
1440 2995 1486 3057 Ἐν
1498 3001 1531 3076 τῇ
1543 2998 1632 3058 πίστει
1646 3002 1686 3067 εἰς
1700 2999 1751 3073 τῆν
1764 3000 1813 3080 χᾶ-

242 3089 506 3167 danegmtiam‚r‘n
516 3088 917 3166 questamus.Quem,quaeso,
931 3107 991 3166 gra·
1042 3106 1081 3165 ριν
1095 3082 1204 3160 ταύτην,
1219 3088 1246 3145 ίν
1264 3078 1455 3166 previsam.
1469 3088 1565 3163 Ποίαν,
1577 3089 1637 3150 είπί
1648 3114 1710 3168 μοι,
1723 3092 1816 3172 χάριν,

212 3176 215 3180 ’
243 3179 608 3260 tiamiQuadignamurDei
619 3180 841 3260 cognitione,an
855 3180 891 3240 ab
902 3202 991 3241 errore
1040 3175 1081 3236 Τδ
1094 3175 1289 3249 καταξιωθῆναι
1298 3183 1346 3250 τῆς
1360 3183 1405 3239 τοῦ
1415 3181 1486 3239 Θεοῦ
1495 3179 1631 3259 γνώσεως,
1648 3181 1738 3254 τὸτῆς
1749 3183 1815 3243 πλοί·

243 3274 404 3348 liberamur,
412 3272 612 3352 quaveritatem
626 3273 822 3352 cognoscimus,
832 3294 884 3354 qua
900 3274 990 3333 omnia
1041 3291 1088 3340 νης
1100 3270 1395 3348 ιἰπαλλιιγῆνιιι,τ“οτλν
1406 3269 1530 3342 ἀλήθειαν
1540 3276 1699 3351 ἐπιγνῶναι,
1709 3275 1742 3334 τδ
1752 3275 1815 3334 πάν·

243 3365 472 3448 perbrptismum
492 3364 563 3423 bona
576 3364 782 3443 consequimur:
796 3365 896 3425 adhoc
919 3365 990 3424 enim
1042 3384 1094 3419 των
1107 3361 1243 3440 ἐπιτυχεῖν
1257 3365 1310 3420 τῶν
1325 3361 1368 3420 διδ
1381 3367 1427 3421 τοῦ
1444 3362 1629 3441 βαπτίσματος
1642 3370 1768 3445 ἀγαθῶν·
1782 3370 1816 3434 εἰς

245 3457 325 3518 uobis
338 3478 473 3517 accessum
484 3456 613 3537 prebuit,
627 3471 657 3516 ut
664 3457 722 3516 haec
734 3457 899 3538 accipiamus
910 3456 990 3516 dona.
1043 3452 1186 3534 τοῦτο-γὰρ
1207 3459 1278 3533 ἡμᾶς
1299 3455 1476 3538 προσήγαγεν,
1489 3455 1532 3515 ίνα
1545 3462 1630 3516 ταῦτα
1645 3458 1776 3537 λοίὸωμεν
1785 3460 1818 3520 ri

246 3549 341 3628 Neque
360 3548 433 3608 enim
452 3546 516 3606 fecit
535 3560 651 3623 tantum,
670 3560 700 3606 ut
713 3561 884 3629 peccatorum
898 3548 1025 3608 remis-E
1044 3545 1132 3624 δῶρα·
1146 3544 1205 3605 οὐδὲ
1220 3544 1272 3626 γὰρ
1285 3547 1376 3614 ἅπλῶς
1393 3546 1436 3606 ἵνα
1452 3548 1653 3628 ἁμαρτημάτων
1668 3550 1763 3632 ἄφεσις
1774 3551 1818 3631 γε’-

247 3639 351 3700 sionem
366 3638 557 3712 obtineremus,
578 3637 626 3697 scd
641 3652 668 3697 et
679 3651 710 3698 ut
724 3639 879 3698 innumeras
900 3661 992 3699 eonse-
1043 3660 1122 3709 νηται
1144 3635 1212 3697 Ι’καὶ
1234 3637 1377 3716 ἀπαλλαγὴ
1400 3639 1488 3718 μόνον,
1507 3643 1566 3700 ἀλλ’
1580 3640 1625 3699 ίνα
1641 3642 1690 3702 καὶ
1719 3647 1818 3723 μορίοιν

247 3752 391 3812 queremur
399 3730 552 3811 dignitates.
567 3732 659 3809 Neque
680 3730 727 3789 hic
745 3731 828 3807 stetit,
841 3731 889 3791 sed
910 3732 992 3792 etiam
1045 3727 1239 3806 ἀπολαύσωμεν
1252 3728 1419 3807 ἀξιωμάτων.
1435 3730 1488 3789 Καὶ
1500 3731 1558 3791 οὐδὲ
1579 3734 1608 3791 ἐν
1622 3734 1727 3803 τούτοις
1741 3736 1819 3809 ἔστη,

245 3824 300 3884 alia
313 3823 446 3906 promisit,
458 3822 605 3882 ineffabilia
625 3819 676 3881 itla‘
693 3835 808 3882 mentem
819 3836 845 3882 et
861 3823 991 3883 rationem
1045 3818 1113 3879 ἀλλδι
1127 3819 1172 3879 καὶ
1181 3819 1260 3899 ίτερα
1273 3822 1463 3900 ἐπηγγειλατο,
1475 3823 1509 3882 ed
1524 3825 1664 3906 ἀπόρρητα
1676 3830 1767 3887 ἐκεῖνα
1777 3829 1820 3888 καὶ

245 3915 399 3998 superantia
409 3914 489 3973 bona.
501 3912 565 3972 ldeo
575 3927 689 3993 utraque
701 3913 801 3995 posuit.
822 3916 893 3975 Cum
916 3915 989 3974 enim
1043 3916 1102 3970 νοῦν
1118 3911 1164 3971 καί
1184 3911 1262 3992 λόγον
1286 3912 1479 3994 θπερῦαίνοντα
1492 3918 1587 3997 ἀγαθοί.
1609 3918 1712 4000 Διόπερ
1734 3921 1820 4002 ἄμφθ

244 4008 322 4085 dicit,
335 4009 482 4078 Gratiam,
497 4005 639 4088 presentia
660 4005 833 4087 significavit,
844 4027 991 4087 qnceacce-
1043 4005 1229 4084 περιτέθεικε·
1244 4009 1304 4086 *τῷ
1323 4006 1371 4085 μὲν
1388 4006 1440 4086 γὰρ
1452 4011 1533 4068 εἰπεῖν
1535 4010 1614 4081 Τὴν
1624 4011 1717 4093 χάριν
1729 4013 1821 4074 edm·

245 4106 424 4189 pimus3cum
440 4112 531 4158 autem
551 4097 641 4158 dicit.
634 4100 698 4158 ·Et
716 4100 904 4204 gloriamur'
893 4123 925 4158 ιιι
942 4121 992 4181 spe
1046 4066 1328 4178 ρονταίδηλωσενᾶπε
1331 4097 1493 4179 ρέλοίῦομεν·
1500 4100 1682 4180 τῷδέείπεῖν,
1693 4107 1821 4165 Kuixeu

244 4191 347 4274 glorie
355 4194 423 4265 Dei,
437 4192 526 4250 sutura
543 4190 674 4252 revelavit
695 4191 795 4250 omnia.
816 4195 856 4251 Ac
870 4192 938 4252 bene
947 4192 990 4253 dr
1044 4186 1156 4266 χώμεθα
1170 4189 1213 4246 ἐπ’
1229 4188 1362 4249 ἐλπίδι
1329 4208 1377 4262 της
1391 4189 1468 4263 θοξης
1480 4215 1526 4251 του
1509 4194 1625 4265 ”tieem
1641 4195 1676 4254 τδ
1691 4196 1824 4273 μέλλοντι

245 4284 298 4358 xit,
308 4287 347 4341 Ιιι
358 4303 420 4362 qua
434 4296 557 4342 stamus
570 4282 648 4341 Talus
658 4303 760 4364 quippe
773 4297 812 4342 est
829 4298 914 4363 gratia
923 4284 989 4362 Der,
1044 4277 1201 4360 ίξῑκᾶλυψεν
1221 4280 1334 4339 ἅπαντα·
1350 4279 1403 4340 Καὶ
1419 4285 1506 4352 καλῶς
1521 4273 1603 4358 εἶπεν,
1615 4284 1664 4345 Ἐν
1678 4279 1696 4364 »5
1709 4289 1821 4360 ἕστηκα

246 4374 329 4433 finem
344 4394 398 4432 uon
416 4373 508 4450 habet,
531 4395 585 4433 non
608 4374 684 4435 norit
704 4374 862 4453 terminum,
884 4375 931 4434 sed
955 4376 991 4436 ad
1046 4393 1104 4447 μιν
1118 4370 1236 4445 Ἱοιαυτη
1255 4372 1309 4454 γδιρ
1324 4378 1342 4446 ἡ
1356 4397 1402 4434 του
1385 4374 1537 4435 ”eaeo
1500 4399 1593 4455 χαρις
1606 4381 1653 4436 σῦκ
1668 4379 1821 4459 ἑγειτίλος,

246 4466 350 4547 majora
364 4484 469 4546 semper
482 4464 619 4544 procedit.
632 4464 704 4544 quod
716 4465 790 4548 apud
807 4466 991 4528 hominesnon
1046 4465 1093 4522 οὔκ
1112 4453 1166 4523 οἶδε
1181 4464 1277 4545 πέρας,
1299 4464 1369 4525 eut
1390 4467 1435 4525 καί
1451 4465 1495 4527 ἐπὶ
1509 4468 1615 4545 μείζονα
1631 4471 1674 4530 dei
1687 4473 1821 4552 προεπιν-

247 4571 296 4618 est.
309 4556 437 4637 Exempli
457 4577 537 4616 carisa
551 4580 558 4613 ι
573 4557 675 4637 aceepit
691 4556 752 4636 quis
774 4557 956 4639 principatum
965 4573 991 4619 et
1046 4553 1112 4634 ὅπερ
1125 4557 1167 4615 ἐπ’
1186 4557 1331 4639 ἀνθρώπων
1342 4561 1389 4618 οὐκ
1405 4558 1452 4617 ἔνι.
1468 4550 1533 4619 Οἶόν
1542 4585 1570 4619 τι
1580 4561 1667 4640 λέγω·
1683 4562 1768 4626 ἔλαὸέ
1786 4589 1822 4631 τις

247 4651 363 4733 gloriam
373 4664 400 4710 et
413 4650 568 4732 potentiam,
596 4647 643 4709 sed
665 4670 717 4709 non
735 4650 763 4710 in
785 4650 836 4709 hac
861 4666 1035 4732 perpetuom
1047 4646 1132 4726 ἅρχὴν
1144 4647 1276 4717 καὶδόξαν
1291 4649 1336 4708 καὶ
1348 4650 1510 4725 δυναστείαν,
1521 4654 1580 4710 ἀλλ’
1592 4657 1641 4733 οὐχ
1655 4653 1770 4727 ἕστηκεν
1782 4657 1822 4716 ἐπί

248 4747 435 4821 stetitrerum
451 4745 505 4805 cito
524 4744 560 4803 ab
573 4744 619 4803 illa
639 4743 758 4820 excidit,
781 4757 862 4823 atque
887 4746 991 4805 etiamsi
1008 4746 1029 4792 Λ
1047 4737 1145 4811 ταύτης
1166 4740 1306 4811 διηνεκῶς,
1321 4739 1390 4799 ἀλλὰ
1412 4741 1515 4821 ταχέως
1531 4746 1610 4816 αὐτῆς
1624 4746 1765 4818 ἐκπίπτειν
1776 4749 1821 4806 κᾶν

248 4859 327 4898 nemo
343 4838 456 4910 auferat,
471 4857 543 4896 mors
561 4836 751 4917 superveniens
771 4836 881 4895 omnino
906 4837 991 4897 tollet.
1049 4827 1086 4906 μὴ
1101 4829 1237 4911 ἄνθρωπος
1258 4831 1405 4911 dulium,
1422 4833 1530 4900 θάνατοι
1545 4836 1661 4895 ίπελθὼν
1677 4841 1819 4921 decipiet·

249 4929 319 5002 Que
334 4950 399 4992 vero
413 4927 463 4988 Dei
480 4940 552 5007 sunt,
562 4948 615 4987 non
637 4927 702 4987 talia
717 4951 723 4984 ι
739 4947 793 4987 non
812 4928 883 4988 enim
902 4928 993 5004 homo,
1047 4953 1093 4989 ται
1104 4929 1218 4999 πάντως.
1228 4929 1272 4991 Ti:
1283 4930 1310 4992 δὲ
1322 4939 1369 4993 τοῦ
1382 4936 1453 4994 Θεοῦ
1462 4935 1492 4992 οὐ
1502 4941 1628 4996 τοιαῦτα·
1641 4938 1703 5000 οὔτε
1713 4941 1766 5021 γὰρ
1780 4942 1821 5001 ἄν·

282 5128 291 5147 ·
307 5119 437 5190 [subjicit
449 5126 477 5175 Α.
490 5132 519 5184 τίς
531 5132 572 5186 τὴν
581 5132 649 5196 χάριν
660 5127 774 5192 reiron]
1093 5141 1104 5167 ⁶
1121 5127 1179 5187 diu.
1194 5143 1225 5200 τῷ
1236 5135 1320 5198 pte...
1334 5146 1366 5200 τῷ
1377 5135 1415 5197 δὲ,
1432 5131 1520 5184 melius
1531 5150 1607 5202 quum
1621 5135 1694 5188 Editi
1707 5147 1733 5193 τὸ
1747 5145 1819 5205 μὶν..-

280 5203 294 5246 1³
314 5199 467 5270 [κατηλλίτρη
476 5215 547 5270 μόνον
559 5204 607 5269 Α.]
1060 5213 1086 5259 τὸ
1099 5208 1131 5258 δέ.
