3728 5978
523 407 554 454 tu
582 408 670 455 reru
698 405 958 455 apostotouuu.
988 405 1106 454 ιιοιιιι..
1135 409 1172 455 .v.
1591 397 1639 489 49

65 552 140 598 τουσι,
152 529 250 608 φησίν,
267 528 359 589 οίυίολ
373 531 457 607 ὑμῶν.
471 529 544 593 Odor
555 534 640 610 θμῦν,
654 530 837 613 φησί,κατόρ-
896 527 1018 608 perisset,
1031 541 1111 609 atque
1132 531 1196 590 binc
1217 532 1350 594 invidiam
1372 535 1496 595 succidit.
1511 538 1552 596 Et
1569 558 1640 616 pro-

64 626 239 698 θωμττῶτο,
257 621 321 681 οὔτε
345 619 400 699 μὴν
422 618 566 701 ἐγκύμων·
586 625 623 691 εἰς
641 622 676 684 τί
697 622 792 683 παιδία
804 620 838 682 πθ
857 637 875 686 c
895 621 1073 700 pltetubnnt,
1091 622 1195 703 iuquit,
1207 625 1274 709 filii
1289 631 1391 687 vestri.
1415 629 1475 688 Non
1494 642 1582 689 uestra
1601 643 1640 689 est

65 712 166 792 θρέπτρα
180 711 292 785 διίὸηὴ
305 713 402 795 χάρις·
418 709 525 774 1ἀὐτῶν
538 715 608 782 niobe
623 713 730 783 ἑαυτοὺς
740 716 839 788 καλῶν,
896 712 1007 774 hencres
1020 715 1160 796 praeclara,
1173 738 1259 796 neque
1269 733 1357 779 uestra
1370 719 1444 799 laus,
1456 720 1504 783 sed
1518 721 1554 780 ad
1568 720 1640 781 lilios

65 809 99 866 καὶ
111 805 234 884 πατέρας
248 804 377 873 ίκείνους.
391 805 445 867 Kal
458 810 483 866 ol
498 806 627 868 νεανίσκοι
648 810 723 885 ὑμῶν
737 806 840 890 ὁράσεις
896 820 999 868 νοείτω
1015 805 1101 887 gratia
1119 809 1232 870 transiit.
1248 811 1404 893 Discipulos
1421 827 1499 872 vocat
1516 813 1599 890 filios,
1611 827 1640 876 et

65 904 176 977 θύονται,
189 898 242 957 καί
256 901 284 958 oi
301 897 479 981 πρεσύύτεροι
501 902 575 977 ὑμῶν
588 897 697 960 ἐνύπνια
719 901 839 958 ίνυπνια-
897 897 958 958 illos
966 913 1065 980 patres.
1076 903 1118 960 tn
1119 905 1244 983 juvenes
1254 909 1345 975 uestri
1359 909 1488 965 visiones
1496 907 1640 965 videbunt

65 993 212 1062 σθήοονται·
232 989 284 1049 καί
296 1014 330 1069 γε
347 991 393 1051 ἐπὶ
407 990 468 1058 τοὺς
485 990 589 1058 δούλως
609 990 719 1069 μοικαί
735 989 840 1057 ἐπλτίτς
896 1003 925 1048 et
936 994 1063 1050 seniores
1077 996 1170 1051 uestri
1186 999 1301 1053 somnia
1317 999 1519 1068 somniabunt,·
1542 998 1590 1056 ts.
1611 1009 1638 1056 et

65 1082 144 1149 θυίλες
161 1105 216 1160 μου
235 1084 342 1149 ἐντοῖς
364 1082 478 1162 ἡμέραις
492 1081 604 1151 ἐκείναις
621 1085 706 1164 ἐκχεῶ
725 1081 840 1143 ἀπὸτοῦ
896 1083 1013 1162 quidem
1035 1104 1121 1163 snper
1139 1105 1237 1145 servos
1261 1107 1339 1147 meos
1361 1101 1390 1146 et
1409 1109 1494 1168 super
1511 1089 1639 1148 ancillas

65 1175 210 1252 ίίνούματός
227 1197 300 1253 μω,
314 1173 364 1234 καί
376 1172 598 1255 προηητεύσονσι.
618 1173 694 1243 Τέως
710 1174 839 1237 δείκνυσιν
896 1197 975 1237 meas
982 1179 1014 1234 in
1021 1178 1123 1236 diebus
1130 1178 1192 1236 illis
1201 1177 1519 1260 effundamdeSpiritn
1527 1202 1600 1256 meo,
1609 1194 1639 1240 et

65 1269 142 1336 τύτοθς
149 1267 385 1347 ὠδοκιμηκύτας,
395 1264 550 1345 Πνεύματος
562 1265 838 1336 άτικαταξωιθίντας·
894 1269 1119 1347 prophetabunt.
1136 1269 1247 1328 Interim
1258 1270 1374 1330 ostendit
1388 1293 1416 1330 se
1429 1273 1555 1352 probatos
1569 1294 1637 1350 esse,

65 1364 160 1430 ἐκείνως
174 1361 204 1423 δὲ
221 1361 307 1441 οὐχί,
320 1360 369 1420 ἅτε
379 1357 593 1441 σταυρύααντας.
603 1357 760 1421 Ούτωκαίθ
770 1363 838 1442 Χρι-
896 1374 989 1442 utpote
1003 1361 1049 1440 qui
1066 1362 1170 1443 Spiritu
1183 1377 1268 1423 essent
1279 1363 1398 1443 dignati;
1411 1365 1473 1425 illos
1483 1386 1547 1426 vero
1557 1367 1639 1426 mini·

65 1455 112 1520 πὀς
123 1455 292 1533 postiurno<
311 1454 400 1512 αὐτῶν
416 1449 533 1529 μαλάξαι
543 1451 588 1512 τθν
600 1452 680 1529 θυμὸν
691 1450 792 1533 ἔλεγεν·
802 1458 838 1515 Ol
896 1475 948 1525 tue,
964 1466 1056 1535 utpote
1076 1454 1125 1532 qui
1146 1455 1285 1515 Christum
1304 1456 1511 1518 crucifixissent.
1532 1460 1597 1519 Ideo
1612 1471 1639 1518 ct

66 1546 275 1625 ίίυίοίθμῶνίν
288 1542 345 1603 τίνι
361 1540 714 1622 ίκύάλλουσιτὰδαιμύνια;
727 1535 836 1605 Ούκεί-
896 1544 1021 1609 Christus
1039 1558 1070 1605 ut
1086 1545 1197 1606 illorum
1214 1548 1332 1607 furorem
1360 1547 1474 1626 sedaret,
1497 1549 1604 1610 dicebat
1628 1572 1635 1607 ε

64 1665 107 1715 τεν,
118 1643 145 1698 οί
159 1634 292 1716 μαθηταί
306 1659 374 1716 μοι·
388 1635 434 1696 καί
453 1635 505 1715 γὰρ
524 1635 609 1696 ἐδόκει
623 1635 749 1697 κολακεία
762 1627 837 1697 εἶναι.
895 1636 1084 1707 Filii,autem
1097 1643 1191 1698 vestri
1207 1644 1239 1698 in
1257 1661 1314 1721 quo
1331 1643 1452 1721 ejiciunt
1468 1643 1638 1701 doemonia?
1648 1667 1734 1712 Maur„
1753 1681 1758 1710 .
1766 1679 1788 1711 ς,

64 1730 127 1791 Dim
142 1729 190 1789 καί
213 1729 302 1796 αὐτὸς
316 1729 368 1788 οῦκ
382 1718 466 1800 εἶπεν,
481 1726 522 1786 ὅτι
539 1729 578 1787 ού·
592 1727 740 1805 μεθύουσιν,
754 1730 837 1805 ἀλλὰ,
858 1754 876 1800 ς)
895 1729 956 1788 Non
968 1728 1052 1807 dixit,
1063 1728 1199 1811 Discipuli
1210 1731 1278 1808 mci3
1288 1752 1349 1789 nam
1365 1731 1417 1791 sibi
1430 1732 1585 1793 adulantem
1596 1753 1638 1794 sa·
1649 1741 1686 1786 ²⁷·

63 1823 187 1901 ίίνεύματι
201 1821 385 1903 φθέγγονται·
397 1817 444 1878 καί
458 1819 510 1900 οὐχ
521 1819 628 1891 ἁπλῶς,
644 1818 704 1878 ἀλλ’
724 1820 770 1880 ίπλ
792 1819 837 1879 τὸν
894 1821 1005 1901 puisset.
1021 1823 1068 1882 Sic
1082 1823 1130 1882 ille
1148 1842 1202 1885 non
1223 1823 1304 1899 dixit,
1321 1822 1393 1904 ipsos
1406 1846 1459 1884 uon
1473 1825 1560 1886 ebrios
1571 1848 1639 1901 esse,

63 1917 187 1997 προφήτην
201 1912 361 1995 κατέφυγε,
383 1911 430 1972 καί
451 1908 651 1978 αθτθνθθποδθς
667 1910 838 1994 ἰσχυρίζεται.
895 1911 985 1972 sodex
996 1914 1100 1995 Spiritu
1116 1913 1191 1993 loqui
1209 1938 1215 1971 ε
1233 1935 1318 1994 neque
1332 1914 1403 1975 illud
1413 1915 1581 1998 simpliciter,
1592 1917 1640 1979 sod

62 2009 127 2067 (tim
139 2013 189 2080 τῆς
201 2005 256 2087 μὲν
268 2003 436 2085 κατηγορίας
461 2000 554 2072 αὐτοὺς
569 2001 706 2076 ἀπήλλαξε
723 2005 757 2064 δι’
774 2008 839 2065 totu·
895 2004 930 2064 ad
945 2007 1103 2088 prophetam
1112 2007 1245 2087 confugit,
1259 2022 1285 2067 et
1301 2007 1349 2067 illo
1362 2005 1445 2070 fretus
1458 2011 1562 2070 fortiter
1570 2011 1637 2092 agit.

61 2106 164 2178 ὠμῆς
176 2099 208 2159 δὲ
218 2099 339 2180 χάριτος
351 2100 450 2157 ἐκεῖνον
460 2095 577 2177 παράγει
590 2095 718 2179 μάρπιρα.
733 2096 839 2179 Ἐκχεῶ
896 2098 941 2160 Sic
954 2121 1003 2180 per
1013 2120 1042 2160 se
1055 2100 1163 2178 qtddern
1181 2099 1243 2160 illos
1265 2100 1300 2160 ab
1318 2103 1485 2164 accusatione
1496 2106 1637 2185 purgarit,

60 2194 102 2255 ίτί
113 2198 159 2255 τοῦ
174 2188 348 2270 Πνεύματότ
360 2214 412 2269 μου
423 2190 467 2251 tut
480 2200 569 2250 πᾶσαν
580 2189 676 2270 σάρκα.
690 2189 786 2257 Οὕτως
796 2181 837 2250 εί·
894 2191 1053 2272 proplietam
1064 2213 1129 2252 vcro
1138 2192 1230 2273 gratiae
1240 2207 1332 2253 testem
1342 2194 1456 2255 inducit.
1468 2198 1640 2283 Effundam

60 2286 159 2362 22an
172 2294 234 2354 τοῖς
253 2283 308 2362 μὲν
323 2283 358 2342 δι’
371 2280 488 2364 ὀνείρων,
501 2291 555 2349 τοῖς
567 2281 596 2342 dl
611 2280 657 2341 καί
676 2286 798 2364 ἐμφανῶς
818 2288 836 2357 ἡ
894 2283 931 2340 de
946 2284 1055 2363 Spiritu
1078 2304 1141 2342 meo
1155 2304 1242 2364 super
1259 2306 1373 2344 omnem
1387 2284 1579 2349 curnem.²Sic
1595 2289 1639 2350 di-

59 2378 124 2459 γίρις
133 2377 269 2460 tkrp-stro.
283 2376 342 2437 Καί
355 2375 407 2456 γλρ
428 2373 474 2434 καί
488 2377 521 2435 δι’
532 2374 639 2454 ὀνείρων
652 2365 719 2436 εἶδον
735 2380 759 2437 οἱ
771 2400 838 2457 προ·
894 2373 945 2449 xit,
957 2373 1021 2453 quia
1039 2373 1101 2433 aliis
1115 2397 1162 2456 per
1178 2376 1291 2453 somnia,
1306 2376 1368 2435 aliis
1391 2379 1531 2439 manifeste
1552 2382 1638 2462 gratia

59 2474 144 2549 ρξται,
159 2470 211 2530 καί
226 2467 417 2549 ἀποκαλύψεις
438 2464 567 2545 ἐθίξαντο.
584 2459 653 2528 Ῐίίτα
667 2468 836 2550 ἐπεξέρχεται
893 2465 977 2524 effusa
991 2469 1039 2526 est'.
1052 2469 1124 2529 Nam
1138 2481 1163 2526 ct
1176 2489 1224 2548 per
1233 2467 1336 2527 somnia
1347 2467 1476 2530 uiderunt
1488 2473 1637 2554 propbeta,

59 2561 248 2644 τῇπροφητείη
255 2559 360 2641 ἐχούσῃ
370 2584 398 2619 τι
411 2559 457 2618 καλ
467 2559 586 2640 φοόερύν.
596 2560 650 2620 Καί
659 2550 835 2642 θύσω,ρησλ,
854 2580 872 2627 ε
894 2571 920 2617 et
932 2557 1107 2617 revelationes
1120 2572 1289 2641 acceperunt.
1306 2560 1411 2620 Deinde
1423 2563 1596 2643 progreditur
1610 2565 1639 2625 in

59 2656 145 2735 τέρατα
155 2657 185 2716 ἐν
199 2660 244 2736 τῷ
257 2656 367 2735 ὠρανῷ
382 2652 452 2727 ἄνω,
466 2651 512 2713 καί
534 2663 632 2733 σημεῖα
652 2654 696 2714 ἐπί
718 2651 766 2727 τῆς
786 2659 836 2736 ’γῆς
892 2649 1043 2731 prophetia,
1055 2672 1114 2729 qua
1129 2651 1271 2733 quidpiam
1288 2652 1410 2712 terribile
1427 2655 1518 2715 babet.
1530 2657 1578 2715 19.
1597 2659 1640 2716 Et

59 2749 130 2807 τίται.
142 2749 248 2808 Ταῦτα
266 2744 316 2806 καί
336 2745 400 2827 περὶ
423 2749 471 2816 τῆς
497 2743 644 2822 μελλούσης
665 2745 776 2828 κρίσεως
791 2747 837 2807 καί
893 2747 981 2818 dabo,
993 2745 1091 2825 inquit,
1102 2748 1237 2827 prodigia
1246 2751 1278 2804 in
1285 2747 1357 2806 ceto
1369 2768 1494 2822 sursum,
1509 2764 1537 2809 et
1553 2754 1641 2832 signet

59 2840 110 2922 τιρί
121 2843 175 2900 τῶν
189 2837 392 2921 Ἱεροσολύμων
408 2835 477 2908 άτῆς
487 2836 610 2906 ἇλύισιως
623 2835 707 2918 λέγων
721 2837 835 2899 atum-
893 2843 925 2898 in
940 2853 1018 2899 terra
1037 2840 1181 2898 deorsum.
1203 2839 1255 2899 llis
1275 2853 1301 2898 et
1319 2841 1444 2900 futurum
1456 2841 1592 2924 judicium
1613 2858 1639 2903 et

60 2958 106 2992 ται.
126 2926 206 3014 Αἷμα
221 2932 273 2993 καί
287 2939 361 3015 πῦρ,
379 2931 425 2991 καί
438 2930 538 3009 ἀτμίδα
550 2935 662 2991 καπνοῦ.
675 2929 767 3015 Ὅρα,
778 2935 836 3002 πῶς
892 2932 1123 3012 ierosolymorum
1135 2931 1272 2991 excidium
1284 2932 1447 2994 subindicat.
1460 2936 1640 3017 Sanguinem

60 3026 100 3099 τίν
117 3028 221 3088 ἅλωσιν
235 3023 405 3105 θπίγραψεν.
423 3022 459 3083 ‘0
486 3021 560 3095 ἥλιος
586 3024 835 3107 μεταστραφήσεται
892 3038 921 3085 et
929 3029 1037 3106 ignem,
1050 3036 1079 3084 et
1092 3045 1233 3106 uaporem
1241 3025 1331 3106 furni.
1348 3024 1432 3103 Vide,
1440 3028 1578 3106 quomodo
1591 3051 1639 3090 ex·

60 3122 89 3186 είς
107 3120 215 3194 σκότος,
228 3119 279 3178 καί
293 3122 312 3190 ἡ
324 3114 423 3189 σελήνη
445 3117 481 3183 είς
499 3105 575 3194 αἷμα.
590 3114 655 3176 but
674 3106 722 3188 τῆξ
744 3117 834 3178 διαθί-
891 3112 994 3175 cidium
1015 3114 1159 3176 describat.
1173 3117 1221 3175 90.
1236 3117 1287 3198 Sol
1304 3132 1491 3178 convertetur
1507 3123 1540 3178 in
1559 3134 1638 3180 tene·

59 3234 114 3275 σανς
133 3218 189 3272 τῶν
201 3209 370 3291 πασχόντων
385 3206 575 3289 τοῦτοείρηκε.
598 3207 730 3288 οΛίγτται
748 3210 771 3268 δ’
789 3201 833 3269 odi
892 3208 1098 3281 ὑπεκτίθενται
1116 3211 1148 3266 in
1166 3211 1346 3288 sangninem.
1365 3209 1411 3267 Ex
1424 3211 1521 3270 affectu
1533 3213 1638 3293 patien-

59 3303 120 3379 ὅμως
132 3303 285 3365 καὶπολλὰ
297 3307 410 3361 τοιαῦτα
420 3305 577 3381 γεγενῆσθαι
587 3304 614 3362 ίν
622 3302 738 3383 οὐρανῷ,
747 3301 834 3373 καθὼς
891 3298 961 3359 tium
979 3299 1015 3358 ita
1034 3299 1162 3379 loquitur.
1178 3301 1310 3359 Narratur
1326 3314 1414 3359 tamen
1436 3303 1521 3361 multa
1538 3303 1637 3364 similia

59 3395 177 3468 ίόσςπος
192 3403 339 3477 μαρτυρεῖ.
351 3391 428 3471 ,Ἅμα
443 3383 479 3454 δί’
493 3392 585 3461 αὐτοὺς
601 3392 647 3453 καί
662 3391 772 3466 ἔπληξε,
787 3402 833 3456 τοῦ
850 3447 874 3486 4²
891 3389 919 3449 in
932 3390 997 3449 calo
1010 3390 1068 3452 risa
1081 3389 1174 3466 luisse,
1189 3403 1219 3447 ut
1233 3389 1392 3449 testificatur
1405 3392 1548 3473 losepbus.
1562 3395 1637 3453 lute—

57 3487 385 3566 mfflpvpmffl
395 3483 568 3567 γςγςνημίνω
577 3531 585 3559 ‚
603 3485 741 3547 χαὶπηηῶν
752 3512 833 3569 προσ.
852 3474 943 3548 A⁸rim
964 3481 1025 3540 illes
1045 3502 1151 3560 quoquc
1171 3479 1342 3561 perstrinxit,
1357 3482 1479 3542 tenebras
1492 3506 1552 3563 quae
1566 3486 1637 3545 acei-

58 3582 127 3660 θοιᾷν
140 3579 176 3640 τὰ
186 3582 335 3658 μέλλοντα.
349 3577 419 3660 Πρίν
435 3576 453 3648 ἢ
466 3578 549 3637 ίλθεῖν
558 3576 606 3649 τὴν
619 3577 722 3657 ἡμέραν
734 3581 833 3663 Κυρίου
891 3574 954 3633 dere
960 3594 1120 3647 memorans,
1132 3586 1157 3631 et
1163 3571 1249 3630 futuri
1260 3573 1488 3653 exspectationem
1499 3575 1636 3637 inducens.

56 3671 97 3744 τήν
110 3671 232 3752 μεγάλην
241 3671 292 3730 καί
305 3672 432 3751 ἐπιφανῆ.
448 3668 494 3742 Μὴ
508 3667 561 3749 tlt?
575 3670 667 3742 ἐπειδὴ
681 3673 832 3755 ἀτιμωρητλ
890 3667 1064 3747 Antequam
1075 3668 1179 3723 veniat
1191 3665 1252 3723 dies
1267 3665 1390 3723 Domini
1402 3687 1527 3748 mugnus
1536 3682 1564 3727 et
1579 3692 1641 3729 rnat-⁴

56 3768 95 3820 νῦν
105 3762 294 3846 ἁμαρτάνετε,
310 3761 390 3842 φησί,
404 3759 563 3842 θαρσήοητε.
576 3762 672 3821 Ταῦτα
685 3760 717 3834 δὴ
737 3763 829 3844 προοί-
891 3761 1023 3842 nisestus.
1039 3759 1079 3816 Ne
1096 3757 1159 3835 quia
1177 3778 1248 3819 nunc
1263 3756 1374 3837 impune
1386 3759 1521 3839 peccatis,
1538 3760 1636 3839 inquit,

56 3857 100 3933 μετ’
111 3859 168 3917 ίστι
179 3855 307 3936 μεγάλης
320 3853 391 3922 τινὸς
403 3851 506 3935 ἦμίρας
523 3851 569 3911 καί
590 3855 719 3932 χαλεπῆς.
735 3853 831 3938 Ὁρᾷς,
890 3851 949 3910 ideo
965 3850 1118 3911 confidatis.
1133 3850 1198 3910 llaec
1219 3849 1348 3930 prooemia
1362 3866 1425 3910 sum
1441 3852 1532 3932 magui
1546 3855 1637 3935 cujus·

56 3952 106 4015 τνῖις
124 3952 215 4009 αὐτῶν
230 3945 373 4006 κατέσεισε
386 3943 434 4017 τὴν
442 3942 529 4025 ψυχὴν
546 3942 592 4002 καί
607 3944 772 4018 θιεσάλευσε,
785 3947 829 4006 καί
888 3943 952 4004 dam
964 3958 989 4003 et
1003 3942 1157 4023 gravissimi
1171 3941 1233 3999 dici.
1248 3941 1362 4016 Viden',
1376 3944 1513 4020 quomodo
1532 3946 1636 4007 animos

56 4043 93 4100 τἰι
107 4042 215 4121 γίλωτα
223 4039 404 4118 μετάστρεψον
419 4040 456 4104 είς
469 4035 630 4115 ἀπυλογίανς
640 4038 675 4096 Εἰ
686 4036 737 4118 γάρ
748 4046 831 4100 ταῦτα
887 4057 982 4098 eorum
996 4034 1154 4114 exagitavit,
1165 4048 1191 4093 ct
1204 4033 1291 4092 risum
1303 4035 1434 4095 convertit
1447 4036 1473 4096 in
1485 4039 1635 4098 excusatio·

56 4135 173 4213 τροοίμια
187 4138 239 4205 τῆς
249 4129 357 4210 ἡμέρας
367 4127 483 4202 ἐκείνης,
500 4127 603 4207 ἀνάγκη
615 4126 676 4208 περί
688 4134 740 4189 τῶν
753 4129 833 4212 ἐσχά·
889 4130 973 4189 uem?
988 4127 1102 4189 sienim
1123 4126 1180 4184 baec
1193 4139 1255 4184 sunt
1276 4125 1406 4206 prooemia
1424 4126 1479 4186 dici
1491 4128 1574 4206 illius,
1588 4152 1635 4191 ne—

56 4251 100 4285 τισι
115 4228 160 4287 τὸν
175 4225 302 4286 κίνδυνον
315 4224 493 4301 ἐπηρτῆσθαι.
511 4220 548 4281 Τί
560 4220 620 4292 δαί;
636 4212 786 4301 άραλίγων
797 4222 831 4282 τί
889 4243 960 4282 cesse
976 4232 1014 4280 cst
1035 4217 1187 4300 periculum
1208 4217 1242 4276 de
1264 4216 1391 4276 extremis
1401 4219 1463 4299 jam
1482 4220 1632 4283 imminere.

57 4320 143 4400 ξίφη
157 4315 457 4397 επιμίνις;οὐδαμῶς.
471 4311 551 4374 Ἀλλλ
561 4312 601 4388 τίς
622 4311 710 4374 Πάλιν
725 4314 829 4378 δίδωσιν
889 4313 965 4386 Quid
980 4333 1043 4371 vero
1054 4311 1068 4370 ί
1081 4331 1146 4369 num
1156 4308 1245 4390 pergit
1258 4308 1388 4368 terribilia
1403 4309 1511 4371 dicere?
1526 4315 1633 4394 Nequa-

56 4438 131 4482 m,
149 4417 337 4482 meum,
352 4406 399 4467 καί
420 4394 501 4488 φησι·
516 4405 571 4467 Καί
584 4405 674 4477 ἔσται,
688 4416 740 4475 πᾶς
754 4407 780 4476 ὃς
798 4409 830 4468 ἂν
889 4427 978 4486 quarn.
991 4402 1045 4465 Sed
1058 4402 1148 4482 quid?
1164 4404 1269 4461 Rursus
1283 4401 1330 4461 dat
1351 4402 1407 4462 illis
1420 4405 1572 4485 respirandi
1593 4406 1633 4468 lo·

56 4507 238 4578 &magam
262 4503 296 4562 τὸ
319 4501 405 4578 ὄνομα
426 4497 539 4579 Κυρίου,
563 4497 722 4571 σωθήσεται.
743 4503 830 4562 Τοῦτο
848 4529 867 4576 η
889 4519 962 4571 eum,
981 4511 1007 4556 et
1017 4496 1056 4555 ait
1070 4521 1076 4552 :
1089 4497 1196 4565 Dlda't
1213 4499 1278 4569 erit,
1293 4500 1388 4555 omnis
1402 4501 1578 4581 quicumque
1587 4506 1633 4561 in·

55 4601 147 4679 εἴρῃ-,αι
163 4598 214 4676 μὲν
225 4595 290 4676 περί
304 4598 352 4654 τοῦ
370 4594 501 4673 Χριστοῦ,
515 4591 601 4658 καθὼς
618 4594 723 4661 Παῦλος
740 4590 828 4673 λίγει·
889 4592 1034 4649 vocaverit
1053 4608 1160 4646 nomen
1177 4588 1309 4659 Domini,
1322 4589 1423 4648 salvus
1439 4595 1503 4650 erit.
1518 4592 1576 4650 lIoe
1596 4593 1632 4652 de

56 4682 116 4760 ὦτος
134 4693 163 4752 δὲ
183 4693 215 4753 οθ
227 4691 321 4769 τολμᾷ
334 4689 426 4765 σαφῶς
439 4683 502 4744 αὐτὸ
516 4684 695 4766 ἀποκαλύψαι.
714 4683 827 4764 Ἴδωμεν
887 4682 995 4742 Christo
1013 4679 1118 4738 dictum
1139 4691 1187 4754 est,
1202 4692 1231 4737 ut
1250 4679 1351 4767 Paulus
1365 4680 1404 4740 ait
1417 4706 1423 4738 :
1437 4682 1484 4741 bic
1498 4704 1562 4743 vero
1576 4706 1629 4745 non
1641 4694 1705 4740 Rom.
1722 4707 1761 4742 ιο.

57 4784 128 4844 roim
140 4786 241 4845 ἄνωθεν
254 4780 288 4839 τὰ
298 4775 442 4859 εἰρημένα.
462 4778 557 4842 Καλῶς
571 4781 607 4844 ὡς
621 4778 686 4858 πρὸς
697 4778 829 4855 γελῶντας
882 4775 964 4834 arrdct
983 4771 1011 4831 id
1034 4771 1124 4853 palam
1144 4769 1271 4829 revelare.
1288 4769 1367 4830 Dicta
1384 4776 1450 4831 v'ero
1464 4796 1479 4832 a
1495 4775 1629 4858 principio
1642 4757 1678 4804 ⁸³·

59 4878 96 4934 ui
118 4878 294 4958 χλευάζοντας
316 4868 482 4930 καθίσταται
500 4866 598 4946 λέγων·
620 4870 739 4930 Γνωστὸν
761 4869 829 4929 ἔστω
880 4867 1047 4948 repetamus.
1067 4867 1147 4924 Recte
1159 4862 1234 4941 quasi
1251 4862 1383 4923 aduersus
1400 4864 1516 4925 ridentes
1530 4882 1555 4927 ct
1563 4871 1629 4928 sub·

91 5053 101 5090 θ
114 5054 182 5106 Um!
192 5048 256 5103 Cod.
268 5054 330 5110 οἱὼς
340 5051 429 5106 ωλι-οὺς
439 5053 514 5099 αὐτῶν
523 5054 594 5103 καλαί.
886 5063 912 5112 .'
931 5050 1002 5100 Unus
1015 5046 1080 5099 Cod.
1102 5053 1190 5113 λέγεται
1208 5051 1251 5114 μίν
1270 5047 1307 5100 οὖν
1325 5054 1362 5100 καί
1381 5055 1464 5103 πολλαί.
1480 5051 1557 5120 Signa
1577 5071 1632 5121 quoe

90 5146 99 5167 t
113 5130 156 5180 atii
165 5136 242 5189 meu.
253 5135 313 5182 οὔτω
329 5134 405 5192 λέγει.
415 5136 457 5184 τῆς
466 5130 509 5191 μίν
520 5128 557 5178 σύν
567 5136 711 5200 κατηγορίας.
867 5127 1084 5196 ierosolymorum
1102 5122 1228 5176 excidium
1244 5139 1438 5193 praecesserunt,
1456 5144 1544 5184 narrat
1561 5133 1634 5186 toas

94 5208 104 5244 ί
119 5208 161 5258 Alii
172 5221 208 5270 τῆς
220 5213 385 5278 αἰχμαλωσίας
398 5209 472 5269 iinon
484 5211 613 5259 αίνίττεται.
869 5209 932 5274 pltttn
944 5205 976 5258 tle
988 5205 1055 5258 Bello
1068 5202 1184 5257 ludaico.
