3728 5978
26 370 31 381 '
118 414 120 419 ·
201 371 273 447 536
538 394 568 442 s.
596 390 736 442 sossius
762 388 944 440 ειιινεοετ.
973 390 1129 442 sucurre.
1159 392 1427 444 cousraurruor.
1548 365 1562 371 ”

199 518 359 605 prohibetur
371 518 400 584 in
416 518 625 595 heiam'venire,
641 516 679 579 ed
692 529 741 591 ευ,
755 515 869 597 opinor,
884 533 944 592 quae
997 514 1043 574 καί
1064 514 1129 595 γυνὴ
1151 519 1183 580 rb
1199 518 1255 581 ίσον
1275 519 1385 600 ἀνδράσι
1400 523 1511 578 ποιοῦσα
1532 514 1577 576 καί
1597 513 1767 574 διδάσκουσα.

199 613 288 694 magis
300 612 433 693 urgebant
445 611 588 693 impulsus.
593 610 666 675 Vide
679 630 795 690 namque
807 609 887 668 iilum
899 606 946 666 hic
997 607 1050 668 Διά
1068 613 1146 668 τοῦτο
1165 610 1296 672 ἐκωλύετο
1320 614 1356 679 είς
1369 611 1419 682 τῆν
1432 608 1521 671 Ἀσίαν
1534 610 1633 680 ἐλθεῖν,
1654 605 1721 686 πρὸς
1735 605 1769 664 τὰ

200 721 327 788 rogatum
337 719 368 766 ut
381 717 517 782 maneret,
532 722 580 765 nec
593 724 695 764 mamm
711 714 864 782 gerentem,
880 697 946 777 quia
997 700 1188 781 κατεπείγοντα
1202 694 1277 781 οίμαε
1293 702 1472 780 ἐλαυνόμενος.
1495 699 1568 778 Ὅρα
1580 703 1644 778 γοῦν
1656 699 1770 756 ἐνταῦθα

201 801 349 882 urgebatur
360 812 391 858 ut
403 796 563 858 discederet.
574 793 631 858 Nec
641 796 801 877 simpliciter
811 793 874 853 illos
882 791 946 851 reii-
998 790 1283 874 καίπαρακαλούμενον
1293 796 1369 855 αύτδν
1382 802 1478 872 μεῖναι,
1488 791 1535 852 καὶ
1545 794 1595 851 οῦκ
1600 789 1770 871 ἀνεχόμενον,

202 892 273 972 quit,
288 891 337 952 sed
350 911 413 950 cum
425 889 559 973 promisso
573 886 738 950 revertendi:
749 884 947 966 quomodoau·
999 882 1091 954 ἐπειδὴ
1101 884 1225 965 ἠπείγετο
1239 889 1372 948 ἀπελθεῖν.
1389 886 1430 946 Οὐ
1442 884 1496 963 μὴν
1507 885 1599 950 ἁπλῶς
1609 879 1703 948 αὐτοῦς
1716 881 1769 940 εἴα·

203 979 358 1058 modii
365 980 393 1038 9.
398 975 838 1073 ὒεναιιίιρυσ,ἰιι(γυίι,Εμίισευιιι
843 971 947 1032 σι’ἱὶἱοι
954 1013 991 1054 ω,
1001 998 1055 1050 σιν,
1064 976 1134 1036 ἀλλά
1144 977 1213 1055 μετά
1222 979 1405 1060 ὑποσχέσεως·
1420 976 1466 1038 καί
1476 975 1557 1050 ἀπιος,
1568 975 1657 1035 ἄκουε.
1666 973 1771 1045 Κατάν-

204 1075 246 1132 ibi
251 1072 371 1151 reliquit
382 1073 461 1151 :ipse
468 1089 537 1133 wo
544 1073 694 1150 ingressus
703 1071 735 1124 in
744 1084 945 1146 synagogam,
963 1072 984 1117 Δ
1001 1088 1067 1139 αησε
1080 1065 1125 1142 δέ,
1141 1069 1238 1150 φησίν,
1252 1072 1289 1138 είς
1306 1070 1432 1151 Ἔρεσον,
1448 1068 1493 1129 καὶ
1503 1066 1617 1134 ἐκείναις
1629 1063 1771 1126 κατέλιπεν

204 1159 441 1245 disputaritcum
450 1163 573 1223 Judaeis.
587 1163 636 1221 20.
652 1162 835 1241 Rogantibus
849 1169 949 1218 autem
1003 1161 1097 1220 αὐτοῦ·
1107 1161 1185 1229 αθτδς
1196 1160 1355 1223 δίεισιλθιλν
1367 1166 1404 1230 εἰς
1411 1161 1460 1234 τῆν
1471 1158 1637 1240 συναγωγὴν,
1649 1157 1771 1238 διελέχθη

202 1259 263 1330 cis,
278 1269 311 1316 ut
327 1256 465 1336 ampliori
484 1267 611 1335 tempore
629 1265 760 1312 maumt
774 1252 855 1332 apud
870 1249 950 1325 illos,
1003 1260 1057 1320 τοῖς
1076 1253 1222 1322 Ἰουδαίοις.
1254 1254 1432 1338 Ἐμωτώντων
1451 1253 1479 1314 δέ
1498 1257 1585 1314 αὐτῶν
1605 1253 1651 1312 ἐπί
1663 1251 1772 1311 πλείονα

203 1368 268 1408 noa
274 1346 505 1423 anauihhised
512 1346 722 1417 valedixiteis,
731 1345 831 1403 diceas
841 1365 850 1398 .·
859 1343 951 1420 Opor-
1003 1343 1098 1426 χρόνσν
1114 1355 1203 1422 μεῖναι
1214 1351 1278 1431 παρ’
1293 1352 1390 1423 αῦτσῖς,
1405 1351 1452 1407 οὐκ
1467 1347 1619 1420 ἐπένευσεν,
1634 1345 1695 1406 ἀλλ’
1707 1348 1773 1405 ἀπε·

205 1452 248 1499 ισι
256 1460 303 1499 mc
312 1442 433 1498 omnino
439 1439 562 1520 festum,
571 1437 652 1518 quod
662 1440 764 1511 instat,
773 1433 953 1516 προεθύετο·
1003 1434 1099 1504 odioso
1110 1441 1207 1513 αύτυῖς,
1223 1438 1319 1498 εἰπών·
1335 1441 1374 1498 δεῖ
1388 1463 1421 1518 με
1432 1439 1537 1507 πάντως
1550 1439 1598 1512 τὴν
1615 1437 1709 1517 ἑορτὴν
1725 1435 1773 1509 τῆν

203 1532 331 1608 solymis
341 1555 354 1602 ,·
370 1536 475 1591 iterum
490 1542 589 1590 autem
604 1541 735 1589 revertar
746 1529 788 1587 ad
808 1544 873 1598 vos,
886 1525 951 1584 Deo
1005 1527 1151 1609 ἐρχομένην
1168 1534 1279 1603 ποιῆσαι
1296 1534 1333 1600 είς
1357 1531 1546 1612 Ἱεροσόλυμα·
1568 1533 1650 1593 πάλιν
1671 1529 1699 1591 δέ
1710 1533 1773 1589 ἀνα·

205 1625 348 1685 uolente:
363 1637 392 1684 et
403 1624 492 1684 soluit
502 1626 541 1682 ab
550 1624 677 1703 Epheso.
688 1625 739 1682 λθ.
749 1622 791 1680 Et
801 1620 951 1701 profectus
1005 1619 1105 1702 κάμψιν
1125 1624 1191 1704 πρδς
1210 1628 1279 1700 buo<
1293 1629 1341 1683 τσῦ
1359 1627 1430 1686 Θεοῦ
1448 1624 1575 1692 θέλοντος.
1599 1624 1654 1684 Καί
1668 1622 1773 1703 ἀνήχθη

207 1718 386 1792 Gasaream,
401 1737 469 1776 cum
478 1715 667 1786 ascendisset,
684 1726 715 1774 et
726 1714 885 1774 salutasset
891 1712 951 1771 Ec·
1006 1712 1059 1772 ἀπὸ
1068 1716 1115 1785 τῆς
1128 1713 1252 1796 Ἐρέσου,
1264 1716 1311 1776 καί
1323 1715 1456 1776 κατελθὼν
1468 1720 1505 1784 εἰς
1519 1715 1694 1797 Καισάρειαν,
1709 1717 1772 1773 ἀνα·

206 1809 339 1882 alesiam,
361 1810 512 1869 descendit
534 1808 730 1871 Antiochiam
749 1830 762 1876 ,·
786 1807 835 1866 23.
855 1808 953 1885 ibique
1006 1803 1072 1878 όθς,
1091 1807 1138 1866 καλ
1159 1807 1407 1887 ἀαπασάμενοςτῆν
1421 1807 1603 1881 Ἐκκλησίαν,
1623 1805 1724 1880 κατέόη
1738 1809 1774 1873 εις

206 1901 364 1983 aliquanto
377 1913 529 1961 transacto
541 1912 682 1980 tempore,
699 1902 790 1958 exirit
806 1899 952 1956 transiens
1005 1893 1175 1976 Ἀντιόχειαν·
1189 1897 1235 1957 καλ
1251 1898 1365 1971 ποιήσας
1375 1898 1470 1982 χρόνον
1483 1897 1551 1972 τινὰ,
1566 1899 1657 1970 ἐξῆλθε
1670 1895 1774 1976 διερχό-

207 1995 314 2056 deinde
321 2015 375 2075 per
387 1993 560 2054 Galaticam
569 1996 717 2073 regionem
729 2004 759 2050 et
772 1991 951 2070 Phrygiam,
1007 2010 1084 2066 μενος
1105 1989 1217 2061 καθεξῆς
1232 1989 1282 2064 τῆν
1299 1990 1452 2064 Γαλατικὴν
1471 1989 1562 2073 χώραν
1579 1990 1625 2050 καί
1642 1988 1774 2072 Φρυγίαν,

207 2087 388 2168 confirmaris
403 2106 502 2146 omnes
515 2086 683 2167 discipulos.
696 2083 779 2160 Vide,
795 2083 894 2142 iterum
906 2102 954 2142 ve·
1007 2080 1184 2161 ἐπιστημίζων
1196 2082 1299 2151 πάντας
1312 2083 1371 2151 τοὺς
1381 2082 1510 2162 μαθητάς.
1527 2082 1581 2143 Καὶ
1591 2081 1651 2163 ἀρα,
1663 2079 1776 2148 ἐκείνως

207 2179 250 2240 uit
261 2177 299 2239 ad
311 2179 380 2259 ίοσε,
393 2191 525 2258 συνουσία
537 2178 650 2239 adierat.
664 2178 712 2237 at.
722 2177 845 2237 ludaris
855 2188 955 2235 autem
969 2187 989 2235 lt
1005 2171 1068 2242 ,τοῦς
1087 2173 1184 2241 τόπους
1203 2176 1412 2254 κατιλάμὸανεν,
1436 2167 1474 2243 οἷς
1491 2175 1574 2249 ἐπέόη
1596 2175 1649 2256 πρθ
1672 2174 1776 2234 τούτου.

208 2272 330 2353 quidam
338 2269 452 2353 Apollo
462 2269 825 2347 nomine,Alcxandrinus
841 2287 955 2349 genere,
1010 2265 1135 2334 Ἰουδαῖος
1154 2265 1183 2325 δέ
1195 2291 1234 2336 τις
1249 2267 1382 2336 Ἀπολλὼς
1395 2268 1523 2347 ὀνόματι,
1543 2266 1726 2349 Ἀλεξανδρεύς
1739 2270 1778 2348 τῷ

210 2368 264 2425 vir
271 2365 423 2445 eloquens,
434 2367 551 2424 devenit
558 2366 718 2443 Ephesum,
726 2374 830 2444 poteris
838 2362 949 2422 ἐναύσει’·
1009 2358 1088 2437 γένει,
1100 2358 1167 2438 ἀνὴρ
1184 2359 1284 2438 λόγιος,
1303 2361 1466 2434 κατήντησεν
1481 2363 1517 2429 είς
1530 2360 1658 2442 Ἔρεσον,
1671 2360 1779 2427 δυνατός

207 2456 387 2537 pturis.Ecce
402 2469 429 2514 et
448 2448 547 2514 eruditi
563 2454 710 2534 predicare
726 2454 893 2528 nituntur,et
910 2451 958 2511 de-
1010 2449 1047 2510 ὢν
1063 2454 1090 2511 ἐν
1102 2460 1159 2518 ταῖς
1176 2453 1303 2534 Γραραῖς.
1319 2453 1388 2514 Ἰδοὺ
1399 2455 1444 2513 καὶ
1456 2454 1559 2532 Ιλόγιοι
1573 2451 1715 2533 ἠπείγοντο
1728 2477 1779 2526 κη-

209 2567 286 2606 mum
299 2543 649 2626 discipuliperegrinantur.
656 2542 756 2607 Vidcn’
766 2544 959 2603 incrementum
1013 2542 1122 2627 ρύτιειν,
1141 2544 1187 2603 καλ
1206 2546 1373 2622 ἀποδημοῦσι
1389 2546 1480 2606 λοιπδν
1501 2550 1526 2606 oi
1544 2545 1670 2624 μαθηταί.
1697 2545 1782 2626 Ὁρᾷς

208 2634 432 2719 praedicationis?
443 2635 959 2695 25.Hiceratcdoctusoiaml)omi·
1011 2635 1128 2696 ἐπίδοσιν
1146 2641 1198 2702 τοῦ,
1222 2637 1409 2719 κηρύγματος;
1431 2629 1518 2706 Obsce
1536 2630 1569 2712 ῆν
1594 2637 1781 2719 κατηχημένος

212 2731 254 2802 κε’,
264 2729 419 2810 etserreas
426 2727 536 2805 Spiritu
546 2726 730 2805 loquebatur,
739 2739 767 2784 ct
778 2726 901 2785 ἀοσεθσι
915 2726 959 2783 dt·
1011 2726 1059 2800 τὴν
1072 2728 1131 2788 ὁδὸν
1146 2733 1191 2787 τοῦ
1205 2728 1322 2810 Κυρίου,
1344 2730 1389 2788 καί
1403 2730 1467 2800 ζέων
1479 2735 1517 2812 τῷ
1530 2730 1669 2809 Πνεύματι
1684 2729 1781 2803 ἐλάλει,

211 2821 384 2901 ligenterca,
394 2839 458 2899 qua
466 2819 672 2890 suutDomini,
679 2820 773 2876 sciens
782 2830 897 2876 tantum
910 2818 960 2875 ba·
1012 2819 1058 2880 καλ
1073 2820 1207 2881 ἐδίδασκεν
1225 2822 1342 2901 α’κριόιῦς
1358 2822 1393 2883 τά
1412 2821 1472 2902 περὶ
1486 2828 1531 2881 τοῦ
1544 2823 1651 2902 Κυρίου,
1671 2822 1782 2883 ἐπιστά-

209 2916 320 2994 ptisma
331 2912 470 2972 loannis.
485 2911 534 2970 λθ.
550 2911 609 2969 Hic
623 2913 710 2989 capit
725 2910 814 2968 libere
831 2910 914 2989 loqui
929 2912 962 2967 in
1014 2936 1091 2992 μενος
1105 2912 1183 2992 μόνον
1196 2913 1226 2973 τὸ
1242 2914 1381 2993 βάπτισμα
1393 2914 1525 2974 Ἰωάννου.
1541 2908 1634 2982 θύτός
1644 2939 1674 2974 τε
1685 2914 1783 2995 ἤρξατο

210 3023 375 3084 synagoga.
389 3003 555 3061 Audientcs
574 3013 674 3060 autem
696 3001 785 3059 illum
803 3000 921 3080 Aquila
934 3012 962 3058 et
1011 3004 1241 3084 παρρησιάζεσθαι
1267 3008 1293 3065 έν
1315 3009 1348 3084 τῆ
1373 3010 1522 3087 συναγωγῇ.
1558 3005 1728 3075 Ἀκούσαντες
1757 3008 1785 3067 δί

211 3096 376 3169 Priscilla,
402 3105 604 3154 assumserunt
629 3112 719 3166 eum,
742 3105 771 3151 et
791 3093 961 3173 riiligcatius
1014 3098 1094 3155 αὐτοῦ
1108 3096 1218 3165 Ἀκύλας
1239 3097 1285 3157 καλ
1297 3098 1464 3177 Πρίσκιλλα,
1485 3100 1784 3180 προσελάύοντοαῦτὸν,

212 3202 407 3272 exposuerunt
422 3193 450 3248 ei
465 3191 549 3247 viam
565 3189 698 3247 Domini.
721 3187 751 3248 Si
765 3186 812 3247 hie
825 3186 959 3268 baptisma
975 3207 994 3257 c
1013 3188 1060 3248 καί
1078 3188 1263 3271 ἀκριβέστερον
1285 3192 1358 3272 αύτῷ
1380 3189 1495 3259 ἐξέθεντο
1512 3183 1561 3264 τῆν
1575 3199 1620 3253 τοῦ
1632 3197 1704 3254 Θεοῦ
1716 3195 1784 3255 ὁδόν.

212 3283 325 3347 Joaunis
338 3295 444 3341 tautmn
463 3279 583 3355 sciebat,
596 3277 732 3358 quomodo
745 3278 959 3360 ierrebatSpiri-
1015 3279 1087 3341 Είτδ
1103 3280 1242 3360 βάπτισμα
1252 3281 1376 3341 Ἰωάννου
1388 3282 1467 3361 μόνον
1478 3282 1610 3353 ἠπίστατο
1624 3276 1709 3360 σύτος,
1728 3289 1785 3352 πῶς

213 3375 392 3456 ιυάδρίιίιυε
404 3373 477 3433 enim
495 3393 548 3433 non
568 3371 607 3431 ita
621 3370 747 3433 dabatur.
761 3371 791 3431 Si
807 3385 896 3432 autem
912 3374 961 3452 qui
1014 3376 1053 3455 τῷ
1067 3372 1206 3452 Πνεύματι
1217 3374 1281 3447 ἔζεε,
1294 3374 1325 3432 τὸ
1336 3373 1386 3455 γάρ
1398 3377 1508 3452 Πνεῦμα
1519 3379 1568 3456 cbk
1579 3375 1662 3445 ούτως
1676 3380 1784 3439 ἐδίδοτο.

212 3482 274 3550 post
284 3468 362 3527 ilium
374 3468 569 3547 suerunt,opus
578 3465 696 3524 habuere
704 3464 806 3524 Christi
816 3466 962 3546 baptismo,
1015 3465 1049 3523 Ei
1064 3463 1091 3523 δὲ
1103 3463 1148 3522 καί
1161 3469 1184 3524 σί
1197 3463 1263 3543 μετὰ
1276 3470 1363 3524 τοῦτον
1380 3466 1523 3539 ἐδεήθησαν
1540 3473 1584 3526 τοῦ
1603 3470 1785 3550 βαπτίσματος

215 3559 303 3619 multu
316 3557 403 3638 magis
413 3557 459 3616 hic
470 3577 538 3638 opus
551 3555 699 3615 habuisset.
713 3553 789 3627 Quid
800 3576 863 3636 ergo
871 3555 962 3615 dicen·
1015 3561 1061 3614 τοῦ
1085 3557 1213 3636 Χριστοῦ·
1237 3558 1327 3637 πολλῷ
1350 3559 1450 3634 μᾶλλον
1473 3549 1547 3626 ούτος
1567 3561 1660 3635 ἐδεήθη
1677 3563 1720 3621 ἄν.
1751 3565 1786 3623 Τί

215 3653 304 3714 dum?
327 3672 413 3732 neque
434 3650 505 3711 enim
528 3649 586 3709 sine
609 3670 689 3709 causa
708 3662 853 3729 utrumque
871 3649 963 3730 posuit
1015 3639 1060 3708 οῦν
1074 3651 1145 3708 ἐστιν
1164 3652 1262 3725 siurim
1281 3648 1340 3709 οὐδὲ
1355 3649 1407 3729 γάρ
1424 3650 1515 3719 ἁπλῶς
1526 3651 1616 3732 ἐρεξῆς
1629 3653 1722 3725 ἔθηκεν
1736 3657 1787 3734 ἀμ-

63 3746 190 3799 Αειϊιό·
216 3743 796 3829 scriptor.Videturmihihuncesseunum
808 3756 961 3801 excentum
1016 3739 1114 3821 ρότερα
1135 3738 1354 3823 Ι’όσυγγραρεύς
1378 3742 1459 3820 Ἐμοί
1481 3745 1551 3803 δοκεῖ.
1569 3736 1604 3811 εἷς
1626 3737 1702 3815 οὗτος
1720 3738 1786 3807 εἶναι

215 3838 324 3921 viginti,
344 3836 393 3917 qui
409 3857 471 3897 cum
486 3834 614 3917 apostolis
634 3832 763 3914 baptizati
778 3846 857 3893 suut:
877 3834 923 3894 vel
941 3832 963 3893 si
1017 3837 1070 3892 τῶν
1090 3832 1184 3892 ἑκατόν
1205 3831 1288 3890 εἴκοσι
1302 3836 1355 3891 τῶν
1371 3834 1438 3911 μετὰ
1452 3839 1505 3893 τῶν
1521 3835 1675 3896 ἀποστόλων
1693 3842 1787 3917 βαπτι-

216 3955 270 3996 nou
283 3933 319 3993 ita
330 3933 376 4010 sit,
384 3931 459 4011 quod
469 3929 496 3989 in
504 3928 638 4005 Cornelio,
647 3926 675 3986 in
686 3928 738 3987 hoc
748 3948 855 4007 quoque
863 3929 966 3988 iactum
1019 3923 1151 3984 σθίντων·
1169 3921 1187 3995 ῆ
1208 3927 1230 3982 εἰ
1250 3923 1287 4002 μῆ
1312 3929 1404 3998 τοῦτο,
1429 3924 1495 4007 όπερ
1514 3927 1557 3986 ἐπί
1576 3935 1622 3988 τοῦ
1636 3929 1786 4006 Κορνηλίου

218 4041 268 4086 est.
295 4023 351 4086 Sed
374 4045 428 4083 non
452 4023 614 4104 baptisatur,
641 4018 726 4079 donec
750 4019 792 4080 illi
815 4020 967 4080 accuratius
1019 4015 1118 4096 γίγονε,
1128 4016 1266 4096 γεγένηται
1277 4017 1322 4076 καί
1333 4017 1377 4077 ἐπί
1386 4016 1487 4076 τούτου.
1501 4017 1570 4079 Ἀλλ’
1583 4021 1787 4099 οῦβσπτίζεται,

218 4130 408 4199 exposuerunt.
423 4115 482 4175 H0c
503 4113 572 4173 mihi
585 4134 682 4173 verum
695 4134 751 4173 esse
765 4112 889 4188 ridetur,
903 4113 967 4192 quia
1019 4108 1097 4168 ”ἀλλ’
1109 4109 1153 4169 ότε
1166 4109 1351 4192 ἀκριβέστερον
1364 4113 1434 4190 αὐτῷ
1442 4110 1565 4178 ἐξέθεντο.
1587 4115 1674 4173 Τοῦτο
1685 4115 1713 4174 δὲ
1723 4107 1789 4174 εἶναί

218 4208 349 4289 baptimi
363 4208 443 4267 illum
456 4206 606 4286 oportebat,
619 4205 748 4284 quoniam
761 4205 905 4265 duodecim
919 4207 967 4267 alii
983 4213 1003 4260 D
1021 4224 1067 4279 μοι
1078 4199 1173 4273 ἀληθές
1183 4199 1312 4282 φαίνεται,
1324 4201 1366 4259 ότι
1381 4201 1427 4260 καί
1439 4205 1617 4279 βαπτισθῆναι
1632 4205 1712 4264 αύτδν
1728 4207 1789 4267 ἔδει·

219 4298 562 4379 ιιὶίιὶίμειέεεισιιονειιιιιι,
571 4317 657 4375 neque
676 4316 707 4354 ea
719 4317 779 4375 que
792 4300 886 4359 iesum
907 4319 968 4378 spe·
1022 4292 1079 4351 ἐπεὶ
1092 4291 1137 4352 ‘oi
1154 4291 1254 4350 δώδεκα
1274 4297 1298 4352 oi
1312 4293 1388 4350 ἄλλοι
1401 4293 1473 4353 οὐδὲν
1485 4293 1580 4369 ᾔδεσαν
1596 4297 1721 4376 uptote,
1734 4301 1791 4359 οὐδὲ

219 4388 337 4450 cabant.
352 4387 509 4448 Verisimile
529 4402 569 4446 est
586 4401 677 4446 autem
698 4388 788 4468 ipsum
801 4389 968 4469 baptizatum
1021 4384 1057 4445 τά
1069 4384 1131 4464 περί
1145 4389 1191 4443 τοῦ
1209 4383 1306 4454 Ἰησοῦ.
1321 4383 1401 4450 Εἰκὸς
1417 4383 1445 4444 δέ
1457 4387 1534 4445 αὐτὸν
1544 4386 1589 4446 καλ
1604 4391 1791 4465 βαπτισθῆναι.

220 4482 311 4542 fuisse.
325 4477 746 4559 CaeterumsiJoannisdiscipuii
759 4493 968 4562 postaeeepturn
1023 4480 1100 4552 Πλὴν
1122 4479 1145 4537 εί
1164 4477 1210 4536 καλ
1228 4478 1301 4536 αὐεολ
1322 4480 1347 4538 οἱ
1366 4478 1491 4538 Ἰωάννου
1513 4480 1580 4558 μετά
1601 4483 1632 4542 τδ
1653 4482 1793 4562 βάπτισμα

219 4573 355 4656 baptisma
363 4570 452 4631 denuo
460 4569 676 4650 baptizabantur,
687 4571 827 4650 oportebat
835 4573 916 4633 etium
925 4574 968 4634 di·
1022 4573 1103 4632 πάλιν
1126 4569 1313 4642 ἐβαπτίζοντο,
1342 4569 1395 4629 ἔδει
1421 4571 1466 4630 καί
1493 4571 1552 4640 τοῦς
1574 4575 1695 4652 μαθητάς
1719 4583 1795 4637 τοῦτο

221 4663 557 4749 scipuloshociacere.9'i.
572 4663 647 4721 Cum
658 4663 859 4724 uelletautem
872 4679 967 4728 trans·
1022 4667 1142 4736 ποιῆσαι.
1180 4661 1346 4740 Βουλομένου
1379 4662 1406 4722 δὲ
1436 4666 1515 4723 αὐτοῦ
1547 4668 1656 4726 διελθεῖν
1683 4673 1720 4736 εἰς
1746 4671 1794 4742 τῆν

221 4765 265 4820 irc
277 4765 310 4819 ἰιι
322 4758 491 4827 Achaiam,
506 4756 656 4813 exhortati
660 4756 778 4837 fratres
791 4763 967 4837 scripserunt
1022 4755 1150 4838 Ἀχαίαν,
1164 4753 1374 4837 προτρεψάμενοι
1394 4759 1418 4815 oi
1432 4757 1538 4837 ἀδελρυλ
1549 4757 1667 4841 ἔγραψαν
1678 4771 1732 4830 τοῖς
1744 4788 1795 4840 μα-

222 4853 575 4935 discipulisutreciperent
584 4847 681 4909 illum.
692 4850 822 4927 Quicum
830 4857 968 4929 uenisset,
1023 4853 1114 4922 θηταῖς
1127 4846 1303 4914 ἀποδέξασθαι
1316 4846 1403 4905 αὐτόν.
1429 4846 1481 4914 Ὃς
1495 4851 1708 4928 παραγενόμενος
1722 4876 1794 4912 συνε-

222 4946 347 5006 corttulit
361 4943 487 5002 multum
498 4944 553 5017 iis,
569 4943 621 5019 qui
634 4941 819 5000 crediderant
830 4964 884 5020 per
894 4964 967 5023 gra·
1024 4944 1122 5003 όάλιτσ
1136 4940 1204 5003 πολὺ
1216 4950 1271 5009 τοῖς
1283 4942 1472 5002 πεπιστευκόσι
1487 4944 1531 5003 διά
1547 4949 1594 5018 τῆς
1606 4947 1725 5028 χάριτος.
1747 4952 1797 5009 Εὐ·

255 5118 266 5142 ·
285 5099 351 5152 Alius
363 5107 432 5166 λόγιοι
443 5105 519 5152 λοιπόν
531 5105 659 5164 ἠπείγοντο.
1036 5098 1144 5152 lectione
1160 5100 1186 5149 iu
1197 5099 1308 5165 margine
1321 5100 1425 5165 posita]

256 5183 270 5218 b
289 5181 445 5245 θαυῃραρεύς
458 5174 529 5226 deest
544 5176 569 5228 iu
581 5172 741 5241 quibusdam.
1070 5179 1083 5218 d
1102 5174 1212 5244 [Itnne?
1232 5174 1366 5227 duodecim
1386 5194 1440 5243 qure
1462 5178 1547 5229 iesum
1568 5182 1719 5245 spectabant
1737 5187 1800 5238 nihii

257 5278 268 5299 ·
285 5258 330 5324 [σθ
348 5259 386 5310 οὖν
403 5260 560 5326 άκμιίέετιρον
571 5260 669 5317 itidem
680 5254 709 5308 C.
722 5255 763 5316 B-,
787 5253 827 5308 hic
841 5273 898 5308 cum
910 5255 989 5312 altera
1038 5269 1161 5314 not'erunt
1170 5254 1182 5309 ?
1192 5258 1248 5311 Imo
1259 5264 1279 5310 οἱ
1288 5256 1333 5323 αρ’,
1347 5254 1363 5306 ἱ.
1376 5273 1396 5311 e.
1409 5264 1428 5311 ci
1441 5261 1624 5328 interbibere]
