3742 5970
234 455 298 526 152
579 479 609 524 S.
636 477 777 524 ioannis
803 478 989 525 ctttttsosr.
1018 480 1173 527 incutite.
1200 480 1470 544 consummor.

227 614 387 684 repetamus.
411 602 486 659 Cum
503 612 576 659 esset
593 601 698 678 plenus
718 600 827 678 Spiritu
851 612 969 670 saneto,
1028 600 1117 678 ἁγίου,
1133 601 1253 669 ἀτενίσας
1266 607 1303 670 εἰς
1314 604 1358 662 τὸν
1373 605 1494 682 οὐρανὸν,
1505 595 1558 663 είδε
1569 604 1644 674 δόξαν
1658 608 1730 664 Θεοῦ
1741 651 1748 678 ,
1759 605 1806 665 καὶ

229 696 383 753 intendens
414 698 446 751 in
480 693 607 766 calum,
643 693 721 751 uidit
747 692 874 772 gloriam
896 693 969 762 Dei,
1028 695 1133 765 Ἰησοῦν
1148 698 1251 754 ἑστῶτα
1268 698 1298 755 ἐκ
1318 693 1407 763 δεξιῶν
1422 702 1467 755 τοῦ
1481 699 1565 770 θεοῦ,
1585 696 1631 754 καλ
1646 687 1733 756 εἶπεν·
1749 695 1805 755 ὶδοθ

229 801 259 846 et
284 789 386 846 lesum
405 798 534 845 stantem
559 805 579 843 a
602 786 714 843 dextris
738 786 815 857 Dei,
848 797 877 842 et
904 788 971 842 ait:
1030 791 1119 867 θεωρῶ
1142 785 1201 855 τοθς
1221 786 1343 869 οὐρανούς
1356 787 1543 869 ἀνεῳγμένους.
1560 789 1614 849 Καὶ
1629 788 1755 869 συνέσχον
1771 787 1805 849 ad

229 884 308 940 Eece
330 880 417 938 uideo
436 879 524 937 calos
553 890 675 958 apertos.
703 879 745 937 Et
767 881 972 936 continuerunt
982 922 1019 962 χ,
1029 866 1086 935 ὦτα
1100 882 1195 953 αὐτῶν,
1209 880 1254 938 καί
1267 878 1396 961 ὥρμησαν
1405 881 1571 958 ὁμοθυμαδὸν
1582 883 1624 941 ἐπ’
1637 879 1725 939 αὐτόν.
1737 880 1805 940 Καί-

229 991 314 1032 aures
346 991 415 1031 suas
432 982 500 1046 ,at
526 973 665 1051 impetum
687 972 828 1050 fecerunt
862 972 972 1028 unani·
993 977 1238 1032 avocamentum
1261 973 1420 1057 κατηγορίας
1434 974 1594 1045 άξια;·Ἁλλ’
1610 973 1682 1051 ὅμως
1695 973 1739 1031 τὸν
1754 997 1805 1044 ση-

228 1071 314 1124 miter
347 1068 379 1123 in
410 1085 484 1124 eum.
518 1063 600 1142 Atqui
630 1062 765 1143 quomodo
796 1063 854 1121 baec
888 1083 972 1121 accu-
1030 1071 1093 1140 μεῖα
1104 1069 1214 1124 τοιαῦτα
1226 1069 1265 1145 τῷ
1277 1064 1348 1147 λόγῳ
1363 1068 1551 1147 ἐργασάμενον,
1564 1067 1607 1128 τδν
1618 1067 1725 1127 πάντων
1739 1089 1805 1146 κρα-

227 1157 328 1217 satione
340 1156 423 1236 digna
434 1157 533 1216 erant?
547 1161 672 1215 Attamen
686 1177 770 1234 eum,
795 1155 840 1235 qui
853 1154 918 1215 talia
931 1155 973 1214 si-
1029 1160 1123 1214 τοῦντα
1143 1159 1181 1235 τῷ
1201 1155 1287 1237 λόγῳ,
1313 1159 1358 1218 τδν
1383 1164 1493 1219 τοιαῦτα
1512 1157 1732 1238 ’διαλεγόμενοη
1755 1161 1804 1218 λα-

229 1270 282 1328 gna
302 1262 431 1331 patrarat,
443 1249 489 1329 qui
506 1270 598 1309 outnes
611 1250 695 1308 verbo
716 1248 835 1322 uicerat,
848 1249 896 1327 qui
908 1248 974 1307 talia
1030 1245 1119 1316 όόντες
1136 1247 1227 1329 ὥσπερ
1253 1250 1405 1323 έύούλοντο,
1431 1250 1499 1310 οὕτω
1521 1251 1565 1310 τδν
1587 1251 1668 1328 θυμδν
1682 1250 1728 1310 τδν
1743 1254 1806 1310 έαυ·

229 1342 357 1420 loquutus
368 1355 436 1413 erat,
451 1340 584 1423 rapientes
595 1362 644 1425 pro
657 1339 745 1399 lubito
761 1341 879 1399 furorem
893 1360 973 1400 suum
1029 1345 1081 1399 τῶν
1095 1340 1234 1422 ἐπλήρουν.
1248 1344 1284 1402 ot
1303 1340 1330 1402 δέ
1350 1341 1479 1424 μάρτυρες
1501 1342 1627 1402 ἀπέθεντο
1649 1341 1684 1401 τὰ
1710 1341 1806 1420 ίμάτια

229 1434 419 1514 impleverunt.
445 1437 542 1494 Testes
558 1446 656 1492 autem
669 1435 865 1512 deposuerunt
883 1437 973 1492 uesti-

230 1540 330 1586 menta
339 1547 421 1586 secus
428 1529 517 1606 pedes
528 1527 731 1596 adolescentis,
746 1529 797 1604 qui
810 1528 975 1583 vocabatur

230 1620 347 1680 Saulus.
365 1617 448 1698 Vide,
464 1640 548 1698 quam
564 1631 688 1677 accurate
700 1638 761 1695 quae
777 1617 894 1677 Paulum
914 1638 973 1698 spe·

230 1726 304 1772 etant
323 1724 466 1788 recenseat,
483 1726 513 1771 ut
527 1709 649 1771 ostendat
663 1710 714 1769 tibi
728 1730 795 1790 opus
811 1709 863 1768 Dei
874 1709 901 1768 in
915 1709 974 1789 ipso

228 1818 320 1885 postea
335 1817 483 1884 peractum.
493 1802 604 1863 lnterim
613 1823 678 1862 vero
689 1801 736 1860 ille
752 1821 806 1860 non
822 1800 903 1859 modo
920 1821 974 1860 non

161 1938 163 1943 ·
229 1897 327 1972 credit,
354 1896 403 1956 sed
422 1897 504 1956 etiam
527 1895 602 1972 mille
624 1892 823 1952 homicidarum
848 1892 973 1951 manibus

228 1991 319 2072 ipsum
329 1990 436 2071 impetit
452 2013 459 2047 e
475 1989 536 2049 ideo
548 1986 618 2047 illud
628 1985 749 2046 indicans
761 1985 827 2045 dicit
844 2009 850 2041 :
866 1987 972 2046 Saulus

1030 1434 1114 1491 αὐτῶν
1125 1432 1200 1511 παρδι
1221 1432 1280 1502 τοθς
1297 1434 1379 1502 πόδας
1399 1433 1500 1494 νεανίου
1514 1433 1677 1512 καλουμένου
1690 1433 1805 1493 Σαύλου.

1029 1520 1117 1603 Ὅρα,
1129 1527 1186 1591 πῶς
1199 1526 1315 1606 tapeta<
1332 1524 1366 1584 τθ
1387 1526 1448 1606 περὶ
1468 1532 1514 1586 τοῦ
1527 1524 1637 1586 Παύλου
1655 1524 1805 1604 διηγεῖται,

1029 1616 1073 1676 ίνα
1084 1640 1124 1677 σοι
1140 1616 1210 1697 δείξῃ
1224 1619 1255 1677 τδ
1268 1622 1310 1679 ἐπ’
1325 1619 1397 1700 αὐτῷ
1410 1617 1484 1699 ἔργον
1498 1620 1568 1678 Θεοῦ
1583 1617 1722 1697 γενόμενον
1736 1617 1806 1695 μετά

1029 1716 1123 1769 ταῦτα.
1135 1709 1210 1778 Τέως
1231 1710 1258 1771 δέ
1280 1714 1310 1771 οὗ
1324 1710 1402 1788 μόνον
1417 1713 1514 1779 ἐκεῖνος
1530 1713 1559 1769 cit
1578 1709 1714 1783 πιστεύει,
1734 1709 1805 1770 άλλθ

1029 1798 1074 1858 καί
1088 1800 1194 1881 μυρίαις
1213 1800 1290 1860 αὐτὸν
1304 1799 1381 1881 χερσλ
1405 1800 1496 1879 βάλλει
1508 1805 1562 1860 τῶν
1575 1798 1690 1880 φονέων·
1705 1799 1806 1860 διὸκαὶ
1846 1805 1850 1811 ’

1029 1897 1105 1952 τοῦτο
1114 1894 1201 1964 δηλῶν
1214 1892 1302 1971 λέγει·
1317 1895 1419 1962 Σαῦλος
1429 1894 1457 1953 δέ
1470 1885 1502 1967 ἦν
1514 1894 1677 1953 συνευδοκῶν
1688 1898 1721 1972 τῇ
1733 1896 1806 1953 ἀναι-

1031 1985 1100 2066 ρέσει
1115 1987 1203 2045 αὐτοῦ.
1215 1988 1278 2066 Οὐχ
1292 1987 1382 2053 ἁπλῶς
1393 1986 1420 2046 δέ
1432 1985 1538 2066 εὔχεται
1548 1992 1562 2045 θ
1574 1984 1704 2067 μακάριος
1717 1976 1803 2056 οὗτος,

229 2096 327 2142 autem
347 2095 412 2142 erat
436 2084 620 2141 comeutiens
635 2082 701 2138 neci
712 2082 783 2160 ejus.
798 2079 858 2137 Non
870 2077 972 2159 simpli·
993 2096 1010 2141 u
1029 2080 1097 2140 ἀλλά
1120 2080 1188 2158 μετδι
1211 2087 1353 2163 προσοχῆς.
1376 2081 1440 2150 Θαίς
1461 2081 1526 2160 γὰρ,
1541 2080 1618 2161 φησί,
1638 2079 1673 2139 τὰ
1694 2080 1804 2159 γόνατα.

227 2175 295 2235 citer
304 2189 410 2236 sanctus
420 2174 466 2234 hic
474 2186 609 2256 precatur,
620 2170 668 2231 sed
679 2169 902 2231 cumattentione.
914 2173 972 2230 Po·
1028 2173 1111 2234 Ὅθεν
1125 2179 1192 2240 θεῖος
1209 2174 1343 2235 αὐτοῦκαὶ
1364 2177 1379 2232 θ
1398 2172 1509 2240 θάνατος
1526 2171 1629 2251 γέγονε·
1648 2171 1731 2254 μέχρι
1753 2173 1805 2256 γὰρ

227 2272 303 2342 sitis,
324 2268 423 2349 inquit,
443 2271 573 2350 genilius.
594 2265 676 2324 Unde
693 2285 766 2323 mors
788 2264 863 2323 illius
878 2263 973 2324 divina
1027 2265 1119 2326 τούτου
1139 2263 1326 2346 σογκεχύρητο
1347 2272 1405 2331 ταῖς
1425 2266 1525 2345 ψυχαῖς
1546 2268 1572 2324 ἐν
1594 2267 1633 2344 τῷ
1654 2262 1705 2344 ᾅδῃ
1722 2256 1801 2325 εἶναι.

227 2361 297 2420 iacta
309 2375 349 2421 est
365 2382 449 2420 :nam
461 2358 590 2419 hactenus
605 2355 747 2416 animabus
764 2354 971 2432 concedebatur,

227 2466 259 2511 ut
270 2453 298 2512 in
311 2453 414 2512 inferno
423 2463 518 2510 essent.
536 2451 642 2510 Omnes
657 2459 755 2506 autem
771 2448 893 2525 dispersi
903 2459 972 2506 sunt

224 2566 277 2626 per
289 2549 420 2626 regiones
433 2544 546 2603 tudae
559 2554 587 2600 et
598 2541 749 2600 Samaria.
772 2539 881 2620 Absque
898 2552 971 2598 metu

76 2646 159 2694 staret.
177 2659 213 2694 ιο.
226 2658 289 2695 cum
309 2636 431 2698 Samaria
445 2656 473 2694 sc
485 2632 668 2703 commiscent,
686 2630 733 2709 qui
757 2629 919 2691 audierant:
933 2635 972 2691 In

226 2734 310 2789 uiam
327 2731 459 2812 gentium
475 2748 512 2785 ne
526 2727 667 2784 abieritis.
680 2725 795 2782 Proeter
810 2725 969 2803 apostolos,

224 2823 312 2902 inquit
323 2847 332 2901 γ
348 2821 489 2882 ostendens
498 2817 570 2896 illos,
583 2830 614 2876 ut
622 2816 662 2877 sic
673 2818 690 2878 J
693 2814 783 2876 udaeos
793 2816 969 2897 adducerent,

156 2923 178 2942 ·
223 2916 361 2975 civitatem
380 2936 432 2974 non
449 2913 607 2991 reliquisse;
624 2911 682 2970 sive
700 2906 793 2985 etiarn,
810 2923 841 2967 ut
860 2910 922 2970 aliis
936 2911 970 2970 fi-

223 3008 310 3068 duciae
323 3021 443 3066 auctores
455 3018 550 3066 essent.
565 3005 593 3064 5.
602 3003 710 3062 Saulus
719 3015 818 3061 autem
832 3004 969 3063 devasta-

224 3103 276 3159 bat
289 3100 465 3171 Ecclesiam,
481 3117 536 3178 per
550 3096 650 3153 domm
665 3097 793 3170 intrans,
808 3096 970 3155 eieramus

1028 2358 1132 2426 Πάντες
1143 2356 1170 2417 δέ
1184 2358 1363 2437 διεσπάρησαν
1375 2356 1446 2416 κατθ
1455 2355 1503 2423 τθς
1512 2355 1602 2437 χώρας
1613 2359 1662 2428 τῆς
1672 2355 1804 2425 Ἰουδαίας

1028 2449 1241 2530 καίΣαμαρείας.
1257 2451 1349 2516 ’noem
1359 2448 1583 2529 έπεμίγνυνταιτῇ
1596 2448 1739 2530 Σαμαρείᾳ
1750 2451 1804 2509 λοι-

1027 2543 1093 2617 πθν,
1116 2545 1140 2602 οἱ
1165 2541 1336 2610 ἀκούσαντες·
1360 2544 1407 2608 El<
1421 2540 1480 2600 θδθν
1502 2543 1581 2601 ἐθνῶν
1600 2540 1637 2618 μὴ
1660 2542 1802 2616 ἀπέλθητε.

1028 2635 1105 2707 Πλὴν
1119 2633 1147 2695 δέ
1158 2639 1209 2694 τῶν
1221 2633 1595 2714 θποστολοιν,λέγει,δεικνθς,
1606 2633 1647 2693 ότι
1658 2633 1801 2714 καὶταύτῃ

1026 2724 1240 2808 προσαγαγέσθαι
1255 2725 1407 2805 βουλόμενοι
1427 2724 1487 2793 τοθς
1502 2725 1644 2794 Ἰουδαίους
1657 2725 1707 2799 πλν
1723 2727 1802 2787 πόλιν

1026 2819 1074 2877 οθκ
1090 2816 1231 2890 ἀπέλιπον,
1243 2816 1260 2888 ἢ
1271 2817 1316 2876 καί
1330 2818 1428 2897 ἑτέροις
1443 2817 1563 2895 γενέσθαι
1585 2817 1696 2898 θάρσους
1709 2817 1801 2880 αίτιοι.

1026 2911 1128 2978 Σαῦλος
1148 2908 1176 2970 δέ
1195 2909 1350 2988 ἐλυμαίνετο
1363 2908 1410 2982 τὴν
1424 2907 1586 2981 Ἐκκλησίαν
1600 2907 1671 2968 κατὰ
1683 2909 1745 2979 robe
1763 2912 1801 2972 ol·

1024 3025 1086 3072 κους
1097 3001 1322 3082 εἰσπορευόμενος,
1333 3001 1417 3084 σύρυνν
1426 3024 1454 3060 τε
1468 3001 1564 3084 ἄνδρας
1574 3025 1603 3061 τε
1613 3004 1660 3062 καὶ
1672 3013 1801 3082 γυναῖκας

1024 3093 1165 3178 παρεδίδου
1176 3096 1213 3161 είς
1226 3092 1354 3175 φυλακήν.
1369 3092 1461 3165 Πολλὴ
1476 3099 1493 3165 ἡ
1510 3093 1604 3171 μανία,
1618 3094 1649 3154 τδ
1661 3094 1707 3154 καί
1722 3096 1801 3174 μόνον

223 3196 306 3252 uiros
317 3204 346 3251 et
356 3192 502 3262 mulieres,
525 3188 661 3248 madebat
670 3189 702 3243 in
714 3185 886 3245 custodiam.
906 3187 968 3248 Ma·
987 3195 1005 3242 C
1025 3184 1102 3245 αὐτὸν
1113 3177 1196 3259 εἶναι,
1208 3185 1239 3244 τδ
1256 3186 1301 3244 καί
1316 3188 1352 3252 εἰς
1365 3183 1425 3254 τοθς
1437 3184 1524 3254 οἴκους
1536 3186 1658 3245 εἰσιέναι·
1671 3187 1741 3248 οθαιο
1749 3189 1801 3261 πλν

222 3305 290 3364 gnus
303 3286 390 3362 furor,
404 3297 430 3344 et
441 3281 513 3363 quod
527 3280 600 3340 sulus
613 3291 690 3354 esset,
705 3292 731 3337 et
745 3276 818 3356 quod
832 3277 860 3336 in
873 3276 969 3339 domos
1023 3277 1111 3360 ψυχὴν
1123 3281 1201 3338 αὐτοῦ
1222 3278 1318 3338 ἔδωκεν
1332 3277 1398 3359 ῦπέρ
1413 3285 1458 3339 τοῦ
1478 3278 1568 3357 νόμου.
1583 3280 1687 3360 Σύροιν,
1701 3282 1798 3364 ρησίν,

223 3376 348 3436 intraret:
361 3375 399 3434 ita
412 3375 530 3434 animam
550 3392 629 3431 suam
644 3369 767 3450 prolege
782 3367 875 3430 dabat.
896 3372 968 3430 Tra·
1023 3370 1119 3451 ἄνδρας
1130 3369 1176 3430 καί
1185 3380 1319 3450 γυναῖκας.
1328 3370 1400 3451 Ὅρα
1410 3371 1455 3429 καί
1466 3370 1514 3444 τὴν
1521 3372 1683 3452 παρρησίαν,
1693 3376 1741 3436 καί
1751 3374 1800 3449 τὴν

223 3471 305 3541 bens,
320 3467 420 3552 inquit,
432 3472 514 3527 uiros
529 3478 557 3525 et
570 3462 714 3522 mulieres.
726 3460 799 3521 Vide
817 3460 966 3540 licentiam,
1022 3461 1107 3545 ῦάριν,
1115 3462 1161 3522 καλ
1172 3461 1220 3535 ι-λν
1229 3462 1334 3542 μανίαν.
1344 3461 1414 3529 Τοὺς
1425 3464 1604 3541 ἐμπίπτοντας
1615 3464 1737 3535 ἅπαντας
1749 3492 1800 3547 μυ-

222 3563 411 3624 contumeliam
432 3576 458 3622 et
480 3558 621 3620 insaniam.
644 3558 755 3633 Omnes,
771 3555 860 3634 quiin
874 3578 969 3617 manus

122 3710 125 3715 .
222 3679 285 3717 suas
298 3656 463 3733 incidebant,
475 3652 550 3712 mille
567 3648 702 3709 afficiebat
721 3646 812 3724 malis,
828 3661 921 3730 utpote
933 3650 969 3709 ab

222 3752 274 3812 hac
289 3772 353 3811 nece
370 3748 498 3809 audacior
514 3746 610 3804 iactus.
624 3745 654 3802 l.
670 3744 766 3822 Igitur
780 3745 834 3821 qui
847 3743 972 3821 dispersi

224 3857 328 3921 erant,
358 3831 542 3911 transibant,
573 3833 810 3915 evangelizantes
836 3837 969 3895 verbum.

224 3943 253 4001 5.
271 3938 426 4018 Philippus
448 3947 546 3994 autem
569 3927 744 3988 descendens
767 3929 800 3983 in
821 3929 970 3986 civitatem

223 4033 375 4104 Samaria,
387 4028 568 4109 praedicabat
582 4021 643 4079 illis
657 4019 815 4078 Christum.
825 4019 853 4078 6.
868 4021 970 4078 Inten-

1025 3554 1088 3636 ρίοις
1116 3555 1220 3614 διετίθει
1240 3564 1346 3626 κακοῖς,
1366 3555 1410 3614 dra
1434 3556 1487 3615 ἀπὸ
1506 3559 1554 3628 τῆς
1574 3562 1678 3639 σφαγῆς
1701 3560 1800 3636 ταύτης

1025 3645 1180 3727 θρασύτερος
1191 3646 1312 3729 γεγονώς.
1322 3650 1358 3707 Oi
1367 3645 1413 3724 μέν
1424 3639 1468 3706 σύν
1480 3648 1681 3730 διασπαρέντες,
1692 3653 1800 3725 διῆλθον

1025 3738 1251 3818 εὐαγγελιζόμενοι
1263 3739 1307 3798 τδν
1321 3737 1408 3819 λόγον.
1419 3739 1556 3809 Φίλιππος
1571 3738 1599 3800 δέ
1612 3742 1750 3804 κατελθὼν
1764 3749 1800 3814 εἰς

1025 3829 1101 3889 πόλιν
1117 3832 1165 3899 τῆς
1180 3829 1349 3910 Σαμαρείας,
1362 3831 1504 3910 ἐκήρυσσεν
1515 3834 1602 3900 αὐτοῖς
1615 3834 1660 3893 τδν
1673 3837 1799 3917 Χριστόν.

1026 3921 1172 4002 Προσεῖχόν
1184 3944 1214 3980 τε
1224 3924 1248 3980 οἱ
1262 3922 1337 4001 ὄχλοι
1347 3932 1400 3988 τοῖς
1411 3922 1560 4003 λεγομένοις
1570 3926 1621 3985 θπδ
1633 3933 1680 3986 τοῦ
1696 3930 1801 3991 Φιλίπ-

1025 4039 1075 4074 που
1093 4014 1268 4092 θμοθυμαδδν,
1300 4018 1326 4074 έν
1340 4018 1378 4095 τῷ
1394 4015 1497 4074 ἀκούειν
1511 4016 1604 4085 αὖτοθς
1623 4019 1671 4077 καί
1690 4022 1799 4100 βλέπειν

224 4128 333 4184 ciebant
356 4135 454 4182 autem
476 4119 567 4176 turba
587 4113 767 4172 unanimiter
791 4113 838 4180 iis,
866 4130 931 4190 qua
950 4132 969 4169 a
988 4124 1006 4169 1)
1023 4106 1058 4166 τθ
1069 4112 1185 4183 σημεῖα,
1201 4104 1218 4163 θ
1232 4105 1323 4165 ἐποίει.
1334 4108 1444 4165 Πολλῶν
1460 4106 1512 4187 γδιρ
1528 4109 1639 4188 ἐχόντων
1657 4112 1801 4189 πνεύματα

226 4218 364 4296 Phiiippo
382 4215 565 4278 dicebantur,
583 4205 734 4264 audientes
744 4213 771 4258 et
786 4201 921 4261 ‘uidentes
930 4207 969 4261 si·
1025 4198 1177 4278 ἀκάθαρτα,
1191 4199 1294 4275 βοῶντα
1308 4200 1381 4277 ρωνῇ
1393 4198 1495 4278 μεγάλῃ
1511 4198 1650 4281 ἐξήρχετο·
1664 4205 1760 4264 πολλοὶ
1772 4205 1800 4267 δέ

223 4331 294 4392 gna,
318 4328 382 4387 quoe
397 4303 537 4383 faciebat.
552 4299 580 4356 Ἰ.
596 4295 628 4354 A
644 4294 743 4352 mttltis
760 4296 837 4350 enim
856 4313 967 4370 eorum,
1024 4288 1069 4348 καί
1077 4287 1288 4367 παραλελυμένοι
1298 4290 1343 4347 καί
1353 4288 1436 4369 χωλολ
1447 4292 1667 4370 ἐθεραπεύθησαν.
1676 4295 1733 4357 Καὶ
1742 4297 1800 4378 ἐγί.

224 4405 276 4485 qui
298 4401 446 4460 habebant
469 4394 587 4473 spiritus
610 4385 786 4455 immundos,
807 4384 969 4444 clamantes
1023 4407 1082 4443 νετο
1092 4382 1163 4462 χαρδι
1172 4381 1273 4460 μεγάλη
1289 4384 1358 4463 ἐντῇ
1372 4379 1448 4442 πολει
1459 4383 1554 4465 ἐκείνῃ.
1564 4384 1642 4468 Ἀνλρ
1655 4388 1685 4448 δέ
1692 4413 1735 4459 τις
1743 4390 1799 4452 ivd

224 4488 544 4572 vocemagnaeribant
557 4505 565 4537 .·
579 4478 609 4538 8.
628 4477 715 4535 multi
731 4479 821 4533 etiam
843 4476 969 4554 paraly-
1025 4498 1090 4552 ματι
1113 4474 1204 4552 Σίμων
1218 4478 1388 4554 προϋπῆρχεν
1403 4477 1429 4533 έν
1442 4479 1476 4554 τῇ
1489 4477 1580 4552 πολεῖ,
1599 4478 1737 4559 μαγεύων,
1754 4484 1800 4544 καὶ

224 4593 275 4647 tici
295 4599 322 4645 et
345 4581 445 4643 electili
463 4577 559 4637 curati
580 4582 659 4630 suut.
675 4569 705 4628 9.
724 4569 909 4646 Factumque
927 4581 971 4627 est
1024 4565 1130 4634 ἔξιστῶν
1151 4566 1182 4624 τδ
1201 4563 1272 4631 ἔθνος
1293 4570 1340 4636 τῆς
1360 4569 1529 4647 Σαμαρείας,
1547 4571 1632 4650 λέγων
1652 4565 1721 4635 εἶτα(
1739 4601 1799 4636 τινα

220 4682 363 4762 gratidium
386 4689 527 4752 inagnum
545 4670 577 4724 iu
597 4663 653 4722 illa
669 4664 797 4720 civitate.
813 4661 864 4716 Vir
872 4672 969 4720 autem
1024 4656 1115 4716 ἑαυτδν
1130 4645 1269 4737 μέγαν·ᾧ
1289 4667 1430 4739 προσεῖχον
1443 4660 1539 4729 πάντες
1556 4664 1609 4723 ἀπὸ
1630 4675 1729 4747 μικροῦ
1751 4669 1800 4738 ἕως

223 4770 345 4852 quidam
360 4767 477 4827 nomine
495 4760 606 4826 Simon,
620 4757 671 4833 qui
683 4765 753 4810 ante
770 4755 880 4816 eratin
897 4755 969 4809 civi·
1023 4750 1160 4829 μεγάλου,
1173 4747 1308 4828 λέγοντες·
1323 4741 1396 4817 οὗτός
1406 4753 1476 4811 ἐστιν
1488 4757 1505 4825 ἡ
1518 4753 1628 4834 δύναμις
1638 4761 1685 4817 τοῦ
1697 4762 1798 4834 Θεοῦὴ

223 4878 283 4923 tate
310 4879 422 4941 magus,
449 4853 587 4914 seducens
608 4857 722 4927 gentem
745 4842 897 4912 Samaria,
918 4844 967 4900 di-
1023 4840 1204 4923 μεγάλη.Ὶδε
1220 4865 1264 4918 μοι
1275 4843 1319 4902 καί
1331 4842 1419 4923 ἕτερον
1429 4848 1577 4928 πειρασμὸν
1590 4850 1690 4912 τδντοῦ
1705 4852 1798 4933 Σίμω-

223 4977 290 5016 cens
306 4975 336 5013 se
348 4971 409 5011 esse
422 4948 552 5026 aliquem
566 4936 779 5018 maguum-10.
789 4934 965 4995 cuiauscul-
1019 4958 1070 5002 νος.
1084 4935 1231 5012 Προσεῖχον
1246 4932 1273 4992 δέ
1287 4937 1374 5014 αὐτῷ,
1389 4936 1467 5014 φησί,
1478 4942 1503 4996 οἱ
1510 4938 1586 5018 ὄχλοι
1596 4983 1604 5012 ,
1615 4942 1658 5001 διδ
1672 4940 1703 4999 τδ
1714 4947 1798 5025 ἱκανῷ

197 5106 202 5121 ,
224 5052 326 5107 tabant
340 5063 438 5103 omnes
454 5061 473 5098 a
487 5040 607 5096 minimo
622 5049 713 5108 usque
730 5027 961 5097 od‘maximum,
1018 5023 1105 5105 χρόνῳ
1130 5032 1186 5090 ταῖς
1212 5024 1334 5102 μαγείαις
1357 5026 1525 5098 ἐξεστακέναι
1551 5032 1653 5101 αὐτούς.
1673 5031 1744 5095 Ὅτε
1770 5034 1798 5094 δέ

256 5261 265 5285 a
280 5242 350 5293 Mem
366 5246 534 5302 ἧηὶερεμςιςι,
549 5241 623 5299 ὥσπερ
644 5235 767 5295 efflagites,
781 5232 835 5291 ὅπερ
857 5228 982 5281 emiliam,
996 5227 1053 5274 ούτω
1068 5227 1105 5273 τὸν
1119 5229 1196 5285 θυμόν.
