3728 5978
115 446 161 520 90
459 446 488 493 S.
516 446 658 494 toenitis
683 447 868 494 crintsost.
898 448 1055 495 Hellllil’.
1082 447 1357 496 constantinop·

111 569 283 651 juramentis,
319 568 445 628 omittens
467 568 600 628 forensia?
627 569 689 628 lllic
710 569 781 629 nihil
802 570 856 629 tale
910 572 1007 637 εἰπεῖν·
1028 570 1096 653 ὑπὲρ
1117 571 1168 652 γὰρ
1191 571 1255 632 δίκα
1279 572 1379 633 θὸολῶν
1399 570 1474 650 όρκοι
1500 569 1617 649 γίνονται
1638 569 1682 628 καί

115 663 205 724 dicere
229 675 305 743 potes
321 685 328 718 ε
343 682 405 720 narn
412 682 461 742 pro
482 660 586 721 decem-
596 662 685 723 obolis
701 663 854 745 juramenta
873 680 892 728 n
910 661 1052 744 ἐπιορκίαι.
1065 661 1132 724 Ὅτι
1143 662 1195 744 γὰρ
1206 665 1323 737 σκηπτὸς
1336 659 1494 724 amentor
1508 660 1682 742 κατίρχεται,

115 755 186 815 fiunt
204 769 231 814 et
240 753 368 834 perjuria.
379 752 537 835 Quiaonim
555 753 656 814 tulmen
667 758 781 836 superne
803 775 855 814 non
909 753 951 814 ὅτι
962 753 1014 837 γὰρ
1024 756 1053 815 οὗ
1064 756 1152 816 πάντα
1168 755 1361 836 ἀνατρέπεται,
1375 753 1490 828 ίσιηκας
1503 753 1626 833 κατέχων
1639 753 1683 813 τὸν

114 846 241 924 mittitur,
253 845 376 925 quianon
390 844 481 904 omnia
489 846 693 924 subvertuntur,
705 847 856 906 stasDeum
911 844 989 905 Θεόν.
1001 845 1038 907 Τί
1058 846 1171 922 δήποτε,
1184 845 1246 907 Ἵνα
1259 845 1364 928 λάχανα
1374 845 1475 929 respa,
1489 844 1533 905 ίνα
1547 843 1684 924 ὑποδήμα-

113 939 289 1018 obstringens.
304 937 365 1009 Qua
379 935 415 996 de
435 938 536 996 causa?
549 940 587 998 Ut
600 938 683 1017 olera,
700 952 730 998 ut
754 939 856 999 calceos
911 962 960 1011 τα,
971 937 1039 1019 ὑπὲρ
1049 938 1138 1019 ὀλίγον
1150 939 1276 1023 ἀργορίαι
1286 943 1323 1005 είς
1335 937 1481 1020 μαρτυρίαν
1492 937 1570 996 αὐτὸν
1583 939 1683 997 καλῶν.

114 1029 241 1111 accipias,
248 1051 305 1111 ¹pro
318 1028 425 1089 modica
438 1029 553 1111 pecunia
564 1030 594 1090 in
607 1044 701 1090 testem
712 1030 792 1099 illum
805 1029 855 1090 ad·
912 1030 1015 1105 Μὴδὴ,
1023 1032 1115 1104 ἐπειδὴ
1127 1031 1165 1111 μὴ
1176 1031 1350 1112 κολαζόμεθα,
1359 1031 1510 1110 νομίσειμεν
1520 1028 1588 1110 μηδὲ
1598 1031 1684 1111 ἆμαρ-

101 1144 203 1183 uocas.
218 1123 268 1197 Ne,
284 1121 408 1201 quianon
426 1121 582 1202 plectimur,
594 1137 721 1204 putemus
734 1143 783 1183 nos
803 1143 857 1183 nou
911 1121 1013 1183 τείνειν·
1026 1130 1103 1184 τοῦτο
1113 1130 1162 1198 τῆς
1170 1122 1370 1205 φιλανθρωπίας
1378 1123 1490 1183 antron
1499 1125 1586 1196 Θεοῦ,
1595 1124 1626 1181 αθ
1637 1125 1685 1193 τῆς

113 1235 224 1294 peocare
238 1237 244 1270 ι
257 1212 309 1271 hoe
321 1211 422 1294 diunae
429 1211 621 1273 misericordiae
632 1227 682 1288 est,
693 1234 747 1273 non
760 1202 857 1273 nostiae
911 1214 1042 1296 ἡμετίρας
1056 1218 1160 1297 ἀρετῆς.
1175 1213 1295 1294 Ὄμοσον
1307 1216 1378 1276 κατθι
1390 1222 1437 1275 τοῦ
1451 1213 1546 1282 παιδδς
1556 1218 1603 1274 τῶ
1620 1219 1684 1288 σοῦ,

112 1305 233 1365 virtutis.
245 1307 311 1366 Jura
321 1325 370 1385 per
377 1324 490 1384 puerum
500 1317 586 1379 tuum;
594 1305 658 1384 jura
668 1326 717 1385 per
729 1304 855 1386 teipsum,
911 1305 1007 1384 ὄμοσον
1018 1306 1088 1367 κατθι
1103 1311 1214 1367 σαυτοῦ·
1227 1306 1299 1381 εἰπὲ,
1313 1306 1382 1366 odra>
1396 1303 1434 1385 μὴ
1448 1305 1543 1385 δήμιος
1558 1303 1683 1377 ἐπισταίη

113 1396 159 1456 dic
170 1421 176 1454 :
186 1397 233 1459 sie
243 1417 276 1456 ne
288 1396 366 1455 lictor
374 1395 463 1456 adstet
473 1395 605 1456 lateribus
615 1396 691 1457 meis.
700 1394 755 1457 Sed
768 1396 855 1456 times.
911 1408 968 1469 ταῖς
980 1401 1108 1516 πλευραῖς
1121 1408 1180 1469 ταῖς
1191 1403 1276 1479 ἐμαῖς.
1289 1397 1370 1460 'tut
1380 1399 1509 1466 δίδοικας.
1525 1399 1589 1458 Τῶν
1600 1401 1684 1458 πλει-

114 1488 256 1549 Lateribus
270 1509 334 1567 ergo
347 1487 403 1546 tuis
418 1487 499 1547 vilior
520 1502 560 1547 est
575 1491 658 1566 Deus,
672 1503 698 1549 et
711 1490 799 1572 capite
808 1505 856 1551 tuo
873 1521 892 1567 ρ
913 1494 963 1573 ρῶν
977 1513 1022 1551 που
1036 1515 1082 1551 ουν
1093 1491 1248 1572 ἀτιμότερος
1260 1495 1275 1551 ό
1289 1491 1375 1564 Θεόςς
1387 1493 1437 1563 ιῆτ
1448 1491 1567 1571 κεφαλῆς
1580 1512 1629 1549 σου
1640 1492 1683 1550 εὖ·

112 1580 263 1662 abjectior?
284 1579 394 1639 Dicito:
408 1579 454 1640 Sic
478 1583 709 1641 usercensem
731 1582 856 1642 Christus
910 1581 1076 1666 τελίοτερος,
1099 1583 1181 1659 Είπί,
1199 1583 1268 1645 οὕτω
1292 1584 1330 1663 μὴ
1356 1587 1482 1662 πηριοθῷ.
1504 1582 1576 1643 Ἀλλ’
1597 1586 1612 1642 ό
1633 1580 1682 1660 μίν

112 1677 150 1737 ita
161 1676 244 1737 nobis
254 1674 350 1756 percit,
363 1688 478 1735 neverat
490 1674 572 1734 otiam
589 1698 639 1758 per
652 1677 793 1758 proprium
806 1699 855 1737 ca-
912 1675 1026 1755 Χριστδς
1038 1674 1119 1743 οὕτως
1136 1679 1213 1754 ἡμῶν
1229 1675 1362 1757 φείδεται,
1375 1680 1412 1742 ὡς
1424 1672 1537 1735 cultro
1550 1673 1598 1735 καί
1612 1674 1682 1734 κατὰ

112 1782 162 1850 put
172 1769 285 1849 jurare:
301 1788 350 1841 nos
376 1788 441 1828 vero
468 1766 505 1825 ita
521 1788 574 1826 non
603 1767 741 1847 parcimus
764 1768 856 1850 gloriae
911 1772 958 1839 τῆς
971 1767 1069 1834 οἰκείας
1078 1766 1185 1846 θμνόειν
1193 1764 1452 1850 κεραλῆς·ἡρεῐςδί
1467 1764 1551 1833 οὕτως
1560 1765 1684 1846 ἀφειδοῦ-

112 1860 175 1935 Dei,
188 1873 219 1918 ut
231 1858 332 1938 ubique
344 1858 436 1939 ipsum
445 1857 592 1917 trahamus.
606 1858 728 1936 Nescitis,
743 1858 811 1939 quid
821 1860 856 1921 sit
912 1881 960 1936 μιν
970 1864 1017 1931 τῆς
1027 1857 1103 1932 δόξης
1109 1862 1348 1933 ἤςτῶθεοῦ,ὡς
1357 1856 1578 1938 πανταχοῦαθιδν
1586 1854 1681 1915 ἕλκειν.

17 1956 195 2032 umen-Deru,
209 1969 235 2015 et
248 1976 303 2039 qun
314 1973 362 2016 ore
377 1952 550 2013 advocandus
572 1954 616 2013 sit.
630 1953 685 2015 sat
698 1955 723 2015 si
747 1954 783 2016 de
795 1957 855 2018 viro
910 1953 970 2012 Οὐκ
979 1950 1036 2012 ίστε
1053 1951 1080 2010 τί
1097 1953 1154 2012 ἐστι
1168 1950 1249 2027 Θεὸς,
1261 1953 1307 2012 καί
1322 1952 1406 2019 ποίοις
1419 1951 1534 2028 στόμασι
1543 1951 1683 2009 καλεῖσθαι

1 2102 23 2130 m
34 2027 214 2132 „ifwvirtute
231 2046 304 2109 chin
324 2047 478 2125 loquamur,
494 2044 620 2123 dicimus,
635 2048 709 2108 Lava
723 2069 752 2108 os
762 2061 853 2129 tuum,
910 2044 1016 2124 ὀφείλει.
1032 2043 1102 2105 Ἀλλ’
1117 2043 1148 2104 δν
1164 2043 1212 2124 μίν
1223 2044 1285 2124 περί
1301 2067 1370 2112 τινος
1380 2043 1501 2123 λέγοιμεν
1516 2041 1611 2122 όνθρδς
1623 2043 1682 2101 ἕνα·

37 2138 43 2147 “
111 2139 186 2201 etsie
200 2160 380 2200 commemora
395 2163 402 2196 ε
419 2159 490 2198 nunc
502 2159 569 2199 vero
582 2139 731 2220 pretiosum
745 2161 853 2220 nomen,
911 2136 1002 2217 ρίτου,
1023 2135 1120 2218 φαμὲν,
1140 2136 1291 2198 ἀπόπλονον
1310 2137 1343 2198 τδ
1360 2136 1447 2215 στόμα
1464 2157 1528 2209 σον,
1549 2132 1597 2194 καὶ
1615 2133 1683 2195 οὗτοι

109 2233 182 2313 quod
192 2248 231 2294 est
240 2232 329 2314 super
338 2230 418 2292 omne
432 2253 537 2309 nomen,
552 2230 676 2292 mirabile
686 2232 715 2292 in
727 2234 853 2296 universa
910 2227 1056 2308 μνήσθητι·
1074 2228 1130 2290 νυνὶ
1150 2229 1178 2289 δὲ
1198 2229 1231 2290 τὸ
1250 2229 1340 2308 τίμιον
1360 2228 1460 2307 ὄνομα,
1482 2227 1515 2286 τὸ
1537 2223 1607 2307 {culp
1629 2235 1681 2285 πᾶν

107 2341 189 2402 terra,
201 2326 274 2406 qnod
286 2325 424 2385 audiuntne
443 2324 578 2385 demones
599 2324 802 2405 exhorrescunt,
814 2341 861 2403 ιο,Ι
907 2321 1007 2401 ὄνομα,
1028 2323 1059 2382 τὸ
1082 2322 1232 2400 θαυμαστὸν
1254 2325 1282 2384 ἕν
1305 2321 1379 2402 πόσῃ
1398 2325 1434 2399 τῇ
1454 2324 1505 2400 γῇ,
1524 2317 1540 2379 δ
1560 2317 1683 2398 δαίμονες

109 2418 438 2480 merecircnmtrahimus.
476 2420 482 2429 '
908 2413 1318 2496 θκοόοντες·φρίττουσιν,ἇπλῶς
1329 2412 1512 2496 περισόρομεν.

149 2516 178 2574 6.
194 2516 220 2573 Ο
237 2509 471 2573 consuetudinem!
487 2511 523 2571 ab
545 2512 592 2572 illa
612 2512 684 2572 onim
707 2513 852 2573 contemtui
945 2506 983 2567 Ὦ
997 2511 1045 2580 τῆς
1058 2508 1209 2582 συνηθείας·
1219 2508 1288 2569 οἀπὸ
1301 2507 1353 2588 γὰρ
1366 2505 1464 2579 ταότης
1476 2505 1584 2587 γέγονεν
1599 2508 1678 2566 eoae·

110 2619 157 2666 ese
179 2607 250 2666 sane
262 2605 285 2664 o
298 2604 326 2664 ιι
350 2604 433 2664 sacris
446 2603 551 2678 eunus
567 2605 649 2665 aiau
669 2607 852 2668 neminum
906 2599 1078 2680 ταφρόνητιι.
1093 2599 1197 2678 Ἀμέλει
1215 2607 1276 2679 γοῦν
1296 2602 1334 2668 εις
1353 2589 1424 2660 οἶκοι
1445 2597 1522 2679 aaa
1538 2597 1572 2657 οι
1588 2601 1680 2677 ποῇς

104 2696 216 2779 jurandi
224 2696 396 2778 imposueris,
408 2696 445 2755 ita
454 2697 602 2757 allectuses
611 2719 643 2757 ac
650 2697 673 2757 si
684 2697 852 2760 horrendum
870 2710 890 2756 tr
906 2716 958 2751 τινι
971 2691 1088 2773 ἀνάγκην
1102 2690 1212 2771 ὀμόσαι,
1228 2694 1264 2759 ὣς
1278 2693 1386 2775 φρικτὸν
1409 2691 1454 2752 τὸν
1467 2686 1550 2771 ὅρκον·
1566 2689 1680 2771 imni·

106 2790 202 2866 leceris
209 2790 402 2871 juramentum.
410 2787 493 2867 Atqui
503 2809 553 2847 cur
562 2802 619 2848 tarn
627 2788 796 2863 horrendum
810 2792 851 2851 vi·
909 2783 1075 2864 paronniaco
1094 2784 1241 2846 διοίκεισαι·
1264 2785 1351 2844 καίτοι
1373 2783 1452 2845 πόθεν
1475 2782 1547 2843 οὕτω
1570 2781 1680 2864 φρικτόν

107 2881 187 2942 detiu
196 2881 318 2958 osse,nisi
328 2881 392 2960 quia
402 2881 451 2940 illo
462 2881 574 2959 quidem
586 2882 666 2942 facile
679 2883 793 2963 utimur,
801 2883 853 2944 hoc
907 2869 1069 2950 εἶναιδοκεῖ,
1084 2879 1143 2938 ἀλλ’
1156 2875 1174 2949 ἢ
1186 2876 1227 2937 ότι
1238 2876 1330 2959 ἐκείνῳ
1348 2876 1396 2957 μὲν
1415 2877 1506 2944 ἁπλῶς
1525 2873 1680 2957 θποκιχριί·

107 2996 171 3036 νοιο
181 2974 315 3034 minime?
326 2993 414 3032 annon
424 2973 534 3033 horrere
544 2989 678 3055 oporteret
690 2997 752 3035 cum
766 2977 853 3037 uomi-
908 2976 991 3051 μιθα,
1005 2969 1090 3051 τούτῳ
1109 2969 1137 3032 δὲ
1157 2969 1234 3050 οὐχί,
1248 2975 1277 3030 οθ
1299 2971 1352 3055 γὰρ
1373 2969 1470 3053 φρίκην
1484 2969 1539 3030 ἔδει
1557 2966 1680 3048 γενέσθαι

0 3071 82 3135 d·39·
107 3078 188 3125 natur
197 3063 292 3126 Deus?
302 3067 338 3124 At
346 3065 420 3146 apud
429 3063 539 3125 Judaeos
553 3064 589 3122 ita
604 3067 786 3126 venerandum
795 3081 851 3127 orat
907 3065 1100 3144 ὀνομαζομένου
1113 3069 1159 3122 τοῦ
1171 3066 1257 3138 enom
1274 3062 1344 3124 Ἀλλ’
1358 3064 1404 3124 ἐπὶ
1418 3061 1466 3142 μὲν
1480 3060 1619 3122 tonate»
1632 3057 1679 3120 εό-

107 3180 205 3219 nomen
224 3159 291 3238 ejus,
301 3170 332 3216 ut
342 3156 370 3216 in
378 3156 489 3216 laminis
497 3154 702 3234 describeretur,
716 3173 741 3219 ct
750 3161 851 3221 nemini
906 3182 959 3226 τως
975 3160 1053 3216 αὐτοῦ
1064 3157 1096 3218 τδ
1108 3155 1192 3234 ὄνομα
1203 3156 1302 3235 σεμνὸν
1319 3147 1361 3231 ἦν,
1375 3159 1412 3223 ὥς
1427 3155 1454 3214 ἐν
1468 3151 1595 3219 πεταλοις
1616 3151 1681 3232 γρό·

106 3252 199 3311 liceret
221 3250 313 3310 literas
326 3248 390 3309 istas
404 3248 483 3323 serre,
503 3247 556 3308 nisi
580 3249 631 3309 suli
645 3272 751 3311 summo
765 3275 853 3312 sacer-
907 3256 1015 3331 ρεσθαι,
1028 3250 1074 3309 καί
1086 3248 1180 3328 μηδενί
1191 3246 1226 3307 τθι
1237 3249 1386 3330 γράμματα
1400 3246 1496 3316 ἐξεῖναι
1510 3253 1609 3328 φορεῖν,
1621 3246 1680 3305 ἀλλ’

106 3345 181 3425 doti,
193 3365 265 3404 nuno
275 3356 371 3423 ,autem
383 3354 440 3402 tarn
451 3341 531 3401 facile
549 3363 646 3403 nomen
664 3345 723 3426 ejus
738 3346 851 3405 circum-
906 3341 924 3415 ἢ
940 3342 1012 3423 μόνῳ
1024 3344 1063 3422 τῷ
1076 3345 1210 3423 ἀρχιερεῖ·
1227 3341 1284 3401 νυνί
1298 3340 1325 3400 δὲ
1339 3343 1375 3407 ὣς
1385 3340 1417 3401 τδ
1429 3339 1510 3419 τυχδν
1522 3335 1591 3397 οὕτω
1600 3361 1680 3419 περι-

106 3437 225 3497 ferimus.
240 3435 269 3496 Si
280 3433 439 3516 simpliciter
452 3433 591 3494 nominare
601 3436 691 3494 Deum
701 3437 852 3497 nonomni·
907 3435 1019 3516 φέρομεν
1032 3437 1110 3496 αὐτοῦ
1119 3436 1150 3496 τὸ
1158 3435 1250 3513 ὄνομα.
1259 3437 1294 3496 Et
1305 3437 1396 3502 ἁπλῶς
1404 3432 1543 3511 ὀνομάζειν
1556 3431 1602 3492 τόν
1611 3432 1681 3493 oen

106 3531 160 3590 bus
172 3530 213 3588 fas
225 3541 294 3604 erat,
306 3526 398 3608 ipsum
410 3526 437 3585 in
450 3539 546 3585 testem
560 3547 668 3602 vocare,
685 3528 792 3608 quantae
806 3551 852 3590 au·
907 3531 937 3588 οὐ
952 3537 1034 3588 πᾶσιν
1049 3527 1153 3607 εὐαγές·
1167 3528 1198 3588 τὸ
1212 3527 1258 3587 καί
1271 3529 1315 3588 ἐπὶ
1329 3523 1476 3607 μαρτυρίαν
1488 3524 1567 3585 αι’ντδν
1580 3526 1681 3598 καλεῖν,

108 3621 203 3695 dacia,
218 3640 321 3698 quaeso,
337 3617 431 3697 quanti
442 3617 543 3678 furoris
558 3631 597 3677 est
607 3618 622 3691 ἓ
632 3619 662 3678 si
677 3619 749 3680 enim
762 3622 853 3702 potius
908 3621 991 3694 πόσης
1000 3621 1117 3698 τόλμηςς
1130 3619 1188 3680 εἰπί
1196 3644 1254 3698 μοι,
1265 3619 1350 3692 πότος
1360 3617 1456 3695 μανίας
1465 3641 1473 3691 ;
1483 3618 1519 3677 Et
1528 3614 1582 3699 γὰρ
1593 3615 1682 3677 πόντα

107 3711 199 3773 omnia
220 3711 340 3793 abjicere
361 3722 506 3792 oporteret,
522 3730 610 3770 annon
632 3709 748 3771 libenter
771 3713 853 3774 relin-
872 3735 890 3782 r,
909 3715 984 3794 ῥῖψαι
1006 3715 1100 3794 ἐχρῆν,
1120 3715 1168 3772 οθκ
1181 3710 1236 3771 tto
1248 3708 1390 3794 προθύμως
1406 3711 1468 3791 ίᾷνς
1487 3707 1573 3783 'teau
1595 3708 1682 3787 δόγιο,

108 3828 189 3888 quere
199 3827 249 3888 par
260 3805 346 3866 esset?
355 3803 426 3864 Ecce
433 3801 539 3883 dico,et
551 3803 854 3869 testificorzllmendate
908 3805 956 3867 καί
973 3805 1205 3888 διαμαρτύρομαι,
1227 3802 1413 3887 κατορθώσασι
1431 3800 1540 3871 τοότνος
1556 3799 1617 3870 rol<
1637 3801 1681 3861 tat

105 3902 260 3980 juramenta
281 3896 330 3956 illa
344 3894 460 3955 forensia
473 3918 483 3972 ρ
506 3915 560 3956 non
578 3895 793 3979 obtemperantes
805 3922 853 3960 an·
908 3903 958 3972 τῆς
971 3900 1068 3978 ἀγορᾶς
1080 3896 1190 3978 όρκοος,
1202 3895 1262 3964 τοθς
1274 3895 1303 3957 δδ
1322 3894 1360 3976 μὴ
1374 3894 1565 3974 πειθομέναις,
1580 3895 1683 3962 πάντας

109 4007 164 4051 ιιι
175 4010 266 4050 omnes
279 3988 315 4048 ad
326 4009 369 4051 me
384 3987 520 4049 adducite.
539 3987 609 4048 Ecce
623 3989 702 4067 vobis
716 3993 855 4073 praesenti-
909 3991 969 4069 ἐμοὶ
983 3988 1105 4068 ἀγάγετε.
1126 3987 1194 4050 ’ίδοθ
1214 3988 1351 4070 παρόντων
1365 3991 1440 4068 ὑμῶν
1456 3987 1615 4061 ἐπισκήπτω
1628 3997 1683 4056 τοῖς

109 4084 162 4143 bus
173 4083 277 4164 impero
292 4082 337 4159 iis,
349 4080 396 4161 qni
408 4079 444 4140 ad
454 4080 635 4142 ministerium
647 4096 710 4142 sunt
722 4081 855 4144 domuum
909 4082 975 4162 πρὸς
989 4080 1136 4163 ὑπηρεσίαν
1150 4080 1343 4164 θρωρισμίνοις
1359 4082 1412 4139 τῶν
1429 4078 1510 4140 οίκιον
1520 4083 1575 4140 τῶν
1589 4083 1684 4152 α’νκτη·

109 4172 248 4245 orationis,
273 4174 366 4233 hortor
379 4184 406 4232 ot
422 4171 509 4247 edico,
529 4172 631 4233 nemini
654 4173 735 4234 licere
754 4189 853 4236 temere
912 4175 983 4258 ρίων,
1004 4174 1051 4234 καί
1070 4178 1192 4255 παραινῶ
1212 4173 1258 4235 καί
1278 4177 1437 4255 παρεγγοῶ,
1456 4171 1552 4253 μηδενί
1573 4172 1684 4252 όμνιίιαι

109 4268 217 4348 jurare,
230 4264 285 4325 imo
298 4285 383 4343 neque
392 4264 446 4326 alio
460 4265 659 4343 quovismodo.
678 4266 719 4326 Ad
733 4289 776 4326 me
790 4289 856 4348 ergo
912 4270 1004 4336 ἁπδεῗις
1016 4252 1124 4336 ἐξεῖναι·
1137 4264 1278 4346 potanti
1294 4265 1362 4345 μηδί
1375 4267 1479 4348 ἐτίριιις
1493 4265 1567 4348 Πρθς
1579 4265 1629 4346 epa
1638 4256 1683 4328 olv

111 4359 236 4435 ducatur,
246 4357 368 4437 quisquis
382 4356 426 4434 sit,
439 4357 504 4436 quia
516 4357 575 4417 hec
593 4357 684 4417 omnia
696 4358 734 4418 ad
751 4380 799 4420 nos
812 4382 856 4420 us·
911 4360 1015 4441 θγίσθιι
1034 4359 1106 4428 ὅστις
1126 4359 1156 4418 ἂν
1167 4350 1205 4439 ᾖ,
1224 4357 1316 4430 ίπειδὴ
1337 4358 1480 4421 καὶταῦτα
1494 4357 1591 4440 μίχρις
1603 4361 1683 4439 ἡμῖιν

113 4450 401 4532 quedelem'oporcet,
413 4470 445 4510 ac
456 4449 480 4510 si
493 4450 600 4531 pueruli
622 4450 723 4511 essetis.
737 4451 815 4512 Absit
828 4466 859 4511 ut
911 4454 1037 4536 ἔρχεσθαι
1051 4454 1103 4525 δεῖ,
1121 4450 1242 4533 καθάπερ
1261 4449 1307 4512 ἐπὶ
1325 4449 1428 4512 παίδων
1440 4455 1553 4533 μικρῶν.
1573 4450 1624 4524 Μὴ
1640 4448 1684 4531 γί-

112 4545 150 4604 ita
172 4564 214 4604 res
237 4542 281 4602 sit.
296 4539 389 4602 Pudor
402 4541 474 4602 enim
488 4553 538 4616 est,
559 4540 584 4600 si
609 4541 700 4603 adhuc
713 4542 857 4626 disciplina
911 4569 992 4607 νοιτο.
1015 4542 1134 4625 Αίαχόνη
1155 4541 1225 4625 αγοίρ
1246 4547 1316 4604 ἐστιν
1337 4541 1405 4625 θπίρ
1419 4565 1498 4603 τινων
1519 4544 1565 4605 ίτι·
1576 4543 1684 4605 δίεσθαι

113 4635 220 4718 egeatis.
230 4637 304 4696 Nurn
326 4655 429 4693 sacram
441 4654 561 4694 mensam
577 4647 685 4715 tangere
707 4634 789 4697 audes
803 4659 854 4697 non
869 4694 893 4730 7,
912 4636 1062 4719 μανθάνειν.
1070 4633 1118 4708 Μὴ
1129 4635 1261 4714 τραπέζης
1270 4637 1343 4717 lepra
1356 4635 1474 4716 ἅψασθαι
1482 4638 1584 4717 τολμᾷς
1597 4636 1684 4714 epta·

114 4729 253 4792 initiatus?
263 4727 318 4788 Sed
331 4725 404 4806 qnod
415 4727 493 4807 pejus
505 4740 555 4803 est,
567 4740 597 4787 tn
611 4727 732 4787 initiatus
752 4750 856 4789 sacram
873 4721 892 4795 l
909 4754 952 4798 τις
966 4729 1019 4801 ὤν;
1037 4726 1117 4788 Ἀλλὰ
1137 4727 1168 4787 τδ
1190 4725 1229 4786 ἔτι
1252 4737 1351 4812 χεῖρον,
1374 4726 1405 4789 σθ
1417 4731 1432 4787 ό
1445 4730 1614 4808 μεμυημένος
1635 4732 1684 4800 τῆς

114 4846 232 4884 mensam
246 4837 354 4902 tangere
373 4818 465 4896 andos,
479 4841 560 4898 quum
575 4841 624 4879 nco
635 4819 760 4880 omnibus
769 4843 854 4880 sacor-
908 4825 980 4902 ἱερᾶς
994 4821 1112 4900 ἅψασθαι
1123 4817 1255 4900 τραπέζης
1266 4822 1379 4899 τολμᾷς,
1393 4811 1424 4890 ἧς
1438 4819 1497 4881 οὐδὲ
1507 4830 1590 4880 πᾶσιν
1603 4824 1684 4902 ἱερεῦ·

113 4918 337 4996 dotibustangero
350 4913 424 4992 licet,
441 4925 466 4972 et
475 4912 514 4972 sic
525 4914 625 4993 jurare.
655 4914 691 4974 Et
702 4928 731 4973 tu
746 4914 855 4994 quidem
910 4941 950 4976 σιν
963 4915 1080 4994 ἅψασθαι
1095 4912 1187 4990 θέμις,
1205 4912 1250 4972 καί
1267 4912 1349 4981 οότιος
1362 4913 1482 4990 ὀμνύναι.
1506 4914 1559 4974 Καί
1579 4913 1612 4973 σὺ
1634 4914 1681 4992 μίν

148 5115 161 5151 h
180 5111 228 5160 Alii
241 5117 278 5162 οὐκ
291 5119 390 5180 ἔρχεται.
956 5110 968 5148 d
988 5110 1049 5178 [γάρ
1061 5111 1182 5159 omissum
1200 5105 1224 5156 in
1238 5110 1265 5156 B.
1284 5108 1312 5158 C.
1326 5105 1451 5157 Commel.
1471 5122 1532 5157 vero
1553 5118 1579 5157 et
1597 5108 1629 5159 D.
1644 5109 1678 5156 ita

148 5204 157 5228 e
171 5186 215 5238 Alii
229 5198 274 5242 ἀπὸ
289 5194 368 5241 τοῦτον
382 5197 473 5252 μένοιεν,
486 5187 567 5237 minus
580 5198 657 5237 recte.
923 5183 1013 5237 trabem
1030 5196 1063 5254 μὴ
1080 5196 1172 5250 γένοιτο,
1187 5193 1268 5247 καλῶς.
1282 5189 1373 5253 alexina
1385 5193 1422 5238 καί
1435 5185 1501 5255 γάρ]
