3728 5978
196 416 266 490 508
319 491 323 497 ,
557 439 586 485 S.
613 436 753 486 JOANMS
777 435 959 484 CHRYSOST·
992 437 1149 489 asculen.
1177 441 1447 491 CONSTANTINOP.

196 568 298 633 minem
311 587 346 628 ex
357 566 647 648 ignorantiapeccare,
657 586 743 646 noque
754 565 876 647 impune,
889 564 940 637 ,scd
992 567 1051 630 οθδί
1065 570 1232 653 ἀτιμωρητί,
1246 569 1332 643 ἀλλὰ,
1347 569 1396 629 κάν
1411 568 1448 647 μὴ
1463 572 1509 627 νῦν
1533 566 1570 649 δῷ
1593 567 1686 644 δίκην,
1713 566 1767 627 δώ-

197 661 302 721 etiamsi
313 680 385 721 nunc
396 679 547 740 poenasnon
553 658 611 737 det,
621 657 750 719 daturum
757 658 867 720 omnino
875 679 940 719 esse.
993 685 1073 722 σοντα
1086 661 1209 731 πάντως·
1224 664 1341 723 ἰντεδθεν
1353 661 1444 722 λοιπὸν
1460 660 1582 741 βούλεται
1594 660 1766 721 κατασκευά-

197 751 392 813 Hincdemum
413 750 528 832 probare
540 751 610 828 vult,
628 749 697 831 legis
709 749 861 814 doctrinam
886 770 940 810 non
995 778 1054 829 σαι,
1080 754 1121 815 ὅτι
1144 760 1161 828 ἡ
1182 759 1228 816 τοῦ
1255 754 1336 834 νόμου
1355 753 1513 814 διδασκαλία
1534 757 1564 813 οὐ
1589 752 1691 834 σφόδρα
1712 756 1766 810 τῶν

197 863 255 903 esse
267 841 483 902 remadmodum
506 856 666 922 urgentem:
680 863 744 902 nam
765 842 794 903 in
812 843 940 924 operibus
995 847 1204 927 κατεπειγόντων
1218 838 1270 920 ἦν·
1286 849 1312 905 ἐν
1324 846 1377 926 γάρ
1389 855 1444 913 τοῖς
1458 846 1574 925 ἔργοιςὴ
1597 845 1705 910 κόλασις
1721 843 1769 901 καί

196 934 296 995 n'taest
308 955 399 1016 poena,
415 933 498 994 situm
511 935 666 1016 praeminm,
683 956 736 995 non
755 934 784 994 in
799 934 941 996 circumci-
994 942 1011 1010 ἡ
1024 938 1107 1018 τιμὴ,
1120 943 1169 1000 οθκ
1182 944 1209 1000 ἐν
1228 944 1361 1021 περιτομῇ
1380 939 1426 998 καί
1440 936 1611 1019 ιίκροθυστίφ.
1625 936 1705 996 Ἐπεί
1721 925 1768 995 ode

195 1026 804 1109 sioneetpraeputio.Postquamigiturdixerat,
812 1029 940 1089 Graecum
994 1021 1065 1092 εἶπεν
1078 1030 1119 1093 θτι
1132 1032 1238 1100 πάντως
1251 1032 1444 1105 κολααθήσεται
1455 1036 1470 1090 δ
1482 1030 1595 1102 Ἕλλην,
1609 1028 1655 1088 καί
1671 1026 1766 1088 ἔλαθεν

196 1118 306 1180 omnino
318 1119 668 1202 poenamessesubittuum,
683 1119 765 1200 idque
782 1119 940 1181 inconfesso
994 1123 1199 1204 ιίιμολαγημίνον
1216 1128 1310 1198 τοῦτο,
1329 1122 1375 1183 καί
1391 1126 1437 1183 ἀπ’
1455 1124 1536 1180 αὐτοῦ
1558 1119 1767 1189 κατεσκεύασεν,

195 1208 940 1294 ίαίςείίννᾶαμνοίνανίεεῑίανννλνοννοναννείιννννεεεῳννμεσ·
994 1214 1035 1275 δτι
1055 1216 1101 1276 καί
1121 1216 1313 1295 τιμηθήσεται,
1331 1213 1453 1295 περιττὸν
1477 1212 1569 1273 λοιπὸν
1589 1211 1707 1282 ἐδήλωσε
1721 1209 1768 1269 τὸν

194 1302 280 1365 fluam
287 1301 387 1363 deinde
404 1301 520 1363 ostendit
537 1303 625 1383 legem
641 1300 936 1364 etcircumcisionem:
994 1307 1072 1386 νόμον
1096 1308 1143 1369 καί
1165 1306 1215 1382 τὴν
1240 1306 1406 1388 περιτομήν·
1420 1307 1537 1385 μάλιστα
1557 1302 1608 1384 γὰρ
1629 1302 1768 1368 Ἰουδαίοις

194 1415 259 1456 nam
280 1397 327 1456 hic
342 1394 452 1459 Judaeos
464 1395 584 1456 maxime
604 1397 755 1479 impugnat.
769 1396 842 1469 Quia
866 1397 939 1458 enim
959 1416 977 1464 Ε
994 1402 1106 1461 ἐνταῦθα
1123 1400 1248 1481 μάχεται.
1258 1398 1370 1471 Ἐπειδὴ
1386 1397 1438 1478 γδρ
1452 1401 1547 1457 ἐκεῖνον
1560 1393 1767 1476 φιλονεικότερον

193 1485 236 1547 ilii
249 1487 466 1550 contentiosiores
479 1501 568 1566 erant;
585 1488 673 1570 primo
684 1510 740 1570 prae
753 1489 824 1549 fastu
835 1510 888 1549 non
899 1488 942 1550 di·
996 1491 1139 1568 trisemo,
1149 1497 1254 1575 πρῶτον
1267 1492 1315 1571 μὲν
1327 1491 1379 1551 ὑπὸ
1392 1489 1471 1570 πίφου
1486 1491 1534 1547 οὐκ
1550 1486 1680 1556 ἀξιοῦντες
1698 1485 1767 1562 μετὰ

192 1594 304 1659 grantes
313 1603 413 1642 secum
422 1581 568 1663 gentilibus
575 1602 764 1658 annumerare3
774 1583 892 1644 secundo
906 1585 943 1645 ir·
995 1588 1047 1646 τῶν
1057 1583 1084 1654 ἐξ
1093 1589 1173 1646 ἐθνῶν
1186 1588 1403 1664 συναριθμεῖσθαι
1412 1606 1419 1619 ·
1429 1581 1548 1660 δεύτερον
1559 1580 1769 1656 καταγελῶντες,

192 1673 310 1737 ridentes
323 1697 367 1736 eos
375 1675 550 1755 qnidicerent
563 1675 646 1736 fidem
657 1689 765 1758 peccata
771 1678 861 1738 omnia
870 1677 943 1740 dele-
996 1678 1020 1735 εἰ
1032 1680 1049 1748 ἡ
1061 1677 1150 1747 πίστις
1160 1676 1248 1737 πάντα
1259 1673 1377 1757 ἀφανίζει
1386 1674 1420 1733 eb
1432 1671 1624 1753 ἁμαρτήματα,
1636 1668 1680 1728 διὰ
1691 1674 1769 1728 τοῦτο

192 1790 246 1828 re:
261 1768 322 1830 ideo
337 1769 415 1852 prius
431 1770 542 1829 Graeoos
560 1767 710 1844 incusavit,
720 1768 755 1829 de
764 1770 940 1852 quibusage-
993 1767 1122 1850 πρότερον
1133 1767 1301 1849 κατηγόρησε
1314 1770 1367 1826 τῶν
1378 1764 1516 1837 Ἑλλήνων
1525 1809 1535 1839 ,
1545 1762 1611 1844 ὑπὲρ
1625 1754 1662 1822 ὧν
1678 1771 1766 1822 ποιεῖ-

191 1859 284 1938 batur,
306 1874 336 1920 ut
353 1860 412 1920 sine
426 1858 579 1941 suspicione
592 1872 692 1920 etcum
712 1859 815 1921 fiducia
828 1861 939 1925 Judaeos
992 1885 1037 1921 ται
1055 1862 1100 1923 τδν
1113 1860 1206 1940 λόγον,
1219 1859 1263 1920 ἰνα
1279 1859 1436 1925 ἀνυπόπτως
1458 1858 1503 1917 καί
1527 1855 1595 1936 μετὰ
1614 1854 1768 1936 παρρησίας

190 1951 353 2013 detinetur.
362 1951 469 2012 Deinde
477 1971 541 2011 cum
552 1950 589 2011 ad
597 1951 726 2033 supplicii
732 1973 844 2014 examen
854 1955 937 2031 venit,
991 1957 1044 2014 τῶν
1060 1951 1193 2013 Ἰουδαίων
1208 1950 1366 2022 καθίκηται·
1382 1941 1439 2009 εἶτα
1453 1952 1490 2015 είς
1503 1948 1551 2022 τὴν
1566 1947 1627 2029 περὶ
1645 1950 1697 2018 τῆς
1718 1970 1766 2006 κο-

191 2043 308 2105 ostendit
322 2043 448 2108 Judaeum
461 2063 514 2103 non
528 2041 609 2104 modo
626 2042 696 2104 nibil
712 2043 837 2105 utilitatis
849 2068 865 2105 a
878 2046 937 2127 lege
989 2045 1091 2113 λάσεως
1100 2043 1217 2113 ἐξέτασιν
1232 2041 1324 2115 ἐλθὼν,
1339 2041 1467 2102 δείκνυσιν
1479 2044 1508 2101 οὐ
1520 2040 1596 2117 μόνον
1609 2038 1683 2099 οὐδὲν
1697 2041 1766 2117 ὠφε-

190 2135 323 2219 αοείρετε,
338 2134 476 2196 sedetiam
486 2133 630 2215 aggravari
642 2134 937 2218 :etbocjamsuperius
988 2137 1114 2216 λαίμενον
1128 2136 1172 2197 τδν
1184 2134 1311 2196 Ἰουδαῖον
1333 2131 1386 2194 ἀπὸ
1403 2140 1449 2192 τοῦ
1463 2132 1559 2210 νόμου,
1571 2131 1640 2192 ἀλλὰ
1653 2129 1699 2190 καί
1716 2133 1765 2209 βα-

189 2229 306 2312 probus
318 2229 429 2312 incepit.
455 2227 488 2289 Si
500 2249 615 2308 nmque
629 2231 741 2292 Graecus
753 2228 815 2290 ideo
829 2231 936 2294 inoxcu
990 2229 1114 2312 ροθμενον
1126 2252 1133 2267 ·
1147 2228 1192 2288 καί
1213 2235 1290 2288 τοῦτο
1307 2226 1406 2287 άνωθεν
1428 2224 1631 2293 κατασκευάζει.
1654 2225 1689 2282 Εἰ
1711 2223 1766 2302 γὰρ

189 2321 284 2399 nabilis
296 2335 348 2400 est,
364 2320 428 2400 quia
441 2333 468 2381 et
481 2334 578 2382 natura
590 2333 617 2381 et
629 2321 839 2401 cogitationibus
845 2323 937 2406 ipsum
987 2326 1002 2381 ὁ
1016 2319 1121 2394 Ἕλλην
1133 2319 1177 2380 διθ
1197 2326 1275 2380 τοῦτο
1290 2316 1502 2397 ἀναπολόγητος,
1523 2315 1565 2376 ὅτι
1584 2320 1631 2388 τῆς
1651 2313 1765 2382 κτίσεως

189 2411 392 2491 induentibus,
407 2411 502 2472 melior
513 2411 675 2489 noncessit,
687 2412 773 2472 multo
791 2414 878 2495 magis
887 2418 936 2477 Ju·
945 2413 1066 2510 mebris
1083 2412 1225 2493 ἐναγούσης
1238 2412 1285 2472 καί
1297 2415 1350 2471 τῶν
1361 2412 1511 2490 λογισμῶν,
1521 2411 1569 2468 οὐκ
1583 2408 1685 2488 ἐγίνετο
1700 2409 1764 2487 βελ-

188 2503 402 2585 θπια,εμνίονινι
413 2503 458 2563 his
471 2502 623 2564 doctrinam
642 2525 779 2584 quoquea
793 2503 936 2586 legecece-
953 2527 973 2573 ,ι
988 2505 1052 2566 τίων
1068 2529 1075 2543 ·
1094 2507 1185 2586 πολλῷ
1206 2505 1306 2584 μᾶλλον
1327 2507 1341 2562 ὁ
1363 2502 1489 2569 Ἰουδαῖος
1510 2499 1578 2579 μετὰ
1597 2498 1697 2559 τούτων
1717 2498 1764 2558 καί

190 2597 239 2679 pit.
249 2599 321 2659 Cum
329 2597 504 2680 persuasisset
519 2618 582 2678 ergo
595 2595 650 2675 illi,
661 2611 693 2657 ut
703 2597 733 2658 in
741 2598 858 2659 aliorum
871 2621 934 2682 pec-
986 2598 1036 2673 τλν
1050 2598 1104 2660 άπδ
1116 2601 1162 2660 τοῦ
1178 2596 1259 2676 νόμου
1270 2593 1443 2656 διδασκαλίαν
1452 2591 1553 2653 λαθών.
1564 2591 1664 2660 Πείσας
1675 2590 1764 2650 τοίνυν

189 2688 316 2750 catisboc
327 2687 498 2750 ratiocinium
506 2687 671 2767 admitteret,
681 2688 726 2751 vel
734 2689 853 2751 invitum
862 2694 935 2774 cogit
987 2691 1066 2754 αθτδν
1081 2690 1195 2760 nitidiore
1209 2689 1333 2760 δέξασθαι
1346 2690 1391 2750 τδν
1410 2688 1538 2768 λογισμὸν
1556 2693 1647 2748 τοῦτον
1662 2689 1690 2746 ἐν
1708 2694 1764 2754 τοῖς

187 2780 269 2843 illum
276 2780 403 2864 deinceps
413 2793 442 2841 ut
451 2781 481 2842 in
495 2780 541 2858 iis,
556 2779 658 2859 qtsaead
671 2781 761 2862 ipsum
771 2797 931 2865 spectarent,
987 2785 1085 2867 ίτίρονν
1097 2783 1283 2867 ἁμαρτήμασι,
1294 2783 1342 2842 καί
1355 2783 1454 2843 ἄκοντα
1468 2779 1609 2859 ἀναγκάζει
1627 2779 1719 2839 λοιπδν
1735 2781 1764 2838 ίν

189 2872 263 2940 idern
271 2875 379 2935 hoeret.
393 2873 430 2934 Et
442 2885 472 2933 ut
478 2872 585 2946 tacilius
593 2893 681 2934 sermo
688 2873 846 2956 accipiatur,
852 2878 934 2940 etiam
987 2887 1042 2947 τοῖς
1056 2877 1117 2958 περὶ
1132 2880 1226 2937 ἑαυτοῦ
1245 2880 1323 2935 τοῦτο
1335 2877 1456 2945 ποιῆσαι.
1479 2871 1534 2933 Καὶ
1553 2870 1623 2931 ὥστε
1642 2871 1764 2951 εὐπαρά-

189 2966 219 3029 in
231 2967 389 3028 melioribus
397 2987 461 3027 eum
472 2966 591 3048 profert:
610 2965 726 3039 Gloria,
733 2968 861 3031 honoret
872 2992 934 3050 pac
988 2973 1079 3031 δεκτον
1088 2965 1210 3049 γινίοθαι
1223 2967 1268 3028 τδν
1280 2967 1373 3047 λόγον,
1385 2965 1431 3025 καί
1451 2964 1495 3023 ἐπὶ
1506 2965 1559 3021 τῶν
1576 2961 1764 3042 χρηστοτέρων

190 3063 273 3119 omni
278 3063 413 3141 operanti
426 3061 545 3131 bonum,
559 3058 664 3118 Judaeo
672 3062 800 3138 primum
810 3075 839 3122 ει
851 3063 931 3124 Groe·
989 3061 1068 3123 αιίτδν
1080 3058 1302 3144 προάγει,λίγων
1314 3057 1396 3118 οὗτοι·
1411 3055 1480 3124 ΔοἜοι
1490 3053 1518 3113 δὲ
1532 3053 1577 3113 καί
1591 3051 1657 3132 τιμὴ
1666 3052 1712 3111 καί
1726 3054 1764 3111 εί-

189 3171 234 3214 οο.
250 3150 305 3211 Hic
326 3151 398 3212 enim
417 3163 635 3230 quantacumque
654 3150 716 3229 quis
737 3151 836 3212 habeat
850 3152 932 3235 bona,
990 3153 1056 3234 ρήνη
1068 3145 1763 3234 παντίτῷίργαίομάνῳτδάγαθδν,’1ουδαίῳτεπριῖι·

189 3262 253 3302 cum
277 3241 479 3324 perturbatione
495 3262 592 3321 magna
614 3239 707 3316 habet,
722 3241 785 3302 licet
796 3243 874 3306 dives
887 3246 933 3326 sit,
988 3269 1033 3307 τον
1046 3245 1092 3305 καί
1106 3243 1231 3316 Ἕλληνι.
1243 3242 1376 3303 Ἐνταῦθα
1390 3241 1438 3319 μὲν
1460 3237 1512 3320 γδιρ
1519 3283 1527 3312 ,
1545 3238 1596 3298 ὅσα
1610 3239 1642 3296 άν
1654 3261 1693 3304 τις
1711 3237 1762 3317 ἔχῃ

188 3332 252 3395 licet
266 3348 371 3417 potens,
388 3333 451 3394 licet
462 3354 526 3408 rex3
547 3332 597 3392 etsi
618 3353 672 3392 non
688 3354 751 3394 cum
763 3335 828 3411 alio,
844 3359 936 3400 secum
988 3336 1068 3410 καλδ,
1079 3335 1146 3416 μετά
1154 3338 1258 3395 πολλῶν
1268 3332 1323 3413 ἔχει
1330 3336 1466 3413 ταραχῶν,
1477 3330 1525 3390 κᾶν
1536 3330 1658 3397 πλούσιος
1668 3321 1762 3408 ᾖ,κᾶν

188 3423 685 3507 saltemsaepedissidet,etmultumvel
693 3424 935 3506 incogitationibus
954 3436 972 3482 Β
989 3426 1192 3502 δυνάστης,κδν
1201 3423 1393 3505 βασιλεύςκθν
1403 3423 1440 3502 μὴ
1448 3423 1513 3501 πρὸς
1522 3420 1690 3503 ἕτερον,πρδς
1699 3424 1762 3499 γοῦν

188 3517 270 3578 babet
288 3517 392 3577 bellum
404 3540 410 3572 :
421 3516 481 3576 illic
494 3528 584 3575 autem
594 3515 769 3592 nihilsimilc,
786 3518 834 3579 sed
844 3522 936 3583 omnia
989 3518 1082 3581 ἕαυτδν
1093 3517 1274 3585 διοιστοισιάζει
1288 3513 1489 3588 πολλάκις,καί
1504 3514 1585 3573 πολὺν
1599 3514 1626 3571 ἐν
1642 3521 1696 3579 τοῖς
1712 3513 1761 3572 λο-

187 3607 596 3690 tranquillsetaperturbatione
604 3606 700 3686 libera,
706 3611 935 3694 cumreraadjun·
988 3623 1094 3694 γισμοῖς
1111 3612 1169 3695 ίχει
1189 3611 1306 3689 πόλεμον
1320 3633 1326 3646 ·
1341 3614 1395 3670 ἐκεῖ
1415 3607 1443 3667 δί
1460 3606 1531 3667 οὐδὲν
1545 3614 1677 3678 τοιοῦτον,
1693 3604 1762 3664 ἀλλὰ

188 3718 231 3765 cta
239 3698 671 3786 paceCumexsupradictisergo
690 3701 839 3782 probasset,
854 3706 936 3767 etiam
989 3706 1077 3768 πάντα
1091 3703 1195 3785 γαληνίι
1214 3703 1260 3763 καί
1273 3706 1393 3784 ταραχῆς
1407 3699 1618 3778 ἀπηλλαγμένα,
1639 3698 1685 3757 καί
1698 3723 1762 3777 γνη-

188 3794 392 3876 eosquilegem
406 3814 459 3853 non
476 3791 586 3866 babent,
601 3792 694 3853 eadem
708 3793 767 3874 ipsa
784 3795 935 3858 bonaasse·
989 3799 1049 3859 σίαν
1070 3798 1165 3880 ἔχοντα
1180 3795 1228 3870 τὴν
1254 3793 1369 3873 εἰρήνην.
1389 3792 1599 3859 Κατασκευάσας
1619 3791 1706 3851 τοίνυν
1731 3794 1762 3851 ix

189 3902 392 3969 qunturosesse,
402 3884 703 3967 ratiocinandopergit:
718 3891 731 3945 t
739 3889 766 3948 t.
775 3890 843 3948 Non
856 3895 933 3951 etnim
989 3895 1041 3950 τῶν
1056 3890 1153 3949 ἄνωθεν
1174 3885 1336 3970 εἰρημένων,
1348 3885 1388 3944 ὅτι
1408 3885 1454 3944 καί
1471 3889 1496 3944 οἱ
1511 3883 1548 3962 μὴ
1563 3882 1641 3961 νόμον
1656 3882 1761 3963 ἔχοντες

188 3993 232 4042 est
254 3998 447 4061 personarum
472 3981 603 4058 acceptio
626 3978 708 4059 apud
727 3980 835 4044 Deum.
864 3982 935 4042 Cum
987 3988 1039 4043 τῶν
1054 3985 1140 4042 αὐτῶν
1152 3978 1347 4040 ἀπολαύσονται
1354 4024 1362 4053 ,
1376 3977 1469 4055 ἐπάγει
1482 3977 1527 4037 καί
1540 3974 1677 4055 λογισμὸν,
1691 3975 1760 4034 οὕτω

189 4074 262 4137 enim
271 4072 339 4132 dicit
352 4083 378 4133 et
387 4068 512 4133 Judaeum
526 4085 553 4130 et
562 4072 691 4132 Graecum
703 4087 841 4153 petentes
854 4075 934 4155 puni·
987 4074 1089 4153 λέγων·
1104 4071 1208 4152 Οθγάρ
1221 4074 1278 4131 ἐστι
1297 4067 1509 4153 προοωποληφίοι
1530 4066 1604 4148 παρὰ
1627 4071 1665 4146 τῷ
1687 4069 1760 4147 Θεῷ.

188 4170 225 4246 ri,
237 4189 292 4228 non
313 4165 396 4225 habet
405 4163 547 4224 ratiocinio
557 4185 639 4245 opus3
656 4186 719 4225 cunr
738 4187 804 4226 sero
818 4181 935 4228 statuere
986 4164 1074 4228 Ὅταν
1089 4165 1138 4245 μὲν
1151 4165 1204 4247 γὰρ
1221 4164 1301 4244 λέγῃ,
1320 4163 1360 4224 ὅτι
1380 4161 1520 4231 κολάζεται
1542 4159 1615 4219 καὶὸ
1635 4161 1761 4226 Ἰουδαῖος

189 4261 250 4322 vult
261 4257 388 4319 honorari
404 4258 546 4333 Graecum,
567 4270 631 4316 tunc
638 4255 797 4338 probatione
804 4279 873 4340 opus
886 4258 935 4320 ba·
987 4258 1034 4320 καί
1055 4264 1070 4320 θ
1092 4257 1196 4331 Ἕλλην
1220 4255 1431 4336 ἁμαρτάνοντες,
1447 4256 1476 4312 οἰ
1500 4253 1583 4311 δεῖται
1605 4254 1761 4330 λογισμῶν·

187 4356 243 4417 bet.
255 4355 326 4414 Nam
339 4349 476 4410 mirumst
494 4347 659 4428 stupendum
675 4347 821 4409 videbatur
832 4371 899 4429 esse,
912 4352 936 4411 si
988 4350 1050 4410 ὅταν
1060 4348 1100 4421 δὲ,
1109 4349 1150 4410 θτι
1160 4349 1205 4409 καί
1215 4345 1475 4426 τιμᾶταιὸἜλλην,
1485 4348 1615 4414 συστῆσαι
1624 4348 1763 4423 βούληται,

187 4444 271 4526 isqui
281 4462 330 4504 nec
342 4442 430 4520 legem
437 4459 485 4498 nec
495 4436 640 4520 propbetas
650 4437 784 4517 audiunt,
794 4440 867 4501 bona
873 4463 937 4524 ope·
988 4442 1034 4503 καί
1048 4444 1215 4513 κατασκευῆς
1229 4441 1313 4499 δεῖται
1325 4436 1425 4500 λοιπόν.
1447 4437 1502 4496 Καὶ
1516 4436 1569 4517 γὰρ
1589 4435 1674 4495 ἐδόκει
1696 4443 1762 4496 θαυ-

187 4540 449 4605 mnsbonoraretur.
465 4531 538 4607 Ideo,
551 4545 583 4591 ut
595 4531 653 4612 jain
667 4530 740 4609 dixi,
752 4531 780 4592 in
803 4535 936 4615 tenpori-
952 4541 971 4591 C
989 4532 1090 4614 μασιθν
1106 4524 1234 4594 circuitui
1255 4528 1418 4611 παράδοξον,
1442 4531 1466 4587 εί
1490 4534 1504 4589 θ
1527 4527 1565 4607 μὴ
1591 4526 1672 4607 νόμου
1693 4528 1762 4605 μηδὲ

185 4636 239 4697 bns
252 4630 382 4716 gratiam!
395 4623 588 4687 incedentibus
597 4623 709 4686 illorum
724 4624 934 4688 studitumexer-
987 4630 1130 4708 προφητῶν
1144 4624 1270 4696 ἀκοίτας,
1291 4632 1403 4701 τιμᾶται
1422 4622 1456 4680 τδι
1477 4620 1563 4700 aptot
1576 4619 1760 4703 ἐργαζόμενος,

187 4742 240 4801 cet,
254 4739 286 4786 nt
302 4720 404 4783 facilius
420 4718 548 4799 deinceps
559 4738 622 4776 cum
635 4715 701 4795 fide,
716 4716 828 4778 illorum
838 4719 868 4778 in
889 4718 933 4780 bis
987 4719 1040 4781 Διίι
1052 4723 1150 4790 τοῦτο,
1164 4716 1229 4796 ὅπερ
1252 4716 1297 4775 καί
1313 4713 1460 4796 ἔμπροσθεν
1482 4704 1572 4787 ε’ίπον,
1589 4716 1616 4772 ἐν
1635 4720 1690 4778 τοῖς
1710 4711 1764 4790 πρὸ

185 4813 505 4886 consensuminduceret.
521 4810 654 4871 Hicenim
668 4827 808 4893 suspectus
820 4813 933 4876 minime
984 4817 1032 4886 τῆς
1049 4811 1159 4895 χάριτος
1176 4810 1280 4891 χρόνοις
1298 4808 1425 4888 γυμνάζει
1444 4809 1530 4866 αὐτῶν
1543 4804 1591 4872 τδις
1612 4803 1709 4877 οἰκοδς,
1725 4804 1760 4862 ἵν’

185 4931 235 4991 esi,
248 4925 342 4995 utpote
357 4907 405 4987 qui
418 4927 472 4966 non
492 4905 623 4964 intentum
640 4925 721 4964 suum
736 4905 841 4987 probet.
862 4907 932 4966 Cum
985 4905 1160 4988 εὐκολώτερον
1186 4900 1349 4981 ἕπεισαγάγη
1372 4900 1463 4960 λοιπὸν
1489 4896 1558 4976 μετὰ
1577 4903 1625 4971 τῆς
1645 4896 1760 4965 πίστεως

183 5006 299 5070 dixisset
320 5021 393 5081 crgo,
417 4998 534 5074 Gloria,
549 4999 644 5056 bonor
658 5010 686 5056 et
694 5018 756 5076 pax
768 5002 848 5057 οιιιιιιΙ
866 5020 932 5079 ope·
982 4997 1027 5057 καί
1041 4996 1088 5070 ris
1105 4999 1132 5056 ἐν
1150 4994 1251 5062 τούτοις
1261 4992 1460 5070 συγκατάθεσιν.
1475 4990 1606 5052 Ἐνταῦθα
1620 4989 1672 5071 γάρ
1692 4989 1756 5050 ἀνύ-

183 5103 265 5162 ranti
280 5100 397 5165 bonum,
420 5090 526 5149 Judoeo
544 5092 672 5169 primum
687 5102 714 5147 et
733 5090 853 5160 Groeco,·
870 5112 931 5171 per·
981 5112 1080 5155 ποπτος
1092 5088 1209 5168 μάλιστα
1222 5085 1332 5164 γίνεται,
1343 5085 1388 5143 ἅτε
1403 5086 1432 5143 οὐ
1443 5082 1473 5142 τὸ
1486 5087 1579 5142 ἑαυτοῦ
1591 5083 1753 5142 κατασκευά-

182 5195 232 5277 git,
247 5192 315 5249 Non
325 5198 369 5245 est
388 5187 466 5241 enim
485 5201 679 5261 personarum
700 5183 831 5261 acceptio
850 5186 931 5263 apud
981 5187 1040 5251 ζων.
1055 5177 1148 5239 Εἰπὼν
1163 5178 1264 5250 τοίνυν,
1282 5177 1353 5246 Δόξα
1366 5176 1411 5235 καί
1423 5172 1489 5255 τιμὴ
1503 5175 1548 5235 καί
1562 5174 1653 5253 εἰρήνη
1669 5172 1750 5232 παντὶ

181 5283 381 5365 ΠαιονιΡαμα,
393 5272 927 5357 quantacumexnbersntiavicitinstru-
983 5277 1021 5356 τῷ
1040 5271 1206 5354 ἐργαζομένῳ
1227 5271 1257 5330 τί
1271 5269 1382 5348 ἀγαθὸν,
1394 5267 1514 5348 Ἰουδαίῳ
1528 5290 1556 5327 τε
1576 5268 1691 5347 πρῶτον,
1707 5266 1752 5324 καὶ
