3742 5970
138 54 143 63 ι
234 54 242 69 .
292 50 298 59 ¹

138 106 230 185 aff*

105 172 231 269 uti*
278 210 292 235 ι

134 280 180 304 ι’.
240 277 260 297 ’t

160 315 171 327 '⁸
265 329 268 333 ·
317 329 323 336 a

217 340 229 359 ι
270 350 272 355 .

271 455 342 551 278
608 476 638 526 s.
665 450 806 526 nonnus
831 472 1017 525 carrsesr.

269 614 328 660 orta
338 601 385 679 sit,
398 614 424 687 et
435 620 541 660 eausam
552 600 687 661 tollamus.
702 599 782 661 Unde
792 599 858 660 oriri
868 599 956 660 solet?
968 598 1037 670 Exn

268 695 421 774 arrogantia
432 707 460 754 et
470 707 574 754 tumore
584 693 678 753 multo.
687 692 764 753 Hane
775 713 954 773 ugerausnm
963 690 1015 751 tol·
1031 700 1037 732 ¹

129 782 367 862 remanemus,
384 784 547 865 morbusque
565 785 689 845 sublatus
710 783 770 845 erit.
783 783 858 857 Quid
880 797 920 846 eat
938 803 1014 843 arro·

115 863 176 965 J'J'f'
200 867 377 956 ⁰¹¹²·gantia?
392 876 463 938 unde
483 877 621 937 naseittu?
636 878 705 937 sorte
727 898 843 957 namque
857 877 916 960 jam
937 875 1014 936 aliud

70 963 75 971 ’
155 957 160 968 ’
265 969 432 1052 principium
443 970 519 1030 adire
528 970 723 1053 periclitamur.
735 970 822 1052 igitur
834 990 915 1049 quam
925 991 1013 1030 sermo

265 1061 398 1123 indicabit
408 1063 492 1140 viam,
504 1063 581 1123 iliam
592 1084 744 1144 aequemur,
753 1076 784 1122 ut
797 1062 901 1122 malum
911 1062 1013 1123 radici·
1033 1063 1036 1069 ’

264 1157 482 1217 tuaevellamus.
497 1157 577 1218 Unde
593 1179 657 1240 ergo
672 1157 761 1217 uritur
775 1155 951 1237 arrogantia?
966 1155 1012 1217 Ex

263 1268 305 1326 eo,
319 1247 391 1328 quod
411 1263 501 1310 nostra
520 1270 574 1310 nnn
590 1249 777 1332 exploremus3
792 1249 839 1308 aad
860 1248 896 1309 de
914 1263 1010 1309 natura

262 1341 373 1419 quidem
386 1354 473 1419 terrae,
485 1341 535 1402 etsi
545 1341 669 1424 agricolae
678 1362 731 1402 non
744 1342 839 1418 simtu,
850 1341 955 1401 curione
968 1341 1009 1401 in-

261 1433 412 1513 quiramus,
424 1449 450 1501 et
463 1433 497 1494 de
506 1447 602 1495 natura
613 1435 777 1516 plantarum,
785 1432 820 1494 de
831 1448 926 1494 natura
937 1433 1007 1505 auri,

260 1528 308 1587 etsi
326 1542 485 1602 mercatores
500 1549 553 1591 non
569 1528 664 1606 simus,
680 1529 715 1590 de
728 1529 905 1606 vestimentis,
920 1528 1008 1608 deque

258 1622 400 1700 omnihus3
417 1623 453 1683 de
466 1623 544 1682 nobis
561 1637 662 1700 antem,
678 1622 765 1702 deque
786 1637 881 1683 natura
904 1638 1004 1696 nostra,
1021 1626 1037 1674 fl

258 1734 291 1773 ne
316 1715 461 1775 minimum
472 1714 583 1795 quidem
597 1737 731 1775 curamus.
752 1714 789 1775 Et
802 1715 873 1794 quis,
887 1715 1004 1794 inquies,

258 1807 363 1885 ignorat
375 1822 500 1869 naturam
511 1808 607 1870 suam?
620 1808 715 1888 Multi,
728 1822 752 1869 et
762 1810 841 1884 sorte,
856 1809 951 1890 paucis
959 1831 1006 1870 ex·

256 1901 454 1981 neptia-ornnes
466 1926 472 1959 ε
483 1915 520 1979 et,
528 1901 665 1985 uiolaret,
675 1901 739 1962 hinc
752 1900 852 1962 duram
860 1922 1004 1982 argumen-

256 2006 322 2051 tum.
336 1994 390 2053 Die
406 1994 478 2054 enim
498 1993 577 2071 mihi,
590 1992 659 2074 quid
678 2007 717 2054 ert
732 1993 835 2055 humo?
846 1994 876 2055 si
890 1995 952 2073 quis
964 1994 1004 2054 in·

254 2099 381 2167 terrogat,
395 2087 456 2160 Qua
472 2084 500 2148 in
512 2109 542 2148 re
554 2085 646 2148 differt
659 2108 675 2147 a
689 2087 798 2147 brutis?
811 2087 948 2168 quomodo
960 2109 1004 2150 co·

253 2193 351 2258 gnatus
360 2194 401 2240 est
410 2179 578 2240 relatibus?
587 2179 654 2258 quid
662 2193 748 2261 potest
758 2202 793 2240 ex
803 2180 912 2242 bonine
925 2179 1004 2239 fieri?

252 2290 286 2330 an
307 2271 407 2353 poteris
426 2285 497 2332 reete
514 2272 697 2354 respondere?
710 2275 770 2333 Non
794 2271 904 2352 quidem
923 2287 1000 2354 puto.

252 2362 328 2422 Sicut
341 2363 414 2423 enim
432 2363 460 2423 in
481 2363 594 2424 materia
612 2363 741 2443 qaedam,
753 2365 793 2425 sic
812 2379 838 2425 et
850 2364 879 2424 in
890 2364 1004 2431 homine

252 2455 365 2516 materia
381 2454 491 2535 quidem
511 2469 551 2517 est
575 2455 676 2534 hom03
689 2471 776 2537 potest
796 2470 887 2517 autem
902 2456 959 2516 fieri
970 2470 1002 2518 et

254 2546 369 2625 angelus
381 2560 408 2607 et
418 2546 515 2610 bestia.
529 2549 625 2606 Annon
643 2545 781 2609 ridebitur
799 2561 942 2608 extraneus
954 2547 1035 2613 iniec

249 2637 358 2698 sumo?
376 2638 459 2719 Atqui
477 2660 547 2721 sape
568 2638 648 2699 illum
668 2639 697 2699 in
715 2638 863 2723 Scripturis
876 2638 1000 2705 audistis.

96 2763 203 2809 mmo„
214 2777 238 2810 2,
249 2733 292 2792 De
301 2731 466 2811 quibusdam
474 2732 547 2792 eninr
558 2732 716 2794 hominihus
722 2732 865 2794 dicebatur
878 2757 885 2791 r
897 2733 999 2816 Auge-

85 2838 121 2884 ’7ι
250 2826 295 2887 lus
309 2829 433 2887 Domini
443 2838 504 2898 est;
513 2837 543 2885 et
558 2846 595 2884 ex
608 2826 696 2886 tabita
704 2828 767 2909 ejus
777 2840 908 2908 quaerent
914 2828 999 2908 judi·
1025 2859 1028 2862 ⁴

94 2942 157 2987 tera.
176 2942 203 2988 ³.
216 2957 236 2990 r.
248 2924 343 2992 eiumr
352 2934 378 2980 et
389 2940 508 2993 rursum,
525 2920 647 2979 Mittam
664 2919 802 3000 angelum
818 2941 914 2994 meum
927 2932 1000 2981 ante

96 3033 181 3078 ,traria
199 3014 355 3094 „faeiem
374 3026 470 3083 tuam·
491 3010 526 3071 de
553 3009 717 3090 quibusdam
739 3033 814 3088 vero,
832 3012 994 3093 Serpentes,

93 3092 133 3153 εἳ·
243 3109 398 3187 genimina
413 3108 592 3186 viperarum.
607 3105 726 3163 Domum
739 3102 888 3164 seeundum
902 3105 995 3185 cujus-

245 3220 300 3278 que
313 3219 392 3261 usum
412 3211 502 3280 potent
518 3197 577 3257 fieri
596 3210 623 3257 et
643 3196 756 3276 angelus
771 3210 798 3256 et
811 3197 900 3256 horno.
918 3197 995 3274 Quid

92 3290 316 3366 Psa1.81.6.dico‚
331 3290 462 3372 angelus?
477 3288 569 3349 Etiam
588 3288 639 3349 Dei
659 3289 742 3350 filius.
758 3291 830 3350 Nam
848 3289 886 3348 ait
903 3313 909 3346 :
927 3292 993 3370 Ege

242 3384 318 3459 dixi,
335 3384 389 3442 Dii
399 3386 478 3455 estis,
491 3395 520 3441 et
525 3382 591 3465 filu·
604 3382 728 3440 Excelsi
737 3402 847 3443 omnes.
857 3380 993 3461 Quodque

243 3474 332 3554 majus
351 3488 400 3550 eat,
412 3487 571 3557 potestatem
581 3473 700 3555 aceepit,
716 3487 746 3532 nt
764 3474 814 3534 {iat
829 3488 856 3534 et
870 3474 952 3534 horno
966 3490 993 3536 et

243 3565 394 3651 angeluoet
403 3566 455 3626 Dei
469 3566 553 3625 filius.
570 3565 621 3626 Est
638 3565 720 3626 homo
733 3580 759 3626 et
772 3567 862 3647 angeli
876 3582 991 3628 creator.
1008 3574 1027 3622 Ι)

177 3662 180 3666 ’
242 3652 368 3727 Fortasse
377 3674 429 3718 vus
439 3658 492 3718 hoc
505 3657 610 3718 dictum
623 3658 815 3739 perturbavit?
831 3658 885 3720 Sed
901 3659 992 3720 audite

89 3760 232 3837 laemi-
242 3750 383 3815 Christum
394 3751 529 3812 dicentem
539 3775 546 3808 ε
556 3754 595 3810 Iu
608 3755 819 3811 resurreetione
834 3773 927 3832 neque
937 3775 991 3813 nu-

88 3823 128 3869 ‘³⁰'
243 3849 309 3909 bene
321 3840 991 3927 neque'nuptuitradentur,sedeuntsirutan·

91 3951 178 3995 narrt.
194 3961 231 4012 ¹9·
240 3940 313 4021 gele}
328 3952 354 3998 et
375 3959 493 4013 rursum,
510 3938 569 4016 Qui
585 3950 680 4017 potest
702 3959 816 4019 capere,
832 3943 941 4020 capiat.
958 3941 989 4000 In

92 4024 128 4057 '²'
221 4057 222 4060 ¹
242 4031 449 4091 summa-virtus
461 4029 657 4109 angelosrsaeit
672 4053 679 4088 ε
693 4030 782 4092 virtue
796 4031 824 4090 in
838 4045 928 4091 nostra
940 4053 989 4113 pe-

241 4139 336 4186 testate
344 4140 384 4185 est
395 4149 402 4182 r
412 4124 753 4205 ergoangeiosqmssumus-
760 4145 860 4203 creare,
872 4126 920 4184 etsi
935 4147 988 4186 nun

241 4229 346 4294 natura,
361 4229 431 4275 certe
448 4215 594 4296 proposito.
610 4215 722 4277 Virtute
735 4209 853 4295 namque'
867 4217 987 4294 ahsente,

241 4307 312 4368 nihii
324 4306 452 4389 proderit,
463 4307 485 4365 si
499 4309 546 4386 qui
560 4307 642 4366 etiam
652 4306 764 4386 angelus
779 4321 876 4366 natura
888 4309 986 4386 inerit3

240 4399 269 4459 id
284 4399 358 4479 quod
372 4421 407 4459 ex
418 4397 528 4459 diabolo
543 4399 636 4478 liquet,
651 4400 698 4478 qui
715 4414 776 4459 ante
789 4401 899 4480 augelus
912 4403 964 4462 suit
981 4429 988 4462 :

240 4492 341 4553 virtute
355 4505 445 4550 autern
463 4504 602 4572 prasente,
614 4491 685 4550 nihil
698 4490 791 4551 damni
801 4507 840 4552 est
854 4493 988 4556 hominem

239 4607 296 4646 esse
315 4599 423 4663 natura,
436 4597 467 4642 ut
487 4605 522 4642 ex
540 4586 642 4645 Joanne
657 4585 706 4662 qui
728 4585 810 4645 homo
831 4601 899 4664 erat,
911 4603 936 4648 et
950 4600 1022 4649 err}

239 4678 301 4737 Elia
316 4678 401 4758 liquet
413 4676 462 4756 qui
475 4675 608 4735 inceium
622 4677 752 4755 ascendit,
765 4700 800 4738 ex
811 4680 988 4761 omnibusque

238 4770 332 4850 quien
346 4769 449 4830 abituri
463 4781 535 4829 sunt.
548 4766 584 4826 Hi
593 4788 707 4847 namque
718 4769 780 4831 lieet
792 4772 923 4852 corporei,
934 4794 986 4834 non

270 4986 281 5011 Ι
299 4969 386 5022 morel.
396 4976 434 5024 rai
452 4978 501 5030 deba
515 4976 553 5023 καὶ
564 4977 696 5041 ἄνθρωπος,
708 4967 782 5021 male.
795 4972 874 5036 Nam,
889 4984 916 5023 ut
926 4990 955 5024 ex
965 4992 1003 5026 se-

237 5053 273 5103 rie
285 5051 377 5119 liquet,
388 5056 484 5117 ἅγγελος
494 5048 637 5116 legendum.
652 5050 781 5115 Interprea
797 5063 882 5102 tamen
897 5053 1003 5104 Latinus

237 5130 331 5197 legerat
343 5137 399 5188 θεός.
413 5128 453 5196 [C.
465 5141 491 5179 et
501 5131 555 5179 D...
568 5133 700 5199 χρωμένους
715 5138 742 5182 τὸ
753 5143 807 5184 πᾶν.
818 5134 914 5184 orirerur
926 5136 1002 5192 (ddunt-

236 5233 275 5264 m
287 5213 310 5262 δὲ
321 5207 471 5272 Cimmerii
483 5214 520 5259 καὶ
533 5214 581 5266 Orbe
592 5213 604 5260 δ
615 5215 744 5277 ἅνθρωπος,
753 5219 777 5258 et
789 5225 845 5275 quae
853 5223 1000 5276 sequuntur.

236 5287 279 5338 Sie
291 5301 392 5355 quoque
412 5285 539 5350 interpres
549 5285 669 5349 Latinus,
681 5296 708 5335 et
718 5285 786 5337 Cud.
800 5288 840 5353 B„
852 5285 903 5338 aiio
916 5299 1000 5340 tamen
