3728 5978
365 422 438 497 uso
1087 433 1218 486 sinnii.

366 567 438 628 aridi
445 563 585 643 tenuisque
591 558 646 623 eibi
653 561 853 637 comestionem,
860 559 1017 636 orationem,
1024 557 1114 619 balnei
1164 560 1278 639 ἱδρῶτας
1290 554 1416 629 πολλοδς,
1430 552 1564 627 σιωπήν·
1579 550 1631 614 ἐπὶ
1645 559 1720 611 αισι
1733 548 1858 618 urse<

367 646 560 728 privationem,
582 641 689 702 labores
712 641 878 719 sudoresque
900 638 1010 730 multos,
1027 639 1112 698 sileu-
1165 638 1292 699 ελάύοντο
1313 637 1395 697 δεινδν
1416 639 1519 737 κτῆμρι
1543 634 1595 694 καὶ
1623 630 1760 731 ὀλέθριον,
1777 632 1824 702 τὴν
1860 672 1863 680 ·

367 725 562 862 “millii
570 721 1114 882 ,lfflillssiffllffi'lh
1166 714 1787 879 fflibffiaffifflass.
1800 744 1859 839 'isi‘

367 800 573 962 mansam,
589 901 649 958 qua
663 893 823 939 memoratas
834 898 927 936 omnes
938 876 1054 936 virtutes
1067 888 1113 935 at·
1187 876 1230 936 νία
1250 877 1395 956 μισάδελφε
1411 875 1460 935 καὶ
1485 874 1626 952 μισύθεε·
1647 869 1674 929 ὣ
1696 870 1858 948 doxloew'a

368 981 422 1041 que
434 959 546 1019 sudores
559 958 668 1018 inutiles
679 956 809 1018 reddidit.
836 954 1112 1031 Oimmisericordia,
1129 953 1150 1002 Β
1165 899 1237 1016 &aab
1258 955 1395 1027 ἀποθήκη·
1419 953 1443 1013 ὦ
1464 951 1660 1032 άσπλαγχνία
1683 972 1858 1010 κατοικιοττΗ

368 1053 397 1100 et
411 1040 526 1098 fratrum
538 1051 566 1097 et
578 1037 630 1097 Dei
642 1036 768 1098 inimica!
785 1058 802 1097 o
825 1033 1049 1094 immiseiioordia
1067 1034 1114 1093 ire
1164 1035 1197 1096 τδ
1216 1039 1270 1114 πῦρ
1291 1032 1555 1112 τδέξιύτερον,άπου
1570 1028 1752 1106 δκλοιυθμδς
1767 1033 1864 1096 uio-2

368 1118 422 1178 Dei
434 1114 653 1199 receptaculum!
676 1138 692 1175 o
707 1113 942 1180 immisericordia.
963 1135 1023 1192 quae
1035 1113 1114 1173 habi-
1164 1118 1218 1174 τῶν
1229 1114 1351 1174 ὀδόντων.
1367 1104 1443 1181 Εἶδες
1455 1118 1556 1188 κτῆμα
1570 1110 1682 1192 μικρδν
1694 1108 1747 1187 pls
1756 1131 1805 1188 ραι
1830 1166 1836 1184 γ

368 1195 490 1256 taculum
512 1195 593 1254 habet
615 1195 705 1274 ignem
727 1194 899 1268 exteriorem,
921 1192 970 1252 ubi
985 1192 1065 1252 lletus
1088 1204 1116 1251 et
1165 1193 1325 1274 δρανίζοντα
1338 1191 1498 1259 πολλδςκαὶ
1511 1191 1649 1270 μεγάλας
1663 1187 1820 1268 ἀρετδςιιαὶ

371 1274 473 1335 stridor
481 1273 616 1333 dentium.
633 1272 737 1334 Vidisti
788 1273 945 1333 ssessionem
957 1293 1018 1351 qua
1030 1291 1115 1353 parra
1167 1272 1496 1352 ματα;Πιστεύσατίμοι,
1514 1269 1651 1351 άδιλφολ,
1665 1266 1846 1365 ίμροόίοιίμι

369 1353 483 1433 quidem
496 1351 618 1429 videtur,
642 1351 689 1411 sed
704 1295 805 1411 multius
819 1372 882 1431 mag
1001 1350 1115 1411 virtutes
1164 1375 1183 1410 τ
1214 1374 1279 1428 μσς,
1291 1355 1384 1411 ἐννοῶν
1399 1355 1457 1418 πῶς
1470 1350 1502 1409 τὸ
1516 1348 1548 1408 ἐν
1560 1353 1660 1410 ἐκεῖνο
1676 1352 1767 1414 παθος
1779 1346 1858 1405 πάντα

370 1446 399 1492 et
416 1434 488 1492 bona
500 1452 581 1513 opera
595 1430 773 1512 pessumdat?
786 1371 987 1507 Creditemriilhi,
1003 1431 1113 1504 iratres,
1166 1453 1183 1489 r
1214 1429 1407 1511 κατορθώματα
1425 1428 1547 1501 ἀνόνητα
1558 1428 1613 1487 καὶ
1629 1426 1811 1508 άπρύοδενιτα
1826 1454 1864 1474 ιι

370 1510 517 1593 formidine
530 1523 556 1570 et
569 1524 684 1569 tremore
695 1509 836 1601 perculsus
849 1531 922 1582 sum,
942 1508 1009 1569 dum
1026 1508 1116 1588 cogito
1167 1508 1213 1568 καί
1225 1508 1286 1576 τούς
1308 1508 1455 1589 ἐγωνιστδις
1474 1509 1674 1586 άγνωρίστους
1695 1504 1860 1577 ἐποίησενῆ

369 1590 507 1670 quomodo
520 1589 573 1648 hoc
586 1589 780 1649 unumvitium
795 1589 885 1648 omuia
898 1589 944 1647 illa
959 1602 1029 1647 recte
1045 1589 1116 1648 iacta
1186 1587 1220 1668 διρ
1239 1588 1287 1662 τδ,
1306 1588 1390 1667 ’λμὴν
1402 1585 1474 1666 λέγω
1486 1590 1567 1663 ὑμῖν,
1584 1587 1643 1646 oda
1664 1576 1731 1646 οἶδα
1743 1585 1862 1661 iarael

371 1670 480 1729 inutilia
497 1682 525 1728 et
538 1667 654 1748 reproba
666 1667 803 1741 exhibeat,
818 1681 844 1727 et
856 1681 999 1727 certatores
1011 1669 1117 1745 ignotos
1190 1666 1198 1689 ‘
1215 1691 1278 1746 αμις
1292 1675 1338 1728 τοῦ
1354 1672 1452 1749 ρητοῦς
1464 1666 1530 1744 Οὐχ
1540 1665 1586 1725 δτι
1598 1664 1704 1745 ἠγνόει
1717 1667 1734 1722 δ
1748 1662 1824 1731 sloh<
1834 1663 1863 1721 τδ

243 1772 248 1781 ·
371 1748 473 1808 efficiat
483 1745 723 1811 :audieruntenim
734 1746 804 1805 illud
815 1769 822 1802 ι
834 1747 934 1806 Amen
943 1747 1010 1805 dico
1021 1750 1116 1823 uobis,
1167 1745 1231 1828 πρὶν
1250 1745 1376 1825 γενέσιως
1398 1747 1495 1819 αύεῦιν,
1518 1748 1583 1804 ἀλλ’
1605 1744 1657 1805 ὅτι
1671 1747 1705 1804 σύ
1720 1742 1759 1803 δι’
1773 1744 1847 1801 etto

373 1831 471 1888 nescio
482 1846 548 1885 uos.
561 1824 637 1899 Quid
646 1823 700 1884 sibi
710 1825 771 1884 vult
781 1824 873 1884 illud?
884 1826 944 1885 Non
956 1823 1028 1904 quod
1041 1825 1117 1904 iguo-
1169 1827 1267 1904 ἀγῶνες
1287 1826 1333 1885 καλ
1346 1830 1372 1886 oi
1392 1824 1471 1885 κόποι
1484 1827 1591 1898 αὐτῶν,
1607 1824 1690 1883 άλλδ
1704 1822 1776 1903 πρὸς
1789 1823 1864 1880 ἐπίδε

371 1918 414 1964 ret
435 1904 520 1984 isqui
532 1904 622 1994 omnia
636 1903 713 1963 novit
723 1917 868 1995 autequam
883 1904 959 1979 fiant,
977 1903 1024 1963 scd
1043 1903 1117 1984 quod
1168 1905 1291 1984 θριύπων,
1312 1905 1358 1964 καί
1373 1907 1402 1963 ol
1418 1903 1488 1964 κατδ
1502 1904 1624 1983 ἀγάπην
1643 1905 1735 1964 Θεοῦ.
1758 1899 1840 1961 Ὅθεν

371 1983 430 2043 haec
449 1996 595 2043 certamina
610 2003 664 2046 noa
676 1997 786 2074 propter
798 2004 888 2065 ipsum
903 1996 1027 2064 suscepta
1039 1985 1094 2043 sint
1104 2029 1115 2062 ,
1169 1984 1354 2064 άσπλαγχνίαν
1365 1983 1514 2062 σύμύουλον
1530 1981 1778 2062 παραλαῦοῦσαι,
1844 2013 1858 2029 υ

305 2130 307 2135 ,
372 2061 421 2123 iod
444 2063 481 2123 ad
497 2062 645 2121 humanam
663 2075 878 2139 ostentationem,
903 2084 957 2124 non
974 2083 1010 2124 ex
1026 2084 1118 2123 amore
1169 2066 1199 2122 ού
1214 2063 1292 2140 μόνον
1307 2069 1353 2123 τοῦ
1366 2061 1522 2142 ἐπουρανίου
1536 2061 1676 2142 νυμφίου,
1694 2062 1772 2120 ἀλλὰ
1788 2061 1833 2119 καὶ

142 2185 145 2193 -
254 2192 256 2197 .
371 2141 435 2203 Dei.
455 2141 651 2217 Quamobrem,
664 2162 725 2220 quie
739 2141 963 2203 inhumanitatem
975 2142 1011 2202 ad
1030 2143 1118 2202 consi·
1171 2141 1264 2223 ρίστου
1277 2141 1339 2211 θέας
1351 2147 1397 2202 τοῦ
1411 2141 1579 2222 ὡραιοτάτου
1599 2138 1793 2221 παραδείσω.
1816 2140 1851 2199 Ἐ

223 3291 309 3337 naith.
323 3288 363 3337 οδ.

226 3367 263 3398 12.

229 4179 250 4210 t.
263 4160 355 4224 Journb

225 4316 313 4439 ptatih.
327 4317 367 4362 ού.

247 4391 265 4426 i.

328 4767 416 4842 ,pu

228 4839 368 4929 liiiztbad.

371 2220 442 2282 lium
451 2220 642 2294 adhibuerant,
652 2241 727 2280 nona
736 2221 834 2281 calesti
844 2243 940 2303 sponso
947 2221 1117 2303 tantumpri-
1170 2220 1252 2302 χωρίς
1265 2222 1370 2301 ἀγάπης
1379 2246 1405 2281 τι
1416 2222 1599 2292 ἐπιτελεῖται,
1620 2222 1684 2280 ἐκεῖ
1698 2225 1716 2280 θ
1731 2221 1862 2301 Χριστὸς

372 2315 519 2371 vataesuut,
531 2299 1221 2392 seiletiamrspeciusissimiparadisispecta·mirob
1243 2300 1291 2373 τὴν
1307 2300 1423 2380 κεφαλὴν
1444 2302 1543 2360 κλῖναι.
1559 2299 1622 2358 Καὶ
1643 2298 1782 2369 λοιπδνὴ
1853 2300 1860 2311 “

373 2377 662 2441 culoinsatiabili.Ubi
673 2399 745 2438 enim
753 2381 811 2440 sine
820 2381 931 2439 caritate
938 2380 1049 2459 quidvis
1056 2401 1116 2462 per-
1135 2379 1261 2440 λάδειαν
1275 2384 1386 2460 εὑροῦσα
1402 2380 1449 2439 καὶ
1461 2378 1545 2438 τόπον
1566 2377 1742 2458 ἀφύλακτον
1760 2412 1764 2425 1

372 2459 475 2535 ficitur,
488 2457 665 2519 ihichrisius
675 2478 728 2518 uon
739 2457 820 2519 habet
833 2460 879 2519 ubi
893 2472 1118 2541 caputsuumre·
1170 2459 1325 2532 πηδήσασα,
1339 2457 1607 2541 κατακρατείκαλκυ
1630 2457 1766 2537 ιεύειτοῦ
1799 2491 1804 2504 ι
1834 2493 1838 2506 .

372 2537 462 2598 cliuet.
479 2540 597 2615 Jamque
612 2535 795 2597 inhumanitas
806 2536 959 2599 libertatem
973 2553 1060 2609 naum,
1076 2538 1118 2600 lo-
1171 2560 1213 2597 atti
1226 2537 1275 2612 τὴν
1295 2538 1412 2618 ἀγάπην,
1445 2535 1569 2616 υγαδιύει
1584 2481 1644 2611 τίν
1661 2536 1850 2615 συμπάθειαν,

373 2636 437 2678 cum
459 2618 517 2678 sine
536 2612 660 2677 custodia
680 2630 818 2708 repertum
837 2618 977 2679 confestim
997 2617 1117 2679 insiliens
1170 2617 1299 2692 τδέλιος,
1312 2623 1361 2690 τῆς
1380 2562 1539 2698 epistites
1554 2615 1684 2694 ἄγγελον
1698 2615 1864 2696 ἀναγκάζει

371 2710 487 2777 occupat
509 2709 536 2756 et
552 2715 615 2756 cum
628 2696 743 2776 imperio
762 2710 842 2771 tenet,
866 2698 1003 2758 raritatem
1024 2698 1119 2789 expel-
1172 2699 1268 2778 ρῆσοιιΙ
1291 2697 1337 2757 καλ
1356 2698 1448 2759 λοιπδν
1473 2696 1615 2777 στερηθείς
1646 2696 1776 2763 δτάπος
1794 2702 1864 2766 τίςἱ

372 2775 417 2849 lit,
433 2774 691 2836 commiserationem
702 2776 789 2855 sugat,
805 2776 1018 2837 misericordiam
1030 2777 1117 2837 elimi-
1171 2776 1278 2856 ἀγάπης
1299 2777 1344 2836 καλ
1359 2785 1405 2837 τοῦ
1420 2775 1524 2843 ἐλέους,
1545 2773 1661 2855 γίνεται
1682 2781 1700 2837 δ
1720 2768 1799 2842 οἶκος
1809 2776 1857 2857 {pr

373 2868 430 2931 nat,
456 2856 583 2936 angelum
599 2853 674 2935 pacis
690 2853 813 2915 recedere
835 2856 907 2935 cogit
925 2880 933 2913 ι
955 2877 987 2915 ac
1007 2857 1118 2916 demum
1170 2856 1373 2937 κατοικητήριον
1384 2856 1481 2923 παντὸς
1493 2853 1596 2921 πάθους
1613 2856 1669 2914 καὶ
1682 2856 1859 2934 πνεύματος

373 2934 423 2994 tihi
435 2934 511 2995 locus
531 2934 582 2994 Dei
595 2953 687 2993 amore
700 2946 727 2993 et
745 2932 928 2995 misericordia
941 2956 1043 2995 vacuus
1055 2949 1115 3016 est,
1170 2958 1231 3010 του,
1252 2935 1298 2994 καί
1316 2935 1417 3014 γίνεται
1435 2939 1470 3013 γῆ
1485 2933 1622 3012 ἀλλοτρία
1637 2935 1691 2994 καί
1705 2941 1744 3013 γῆ
1764 2937 1857 2995 tenet

373 3014 471 3074 domus
486 3013 589 3073 deserta
602 3011 635 3071 fit
648 3011 835 3072 habitaculum
847 3014 936 3074 omnis
948 3014 1008 3072 vitii
1025 3015 1135 3075 etim··
1172 3014 1233 3074 ίνθα
1247 3013 1530 3092 Θεδςυύγινύσκεται.
1558 3014 1612 3073 Διὸ
1628 3012 1831 3087 ιέκούουσιτδ,

395 3093 439 3152 iiri
451 3091 574 3174 spiritus,
596 3104 666 3151 terra
679 3091 766 3152 aliena
777 3106 804 3152 et
817 3106 886 3153 terra
899 3091 1055 3163 oblivionis,
1068 3094 1116 3155 uhi
1172 3097 1249 3171 θμδς.
1272 3091 1310 3153 Ὦ
1320 3101 1366 3154 τοῦ
1375 3095 1459 3153 δεινοῦ
1471 3089 1565 3173 θηρίου
1574 3092 1701 3152 τούτου·
1717 3104 1801 3154 ποῖον
1814 3119 1839 3153 ιιι

374 3114 450 3233 bens
461 3193 514 3232 uon
528 3169 708 3248 cognoscitur.
724 3172 896 3253 Quapropter
908 3171 1023 3232 audiunt
1036 3173 1117 3248 illud,
1172 3171 1293 3251 ἀμπέλου
1305 3172 1431 3253 διέφθειρε
1445 3171 1490 3230 καί
1501 3173 1549 3229 οὐκ
1561 3172 1751 3246 ἐνεπλήσθη,
1764 3173 1840 3243 Aba,
1856 3230 1862 3249 γ

375 3255 482 3312 Nescio
499 3272 562 3311 vos.
585 3250 768 3312 Oimmanem
788 3249 884 3312 leram!
947 3253 1017 3312 alem
1030 3253 1117 3313 vinea
1172 3253 1203 3313 τδ
1213 3254 1312 3324 πλῆθος
1332 3256 1384 3309 τῶν
1399 3253 1425 3321 ἐξ
1438 3250 1579 3326 εὐωνύμων
1594 3253 1743 3322 κατέπιε,
1759 3254 1856 3331 πράξειν

374 3334 494 3391 fructum
512 3329 648 3419 corrupit,
664 3349 712 3388 nec
726 3331 820 3390 satiata
833 3328 888 3390 est!
931 3353 969 3391 aec
983 3333 1055 3391 euim
1070 3347 1117 3392 to·
1173 3331 1238 3410 μάνη
1253 3337 1298 3390 τοῦ
1314 3332 1454 3411 nephesch
1468 3328 1589 3389 αἰωνίου·
1608 3330 1687 3403 αῦτη
1701 3332 1751 3391 τὸν
1765 3334 1847 3393 τόπον

375 3425 431 3471 tani
445 3431 505 3488 quie
517 3432 533 3468 a
546 3408 662 3467 sinistris
675 3422 732 3467 erat
747 3410 949 3470 multitudinem
964 3411 1116 3485 devoravit,
1171 3422 1230 3478 ταῖς
1241 3411 1367 3481 διανοίαις
1379 3413 1432 3468 τῶν
1445 3408 1524 3467 πέντε
1540 3413 1647 3489 μωρῶν
1661 3412 1825 3490 παρθένων,
1841 3437 1857 3470 κ

375 3490 480 3570 ipsique
500 3488 589 3567 ignem
606 3499 735 3545 aternum
751 3489 906 3548 conciliavit
919 3513 925 3545 ι
939 3489 997 3549 hac
1009 3490 1118 3551 invento
1135 3504 1154 3550 lt
1173 3490 1320 3571 μαθητρίας
1341 3489 1495 3561 ποιήσασα,
1516 3489 1564 3547 καὶ
1586 3488 1641 3557 τδις
1666 3492 1758 3569 θύρας
1775 3499 1824 3551 τοῦ
1836 3517 1856 3549 ν

375 3569 404 3629 in
417 3570 537 3647 quinque
549 3566 685 3624 fatuarum
698 3567 837 3643 virginum
849 3568 946 3626 animis
960 3569 1029 3639 loco,
1055 3590 1118 3630 cuin
1172 3572 1309 3641 κλείουσα,
1320 3569 1496 3648 άγνωρίστους
1506 3568 1587 3641 αύτδις
1598 3574 1651 3627 τοῦ
1665 3572 1793 3649 νυμφίου
1803 3595 1864 3630 παι-

375 3649 447 3730 ipsas
463 3645 612 3726 discipulas
624 3642 677 3703 sibi
690 3645 804 3719 iecisset,
823 3662 849 3706 et
862 3647 991 3727 nuptialis
1005 3648 1118 3709 thalami
1172 3645 1646 3727 σεκὨκάκιστονκαὶάχύρταστον
1660 3650 1781 3730 θηρίον·
1805 3652 1829 3710 .’
1863 3689 1864 3696 ι

376 3742 467 3809 portas
481 3723 628 3793 clausisset,
643 3724 748 3813 ignotas
762 3726 824 3785 illas
836 3748 933 3807 sponso
946 3726 1076 3790 reddidit.
1092 3730 1117 3788 0
1171 3727 1329 3801 πιι,τιο’σους
1338 3726 1562 3807 ηράνιοε,πύσους
1571 3726 1834 3804 ἐρόνευσε,πο’σους

397 3809 522 3867 essimam
538 3819 564 3865 et
588 3804 767 3864 insatiabilem
791 3807 893 3869 ieram!
917 3830 999 3886 quam
1018 3809 1117 3868 multos
1172 3832 1216 3870 σευ
1231 3806 1322 3887 ἐκείνῳ
1332 3810 1370 3885 τῷ
1381 3806 1462 3886 πυρί,
1473 3805 1541 3864 Ἀλλ’
1556 3807 1618 3884 ούχὶ
1635 3817 1699 3874 τοῖς
1712 3811 1837 3887 εύσττλ’Ι
1854 3879 1860 3888 ,

375 3829 528 3962 devoravit,
552 3905 636 3964 quam
660 3886 759 3945 multos
782 3885 893 3957 delevit,
915 3909 996 3965 quam
1018 3888 1117 3947 multos
1172 3888 1320 3964 ἐλεήμοσιν,
1336 3885 1790 3968 μὴγένοιτοααυχᾶταεγδιρδν
1824 3890 1832 3959 ζ
1859 3925 1861 3936 .

376 3967 485 4040 occidit,
497 3987 580 4046 quam
594 3962 694 4024 multos
706 3965 735 4024 in
748 3965 796 4025 illo
812 3966 873 4046 igne
901 3967 1065 4029 combussit!
1082 3972 1119 4027 ht
1172 3991 1237 4035 οεως
1251 3964 1288 4043 μὴ
1305 3964 1477 4042 πτοούμενος·
1493 3963 1527 4023 ‘ll
1541 3909 1595 4042 γάρ
1608 3967 1711 4026 τελεία
1723 3952 1854 4046 ἀγάπηέ

376 4069 430 4107 uon
440 4047 581 4107 clementes
593 4059 620 4103 et
635 4043 821 4105 misericordes
834 4046 942 4119 invasit,
958 4046 1047 4105 absit:
1060 4046 1118 4125 glo·
1171 4049 1213 4106 λιι
1226 4047 1270 4106 τδν
1281 4044 1376 4123 φύύον·
1388 4043 1456 4102 ἀλλὰ
1468 4048 1506 4123 τῷ
1517 4043 1640 4124 διαάολῳ
1652 4047 1834 4126 ἡτοίμασται
1863 4091 1864 4094 ¹

377 4127 463 4186 riatur
474 4127 545 4185 enini
559 4123 721 4194 misericors,
736 4147 786 4184 nec
794 4125 930 4205 judicium
942 4125 1119 4185 timettper-
1173 4125 1302 4185 ἀθάνατον
1321 4123 1409 4204 φωνὴν
1425 4127 1471 4181 τοῦ
1496 4122 1614 4202 Κυρίου,
1632 4127 1686 4184 καλ
1703 4136 1766 4195 τοῖς
1782 4132 1849 4207 ἀγγ-

376 4209 458 4287 secta
473 4202 544 4265 euim
562 4209 672 4268 caritas
683 4207 765 4281 foras
780 4209 869 4264 mittit
890 4209 1032 4264 timorem.
1054 4204 1120 4280 Sed,
1173 4213 1228 4265 τοῦ.
1242 4203 1315 4282 Ἐγὼ
1336 4205 1364 4262 δὲ
1382 4203 1467 4280 λέγω,
1488 4203 1604 4268 καὶτοῖς
1624 4210 1776 4278 μαθηταῖς
1791 4212 1853 4266 «ὗς.

378 4283 525 4345 secundum
548 4283 728 4346 immortalem
742 4284 853 4344 Domini
876 4305 986 4355 vocem,
1011 4284 1120 4344 diabolo
1173 4275 1210 4344 ὧν
1222 4283 1274 4362 πρὸ
1288 4289 1383 4361 μικροῦ
1396 4282 1580 4361 διηγησάμεθα
1597 4284 1658 4339 τῶν
1672 4307 1707 4342 τε
1721 4286 1752 4354 ἐξ
1768 4288 1863 4363 εύωνύΙ

378 4376 488 4445 paratus
498 4375 537 4420 est
548 4363 654 4440 igniret
665 4364 768 4439 angelis
780 4366 848 4442 ejus.
865 4362 924 4441 Ego
937 4378 1027 4422 autem
1036 4363 1118 4440 addo,
1173 4367 1226 4423 τῶν
1238 4367 1334 4441 μωρῶν
1351 4362 1496 4462 παρθένων.
1515 4351 1601 4419 Οὗτοι
1615 4361 1729 4431 πάντες
1748 4367 1800 4425 καὶ
1814 4367 1837 4425 t

378 4457 405 4503 et
417 4442 560 4522 discipulis
569 4443 638 4522 ejus,
649 4446 684 4504 de
694 4443 793 4523 quibus
807 4443 909 4502 modol
946 4443 1120 4517 uutisiimus,
1174 4442 1662 4521 οίτδύμοιαπραττοντες,μαθηταί
1678 4446 1770 4505 αὐτοῦ
1783 4471 1863 4526 τυγγ

377 4522 413 4584 de
426 4523 460 4582 iis
474 4543 569 4602 nempe
582 4523 657 4600 quia
675 4522 790 4583 sinistris
803 4537 866 4581 sunt
879 4537 905 4582 et
942 4522 1122 4602 evirginibus
1175 4521 1250 4592 Αὕτη
1271 4521 1317 4580 καί
1341 4521 1385 4580 τὸν
1411 4520 1534 4579 πλούσιον
1555 4521 1662 4578 ἐκεῖνον
1684 4515 1861 4600 μαθητὴνλ

378 4604 471 4663 fatuis.
494 4602 528 4661 Hi
543 4622 635 4663 omnes
648 4602 753 4663 tandein
767 4601 813 4680 qui
828 4603 928 4661 similia
948 4617 1052 4681 agunt,
1074 4601 1119 4661 di·
1174 4601 1345 4682 προεξίνησεν
1362 4601 1433 4680 αύτῷ
1453 4601 1497 4658 τδν
1518 4597 1599 4656 τόπον
1624 4601 1737 4662 ἐκεῖνον
1764 4609 1818 4675 τῆς
1841 4610 1857 4682 β

269 4700 272 4707 ’
379 4682 477 4820 scipuli
489 4683 547 4759 ejus
559 4697 630 4742 suut.
646 4684 710 4743 Hac
719 4696 746 4742 et
756 4681 869 4739 divitem
882 4683 960 4740 illum
974 4682 1025 4740 sihi
1036 4680 1120 4742 disci·
1138 4703 1163 4751 ο
1174 4681 1235 4740 ἔνθα
1257 4679 1497 4759 καταρλιγόμενος,
1519 4675 1624 4756 ὑψηλάς
1659 4683 1743 4762 ἠφίει
1766 4686 1860 4765 φωνὰς

430 4784 476 4822 um
497 4764 617 4838 lactum,
641 4763 669 4823 in
699 4763 788 4822 locum
820 4761 896 4819 illum
926 4774 1121 4821 tormentorum
1176 4759 1330 4837 Ὀδυνῶμαι
1351 4761 1378 4817 ἐν
1397 4756 1630 4838 τῇρλογίταύτη·
1647 4763 1792 4831 τοιαύτας
1807 4765 1844 4844 γδ

379 4841 504 4913 detrusit,
525 4841 571 4901 ubi
588 4843 743 4902 combustus
758 4841 815 4934 alta
833 4862 899 4931 vore
917 4841 1034 4900 clamat:
1049 4843 1121 4900 Crit-
1175 4839 1313 4921 χαρίζετσι
1329 4841 1345 4909 ἡ
1360 4835 1530 4924 άσπλαγγνία
1542 4845 1598 4903 τοῖς
1611 4841 1770 4936 ἀγαπῶσιν
1784 4848 1853 4916 αὐτη

380 4926 443 4982 cior
452 4926 485 4981 in
495 4924 552 4980 bac
560 4922 684 4997 (lamma
696 4947 705 4979 .-
718 4919 872 4997 hujusmodi
884 4941 999 4999 namque
1011 4941 1122 4980 munera
1175 4920 1227 4999 γδιρ
1240 4920 1286 4978 καί
1298 4918 1329 4976 τδ
1338 4916 1394 4997 χάσ
1417 4940 1433 4975 α
1448 4920 1531 4976 ἐκεῖνο
1540 4916 1570 4974 τὸ
1583 4915 1709 4983 ἐξαισιον
1723 4920 1814 5002 ὤρυξε
1830 4949 1852 4982 π

364 5000 495 5090 ⁴largitur
520 4991 702 5060 inhumanitas
728 4999 905 5079 diligentibus
933 4999 1017 5058 illam.
1058 5000 1123 5060 llaec
1175 4998 1249 5058 τύπου
1270 5000 1366 5071 αὐτοῦ,
1388 4942 1431 5054 lie
1454 4997 1490 5073 μὴ
1508 4994 1620 5072 ἐσρύσας
1643 4999 1718 5060 ποτὲ
1746 5004 1859 5084 περάαν,

380 5100 497 5159 namque
510 5079 617 5139 hiatum
632 5081 709 5140 illum
720 5081 865 5139 immanem
878 5092 939 5138 ante
951 5092 1123 5160 conspectum
1175 5077 1257 5138 τύπον
1279 5074 1410 5149 ἀνύσεως,
1430 5075 1477 5134 καὶ
1498 5074 1599 5154 ὡρήση
1622 5079 1808 5142 ἀνάπαυσιν·
1832 5093 1864 5142 iat

380 5161 439 5238 ejus
449 5159 528 5250 fodit,
541 5180 575 5252 ne
588 5181 708 5252 unquam
725 5160 762 5219 ad
775 5159 875 5250 requiei
889 5159 981 5218 locum
997 5159 1124 5250 transiret
1175 5161 1190 5218 δ
1223 5156 1288 5228 utils
1302 5155 1471 5215 τῶνλάκκων
1484 5153 1713 5295 καλθημιωργδς
1723 5161 1863 5243 τυγχάνει

380 5252 543 5318 requietem
555 5239 888 5322 iuveniret:haecquippe
899 5241 974 5300 lacus
986 5238 1081 5300 effodit
1096 5252 1123 5300 et
1176 5232 1479 5320 γρτέχνηντδθηρίον
1492 5253 1632 5295 marowa
1658 5236 1816 5306 κίσταται.
1846 5252 1856 5296 Ι
