3728 5978
131 459 200 554 164
458 485 488 533 s.
511 483 651 533 somnis
678 481 860 533 criarsosr.
889 484 1046 534 sucrum.
1071 486 1338 540 musranrrnor.

124 617 258 694 probibet
268 636 314 674 me
324 619 487 695 baptizari?
499 614 596 676 Viden'
616 615 673 696 ejus
686 612 868 672 desiderium?
923 613 1005 696 Ὁρᾷς
1017 619 1095 676 αὐτοῦ
1108 616 1157 690 τὴν
1169 617 1310 696 ἐπιθυμίαν
1319 643 1328 693 ;
1338 619 1381 678 Οθ
1393 615 1485 693 λέγει,
1501 617 1634 696 βάπτισίν
1646 641 1695 695 με,

126 711 186 769 Νοιι
204 708 283 783 dicit,
300 709 409 791 Baptiza
429 731 486 786 me3
500 730 586 787 neque
597 721 675 785 tacet,
689 706 735 767 sed
748 705 870 767 modium
923 704 981 766 οιίτε
996 719 1099 788 σιωπᾷ·
1115 707 1185 769 ant
1205 709 1284 787 μέσον
1309 735 1335 770 τι
1355 708 1400 771 καί
1422 714 1471 781 τῇς
1495 708 1696 788 ἐπιθυμίαςκαὶ

126 801 265 883 quidpiam
283 801 352 860 inter
363 800 527 862 desiderium
540 814 567 860 et
588 800 764 860 reverentiam
782 797 871 879 loqui·
922 802 970 871 τῇς
983 800 1121 870 εὐλαὸείας
1135 801 1289 883 φθέγγεται,
1301 802 1385 883 λέγων
1398 826 1405 840 ·
1424 801 1461 862 Τί
1474 801 1573 862 κωλύει
1590 826 1626 880 με
1644 805 1695 879 βα-

128 906 181 952 tnr.
196 894 276 971 Quid
282 894 416 972 prohibet
428 913 475 951 me
490 895 655 972 baptizari?
664 889 748 968 Vide,
758 911 870 969 quomo·
923 895 1082 970 πτισθῇναι,
1092 892 1182 973 Ὅρα,
1194 893 1292 963 πῶςτί
1299 893 1419 974 δόγματα
1428 892 1619 976 ἀπηρτισμένα
1627 883 1695 974 εἶχε·

89 988 92 997 '
128 987 164 1047 do
173 987 296 1046 absoluta
309 984 435 1066 dogmata
446 985 556 1063 habuit3
567 1006 629 1044 nam
640 984 770 1066 propheta
780 984 870 1044 omnia
925 982 972 1042 καί
986 983 1039 1065 γδρ
1053 989 1069 1044 δ
1081 985 1219 1066 προφήτης
1236 985 1324 1046 πάντα
1337 995 1473 1068 περιεῖχε,
1489 986 1538 1059 τὴν
1552 986 1696 1068 σάρκωσιι,

129 1080 291 1158 continebat,
302 1079 521 1155 incarnationem,
531 1078 690 1161 passionem,
700 1076 871 1139 resurrectio·
924 1074 955 1135 τδ
974 1076 1074 1150 πάθος,
1086 1076 1135 1150 τὴν
1149 1079 1305 1154 ἀνάστασιν,
1321 1077 1369 1150 τὴν
1384 1078 1527 1160 ἀνάληψιν,
1545 1077 1596 1151 τὴν
1610 1077 1695 1160 κρίσιν

129 1192 202 1250 nem,
217 1170 420 1248 assumtionem,
434 1171 557 1230 futurum
575 1168 729 1251 judicium:
740 1190 800 1248 qna
819 1168 871 1251 ipsi
925 1166 973 1240 τίν
989 1169 1149 1248 μέλλουσαν·
1165 1170 1225 1246 δδὴ
1241 1171 1287 1231 καί
1298 1169 1384 1243 πολλὴ
1366 1169 1461 1244 ὴντῇν
1471 1168 1694 1249 ἐπιθυμίαναθιῇι

130 1285 258 1344 magnum
277 1263 397 1324 indidere
417 1261 592 1322 desiderium.
614 1261 772 1321 Erubescite
794 1275 872 1340 qnot-
927 1259 1044 1338 peditam
1073 1262 1238 1336 ἐνεποίησαν.
1268 1262 1436 1344 Αίσχιίνθητε
1463 1261 1521 1324 ὅσοι
1553 1262 1695 1344 δφώτισιοι

74 1410 81 1425 ,
129 1370 196 1436 quot
209 1355 331 1419 nondum
353 1355 499 1416 illuminati
518 1355 588 1414 estis
605 1357 646 1413 Et
654 1358 754 1435 jussit,
770 1353 871 1433 inquit,
925 1352 1080 1434 τυγχάνετε.
1103 1355 1157 1415 Καὶ
1181 1354 1317 1428 ἐκέλευσε,
1342 1355 1420 1437 φησί,
1440 1361 1536 1429 στῆναι
1560 1355 1593 1415 τδ
1611 1355 1693 1435 δρμα.

132 1461 211 1507 stare
227 1468 353 1508 currum.
378 1446 465 1507 Simul
487 1445 559 1505 dixit
579 1460 606 1505 et
626 1445 784 1526 imperarit,
799 1460 907 1507 ante-n
925 1442 997 1522 Ἅμα
1018 1435 1074 1506 είπε
1096 1447 1143 1506 καί
1156 1446 1283 1520 έπέταίε,
1304 1445 1367 1529 πρίν
1381 1445 1399 1518 ἢ
1414 1445 1523 1528 ἀκυίσῃ.
1534 1444 1584 1513 Ὡς
1597 1444 1625 1504 δί
1639 1443 1695 1504 οἰνέ-

132 1538 332 1618 quamandiret.
339 1539 870 1620 Cumautemascendissentdeapua,
926 1535 1010 1609 θησαν
1030 1539 1083 1600 δπδ
1097 1544 1143 1599 τοῦ
1164 1536 1274 1614 υδατος,
1287 1541 1401 1619 Πνεῦμα
1413 1538 1512 1617 Κυρίου
1530 1536 1677 1617 ἥρπασε
1652 1558 1695 1596 τον

130 1632 252 1712 Spiritus
272 1627 394 1690 Domini
418 1635 517 1710 rapuit
541 1630 722 1709 Philippum.
742 1629 832 1689 Bene·
824 1673 832 1688 .
825 1643 873 1690 ·ut
926 1630 1073 1695 Φίλιππον.
1087 1636 1183 1702 Καλῶς
1194 1678 1202 1707 ,
1213 1632 1257 1692 lua
1270 1637 1337 1693 θεῖον
1350 1631 1478 1714 δειχθῇ
1453 1655 1485 1691 το
1491 1652 1640 1710 γινομενον,
1652 1627 1696 1700 καί

128 1724 314 1784 ostenderetur
324 1721 448 1783 divinam
458 1721 542 1780 fuisse
554 1741 611 1779 rem
630 1733 726 1794 aetam,
740 1734 766 1779 et
777 1742 811 1780 ne
821 1743 873 1803 pu·
925 1721 969 1782 ίνα
984 1723 1021 1803 μὴ
1031 1722 1145 1804 νομίσῃ,
1157 1724 1200 1786 δτι
1210 1724 1347 1806 δνθροιπές
1357 1728 1429 1786 ἐστιν
1444 1726 1545 1791 ἁπλῶς.
1564 1720 1619 1782 Καί
1632 1723 1694 1793 ἐπο-

131 1829 198 1874 taret
209 1815 345 1875 hominem
356 1835 412 1873 esse
422 1813 571 1893 vulgarem.
582 1814 622 1871 Et
633 1815 706 1887 ibat,
717 1812 813 1892 inquit,
821 1837 874 1895 per
928 1814 1028 1898 ρεύετο,
1040 1815 1121 1896 φησὶ,
1142 1817 1190 1891 τὴν
1203 1817 1262 1877 θδδν
1275 1820 1355 1878 αὐτοῦ
1374 1817 1485 1899 χαίρων.
1502 1818 1614 1875 ’Τοῦτο
1624 1805 1694 1890 εἶπε,

132 1911 215 1966 uiam
226 1928 310 1966 samm
321 1907 460 1986 gaudens.
472 1904 529 1963 Hoc
541 1903 620 1975 dicit,
631 1903 771 1964 ostendens
783 1904 873 1986 ipsum
927 1906 1042 1979 δεικνὺς,
1063 1907 1105 1968 δτι
1130 1909 1248 1982 ἐλυπήθη
1273 1908 1313 1983 δν,
1334 1911 1358 1969 εί
1373 1910 1454 1988 ἔγνον·
1477 1906 1561 1974 οὕτως
1581 1905 1634 1966 ὑπὸ
1650 1911 1695 1980 τῇς

131 2019 201 2080 agre
223 1999 342 2060 laturum
367 1999 465 2073 fuisse,
482 1997 506 2056 si
525 1996 647 2056 scivisset
658 1995 713 2055 :sic
731 2018 766 2056 ex
786 1997 874 2058 multo
926 2001 1026 2071 πολλῇς
1044 2012 1143 2082 χαρᾶς,
1156 2000 1243 2061 καίτοι
1263 2000 1418 2081 Πνείματος
1433 1998 1622 2071 καταίιιυθείς,
1639 1997 1696 2060 oct

131 2092 241 2171 gaudio,
251 2092 300 2151 etsi
311 2091 417 2172 Spiritu
430 2089 568 2169 dignatus,
579 2088 720 2170 praesentia
732 2110 784 2149 non
796 2089 873 2152 ride-
926 2089 997 2171 ἐώρα
1011 2091 1046 2153 τδι
1065 2092 1194 2175 παρόντα.
1208 2092 1263 2153 Καί
1280 2093 1392 2173 εὑρέθη,
1415 2091 1507 2174 φησίν,
1522 2093 1560 2160 είς
1574 2090 1695 2160 Ἄζωτον.

130 2187 187 2245 bat.
206 2188 246 2245 Et
262 2191 397 2245 inventus
410 2196 463 2257 est,
477 2183 577 2262 inquit,
590 2186 623 2241 in
633 2183 741 2244 Azoto.
753 2184 874 2243 Multum
927 2182 1005 2264 Μέγα
1021 2188 1136 2246 ἐντεῦθεν
1147 2185 1218 2246 καίδ
1233 2184 1370 2252 Φίλιππος
1382 2184 1529 2264 ἐκέρδανεν.
1544 2183 1636 2267 Ὅπερ
1648 2183 1696 2266 γδρ

130 2277 195 2336 hinc
208 2277 353 2358 Philippus
367 2277 487 2335 lucratus
502 2289 549 2335 est.
564 2275 635 2334 Nam
655 2275 728 2352 quod
751 2275 875 2336 andierat
925 2275 1023 2348 ἤκουσε
1041 2276 1169 2358 περὶτῶν
1186 2280 1339 2359 προφητῶν,
1360 2276 1421 2359 περί
1438 2274 1615 2356 ’λμδακοίιμ,
1639 2276 1696 2358 περί

131 2370 166 2430 de
181 2370 330 2452 prophetis,
342 2369 376 2430 de
386 2369 504 2447 Abacuc,
519 2367 554 2427 de
567 2366 707 2426 Ezechiele
717 2382 744 2427 et
757 2368 829 2448 aliis,
844 2368 873 2428 in
926 2365 1054 2441 Ἱεζεκιὴλ
1071 2368 1182 2429 καὶτῶν
1197 2369 1295 2442 ἄλλων,
1307 2358 1373 2429 ε’ίδεν
1390 2370 1432 2428 ἐπ’
1447 2371 1526 2428 αὐτοῦ
1547 2367 1696 2448 γενόμενον,

129 2484 157 2522 se
169 2464 269 2522 sactum
280 2461 364 2540 vidit,
375 2460 423 2540 qui
436 2461 465 2519 in
479 2472 614 2519 momento
624 2459 739 2517 multam
751 2480 874 2520 emensus
925 2458 991 2529 δςέν
1000 2463 1094 2543 ἀκαρεῖ
1106 2461 1239 2522 δείκνυται
1252 2461 1354 2535 πολλὴν
1367 2462 1425 2522 δδδν
1440 2459 1576 2537 ἀπελθὼν,
1590 2461 1617 2520 εί
1631 2485 1660 2542 γε
1671 2466 1696 2523 έν

128 2555 202 2617 viam
218 2555 378 2631 ostenditur,
393 2551 528 2632 siquidem
538 2551 567 2609 in
580 2553 663 2609 Azoto
682 2550 808 2613 inventus
822 2565 871 2631 est,
889 2567 909 2615 c
924 2551 1029 2635 Ἀζώτιρ
1045 2554 1154 2635 εὑρέθη,
1168 2554 1213 2614 καί
1231 2557 1285 2614 ἐκεῖ
1295 2553 1388 2614 λοιπδν
1399 2551 1525 2627 ίσιαται,
1540 2551 1605 2613 ἔνθα
1622 2554 1697 2615 αθτδν

129 2662 155 2708 et
172 2647 230 2707 illic
243 2647 353 2707 demum
371 2659 440 2722 stat,
462 2643 509 2703 ubi
523 2641 706 2722 evangelizare
721 2644 871 2724 oportebat.
924 2644 970 2705 καί
982 2645 1202 2727 εθαγγελίσασθαι
1211 2645 1272 2707 ἔδει.
1287 2642 1426 2713 Zamae&
1439 2643 1479 2704 ἔτι
1489 2643 1613 2724 ἐμπνέων
1625 2648 1699 2707 ἐπει·

15 2755 35 2784 ‘-
64 2756 86 2786 r.
130 2746 159 2803 ί.
178 2745 284 2804 Saulus
305 2755 404 2802 autem
424 2742 521 2800 adhue
542 2744 659 2820 spirans
681 2743 827 2799 minarum
845 2754 875 2800 et
924 2737 972 2810 λῇς
983 2738 1028 2797 καί
1043 2738 1119 2820 φέναι
1134 2743 1171 2807 είς
1183 2739 1243 2808 τοθς
1258 2737 1378 2817 μαθητὰς
1390 2743 1436 2797 τοῦ
1447 2735 1564 2816 Κυρίαι,
1580 2738 1697 2817 προσιλ·

129 2837 217 2895 coedis
231 2840 263 2894 in
277 2834 434 2914 discipulos
450 2834 583 2904 Domini,
600 2831 722 2890 accessit
737 2832 779 2889 ad
789 2835 872 2911 prin·
925 2828 976 2889 θὼν
988 2834 1026 2912 τῷ
1045 2832 1177 2915 ἀρχιερεῖ,
1197 2831 1317 2914 ᾐτήσατο
1334 2833 1398 2912 παρ’
1413 2833 1491 2891 αὐτοῦ
1504 2827 1651 2898 pmmpp,
1663 2831 1698 2899 ,χ

128 2930 221 3007 cipem
233 2927 426 2997 sacerdotum,
444 2928 473 2983 9.
488 2934 517 2981 et
535 2924 619 3003 petiit
637 2924 675 2981 ab
690 2941 723 2980 eo
733 2924 872 3002 epistolas
925 2923 1070 3000 Δαμασκδν
1083 2924 1148 3006 πρὸς
1161 2923 1208 2992 τὰς
1222 2920 1392 3004 συναγωγὰς,
1401 2924 1490 2997 ὅπως,
1503 2921 1537 2983 ἄν
1550 2944 1627 2990 τινας
1638 2920 1697 3003 ⁸5?ss

128 3025 160 3078 in
171 3021 353 3078 Damascum
365 3019 407 3077 ad
415 3037 603 3098 synagogas:
617 3028 648 3074 ut
661 3018 688 3074 si
702 3035 775 3096 quos
788 3020 870 3077 inve·
923 3019 971 3088 τῇς
990 3017 1049 3075 ὁδοῦ
1063 3015 1139 3084 ὄντας
1155 3016 1251 3100 ἄνδρας
1264 3040 1293 3076 τε
1314 3016 1360 3076 καὶ
1376 3024 1520 3097 γυναῖκας,
1544 3012 1696 3093 δεδεμέναις

128 3118 218 3173 nisset
239 3115 324 3194 liujus
348 3098 407 3169 ‘nioe
428 3115 509 3168 viros
531 3130 568 3167 ac
587 3109 733 3181 mulieres,
754 3112 871 3171 vinctos
923 3104 1696 3191 ἀγᾶγῇείςἹερωωλήμ,Εῡκαίρωςπαμχςαχῃχπρχ

124 3205 293 3284 perduceret
308 3205 340 3261 in
353 3201 528 3260 Jerusalem.
552 3200 713 3280 Opportune
735 3199 813 3258 Pauli
830 3222 866 3261 ne
922 3204 968 3258 τοῦ
980 3200 1058 3273 ζήλου
1068 3207 1114 3261 τοῦ
1123 3199 1241 3274 Παύλου,
1254 3200 1298 3260 ίνα
1309 3198 1476 3282 &diffideres
1487 3194 1564 3282 μέσῳ
1575 3201 1615 3279 τῷ
1627 3197 1696 3282 ζήλῳ

126 3296 183 3356 lum
206 3294 252 3354 hic
273 3294 394 3370 inducit,
410 3306 440 3351 ut
462 3291 542 3351 illum
566 3288 654 3350 medio
675 3290 731 3349 zelo
753 3303 870 3353 tractum
921 3288 1695 3377 έλκετσι.ΟὐδέπωγδρκορεσθείςτῷφόνῳΣτεφάνω,ὠδί

125 3388 256 3448 ostendat.
272 3386 401 3445 Nondum
420 3383 492 3444 enim
512 3382 623 3441 satiatus
646 3403 709 3441 nece
726 3382 869 3464 Stephani,
922 3386 1083 3460 ἐμπλησθεὶς
1100 3389 1139 3467 τῷ
1159 3387 1268 3466 amp,
1284 3387 1330 3457 ,ἧς
1345 3383 1508 3458 Ἐ,,,,χ,,,ραις
1525 3381 1572 3444 „p
1586 3386 1621 3462 ,tp
1636 3382 1695 3441 pm„

125 3501 209 3560 neque
223 3478 426 3584 persequutione
439 3497 470 3535 ae
485 3473 650 3556 dispersione
672 3473 810 3555 Ecclesia,
825 3499 870 3538 ae·
921 3497 989 3555 σπορ
991 3484 1009 3556 p
1013 3476 1201 3558 ,πρόσεισι
1171 3480 1209 3537 τῶ
1223 3481 1240 3537 ἀ
1243 3484 1350 3592 ρχιερεῖ.
1364 3475 1496 3537 Ἐνταῦθα
1506 3473 1695 3556 πληροῦταιεδ

124 3573 195 3632 cedit
208 3572 243 3632 ad
256 3570 406 3653 principem
420 3567 599 3628 sacerdotum.
623 3565 676 3625 Hic
700 3565 828 3648 impletur
841 3568 870 3627 id
887 3573 905 3620 θ
921 3591 960 3626 πα
962 3566 1109 3649 ρδτοῦΧρ
1112 3592 1182 3630 ιστου
1166 3566 1316 3652 *sipla*
1278 3591 1337 3636 τους
1352 3568 1472 3649 μαθητὰς
1486 3567 1637 3648 εἰρημένον,
1652 3564 1693 3626 &a

6 3685 57 3718 ‹en-¹
81 3665 198 3744 :aqum
219 3664 344 3724 Christus
365 3660 509 3742 discipulis
522 3659 613 3719 dixit:
628 3661 714 3718 Venit
736 3661 820 3739 liora,
836 3674 869 3721 ut
920 3656 957 3719 E
960 3683 1050 3741 χεται
1066 3660 1138 3742 ὥρα,
1151 3660 1195 3720 ίνα
1216 3672 1268 3729 ποις
1281 3666 1296 3721 θ
1310 3659 1466 3727 ἀποκτείνας
1479 3663 1548 3738 ὑμᾶς
1568 3657 1630 3740 δοίῇ
1645 3660 1693 3718 λα·

125 3764 219 3821 omnis
240 3763 292 3841 qui
312 3759 450 3839 interficit
475 3776 540 3825 nos,
563 3757 724 3813 arbitretur
741 3774 772 3812 se
786 3758 936 3814 obse-r
920 3752 1009 3835 τρείαν
1034 3753 1246 3871 προσφέρειν
1212 3778 1249 3834 τῳ
1272 3756 1343 3833 Θεῷ.
1357 3745 1461 3820 1Ὀὗτος
1474 3742 1579 3831 μέν’
1546 3774 1593 3811 σιν
1612 3750 1694 3819 οὗτος

124 3844 225 3935 quium
248 3865 388 3932 praestare
408 3851 484 3908 Deo
512 3845 587 3905 Hic
579 3844 665 3924 igitur
681 3844 867 3923 sicfaciehat,
919 3844 1003 3905 ἐποίει
1012 3849 1081 3928 ο,ὐχ
1097 3850 1133 3914 ίις
1147 3811 1285 3905 ’laudaiae
1302 3843 1385 3923 μγέῆ
1384 3866 1463 3904 νοιτο.
1478 3843 1546 3904 Οτι
1556 3843 1610 3926 γδρ
1620 3843 1692 3924 (vulp

122 3968 176 4006 non
187 3961 218 4005 ut
230 3944 330 4020 Judaer,
341 3942 422 4003 absit
436 3937 520 4015 Quod
530 3959 602 3998 emm
611 3938 710 3997 exaelo
720 3937 749 3996 ul
761 3939 867 4017 laceret
918 3937 1018 4013 ἐποίει,
1034 3941 1112 4009 δῆλον
1126 3942 1156 3999 ἐκ
1170 3945 1216 3997 τοῦ
1235 3937 1333 4006 καλεῖς
1346 3935 1393 4006 τὰς
1407 3936 1457 4007 ἐίιυ
1470 3935 1563 4003 πόλεις
1576 3935 1691 3996 ἀπιέναι.

122 4039 186 4098 hinc
198 4038 291 4120 palam
303 4048 354 4114 est,
369 4031 441 4113 quod
454 4031 490 4090 ad
503 4044 607 4090 exteras
620 4029 743 4091 civitates
765 4029 866 4109 migra·
918 4028 1033 4090 Ἐκεῖνοι
1047 4029 1112 4090 δέ
1084 4054 1142 4090 ουτε
1157 4029 1206 4101 κδιν
1217 4034 1268 4089 τῶν
1279 4034 1306 4089 ἐν
1322 4028 1515 4110 Ἱεροσολυμοις
1524 4026 1692 4109 ἐφρόντισαν,

121 4147 170 4191 ret.
184 4131 244 4191 lllis
255 4151 320 4191 vero
341 4146 427 4205 noque
437 4145 478 4201 ea,
491 4144 550 4200 quae
564 4120 740 4202 lerosolymis
751 4120 863 4199 fiebant,
919 4123 978 4182 ἀλλ’
986 4122 1040 4190 ένδς
1050 4122 1211 4204 ἐγένοντο’
1176 4144 1255 4202 μονου
1266 4145 1312 4182 του
1321 4125 1401 4197 τιμῆς
1411 4120 1564 4182 ἀπολαυειν.
1570 4119 1692 4182 nitetur

120 4236 295 4297 caruerant,
309 4219 355 4281 sod
369 4239 453 4277 unum
472 4212 794 4274 sectabanturhonorem.
810 4167 866 4273 cui
917 4216 953 4280 είς
967 4215 1111 4292 Δαμασκὸν
1124 4213 1278 4296 ἐπορεύετο,
1295 4215 1407 4294 Μεγάλη
1422 4215 1440 4286 ἡ
1455 4204 1570 4280 nolte*
1551 4238 1595 4288 ην,
1615 4217 1691 4292 βασι·

120 4329 209 4373 autem
224 4307 483 4373 Damascumadiit?
499 4309 599 4386 Magna
614 4304 865 4365 civitaseratetre-
915 4299 1002 4380 λικὴ
986 4331 1034 4381 ην
1050 4308 1179 4421 ἐφοὸεῐτο,
1193 4307 1230 4385 μὴ
1242 4331 1288 4367 και
1277 4306 1389 4379 ἐκείνη
1403 4309 1627 4390 προκαταληφθῇ
1637 4303 1691 4367 Καί

119 4403 383 4486 gra·umebatnerlla
392 4420 498 4479 quoque
506 4410 747 4478 praeoccuparetur.
756 4396 791 4456 Et
802 4397 865 4459 rule
916 4399 1005 4480 δρα
981 4422 1025 4460 τον
1046 4399 1096 4461 πόθ
1098 4422 1139 4461 ον
1083 4398 1194 4459 θκαί
1217 4400 1265 4471 τὴν
1288 4399 1471 4480 σφοδρότητα,
1495 4404 1555 4468 πῶς
1575 4401 1691 4480 νομικῶς

117 4499 276 4560 studium
252 4519 311 4579 ejus
324 4494 510 4570 ardoremque,
524 4509 648 4569 aequam
661 4489 861 4551 secundumle-
916 4492 1052 4574 ἔπραττεν.
1073 4495 1114 4553 Ου
1136 4490 1314 4573 προσέρχεται
1328 4490 1445 4604 ἄρχοντι,
1466 4489 1590 4551 Did*
1553 4515 1594 4608 τερ
1609 4495 1690 4574 δρχι·

117 4615 178 4674 gem
189 4606 259 4673 agat
274 4585 577 4667 Nonaditpraefectum,
594 4581 642 4641 sed
656 4581 807 4663 principem
820 4606 861 4644 sa·
880 4593 978 4664 Εερεῖ.
1001 4587 1075 4643 illesi
1097 4583 1238 4650 ἐπιστολδς
1261 4587 1325 4663 παρ’
1347 4584 1426 4643 αὐτοῦ
1435 4582 1587 4695 ’QG’
1568 4606 1602 4643 αν
1617 4606 1690 4651 τινας

115 4686 263 4747 cordatum.
277 4684 357 4741 Petit
368 4682 431 4738 ab
420 4697 481 4758 apso
491 4673 641 4755 epistolas
654 4685 685 4730 ut
696 4694 722 4731 si
733 4695 806 4755 pnes
816 4698 861 4734 ιιι
915 4608 978 4757 είρη
993 4678 1110 4748 τηςδδοῦ
1125 4675 1211 4743 ὄντας.
1229 4673 1308 4733 Οδὸν
1330 4671 1390 4743 τους
1402 4697 1577 4742 πιστευοντας
1598 4676 1688 4748 καλεῖ,

116 4783 225 4840 ueniret
241 4775 405 4857 hujusuioe.
419 4765 745 4842 Viamvocatcredentes,
761 4766 807 4844 qui
821 4766 860 4826 sic
913 4767 938 4828 σί
951 4792 1006 4848 παρ
1008 4765 1215 4833 interventore
1234 4766 1400 4844 ὠνομάζοντο
1415 4765 1476 4825 τότε
1487 4767 1575 4838 ,ίσοις
1594 4766 1640 4827 διδ
1659 4767 1689 4828 τδ

113 4873 148 4931 ab
164 4868 291 4930 omnibus
301 4879 365 4925 tunc
378 4860 558 4932 vocabantur,
576 4857 642 4916 forte
655 4857 719 4935 quia
735 4858 809 4917 riam
822 4859 858 4919 ad
911 4861 988 4933 τὴνδ
991 4862 1033 4921 δδν
1049 4861 1153 4938 τέμνειν
1164 4858 1212 4932 τὴν
1233 4861 1309 4925 εἷς’
1284 4881 1329 4939 ουρ
1331 4859 1391 4918 ανδν
1405 4858 1544 4943 φέρουσαν.
1558 4858 1611 4919 orl
1619 4884 1647 4919 τι
1640 4859 1688 4920 δί

112 4964 208 5022 calum
220 4958 369 5019 tendentem
379 4952 558 5012 sectabantur.
572 4950 628 5007 Cur
636 4962 793 5031 potestatem
803 4971 856 5010 non
912 4954 949 5032 μὴ
963 4954 1057 5013 ἔλαθεν
1077 4950 1194 5021 ἐξουσίαν
1208 4954 1263 5010 ἐκεῖ
1278 4950 1482 5031 τιμωρήσασθαι
1501 4951 1614 5025 αὐτοὺς,
1627 4954 1685 5012 ἀλλ’

142 5287 152 5310 ²
164 5277 230 5323 τοῦτο
242 5273 371 5327 αίνίττεται,
384 5271 417 5317 δτι
429 5261 583 5325 tueremur
596 5275 666 5309 unus·
953 5260 966 5298 b
978 5257 1048 5308 Unus
1060 5256 1123 5316 οὗτος
1134 5260 1234 5316 diotimus
1245 5263 1321 5311 ἐποίει.
