3728 5978
229 427 303 520 378
592 450 620 496 s.
649 448 788 500 sciurus
814 450 995 500 cncrsosc.
1025 453 1180 505 incurso.
1203 456 1473 518 consummor.

225 577 370 654 accipere.
386 574 427 633 Ne
448 574 509 652 quis
520 588 626 655 putaret
645 574 679 636 cd
696 575 758 636 illos
780 575 885 636 dictum
904 597 970 652 csse,
1024 578 1136 650 ἐκείνους
1149 584 1290 663 εἰρῆσθαι,
1305 582 1442 651 καίτύπον
1457 583 1557 646 διδόναι
1567 584 1658 661 αθτθν,
1667 583 1735 666 ίπιρ
1748 587 1795 644 ἐλ-

79 673 182 738 Puupp.
194 675 218 722 3.
229 676 256 723 ct
269 686 297 724 se
307 665 445 745 exemplar
458 665 513 725 iliis
525 665 598 744 dore,
612 680 643 726 ut
656 667 724 726 alibi
746 668 785 729 ait
800 691 806 725 :
823 667 972 749 Exemplar
1023 674 1108 752 λαχοῦ
1119 697 1202 753 φησι,
1221 673 1303 735 τύπον
1320 675 1435 743 διδόντες
1453 679 1526 754 ύμῖν,
1538 676 1658 758 ἐπήγαγε
1669 675 1719 749 τὴν
1732 677 1796 738 ἀπό·

81 749 117 796 '⁷'
229 754 324 816 dantes
334 756 427 834 vohis3
442 757 536 817 subdit
553 758 711 818 sententiam
724 759 826 820 Christi
837 758 971 821 dicentis:
1024 786 1103 842 φασιν
1116 768 1161 822 τοῦ
1176 767 1304 846 Χριστῶ,
1316 766 1452 845 λέγοντος·
1470 767 1613 851 Μακάριόν
1624 768 1685 829 ἐστι
1697 768 1795 827 διδόναι

228 853 350 911 Beatius
361 863 405 912 est
423 853 507 925 dare,
528 872 619 933 quam
634 858 776 933 accipere.
792 853 890 914 Orcvit
903 875 970 932 qoo-
1024 855 1124 930 μᾶλλον
1147 855 1166 930 ἢ
1185 855 1342 934 λαμύοίνειν.
1362 857 1515 930 Ἐπηύξατο
1534 861 1624 928 αύτοῖς
1641 862 1793 942 παραινῶν·

227 963 280 1019 que
290 964 371 1023 super
383 942 439 1003 illis
457 965 576 1020 monens,
602 945 726 1025 illudque
745 966 825 1027 opere
845 945 971 1008 ostendit.
1023 945 1153 1007 δείκνυσιν
1175 947 1239 1007 αθτδ
1252 948 1297 1007 καί
1311 947 1391 1029 ἐργῳ.
1406 949 1461 1009 Καὶ
1480 955 1565 1011 ταῦτα
1580 950 1675 1027 ιέπιδν,
1695 950 1749 1020 θείς
1762 949 1795 1010 ιθ

227 1035 275 1094 56.
287 1037 329 1094 Et
342 1055 408 1094 cum
422 1038 485 1095 δατ
499 1037 631 1110 dixisset,
648 1041 751 1118 positis
765 1040 888 1120 genibus
903 1058 971 1098 cum
1022 1037 1121 1116 γόνατα
1140 1042 1220 1100 αὐτοῦ
1244 1039 1291 1100 eiu
1310 1050 1392 1099 πᾶσιν
1415 1043 1517 1113 adroic,
1540 1042 1724 1122 προσηύξατο·
1748 1046 1795 1123 σθχ

227 1129 360 1187 omnibus
370 1129 432 1187 iliis
440 1132 544 1193 oravit.
558 1128 665 1198 Orcvit,
683 1148 739 1187 non
751 1141 909 1206 utcumque,
922 1127 969 1188 sed
1022 1131 1127 1202 ἁπλῶς,
1146 1129 1216 1190 titt
1227 1131 1296 1211 μετδ
1308 1133 1410 1204 πολλῆς
1422 1135 1470 1204 ἧς
1482 1132 1657 1203 κατανύξεως.
1673 1133 1795 1207 nattis

226 1236 290 1275 cum
307 1218 394 1278 multa
416 1219 628 1299 compunctione.
643 1221 745 1298 Magna
767 1218 929 1296 consolatio,
943 1232 970 1279 et
1022 1222 1208 1303 παράκλησις·
1230 1223 1276 1283 καί
1295 1226 1333 1303 τῷ
1356 1225 1440 1282 εἰπεῖν
1457 1223 1499 1297 δέ,
1513 1223 1704 1305 Παρατίθεμαι
1726 1228 1795 1303 ὑμᾶς

225 1328 288 1367 cnm
300 1308 412 1387 diceret,
428 1312 606 1371 Commendo
618 1313 680 1370 vos¹
691 1312 831 1384 Domino,
847 1310 969 1371 consola·
1022 1316 1061 1393 τῷ
1075 1313 1181 1395 Κυρίῳ,
1194 1317 1355 1396 παρακαλεῖ.
1369 1301 1493 1394 Ἐγίνετο
1511 1314 1539 1376 δέ
1558 1314 1696 1395 κλαιθμθι
1707 1317 1796 1382 imit

224 1400 313 1460 batur.
342 1403 390 1460 37.
416 1406 547 1484 Magnus
570 1416 670 1464 nutem
689 1405 785 1488 fletus
798 1405 906 1485 sactus
925 1417 970 1465 est
1021 1403 1138 1478 πόντων,
1150 1406 1197 1464 καί
1211 1405 1380 1474 ἐπιπεσόντες
1392 1406 1437 1467 ἐπί
1450 1407 1643 1489 τδντρύχηλον
1656 1414 1704 1468 τοῦ
1718 1407 1794 1467 Πανί·

224 1497 355 1552 omnium
365 1508 393 1554 et
402 1498 625 1574 procumbentes
635 1517 723 1577 super
735 1496 849 1556 collum
862 1495 1084 1582 Pauliwioo,
1112 1497 1267 1578 κατιρίλυεν
1296 1497 1385 1572 αθτδν,
1414 1497 1588 1578 ὀδυνώμενοι,
1608 1498 1729 1578 μάλιστα
1751 1498 1794 1559 ἐπί

224 1586 435 1646 osculabantur
453 1608 530 1660 eum,
549 1589 595 1648 stt
615 1589 758 1660 dolentes,
784 1590 913 1646 maxime
935 1578 968 1646 in
983 1599 1004 1646 A
1020 1587 1141 1670 τῷλόγῳ
1160 1579 1183 1670 ᾧ
1204 1589 1319 1669 εἰρήκει,
1339 1589 1381 1649 ότι
1402 1589 1491 1650 οθκίτι
1515 1589 1641 1670 μίλλουσι
1659 1587 1691 1648 τδ
1708 1588 1793 1670 τρία

222 1681 324 1753 cerbo,
353 1681 433 1760 quod
448 1682 576 1752 δίκαιοι,
600 1682 680 1760 quod
702 1680 829 1760 amplius
850 1680 967 1760 faciem
1018 1705 1091 1742 ωπον
1116 1685 1196 1744 αὐτοῦ
1220 1688 1335 1764 θεωρεῖν.
1362 1683 1541 1764 Προίτεμιιον
1560 1682 1589 1743 δέ
1609 1681 1689 1743 αθτδν
1706 1683 1744 1749 εἰς
1764 1681 1794 1740 αδ

223 1773 286 1850 ejus
293 1791 353 1829 non
362 1784 457 1832 essent
470 1776 575 1830 visuri.
589 1774 631 1831 Et
649 1772 831 1831 deducebant
846 1791 913 1831 eum
926 1773 969 1831 od
1018 1775 1121 1836 πλοῖον.
1145 1765 1243 1850 Εἶπεν,
1259 1774 1300 1835 δτι
1319 1774 1520 1836 Εἰσελεύσονται
1542 1773 1619 1835 λύκοι
1643 1777 1748 1854 βαρεῖς·
1759 1765 1792 1834 εί-

225 1880 340 1921 πανοπε.
350 1861 438 1936 Dixit,
446 1863 570 1920 Venient
581 1861 759 1943 iupi'graves
766 1860 868 1937 ;di1it,
877 1862 967 1921 Mun·
1018 1888 1076 1940 πεν,
1095 1864 1136 1926 δτι
1156 1867 1279 1948 Καθαρδς
1307 1866 1361 1946 ἐγὼ
1389 1869 1443 1929 snt
1465 1872 1511 1926 τοῦ
1536 1865 1650 1945 αἵματος
1670 1865 1791 1927 πάντων·

224 1951 281 2010 dus
294 1972 346 2033 ego
365 1973 431 2012 sum
447 1973 468 2010 a
482 1956 628 2033 sunguine
647 1957 778 2012 omnium
789 1951 870 2011 shaec
887 1964 970 2011 uisa·
1017 1963 1100 2017 ταῦτα
1117 1958 1231 2040 ἑκάτερα
1248 1959 1348 2039 φούιρδι
1365 1959 1412 2018 καί
1425 1957 1503 2019 uait
1519 1960 1659 2031 λυπῆσαι·
1675 1959 1792 2038 μάλιστα

222 2067 276 2125 quc
298 2048 439 2123 terribilia,
463 2068 522 2126 quae
546 2062 654 2129 possent
678 2069 820 2110 moerorem
848 2048 962 2127 afferre,
1018 2047 1046 2109 δέ
1066 2048 1146 2110 πλέον
1168 2048 1274 2110 πόντων
1297 2055 1375 2110 τοῦτο
1392 2048 1485 2118 αὐτούς
1500 2049 1629 2124 ὦδίνησι,
1642 2048 1675 2109 ιθ
1694 2049 1791 2127 μνςκίτι

168 2165 172 2172 ·
222 2140 441 2202 mcximcautcm
459 2141 511 2201 hoc
529 2141 650 2203 omnium
663 2162 708 2202 eos
727 2141 877 2220 cruciabat,
892 2141 965 2222 quod
1016 2145 1080 2221 δρᾷν
1106 2146 1220 2204 ἀκοῦσαι
1239 2142 1329 2204 αθτόν·
1346 2142 1392 2202 καί
1413 2150 1491 2204 τοῦτο
1504 2142 1588 2204 ἐποίει
1608 2143 1656 2203 τδν
1675 2139 1792 2220 πολεμον

220 2230 367 2306 audissent,
382 2253 410 2292 se
430 2233 578 2293 conuitio
595 2232 704 2293 visuros
726 2233 818 2315 ipsum
840 2254 898 2293 essc
916 2246 966 2294 :et
1016 2233 1333 2318 χαλεπόνΠροίπεμπον
1347 2233 1393 2311 δέ,
1403 2235 1492 2316 μησίν,
1505 2233 1585 2294 αθτδν
1596 2236 1633 2301 είς
1646 2231 1678 2294 τδ
1689 2235 1792 2294 πλοῖον.

220 2325 285 2387 hinc
303 2349 372 2409 agon
387 2327 573 2407 gravissimus.
587 2330 793 2402 Deducebant,
812 2329 911 2409 inquit,
925 2331 963 2389 ίί-
1016 2326 1110 2395 Ούτως
1123 2325 1228 2407 ἐρίδων
1239 2326 1326 2400 αθτδν,
1342 2324 1410 2385 ούτω
1423 2325 1550 2391 διέκειντο
1563 2323 1626 2408 περί
1642 2323 1731 2385 αύτόν.
1744 2324 1793 2392 Ὡς

221 2421 283 2480 bem
304 2424 346 2481 ad
365 2422 530 2482 κακοηθία
551 2421 679 2481 emebant
699 2421 788 2495 ilium,
809 2422 849 2481 sic
874 2421 964 2481 aiiecti
1016 2415 1680 2499 δίίγίνετοέναγθῆναιὴμθςδποοπαοθίνταςδπ’
1694 2420 1790 2490 αὐτῶν,

220 2533 284 2594 erga
297 2515 376 2574 illum
387 2528 470 2574 erant.
486 2517 501 2573 ί
507 2559 513 2572 .
529 2516 604 2575 Cum
620 2526 720 2573 autem
731 2515 854 2596 sactum
875 2527 961 2589 esset,
1016 2510 1257 2593 εὐθυδρομήσαντες
1273 2509 1388 2588 ἤλθομεν
1399 2512 1436 2577 είς
1448 2509 1499 2583 ris
1508 2511 1581 2584 soi,
1596 2513 1631 2589 τῇ
1643 2507 1672 2569 δέ
1683 2507 1744 2582 iiic
1754 2511 1790 2575 είς

221 2620 254 2668 ut
267 2612 475 2689 navigaremus
494 2609 639 2668 abstracti
648 2610 688 2666 ab
708 2611 761 2679 eis,
782 2620 862 2668 recto
874 2628 963 2669 cursu
978 2619 998 2669 B
1015 2602 1118 2678 Ῥόδον,
1138 2606 1259 2664 κάκεῖθεν
1281 2605 1317 2669 είς
1339 2600 1464 2680 Πάταρα.
1485 2600 1540 2661 Καὶ
1560 2600 1681 2679 εθρόντις
1699 2603 1790 2660 πλεῖαι

219 2703 356 2760 uenimus
371 2701 474 2772 Coum,
500 2711 529 2757 et
548 2701 682 2780 sequenti
702 2699 752 2758 die
768 2700 915 2775 Rhodum,
936 2712 965 2760 et
1015 2697 1147 2774 διαπερῶν
1162 2696 1199 2761 είς
1219 2691 1361 2764 Φοινίκην,
1378 2691 1517 2759 ἐπιόάντες
1538 2689 1789 2772 ἀνήχθημεν.Ἆνα-

219 2793 289 2850 inde
298 2793 453 2852 Pataram.
466 2795 495 2850 θ.
510 2791 551 2850 Et
570 2794 691 2850 inventa
705 2793 777 2848 novi
798 2793 964 2871 trajiciente
1015 2785 1138 2867 φανέντες
1148 2785 1177 2846 δέ
1187 2784 1240 2859 ein
1250 2784 1369 2864 Κύπρον,
1379 2785 1425 2843 καί
1438 2783 1630 2850 καταλιπόντες
1651 2781 1788 2855 virissi-

219 2885 251 2940 in
266 2876 437 2954 Pboenicen,
453 2902 489 2940 ea
506 2901 666 2941 conscensa
689 2881 839 2941 solvimus.
858 2883 887 2942 δ.
908 2884 965 2942 Ubi
1014 2878 1131 2955 ώνυμον,
1153 2876 1281 2955 ἐπλέομεν
1309 2878 1345 2944 είς
1358 2873 1469 2955 Συρίαν,
1492 2874 1538 2935 καί
1557 2873 1734 2954 κατήχθημεν
1752 2877 1789 2940 εἰς

218 2986 318 3032 autem
333 2977 470 3053 apparuit
486 2974 615 3052 Cyprus,
630 2972 805 3033 relicta'illa
822 2974 865 3031 ad
887 2976 963 3033 sini·
1014 2970 1112 3050 Τύρον.
1129 2967 1219 3050 Ὅρα,
1243 2959 1321 3040 ἦλθεν
1346 2969 1385 3035 είς
1408 2965 1519 3039 Λυκίαν,
1540 2964 1586 3025 καί
1604 2967 1738 3046 διαπερῶν
1752 2967 1790 3031 είς

218 3077 322 3136 strom,
341 3069 514 3144 navigamus
523 3068 555 3121 in
561 3065 692 3138 Syriam,
706 3075 735 3122 et
747 3067 884 3123 uenimus
902 3066 963 3140 Ty·
1014 3061 1154 3134 Φοινίκην,
1164 3059 1212 3133 τλν
1224 3058 1329 3141 Κύπρον
1339 3057 1429 3138 ἐφείς,
1446 3061 1483 3125 ιές
1494 3056 1581 3138 Τύρον
1592 3054 1786 3116 κατέπλευσεν·

218 3178 292 3218 rum.
313 3157 387 3218 Vide
408 3181 414 3215 :
432 3156 506 3217 venit
526 3157 554 3215 in
574 3156 698 3237 Lyciam,
723 3169 749 3216 et
771 3156 907 3237 trajiciens
934 3158 963 3217 in
1014 3159 1098 3215 iustos
1122 3153 1174 3234 γθρ
1187 3145 1219 3225 ἦν
1234 3152 1265 3212 τδ
1277 3154 1367 3211 πλοῖον
1383 3150 1619 3230 θπορορτιζόμενον
1635 3148 1680 3207 τδν
1695 3145 1787 3226 γόμον.

218 3247 374 3322 Ρίιιειιίοοιι,
389 3248 481 3306 relicto
494 3248 597 3328 Cypro,
613 3248 721 3328 Tyrum
729 3247 962 3327 navigavit3nam
1013 3249 1100 3306 Τοῦτο
1123 3242 1195 3303 αίτία
1218 3250 1263 3303 τοῦ
1284 3245 1406 3303 ἀπελθεῖν
1424 3244 1461 3310 είς
1479 3239 1577 3320 Τύρον.
1602 3238 1658 3299 Καί
1672 3236 1788 3318 εὑρόντες

115 3333 119 3340 ’
218 3338 275 3398 iliic
296 3339 373 3399 navis
395 3338 571 3398 exonerando·
587 3352 653 3398 erat.
677 3339 741 3398 Haec
755 3360 834 3400 causa
848 3340 901 3399 icit
914 3362 964 3401 cur
1014 3334 1135 3415 μαθητίις
1154 3334 1329 3414 ἐπεμείναμεν
1343 3333 1409 3411 πρδς
1423 3329 1516 3398 αὐτούς
1529 3328 1632 3411 ἡμέρας
1651 3328 1734 3389 ἑπτά·
1750 3327 1786 3387 oi-

219 3430 411 3510 Tynimirent.
424 3430 591 3490 4.Inventis
602 3443 699 3489 autem
709 3431 870 3511 discipulis,
878 3453 962 3490 man·
1012 3452 1081 3495 τινες
1093 3432 1133 3509 τῷ
1148 3428 1249 3507 Παύλῳ
1262 3425 1350 3506 ἔλεγον
1366 3424 1410 3484 διδ
1422 3431 1468 3484 τοῦ
1488 3420 1644 3500 Πνεύματος
1663 3419 1702 3499 μὴ
1724 3422 1786 3479 ἀνα·

219 3524 309 3580 simus
322 3525 364 3578 ibi
384 3523 486 3581 diebus
497 3534 623 3600 septem.-
638 3525 689 3600 (μετ’
707 3522 806 3580 Paulo
824 3522 995 3589 dicebantc
1013 3519 1113 3579 ύαίνειν
1131 3520 1209 3580 αύτδν
1229 3513 1465 3595 είςἹερουοαλύμ.
1479 3513 1571 3593 Ὅρα,
1590 3511 1788 3592 προφητεύσασι

216 3633 270 3689 per
292 3612 441 3691 Spiritum,
470 3634 505 3671 ne
534 3614 703 3672 ascenderet
728 3612 959 3688 Jerosotymam.
1012 3613 1129 3670 κάκεῖνοι
1149 3611 1196 3677 τθις
1220 3609 1328 3689 θλίψεις.
1351 3609 1538 3683 Οἰκονομεῖται
1561 3602 1607 3662 καί
1626 3603 1660 3662 δι’
1680 3600 1785 3662 ἐκείνοιν

218 3702 302 3777 Vide,
319 3704 481 3785 prophetant
494 3704 536 3763 iili
556 3703 726 3765 afflictiones.
749 3704 892 3764 Provisum
913 3727 962 3765 au·
1012 3706 1155 3783 λεχθῆναι,
1167 3701 1211 3760 isa
1223 3700 1261 3779 μή
1273 3723 1314 3768 τις
1326 3697 1423 3777 νομίσῃ
1441 3698 1531 3762 ἁπλῶς
1541 3699 1625 3754 ταῦτα
1639 3692 1727 3772 λέγειν
1741 3693 1785 3752 τδν

217 3809 271 3855 tem
284 3796 346 3871 fuit,
359 3810 390 3855 ut
407 3809 432 3868 ct
454 3796 496 3855 illi
510 3795 639 3871 dicerent,
649 3817 683 3854 uc
702 3797 764 3875 quis
785 3810 892 3877 putaret
905 3797 962 3858 haec
1012 3797 1118 3854 Παῦλον
1132 3792 1179 3852 καί
1191 3791 1347 3870 κομπάζειν.
1363 3789 1451 3866 Παλιν
1465 3787 1494 3846 δὲ
1508 3790 1562 3846 ἐκεῖ
1576 3783 1788 3865 προσευχόμενοι

216 3890 316 3949 frustra
326 3903 352 3948 et
364 3889 485 3970 jactandi
505 3908 584 3949 causa
605 3889 721 3949 Paulum
733 3888 846 3949 dixisse.
860 3890 961 3949 Iterum
1013 3885 1162 3946 διαλύονται
1179 3887 1226 3944 ἀπ’
1242 3882 1375 3954 ἀλλήλων.
1386 3879 1454 3940 Ὅτε
1467 3879 1495 3938 δέ
1508 3877 1611 3957 ἐγένετο
1624 3881 1697 3956 ἡμᾶς
1711 3876 1785 3955 ἐξαρ-

216 3995 306 4041 cutcm
320 3982 378 4041 illic
391 3995 507 4060 orantes,
521 4002 549 4040 se
577 3994 671 4041 mutuo
690 3981 866 4060 reliquerunt.
880 3983 962 4042 stu
1011 3976 1085 4036 τίσαι
1108 3976 1156 4044 τδς
1170 3974 1287 4054 ἡμέρας,
1304 3971 1447 4042 ἐξελθόντες
1468 3967 1646 4050 ἐπορευόμεθα
1665 3991 1785 4050 opaciu-

215 4071 338 4149 expletis
350 4071 451 4130 diebus
463 4072 590 4152 profecti
610 4073 735 4142 ibamus,
752 4071 961 4130 deducentibus
1012 4068 1115 4128 πόντων
1125 4071 1196 4146 ἡμᾶς
1207 4064 1313 4124 πόντων
1327 4061 1375 4123 σύν
1385 4060 1486 4143 γυναιξί
1495 4060 1541 4120 καί
1551 4058 1653 4127 τέκνοις
1668 4059 1719 4126 ἔως
1736 4056 1784 4126 ἐξω

218 4181 271 4220 nos
284 4166 417 4221 omnibus
430 4183 496 4222 cum
513 4164 651 4221 uxoribus
673 4162 789 4242 etfiiiis
808 4163 961 4243 usqueso-
1012 4165 1059 4233 τῆς
1075 4160 1192 4231 πόλεως,
1208 4157 1253 4217 nai
1267 4156 1353 4222 θέντες
1367 4155 1401 4214 ri
1420 4154 1518 4233 γόνατα
1532 4151 1576 4212 ἐπί
1594 4149 1640 4209 τδν
1654 4148 1784 4228 αίγιαλδν,

217 4272 266 4310 ras
277 4257 425 4312 civitatem
438 4266 483 4312 :et
489 4257 592 4332 positis
606 4257 639 4310 in
648 4254 746 4311 littore
758 4255 878 4332 genibus
892 4273 960 4312 ora·
1012 4251 1218 4335 προσευξόμεθα.
1232 4248 1286 4310 Καὶ
1300 4245 1483 4324 ἀσπασόμενοι
1495 4245 1641 4317 ἀλλήλους,
1655 4240 1785 4314 ἐνέύημεν

219 4347 321 4402 κίνημα
346 4348 375 4404 6.
399 4348 440 4402 Et
466 4366 533 4403 cum
557 4345 800 4424 valefecissemus
821 4347 960 4419 invicem,
1013 4347 1049 4411 είς
1071 4343 1102 4403 τδ
1125 4345 1230 4402 πλοῖον·
1256 4344 1349 4399 ἐκεῖνοι
1370 4337 1399 4398 δέ
1420 4336 1587 4416 ὑπέστρεψαν
1611 4336 1649 4399 εἰς
1671 4331 1706 4391 τδ
1720 4331 1784 4391 teia.

216 4437 400 4494 ascendimus
415 4440 447 4493 in
460 4440 559 4493 navim
573 4437 640 4492 :iiii
659 4455 732 4493 mero
755 4435 904 4493 rediemnt
920 4439 962 4495 nd
1012 4435 1106 4514 Ἡμεῖς
1121 4433 1148 4494 δέ
1162 4434 1206 4492 τὸν
1217 4434 1299 4493 πλοῦν
1317 4429 1485 4495 διανύσαντες
1500 4425 1554 4487 ἀπὸ
1564 4428 1590 4485 Τ
1591 4422 1785 4505 ύρου,κατν,ν-

214 4531 344 4607 propria.
357 4529 385 4586 t,
398 4528 459 4586 Nos
484 4540 583 4585 autem
597 4527 922 4606 navigationeeepieta,
939 4549 959 4586 a
975 4541 994 4587 t)
1011 4527 1129 4605 τήσαμεν
1155 4528 1191 4593 είς
1217 4519 1409 4600 Πτολεμαΐδα·
1435 4519 1481 4580 καὶ
1509 4515 1696 4594 ἀσπασάμενοι
1725 4510 1786 4578 τοθς

219 4624 299 4698 Tyro
312 4624 513 4682 descendimus
532 4622 746 4680 Ptolemaidem
753 4645 766 4691 ,·
779 4634 808 4680 et
821 4623 959 4682 salutatis
1012 4617 1155 4700 ἀδελφούς,
1171 4617 1311 4695 ἐμείναμεν
1333 4613 1436 4693 ἡμέραν
1458 4611 1521 4690 μίαν
1538 4613 1602 4690 παρ’
1626 4610 1724 4672 αὐτοῖς.
1739 4606 1784 4684 Τῇ

207 4717 369 4795 fratribus,
383 4717 545 4772 mansimus
557 4713 670 4771 dicurw
680 4715 760 4792 apud
772 4714 850 4774 illos.
863 4712 891 4773 8.
908 4714 958 4774 Sc·
1011 4710 1038 4771 δί
1053 4709 1175 4791 ἐπαύριον
1190 4707 1350 4777 ἐξελθόντες,
1364 4705 1479 4782 ἤλθομεν
1491 4706 1530 4768 εἰς
1545 4699 1708 4777 Καισάρειαν
1719 4720 1727 4733 ·
1737 4696 1785 4754 καί

216 4811 318 4887 quenti
331 4827 404 4866 vero
413 4806 461 4865 die
479 4805 605 4885 profecti
617 4809 754 4864 venimus
778 4806 954 4876 Coesarecm,
1010 4803 1168 4867 εἰσελθόντες
1182 4802 1218 4866 είς
1229 4801 1273 4858 τὸν
1288 4790 1357 4858 οἶκον
1377 4793 1516 4856 Φιλίππου
1528 4798 1575 4852 τοῦ
1596 4792 1785 4868 εὐαγγελιστοῦ

214 4911 242 4957 et
267 4903 389 4979 ingressi
409 4903 442 4956 in
462 4899 581 4955 domtun
604 4896 737 4975 Philippi
757 4897 953 4976 evangelistae,
1008 4896 1082 4960 ὄντος
1108 4896 1138 4952 ἐκ
1165 4895 1218 4950 τῶν
1244 4890 1329 4963 ἐπτδι,
1350 4888 1490 4967 ἐμείναμεν
1520 4887 1584 4963 παρ’
1616 4884 1698 4961 αὐτῷ.
1734 4882 1783 4946 Είς

98 5051 100 5054 ,
192 4996 196 5005 ’
215 4995 266 5069 qui
283 5003 346 5049 erat
360 5010 435 5049 unus
449 5011 486 5048 ee
501 5000 619 5069 septem,
643 4992 805 5048 mansimus
822 4988 902 5068 apud
919 4989 954 5046 it·
1010 4984 1180 5064 Καισάρειαν,
1194 4981 1283 5063 μησὶν,
1294 4981 1426 5051 ἐλθόντες,
1448 4975 1523 5057 παρὰ
1541 4973 1675 5053 ,Φιλίππῳ
1693 4975 1732 5052 τῷ
1751 4972 1784 5029 3²

215 5086 284 5142 lum.
301 5084 459 5151 Caesaream,
473 5081 570 5159 inquit,
591 5080 737 5156 venientes,
755 5079 830 5160 apud
851 5077 954 5158 Philip·
1007 5082 1059 5137 τῶν
1084 5075 1151 5135 ἐπτθι
1166 5074 1316 5152 ἐμείναμεν.
1334 5070 1428 5150 Ίόύτῳ
1443 5067 1471 5128 δέ
1487 5059 1553 5138 ἦσαν
1568 5064 1710 5144 θυγατέρες
1721 5062 1784 5121 τίσ-

215 5197 290 5255 pum,
305 5176 351 5252 qui
360 5189 415 5234 crat
425 5195 494 5233 unus
505 5194 539 5232 cx
547 5185 661 5254 septem,
670 5172 827 5231 mansimus.
836 5171 864 5230 9,
875 5172 953 5229 Huic
1008 5192 1084 5249 σαρες
1099 5167 1317 5248 πραρητεύουσαι.
1332 5164 1402 5222 Ἀλλ’
1417 5164 1466 5240 οὐχ
1478 5149 1557 5218 αύται
1570 5158 1729 5239 προλέγουσι
1743 5158 1785 5268 tc}

215 5281 310 5327 autem
332 5280 414 5327 erant
430 5278 557 5343 qttatuor
570 5265 649 5344 filiu
668 5267 883 5353 prophetantes.
900 5262 954 5324 Sui
1006 5259 1122 5340 Παύλῳ,
1146 5256 1232 5318 καίτοι
1245 5253 1475 5336 προφητεύουσαι,
1501 5252 1559 5310 ἀλλ’
1584 5247 1713 5328 ’Λγαύ-ος·
1734 5270 1770 5306 κα
