3728 5978
1642 355 1700 424 181

131 495 325 575 φθεγγομέναις
335 496 420 574 λέγει·
431 495 478 555 καί
489 499 567 555 τοῦτο
575 495 678 576 σφόδρα
685 500 781 576 σοφῶς.
796 492 909 555 Ἐκεῖνοι
963 496 1062 557 hauteu
1077 523 1083 554 ε
1098 511 1124 557 et
1139 498 1191 558 boe
1203 496 1349 557 admodum
1367 498 1507 578 sapienter.
1520 497 1565 557 llli
1576 498 1646 557 enim
1660 501 1707 558 alii

132 589 182 669 γάρ
202 593 227 647 ot
249 589 327 648 ἄλλοι
347 589 405 648 οὐδὲ
429 590 493 648 ἰδεῖν
519 588 596 648 αὐτὸν
619 587 750 660 ἠθέλησαν
771 593 795 648 οί
822 591 909 666 βαθεῖς
929 593 946 638 Ε
965 588 1079 648 ftaebraei
1089 612 1122 649 nc
1130 590 1222 649 videre
1234 590 1345 669 quidem
1356 590 1436 648 illum
1447 590 1582 650 volebant.
1592 593 1646 650 lttt
1656 614 1708 650 uu-

133 679 272 762 Ἑύραῖοι·
286 684 312 739 οἱ
325 679 516 761 δίἐπεχείρουν
528 682 627 739 ἀνελεῖν
639 679 730 741 αὐτόν·
741 683 789 751 τῆς
800 677 909 760 σφοδρά
965 692 1021 738 tem
1042 685 1211 761 querebant
1232 684 1362 743 occidere
1384 704 1460 740 eum.
1478 683 1661 743 Vehementius
1677 707 1708 742 ac

133 795 208 844 τητος
219 772 267 832 καί
277 777 326 845 τῆς
338 770 409 832 κατά
422 773 520 854 κράτος
532 772 605 844 νίκης
616 772 852 852 τοῦτοτεκμήριου,
864 771 909 829 καί
963 775 1084 853 perfectae
1095 775 1214 834 victoriae
1226 775 1276 833 boc
1286 775 1394 854 signnm
1406 790 1472 851 erat,
1482 790 1507 835 et
1519 776 1592 855 quod
1604 777 1645 836 illi
1657 778 1708 836 hac

136 873 178 925 τῶ
193 865 296 945 σφόδρα
310 867 450 925 λυπεῖσθαι
464 868 503 945 τῷ
519 862 643 942 γεγονότι,
660 864 828 942 Ἔπιγνόντες
843 862 871 922 δὲ
885 868 909 922 οἱ
962 863 996 949 de
1013 888 1042 923 re
1061 868 1175 925 rnnltnm
1200 868 1328 927 dolerent.
1344 870 1391 927 50.
1411 870 1496 947 Quod
1514 891 1580 927 cum
1599 892 1707 951 eogno—

140 958 241 1037 teneat
252 1004 262 1031 ,
274 958 427 1036 κατήγαγον
439 958 517 1016 αιἰτθν
532 959 567 1023 εἰς
583 956 754 1037 Καισάρειαν.
768 956 819 1016 Διά
829 956 908 1035 φόύον
964 961 1071 1016 cissent
1081 961 1215 1040 fratres,
1236 962 1419 1019 dedrrrcrunt
1441 982 1507 1019 eum
1533 962 1707 1022 Cesaream.

141 1056 210 1107 τοῦτο
219 1055 338 1109 ποιοῦσι·
351 1048 510 1131 φούηθέντες
526 1049 579 1130 γὰρ
591 1049 682 1108 λοιπόν
701 1047 739 1126 μὴ
754 1049 849 1108 ταύτὸν
861 1047 909 1126 γέ-
964 1050 1021 1109 Prae
1033 1046 1130 1109 timore
1138 1049 1190 1108 boc
1199 1051 1301 1109 iaciunt
1314 1075 1320 1107 :
1331 1051 1453 1113 timentes
1465 1051 1537 1110 enim
1547 1073 1580 1111 ne
1588 1052 1710 1133 idipsum

143 1166 213 1213 νηται
224 1133 278 1200 οἷον
294 1142 340 1200 ἐπὶ
351 1140 504 1222 Στεφάνου,
522 1140 681 1219 κατάγουσιν
697 1141 775 1200 αὐτὸν
790 1143 826 1207 εἰς
843 1142 910 1199 Κατ·
962 1140 1105 1216 accideret,
1126 1142 1198 1220 quod
1220 1143 1367 1224 Stephano,
1388 1143 1527 1202 &ductant
1550 1145 1708 1204 Caesaream.

146 1234 253 1314 τάρειαν.
270 1233 325 1293 Καὶ
336 1231 527 1300 ἐξαπέστειλαν
542 1233 619 1292 αὐτὸν
637 1235 673 1300 εἰς
686 1231 802 1313 Ταρσόν.
818 1233 851 1291 Εἰ
865 1231 910 1291 καί
963 1234 1005 1290 Ει
1026 1238 1167 1293 miserunt
1198 1238 1329 1295 Tarsum.
1352 1234 1411 1294 Etsi
1439 1248 1551 1316 propter
1575 1235 1710 1311 timorem,

149 1327 185 1385 δά
196 1325 285 1406 φόόον,
300 1324 374 1405 ὅμως
385 1325 601 1397 ἀποατελλουσιν,
616 1323 678 1402 ἅμα
691 1324 735 1383 καί
748 1321 908 1403 κηρύξαντα,
963 1323 1073 1384 mittunt
1092 1340 1190 1399 tamen,
1204 1342 1234 1385 ut
1250 1326 1389 1406 praedicet,
1404 1341 1430 1385 et
1443 1327 1469 1385 in
1485 1341 1543 1387 tuto
1557 1321 1602 1405 eit,
1619 1342 1711 1409 utpote

134 1416 507 1500 :extramoenianam
523 1417 608 1489 αὐτὸν,
623 1416 670 1475 ἅτε
683 1419 710 1475 ἰν
720 1416 805 1499 οἰκείᾳ
818 1416 910 1496 πατρί·
921 1417 992 1496 ¹1in
1007 1417 1093 1498 patria
1112 1440 1170 1477 suu.
1188 1417 1261 1479 Vide
1283 1433 1383 1492 autem,
1396 1419 1532 1498 qraomodo
1550 1440 1602 1478 non
1621 1421 1711 1479 omnia

151 1515 179 1570 ἰν
190 1512 258 1591 Ὀρα
271 1510 300 1570 δέ
316 1534 375 1589 μοι,
386 1513 442 1577 πῶς
457 1513 486 1569 οὐ
500 1509 586 1569 πάντα
600 1508 691 1590 χάριτι
710 1508 827 1588 γίνεται,
843 1507 911 1566 ἀλλὰ
931 1516 949 1558 Λ
965 1531 1012 1589 per
1029 1510 1143 1588 gratiam
1164 1511 1241 1585 fiant,
1257 1511 1305 1570 sed
1322 1512 1459 1592 permittat
1475 1514 1558 1585 Deus,
1576 1526 1606 1570 ut
1625 1513 1710 1572 multa

153 1613 271 1684 σιγμυρεῖ
284 1602 407 1670 etates
424 1602 492 1668 Θεδς
506 1602 552 1660 καί
566 1602 648 1680 οἰκείᾳ
669 1600 748 1682 σοφίᾳ
765 1604 910 1679 οἰκονομεῖν
964 1623 997 1660 ex
1018 1602 1147 1683 sapientia
1167 1626 1215 1662 sua
1235 1617 1260 1661 et
1279 1604 1398 1663 hnmano
1415 1626 1488 1663 more
1503 1605 1665 1686 dispensent.
1680 1609 1709 1666 si

148 1697 224 1761 πολλὰ
235 1695 280 1755 καί
292 1693 473 1777 ἀνθρωπίνως.
495 1696 529 1754 Εἰ
550 1693 600 1775 γὰρ
619 1697 661 1753 ἐπ’
680 1697 758 1753 αὐτοῦ
772 1701 849 1754 τοῦτο
868 1695 911 1773 γε’-
962 1709 1052 1753 autem
1068 1695 1094 1754 in
1111 1696 1168 1777 ipso
1188 1697 1418 1771 sacramentor,
1434 1697 1519 1756 multo
1535 1700 1621 1778 magis
1635 1700 1664 1759 in
1677 1701 1710 1759 il-

153 1813 210 1867 γονε,
223 1789 314 1868 πολλῷ
324 1789 427 1866 μᾶλλον
440 1790 481 1846 ἐπ’
495 1789 589 1845 αὐτῶν.
603 1788 742 1868 Συγχωρεῖ
757 1785 852 1860 τοίνυν,
868 1786 910 1845 ίνα
961 1784 1003 1844 tis.
1016 1787 1151 1846 Permittit
1168 1808 1241 1867 ergo,
1252 1801 1281 1845 ut
1299 1789 1459 1866 ignavorum
1479 1789 1619 1855 obtentum
1636 1792 1710 1850 ause-

152 1885 192 1938 τιίν
206 1880 327 1960 ρᾳθίμων
344 1880 392 1952 τήν
413 1879 545 1960 πρόφασιν
561 1878 669 1960 iaedi-p.
684 1882 719 1938 nt
730 1878 778 1956 μὲν
793 1869 837 1939 οθν
849 1878 911 1939 Ἐκ·
961 1891 1011 1937 rat.
1028 1879 1077 1936 51.
1094 1880 1234 1938 Ecclesiae
1252 1882 1369 1960 quidem
1385 1903 1439 1959 per
1460 1893 1554 1940 totum
1572 1872 1709 1942 induam

151 1972 244 2045 πλησίαι
258 1977 317 2032 καθ’
330 1972 395 2045 ὅλης
409 1977 457 2044 τῆς
470 1970 598 2038 Ἰουδαίας
612 1973 658 2030 καί
669 1971 823 2051 Σαμαρείας
839 1963 910 2053 εἰχον
962 1982 990 2026 et
1003 1969 1169 2028 Samariam
1181 1992 1285 2050 pacem
1303 1974 1462 2044 habebant,
1476 1986 1503 2031 et
1519 1974 1710 2055 aedificaban-

150 2066 240 2145 εἰρήνην
264 2064 483 2144 οἰκοδομούμενοι
511 2065 556 2123 καί
577 2065 752 2143 πορευόμεναι
775 2070 813 2147 τῷ
837 2067 911 2147 φόὸᾳ
963 2073 1019 2136 tur,
1030 2065 1211 2143 ibantquein
1219 2066 1460 2136 tirnoreDomini‚
1471 2079 1499 2123 et
1509 2068 1709 2129 consolatione

149 2158 251 2241 Κυρίου,
272 2157 319 2216 καί
342 2156 563 2239 τῇπαρακλήσει
588 2162 633 2216 τοῦ
657 2157 731 2238 ἁγίου
756 2159 911 2236 Πνεύματος
960 2154 1084 2235 Spiritus
1105 2160 1201 2215 sancti
1214 2158 1409 2237 replebuntur.
1425 2157 1555 2217 Dicturus
1565 2174 1604 2218 est
1615 2158 1649 2219 de
1663 2164 1710 2220 Pe

147 2251 320 2324 ἰτληθθνοντο.
329 2249 432 2310 Μέλλει
443 2250 505 2328 περὶ
516 2249 621 2329 Πέτρου
631 2249 726 2327 λέγειν,
736 2249 782 2311 καί
797 2248 838 2309 θτι
846 2250 912 2330 πρὸς
961 2245 996 2305 tri
1007 2245 1127 2306 discessu
1143 2249 1178 2307 ad
1190 2262 1305 2308 sanctos.
1317 2251 1357 2308 Ne
1367 2249 1427 2328 quis
1440 2271 1503 2330 ergo
1516 2263 1624 2331 putaret
1636 2252 1666 2311 id
1676 2275 1711 2312 ex

147 2342 194 2409 ταῖς
206 2342 296 2422 ἀγίαις
311 2342 440 2402 κάτεισιν.
452 2338 501 2400 'ir'
519 2331 564 2401 οθν
576 2341 613 2419 μὴ
628 2341 709 2422 φόόου
722 2348 799 2402 τοῦτο
813 2345 909 2422 νομίσῃ
962 2353 1035 2398 metu
1049 2339 1212 2420 provenisse,
1225 2340 1315 2422 primo
1331 2355 1422 2400 narrat
1435 2355 1464 2399 ut
1475 2363 1502 2400 se
1516 2342 1645 2401 haberent
1656 2343 1710 2402 Ec·

148 2458 189 2506 τις,
198 2435 326 2516 πρότερον
345 2440 383 2503 ὡς
399 2425 471 2515 εἰχον
483 2438 509 2493 αἱ
522 2434 683 2507 Ἐκκλησίαι
694 2437 839 2514 διηγεῖται,
855 2438 908 2496 δει-
963 2430 1064 2505 clesiae3
1083 2429 1224 2490 ostendens
1245 2431 1334 2518 ipsum
1352 2432 1569 2513 persequutionis
1591 2446 1711 2515 tempore

148 2525 209 2597 κνθς,
219 2526 261 2586 ότι
275 2525 394 2605 διωγμίς
407 2523 450 2584 ὅτε
466 2517 509 2600 ήν,
522 2529 548 2586 ἐν
560 2524 752 2607 Ἱεροσολύμοις
764 2519 813 2600 ήν·
828 2527 870 2587 dre
883 2526 909 2587 δὲ
929 2537 945 2582 B
962 2524 1137 2607 ierosolymae
1159 2525 1309 2585 mansisse:
1324 2547 1386 2585 cum
1403 2540 1494 2585 autem
1514 2526 1542 2586 in
1563 2540 1622 2587 tuto
1636 2542 1710 2586 erant

572 374 604 420 ln'
635 373 721 422 ACTA
749 373 1010 420 apostononntt.
1040 375 1159 422 HOMIL.
1190 377 1260 424 xxi.

148 2624 269 2698 mpod
279 2621 308 2676 ἐν
319 2617 451 2698 ἀσφαλείᾳ
460 2616 495 2677 et
504 2620 552 2688 τῆς
563 2616 741 2691 Ἐυλησίας,
751 2619 811 2680 τότε
818 2621 910 2681 λοιπὸν

149 2712 182 2768 καί
197 2711 229 2768 rb
242 2709 420 2790 Ἱεροσόλυμα
436 2707 557 2788 ἀφίησιν·
580 2709 662 2778 οὕτως
683 2702 715 2782 ἦν
732 2711 826 2793 θερμὸς
845 2717 910 2791 ὁμοῦ

150 2803 182 2861 ταί
192 2803 312 2885 σφοδρός.
324 2804 367 2862 Οὐ
380 2799 433 2883 γάρ
444 2801 535 2874 ἐπειδὴ
548 2801 638 2882 εἰρήνη
657 2794 700 2876 ἦν,
711 2803 813 2882 ἐνόμιζε
828 2806 909 2882 μηδὲν

150 2896 234 2955 δεῖσθαι
256 2899 308 2968 τῆς
332 2897 413 2954 αὐτοῦ
436 2893 606 2975 ’παρουσίας
633 2896 686 2954 Καί
707 2894 751 2955 διὰ
769 2895 808 2970 τί,
832 2898 909 2978 φησὶ,

150 2994 210 3047 tuito
228 2997 316 3060 ποιεῖ,
329 2985 377 3045 καί
396 2987 503 3068 ἔρχεται
517 2983 620 3069 εἰρήνης
634 2986 727 3060 οὔσης,
737 2988 783 3048 καὶ
799 2989 866 3068 μετὰ
880 2991 911 3050 τὸ

119 3139 122 3144 ,
151 3079 242 3140 Παῦλον
257 3081 400 3153 ἀπελθεῖν,
410 3077 477 3137 Ὀτι
488 3075 581 3146 critob<
591 3079 701 3157 ᾐδοῦντο
714 3081 851 3157 μάλιστα,
864 3082 909 3142 dre

150 3172 261 3241 πολλάκις
275 3169 483 3252 παραστάντας,
498 3169 543 3230 καί
557 3170 608 3230 Ιὕπὸ
621 3176 667 3230 τοῦ
683 3172 797 3244 πλήθους
809 3179 909 3254 θαυμα-

150 3264 252 3334 dietae·
274 3263 377 3326 ἐκείνω
399 3261 427 3324 δὲ
451 3263 637 3345 κατεφρόνουν,
659 3265 705 3325 καί
725 3266 825 3346 μᾶλλον
845 3268 909 3350 πρὸς

151 3357 375 3440 τύτθνήγρίαινον.

963 2617 1064 2695 ubique
1082 2616 1226 2694 Ecclesiae,
1242 2632 1307 2677 tune
1330 2619 1529 2700 ierosolymam
1554 2618 1706 2696 reliquisse3

962 2708 1028 2767 adeo
1046 2710 1151 2769 fervens
1168 2724 1193 2768 et
1216 2710 1304 2768 alacer
1326 2724 1391 2769 erat.
1410 2712 1469 2769 Non
1488 2711 1561 2770 euim
1573 2711 1638 2790 quia
1652 2733 1708 2791 pax

962 2816 1028 2876 erat,
1042 2803 1154 2883 putabat
1168 2823 1220 2861 non
1235 2824 1303 2883 opus
1322 2806 1378 2861 esse
1391 2823 1440 2861 suo
1452 2801 1580 2862 adventu.
1595 2803 1631 2862 Et
1648 2824 1707 2879 cur,

963 2894 1084 2972 inquies,
1108 2892 1136 2952 id
1155 2893 1236 2970 sacit,
1263 2894 1392 2972 venitque
1412 2895 1487 2975 pacis
1519 2907 1656 2976 tempore,
1683 2912 1708 2956 ct

963 3000 1105 3067 postquam
1117 2987 1218 3046 Paulus
1238 2986 1358 3045 abierat?
1373 2987 1445 3058 Quia
1458 2986 1520 3046 illos
1534 2987 1652 3047 maxime
1663 3011 1708 3048 re-

963 3077 1137 3152 ncrabautur,
1159 3090 1252 3158 utpote
1272 3077 1319 3156 qni
1341 3099 1410 3161 saepe
1429 3077 1560 3152 adessent,
1576 3093 1602 3139 et
1616 3080 1709 3139 multi·

963 3169 1052 3229 tudini
1072 3168 1226 3247 mirabiles,
1242 3168 1321 3227 illum
1333 3191 1398 3229 vero
1414 3171 1628 3247 contemnebant,
1642 3186 1668 3231 et
1682 3173 1709 3231 iu

963 3283 1026 3320 eum
1037 3259 1367 3342 magisexasperabantur.

179 3441 260 3522 Εἰδες,
272 3452 332 3519 πῶς
343 3449 436 3529 εἰρήνη
448 3447 492 3507 τδν
504 3447 620 3525 πόλεμον
636 3448 790 3530 ἕκδίχεται;
807 3456 908 3531 μᾶλλον
1003 3455 1031 3510 λ.
1052 3449 1181 3512 Vidistin’
1196 3449 1334 3529 quomodo
1348 3472 1403 3530 pax
1413 3451 1517 3509 bellum
1531 3465 1642 3528 sequuta
1657 3451 1709 3510 sit?

148 3540 177 3611 δί,
190 3533 269 3616 εἶδες,
292 3541 320 3601 τί
349 3540 473 3614 ἐποίησεν
488 3546 502 3600 θ
515 3539 630 3619 πόλεμος
645 3545 753 3615 ἐκεῖνος,
769 3544 908 3629 Διέσπειρε
965 3547 1018 3602 imo
1032 3541 1154 3603 vidistin'
1173 3541 1240 3621 quid
1255 3541 1346 3600 feeerit
1359 3541 1466 3605 bellum¹
1476 3541 1565 3601 illud?
1578 3543 1711 3622 Dispersit

146 3634 195 3702 τοὺς
206 3636 253 3711 τήν
268 3635 379 3717 εἰρήνην
390 3640 537 3701 ποιοῦντας.
555 3635 619 3694 Ἐπὶ
632 3639 680 3706 τῆς
693 3637 846 3719 Σαμαρείας
857 3664 906 3699 κα·
928 3661 945 3705 c
964 3636 1090 3716 pacificos
1105 3634 1172 3693 illos.
1185 3635 1216 3692 lu
1230 3633 1352 3694 Samaria
1367 3633 1470 3714 pudore
1483 3635 1602 3694 suffusus
1614 3648 1652 3694 est
1664 3634 1708 3693 si-

145 3729 268 3810 τησγύνθη
283 3733 299 3788 ὁ
312 3728 425 3805 Σίμων·
438 3725 482 3786 ἰπί
495 3730 541 3798 τῆς
556 3728 685 3795 ’ἰουδαίας
698 3728 731 3788 τίι
746 3731 816 3791 κατά
829 3732 908 3792 Σάπ-
962 3750 1039 3804 mou,
1051 3728 1078 3786 iu
1090 3725 1184 3787 Judaea
1198 3726 1341 3808 Sapphirae
1353 3748 1430 3785 casus
1443 3726 1552 3785 accidit.
1563 3728 1627 3810 vNon
1646 3747 1710 3805 ergo

145 3844 227 3902 φειραν
240 3822 361 3901 γέγονεν.
373 3823 415 3881 Oi
441 3820 540 3891 τοίνυν,
556 3821 614 3880 ἐπεὶ
628 3821 720 3902 εἰρήνη
741 3816 790 3898 ἦν,
806 3825 909 3885 ἐκλελυ-
963 3819 1025 3899 quia
1035 3839 1091 3899 pax
1101 3831 1167 3892 erat,
1175 3816 1292 3875 remissae
1304 3837 1345 3874 res
1357 3815 1499 3894 erant5sed
1509 3816 1570 3875 talis
1580 3829 1636 3876 erat
1647 3839 1711 3897 pax,

144 3914 203 3989 με’να
222 3913 257 3972 τά
278 3912 430 3992 πράγματα
450 3902 499 3982 ἦν·
523 3910 591 3971 ἀλλὰ
606 3912 714 3984 τοιαύτη
729 3906 792 3987 ήνη
808 3915 909 3997 εἰρήνη,
962 3932 1021 3990 quae
1042 3908 1221 3968 consolatione
1239 3907 1350 3966 haberet
1368 3929 1445 3988 opus.
1465 3909 1513 3966 5⁶2.
1527 3911 1655 3968 Factum
1669 3924 1711 3967 est
1776 3954 1782 3969 .

143 4005 223 4071 texat
232 4002 430 4085 παρακλήσεως
442 4004 552 4063 δεῖσθαι.
561 4003 684 4084 Ἐγένετο
694 4005 830 4087 δὲΠέτρον
842 4010 909 4088 διερ·
963 4015 1072 4073 aretem,
1087 4013 1118 4057 ut
1128 4001 1246 4070 Petrus,
1255 3999 1332 4062 ‚dum
1339 4002 1533 4077 pertransiret
1550 4002 1709 4075 universos.

964 4096 1111 4152 deveniret
1127 4092 1168 4149 ad
1183 4103 1311 4163 sanctos,
1326 4094 1378 4170 qui
1398 4093 1573 4150 habitabant
1586 4092 1709 4166 Lyddoe.
1720 4126 1798 4169 pm,
1809 4143 1862 4185 qua-

964 4186 1049 4260 Quasi
1070 4184 1129 4244 dnr
1149 4183 1297 4262 circuibat,
1320 4183 1428 4242 ordines
1449 4184 1630 4260 considerans,
1650 4192 1738 4264 quaesi
1750 4190 1801 4265 ,nux
1815 4193 1861 4233 cn-

964 4301 1027 4361 pars
1045 4291 1112 4338 esset
1131 4276 1289 4351 coadunata,
1302 4297 1361 4354 que
1383 4289 1487 4352 ornata,
1499 4299 1558 4354 qtrae
1578 4299 1626 4336 sua
1643 4300 1710 4358 prae-
1721 4253 1795 4299 ‘⁰¹⁵⁸‘
1823 4269 1861 4295 Μ’

143 4107 246 4186 γόμινον
261 4107 307 4166 διὰ
321 4103 445 4177 πάντων,
466 4106 601 4164 κατελθεῖν
620 4107 665 4165 καί
680 4107 744 4188 πρὸς
754 4108 813 4175 τοίις
823 4108 910 4187 ἁγίους

142 4208 194 4275 τὼς
215 4213 406 4274 κατοικοῦντας
428 4204 540 4264 Λύδδαν.
566 4206 695 4288 Καθάπερ
709 4234 749 4278 τις
763 4212 909 4291 στρατηγὸς

1720 4320 1792 4362 diues.

143 4312 238 4390 περιῄει
251 4311 300 4376 τὰς
309 4306 399 4376 τάξεις
412 4311 573 4382 ἐπισκοπῶν,
587 4316 662 4368 ποῖον
676 4308 717 4382 είη
731 4335 909 4393 συγκεκροτη-

145 4411 214 4486 μένον
227 4412 317 4492 μέρος,
334 4417 409 4469 ποῖον
422 4412 449 4468 ἐν
462 4408 564 4488 κόσμῳ,
578 4419 652 4468 ποῖον
670 4415 719 4482 τῆς
734 4414 812 4474 αὐτοῦ
827 4413 910 4474 δέοιτο

146 4513 291 4592 παρανοίας.
318 4510 394 4590 Ὅρα
408 4515 547 4590 πανταχοῦ
562 4512 639 4571 αθτθν
652 4513 853 4596 περιτρέχοντα,
868 4518 912 4575 καί

149 4616 241 4692 πρῶτον
255 4613 453 4691 εθρταιεόμενον.
476 4608 545 4670 Ὅτε
560 4611 664 4673 ἑλέσθαι
678 4614 730 4674 ἔδει
740 4617 784 4675 τὸν
799 4616 909 4677 ἀπόστο-

965 4371 1049 4431 sentia
1059 4382 1156 4450 egeret.
1166 4367 1324 4430 Videillum
1336 4367 1437 4446 ubique
1447 4367 1711 4443 circumcursantem,

965 4479 991 4523 et
1006 4463 1124 4545 primum
1141 4461 1290 4520 inventum.
1304 4459 1359 4519 Ubi
1377 4460 1516 4540 eligendus
1534 4477 1591 4522 erat
1606 4478 1712 4544 aposto·

966 4560 1018 4633 lus,
1032 4557 1078 4614 hie
1094 4555 1197 4636 primus
1214 4553 1280 4630 suit,
1293 4575 1356 4613 cum
1372 4552 1517 4613 dicendum
1533 4569 1590 4614 crat
1610 4554 1713 4617 Judoe'ts

968 4669 1022 4707 non
1036 4668 1093 4707 esse
1108 4645 1198 4705 ebrios
1211 4646 1354 4727 apostolos,
1368 4667 1430 4704 cum
1448 4646 1560 4704 claudus
1578 4646 1713 4707 sanandus

150 4712 204 4784 “⁰'’
222 4705 295 4780 οὗτος
315 4718 438 4793 πρῶτοί
459 4711 504 4770 ὅτε
522 4713 693 4794 δίαλῑίίοῆναῑ
707 4725 761 4784 τοῖς
779 4717 914 4784 Ἰουδαίας
932 4729 952 4774 ⁰
968 4741 1031 4816 suit,
1046 4738 1154 4820 quando
1177 4737 1390 4798 concionandum
1410 4753 1480 4816 erat,
1498 4739 1543 4797 hic
1563 4753 1624 4798 ante
1646 4738 1714 4799 alios

154 4811 206 4890 ῗῑίί
216 4819 259 4872 ³⁰3
273 4813 309 4892 μὴ
322 4813 447 4893 ι’ἱθῦῑῑνι
461 4812 506 4873 3³⁵
519 4818 677 4892 θεραπῑῧσαῑ
694 4815 740 4875 τὸν
754 4818 858 4898 κωθίνι
873 4816 915 4876 ὅῖῑ
971 4847 1027 4893 erat
1034 4857 1044 4911 3
1055 4830 1163 4912 quando
1171 4832 1304 4912 agendum
1313 4853 1374 4890 cum
1383 4831 1524 4912 praesectis,
1535 4832 1642 4910 qnando
1652 4856 1714 4893 curn

160 4910 338 4993 ίῖιῑηιῠῼῆῦῦῑι
361 4907 440 4983 οὗτος
459 4914 513 4994 πρὸ
528 4917 682 4994 τῶνζάλλων
694 4917 781 4977 ἐστίν·
797 4918 841 4980 ότε
853 4919 917 4999 πρὸς
972 4926 1085 4998 Ananiae,
1101 4946 1161 4983 cum
1177 4946 1212 4983 ex
1225 4925 1321 4983 umbra
1332 4923 1480 4982 sanationes
1490 4906 1592 4983 fiereni.
1602 4925 1657 4984 Ubi
1668 4949 1715 5008 pc·

192 5112 270 5166 ‘snut
279 5116 337 5169 (3οἆ-
352 5127 494 5187 παραυτίαιι
507 5124 595 5176 ἀπῆλθε
605 5131 694 5180 nautae
701 5160 708 5184 ι
726 5130 763 5174 καὶ
775 5131 849 5191 ‘latita
861 5131 901 5185 δι’
918 5137 1013 5194 πόλεμος
1023 5137 1104 5193 οἰκίαι,
1118 5135 1167 5182 οὐδὲ
1180 5141 1280 5199 ταραχή.
1296 5132 1373 5186 αὐτοὺς
1383 5132 1474 5196 ᾐδοῦντο
1485 5133 1596 5193 μάλιστα.

1528 5211 1573 5270 tt.
