3728 5978
61 409 259 455 ...,....„„,
512 439 545 486 nt
573 436 675 485 tcrt
686 435 942 486 noosmmnuu.
970 436 1089 486 ιισιιιι.
1116 437 1185 486 xor.
1557 416 1628 511 345

60 567 99 630 ὡς
113 562 193 623 αύτδν
209 561 294 643 ταύτῃ
307 562 377 642 μέγα
393 587 420 621 τι
438 560 499 639 νομί
500 566 612 631 ζοντεςε
600 552 675 620 ε’ί.ναι
689 558 834 629 'dicorde-
850 574 973 684 θεαταί,
986 559 1133 620 admodum
1146 572 1222 621 crant
1236 558 1338 620 fideles.
1356 560 1398 620 lta
1411 559 1481 620 nibil
1501 581 1629 644 magnum

60 660 147 714 ταῦθα
160 655 309 732 θαυμάσαι,
322 653 555 732 πῶςδδαίμων’
530 677 559 713 ου
572 650 730 733 συνέπραξεν
740 637 870 720 hermu
887 651 1021 730 putebant
1040 671 1096 711 csse
1114 654 1224 728 desum,
1240 649 1459 730 quandoquidem
1471 664 1498 713 et
1512 655 1641 714 Paulum

61 771 160 825 τητονν
170 746 329 827 ἐξορκιστων
338 747 441 826 πλανη
457 745 525 806 ἀλλὰ
535 745 707 827 διήλεγξεν
678 744 780 819 αυτοος
789 744 836 805 καὶ
889 741 1048 819 addidere,
1040 763 1129 822 ipsum
1144 742 1209 803 hmo
1219 763 1348 822 magnum
1360 742 1630 826 quidpiamcosepn

62 837 113 908 τήν
137 837 237 910 σκηνήν
262 842 347 899 αὐτῶν
370 836 484 918 φανεράν
509 836 641 908 ἐποίησεν.
665 835 746 915 Εμολ
765 838 846 897 δοκεῖ4
889 833 1647 921 tareostendcntes.Hicmirarisubicquomudodaemon.-

63 931 167 1010 σφόδρα
179 931 321 1010 θυμωθείς,
337 930 427 1011 ὥσπερ
441 929 473 988 ἂν
485 929 509 988 εί
519 954 559 997 τις
571 930 633 1010 περὶ
646 931 699 987 τῶν
716 927 837 1009 ἐσχάτων
889 925 938 984 ilie
946 927 1141 986 exorcistarum
1150 927 1236 987 errori
1244 948 1298 987 nou
1308 940 1463 1009 cooperatus
1472 928 1522 1003 est,
1533 929 1581 990 scd
1591 929 1643 990 rc?

62 1024 229 1098 κινδυνεύων,
240 1025 292 1084 ouo
303 1047 372 1090 τινος
385 1026 489 1104 οἰκτροῦ
499 1022 544 1082 καί
555 1019 725 1101 ταλαιπώρω
737 1021 838 1100 διιλίγ·
890 1012 1001 1097 darunt
1021 1017 1122 1096 illum,
1138 1033 1164 1079 et
1182 1039 1288 1078 scenam
1304 1040 1397 1079 eorum
1412 1020 1544 1100 patefecit.
1558 1021 1645 1081 Mihi·

63 1141 153 1196 χοιτο,
169 1117 215 1177 καί
234 1117 323 1176 πάντα
342 1119 379 1181 είς
398 1119 495 1175 ἐκεῖνον
520 1117 626 1195 ἀφεῖναι
651 1112 772 1192 βούλεται
791 1111 836 1172 cbo
891 1106 1001 1168 viduor
1013 1108 1092 1170 valde
1104 1110 1294 1186 succensuisse,
1307 1131 1340 1170 ac
1351 1111 1375 1170 si
1386 1112 1446 1190 quis
1459 1111 1494 1174 de
1504 1112 1631 1174 extremis

63 1208 157 1286 θυμύν.
167 1207 227 1269 Ἵνα
237 1207 289 1287 γάρ
303 1208 341 1284 μή
354 1208 416 1288 δόξῃ
430 1210 648 1289 καταφρονεῖσθαι
659 1205 689 1264 τὸ
697 1204 781 1282 ὄνομα
791 1208 837 1264 τοῦ
890 1201 1054 1282 periclitans,
1066 1224 1083 1262 a
1095 1201 1193 1262 misero
1202 1202 1321 1281 quodam
1335 1216 1362 1264 et
1372 1225 1522 1265 aerutnucsc
1534 1206 1633 1265 refute-

64 1301 174 1376 Ἰησῶ,
191 1300 317 1380 πρότερον
329 1301 510 1379 ὁμολογήσας,
529 1298 588 1357 τότε
601 1296 694 1356 ἔλαύεν
708 1295 837 1366 ἐξουσίαν.
891 1307 947 1370 tur,
961 1306 988 1353 et
1000 1293 1117 1354 furorem
1136 1315 1216 1355 suum
1238 1309 1324 1355 totum
1341 1295 1369 1357 in
1389 1296 1469 1361 ilium
1487 1318 1633 1358 exonerare

64 1392 131 1452 Ὀτι
152 1392 205 1472 γὰρ
225 1396 254 1452 οὐ
274 1397 320 1452 τοῦ
340 1392 467 1470 ὀνόματος
486 1383 518 1463 ήν
539 1389 676 1459 ἀσθένεια,
700 1387 770 1449 ἀλλὰ
789 1390 844 1460 τῆς
891 1385 966 1447 vetio
977 1388 1019 1446 Ne
1036 1386 1175 1448 videretur
1190 1387 1262 1447 enim
1281 1409 1378 1449 nomen
1399 1391 1463 1452 Jesu
1485 1390 1631 1472 despicere,

64 1484 173 1545 ἐκείνοιν
187 1484 292 1555 ἀπάτης
306 1485 336 1543 τὸ
348 1494 410 1553 πᾶν,
425 1483 469 1544 ἐπί
483 1482 592 1541 Παύλου
604 1479 646 1539 διὰ
660 1478 687 1539 τί
701 1478 738 1559 μή
753 1486 838 1541 ταῦτα
891 1479 981 1557 primo
989 1479 1080 1561 ipsum
1088 1482 1229 1557 confessus,
1239 1494 1304 1541 tunc
1313 1494 1470 1562 potestatem
1477 1484 1634 1565 accepit.Ut

64 1576 219 1655 γεγένηται;
238 1575 291 1636 Καὶ
308 1576 500 1656 ίφαλλόμενος,
514 1573 603 1654 φησὶν,
618 1577 633 1632 ὁ
646 1572 782 1654 ἅνθρωπος
794 1571 839 1632 ἐπ’
891 1589 982 1634 autem
993 1576 1123 1656 probetur
1136 1597 1189 1637 non
1201 1597 1236 1636 ex
1249 1576 1388 1637 debilitate
1398 1577 1527 1656 nominis,
1539 1578 1586 1638 sod
1598 1599 1634 1640 cx

66 1668 168 1735 αὐτούς.
180 1669 259 1735 Ἴσως
275 1667 406 1750 διέρρηξεν
424 1671 510 1727 αὐτῶν
526 1664 560 1725 τά
575 1664 684 1744 ίμοίτια,
697 1664 742 1724 καί
755 1688 838 1747 προσ-
853 1671 874 1719 B
892 1668 1001 1727 illorum
1009 1668 1104 1728 fraude
1114 1682 1200 1730 totum
1208 1668 1347 1746 accidisse,
1362 1691 1411 1730 cur
1422 1691 1474 1730 non
1485 1671 1569 1730 Paulo
1580 1672 1638 1732 tale·

65 1760 161 1843 ήραξεν
184 1764 271 1820 αὐτῶν
293 1761 340 1829 τὰς
355 1758 483 1842 κεφαλάς·
497 1764 575 1818 τοῦτο
592 1755 644 1838 γάρ
666 1756 782 1829 ἐδήλωσε
799 1760 845 1838 τῷ
892 1760 1033 1840 quidpiam
1043 1760 1177 1840 contigit?
1188 1763 1229 1820 Et
1239 1763 1383 1828 insiliens,
1399 1761 1495 1840 inquit,
1506 1764 1593 1828 bomo
1601 1767 1633 1821 in

67 1856 160 1926 εἰπεῖν,
177 1852 387 1933 Ἐραλλύμενος·
404 1849 541 1923 τουτίστι,
557 1848 626 1927 μετὰ
640 1847 726 1928 ῥύμης
738 1849 839 1920 ίπιπη·
892 1853 970 1912 ilios.
983 1852 1063 1911 Forte
1075 1850 1185 1911 discidit
1204 1851 1314 1911 illorum
1328 1865 1432 1927 vestes,
1449 1865 1475 1912 ei
1488 1853 1577 1934 capita
1588 1853 1634 1914 di-

68 1945 163 2017 δήσας,
177 1944 246 2003 ὥστε
260 1946 349 2003 ἱκανὸν
361 1936 394 2016 ήν
412 1949 490 2003 τοῦτο
502 1942 673 2020 ἐργάσασθαι.
697 1938 734 1998 Τί
754 1943 840 2015 ίστιν;
892 1945 1022 2006 laniavit:
1033 1945 1085 2004 hoc
1098 1945 1170 2004 enim
1181 1944 1315 2005 indicavit
1323 1945 1424 2020 dicens,
1435 1948 1573 2008 Insiliens
1580 1972 1593 2018 ,·
1604 1947 1635 2007 id

67 2036 198 2104 Ἀποστὰς
213 2040 260 2096 ἀπ’
274 2039 361 2095 αὐτῶν
377 2036 494 2116 ἀφώρισε
506 2033 566 2102 τοὺς
582 2031 715 2111 μαθητάς,
731 2031 841 2092 Ἐνίιιο·
893 2046 944 2111 est,
959 2055 1021 2092 cum
1035 2033 1137 2115 impetu
1150 2034 1263 2111 irruens,
1278 2035 1314 2094 ita
1326 2049 1357 2094 ιιι
1369 2037 1428 2095 haec
1437 2035 1523 2095 iacere
1535 2047 1633 2117 posset

67 2133 115 2210 ψεν
131 2130 318 2210 αὐτῶν,ρησλ,
331 2127 380 2200 τήν
393 2125 563 2205 κακολογίαν.
578 2122 842 2184 Τοῦτοδίποιεῖκαλ
894 2124 972 2201 Quid
981 2125 1034 2185 sibi
1047 2127 1113 2200 vult,
1121 2127 1280 2186 Discedens
1300 2130 1338 2185 ab
1355 2131 1408 2200 eis,
1421 2132 1582 2209 segregavit
1591 2129 1634 2188 di·

67 2222 229 2302 ἀρίσταται,
251 2222 309 2280 ἐπεὶ
328 2224 376 2280 σύκ
397 2218 526 2290 ήύούλετο
545 2221 672 2277 ἐκκαῦσαι
692 2216 782 2274 αύτῶν
796 2215 841 2275 τὸν
893 2217 1643 2299 scipulosiiliorum,inquit,ma10diccntiutusuccidit.·

67 2316 171 2395 φθόνον,
186 2313 245 2373 οὐδὲ
256 2317 292 2381 εἰς
300 2313 354 2393 ἔριν
364 2311 490 2390 ἐμδαλεῐν
501 2310 618 2369 πλείονα.
631 2308 673 2368 Τὸ
683 2309 722 2380 u,
735 2307 840 2388 Ἐπαῤ-
893 2311 951 2370 Hoc
964 2324 1053 2370 autem
1067 2311 1132 2369 iacit
1146 2324 1172 2370 et
1185 2311 1313 2389 abscedit,
1328 2313 1392 2392 quia
1405 2312 1511 2372 nolebat
1524 2311 1635 2373 illorum

69 2409 223 2489 ρησιοίζετο,
236 2407 318 2485 λέγει,
341 2407 427 2478 δηλῶν
449 2402 490 2463 ὅτι
513 2403 558 2463 καλ
572 2403 637 2483 πρὸς
656 2400 790 2468 κινδύνους
808 2392 842 2473 i*
893 2402 1025 2466 invidiam
1038 2402 1206 2480 succendere,
1219 2426 1304 2484 neque
1316 2405 1344 2464 in
1357 2407 1486 2486 majorem
1494 2406 1585 2466 rixam
1596 2406 1636 2465 in-

66 2498 321 2579 παρατεταγμένος,
334 2496 380 2556 καί
394 2493 572 2577 ρανεριίιτερσν
588 2493 733 2572 διελίγετσ,
752 2493 782 2552 οὔ
798 2515 844 2551 συ·
894 2495 985 2555 citare.
999 2495 1074 2555 lilud
1088 2511 1190 2572 autem,
1207 2500 1237 2555 F
1235 2499 1404 2558 iducialiter
1416 2503 1532 2580 agebat,
1549 2498 1616 2559 dicit
1624 2541 1635 2576 ,

67 2591 183 2659 σκιάζων
208 2590 243 2651 rb
267 2590 397 2670 δόγματα.
422 2587 559 2646 Ἐντεῦθεν
580 2583 777 2662 Ι’μανθοίνομιη
803 2581 841 2662 μὴ
894 2587 1050 2667 significans
1061 2589 1152 2671 ipsum
1161 2589 1196 2648 ad
1205 2588 1324 2670 pericula
1336 2604 1469 2671 paratum,
1479 2589 1578 2650 clarius
1588 2611 1638 2650 nec

66 2686 150 2764 ὁμόσε
173 2691 269 2766 χωρεῖν
295 2692 349 2750 τοῖς
372 2683 569 2758 κακολογοῦσιν,
598 2681 656 2737 ἀλλ’
681 2675 842 2756 deiecerunt
849 2679 1020 2767 ³¹⁰dogmata
1034 2682 1239 2741 obumbrantem
1248 2680 1406 2762 disputasse.
1424 2683 1494 2743 Hinc
1507 2683 1637 2743 discimus

68 2782 166 2837 αὐτῶν.
186 2779 246 2837 Οὐκ
263 2774 441 2854 ἐκακολόγησε
463 2777 551 2838 κακῶς
569 2770 670 2831 ἀκούων
685 2769 731 2829 καί
751 2769 840 2843 αὐτὸς,
858 2785 878 2830 Α
895 2792 948 2830 non
958 2792 1006 2831 nos
1018 2772 1169 2832 immiscere
1178 2793 1240 2832 cum
1251 2771 1637 2850 maledicio,sedabiliisabs-

68 2870 139 2930 άλλδ
160 2871 259 2947 μᾶλλον
281 2867 411 2947 διελέγετο
425 2868 484 2925 καθ’
501 2864 614 2946 ἡμέραν,
628 2861 770 2942 καὶταύτῃ
792 2863 844 2940 μά·
895 2863 996 2926 cedere.
1011 2866 1072 2924 Non
1093 2864 1235 2944 maledixit
1249 2864 1324 2944 ipse,
1341 2885 1404 2924 cum
1425 2864 1495 2925 male
1510 2864 1637 2941 audiret,

66 2965 149 3021 λιστα
168 2960 342 3037 οἰκειούμενος
360 2957 424 3034 ,τούς
447 2954 558 3022 πολλοὺς
578 2959 616 3036 τῷ
629 2958 744 3021 *κακῶς
756 2953 843 3014 καίτοι
894 2956 950 3016 imo
959 2956 1049 3037 potius
1058 2954 1179 3035 quotidie
1191 2955 1356 3037 disputabat,
1367 2970 1393 3016 et
1402 2956 1453 3016 bac
1466 2957 1584 3017 manime
1594 2979 1639 3017 ra·

68 3053 186 3119 ἀκούσας
196 3052 233 3132 μή
245 3053 417 3124 ἀποπηδῆσαι
438 3047 504 3126 μηδὲ
520 3051 693 3127 χωρισθῆναι.
711 3046 765 3106 Καί
780 3046 843 3105 σκό-
894 3048 967 3107 tione
979 3048 1078 3108 multos
1097 3048 1150 3108 sibi
1168 3048 1329 3125 concilians,
1344 3049 1417 3128 quod
1430 3050 1555 3129 quamvis
1567 3050 1640 3110 mala

67 3170 131 3220 πει,
146 3144 236 3217 ἐπειδὴ
251 3148 327 3204 ὁτῶν
337 3143 388 3211 ἔξω
401 3141 547 3256 πειρασμὸς
562 3139 712 3212 ἐπαύσατο,
726 3136 841 3199 ἇπδτιῗιν
893 3139 1010 3220 audiret,
1023 3160 1077 3200 non
1089 3139 1238 3200 discederet
1234 3161 1334 3220 nelue
1346 3156 1524 3222 separaretur
1541 3142 1577 3201 Et
1590 3143 1640 3202 ob*

68 3238 202 3317 δαιμόνων
228 3237 336 3318 ήρξατο.
358 3235 440 3315 Ὁρᾷς
467 3233 591 3314 πώρωσιν
619 3230 779 3305 Ἰουδαῖκήν,
772 3228 842 3290 ·Τδ
894 3254 980 3309 suna,
1002 3246 1145 3314 postquam
1164 3233 1276 3294 tentatio
1296 3234 1332 3292 ab
1353 3234 1470 3294 externis
1485 3235 1639 3315 cessariua

67 3332 164 3408 ίμαίτια
178 3333 256 3389 αὐτοῦ
277 3328 374 3393 ἰδόντες
395 3330 561 3406 ἐνεργοῦντα,
586 3326 615 3383 οὐ
636 3331 786 3404 προσιῐχον.
805 3322 843 3382 Τί
894 3325 1085 3386 demonibus
1077 3325 1186 3407 incepit.
1197 3325 1297 3386 Viden’
1320 3281 1678 3390 caecitatcmiudaicaririiu
1679 3332 1778 3380 aarum

66 3421 162 3483 τούτου
176 3424 262 3499 μεῖζον
278 3419 356 3479 δνί
325 3446 342 3500 γ
357 3441 439 3490 νοιτο;
452 3420 517 3485 Τοῖς
530 3417 557 3475 di
572 3419 671 3494 μᾶλλον
686 3418 722 3481 τίς
735 3418 842 3475 τοίνυν·
895 3420 966 3482 Cum
978 3420 1100 3481 viderent
1114 3433 1201 3482 vestes
1214 3421 1272 3500 ejus
1285 3434 1433 3500 operantes,
1448 3441 1500 3480 non
1515 3413 1689 3484 adverte-‘⁸‘
1660 3409 1740 3442 '‘¹⁴''

67 3516 124 3575 τίον
139 3512 274 3593 περιέστη.
292 3512 325 3572 Ei
341 3536 381 3577 τις
394 3509 531 3581 Ελλήνων
551 3513 678 3579 ἀπιστεῖ,
695 3506 745 3579 τήν
764 3506 841 3568 σκιάν
894 3513 970 3572 bant.
987 3512 1128 3588 Quidboc
1141 3513 1640 3617 majtuessepossitidtiilisinoon

68 3611 138 3687 δρῶν
160 3611 243 3664 ταῦτα
265 3602 441 3684 ἐργαζομένην
464 3600 621 3660 πιστευέτω.
641 3597 722 3659 Οὕτω
749 3603 788 3680 τῷ
813 3597 841 3668 ii
894 3605 1008 3665 narium
1021 3627 1063 3665 res
1078 3626 1153 3665 versa
1173 3606 1264 3667 consi
1277 3605 1338 3684 quis
1353 3605 1493 3686 gentilium
1509 3628 1562 3667 non
1581 3629 1640 3669 crea

68 3701 157 3757 αὗτῶκ
179 3701 326 3768 imitat
338 3702 362 3756 οἱ
379 3693 426 3774 μὲν
441 3695 644 3772 κακολογοῦντες
665 3690 711 3750 καί
731 3689 841 3749 &uffi-
892 3697 1053 3774 (ίαι,νὶιίειιο
1062 3698 1186 3756 umbram
1199 3698 1256 3757 baec
1266 3711 1430 3778 operantem,
1442 3699 1541 3759 credat.
1549 3700 1595 3761 Sic
1605 3723 1640 3762 ex

67 3794 159 3856 λοντες
172 3789 203 3847 τὸ
212 3787 298 3868 δόγμα
308 3792 440 3860 ἡττῶνται
451 3791 461 3858 ζ
472 3789 548 3845 τοῦτο
558 3783 611 3863 γὰρ
624 3783 747 3843 ἐκάλεσεν
757 3781 840 3860 ὁδόν)
894 3811 936 3868 eo,
949 3790 1022 3870 quod
1029 3791 1064 3850 ab
1075 3790 1131 3849 illis
1140 3789 1299 3865 discederet,
1314 3789 1440 3849 maledici
1449 3805 1475 3851 ot
1483 3793 1530 3871 qui
1540 3792 1640 3872 dogma

69 3880 148 3947 αὖτὀι
167 3880 196 3939 δί
211 3879 370 3960 ἀφίσταται,
384 3882 420 3945 ὧι
435 3877 504 3953 μήτε
524 3874 583 3942 τοὺς
598 3874 718 3954 μαθητὰς
733 3878 841 3955 &uszw-
857 3899 875 3946 Β
895 3882 1137 3957 calumniabantur,
1152 3895 1313 3963 superantur
1322 3881 1385 3962 (boc
1392 3882 1464 3941 enim
1474 3883 1549 3943 viam
1559 3905 1639 3944 voca·

70 3977 164 4052 οῆοατι
176 3973 243 4050 μήτε
256 3972 369 4036 ίκείνοοι
380 3974 415 4037 εἷς
429 3969 509 4048 uopbo
524 3970 642 4050 ίγαῖρατ,
659 3965 760 4034 &wite
773 3989 843 4026 πακ-
895 3974 959 4049 vit):
966 3973 1013 4034 ille
1019 3995 1084 4035 vero
1090 3972 1252 4047 discedit,ut
1262 3971 1480 4054 nequediscipuli
1488 3974 1640 4035 secederent

68 4069 153 4144 ταχοῦ
179 4062 365 4140 διωθαυμίνανε
388 4059 437 4134 τήν
457 4058 599 4140 σωτηρίαν·
616 4058 670 4118 Καί
687 4055 780 4117 iuuit
801 4059 842 4116 ίτ·
895 4086 982 4144 παραυ
993 4065 1053 4126 ilios
1062 4063 1096 4124 ad
1107 4066 1176 4124 iram
1189 4065 1341 4141 concitaret,
1353 4066 1640 4128 ostendensillosubi·

68 4161 155 4214 ταῦοα
178 4152 236 4214 etet
251 4155 421 4233 ἀπολογεῖται
444 4157 545 4223 αὐτοῖς,
562 4152 608 4210 ίίττ
632 4155 770 4230 πανταχοῦ
789 4154 842 4210 τῶν
895 4178 948 4236 que
954 4157 1067 4216 salutem
1081 4155 1217 4237 παρείλετο.
1224 4155 1259 4214 Et
1267 4157 1326 4236 jam
1335 4156 1390 4216 illis
1400 4177 1453 4217 non
1465 4177 1521 4217 sese
1530 4173 1640 4240 purgat,

68 4251 151 4306 tuoe
164 4247 371 4306 πιστευσάντων.
384 4245 436 4304 Καὶ
455 4243 620 4322 διαλίγεται,
635 4245 684 4321 οὐχ
695 4243 787 4308 ἅπλῶς
798 4241 843 4302 τὸν
895 4271 927 4310 eo
940 4249 1013 4329 quod
1025 4262 1115 4329 gentes
1128 4248 1227 4328 ubique
1240 4247 1385 4309 crederent.
1397 4250 1434 4308 Et
1445 4249 1575 4331 disputat,
1587 4254 1640 4312 non

68 4339 150 4399 τόπον
167 4338 296 4411 ζητήσας,
318 4340 376 4397 ἀλλ’
390 4335 451 4394 ἔνθα
466 4335 551 4416 σχολή
565 4327 607 4409 iit,
619 4337 654 4400 ὡς
669 4332 842 4405 ιίττιτηδειύ-
896 4341 1020 4420 quemvis
1030 4341 1121 4400 locum
1131 4338 1318 4420 quaereos,oed
1327 4340 1375 4400 ubi
1386 4341 1478 4401 schola
1488 4345 1640 4424 erasquasi

68 4454 145 4513 τερον
162 4429 248 4489 διὰτὸ
261 4432 316 4489 ἐκεῖ
328 4427 493 4506 συνάγεσθαι.
897 4433 1117 4507 commodiorem,
1132 4454 1164 4492 eo
1179 4431 1252 4511 qood
1268 4432 1305 4492 ibi
1320 4451 1554 4515 congregarentur.

112 4532 214 4603 Βαύαλ,
238 4530 308 4601 πόση
330 4532 383 4588 τῶν
405 4526 632 4598 πιστευσάντωνή
653 4525 780 4603 δύναμις,
802 4524 843 4585 ὅτι
936 4531 967 4586 2.
982 4527 1079 4608 Papae,
1094 4539 1193 4603 quanta
1212 4523 1378 4584 credentium
1388 4527 1495 4605 virtus,
1512 4533 1597 4608 qttum
1614 4543 1641 4590 ct

68 4627 115 4686 καί
128 4625 226 4706 ίτίροις
238 4647 284 4682 του
267 4622 331 4681 τὰ
348 4621 416 4680 αὐτὰ
431 4629 515 4679 ποιεῖν
532 4620 646 4700 γίνεται·
662 4618 733 4691 πόση
745 4617 824 4677 u'
785 4641 842 4677 πω·
897 4615 958 4677 aliis
968 4615 1195 4720 quopueeadem
1186 4636 1252 4720 ipsa
1256 4617 1344 4676 facere
1357 4617 1532 4681 concedatur!
1542 4634 1642 4698 quanta

71 4741 203 4800 ρωσιςι
165 4718 218 4774 τῶν
236 4713 281 4772 καί
300 4713 367 4791 μετά
380 4712 428 4784 τήν
444 4710 622 4779 iudiciiin*
589 4733 637 4782 της
650 4710 785 4788 δυνάμεως
804 4709 843 4768 ἔτι
896 4729 963 4768 veru
973 4708 1078 4768 cecitas
1090 4729 1184 4767 eorum
1187 4708 1253 4786 ,qui
1267 4708 1426 4770 etiamdum
1436 4711 1526 4770 virtue
1534 4711 1582 4771 illa
1593 4712 1642 4772 de·

70 4809 259 4888 procorus*
226 4830 259 4884 τη
285 4803 405 4864 ἀπιστία.
420 4793 574 4884 Ὥσπερ
544 4818 587 4862 ουν
604 4800 697 4880 Σίμων
715 4799 845 4883 ἐμπορίας
897 4814 1101 4874 monstraretur,
1116 4801 1144 4860 in
1157 4800 1347 4860 incredulitate
1355 4803 1506 4863 manebant
1511 4802 1567 4864 Ut
1559 4820 1643 4885 igitur

70 4903 158 4962 ἕνεκεν
180 4899 266 4972 ἐζήτει
281 4903 326 4957 τοῦ
347 4894 501 4972 Πνεύματος
523 4894 571 4967 τήν
594 4895 682 4975 χάριν,
707 4896 776 4953 οὕτω
798 4893 844 4953 καλ
897 4894 992 4954 Simon
1006 4892 1074 4953 lucri
1089 4915 1169 4953 causa
1183 4893 1296 4973 gratiam
1308 4894 1426 4974 Spiritus
1439 4896 1643 4975 quaecebat,s1c

105 5124 119 5158 ¹³
138 5122 211 5173 Unus
221 5128 365 5185 μανθάνομεν
375 5126 413 5172 καί
426 5127 489 5184 ἡμεῖς
499 5126 534 5185 μή
546 5123 623 5184 ὁμόσε.
884 5115 973 5167 uouit.
987 5133 1044 5166 cum
1058 5117 1086 5166 Α-
1102 5119 1129 5167 Β.
1144 5117 1172 5167 C·
1187 5131 1259 5177 καυιῶς
1269 5126 1370 5185 πάσχειν,
1385 5127 1421 5171 καί
1438 5121 1555 5185 ἀκούσια]

106 5203 118 5230 ⁸
137 5202 198 5267 [Ito
216 5201 246 5248 Ι).
266 5212 291 5250 ει
312 5196 435 5248 Commel.
449 5198 553 5248 Latinos
566 5198 702 5261 Interpru,
717 5192 795 5246 Savil.
812 5205 837 5246 ει
917 5195 1143 5265 αήιπιτηοιιοτιρου
1162 5211 1208 5262 pro
1227 5200 1404 5269 ιτιτηδιιατιρος
1421 5195 1553 5251 Editorum
1572 5198 1643 5250 resti·
