3742 5970
531 459 565 505 ut
593 459 680 525 κοτε
707 459 965 507 anosrononuu.
995 459 1119 507 nostru.
1147 462 1246 509 xxix.
1565 439 1634 513 255

80 580 160 657 σχολῆς
172 577 223 636 oin
236 578 312 645 θπος
329 585 377 641 τοῦ
388 583 489 660 ἀγῶνος
506 580 679 661 διελέχθημεν
695 582 761 662 πρδς
779 585 837 641 leo
857 589 877 636 θ
892 602 955 640 mur
967 603 1031 640 cum
1042 582 1197 642 domesticis
1211 596 1272 642 ante
1288 583 1481 644 tentationem?
1500 583 1635 644 Adversus

27 732 29 744 Ι
79 669 123 736 ule
133 692 159 727 τι
175 671 233 728 τῶν
249 671 405 752 χρησίμων.
425 673 494 733 Τότε
510 679 581 752 ἡμᾶς
595 673 639 734 ἐπὶ
657 681 702 734 τοῦ
721 676 839 755 ἅρματος
890 693 989 753 pueros
1002 694 1071 753 sepe
1083 672 1158 732 domi
1172 694 1363 755 exasperamur
1375 698 1382 731 ι
1396 674 1453 734 illie
1472 675 1542 735 iram
1555 675 1634 736 sede-

27 764 29 799 ί
78 764 196 828 'ierom
209 763 264 822 ίδοι
283 788 324 832 τις
342 763 385 839 ἂν,
408 765 452 825 διε
467 770 481 824 δ
496 764 566 844 ἀγὼν
577 765 771 846 παραγένηται
787 765 838 825 bui
890 785 962 843 mus,
975 778 1006 824 ut
1020 765 1166 846 illa‘apud
1181 766 1282 827 amicos
1297 766 1426 826 facilitate
1446 767 1489 826 usi
1505 789 1635 849 apparea·

78 875 105 911 ιοι
119 858 195 912 τοῦτο
213 855 414 973 καταγίλαστρί
425 860 515 936 ἐσμεν.
529 860 589 918 Οὔκ
606 849 678 919 εἶπον
695 858 838 933 πολλάκις,
889 877 959 915 mus.
970 857 1003 915 In
1015 855 1077 915 alus
1085 878 1192 936 quoque
1202 856 1360 916 omnibus
1338 879 1361 916 st
1375 878 1568 935 exerceremur,
1579 880 1634 919 non

27 964 30 1005 t
78 943 255 1024 μμναζώμεθα
267 947 394 1029 πρδς
354 972 416 1017 τους
429 949 537 1017 οἰκείως
550 948 601 1032 πρθ
614 955 660 1009 τοῦ
674 958 837 1030 πιιρασμοῦ,
890 949 984 1029 utique
1002 950 1031 1009 in
1054 950 1245 1010 certaminibus
1271 951 1381 1010 ridiculi
1407 972 1534 1014 essemus.
1554 954 1634 1013 Nunc

27 1063 30 1121 ι
77 1037 184 1115 Ιλρδς
143 1061 205 1107 τως
218 1041 320 1111 παῖδας
336 1041 428 1101 tet
395 1068 443 1115 της
456 1042 540 1112 οἰκίας
552 1042 681 1110 πολλοίκις
697 1043 838 1124 παροξυνό·
890 1055 979 1101 autem
992 1063 1066 1101 arma
1081 1042 1193 1121 quidem
1211 1043 1470 1118 sunt,e1ererttaet
1493 1044 1633 1104 studisin

77 1135 144 1208 μθα·
156 1129 321 1211 κατέχωμεν
337 1136 392 1193 ἐκει
404 1134 449 1195 τὸν
463 1136 560 1214 θυμὸν,
573 1132 617 1194 ίνα
636 1133 796 1203 εὖκίλως’
767 1139 838 1217 αυτῷ
889 1133 994 1193 artibus
1015 1148 1042 1194 et
1055 1135 1306 1213 certaminibus31n
1320 1135 1421 1195 virtute
1435 1136 1556 1195 minime.
1573 1138 1633 1197 Non

76 1222 153 1282 tat·
118 1246 169 1282 τιον
187 1225 275 1303 φίλων
297 1225 458 1306 κεχρημίνοι
478 1226 643 1308 ραινώμιθα.
659 1226 713 1287 Καὶ
727 1228 821 1287 ἐπί
785 1251 837 1287 των
890 1226 1001 1286 auderet
1012 1226 1173 1307 agricola
1145 1248 1252 1286 vincam
1267 1225 1433 1306 aggredi,
1407 1228 1458 1286 nisi
1472 1227 1550 1309 prius
1564 1243 1635 1288 reete

76 1313 146 1373 mm
160 1315 291 1375 ἁπάντων
305 1321 328 1376 ελ
341 1318 472 1399 ίγυμναζό
473 1325 550 1398 μεθα,
562 1321 611 1378 αἰκ
624 1317 656 1377 δν
666 1321 694 1378 iv
703 1341 758 1386 τοις
769 1322 838 1396 ἀγω-
889 1317 918 1375 in
939 1317 1045 1378 cultura
1080 1319 1265 1379 exercitatus·
1256 1340 1373 1399 ,neque
1404 1319 1567 1399 gubernator
1597 1321 1633 1381 ad

76 1396 404 1521 ουήμενοραπαχίλοιστοι.
421 1413 476 1471 Νῦν
493 1410 521 1471 δί
535 1409 607 1472 δπλα
621 1410 718 1520 pil:
682 1434 735 1469 τιον
749 1410 837 1471 ἄλλων
890 1405 1072 1487 gubernacula
1088 1409 1194 1487 sedere,
1209 1432 1263 1470 non
1283 1424 1344 1470 ante
1356 1412 1441 1491 probe
1450 1426 1630 1472 exercitatus

76 1497 110 1556 ui
123 1499 260 1578 piperius«
274 1501 322 1561 καλ
341 1501 450 1579 μελίται
466 1503 531 1574 εἰσί,
544 1502 590 1562 καλ
603 1504 703 1583 τεχνῶν
721 1502 767 1561 καλ
782 1525 837 1563 πα·
890 1519 939 1558 nos
951 1522 1014 1561 vero
1024 1516 1157 1583 inexperti
1169 1524 1230 1561 cum
1240 1523 1335 1579 simus,
1347 1524 1448 1584 primas
1459 1516 1547 1563 tenere
1555 1504 1633 1565 volu

75 1591 234 1670 λοιαμιίιυιν·
251 1596 350 1676 ἀρετῆς
368 1595 396 1654 dl
416 1597 540 1674 οθδαμου.
561 1598 620 1655 ίλίκ
634 1594 665 1653 ἂν
680 1594 836 1672 τολμήσειεν
855 1597 873 1645 Ε
889 1611 959 1652 mus.
969 1595 1111 1674 Oporteret
1125 1608 1220 1671 taoere,
1237 1608 1371 1675 oporteret
1385 1616 1446 1653 cum
1462 1595 1537 1654 nullo
1560 1616 1633 1655 eom-

76 1684 200 1765 ίχιυρχθς
216 1684 341 1763 ἀμπέλου
352 1686 478 1766 ἅψασθαι,
493 1686 531 1765 μή
546 1686 673 1769 πρότερον
690 1687 778 1753 καλῶς
790 1711 836 1765 γυ·
888 1684 1025 1744 municare
1034 1686 1079 1746 vel
1089 1686 1195 1766 negotio
1206 1686 1250 1745 vet
1259 1707 1390 1761 sermone,
1400 1687 1485 1746 donec
1494 1709 1632 1767 possemus

78 1775 183 1852 μνασθεὶς
200 1775 239 1837 τδ
258 1777 411 1860 γιιορχικοί·
431 1777 491 1840 οὐδὲ
505 1782 520 1837 ὁ
536 1778 697 1859 κυδιρνήιης
718 1778 762 1839 lul
784 1784 837 1839 τῶν
888 1774 981 1851 ieram,
995 1776 1099 1854 quaein
1119 1775 1197 1835 nobis
1216 1791 1275 1853 est,
1300 1777 1428 1837 cicurare.
1455 1780 1549 1836 Annon
1575 1779 1631 1838 sera

78 1867 155 1927 ιίίοιιιι
164 1867 288 1944 κἀθίσαι,
300 1868 338 1948 μή
349 1869 478 1951 πρότερον
492 1869 722 1950 ίγγυμναοοίμενος
733 1872 836 1938 καλῶς·
888 1869 962 1927 omni
975 1868 1089 1928 ferocior
1101 1868 1245 1929 adversum
1263 1890 1311 1930 nos
1330 1882 1453 1950 pugnant
1467 1882 1493 1928 et
1505 1870 1581 1930 furor
1605 1885 1632 1930 et

79 1960 836 2044 ήιιεῑςδλιίμελέπηποιπάντητυγχοίνοντες,τδθπροοτεῖα
888 1964 1125 2045 eoncupiscentia?
1140 1965 1181 2023 Nc
1202 1965 1230 2023 in
1248 1965 1337 2024 sorum
1356 1984 1451 2045 pergas
1477 1984 1540 2023 eum
1559 1963 1633 2023 bisce

78 2050 132 2163 ίχιιν
145 2053 304 2169 βωλοίμαθα
319 2053 421 2136 Ἐχρῆν
436 2065 526 2136 σιγᾷν,
538 2059 619 2135 ἐχρῆν
633 2053 727 2132 μηδενὶ
742 2078 835 2115 κοινω-
885 2055 958 2133 ieris,
971 2056 1056 2117 donec
1074 2057 1129 2117 illis
1141 2057 1247 2116 frenum
1260 2071 1322 2139 apte
1336 2056 1488 2133 immiseris,
1502 2056 1587 2116 donec
1599 2057 1633 2140 il-

79 2145 293 2226 ιιῑιπραγμοίπων
314 2145 383 2225 μηδὲ
402 2147 543 2227 ῥημάτιον,
556 2145 606 2212 ἕως
621 2146 652 2205 ἂν
667 2146 834 2227 ἠδυνήθημεν
885 2148 959 2208 las
936 2170 1106 2209 cicuraverts
1118 2151 1177 2209 Non
1186 2148 1280 2208 vides
1273 2162 1338 2209 istos
1349 2148 1481 2225 homines,
1495 2148 1542 2228 qui
1556 2170 1631 2209 man·
1694 2169 1783 2276 taonem

77 2237 193 2317 οδθηρίαν
206 2242 350 2319 ήμερωσαι
362 2239 394 2299 τδ
407 2242 435 2299 ἐν
445 2243 518 2317 ήμιν
533 2238 644 2319 llud-pl
663 2237 753 2321 θηρίου
767 2263 834 2300 παν-
886 2253 974 2300 suetos
984 2240 1074 2300 leones
1087 2262 1135 2321 per
1146 2241 1235 2299 sorum
1251 2239 1476 2313 circumducunt,
1498 2246 1692 2336 ιρινοιοιιιιιοάξ1
1765 2236 1782 2278 '

78 2324 305 2410 θςχαλιπῶτερον
318 2326 536 2408 ἐπιστρατεύεται
549 2331 614 2406 ήμῖν
631 2325 678 2385 καί
690 2326 771 2406 θυμδς
787 2327 833 2388 καί
884 2329 1094 2391 lucrenturetrn
1106 2331 1321 2393 admiratione
1300 2345 1364 2409 sint,
1376 2353 1442 2410 quta
1450 2309 1673 2399 irrationabili
1650 2309 1753 2401 taline

78 2417 198 2496 ίαιθυμία,
212 2418 263 2491 Μή
281 2351 449 2500 ἐμδοίληςρείς
467 2417 566 2500 ιἰχορδν
588 2418 713 2498 μηδ’
668 2443 768 2480 τουτων
781 2424 832 2479 τῶν
885 2423 948 2483 ierae
961 2436 1060 2484 tantam
1071 2423 1303 2487 mansuetudinem
1317 2423 1495 2483 indidere?
1474 2445 1498 2484 st
1513 2445 1629 2485 verore·

77 2510 173 2593 θηρίισι,
188 2509 241 2579 ἕως
253 2511 287 2571 δν
306 2513 393 2578 αὐτοῖς
405 2535 440 2570 πε
442 2515 515 2592 ριθῇς
537 2513 625 2579 καλῶς
643 2511 688 2571 τδν
710 2511 832 2593 χαλινδν,
885 2530 963 2598 pente
974 2517 1084 2577 serociat
1095 2518 1149 2590 leo,
1169 2537 1261 2577 omnes
1272 2517 1320 2598 qui
1339 2518 1367 2577 in
1382 2518 1441 2577 soro
1459 2530 1522 2577 suut
1535 2517 1630 2598 abigit,

27 2596 31 2615 ²
78 2603 156 2672 ίιοςδν
169 2602 241 2664 niel
254 2602 444 2721 τιθαροείσης,
457 2603 503 2662 καλ
521 2601 648 2719 χειροήθη
669 2604 833 2664 κατασκευιί-
884 2607 1020 2667 etductor
1031 2609 1090 2689 ejus
1103 2608 1285 2689 periclitatur,
1299 2608 1414 2688 aliisque
1425 2608 1553 2690 perniciei
1566 2631 1630 2669 eau-

78 2699 189 2778 σρςΟυχ
197 2699 263 2779 δρᾷς
275 2694 381 2762 τουτους
393 2694 454 2764 τους
462 2694 636 2777 περιαγοντας
649 2694 710 2764 τοὺς
720 2695 834 2778 ήμίρους
883 2721 913 2761 aa
929 2715 978 2761 est.
991 2701 1027 2760 Et
1047 2716 1078 2760 tu
1101 2722 1164 2782 ergo
1181 2701 1284 2761 leonem
1297 2702 1375 2782 prius
1388 2701 1479 2761 cicura
1490 2715 1630 2781 ‚tuncque
1755 2710 1758 2715 '

27 2827 32 2933 ρ
77 2787 164 2856 λίσνιας
184 2788 290 2849 ἐπὶ
253 2813 304 2861 της
329 2789 394 2869 ἀγορ
395 2798 439 2860 ἃς,
455 2791 513 2856 πῶς
536 2787 582 2848 καί
604 2787 770 2868 κερδαίνωσι
788 2790 1040 2866 aalmeircumduc
1063 2793 1160 2870 illum,
1152 2814 1227 2852 ·non
1241 2806 1271 2852 ut
1285 2791 1428 2874 pecuniam
1441 2791 1568 2873 accipias,
1582 2793 1630 2854 sed

27 2879 253 2991 luipuldum,
267 2880 309 2940 δτι
322 2882 400 2940 ίν”
364 2905 403 2962 τοι
424 2880 512 2961 ἀλόχῳ
526 2878 609 2964 θηρίῳ
622 2879 815 2962 rotali-pupi
817 2884 870 2930 Α
885 2897 915 2944 ut
928 2884 1034 2944 lucrum
1048 2885 1155 2962 reseras,
1170 2885 1214 2944 cui
1224 2885 1390 2966 parnullum
1406 2898 1454 2944 est.
1468 2884 1545 2945 Nihil
1556 2885 1629 2946 enim

27 2973 159 3052 ροίηια
167 2973 365 3092 κατώρθωραν;
381 2972 452 3034 θνδδ
466 2973 586 3054 ἐξαίφνης
598 2975 716 3056 δγριωθη
727 2978 832 3050 ἐκεῖνος,
882 2999 934 3060 par
958 2992 999 3038 est
1025 2977 1225 3038 mansuetudini
1235 2999 1319 3057 ,quae
1334 2991 1360 3037 et
1381 2977 1580 3058 possidentibus
1601 2993 1628 3040 et

27 3054 35 3140 l
79 3068 160 3136 ιαίτιις
180 3065 311 3126 σοὸεῑ
271 3091 332 3135 τους
351 3067 447 3127 est
413 3091 462 3138 της
483 3066 593 3149 ἀγορᾶς,
605 3067 652 3126 καί
670 3067 833 3129 ἐκινδύνευσε
883 3072 1021 3132 utentibus
1033 3071 1180 3132 admodum
1196 3071 1272 3130 utilis
1286 3084 1337 3132 est.
1354 3070 1627 3152 Hancigitursecte-

27 3159 174 3220 ’λοιπδιδ
185 3159 324 3241 περιάγων
337 3159 414 3219 αὐτὸν
427 3159 573 3242 ἄνθρωπος,
586 3161 684 3220 καλ
650 3183 699 3234 ιης
711 3184 763 3220 τιον
785 3162 833 3220 σίλ-
883 3184 955 3239 mur,
970 3178 1000 3223 ut
1019 3164 1154 3246 possimus
1165 3163 1276 3225 virtutis
1289 3164 1362 3225 viam
1379 3177 1502 3223 accurate
1513 3165 1624 3238 emensi,

80 3251 258 3319 λανδαωλιίας
268 3250 412 3331 γέγονεν
382 3275 472 3319 αιτιος
483 3252 537 3312 Καὶ
548 3251 726 3313 σθτοίνυντθν
739 3250 831 3312 λίοντα
882 3255 1201 3335 aeternaconsequibona,
1211 3254 1502 3359 gratiaetbenignitate
1516 3255 1626 3314 Domini

81 3343 349 3455 ιρθιερονήμέριοσον,
367 3342 460 3404 xul‘
429 3367 489 3403 τοτε
502 3367 536 3402 πε
540 3341 622 3426 ρίαγε,
636 3343 720 3426 οὐχα
700 3368 770 3404 uere
786 3346 833 3458 dp·
881 3347 1038 3409 nostriJesu
1053 3346 1166 3421 Christi,
1182 3347 1292 3426 quicum
1304 3347 1379 3406 Patri
1393 3368 1498 3426 unaque
1511 3347 1625 3428 Spiritui

82 3437 147 3518 ρίροον
157 3436 264 3509 λαθεῖν,
278 3435 370 3496 ἀλλ”
351 3461 420 3496 ωοτε
437 3436 610 3520 κερδᾶναικί
612 3437 684 3519 ρδος,
703 3427 733 3497 ob'
748 3436 830 3514 μηδέν
881 3454 972 3499 saneto
990 3440 1112 3520 gloria,
1103 3438 1258 3521 imperium,
1273 3440 1370 3519 honor,
1383 3453 1491 3499 nuncet
1510 3460 1625 3520 semper,

27 3596 34 3607 ‚
83 3531 204 3593 ίοπιίαον.
221 3527 440 3609 (λίδδνγδιρίαον
455 3528 610 3610 ἐπιεικείας,
612 3461 766 3602 ρήκαλτοῖς
783 3551 829 3588 κε-
847 3532 947 3592 notin
961 3533 1056 3593 saecula
1070 3531 1238 3593 saeeulorum
1254 3534 1349 3593 Amen.

83 3623 210 3701 ιτημίνοις,
223 3621 271 3683 καλ
282 3631 336 3690 τοῖς
348 3620 607 3705 χρωμένοις-σφόδρα
625 3620 681 3679 ἐστὶ
695 3619 828 3703 χρησίμη.

84 3712 168 3787 Ταύτην
178 3705 223 3774 ὧν
233 3714 381 3793 διώκωμεν,
393 3712 437 3772 ίνα
449 3715 602 3792 δυνηθῶμεν
616 3717 663 3786 τ’ής
673 3716 770 3796 ἀρετῆς
781 3711 830 3787 τήν

85 3803 126 3863 tio
137 3805 202 3884 μετδ
215 3806 352 3888 ἁκριὸείας
366 3803 549 3878 διανύσαντες,
563 3808 616 3864 τῶν
630 3805 741 3866 αἰωνίων
761 3807 829 3885 ἀχα-

87 3897 274 3980 θῖνιίπιιυχεῖν,
293 3897 384 3979 χάριτι
401 3896 447 3955 καλ
484 3896 647 3980 ιλανθρωπίορ
664 3903 710 3956 τοῦ
730 3896 830 3979 Κυρίου

27 3996 29 4041 ἱ
88 3990 142 4062 ἡμῖν
149 3989 235 4061 Ἰησοῦ
249 3990 377 4072 Χριστοῦ,
387 3990 445 4068 μεθ’
457 3920 535 4068 electi»
545 3987 633 4068 Πατρλ
644 3986 701 4065 ἅμα
714 3991 753 4069 τῷ
764 3987 831 4072 δχίιρ

90 4077 198 4158 Πιοίμσςι
216 4081 292 4155 δόξα,
308 4081 418 4164 κροίτος,
431 4079 514 4158 τιμή,
529 4087 573 4141 νῦν
586 4079 632 4140 καί
654 4079 712 4151 ἀεί,
726 4081 771 4140 καί
796 4085 832 4150 είς

91 4168 130 4238 tiu
142 4175 229 4241 αἰῶνας
238 4178 291 4234 τῶν
303 4171 418 4232 αἰώνιον.
433 4172 527 4252 Ἀμήν.

1687 2242 1824 2339 :sinistis-⁸

114 4367 122 4391 ¹
133 4359 249 4418 ίπῶιαςὶῠ
262 4374 315 4408 uno
325 4355 408 4408 deest.
723 4383 724 4387 ¹
864 4359 942 4425 πᾲδιιν
952 4371 1000 4422 pro
1011 4356 1149 4427 ἡμερῶσαι]

115 4434 193 4489 θῦσον
206 4437 268 4492 eod.
286 4448 393 4510 πρωτεῖα
412 4445 523 4505 κασίχιιν.
536 4433 611 4501 [blot
620 4433 649 4484 Α.
663 4434 690 4484 B.
705 4435 734 4486 C.
749 4458 816 4490 κατι-
