3728 5978
570 421 603 475 tn
630 422 738 475 erisne
766 421 812 474 ιιι)
838 424 922 476 non.
950 428 1067 477 unuin.
1094 427 1143 477 ut.
1562 403 1631 480 563

60 551 181 629 θρωπος,
202 547 232 609 ού
247 548 355 631 χρόνος,
378 551 407 610 ού
420 547 576 630 περίστασις
595 550 770 631 πραγμάτων,
787 555 835 611 οθκ
887 570 940 609 non
951 564 1067 631 tempus,
1081 570 1134 610 non
1155 571 1246 609 rerum
1259 547 1389 626 conditio,
1401 571 1453 611 non
1465 551 1522 633 ipse
1533 551 1632 612 diabo-

60 643 138 711 αύτδς
152 647 167 702 θ
180 642 317 716 διάθυλος,
339 644 389 722 οὐχ
407 647 421 702 ό
442 641 551 709 θάνατος
574 641 690 702 ἐπελθὼν
712 641 834 703 tutatio
884 643 939 720 lus,
954 665 1006 702 non
1020 642 1258 719 morsadveniens,
1272 643 1354 702 abiis
1374 664 1423 704 nos
1435 643 1569 726 depellere
1580 668 1632 728 po-

61 740 149 794 αύτῶν
164 741 236 813 ἡμᾶς
254 734 409 807 δυνήσεται·
424 736 483 794 ἀλλ’
498 734 560 793 όταν
578 732 761 813 ἀποθάνωμεν,
775 733 835 795 τότε
888 736 963 814 terit;
972 735 1135 816 sedquando
1144 736 1287 814 morimur,
1301 750 1365 796 tunc
1382 737 1429 795 illa
1439 737 1546 798 firmius
1559 752 1634 800 tene·

61 827 248 908 άκριόίστερον
282 825 349 887 αθτδι
376 826 533 906 κατίχομεν,
566 825 613 886 καί
638 827 766 886 πλειόνων
792 826 834 886 ἀεὶ
887 849 957 904 rnus,
970 843 996 887 et
1010 829 1038 887 in
1061 847 1205 909 progressu
1227 848 1332 909 semper
1356 828 1483 909 pluribus
1505 829 1633 892 fruimur.

61 919 198 1000 προϊόντες
208 918 383 998 ἀπολαύομεν.
396 917 481 978 Ὥστε
502 920 525 979 εί
540 921 687 986 διαπιστεῖς
699 929 753 985 τοῖς
765 919 833 998 μίλ-
887 919 1069 1002 Quapropter,
1083 920 1107 980 si
1128 941 1180 980 non
1199 919 1286 979 credis
1307 920 1443 998 futuris,a
1457 921 1633 1001 presentibus

60 1011 163 1086 λουσιν,
176 1011 294 1071 ἀπατῶν
316 1010 452 1093 παρόντων
475 1010 521 1069 καί
541 1002 578 1069 ὧν
597 1010 691 1078 ἔλαθες
705 1010 775 1085 ἤδη,
788 1011 834 1071 καλ
886 1025 912 1070 et
922 1012 957 1071 ab
969 1012 1014 1089 iis,
1030 1013 1156 1091 quujam
1169 1011 1305 1092 accepisti,
1316 1012 1394 1072 crede
1406 1013 1469 1073 illis.
1480 1011 1546 1072 ldeo
1559 1013 1632 1074 enim

59 1104 169 1171 ἐκείνοις
179 1102 295 1163 πίστευε.
307 1100 360 1162 nu
370 1101 421 1183 γδρ
434 1108 510 1162 τοῦτο
522 1092 592 1174 εἶπε,
607 1101 661 1161 Καί
672 1101 834 1183 καυχώμεθα
885 1104 924 1163 ait
937 1127 943 1160 ι
955 1106 997 1163 Et
1006 1104 1171 1184 gloriamur
1184 1109 1216 1163 in
1225 1125 1275 1184 spe
1289 1104 1393 1182 gloriae
1405 1107 1474 1177 Dei,
1483 1119 1518 1169 vut
1528 1103 1629 1183 discas,

60 1196 105 1252 ἐπ’
119 1193 206 1253 ἑλπίδι
217 1200 264 1268 τῆς
278 1195 353 1267 δόξης
364 1201 410 1254 τοῦ
423 1197 510 1268 Θεοῦ,
521 1193 564 1252 ἵνα
576 1194 661 1274 μάθῃς
675 1194 732 1253 οίαν
746 1193 834 1274 ψυχὴν
886 1217 967 1274 qnam
981 1209 1102 1277 oporteat
1114 1217 1170 1255 esse
1190 1195 1279 1256 fidelis
1297 1196 1416 1256 hominis
1432 1196 1561 1257 animam.
1576 1199 1631 1258 Ne·

60 1286 107 1344 τὸν
120 1286 213 1346 πιστὸν
227 1285 297 1366 ἔχειν
321 1289 370 1346 δεῖ.
385 1285 454 1346 Οὐδὲ
468 1286 520 1368 γάρ
533 1285 599 1364 ὑπὲρ
620 1289 672 1344 τῶν
689 1283 833 1363 διδομένων
850 1283 868 1330 Β
887 1309 940 1366 que
950 1289 1021 1348 enim
1034 1287 1069 1347 de
1082 1288 1154 1348 datis
1170 1302 1284 1365 tantum,
1300 1289 1346 1348 sed
1367 1289 1448 1348 etiam
1468 1288 1503 1348 de
1517 1289 1560 1366 iis,
1573 1293 1632 1370 quai

62 1378 152 1454 μόνον,
166 1377 235 1437 aut
251 1379 295 1438 καί
315 1377 381 1459 ὑπὲρ
399 1382 452 1437 τῶν
468 1378 616 1455 μελλόντων
630 1381 666 1445 ὡς
687 1376 834 1455 δεδομένων
886 1379 975 1440 danda
987 1395 1058 1457 sunt,
1072 1402 1104 1440 ae
1116 1381 1207 1462 sijum
1227 1382 1290 1441 data
1304 1396 1400 1458 essent,
1424 1381 1564 1442 certiorem
1576 1403 1633 1442 esse

58 1474 312 1553 τεπληρσρσρῆσθαι
322 1474 391 1553 χρή·
402 1481 535 1553 καυχαται
548 1471 601 1554 γάρ
613 1495 653 1539 τις
663 1470 707 1529 ἐπί
717 1480 770 1537 τοῖς
782 1471 833 1543 ἤδη
885 1486 1006 1553 oportet:
1018 1473 1149 1553 gloriatur
1169 1474 1242 1533 enim
1263 1471 1325 1552 quis
1337 1495 1418 1556 super
1438 1473 1483 1551 iis,
1504 1495 1564 1552 quae
1573 1475 1632 1554 jam

58 1570 276 1645 παρασχεθεῐσιν.
292 1565 370 1626 Ἐπεί
380 1556 424 1626 oie
438 1566 511 1638 καὶὴ
526 1569 579 1624 τῶν
595 1562 744 1642 μελλόντων
758 1563 834 1631 ἐλπίς
885 1564 996 1645 accepit.
1010 1566 1083 1639 Quia
1098 1564 1183 1643 igitur
1205 1579 1231 1624 et
1241 1566 1397 1625 futurorum
1418 1586 1478 1647 spes
1492 1566 1529 1625 ita
1552 1566 1633 1625 firma

59 1656 130 1716 οὕτω
144 1657 239 1736 βεόαία
248 1659 293 1717 καί
304 1657 404 1740 euple,
417 1662 452 1725 ὡς
466 1663 483 1730 ἡ
497 1663 549 1717 τῶν
562 1656 717 1735 δεδομένων,
730 1655 776 1716 καί
788 1656 832 1715 ἐπ’
885 1668 911 1713 et
926 1654 1066 1735 explorata
1080 1669 1128 1729 est,
1151 1670 1181 1714 ut
1206 1677 1299 1716 eorum
1317 1679 1378 1735 quae
1394 1659 1452 1737 jam
1466 1657 1530 1719 data
1551 1670 1631 1733 sunt;

60 1749 165 1830 ἐκείνῃ,
186 1751 275 1831 φησὶν,
297 1749 393 1829 δμοίως
411 1748 589 1831 καυχώμεθα·
616 1748 660 1808 δά
684 1753 762 1807 τοῦτο
787 1747 833 1807 καλ
886 1745 922 1807 Εῑ
946 1746 974 1806 in
1000 1747 1047 1806 illa
1060 1747 1197 1823 similiter,
1220 1748 1320 1827 inquit,
1340 1749 1633 1830 gloriamurzideoque
1742 1743 1744 1748 ’

60 1842 137 1911 δόξαν
149 1842 216 1902 αὐτὰ
227 1844 360 1904 ἐκάλεσεν.
373 1844 406 1902 ut
425 1841 477 1922 γάρ
491 1845 528 1909 είς
538 1839 588 1913 τὴν
601 1847 648 1900 τοῦ
661 1843 731 1901 Θεοῦ
744 1862 833 1901 συντε-
884 1839 931 1898 ίΙίιι
945 1839 1061 1919 glou‘am
1070 1840 1187 1902 vocarit.
1200 1841 1231 1902 Si
1245 1842 1315 1901 enim
1322 1840 1360 1901 ad
1372 1841 1423 1902 Dei
1437 1842 1552 1923 gloriam
1562 1863 1630 1902 eon·

60 1936 102 1993 λεῖ
119 1933 207 2008 δόξαν,
221 1934 326 2004 πάντως
340 1935 497 2010 ίκόήσεται,
521 1933 544 1993 εί
569 1933 615 1992 καί
635 1931 673 2011 μὴ
693 1934 727 1991 δι’
745 1937 833 2010 ἡμᾶς,
883 1930 979 2006 ierant,
1005 1933 1115 1992 omnino
1138 1933 1260 1993 evenient
1274 1957 1284 2009 ς
1298 1935 1349 1993 etsi
1369 1954 1424 1994 non
1443 1948 1554 2016 propter
1570 1954 1630 2010 nos,

61 2025 131 2085 ἀλλὰ
144 2028 178 2086 δι’
192 2024 279 2085 αὐτόν.
294 2025 347 2085 Καί
363 2024 389 2084 τί
402 2025 485 2105 λέγοι,
497 2026 586 2105 φησίν,
597 2025 638 2083 θτι
651 2023 685 2083 τδι
701 2023 833 2103 μίλλοντα
884 2038 994 2105 propter
1007 2025 1097 2106 ipsum
1107 2040 1207 2087 tamen.
1226 2026 1261 2086 Et
1272 2026 1339 2106 quid
1354 2025 1433 2103 dim,
1454 2027 1571 2106 inquies,
1584 2029 1630 2086 iu·

61 2117 149 2195 ἀγαθά
169 2116 230 2186 ἄξια
250 2117 419 2196 καυχήσεωςς
439 2115 515 2178 liri
534 2114 581 2194 μὲν
603 2107 648 2174 οὖν
660 2114 695 2173 τά
713 2114 833 2194 παρόντα
884 2132 945 2178 tura
968 2120 1133 2200 bonadigna
1154 2142 1220 2194 esse,
1232 2135 1262 2179 ut
1286 2122 1363 2181 obea
1379 2122 1545 2201 gloriemur?
1565 2124 1629 2202 Ipsa

60 2209 132 2269 κακδι
142 2207 221 2269 ἱκανά
231 2213 302 2287 ἡμᾶς
313 2208 497 2282 καλλωπίσαι,
509 2208 554 2266 καὶ
564 2211 675 2280 ποιῆσαι
686 2206 734 2266 *ἐν
745 2209 834 2275 αὐτοῖς
884 2232 992 2288 quoque
1001 2212 1142 2292 presentia
1153 2213 1296 2272 malasatis
1304 2213 1366 2289 sint,
1377 2227 1407 2272 ut
1416 2213 1491 2273 deiis
1504 2235 1625 2274 noseon·

60 2301 263 2381 ἕναύρύνεσθαι·
278 2300 319 2360 διὸ
332 2300 378 2360 καί
393 2301 526 2380 ίπίγαγεν
536 2324 542 2338 ·
554 2303 594 2359 Ob
609 2298 687 2378 μόνον
699 2298 746 2375 il,
764 2296 867 2359 &illic
883 2304 1014 2382 gratulari
1024 2318 1145 2386 oporteat
1162 2329 1168 2362 :
1198 2304 1260 2364 ideo
1272 2306 1433 2386 subjunxit:
1452 2307 1482 2366 5.
1498 2309 1568 2366 Non
1579 2328 1626 2367 so·

60 2393 106 2452 καὶ
126 2392 332 2475 καυχώμεθαέν
358 2404 416 2461 ταῖς
440 2393 566 2474 θλίψεσιν·
583 2391 724 2464 Ἐννόησον
747 2390 832 2451 τοίνυν
885 2397 947 2457 lum
960 2412 1069 2471 autem,
1082 2401 1135 2458 sed
1153 2412 1182 2458 et
1195 2400 1358 2479 gloriamur
1372 2404 1404 2459 in
1423 2402 1629 2460 tribulationi·

60 2485 142 2556 ἡλίκα
156 2485 191 2545 τίν
208 2485 352 2564 με’λλοντα,
367 2485 430 2545 ὅταν
446 2486 492 2545 καί
506 2486 549 2545 iul
566 2493 619 2552 τοῖς
633 2487 752 2544 δοκοῦσιν
765 2475 834 2545 εἶναι
886 2492 949 2549 bus.
960 2490 1055 2570 Cogita
1065 2490 1150 2569 igitur
1163 2505 1263 2568 quanta
1280 2492 1334 2551 sint
1351 2492 1454 2569 sutura,
1471 2491 1581 2571 quando
1594 2492 1630 2553 de

59 2579 187 2658 λυπηροῖς
199 2577 268 2657 μίγα
277 2582 423 2659 φρονῶμεν.
434 2577 587 2649 Τοσαύτηή
600 2583 647 2636 τοῦ
656 2578 727 2636 Θεοῦ
737 2576 834 2658 δωρεὰ,
883 2581 927 2656 iis,
954 2603 1013 2659 quae
1032 2582 1120 2641 tristia
1142 2603 1199 2642 esse
1222 2581 1358 2661 ridentur,
1375 2584 1462 2644 altum
1485 2585 1628 2670 sinimus:

59 2670 196 2738 καίούτως
208 2672 281 2732 οὐδὲν
292 2673 393 2744 ἀὐτῆς
406 2672 495 2744 άηδίς.
506 2671 571 2731 Ἐπί
586 2670 632 2750 μὲν
646 2670 697 2750 γδιρ
709 2674 761 2729 τῶν
771 2670 834 2739 liu·
885 2685 988 2732 tantum
1005 2687 1046 2733 est
1056 2674 1108 2733 Dei
1122 2672 1237 2752 donum,
1248 2688 1274 2734 et
1287 2676 1365 2735 sicin
1381 2675 1429 2735 illo
1440 2675 1510 2736 nibil
1533 2676 1629 2758 ingra÷

60 2769 103 2823 θεν
116 2764 282 2844 πραγμάτων
296 2766 321 2822 οἱ
335 2763 384 2843 μὲν
399 2767 496 2842 ἀγῶνες
514 2764 592 2824 πόνον
605 2763 696 2843 ἔχουσι
711 2762 756 2822 καί
770 2761 831 2823 oot-
884 2779 941 2824 tum
956 2779 1003 2825 est.
1016 2767 1048 2825 ln
1064 2766 1145 2825 rebus
1161 2787 1275 2846 namque
1292 2768 1472 2828 exterioribus
1483 2769 1628 2829 certamina

58 2879 106 2928 νην
119 2856 377 2937 καίταλαιπωρίαν,
390 2860 414 2916 oi
429 2855 456 2915 δὲ
470 2855 594 2936 στέφανοι
616 2855 662 2916 καί
676 2855 710 2915 τά
728 2854 831 2916 ἔπαθλα
881 2861 1003 2922 laborem
1024 2861 1136 2933 babent,
1153 2860 1274 2922 dolorem
1296 2875 1322 2922 et
1342 2862 1495 2942 miseriam3
1523 2885 1627 2924 coronae

57 2947 108 3020 τθν
121 2948 216 3022 ἡδονὴν
231 2949 397 3027 κομίζουσιν·
413 2951 523 3009 ἐνταῦθα
538 2948 564 3007 δὲ
583 2952 634 3029 αὗχ
646 2947 741 3022 οὕτως,
762 2947 831 3008 ἅλλθ
881 2975 946 3015 vero
955 2968 982 3014 et
990 2954 1101 3036 praemia
1109 2953 1310 3034 inuoluptatem
1324 2953 1471 3033 ooujiciunt
1487 2977 1494 3012 ι
1508 2954 1626 3015 hierero
1654 2980 1780 3026 cerumta-

58 3043 111 3100 νῶν
126 3041 246 3102 ἐπάθλων
260 3042 295 3101 τὰ
307 3041 481 3119 παλαίσματα
505 3044 555 3120 αὗχ
572 3032 651 3112 ἧτταν
669 3045 733 3119 ἡμῖν
752 3040 829 3112 ἡδίω·
881 3047 994 3122 nonsic,
1007 3046 1055 3106 sed
1069 3046 1214 3106 certamina
1234 3067 1288 3106 non
1308 3046 1440 3106 minorem
1452 3067 1536 3124 quam
1552 3068 1625 3128 prae-
1636 3056 1679 3147 effi
1691 3043 1780 3148 elffii-¹¹⁰

59 3131 171 3206 Ἐπειδὴ
182 3132 234 3214 γάρ
249 3133 342 3193 πολλοὶ
356 3135 404 3211 μὲν
419 3138 443 3194 oi
454 3134 597 3213 πειρασμοί
609 3132 669 3193 τότε
681 3125 760 3206 ἦσαν,
771 3137 789 3204 ἡ
802 3131 829 3191 δί
881 3134 935 3194 mia
948 3134 1117 3215 voluptatem
1129 3135 1255 3193 asserunt.
1273 3133 1347 3209 Quia
1364 3134 1436 3194 enim
1458 3134 1551 3195 multae
1562 3149 1627 3196 tune
1634 3120 1780 3211 ,5503me

60 3223 182 3304 βασιλεία
199 3229 226 3286 ἐν
241 3224 346 3299 ἐλπίσι,
360 3225 405 3285 καί
419 3225 452 3285 τά
467 3225 515 3304 μὲν
527 3224 598 3284 δεινὰ
611 3228 637 3284 ἐν
649 3223 742 3305 χερσὶ,
754 3222 789 3283 τά
802 3222 830 3284 δί
881 3240 956 3286 eram
974 3225 1140 3302 tentationes,
1151 3246 1264 3305 regnum
1286 3239 1376 3286 autem
1395 3225 1424 3285 in
1444 3246 1493 3307 spe
1509 3240 1576 3305 erat,
1601 3242 1628 3288 et

57 3316 164 3396 χρηστὰ
184 3320 212 3376 tu
227 3318 390 3398 προσδοκίᾳ,
409 3323 486 3377 τοῦτο
505 3314 532 3375 δὲ
551 3314 611 3384 τοὺς
630 3315 863 3396 άσθενεστίρουςθ
881 3319 1007 3397 graviora
1018 3340 1074 3398 prae
1093 3317 1228 3390 manibus,
1242 3318 1314 3398 bpna·
1334 3317 1466 3377 antemio
1487 3332 1627 3400 exspectn-

57 3408 178 3481 ἐξέλυσε,
189 3409 234 3468 καί
244 3410 296 3490 πρὸ
308 3414 361 3468 τῶν
374 3409 508 3490 στεράνων
518 3408 569 3480 ἤδη
582 3408 686 3467 δίδωσιν
699 3411 786 3474 αὐτοῖς
796 3407 829 3467 τδι
881 3410 966 3487 tione;
981 3411 1031 3470 boc
1041 3426 1134 3470 autem
1148 3409 1311 3470 infirmiores
1328 3410 1470 3489 frangebat
1484 3433 1491 3467 ε
1507 3409 1568 3470 ideo
1579 3432 1629 3471 an·

59 3501 187 3581 βραύεῖα,
201 3501 285 3580 λέγων
299 3502 342 3563 ὅτι
366 3503 411 3561 καί
427 3505 453 3561 iu
472 3512 529 3569 ταῖς
546 3501 649 3580 θλίψεοι
664 3501 702 3559 δεῖ
723 3510 829 3580 καυχθ·
880 3515 1024 3563 tecorunas
1033 3504 1092 3584 jam
1107 3502 1163 3562 illis
1174 3502 1287 3584 prumia
1306 3502 1433 3582 largitur,
1444 3501 1537 3563 dicens
1550 3524 1629 3585 opor·

57 3597 128 3651 σθαι.
144 3593 197 3652 Καὶ
211 3597 258 3653 οὐκ
268 3585 340 3668 είπε,
354 3595 393 3653 δεῖ
403 3600 552 3674 καυχᾶσθαι
566 3599 649 3672 ὑμᾶς,
661 3592 744 3666 ἀλλὰ,
757 3595 830 3651 Καυ·
879 3608 935 3654 tene
947 3597 975 3655 in
995 3594 1216 3654 tribulationibus
1235 3593 1355 3674 gloriari.
1366 3596 1421 3654 Nec
1434 3593 1518 3680 dixit,
1534 3598 1628 3676 Opor-

55 3682 285 3765 χώμεθα,ρησίν,
296 3692 387 3764 ἡμεῖς,
401 3690 427 3745 ἐν
437 3691 474 3766 τῷ
485 3685 572 3766 οἰκείῳ
583 3684 719 3766 προσώπῳ
730 3685 830 3766 παραί-
882 3701 918 3747 tet
931 3709 979 3747 ros
992 3687 1116 3768 gloriari;
1145 3685 1202 3763 sed,
1231 3688 1286 3746 Nos
1300 3686 1466 3765 gloriamur,
1481 3687 1580 3766 inquit,
1601 3687 1629 3746 in

55 3800 126 3834 νεσιν
151 3777 273 3856 εἰσάγων.
295 3769 364 3838 Εἶτα
387 3778 478 3850 ἐπειδὴ
503 3777 588 3838 ἐδόκει
610 3776 679 3845 ξένον
701 3768 768 3836 εἶναι
783 3775 829 3835 καί
881 3781 990 3862 propria
1003 3802 1115 3861 persona
1141 3779 1356 3839 adhortationem
1368 3779 1508 3840 inducens.
1524 3773 1629 3840 Deinde

54 3868 203 3946 παράδοξον
218 3871 249 3930 τθ
263 3870 410 3952 εἰρημένον,
422 3872 445 3930 εἰ
457 3870 501 3929 τὸν
517 3873 588 3950 λιμῷ
606 3868 769 3942 παλαίοντα,
783 3867 829 3927 καί
879 3875 943 3953 quin
955 3872 1060 3933 dictum
1070 3872 1139 3932 illud
1153 3894 1255 3932 novum
1269 3872 1492 3953 inopinatumque
1506 3893 1565 3932 esse
1579 3872 1627 3934 ri-

55 3964 84 4020 θν
97 3961 189 4023 ἁλύσει
203 3963 249 4023 καὶ
262 3967 288 4023 ἐν
309 3963 432 4043 βασάνοις
442 3963 523 4036 ὄντα,
534 3962 582 4021 καί
599 3960 767 4041 ὑόριζόμενον
783 3958 829 4019 καὶ
880 3966 1007 4053 ἀώχωτ,
1022 3963 1171 4044 quodcum
1190 3965 1261 4023 sanie
1272 3964 1427 4038 luctantem,
1439 3985 1501 4022 cum
1516 3964 1626 4037 catenis,

54 4054 244 4134 ὄνεαθῑίόραναν
275 4061 424 4136 καυχᾶσθαι
450 4056 507 4128 δεῖ,
525 4053 716 4121 κατασκευάζει
736 4051 828 4111 δανπὸν
881 4080 944 4117 cum
954 4056 1102 4126 tormentis,
1112 4077 1176 4114 cum
1188 4054 1360 4114 contumeliis
1373 4069 1399 4113 et
1408 4054 1561 4136 opprobriis
1571 4056 1631 4135 glo-

55 4147 123 4208 αὐτό
130 4171 136 4184 ·
153 4147 198 4206 καί
210 4148 241 4207 τδ
250 4148 282 4220 δὴ
293 4151 391 4226 μεῖζον,
405 4149 446 4206 ότι
460 4146 521 4215 ἄξια
532 4146 687 4227 καυχήσεως
698 4134 828 4224 ε’ίναίρη-
881 4149 947 4209 riari
956 4161 1100 4230 oporteret,
1112 4147 1184 4207 illud
1190 4147 1298 4207 demum
1311 4147 1406 4228 probat
1413 4171 1423 4223 5
1435 4146 1562 4226 quodque
1572 4168 1630 4208 ma·

55 4263 109 4312 σιν,
130 4241 159 4299 ού
180 4240 213 4297 δι’
229 4244 315 4300 ἐκεῖνα
327 4240 360 4299 τὰ
385 4240 516 4318 μέλλοντα
533 4229 622 4318 μόνον,
645 4236 714 4298 ἀλλὰ
730 4237 776 4297 καί
796 4237 828 4295 δι’
846 4239 863 4286 ¹²¹
884 4243 931 4323 jus
941 4255 992 4319 est,
1009 4241 1065 4300 baer
1087 4240 1247 4320 gloriatione
1266 4237 1348 4320 digua
1364 4239 1442 4316 dicit,
1458 4259 1511 4298 non
1526 4251 1630 4299 tantum

54 4331 125 4388 αὐτόν
144 4331 177 4390 τά
191 4331 328 4413 παρόντα·
343 4332 388 4391 καί
399 4332 449 4412 γὰρ
462 4332 539 4391 αύταί
552 4333 614 4390 καθ’
625 4329 720 4398 ἑαυτάς
734 4334 761 4390 αἱ
773 4329 830 4390 θλί-
882 4348 993 4416 propter
1003 4333 1050 4392 illa
1062 4335 1164 4407 sutura,
1189 4331 1236 4391 sed
1256 4345 1367 4413 propter
1388 4331 1549 4412 presentia:
1567 4353 1630 4392 nam

52 4426 114 4503 ψεις
135 4424 232 4502 ἀγαθὸν
252 4424 366 4505 πρᾶγμά
388 4428 452 4484 ἐστι.
474 4424 554 4493 Τίνος
577 4423 681 4497 insuam
703 4420 769 4482 'Ort
793 4424 830 4489 είς
882 4426 948 4507 ipsae
975 4447 1024 4507 per
1037 4446 1094 4484 sese
1119 4423 1305 4483 tribulationes
1329 4423 1411 4482 bone
1425 4424 1630 4498 sunu-Quare?

52 4515 189 4592 ὑπομονὴν
213 4515 356 4596 ιἰλείρυνσι.
380 4515 479 4596 Διόπερ
499 4515 591 4592 εἰπὼν,
612 4513 781 4596 Καυχώμεθα
803 4517 830 4573 ἐν
886 4520 959 4592 Quia
969 4518 1006 4579 ad
1020 4517 1177 4600 patientiam
1191 4517 1319 4578 excitant.
1333 4517 1505 4598 Quapropter
1515 4537 1579 4576 cum
1587 4515 1630 4575 di-

53 4616 113 4675 ταῖς
126 4607 244 4688 θλίψεσι,
257 4609 302 4668 καί
315 4609 363 4681 τλν
378 4609 464 4668 αἰτίαν
486 4609 650 4688 προσέθηκε,
671 4607 769 4686 λέγων·
782 4609 830 4667 Εἰ·
882 4614 978 4684 nisset,
1005 4613 1179 4673 Gloriamur
1191 4617 1223 4670 in
1244 4612 1493 4683 tribulationibus,
1518 4630 1628 4669 caumrn

55 4698 144 4772 δότετ,
155 4699 196 4758 ὅτι
210 4704 226 4770 ἡ
241 4702 328 4780 tupi
338 4701 471 4779 ὑπομονὴν
482 4700 681 4780 κατεργάζεται·
691 4697 768 4779 Ὅρα
777 4699 828 4759 πί·
882 4708 981 4788 adjecit
991 4706 1083 4766 dicens
1095 4707 1250 4778 :scientes
1262 4706 1342 4786 quod
1352 4705 1505 4764 tributario
1513 4707 1628 4783 patien-

53 4793 96 4850 λιν
112 4789 161 4862 τὴν
177 4792 336 4871 φιλονεικίαν
351 4793 472 4865 Παύλου,
485 4795 541 4860 πῶς
556 4796 592 4859 είς
604 4792 635 4851 rb
653 4791 770 4851 ἐναντίον
781 4816 831 4851 πε·
882 4805 956 4860 tiam
971 4813 1116 4881 operatur,
1136 4798 1210 4860 Vide
1223 4818 1333 4857 rursum
1353 4796 1547 4856 contentionem
1558 4797 1628 4855 Pnn.

54 4892 173 4972 ριτρίπει
192 4892 236 4951 τδν
256 4893 343 4971 λόγον.
355 4892 467 4965 Ἐπειδὴ
486 4893 538 4972 γάρ
553 4895 581 4951 αἱ
594 4891 694 4972 θλίψεις
710 4892 828 4970 μάλιστα
881 4893 913 4969 li,
931 4891 1066 4971 quomodo
1077 4891 1106 4949 in
1118 4890 1284 4949 contrarium
1296 4898 1445 4949 sermonem
1454 4887 1544 4949 vertit.
1554 4887 1627 4960 Quia

53 4984 230 5064 ἀπαγορεύειν
243 4986 346 5046 ἐποίουν
357 4985 424 5065 ύπδρ
435 4992 488 5046 τῶν
503 4985 655 5063 μελλόντων
670 4983 776 5059 αύτούς,
790 4985 836 5045 καί
881 4983 954 5044 enim
964 4982 1152 5043 tribulationes
1167 4981 1330 5054 efficiebant,
1347 4994 1377 5039 ut
1387 4980 1428 5039 illi
1443 4979 1564 5040 animum
1579 4979 1621 5039 de

87 5193 100 5216 ⁴
114 5194 122 5262 [
136 5202 173 5247 uui
183 5199 219 5247 ltt'
231 5199 305 5254 αὐτοῖς
316 5196 344 5246 Α,
356 5206 380 5244 et
391 5211 469 5262 marg.
481 5193 573 5259 savit]
904 5207 914 5229 ν
932 5192 940 5256 [
954 5189 1034 5242 litlttn
1048 5198 1070 5243 ίν
1082 5190 1183 5254 euroin]
