3742 5970
103 604 203 678 cuavit,
213 602 350 662 machinas
360 598 497 676 adhibuit,
513 611 540 657 et
556 596 653 656 turrim
667 616 718 655 non
734 615 846 654 concus-

104 687 155 762 sit;
170 686 268 742 llrretus
279 680 417 752 excitavit,
437 693 464 737 et
485 676 614 758 scapham
637 696 690 735 non
703 674 846 748 danersit3

104 784 193 822 ramos
206 759 381 850 mulregieet
395 757 513 818 radicem
534 777 586 814 nou
607 754 722 827 evulsit;
745 769 846 889 terrige-

818 473 949 521 svuttn.

898 598 915 652 ά
972 592 1061 665 ιστὴν,
1083 592 1318 652 τὸν-παλαίσαντα
1343 592 1392 649 καί
1421 587 1607 649 διασπάσαντα
1627 592 1665 662 eis

897 674 1008 750 δυναμιν
1030 677 1076 730 τοῦ
1097 672 1238 730 διαόόλου·
1253 670 1328 730 πόσα
1348 670 1500 728 ἐπάλαισεν
1522 671 1666 745 ὁδιάῖολος,

898 752 943 810 καί
957 752 1002 811 τὸν
1019 749 1136 822 ἀθλητὴν
1151 754 1200 808 οὐκ
1214 750 1324 830 ίῤῥηξες
1337 749 1400 822 Τὴν
1415 749 1555 830 φαρέτραν
1570 753 1618 807 τῶν
1631 755 1666 827 βτ-

106 855 187 902 states
199 840 348 912 suscitavit,
359 853 385 897 et
399 851 503 927 petram
514 856 568 893 non
579 834 737 892 commovit.
759 832 798 893 Vi
818 852 846 889 es
862 839 881 886 B
897 833 951 890 λῶν
974 830 1102 902 ίκίνωοι,
1121 828 1155 887 τά
1177 830 1368 910 μηχανήματα
1383 829 1562 909 προσήγαγε,
1575 829 1617 885 καί
1633 832 1667 888 eis

106 919 264 1002 patientiam
286 917 371 997 justi?
385 916 462 975 vules
472 928 606 973 certamen
625 911 755 971 athletae?
769 910 847 970 vides

107 1013 211 1080 petram
230 995 356 1055 firmam?
381 994 459 1053 vides
482 992 595 1052 militem
620 992 782 1050 instructum
810 989 848 1049 ad

106 1077 209 1136 aciem?
219 1075 296 1135 vides
314 1074 411 1132 turrim
432 1072 567 1134 stantem?
582 1070 660 1130 vides
671 1074 774 1150 justum
788 1070 848 1149 glo-

108 1157 220 1227 ciosum,
231 1169 256 1213 et
266 1153 407 1213 diabolum
420 1173 482 1211 cum
503 1149 633 1210 dedecore
645 1148 786 1229 iugatum?
798 1148 847 1210 Vi-

108 1234 232 1306 demilri‚
243 1233 265 1292 si
285 1232 382 1312 placet,
394 1245 420 1290 et
441 1229 574 1312 patientiae
599 1231 657 1309 ejus
679 1225 844 1287 coronidem?

109 1315 174 1372 Post
193 1325 284 1392 raptos
304 1312 397 1381 boves,
413 1323 475 1389 post
493 1308 614 1400 perditas
626 1328 698 1377 oves,
721 1319 782 1387 post
793 1305 845 1389 do-

108 1413 184 1450 mum
196 1411 316 1450 eversam
328 1404 355 1448 et
365 1387 629 1447 filiorumrnteritnm
644 1386 730 1460 (vidit
746 1386 847 1466 qnippe

107 1470 169 1529 illos
188 1468 304 1529 diversis
323 1469 490 1548 temporibus
505 1481 590 1539 natos,
605 1465 650 1524 sed
668 1487 720 1523 uno
734 1479 760 1522 ct
775 1487 846 1524 com-

107 1549 183 1607 muni
205 1551 268 1608 vitre
287 1548 361 1606 exitu
387 1546 546 1619 sublatos,):
564 1559 623 1626 post
645 1558 746 1603 tantam
764 1544 848 1622 igitur

74 1694 79 1706 Ι
106 1627 211 1688 cladem
221 1626 326 1685 invadit
336 1626 414 1683 illum
430 1647 499 1684 uxor
513 1624 556 1683 bis
582 1624 688 1684 verbis:
701 1626 847 1702 Usquequo

106 1706 233 1766 tolerabis
244 1706 346 1775 dicens,
363 1703 433 1763 Ecce
445 1704 562 1763 sustineo
586 1702 697 1783 paulum
710 1717 761 1761 tem
772 1703 847 1775 ioris,

106 1799 263 1866 exspectaus
281 1805 356 1864 spem
370 1784 464 1841 salutis
489 1782 573 1840 meae?
597 1801 657 1840 ecce
676 1726 776 1839 enimd

106 1878 145 1923 est
166 1863 292 1922 memoria
305 1877 350 1919 tua
366 1860 401 1918 de
418 1860 593 1919 tereazdeleti
607 1859 658 1918 filii
677 1861 719 1918 tui
744 1874 770 1918 et
785 1860 847 1919 titia

105 1956 170 2018 tuac,
183 1962 322 2032 quoscum
335 1939 427 1998 labore
437 1939 539 2019 peperi,
551 1954 632 2017 atque
645 1939 673 1996 in
687 1959 789 1997 vanum
807 1940 846 1998 la·

105 2020 201 2080 boravr
219 2044 225 2076 ε
240 2033 268 2078 tu
289 2040 352 2078 vero
366 2018 423 2098 ipse
449 2018 476 2076 in
501 2018 594 2076 loetore
617 2018 751 2077 vermium
762 2019 845 2097 jaces,

780 1781 847 1840 cleta
863 1826 868 1837 .

898 908 998 989 πύργον
1022 911 1070 967 οὐκ
1094 907 1218 968 ἐσάλευσε
1234 934 1240 943 ·
1254 908 1288 967 τὰ
1313 907 1431 984 κύματα
1455 908 1565 987 ἤγειρε,
1587 908 1668 969 ulti

897 989 997 1069 σκάρος
1009 991 1039 1047 οὗ
1050 987 1222 1048 κατεπόντισε
1234 1009 1241 1025 ·
1255 985 1319 1053 τοὺς
1333 985 1454 1052 κλάδους
1469 988 1623 1055 κατέκλασε,
1634 990 1668 1046 καὶ

897 1067 946 1139 τὴν
966 1072 1039 1150 ῥίζαν
1056 1070 1103 1126 οὐκ
1120 1068 1269 1127 ἀνέσπασε·
1284 1065 1335 1132 τὰς
1354 1065 1510 1143 τρικυμίας
1524 1065 1622 1146 ἤγειρε,
1633 1069 1668 1126 κεί

897 1147 946 1217 τὴν
961 1148 1061 1226 πέτραν
1075 1147 1122 1206 οὐκ
1133 1145 1281 1205 ἐσαλευσεν.
1299 1136 1380 1210 ἰῖἰδες
1404 1145 1549 1222 ὑπομονὴν
1568 1146 1666 1216 δικαίοι;

897 1215 963 1293 εἶδες
977 1227 1086 1298 ἄθλησιν
1101 1230 1260 1303 άγωνιστοῦ;
1272 1215 1343 1289 εἰδες
1354 1224 1465 1306 πέτραν
1480 1225 1667 1303 ἐστηρινμένηη

897 1294 964 1372 alte<
974 1305 1018 1364 τὸν
1032 1305 1196 1384 στρατιώτην
1208 1303 1477 1382 reparatricem
1490 1280 1607 1369 sidereis
1618 1305 1667 1384 πίρ-

896 1408 941 1462 γον
954 1387 1073 1455 ίστῶτας
1088 1375 1154 1449 dte
1167 1384 1210 1442 τὸν
1223 1384 1329 1441 δίκαιον
1341 1362 1527 1458 δοζαζόμενον
1538 1383 1581 1442 καὶ
1593 1383 1667 1442 διάόο-

896 1465 942 1522 λον
955 1468 1011 1540 μετ’
1034 1463 1160 1542 αἰσχύνης
1174 1460 1376 1544 δραπετεύοντα
1390 1485 1399 1533 ;
1412 1460 1470 1518 ’ἰδέ
1492 1485 1555 1536 μοι,
1568 1463 1590 1520 εί
1601 1464 1666 1534 δοκοί,

897 1544 942 1601 καί
953 1543 1002 1613 τὴν
1012 1532 1141 1624 κορωνίδα
1156 1546 1204 1612 τῆς
1217 1542 1359 1618 ὑπομονῆς
1374 1544 1475 1600 αὐτοῦ.
1488 1539 1567 1599 treet
1576 1541 1621 1621 γὰρ
1631 1543 1668 1599 τίν

897 1625 950 1680 τῶν
968 1625 1036 1700 βοῶν
1048 1621 1249 1702 αἰχμαλωσίαν,
1262 1619 1310 1677 καί
1321 1623 1378 1676 τῶν
1402 1620 1555 1700 προύάτων
1565 1621 1604 1678 τόν
1616 1623 1668 1698 ἐρα

897 1702 1007 1778 νισμδν,
1020 1701 1066 1760 καί
1076 1705 1124 1771 τῆς
1135 1698 1220 1765 οἰκίας
1233 1699 1282 1769 τὴν
1294 1702 1426 1771 πτῶσιν,
1439 1698 1489 1756 καί
1502 1700 1551 1772 τὴν
1564 1703 1611 1757 τῶν
1622 1700 1668 1758 ταί-

898 1779 950 1838 δων
965 1803 997 1839 συ
1040 1781 1101 1861 οράν
1115 1771 1239 1858 (εἰδεγέιρ
1253 1777 1352 1843 αὐτοὺς
1368 1777 1515 1856 διαφόρως
1527 1778 1573 1855 μὲν
1583 1779 1669 1857 vrttes

898 1882 946 1927 τας
966 1804 1038 1918 salii
1059 1858 1104 1917 τόν
1120 1858 1228 1939 χρόνον,
1243 1859 1323 1934 κοινῇ
1345 1855 1375 1916 δέ
1389 1855 1561 1924 ὗπελθόντας
1573 1857 1668 1926 ἅπαντας

898 1945 944 1998 τοῦ
964 1939 1021 2016 βίου
1040 1938 1071 1997 τθ
1091 1938 1181 2010 τέλος)
1198 1961 1204 1973 ·
1220 1937 1290 2013 μετὰ
1313 1934 1461 2006 τοσαύτην
1487 1927 1533 1995 οὖν
1559 1937 1668 1995 ἀνάλωσιν

899 2017 1054 2095 ἐπεμύαίνει
1068 2016 1112 2076 καί
1127 2021 1143 2087 ἡ
1157 2017 1223 2095 γυνὴ
1237 2014 1377 2115 λέγουσαρ
1396 2014 1486 2096 μέχρι
1503 2016 1573 2115 τίνος
1589 2039 1668 2096 καρτε·

106 2114 263 2177 noctemque
271 2097 323 2156 sub
336 2096 382 2155 dio
394 2097 520 2175 transigis
531 2120 540 2173 ς
551 2111 576 2154 et
589 2118 638 2175 ego
651 2116 742 2155 errans
749 2110 774 2187 et
784 2118 848 2178 sup-
862 2114 882 2161 c
900 2097 988 2178 ρήσεις
997 2096 1097 2175 λόγων,
1111 2095 1167 2154 ἰδοθ
1181 2099 1307 2172 ἀναμενω
1321 2116 1427 2191 χρονρν
1449 2119 1562 2175 μικρον,
1576 2097 1669 2172 προτδε·

106 2179 170 2259 plex
183 2178 272 2236 locum
285 2197 318 2234 ex
338 2176 398 2234 looo
421 2190 446 2235 et
465 2175 577 2234 domum
591 2197 625 2234 ex
639 2175 719 2234 domo
731 2198 847 2235 cucum-

106 2278 147 2332 σο,
161 2269 318 2337 exspectans
330 2255 437 2332 quando
451 2255 490 2313 sol
510 2254 623 2325 occidat,
638 2268 667 2312 ut
681 2254 847 2314 alaborilms

106 2335 252 2414 quiescam,
269 2348 294 2392 et
314 2356 329 2392 a
352 2332 491 2392 doloribus
517 2354 560 2391 mc
578 2333 769 2411 ambientibus,
798 2334 846 2412 qui

106 2435 149 2472 me
170 2434 242 2472 nunc
255 2412 384 2471 detinent.
400 2412 453 2472 Sed
476 2411 520 2471 dic
534 2412 649 2470 verbum
663 2411 800 2501 quoddam
818 2414 846 2472 in

107 2493 265 2566 Dominum,
278 2507 304 2550 et
327 2511 437 2550 morere.
459 2491 509 2549 lllc
529 2512 592 2549 vero
613 2491 757 2570 respiciens
774 2512 843 2562 eam,

71 2589 95 2622 ⁰·
107 2593 199 2632 vorem
214 2571 324 2651 protulit
338 2572 373 2628 ab
385 2570 513 2628 omnibus
524 2569 683 2629 celebratam
696 2594 703 2625 ε
716 2571 748 2630 Si
768 2574 846 2629 bona

105 2656 283 2729 suscepimus
295 2651 332 2708 de
341 2669 432 2708 uranu
444 2651 575 2720 Domini,
589 2649 669 2706 mala
689 2670 748 2706 non
760 2654 848 2709 susti·

107 2735 257 2790 nebimus?
270 2727 370 2790 Viden’
385 2727 522 2809 patientiae
545 2727 676 2808 pelagus?
695 2727 783 2787 viden’
796 2728 846 2788 do·

106 2809 220 2870 ctriuam
246 2807 451 2868 inconcussam?
478 2807 537 2865 Non
557 2807 691 2866 emollivit
710 2809 768 2888 ejus
813 2829 848 2866 a·

105 2889 226 2952 tieutiam
250 2886 539 2960 intolerabilis‚casus;
554 2885 602 2944 sed
624 2899 662 2945 tot
682 2829 846 2946 irruentibus

105 2968 196 3044 malis,
218 2967 297 3044 quasi
321 2964 477 3025 decumanis
508 2965 646 3038 lluctibus,
672 2966 770 3087 εωρίια
794 2987 847 3025 non

107 3047 246 3106 submersa
271 3045 331 3104 suit.
346 3046 448 3106 Vidisti
473 3043 629 3125 patientiam
640 3045 721 3125 justi.
752 3045 847 3105 vidisti

107 3146 232 3186 mrouam
252 3126 326 3205 justo
344 3146 379 3184 ex
394 3124 522 3204 patientia
547 3124 665 3183 nexam?
690 3124 761 3186 Vide
779 3124 848 3184 mihi

106 3207 188 3266 ειίειιιι
202 3209 333 3265 Lazarum
346 3203 511 3276 mendicum,
525 3203 579 3262 imo
588 3203 721 3263 divitibus
736 3205 847 3284 opulen-

106 3285 212 3359 tiorem,
235 3284 370 3363 quomodo
390 3298 416 3343 et
442 3284 497 3364 ipse
512 3305 560 3374 'ter
578 3285 725 3343 iatieutiam
742 3285 768 3342 in
785 3285 846 3343 sinu

107 3366 222 3424 Abrabae
234 3365 390 3443 requieseat.
411 3364 462 3421 Hic
477 3384 547 3421 cnrm
571 3306 586 3420 l

105 3443 201 3503 divitis
215 3444 324 3502 sedebat
334 3445 403 3500 [ame
417 3443 571 3500 tabescens:
586 3456 611 3501 et
627 3443 673 3500 ille
685 3442 795 3520 quidem
804 3444 849 3502 di-

106 3543 153 3580 ves
179 3522 262 3581 variis
284 3523 418 3598 lautisque
442 3521 510 3579 cibis
524 3520 643 3597 quotidie
664 3536 784 3580 ventrem
797 3524 848 3580 inr-

105 3600 344 3681 plebat3Lararus
369 3620 433 3658 vero
459 3620 493 3657 ne
515 3599 717 3678 panefquidem
745 3615 849 3680 poterat

106 3694 226 3738 ventrem
242 3679 277 3737 im
299 3679 353 3737 lere
369 3702 375 3734 :
389 3678 435 3736 illc
446 3678 692 3757 parasitosalebat5
710 3679 780 3738 hica
798 3702 847 3738 ca-

105 3758 187 3818 nibus
209 3759 266 3849 ling
318 3772 363 3816 tur
388 3781 394 3813 :
418 3756 465 3815 ille
484 3760 549 3814 vino
578 3773 716 3816 coronatos
733 3773 848 3818 crateras

106 3837 217 3912 habuit3
232 3839 277 3897 luc
296 3838 389 3917 plagas
404 3857 467 3895 suas
488 3832 603 3895 leniebat
619 3861 625 3892 :
643 3837 689 3896 ille
707 3838 777 3897 mdes
801 3839 848 3898 ba·

105 3917 165 3976 huit
185 3938 252 3977 auro
276 3931 367 3988 tectas,
384 3937 515 3974 marmora
532 3917 673 3991 laconica,
691 3916 847 3978 diademata

105 4018 204 4071 arrrea3
218 4000 333 4056 Lazarus
345 4016 408 4055 vero
422 4017 454 4053 nc
464 3995 603 4073 tugurium
614 3996 723 4086 quidem
734 3998 844 4057 babuit:

106 4076 152 4135 ille
178 4075 341 4134 vestiebatur
363 4074 454 4132 sericis
468 4089 494 4132 et
514 4073 657 4154 leporin1s3
686 4078 800 4136 Lazarus
815 4099 847 4137 nc

105 4176 225 4234 pannum
238 4155 348 4231 quidem
361 4153 465 4213 habuit.
480 4153 533 4213 Sed
549 4153 614 4212 vide
629 4155 696 4213 milri
712 4157 845 4234 patientiae

106 4234 195 4292 finem.
211 4237 335 4291 Mortuus
349 4253 411 4310 ergo
420 4246 458 4291 est
470 4233 564 4306 divcs;
579 4254 650 4291 mors
659 4234 730 4293 euim
742 4236 846 4310 divitis,

104 4333 178 4370 mors
188 4326 241 4369 est:
251 4332 312 4371 nam
323 4333 395 4370 mors
406 4327 574 4391 pcccatorum
588 4313 700 4392 pessima
710 4328 845 4375 :mortuus

105 4392 231 4449 estetiam
242 4393 372 4460 Lararus;
391 4391 445 4448 imo
457 4391 547 4470 potius
563 4392 709 4451 translatus
729 4409 777 4453 est.
794 4396 845 4454 llic

104 4470 139 4527 ab
152 4469 255 4546 angelis
265 4470 464 4544 assumebatur,
478 4470 523 4528 hic
540 4470 646 4529 incaelo
667 4474 843 4550 versabatur3

104 4548 151 4607 ille
162 4553 261 4607 autem'
277 4548 303 4605 in
319 4549 439 4624 gehenna
460 4550 670 4609 comburebatur
682 4575 688 4607 :
700 4552 744 4610 bic
768 4554 845 4631 aquis

103 4627 211 4686 abunde
231 4628 389 4699 lr·uebatur;
411 4627 457 4685 ille
470 4627 496 4684 in
520 4628 640 4704 gebenna
666 4632 804 4704 urebatur,
820 4647 846 4691 et

898 2176 1010 2254 χόμενος
1032 2176 1080 2247 την
1106 2174 1200 2233 ἐλπίδα
1223 2178 1269 2243 τῆς
1297 2197 1445 2254 σωτηριας
1468 2197 1535 2251 μω,
1556 2174 1606 2233 teat
1627 2175 1668 2253 γίρ

898 2255 1041 2335 ἠφάνισταί
1061 2279 1107 2314 σου
1122 2255 1152 2313 τὸ
1170 2253 1341 2352 μνημόσυνον
1365 2255 1427 2312 ἀπὸ
1449 2260 1500 2326 τῆς
1516 2258 1612 2334 viimi
1629 2256 1669 2313 υίοί

899 2355 945 2392 σου
966 2335 1011 2392 καί
1034 2338 1061 2392 αἱ
1081 2341 1220 2413 θυγατερες
1233 2355 1279 2392 σου
1296 2333 1386 2407 ἐμῆς,
1406 2333 1515 2400 κοιλίας
1535 2335 1618 2401 όιοῖνες
1633 2335 1667 2392 καί

898 2413 989 2484 πόνοι,
1004 2414 1047 2479 οθς
1063 2417 1097 2481 εἰς
1116 2413 1147 2473 τὸ
1162 2413 1234 2472 κενὸν
1251 2411 1392 2470 ἐκοπίασα
1414 2412 1491 2488 μετὰ
1512 2415 1613 2492 μόχθων
1625 2412 1668 2471 σθ

898 2491 926 2550 δέ
942 2493 1017 2559 αὐτὸς
1036 2493 1081 2552 ἐπὶ
1097 2491 1198 2570 σαπρία
1219 2490 1373 2560 σκωλήκων
1390 2492 1531 2564 κάθησαι,
1552 2495 1669 2551 διανυκτε-

900 2568 982 2649 ρεύων
999 2571 1111 2650 αίθριος,
1129 2553 1205 2648 κοίγόι
1219 2573 1353 2639 πλανῆτις
1373 2572 1426 2629 καὶ
1441 2572 1552 2650 λάτρις,
1565 2572 1668 2630 τόπονέα

898 2649 979 2709 τόπου
1000 2649 1193 2730 περιερχομόνη
1218 2649 1264 2708 καί
1286 2648 1378 2707 οἰκίαν
1402 2648 1433 2717 ἐξ
1457 2651 1559 2723 οἰκίας,
1578 2651 1668 2729 reporb-

898 2729 1000 2808 χομίνη
1024 2731 1069 2789 τὸν
1087 2729 1161 2800 ἥλιον
1185 2729 1251 2789 πότε
1267 2726 1400 2801 δύσεται,
1424 2729 1473 2789 ἵνα
1495 2729 1668 2804 άναπαύουμαι

898 2812 950 2866 τῶν
972 2808 1089 2889 μόχθων,
1111 2810 1156 2867 καί
1179 2813 1232 2867 τῶν
1252 2812 1450 2907 παραγουσῶν
1474 2833 1509 2886 με
1525 2810 1628 2879 ὀδυνῶν,
1646 2809 1668 2865 τί

901 2911 934 2964 με
947 2894 990 2946 νῦν
1006 2888 1168 2968 συνέχουσιν.
1183 2887 1252 2948 Ἀλλ’
1274 2891 1352 2946 εἰπον
1367 2911 1398 2945 τι
1424 2893 1503 3026 φῆμα
1525 2891 1560 2955 εἰς
1581 2887 1667 2968 Κύριοι,

900 2969 946 3026 καί
960 2967 1077 3027 τελεύτα.
1089 2965 1124 3026 Ὁ
1138 2967 1165 3026 δί
1178 2965 1315 3046 ἐμόλέψας
1327 2969 1402 3044 αὐτῇ
1417 2990 1431 3024 ε
1444 2992 1481 3026 πε
1500 2966 1549 3039 τὴν
1568 2968 1666 3042 ἀοίδιμον

900 3047 946 3106 καί
959 3047 1033 3128 παρίι
1052 3056 1133 3106 πᾶσιν
1147 3047 1277 3126 εἰδομένην
1294 3045 1390 3127 φωνήν
1404 3069 1412 3082 ·
1426 3049 1464 3106 Εἰ
1475 3045 1510 3105 τό
1529 3046 1609 3126 άγπθί
1622 3047 1666 3104 tte·

901 3125 1001 3210 ἰάαθα
1022 3130 1052 3186 ἐκ
1064 3125 1153 3207 χειρὸς
1171 3125 1286 3204 Κυρίου,
1301 3123 1338 3185 τὰ
1358 3126 1439 3184 κακίι
1461 3130 1513 3226 σύγ
1532 3126 1666 3202 θποίοορενς

901 3208 977 3274 littae
987 3210 1121 3282 ὑπομονῆς
1130 3204 1258 3283 πέλαγος;
1274 3196 1344 3268 eltze
1355 3206 1542 3269 διδασκαλιαν
1553 3207 1665 3270 α’πτωτοις

901 3288 959 3343 Οὐκ
970 3285 1117 3364 ἐχαύνωσεν
1131 3286 1208 3344 αὐτοῦ
1229 3283 1277 3355 τὴν
1295 3284 1443 3360 ὑπομονὴν
1459 3291 1476 3357 ἡ
1491 3291 1546 3344 τῶν
1561 3285 1665 3344 ἐπελθόν

588 3385 692 3422 taracus
703 3363 739 3422 ad
751 3365 848 3423 ostium
863 3376 883 3423 Ι)
901 3388 952 3423 των
977 3364 1084 3444 ἀφορία,
1107 3363 1175 3422 ἀλλὰ
1187 3363 1320 3422 τοσούτων
1335 3365 1510 3423 ἐπελθόντων
1535 3366 1617 3442 ὥσπερ
1634 3388 1666 3420 ιο

902 3446 992 3521 μάτων
1020 3444 1244 3514 ἀλλεπαλλήίων,
1265 3443 1298 3501 τδ
1322 3443 1432 3523 σκάφος
1458 3444 1612 3523 ύττοίρύγιον
1632 3447 1666 3499 oia

901 3524 1009 3602 ε’γίνετο.
1022 3514 1096 3589 Εἰδες
1107 3522 1240 3599 ὑπομονὴν
1254 3523 1361 3581 δικαίου
1373 3546 1381 3591 ;
1398 3515 1469 3592 εἶδες
1484 3514 1608 3602 στέφανον
1619 3525 1667 3581 πλε·

901 3604 1010 3680 κόμενον
1024 3606 1062 3681 τῷ
1085 3604 1179 3682 δικαίῳ
1204 3603 1237 3659 δι’
1251 3605 1411 3678 ὑπομονῆς
1432 3602 1487 3662 ’ἰδέ
1509 3628 1554 3681 μοι
1576 3602 1666 3659 καίτοι

901 3682 1007 3762 πτωχὸν
1019 3683 1148 3760 Λάζαρον,
1164 3683 1263 3757 μᾶλλον
1284 3681 1312 3740 δέ
1333 3682 1478 3740 πλουσίων
1501 3682 1668 3761 εὐπορώτερον,

901 3767 957 3829 πῶς
985 3761 1029 3819 καὶ
1054 3751 1127 3826 οὗτος
1155 3761 1189 3818 δι’
1213 3765 1350 3836 ὑπομονῆς
1377 3765 1407 3819 ἐν
1433 3772 1490 3828 τοῖς
1515 3763 1617 3826 κόλποις
1635 3766 1668 3817 τού

901 3841 1022 3920 ’Λόραίιμ
1034 3839 1238 3899 ἐπαναπαύεται.
1256 3831 1344 3906 θύτας
1357 3840 1416 3920 γάρ
1437 3847 1452 3900 ὁ
1475 3843 1594 3920 Λάζαρος
1612 3839 1668 3918 περὶ

899 3921 944 3979 τὸν
953 3923 1060 3979 πυλῶνα
1068 3926 1113 3978 τοῦ
1121 3918 1244 3977 πλουσίου
1252 3919 1385 3986 καθέζετο
1393 3924 1435 3999 τῷ
1446 3923 1521 4000 λιμῷ
1533 3921 1668 3994 τηκόμενα·

900 4004 1019 4065 κάκεῖνος
1033 3998 1080 4076 μὲν
1094 4004 1108 4058 θ
1121 3996 1245 4064 πλούσιος
1257 4000 1400 4079 διαφόροις
1412 4001 1546 4079 ἐδέσμασι
1555 4003 1610 4058 καθ’
1624 3996 1670 4056 ἑκά·

900 4103 964 4151 σι-ην
979 4080 1082 4158 ἡμέραν
1095 4075 1254 4156 1’ἐμπιπλῶν
1276 4077 1327 4149 τὴν
1347 4080 1480 4137 κοιλίαν·
1495 4086 1511 4140 δ
1530 4079 1558 4138 δὲ
1570 4079 1671 4152 Λάζαρος

899 4159 959 4217 ούτε
972 4160 1051 4257 ἄρτου
1069 4157 1117 4227 τὴν
1132 4154 1232 4215 κοιλίαν
1247 4158 1328 4215 αὐτοῦ
1341 4159 1488 4236 χορτάσαι
1509 4151 1579 4239 elyas
1592 4181 1598 4193 ·
1611 4150 1670 4219 οὗτος

899 4260 1059 4316 παρασίτους
1073 4236 1180 4316 ἔτρεφε,
1200 4235 1244 4293 καί
1263 4227 1341 4300 οὗτος
1360 4239 1419 4296 ὑπὸ
1444 4244 1533 4297 κυνῶν
1544 4230 1670 4317 ’ἐλαί-βω.

899 4309 971 4383 οὗτος
987 4316 1162 4393 ἐσκεμμένους
1173 4304 1334 4396 εἰχεῃκρατῆ
1356 4340 1392 4382 ας
1412 4317 1508 4395 οίνου,
1524 4314 1669 4381 κᾶκεῑνοςτέ

898 4397 1038 4477 τραύματα
1054 4395 1201 4453 ἐθώπευον·
1218 4397 1293 4459 οθτος
1314 4339 1391 4474 eli-ev
1416 4399 1508 4456 οἰκίαν
1527 4397 1669 4478 γροεόρορεν

898 4477 944 4535 καί
960 4475 1089 4553 μάρμαρα
1103 4472 1302 4548 Λακεδαιμόνια
1323 4476 1372 4532 καί
1390 4466 1604 4556 περικεφαλαίας
1614 4498 1668 4553 χρυ

899 4566 959 4623 σᾶς,
977 4556 1022 4612 καί
1038 4553 1112 4620 Λόζα
1131 4579 1157 4619 ος
1179 4552 1299 4624 καλύύην
1313 4557 1364 4613 οὐκ
1381 4547 1460 4634 εἶχεν
1475 4581 1483 4594 ·
1498 4548 1572 4621 οὗτος
1594 4575 1669 4630 περα-

898 4636 1011 4694 ύοίλλετο
1034 4577 1132 4711 σηρικί
1151 4633 1195 4689 καί
1207 4635 1317 4710 λαγῷα,
1340 4635 1393 4692 καί
1416 4637 1545 4716 Λάζαρος
1564 4638 1608 4693 οἰκ
1625 4624 1669 4709 sire

102 4707 202 4766 stillam
217 4706 403 4765 desiderabat:
418 4707 464 4765 bic
485 4706 512 4763 iu
529 4708 716 4769 sinu‘Abrabao
739 4713 845 4788 requie-
862 4725 880 4772 F.
899 4715 986 4795 ῥάκος.
1000 4713 1070 4771 Ἀλλ’
1085 4711 1133 4848 ὅρα
1148 4735 1192 4787 μοι
1216 4711 1246 4769 τὸ
1264 4711 1340 4776 τέλος
1363 4718 1417 4785 τῆς
1438 4719 1584 4792 ὑπομονῆς.
1604 4711 1668 4770 ’tzi-

102 4787 205 4859 scebat3
222 4786 269 4844 ille
289 4809 305 4844 a
319 4785 404 4844 vermi
420 4785 565 4844 immortali
580 4787 735 4848 rodebatur.
754 4791 791 4848 Et
804 4793 843 4849 vi-

100 4864 145 4940 de,
162 4867 185 4924 si
206 4865 303 4944 placet,
318 4866 474 4944 patientiam
493 4866 563 4923 beati
578 4866 680 4925 lauari.
699 4871 757 4927 Non
772 4870 846 4929 dixit

102 4942 130 5001 in
159 4945 326 5022 semetipso:
349 4943 407 5021 Ego
435 4965 497 5003 cum
511 4945 613 5004 virtute
639 4948 724 5006 vitam
744 4947 845 5009 ducens

101 5036 259 5102 paupertate
272 5043 379 5102 premor
386 5045 396 5098 ς
409 5036 435 5082 et
453 5023 499 5082 ille
510 5023 630 5102 iniquam
647 5028 749 5087 ducens
762 5029 845 5089 vitam

133 5221 146 5256 θ
159 5217 254 5282 [Sat-it.
267 5229 296 5270 ίί.
309 5223 401 5272 διετέλει
411 5223 480 5284 ἐμοι]

899 4805 974 4852 θανεν
993 4784 1036 4850 σύν
1051 4795 1065 4849 ό
1078 4814 1099 4847 π
1117 4790 1202 4854 ούσιος
1214 4813 1220 4826 ·
1232 4795 1278 4847 τοῦ
1298 4790 1352 4869 γάρ
1374 4795 1511 4853 πλουσίου
1531 4793 1666 4854 obduratos,

898 4874 1027 4938 θάνατος·
1041 4871 1150 4936 θάνατος
1161 4869 1212 4947 γάρ
1229 4869 1404 4948 ἁμαρτωλῶν
1420 4875 1559 4955 πονηρός·
1573 4870 1666 4928 &sitm

898 4952 926 5011 δὲ
947 4952 993 5010 καὶ
1014 4949 1334 5087 θΛάζαροςἜμᾶλλονδέ
1361 4953 1510 5027 μετετέθη.
1531 4943 1610 5015 Οὗτος
1631 4948 1667 5003 ὑπ’

898 5030 1016 5109 ἀγγέλων
1031 5030 1174 5096 elissam
1191 5051 1234 5094 τος
1246 5030 1274 5086 ἐν
1290 5031 1401 5109 οὐρανῷ
1427 5031 1611 5098 ἐπολιτεύετο,
1625 5029 1662 5084 12'·
