3728 5978
630 557 664 605 ΙΝ
691 555 873 606 EPlST.'AD
899 557 981 605 ROM.
1009 555 1127 607 nontin.
1157 559 1205 608 llli

129 679 225 750 αὐτῶν,
239 675 339 746 δεικνύς
353 679 455 757 μωρίαν
469 669 559 752 ούσαν,
573 679 619 738 καί
636 679 787 750 ἀλαζονείας
798 678 898 739 ἐπίδει-

129 770 169 839 ξιν
182 769 269 848 μόνον.
280 760 349 829 Εἶτα
359 769 407 857 ἵνα1
414 770 500 851 μάθρς
508 818 516 845 ,
525 771 568 832 ὅτι
578 772 682 852 ἔχοντες
694 770 742 845 τὴν
754 771 816 852 περί
826 775 898 832 Θεοῦ

129 865 235 943 γνῶσιν,
263 861 343 930 obrui<
365 863 449 936 αύτλν
464 863 631 943 προύδωκαν,
649 863 796 939 Ἤλλαξαν,
812 855 898 925 εἶπεν·

128 954 183 1016 ὁδί
194 954 335 1015 ἀλλάσσων
355 958 390 1023 ῶς
409 957 475 1016 άλλο
489 955 557 1037 ἔχων
571 956 710 1017 ἀλλάσσει.
721 955 834 1016 Ἥθελον
847 955 900 1035 γάρ

129 1069 156 1104 τι
179 1045 259 1106 πλέον
280 1050 374 1127 εὑρεῖν,
397 1047 442 1107 καλ
463 1050 512 1108 οὐκ
527 1047 670 1128 ἠνέσχοντο
693 1052 747 1108 τῶν
772 1047 898 1109 δοθέντων

129 1135 211 1216 ὅριοι·
224 1137 264 1196 διδ
274 1137 318 1196 καί
333 1137 431 1198 τούτοιν
443 1136 578 1206 ἐξέπεσον
590 1139 759 1217 καινοτομίας
768 1139 820 1222 γάρ
830 1130 899 1213 ἦσαν

130 1229 301 1308 ἐπιθυμηταί.
313 1230 365 1291 Καὶ
376 1230 427 1311 γδρ
446 1231 577 1292 *τοιαῦτα
595 1232 682 1291 πάντα
694 1230 729 1292 ad
742 1230 899 1305 Ἑλληνικά.

1623 544 1701 637 tor

952 680 1019 739 tiam
1031 701 1125 741 eorum
1135 681 1163 742 in
1174 681 1260 764 seipsa
1271 681 1540 760 traducit,ostendens
1553 684 1702 747 stultitiam·

953 793 1009 832 esse
1015 786 1042 832 et
1051 774 1211 854 arrogantie
1220 788 1325 835 tantum
1331 766 1541 838 ostentationem.
1550 777 1657 839 Deinde
1666 792 1697 853 ut

953 862 1042 923 discas
1055 864 1116 924 illos
1130 865 1319 926 Dei-notitiam
1332 865 1470 946 habentes,
1482 867 1522 927 sie
1540 867 1617 928 illam
1626 890 1696 951 pro-

953 953 1065 1032 didisse,
1083 955 1161 1031 dicit,
1183 959 1451 1038 Mutaverunttqui
1472 979 1538 1019 vero
1553 972 1649 1034 mutat,
1666 974 1697 1020 nt

954 1045 1030 1106 aliud
1042 1046 1146 1109 habens
1156 1051 1409 1112 mutat.Voluerunt
1419 1051 1490 1111 enim
1502 1051 1569 1131 quid
1578 1040 1697 1134 amplius

954 1140 1161 1218 invenire,datis
1169 1144 1288 1204 terminis
1297 1165 1349 1205 non
1357 1145 1486 1223 contenti5
1494 1143 1608 1229 ideoque
1615 1145 1698 1207 etiam

954 1235 998 1294 his
1008 1235 1167 1297 exciderunt
1177 1262 1184 1296 ι
1195 1238 1343 1299 novitatem
1355 1238 1426 1299 euim
1437 1237 1634 1301 desiderabant.
1646 1239 1698 1301 Et-

954 1329 1033 1408 enim
1050 1329 1206 1410 hujusmodi
1229 1331 1319 1391 omnia
1346 1332 1505 1392 Graeoorum
1529 1333 1611 1392 fuere.
1634 1331 1698 1392 ldeo

1770 1320 1849 1364 Philo·

130 1319 182 1380 Διά
195 1327 272 1380 τοῦτο
286 1321 332 1381 καί
347 1327 406 1381 κατ’
422 1322 544 1394 ἀλληλων
559 1321 682 1396 ἔστησαν,
693 1323 738 1383 καί
751 1323 900 1405 Ἀριστοτέ-
1727 1397 1751 1427 ro
1768 1382 1849 1426 tiorum

129 1417 178 1485 λης
189 1412 236 1492 μέν
247 1414 376 1489 ἐπανέστη
389 1417 528 1491 Πλάτωνι,
538 1419 562 1476 οἱ
571 1416 686 1476 Στωϊκοί
699 1416 726 1477 δέ
734 1417 799 1498 πρὸς
804 1422 899 1489 τοῦτον
917 1423 936 1469 Β
953 1420 1034 1479 etiarn
1044 1419 1097 1480 sibi
1110 1435 1205 1480 mutuo
1215 1420 1349 1490 adversati
1359 1436 1435 1482 sunt:
1445 1422 1600 1483 Aristoteles
1610 1423 1698 1485 insur·
1707 1399 1809 1490 armiati.

130 1507 310 1588 ’ἐφρυάξαντο
317 1554 326 1583 ,
340 1510 384 1568 καί
396 1509 474 1577 ἄλλος
486 1510 559 1590 ἄλλῳ
568 1508 694 1588 πολέμιος
702 1508 820 1590 γέγονεν·
830 1509 900 1571 ώστι
954 1510 1024 1570 rexit
1034 1525 1125 1571 contra
1140 1512 1290 1586 Platonem,
1303 1507 1386 1575 Stoici
1399 1513 1427 1573 in
1440 1513 1514 1573 hune
1524 1514 1696 1594 infremuere,

130 1601 181 1680 οὐχ
190 1599 272 1667 οὕτως
283 1600 376 1669 αὐτοὺς
389 1602 442 1683 χρὴ
458 1603 600 1681 θαυμάζειν
616 1602 661 1663 aa
675 1601 724 1674 τλν
736 1602 846 1683 σοφίαν,
864 1607 901 1671 ὡς
954 1615 980 1662 et
992 1603 1060 1662 alter
1072 1604 1150 1664 alteri
1163 1604 1248 1665 hostis
1260 1606 1320 1667 tuit.
1335 1607 1429 1686 ltaque
1441 1627 1495 1667 uon
1509 1606 1546 1667 ita
1559 1606 1700 1667 admiran-

130 1690 341 1772 ἀποστρέφεσθαι
351 1693 395 1752 καί
406 1703 502 1772 μισεῖν,
512 1694 554 1755 ὅτι
565 1697 597 1755 δι’
609 1695 673 1755 aoso
681 1701 758 1755 τοῦτο
763 1693 847 1775 μωροὶ
858 1716 900 1772 γι·
954 1695 984 1754 di
993 1709 1056 1755 sunt
1068 1695 1104 1754 ob
1117 1696 1277 1777 sapientiam
1289 1711 1319 1758 ut
1332 1698 1475 1758 aversandi
1487 1713 1512 1759 et
1522 1698 1586 1759 odio
1597 1699 1698 1759 baben-

129 1782 244 1863 γόνασιν.
260 1785 295 1843 El
315 1782 366 1865 γὰρ
385 1784 422 1863 μὴ
435 1787 571 1865 λογισμοῖς
586 1786 732 1867 ἐπέτρεψαν
745 1788 791 1848 καί
806 1788 901 1846 συλλο-
953 1784 993 1864 di,
1005 1786 1067 1865 quia
1084 1788 1120 1848 ob
1134 1789 1185 1851 hoe
1198 1789 1289 1871 ipsum
1300 1789 1376 1849 stulti
1386 1790 1448 1849 lacti
1464 1804 1537 1851 sunt.
1554 1791 1614 1871 Nisi
1625 1790 1697 1852 enim

128 1883 234 1953 γισμοῖς
253 1874 298 1933 καί
312 1876 456 1956 σοφίσμασι
469 1877 503 1936 τὰ
516 1881 575 1937 καθ’
589 1877 707 1953 ἑαυτοὺς,
730 1882 777 1939 οίικ
792 1878 823 1937 ἀν
834 1879 900 1939 έπα·
954 1877 1102 1938 ratiociniis
1112 1893 1138 1940 et
1151 1880 1316 1961 syllogismis
1330 1894 1412 1960 atque
1429 1881 1641 1962 sophismatibus
1650 1903 1699 1942 sua

129 1971 182 2040 θον,
194 1962 260 2048 ὅπερ
273 1966 377 2027 ἔπαθον.
391 1961 460 2029 isira
474 1969 609 2051 ἐπιτείνων
625 1973 711 2031 αὐτῶν
725 1970 773 2043 τὴν
787 1995 901 2051 κατηγο·
954 1972 1159 2052 commisissent,
1172 1994 1226 2033 non
1237 1973 1265 2033 in
1275 1973 1341 2033 talia
1351 1972 1516 2034 incidissent.
1531 1973 1636 2034 Deinde
1646 1975 1701 2035 cri·

131 2058 200 2141 ρίαν,
226 2061 350 2142 κωμῳδεῖ
367 2061 415 2134 τὴν
437 2063 652 2146 είδωλολατρείαν
676 2065 762 2124 αὐτῶν
783 2065 899 2126 ἅπασαν.
954 2063 1128 2124 minationem
1150 2086 1250 2146 augens
1273 2064 1394 2140 iliorum,
1411 2063 1594 2125 idololatriam
1613 2079 1705 2126 totam·

131 2151 258 2211 Μαλιστα
272 2151 334 2231 ι’μὲν
349 2144 392 2212 οὖν
407 2155 492 2214 καὶτὸ
502 2154 629 2228 ἀλλάξαι,
644 2156 856 2237 καταγέλαστον·
870 2157 900 2217 τδ
953 2156 1081 2216 traducit.
1098 2159 1176 2218 Certe
1195 2152 1240 2218 vel
1264 2158 1338 2236 quod
1360 2159 1535 2238 mutaverint,
1551 2159 1706 2220 ridiculum

131 2244 159 2303 δὲ
169 2246 257 2314 καῖείς
267 2252 374 2305 τοιαῦτα
383 2245 504 2320 ἀλλάξαι,
512 2248 600 2319 πάσης
611 2246 754 2329 ἀπολογίας
765 2249 901 2316 ίκτός.Είς
954 2263 1007 2310 est:
1017 2249 1090 2329 quod
1101 2263 1190 2309 autem
1204 2249 1231 2310 in
1241 2248 1306 2309 talia
1316 2250 1492 2328 mutaverint,
1503 2251 1701 2311 omniexcusa-
1753 2320 1757 2324 ,

129 2337 190 2396 τίνα
200 2340 243 2396 οὖν
256 2336 383 2412 ἤλλαξαν,
393 2338 439 2397 καί
448 2338 501 2398 τίσι
511 2341 669 2422 περιέθηκαν
681 2339 728 2414 τὴν
742 2340 828 2416 δόξαν,
839 2341 900 2402 σκύ-
954 2341 1026 2400 tione
1047 2353 1127 2402 caret.
1145 2341 1179 2400 ln
1194 2363 1318 2420 quaenam
1332 2362 1396 2422 ergo
1410 2341 1590 2421 mutaverint,
1605 2355 1631 2402 et
1645 2363 1708 2423 qua·

130 2456 184 2492 πει.
203 2433 394 2502 Φαντασθῆναι
408 2432 460 2492 ἔδει
473 2433 534 2514 περὶ
545 2432 661 2508 ἐκείνου,
681 2427 744 2509 οἷον,
762 2436 804 2495 ὅτι
816 2437 899 2512 Θεὸς,
918 2447 936 2494 C
955 2432 983 2491 in
994 2452 1024 2492 re
1033 2431 1145 2513 gloriam
1160 2433 1308 2512 posuerint,
1320 2432 1465 2514 perpende.
1476 2431 1656 2513 (rogitandum
1665 2433 1700 2493 (le

129 2523 172 2584 δτι
186 2523 292 2583 πάντων
307 2523 410 2605 κύριος,
425 2522 465 2582 ὅτι
483 2525 531 2583 οὒκ
544 2525 620 2593 ὄντας
629 2525 762 2600 ἐποίησεν,
776 2526 816 2588 ὅτι
830 2553 900 2609 προ-

131 2625 201 2690 νοεῖ,
215 2615 255 2675 ὅτι
277 2618 402 2689 κήδεται·
418 2622 501 2675 ταῦτα
524 2617 574 2697 γὰρ
591 2617 653 2687 δόξα
668 2622 747 2680 Θεοῦ.
763 2620 841 2680 Τίσιν
856 2610 899 2679 οὖν

131 2707 231 2780 ταύτην
244 2708 388 2782 inebrians,
407 2711 466 2768 Οὐκ
487 2709 647 2789 ἀνθρώποις,
672 2712 731 2770 ἀλλ’
751 2711 900 2790 ὁμοιώματι

132 2800 229 2866 εῖκάνος
240 2805 354 2880 φθαρτοῦ
368 2801 513 2883 ἀνθρώπου.
525 2801 579 2861 Καὶ
589 2801 646 2862 οὐδὲ
655 2806 766 2863 ἐνταῦθα
777 2803 901 2877 ἔστησαν,

132 2893 202 2952 ἀλλά
215 2893 260 2952 καί
280 2897 315 2961 είς
328 2892 450 2952 κνώδαλα
471 2894 681 2975 κατηνέχθησαν,
694 2897 794 2974 μᾶλλον
808 2895 836 2956 δὲ
856 2896 902 2956 καί

131 2989 169 3052 εἷς
179 2985 225 3052 τάς
235 2985 333 3046 τούτων
346 2985 454 3054 εἰκόνας.
472 2985 512 3046 Σθ
528 2986 557 3045 δέ
577 3012 621 3065 μοι
638 2987 731 3047 σκέπει
744 2987 793 3061 τὴν
808 2988 901 3068 σοφίαν

130 3083 177 3136 τοῦ
194 3077 322 3151 Παύλου,
343 3082 400 3145 πῶς
418 3077 451 3136 τὰ
475 3078 520 3138 δύο
534 3079 602 3160 ἀκρα
623 3080 738 3152 τέθεικε,
764 3079 832 3141 Θεὸν
856 3081 900 3142 τδν

132 3168 273 3241 ἀνωτάτω,
297 3168 342 3228 καί
357 3168 390 3227 rt
410 3170 508 3251 ἑρπετά
531 3170 566 3230 ed
579 3170 738 3230 κατωτάτω·
756 3174 856 3249 μᾶλλον
873 3170 901 3232 di

131 3260 190 3318 οὐδὲ
203 3257 237 3318 τὰ
248 3259 361 3340 έρπετά,
374 3261 442 3321 ἀλλά
456 3260 555 3321 τούτων
573 3261 730 3341 ὁμοιώματα
738 3308 747 3336 ,
756 3261 800 3322 ἵνα
812 3267 901 3344 σαφῶς

132 3350 203 3431 δείξῃ
218 3350 265 3424 τὴν
284 3353 411 3435 λαμπρὰν
431 3357 517 3435 αὐτῶν
532 3355 637 3435 μανίαν.
652 3355 711 3429 Τὴν
725 3354 776 3437 γάρ
790 3360 900 3434 γνῶσιν,

955 2525 1002 2584 illo
1014 2537 1081 2603 erat,
1096 2524 1170 2604 quod
1182 2538 1248 2585 esset
1262 2526 1348 2604 Deus,
1373 2524 1446 2604 quod
1468 2524 1589 2586 omnium
1609 2524 1698 2611 dpmi-

956 2639 1015 2693 nus,
1029 2618 1103 2698 φοοδ
1116 2639 1171 2695 eos,
1181 2617 1229 2697 qui
1243 2638 1295 2677 uon
1309 2631 1395 2693 erant,
1407 2617 1509 2692 fecerit,
1522 2617 1595 2697 quod
1606 2617 1701 2699 provi-

956 2710 1018 2771 deat
1029 2725 1055 2770 et
1064 2732 1157 2771 euram
1169 2725 1244 2790 gerat
1252 2735 1259 2768 ι
1267 2710 1325 2770 haee
1335 2710 1422 2790 gloria
1433 2711 1484 2770 Dei
1498 2724 1569 2770 sunt.
1581 2711 1701 2783 Quibus·

956 2810 1019 2862 uam
1033 2801 1084 2884 ipsi
1099 2802 1173 2862 illam
1187 2802 1389 2862 attribuerunt?
1400 2803 1461 2861 Non
1476 2802 1642 2879 hominibus,
1653 2803 1701 2863 sed

956 2895 1129 2955 similitudini
1140 2894 1265 2975 imaginis
1276 2893 1462 2976 corruptibilis
1473 2894 1599 2955 hominis.
1608 2896 1703 2975 Neque

956 2987 1002 3047 hic
1023 3001 1161 3060 steterunt,
1184 2986 1232 3046 sed
1252 3000 1279 3047 et
1301 2985 1336 3045 ad
1359 2986 1439 3046 bruta
1455 2986 1582 3046 animalia
1597 2985 1702 3068 delapsi

956 3094 1030 3156 sunt,
1045 3079 1101 3140 imo
1113 3095 1140 3140 et
1153 3079 1189 3139 ad
1202 3079 1313 3138 illorum
1332 3078 1473 3160 imagines.
1495 3079 1540 3138 Τιι
1555 3100 1619 3139 vero
1633 3079 1702 3160 mihi

957 3173 1035 3232 Pauli
1045 3171 1205 3253 sapientiam
1219 3169 1370 3252 perpendas
1389 3168 1483 3246 velim,
1497 3171 1633 3250 quomodo
1647 3170 1705 3232 duo

956 3277 1076 3324 extrema
1094 3261 1213 3345 posuerit
1218 3285 1228 3339 ς
1245 3263 1336 3321 Deum
1358 3282 1515 3343 supremum
1529 3262 1662 3341 omniurn,
1676 3277 1712 3323 et

956 3355 1062 3437 reptilia
1084 3355 1193 3430 inlima;
1219 3354 1275 3413 imo
1290 3373 1343 3412 non
1364 3353 1485 3434 reptilia,
1499 3353 1546 3412 sod
1562 3353 1713 3435 reptilium⁴

131 3445 163 3516 ἣν
173 3444 225 3504 ἔδει
234 3444 295 3527 περὶ
302 3450 347 3504 τοῦ
354 3446 460 3506 πάντων
468 3448 631 3529 ἀσυγκρίτως
639 3449 810 3532 ὑπερέχοντος
820 3450 902 3530 ἔχειν,
920 3472 939 3518 ι)
956 3447 1157 3524 similitudines,
1173 3459 1203 3505 ut
1221 3459 1342 3527 apertam
1362 3445 1472 3506 illorum
1486 3445 1618 3506 insaniam
1631 3445 1712 3507 clare

131 3536 229 3610 ταύτην
244 3541 282 3616 τῷ
297 3539 404 3598 πάντων
417 3540 581 3621 ἀσυγκρίτως
597 3540 770 3622 εὖτελεστέρφι
782 3542 903 3624 περιέθη-

132 3653 191 3688 κοιν.
202 3631 255 3690 Καί
263 3629 289 3688 τί
298 3636 382 3690 ταῦτα
395 3632 460 3713 πρὸς
468 3631 528 3700 τούς
539 3633 710 3714 φιλοσόφους,
721 3634 802 3715 φησί;
814 3635 903 3714 οΠρδς

134 3720 226 3789 αὐτούς
241 3722 288 3799 μέν
299 3714 343 3782 σύν
358 3723 474 3802 μάλιστα
488 3724 620 3784 πάντατὰ
634 3726 769 3808 εἰρημένα.
781 3726 834 3787 Καὶ
849 3727 902 3810 γδιρ

133 3805 205 3871 οὗτοι
218 3812 277 3883 τοὺς
292 3821 375 3875 ταῦτα
389 3817 544 3897 ἕφευράντας
557 3817 717 3896 Αἰγυπτίους
732 3819 903 3888 διδασκαλους

133 3906 241 3985 ἔχουσι·
256 3901 432 3968 καίΠλάτων
442 3915 455 3969 δ
467 3911 550 3968 δοκῶν
563 3902 694 3970 εἶναιτῶν
707 3910 797 3970 ἀλλων
810 3911 905 3990 σεμνό-

133 4021 221 4079 τερος,
233 4000 459 4079 έγκαλλωπίζεται
467 4002 582 4076 τούτοις,
594 4002 640 4062 καί
652 4006 666 4061 ὁ
676 4001 767 4061 τούτου
778 4002 905 4063 διδάσκα·

133 4094 177 4159 λος
188 4092 249 4172 περὶ
261 4094 295 4152 τά
308 4093 403 4153 εἴδωλα
423 4103 505 4155 ταῦτα
519 4093 531 4126 ‘¹
542 4095 686 4168 ἐπτόηται·
701 4095 746 4155 τδν
757 4101 817 4175 γοῦν
838 4099 903 4155 ἀλε-

133 4183 245 4262 κτρυόνα
265 4189 279 4244 δ
300 4186 411 4246 κελεύων
424 4191 462 4269 τῷ
474 4187 626 4267 Ἀσκληπιῷ
637 4186 719 4262 θύειν,
730 4179 805 4256 οὗτός
819 4190 901 4249 ἐστιν.

132 4275 218 4335 Ἔνθα
226 4281 279 4335 τῶν
291 4279 452 4338 θκνωδοῶων
460 4279 559 4339 τούτων
570 4279 616 4338 καί
633 4283 685 4338 τῶν
695 4283 812 4359 ἑρπετῶν
831 4278 902 4339 είκύ-

134 4391 193 4441 νας,
203 4366 248 4426 καί
261 4369 306 4428 τδν
317 4369 469 4429 Ἀπόλλωνα
480 4370 506 4429 δὲ
516 4370 562 4430 καί
570 4370 614 4429 τδν
626 4372 751 4432 Διόνυσον
759 4370 826 4451 μετά
841 4372 904 4433 τού·

957 3539 1114 3602 ostenderet.
1129 3538 1317 3620 Cognitionem
1330 3538 1403 3598 enim
1414 3538 1498 3615 illam,
1508 3558 1589 3618 quam
1603 3539 1712 3599 babere

957 3632 1097 3714 oportebat
1102 3631 1172 3690 cirea
1179 3651 1250 3705 eum,
1256 3629 1303 3709 qni
1313 3629 1370 3689 sine
1377 3629 1575 3711 comparatione
1582 3630 1712 3690 omnium

957 3723 1198 3785 excellentissimus
1209 3735 1259 3798 est,
1269 3720 1339 3780 hauc
1350 3720 1557 3780 omnium-haud
1570 3721 1654 3782 dubie
1661 3723 1705 3784 vi-

957 3818 1061 3877 lissimo
1084 3815 1282 3897 applicuerunt.
1307 3812 1344 3872 Et
1359 3811 1426 3891 quid
1447 3812 1521 3886 haec,
1535 3813 1651 3891 inquies,
1668 3813 1712 3873 ad‘

957 3907 1150 3990 philosophos?
1164 3904 1205 3964 nd
1221 3905 1271 3964 hos
1285 3904 1405 3964 maxime
1423 3905 1511 3963 omnia
1529 3925 1612 3985 supra
1630 3903 1712 3964 dicta¹

957 4013 1086 4080 spectant.
1096 3999 1164 4057 Nam
1176 3996 1205 4055 hi
1217 3995 1362 4077 AEgyptios
1376 3995 1474 4054 horum
1485 3995 1637 4057 inventores
1647 4017 1704 4055 ma·

958 4091 1055 4171 gistros
1069 4088 1169 4148 habent
1180 4111 1187 4145 ι
1199 4101 1225 4147 et
1240 4087 1330 4164 Plato,
1351 4087 1399 4166 qui
1416 4087 1519 4147 caeteris
1536 4085 1704 4168 praest'antior

958 4204 1014 4242 esse
1034 4181 1157 4254 videtur,
1172 4179 1207 4239 de
1229 4179 1303 4239 hisce
1325 4179 1470 4259 gloriatur3
1486 4179 1597 4260 ejusque
1609 4178 1704 4239 doctor

958 4275 1039 4335 idolis
1053 4272 1111 4333 istis
1122 4271 1248 4332 addictus
1260 4271 1324 4349 luit,
1337 4272 1384 4350 qni
1397 4272 1501 4351 gallum
1513 4273 1592 4353 jubet
1607 4273 1712 4333 Esou·-

959 4366 1031 4448 lapio
1042 4364 1197 4424 sacrificari.
1206 4362 1258 4423 Hie
1270 4363 1364 4422 videas
1373 4363 1516 4423 brutorum
1526 4377 1552 4422 et
1565 4363 1713 4445 reptilem

134 4483 187 4518 των
197 4461 418 4539 θεραπευομένους
430 4466 481 4521 τῶν
495 4465 610 4541 ἑρπετῶν
621 4463 671 4523 ἴδοι
684 4488 724 4532 τις
738 4464 778 4523 ἄν.
788 4461 904 4530 Tenet
922 4472 941 4520 Ε
959 4457 1099 4537 imagines,
1114 4470 1141 4516 et
1154 4476 1216 4515 cum
1229 4455 1273 4515 his
1289 4453 1442 4536 Apollinem
1452 4469 1479 4515 et
1491 4455 1629 4515 Bacobnnr
1642 4455 1714 4537 pari·

134 4555 188 4610 τῶν
201 4552 348 4633 φιλοσόφων
365 4554 411 4613 καί
423 4557 459 4621 είς
471 4554 515 4612 τὸν
531 4555 638 4635 οὐρανὸν
651 4557 782 4634 ἀνήγαγον
794 4556 905 4636 ταύρους
959 4550 1034 4612 cultu
1045 4550 1179 4631 dignatos.
1193 4548 1314 4624 Quidam
1324 4568 1388 4607 vero
1398 4548 1554 4630 philosophi
1565 4548 1592 4607 in
1608 4549 1706 4607 caeittm

135 4643 179 4700 καί
197 4644 337 4725 σκορπίους
352 4643 398 4703 καί
409 4644 552 4725 δράκοντας
575 4646 621 4705 καί
634 4648 679 4707 τδν
700 4647 779 4706 ἀλλον
799 4648 906 4706 ἅπαντα
960 4645 1087 4704 invexere
1099 4655 1202 4717 tauroS,
1218 4639 1349 4721 scorpios,
1363 4639 1493 4700 dracones
1508 4652 1533 4699 et
1546 4638 1705 4720 hujusmodi

134 4736 233 4814 λῆρον·
257 4741 394 4818 πανταχοῦ
403 4734 460 4819 γάρ
473 4740 487 4795 ὁ
503 4736 622 4806 διάύολος
643 4737 803 4799 ἐσπούδασεν
822 4741 859 4805 εἰς
872 4737 906 4799 ed
960 4732 1136 4818 quisquilias:
1147 4730 1248 4808 ubique
1260 4729 1332 4790 enim
1352 4729 1597 4792 diaboluseuravit
1610 4728 1644 4789 ad
1660 4749 1706 4832 re-

171 4985 183 5009 ⁸
201 4984 259 5048 [Sic
271 4988 300 5037 Α.
314 4983 383 5036 Editi
394 4996 424 5039 τά
436 4999 529 5041 τοιαῦτα
542 5012 566 5042 π.
580 4985 715 5056 ἑλληνικά]

170 5078 180 5100 ⁸
198 5064 254 5112 Duo
266 5064 325 5116 blss.
338 5072 478 5134 ίφράέαντο,
492 5066 566 5117 male.

171 5143 184 5180 b
202 5138 212 5206 i
220 5148 263 5206 ,uio
274 5151 318 5212 γάρ
334 5146 361 5195 Α.
381 5156 406 5193 et
418 5162 497 5211 marg.
510 5143 601 5212 Sosii]

980 4992 993 5032 d
1011 4991 1068 5041 Duo
1077 4991 1137 5040 Μαι,
1152 4995 1258 5046 imam.
1272 4984 1384 5039 Platonis
1395 4982 1487 5035 doctor
1498 4985 1615 5036 Socrates
1627 4989 1706 5038 mori-

948 5082 1018 5118 turus
1033 5065 1127 5136 gallum
1141 5065 1214 5132 jubet
1231 5063 1377 5129 AEsculapio
1393 5061 1536 5113 sacrificari.
1551 5063 1614 5114 Vide
1624 5063 1708 5117 Plour-

948 5163 1005 5196 nem
1024 5143 1049 5194 in
1066 5140 1191 5194 Phaedone
1209 5139 1241 5192 de
1260 5152 1342 5191 morte
1365 5140 1486 5192 Socratis.
1505 5141 1565 5192 llaec
1580 5153 1707 5208 postrema

170 5234 180 5255 ν
198 5216 271 5289 [πρὸς
292 5226 381 5280 τούτους
394 5226 422 5273 Δ.
436 5236 461 5274 οι
473 5240 530 5274 τοοκ
545 5243 558 5274 a
571 5242 591 5274 s.
605 5242 640 5279 m.
654 5233 743 5285 πάντας
755 5239 802 5291 pro
814 5233 897 5280 πάντα.
949 5240 997 5275 voa
1010 5220 1058 5272 luit
1069 5219 1224 5272 celeberrimi
1240 5216 1393 5284 philosophi.

136 5298 178 5347 Sic
191 5316 289 5366 quoque
301 5319 380 5370 marg.
394 5300 483 5368 Sauli]

980 5310 989 5332 ⁰
1007 5301 1016 5366 [
1028 5303 1054 5350 Λ.
1069 5302 1186 5352 κνωδάλων
1197 5301 1403 5380 τώτωναίτίαδνις
1414 5304 1505 5352 καὶτῶν
1517 5303 1625 5370 ipram»
1639 5301 1709 5365 Kal]
