3728 5978
119 429 163 500 36
458 453 490 501 s.
517 449 657 500 scennis
681 446 866 494 cnnrscsr.
895 447 1051 495 ιιιιιιιιι.
1079 446 1350 495 εοινιιιιιτιιιοι.

1 591 66 642 set
78 588 110 634 ιιι
101 574 272 668 susceperit.
282 574 361 636 Nunc
371 585 461 633 autem
469 572 544 634 velut
556 582 679 630 externos
690 568 862 648 magrstratus
915 568 1006 651 ὥσπερ
1019 568 1066 636 τάς
1080 569 1173 638 ἔξωθεν
1187 569 1327 650 ἀρχάς
1278 593 1368 643 ,ουτω
1380 567 1425 627 καί
1435 568 1533 640 ταυτην
1545 566 1686 645 διωκομεν

1 655 47 700 ¹¹¹
118 667 190 728 illud
209 650 374 729 aiffectamus.
395 668 465 726 Nam
483 678 513 723 ut
530 663 616 743 gloria
630 661 770 722 ethonore
789 658 863 740 apud
914 656 975 718 Ἵνα
992 594 1047 741 ργάρ
1070 659 1274 738 δοξασθῶμιν,“
1263 685 1305 719 ινα
1324 665 1477 738 τιμηθῶμεν
1489 659 1564 741 παρά
1583 658 1688 736 ἀνθρώ-

118 761 240 822 homiues
257 761 423 833 afficiamur,
437 754 512 837 apud
531 757 620 814 Deum
637 754 766 835 perimus.
781 749 864 823 Quod
916 752 1136 830 ποις,άπολλύμ
1125 757 1171 812 θα
1182 776 1298 834 παρα
1268 778 1306 812 τω
1286 755 1388 814 Θεω
1400 754 1427 812 Γ
1429 751 1475 811 ί
1449 775 1521 812 τοκ
1513 751 1639 834 ρδοςτης
1648 774 1688 808 τι

118 851 229 918 honoris
243 851 461 927 lncrum?quam
475 847 547 907 clare
562 844 774 928 probatnrnihil
786 843 863 903 csse⁹
918 849 1051 922 μῆςςπως
1066 846 1224 922 ἐληλεγκται
1238 836 1403 914 υύδὲνοῧσας
1415 842 1502 904 Ὅταν
1521 843 1688 922 ἐπιθυμήσῃς

119 937 608 1018 Quandosacerdotiumccncupiscis,
622 957 656 997 ex
669 935 866 1015 adversopone
917 937 1085 1019 ἱερωσύνης,
1099 935 1299 1009 ἀντίστςσον
1271 962 1319 1010 την
1330 936 1451 1015 γίενναν,
1467 936 1623 1009 άντίοτησον
1640 935 1688 1003 τίς

120 1036 285 1116 gehennam,
300 1031 436 1115 perpende
449 1031 565 1090 rationes
580 1028 636 1088 illie
649 1026 801 1089 reddendas
812 1051 819 1084 :
830 1047 865 1086 ex
880 1033 899 1082 G
917 1027 1023 1097 εὐθύνας
1036 1028 1083 1095 τίς
1102 1028 1337 1103 ἐκεῖ,·οἰντίστησον
1361 1030 1404 1087 τὸν
1430 1028 1588 1111 ἀπράγμονα
1616 1027 1688 1106 βίον,

119 1127 235 1188 adverso
247 1146 315 1207 pone
325 1125 411 1186 vitam
424 1123 523 1183 acuris
539 1121 663 1200 liberam,
677 1141 747 1202 pone
759 1119 865 1200 suppli·
918 1120 1074 1193 ἀντίσιησον
1082 1126 1130 1194 τῆς
1142 1121 1275 1190 κολάσεως
1286 1122 1317 1182 τὸ
1327 1120 1434 1202 μίτραν·
1448 1120 1490 1180 ότι
1503 1119 1553 1180 κδν
1566 1120 1689 1198 ἁμάρτῃς

119 1216 155 1276 cii
169 1237 330 1275 mensuram.
343 1212 479 1286 Quoniam
490 1212 514 1271 si
524 1210 654 1292 privatim
673 1230 776 1290 pccccS,
794 1208 866 1267 nihil
918 1210 987 1271 κατά
1001 1214 1105 1283 σαυτὸν,
1120 1215 1192 1272 οὐδὲν
1206 1212 1285 1292 πείσῃ
1299 1220 1429 1272 τοιοῦτον·
1451 1212 1482 1271 δυ
1495 1211 1522 1272 δὲ
1536 1210 1619 1293 ἱερεὺς
1637 1210 1688 1285 ὢν,

119 1307 174 1366 talc
195 1328 323 1389 passurus
340 1327 368 1365 es
387 1329 393 1362 ι
411 1304 434 1364 si
452 1325 516 1364 rerc
537 1301 660 1362 sacerdos
677 1302 729 1377 sis,
752 1300 864 1382 periisti.
918 1305 1066 1372 ἀπόλωλας.
1082 1305 1235 1379 Ἐννόησον,
1253 1306 1303 1365 ὅσα
1323 1305 1473 1384 ὑπέμεινεν,
1492 1304 1542 1364 ὅσα
1564 1303 1688 1384 ἐφιλοσό-

122 1399 231 1480 Cogita,
247 1410 347 1476 quanta
362 1417 472 1478 passus,
487 1408 586 1474 quanta
604 1392 774 1475 philosophia
797 1412 864 1451 usus
918 1421 999 1479 φησιν
1024 1404 1039 1459 ὁ
1069 1401 1203 1472 Μωθσῆς,
1221 1397 1271 1459 ὅσα
1292 1398 1442 1467 ἐπεδείξατο
1459 1396 1560 1479 ἀγαθά
1579 1396 1625 1461 καὶ
1645 1395 1688 1455 ίνα

120 1490 156 1550 sit
179 1492 304 1571 Moyses,
320 1501 420 1567 quanta
442 1485 597 1546 exhibuerit
622 1485 704 1563 hona,
727 1498 753 1544 ct
776 1498 864 1544 tamen
922 1489 949 1549 ἓν
974 1491 1081 1570 ἁμάρτῃ
1098 1490 1245 1570 ἁμάρτημα
1269 1490 1357 1568 μόνον,
1370 1492 1507 1558 ἐκολάζετο
1520 1493 1636 1569 πικρῶς·
1651 1491 1689 1547 ει.

122 1581 195 1662 qnod
214 1603 299 1642 unum
323 1595 462 1662 peccatum
483 1578 638 1640 admiserit.
653 1578 749 1638 acerbe
767 1577 865 1658 plexus
918 1581 1010 1650 κύτως.
1030 1583 1106 1642 Μετὰ
1121 1583 1173 1662 γὰρ
1194 1585 1242 1653 τῆς
1260 1587 1313 1641 τῶν
1329 1583 1417 1643 ἄλλων
1430 1582 1526 1661 ζημίας
1548 1587 1627 1642 τοῦτο
1641 1583 1688 1659 γε’-

121 1691 174 1754 ειι3
186 1697 218 1736 ac
230 1675 327 1734 merito
341 1698 347 1731 :
363 1674 490 1754 quoniam
507 1672 535 1731 id
552 1693 613 1730 cum
628 1671 743 1731 aliorum
758 1672 865 1752 jactura
919 1697 1009 1752 γονεν·
1023 1673 1106 1734 Ι’ὥστε
1124 1674 1277 1755 πικρότερον
1294 1675 1448 1749 ἐκολάζετο,
1473 1677 1502 1743 οὐ
1519 1678 1558 1755 τῷ
1578 1674 1688 1756 ρανερδν

103 1764 223 1829 ’factum
243 1782 291 1827 est.
311 1769 407 1845 Itaque
427 1764 563 1846 graviores
587 1785 679 1844 poenas
701 1763 787 1840 dedit,
811 1782 864 1822 non
918 1766 1055 1847 γενέσθαι,
1069 1767 1137 1827 ἀλλὰ
1147 1766 1192 1825 καί
1206 1771 1244 1847 τῷ
1258 1765 1348 1847 ἱερέως
1361 1758 1428 1826 εἶναι
1439 1767 1470 1827 τὸ
1480 1766 1645 1848 ἁμάρτημα·
1661 1769 1690 1825 σύ

121 1859 296 1940 quodpalam
305 1859 407 1917 iactum
418 1857 470 1935 sit,
481 1854 529 1916 sed
542 1853 618 1935 quod
638 1855 782 1914 sacerdotis
801 1875 865 1935 pec-
918 1857 967 1931 τὴν
986 1856 1065 1930 αὐτὴν
1088 1858 1140 1940 γὰρ
1162 1857 1292 1940 τιμωρίαν
1308 1858 1430 1936 διδόαμεν
1448 1862 1499 1918 τῶν
1513 1881 1542 1916 τε
1554 1861 1691 1938 φανερῶν,

121 1965 211 2012 catum
229 1965 306 2012 esset.
325 1951 386 2009 Non
399 1949 471 2009 enim
484 1949 544 2030 pari
554 1946 636 2007 modo
655 1940 798 2028 plectimur
816 1966 866 2026 poo
920 1949 966 2010 καί
977 1955 1029 2010 τῶν
1051 1949 1137 2032 λάθρα
1160 1949 1392 2032 ἁμαρτανομένων.
1404 1949 1439 2010 Ἡ
1451 1948 1498 2027 μὲν
1508 1946 1560 2029 γὰρ
1573 1947 1693 2029 ἁμαρτία

122 2042 269 2102 manifestis
288 2055 314 2101 et
332 2062 382 2122 pro
401 2040 523 2099 occultis.
540 2043 683 2099 Peccatum
703 2038 775 2097 enim
794 2038 866 2098 idem
883 2061 904 2109 ι)
920 2048 937 2115 ἡ
953 2041 1062 2116 attribu
1078 2041 1106 2101 δὲ
1125 2042 1207 2120 ζημία
1225 2045 1276 2123 οὐχ
1296 2048 1313 2114 ἡ
1336 2041 1418 2115 αὐτ-λ,
1442 2043 1542 2118 μᾶλλον
1557 2038 1585 2098 δὲ
1599 2038 1691 2112 cotta

121 2147 176 2210 est,
191 2148 269 2215 poeua
285 2154 337 2192 non
354 2131 463 2209 eadem;
477 2131 532 2190 imo
545 2152 579 2191 nc
595 2144 736 2211 peecatum
756 2129 867 2209 quidem
920 2134 1052 2216 ἁμαρτία·
1066 2136 1095 2192 οὐ
1105 2134 1157 2216 γάρ
1171 2137 1227 2195 ἐστι
1241 2136 1272 2194 τὸ
1293 2132 1367 2207 uiro,
1379 2134 1541 2194 λανθάνοντα
1562 2131 1608 2193 καὶ
1628 2154 1692 2212 κρυ-

122 2239 163 2284 est
176 2223 250 2284 idem
261 2248 268 2280 :
281 2245 368 2303 neque
381 2223 453 2283 enim
471 2222 612 2297 idem-est,
628 2222 731 2283 occulte
743 2243 865 2303 peccare,
919 2226 1049 2305 πιόμενον
1064 2226 1236 2309 ἁμαρτάνειν,
1251 2227 1297 2286 καί
1311 2230 1437 2309 φανερῶς.
1448 2226 1502 2286 Τὸν
1512 2223 1693 2285 citrinorum

121 2316 247 2398 etpalam
257 2315 286 2376 id
295 2316 405 2377 audere.
416 2315 552 2397 Episcopo
561 2327 652 2374 autem
662 2335 714 2374 non
723 2313 785 2373 licet
796 2314 866 2373 clam
919 2323 967 2380 οὐκ
985 2320 1022 2379 ἔνι
1036 2319 1123 2402 λάθρᾳ
1136 2318 1308 2399 ἁμαρτάνειν.
1322 2317 1469 2397 ’λγαπητδν
1482 2316 1535 2400 γάρ
1550 2315 1588 2395 μὴ
1603 2317 1692 2396 ἁμαρ·

121 2431 240 2492 peceare.
252 2410 409 2491 Optandum
421 2409 494 2470 enim
512 2408 554 2467 itti
566 2422 634 2468 esset
645 2429 698 2467 non
711 2421 866 2488 peccantem
918 2413 1030 2472 τάνοντα
1046 2413 1232 2490 ἀπαλλαγῆναι
1250 2409 1434 2489 ἐγκλημάτων,
1449 2409 1528 2488 μήτι
1548 2431 1579 2488 γε
1604 2408 1693 2490 ἁμαρ-

121 2502 384 2562 acriminationibus
403 2501 527 2577 liberari,
542 2514 648 2559 tantum
660 2500 735 2559 abest
755 2514 784 2559 ut
799 2522 866 2582 pec·
918 2505 1039 2564 τάνοντα.
1051 2502 1108 2562 Κᾶν
1119 2504 1242 2583 δργισθῇ,
1254 2500 1303 2560 κδν
1312 2501 1429 2582 γελάσῃ,
1443 2499 1493 2560 κάν
1507 2499 1621 2568 ἀνέσεως
1630 2501 1694 2580 ὄναρ

122 2613 185 2654 cans
206 2594 236 2655 id
256 2596 350 2678 possit.
367 2595 398 2657 si
414 2594 562 2668 irascatur,
575 2592 597 2653 si
609 2591 710 2667 rideat,
724 2593 747 2652 si
760 2593 805 2653 uel
819 2615 867 2674 per
919 2591 1086 2676 ἔπιθυμήσῃ,
1098 2594 1192 2653 πολλοὶ
1201 2597 1226 2653 οἱ
1239 2592 1419 2664 σκώπτοντες,
1431 2593 1525 2652 πολλοὶ
1537 2596 1563 2652 οἱ
1578 2593 1696 2652 σκανδα-

122 2707 246 2747 somnum
272 2689 389 2767 quietern
403 2701 524 2769 expetat,
540 2686 620 2745 multi
638 2685 768 2746 conviciis
781 2686 867 2746 inces-
918 2687 1157 2768 λιζύμενοι,πολλοὶ
1164 2692 1400 2766 οίνομοθετοῦντες,
1408 2687 1501 2746 πολλοί
1508 2688 1532 2744 ct
1539 2690 1592 2745 τῶν
1600 2684 1695 2764 προτί-

121 2794 195 2860 sunt,
211 2781 289 2840 multi
301 2780 493 2856 offenduntur,
507 2779 587 2839 multi
599 2779 866 2861 legespraescrihunt,
920 2806 971 2862 ρων
987 2780 1164 2861 μεμνημένοι,
1177 2779 1223 2839 καὶ
1245 2778 1289 2839 τὸν
1303 2778 1423 2859 παρόντα
1442 2776 1608 2847 κακίζοντες·
1631 2778 1695 2838 οκαί

121 2872 202 2932 multi
219 2872 321 2955 priscos
335 2879 459 2954 'repetunt
472 2871 614 2950 memoria,
632 2885 659 2930 et
671 2871 796 2952 praesenti
814 2872 864 2932 im·
918 2879 1003 2934 ταῦτα
1010 2879 1139 2946 ποιοῦσιν,
1157 2875 1205 2932 οὐκ
1218 2869 1330 2938 ἐκείνως
1343 2870 1510 2950 ἐγκωμιάσαι
1524 2870 1694 2949 βουλόμενοι,

121 2980 266 3046 properant
283 2989 290 3022 :
305 2965 411 3043 hocque
430 2964 545 3039 iaciunt,
559 2985 612 3024 non
632 2963 705 3042 quod
723 2963 785 3023 illos
803 2964 865 3023 lau·
882 2990 901 3039 Ε
920 2966 988 3026 ἀλλὰ
1001 2973 1091 3026 τοῦτον
1104 2967 1202 3040 δακεῖν,
1214 2968 1267 3024 τῶν
1287 2962 1494 3038 σονεπισκύπων,
1508 2966 1561 3022 τῶν
1576 2962 1696 3044 πρεσύυ-

121 3055 202 3133 dare,
215 3056 262 3116 sed
276 3055 348 3134 quod
362 3056 437 3114 hunc
447 3055 570 3114 mordere
583 3054 684 3129 velint,
696 3055 866 3137 coepiscopos
919 3054 1585 3140 τάρωνμεμνημένοιΓλυκθςθπολεμοςάπείροις,
1598 3054 1694 3134 άμησί.

120 3161 150 3209 ει
165 3101 336 3228 piesbytercs
353 3159 538 3205 memorantes.
552 3145 649 3220 Dulce,
663 3145 750 3223 aiunt,
760 3146 866 3208 bellium
920 3152 1007 3212 Τοοτο
1016 3150 1063 3210 καὶ
1072 3152 1146 3210 νῦνᾶ
1148 3149 1238 3231 ρμύζει
1248 3148 1371 3264 λέγειν
1365 3148 1465 3207 μᾶλλον
1480 3146 1508 3205 δὲ
1521 3145 1567 3206 καί
1578 3146 1693 3227 λέγομεν

123 3239 280 3321 inexpertis.
290 3239 349 3297 Hoc
362 3252 469 3298 etnunc
482 3236 572 3297 dicere
581 3257 632 3318 par
642 3251 699 3315 est
714 3237 770 3297 imo
786 3237 866 3298 etiam
919 3243 972 3324 πρδ
984 3247 1206 3315 τοῦκαταστῆναι
1221 3240 1314 3308 είςτὸν
1329 3243 1434 3320 άγῶνα
1450 3238 1517 3317 μετὰ
1538 3237 1614 3299 tt
1588 3263 1620 3298 το
1641 3241 1691 3317 ἐμ·

122 3331 240 3392 dicimus
261 3321 404 3409 antequam
426 3329 454 3388 in
472 3342 605 3388 certamen
628 3327 782 3434 veniamus,
805 3351 868 3391 cum
921 3334 1014 3407 θῆναι,
1029 3333 1145 3394 οὐδὲ)
1100 3336 1145 3406 δῆ)
1144 3333 1495 3414 οιγινύρεθατοῑςπολλοῖς.
1509 3329 1695 3412 Οὐγάρὲστιν

123 3424 395 3499 autemeovcnimus,
407 3442 460 3482 non
470 3443 486 3480 a
496 3421 580 3500 uulgo
594 3421 790 3501 cognoscimur.
805 3424 868 3485 Non
920 3431 1029 3506 ἡμῖν”
999 3450 1043 3486 νον
1058 3426 1174 3510 πόλεμος
1187 3423 1304 3506 πρδς
1264 3449 1323 3492 τους
1342 3420 1676 3490 carnutensem*
1639 3447 1692 3481 των

124 3532 164 3578 est
175 3519 248 3578 enim
256 3518 315 3598 jam
334 3514 412 3575 nohis
427 3513 531 3573 bellum
552 3527 644 3572 contra
663 3534 725 3587 σοι,
741 3513 788 3593 qui
801 3537 868 3596 pau·
921 3519 1050 3593 πενήτων,
1065 3518 1124 3578 ουδὲ
1136 3541 1182 3578 του
1165 3516 1318 3629 ποιμνίου
1322 3519 1513 3668 ἑπροπολεμεῖν
1529 3514 1694 3596 ἀνεχόμεθα·

124 3609 386 3693 peresopprimuut,
400 3628 486 3686 neque
496 3627 604 3686 gregem
617 3605 803 3693 defendimus,
795 3608 868 3668 ‘sed
882 3653 905 3693 ,η
923 3611 991 3671 ἀλλὰ
1007 3609 1149 3679 κατάντους
1177 3609 1306 3688 ποιμένας
1322 3605 1507 3676 ἔκείνουςτους
1525 3609 1603 3665 δν
1566 3630 1606 3684 τῳ
1619 3605 1696 3674 ’·Ιεζε

24 3722 60 3768 ιι.
75 3719 114 3782 34.
125 3717 156 3763 ut
167 3717 285 3785 pastores
294 3701 337 3760 tili
345 3700 381 3759 ab
393 3698 533 3759 Ezechiele
547 3694 703 3770 memorati,
717 3711 868 3760 mactamus
886 3709 904 3756 A
922 3699 998 3774 κιὴλ,
1018 3700 1167 3780 σραττομεν
1178 3699 1224 3758 καί
1246 3698 1425 3780 κατεσθίομεν.
1439 3696 1489 3764 Τίς
1502 3698 1579 3776 ἡμων
1597 3695 1697 3756 ἐπιδεί-

95 3794 333 3856 etdeuoramus.
342 3789 416 3864 Quis
434 3803 555 3849 nostrum
570 3802 673 3848 tautam
685 3789 868 3849 ιιιιιιιιιιιίιί-
922 3816 1014 3852 κνυται
1025 3790 1155 3863 τοσαύτην
1174 3790 1299 3871 φροντίδα
1318 3789 1379 3872 περί
1392 3788 1426 3848 τά
1446 3788 1557 3866 ποίμνια
1569 3812 1616 3848 που
1599 3790 1697 3867 Χρι-

125 3887 207 3949 bet
184 3905 354 3967 enuagreges
369 3880 470 3945 Christi
477 3895 623 3961 quantam
631 3882 752 3943 Jacob
729 3903 798 3941 circa
808 3903 869 3963 gre
923 3907 1000 3956 στου,
1014 3883 1078 3955 ὅσην
1092 3882 1153 3964 περί
1165 3881 1199 3941 τά
1212 3883 1324 3963 ποιμνια
1335 3905 1381 3941 του
1364 3879 1513 3941 ”ottavo
1524 3879 1683 3956 Ἰοικύιύ3’
1656 3905 1696 3948 τις

126 4002 172 4062 ges
194 3978 319 4038 Labani?
341 3976 402 4055 quis
425 3970 575 4035 describere
594 3973 678 4055 possit
706 3989 869 4035 nocturnum
922 3977 1029 4038 δύναται
1054 3974 1290 4057 άπαριθμησασθαι
1310 3996 1424 4053 παγετον
1442 3970 1546 4084 νυκτός3
1570 3972 1619 4044 Μὴ
1644 3972 1696 4050 γάρ

126 4073 209 4156 gelu?
224 4073 265 4132 Ne
276 4069 345 4130 mihi
354 4068 458 4129 dixeris
467 4067 612 4172 pervigilia
623 4082 778 4147 tantamque
790 4070 869 4129 enhi-
923 4093 968 4149 μοι
985 4068 1033 4136 τάς
1048 4067 1209 4148 παννυχίδας
1231 4067 1321 4147 τίει-ης,
1347 4065 1392 4127 καὶ
1406 4063 1454 4138 πλην
1465 4062 1598 4136 τοσαύτην
1618 4071 1697 4180 θερρι·

125 4167 211 4226 butam
219 4183 323 4224 curam
334 4161 452 4222 Totum
445 4174 528 4241 igitur
537 4173 700 4220 contrarium
711 4175 758 4220 est.
768 4161 869 4222 Consu·
922 4162 1010 4223 πείαν
1026 4162 1085 4219 Πᾶν
1098 4150 1188 4238 μὲνού
1188 4184 1201 4218 ν
1215 4159 1374 4219 τούναντίον.
1392 4157 1529 4237 Ὕπαρχοι
1543 4156 1698 4238 καὶτυπάρ-

127 4258 165 4317 les
174 4271 200 4317 et
213 4253 331 4337 praesecti
346 4274 399 4312 non
414 4265 489 4312 tanto
502 4252 630 4310 fruuntur
642 4251 754 4325 honore,
768 4268 869 4331 quanto
922 4279 969 4336 χαι
983 4257 1030 4312 οθιι
1037 4250 1204 4312 ἀπολαύουσι
1217 4250 1347 4322 τοσαύτης
1361 4255 1458 4329 τιμῆς,
1472 4247 1536 4320 ὅσης
1549 4251 1623 4321 ὁτῆς
1636 4248 1699 4309 Ἐκ·

127 4350 211 4428 isqui
225 4360 321 4430 praest
335 4344 472 4405 Ecclesiae.
484 4342 538 4404 si·
530 4364 558 4402 ιιι
575 4342 677 4421 regiain
691 4342 867 4448 ingrediatur,
924 4346 1035 4419 κλησίας
1054 4345 1153 4426 άρχινν.
1168 4342 1214 4405 Au
1228 4347 1254 4404 ἐν
1270 4343 1411 4422 βασιλείοις
1425 4340 1509 4422 εισίη,
1524 4340 1564 4409 τίς
1579 4346 1698 4424 πρῶτοςς

127 4441 187 4521 quis
206 4441 311 4523 primus
328 4439 389 4497 est?
403 4458 426 4495 su
419 4434 513 4515 apud
535 4447 687 4506 matronas,
699 4435 723 4493 si
736 4436 764 4494 in
777 4458 871 4518 proce·
925 4435 1180 4552 ἱνπαρθγυναιξλγ,
1196 4436 1234 4495 ἂν
1241 4459 1281 4495 πα
1282 4434 1548 4516 ράταιςοίιιίαιςτῶν
1564 4434 1697 4513 μεγάλων,

127 4556 189 4594 rum
212 4532 299 4606 aedes,
317 4551 394 4590 nemo
414 4528 455 4588 illi
475 4527 653 4608 anteponitur.
670 4527 768 4587 Omnia
786 4530 872 4610 peric·
927 4530 994 4591 οὔδε
975 4553 1010 4596 ις
1030 4528 1118 4610 ἕτερος
1139 4530 1218 4586 αὐτοῦ
1241 4459 1441 4608 πρύτετίμηται.
1460 4525 1593 4586 Ἀπάλωλε
1613 4524 1699 4585 πάντα

129 4640 192 4687 runt
202 4640 228 4686 et
239 4637 364 4705 corrupta
374 4621 520 4683 sunt.Haec
529 4620 661 4697 dico,non
671 4634 702 4679 ut
711 4643 760 4685 ros
771 4624 874 4704 pudore
928 4623 974 4685 καί
989 4621 1061 4704 διέρθ
1063 4645 1150 4704 αρται.
1165 4621 1298 4679 'sacru’
1273 4642 1323 4700 ουχ
1336 4624 1405 4698 ὑμᾶς
1418 4623 1597 4700 καταισχῦναι
1611 4616 1701 4697 βουλά-

164 4835 258 4898 bQure
269 4842 405 4898 sequuntur
423 4831 510 4882 vitiato
527 4826 594 4896 rpud
611 4828 739 4885 uteretur
757 4830 851 4882 Savilio
864 4842 891 4881 et
940 4829 1015 4891 cod„
1034 4827 1079 4880 sed
1091 4825 1215 4878 habentur
1233 4829 1259 4876 in
1277 4824 1331 4875 aliis
1348 4822 1443 4886 Godd.,
1457 4834 1483 4873 et
1502 4821 1568 4873 lecte
1588 4833 1648 4872 sunt
1669 4819 1700 4870 nb

130 4933 160 4966 ex
171 4910 348 4976 Manuscriptis
359 4909 473 4960 restituta
486 4919 554 4961 sunt.
568 4911 599 4959 In
611 4907 699 4959 Morel.
712 4910 805 4976 qnippe
816 4926 891 4962 voces
941 4911 1057 4959 Erasmo.

75 5028 79 5035 -
131 4991 246 5060 quaedam
259 4987 446 5040 substituuntur
448 5004 517 5053 quse
528 4988 616 5035 seriem
628 4986 732 5036 turbant
738 4986 892 5048 ‚attaeomts-
973 4988 1074 5037 donus
1085 4983 1171 5036 Codex
1183 4995 1209 5034 et
1220 4981 1297 5033 Snvil
1312 4983 1336 5030 in
1351 4997 1429 5046 marg
1445 4986 1506 5051 ρηοί
1517 4982 1607 5043 μᾶλλον
1622 4981 1646 5029 δὲ
1657 4985 1699 5037 «ἐν

131 5089 164 5122 sae
184 5086 259 5120 voces
279 5067 382 5119 hiatum
397 5065 497 5118 efficere
518 5062 644 5118 uidentur.
663 5063 743 5132 [cod.
753 5067 784 5119 Ι).
797 5074 891 5121 dorset)
939 5072 988 5119 cttt
1003 5088 1065 5133 μετα
1077 5089 1103 5118 το
1118 5071 1183 5124 ίκύῆν
1185 5067 1284 5122 ionice
1296 5083 1341 5118 τοι
1353 5065 1451 5118 πολλοῖς
1461 5080 1486 5110 σν
1497 5080 1542 5124 pap
1554 5064 1613 5108 ίστι
1603 5080 1656 5108 νυα
1658 5069 1702 5113 τοις

132 5165 165 5219 τῷ
167 5186 217 5202 .....
238 5158 381 5219 ἁμάρτημα,
400 5156 509 5214 μειζόνως
530 5151 674 5215 δτιμινριῑμο
697 5145 737 5192 ltu
755 5144 890 5237 Commi]
940 5151 1051 5213 πόλεμος,
1059 5149 1121 5197 ἀλλα
1129 5167 1189 5197 κατα
1203 5145 1262 5200 τοὺς.
1276 5136 1364 5204 [Ριυίο
1373 5148 1432 5187 unte
1444 5134 1529 5199 verbo
1540 5145 1633 5187 πῶνσυν
1623 5157 1688 5189 νεπι-

165 5229 266 5291 Haec,
278 5235 315 5281 και
332 5234 405 5281 ταῦτα
423 5231 521 5290 ποιοῦσι,
534 5219 748 5276 detuntinSevii.
764 5226 890 5275 etinunc
940 5246 1045 5291 μιμνημ
1038 5246 1088 5286 ωσι,
1101 5220 1191 5273 dcsrmt
1203 5219 1276 5282 ruD
1286 5228 1312 5268 et
1322 5210 1423 5269 inclusit
1433 5211 1569 5277 Commel]
