3728 5978
377 415 411 460 itt
442 414 529 462 Actu
556 413 803 462 trosrotontui
829 415 948 463 uouit„
976 415 1071 463 XXV!-

230 802 368 862 ouuu
388 800 441 871 ις’.
915 758 917 763 ’
995 802 1155 863 nomeu
1171 803 1280 867 xxvt.

112 980 169 1043 »tt
184 982 231 1042 τὸν
245 983 339 1065 καιρδν
359 984 486 1045 setteis
505 984 628 1068 Ἡρώδης
647 990 724 1066 δβα·
777 988 806 1044 1.
820 983 987 1047 Illoautem
1001 1001 1127 1068 tempore
1148 993 1227 1049 misit
1241 991 1371 1051 Herodes
1390 1012 1442 1051 ree·
1457 1001 1642 1053 nea-cmu-
1740 973 1744 979 ⁸

112 1073 145 1143 te
169 1084 266 1157 χεῖρας
288 1077 410 1137 κακῶσαί
431 1102 505 1144 τινας
525 1082 578 1138 τῶν
603 1080 657 1140 ἀπὸ
677 1085 724 1151 τῆς
817 1101 884 1151 nus,
901 1094 933 1140 ut
951 1081 1098 1164 affligeret
1109 1084 1253 1163 quosdam
1275 1086 1316 1143 de
1328 1085 1473 1145 Ecclesia.
1488 1090 1518 1146 2.

112 1164 158 1234 iae.
192 1167 294 1227 Ἂνεῖλε
322 1167 350 1228 δὲ
383 1167 509 1230 Ἰᾶιιωύον
538 1169 582 1228 τὸν
614 1170 724 1250 ἀδιλρδν
818 1172 933 1231 Occidit
953 1187 1054 1232 autem
1075 1175 1221 1233 Iacobum
1237 1177 1371 1256 fratrem
1394 1178 1522 1238 ιῙοὶιιιιιιζι

122 1259 258 1340 μαχαίρᾳ.
275 1259 328 1319 Καί
339 1258 410 1335 ἰδὼν,
426 1258 468 1319 ὅτι
482 1261 592 1344 ἀρεστόν
603 1263 659 1322 ἐστι
670 1269 725 1328 τοῖς
814 1262 925 1342 gladio.
939 1265 969 1323 5.
987 1266 1095 1324 Videris
1114 1279 1215 1325 autem
1240 1271 1310 1348 quia
1322 1269 1452 1348 placeret
1466 1272 1521 1330 Ju-

112 1353 289 1434 απροσίδετο
304 1354 443 1414 συλλαύεῖν
453 1354 498 1414 καί
508 1354 620 1436 Πέτρον.
633 1345 723 1414 Ἦσαν
814 1355 896 1426 deis,
910 1360 1045 1436 apposuit
1053 1369 1085 1415 ut
1097 1359 1324 1437 apprehenderet
1337 1373 1366 1419 et
1384 1363 1518 1421 Petrum.

112 1444 177 1526 ίραι
189 1451 243 1506 τῶν
258 1446 373 1523 ἀζύμων.
816 1446 913 1504 Erant
927 1459 1025 1507 autem
1039 1449 1101 1507 dies
1111 1448 1308 1524 Azymorum.

1331 1594 1345 1619 Ι

112 1638 191 1692 ιιῑνον
211 1631 286 1710 λέγει
307 1631 415 1713 καιρύν;
429 1632 542 1699 Πάντως
560 1634 604 1693 τδν
622 1634 722 1714 ἐφεξῆς.
737 1636 756 1683 D
817 1633 843 1689 1.
855 1631 1010 1703 Quodittud
1020 1632 1087 1693 dicit
1095 1635 1307 1716 tempusi’Quod
1315 1657 1381 1697 mox
1393 1639 1522 1718 sequeba-

112 1728 151 1784 tn
171 1724 221 1803 μίν
234 1723 331 1796 οὕτως,
346 1726 463 1804 ἀλλαχοῦ
479 1723 507 1785 δὲ
521 1725 624 1807 ἑτέρως.
635 1724 723 1785 Ὅταν
775 1734 820 1781 tur
834 1723 999 1801 utique.Sed
1011 1726 1057 1785 hic
1070 1727 1182 1805 quidem
1195 1728 1248 1788 hoc
1266 1742 1355 1810 pacto,
1368 1730 1436 1789 olibi
1456 1753 1521 1792 vero

112 1819 180 1884 δαῖος
190 1817 271 1895 λέγῃ·
289 1815 336 1876 Ἐν
350 1825 407 1884 ταῖς
421 1816 534 1897 ἡμέραις
545 1816 656 1884 ἐκείναις
671 1842 723 1877 πα·
774 1837 859 1875 setus.
870 1817 940 1876 Cum
957 1817 1028 1878 enim
1042 1817 1188 1879 Matthaeus
1199 1820 1278 1896 dicit,
1294 1825 1332 1880 In
1347 1824 1448 1884 diebus
1459 1826 1522 1885 iliis
1532 1833 1672 1887 Μιιιιιδσ,

112 1908 222 1979 ίιιύννης
235 1907 389 1986 κηρύσσων,
400 1911 430 1967 οὐ
441 1908 488 1975 τδς
507 1907 600 1989 ἐφεξῆς
621 1909 723 1991 ἡμέρας
775 1912 858 1966 venit
867 1910 1001 1969 Ioannes
1010 1913 1192 1991 proedican53
1204 1934 1257 1972 non
1269 1929 1407 1992 sequentes
1417 1916 1476 1976 dies
1486 1917 1523 1976 si-

112 2022 136 2070 u,
154 2001 215 2058 ἀλλ’
238 2000 352 2072 ἐκείνας,
376 2002 402 2058 ἐν
427 1990 467 2066 αἷς
489 1999 584 2078 ἔμελλε
605 2000 722 2080 γίνεσθαι
774 1998 900 2078 gnificat,
913 2000 960 2060 sed
973 2001 1045 2075 illos,
1061 1998 1088 2061 in
1102 2004 1202 2082 quibus
1211 2004 1270 2063 fieri
1283 2007 1396 2087 contigit
1405 2007 1435 2066 id
1448 2007 1522 2087 quod

112 2112 164 2151 ται.
177 2090 257 2160 Ἔίλος
269 2091 363 2171 ripe]
377 2093 469 2172 Γραφῇ
480 2091 565 2173 τούτῳ
576 2097 723 2172 κεχρῆσθαι
774 2091 910 2150 narrabat.
925 2092 984 2152 Hoc
995 2093 1096 2173 quippe
1111 2115 1185 2154 more
1195 2095 1281 2154 utitur
1293 2097 1434 2178 Scriptura
1446 2122 1453 2155 :
1467 2099 1520 2158 ali·

121 2180 170 2242 ιιαλ
186 2185 250 2243 nori
267 2181 317 2260 μὲν
334 2182 369 2241 τδι
389 2181 448 2253 ἑξῆς
463 2182 642 2260 συμύαίνοντα
658 2188 722 2244 ἀκο-
774 2181 883 2260 quando
896 2206 956 2262 que
976 2185 1140 2264 subsequuta
1158 2200 1221 2245 sunt
1240 2201 1352 2263 αιτιοι,
1373 2189 1520 2267 aliquando

112 2271 210 2347 ιθίναι,
231 2276 296 2334 ποτί
321 2273 349 2334 δέ
376 2273 411 2335 τὰ
432 2272 541 2353 ὕστερον
567 2275 722 2352 συμύαίνειν
773 2285 937 2352 cutemque
954 2289 1046 2355 postea
1067 2275 1247 2355 contigerunt,
1261 2278 1329 2337 acsi
1344 2300 1520 2359 morseque-

112 2371 136 2434 ος
155 2365 248 2446 ἐφεξῆς
267 2367 454 2444 ἀπαγγελλειν.
478 2368 573 2434 Καλῶς
594 2367 621 2427 δὲ
642 2368 722 2448 λέγει,
774 2381 880 2445 rentur,
893 2381 1019 2427 recenset.
1034 2368 1107 2428 Bene
1119 2368 1296 2447 autemdicit,
1311 2374 1519 2434 Herodesree:

112 2463 155 2529 γςδ
172 2457 311 2538 βασιλεύς·
327 2448 401 2525 οὗτος
414 2459 467 2540 γὰρ
480 2461 529 2518 οὐκ
546 2450 604 2531 ivi
618 2459 661 2518 ἐπὶ
676 2465 722 2519 τοῦ
773 2454 820 2513 hic
830 2456 902 2515 euim
913 2477 967 2516 uon
978 2470 1035 2516 erat
1046 2457 1078 2531 is,
1092 2458 1140 2537 qui
1152 2479 1214 2516 cum
1224 2459 1334 2519 Christo
1347 2477 1519 2523 memoratur.

112 2549 157 2611 δοῦ
173 2550 320 2630 πειρασμὸς
340 2551 437 2631 ἕτερος.
459 2550 513 2609 Καὶ
532 2549 599 2629 ὅρα,
614 2550 680 2633 ὅπερ
694 2551 721 2619 ἐξ
774 2545 844 2605 Ecce
858 2546 912 2605 alia
924 2547 1045 2607 tentatio.
1059 2547 1094 2608 Ei
1108 2548 1179 2624 Vide,
1196 2549 1269 2629 quoti
1279 2550 1356 2611 initio
1372 2552 1496 2614 dicebam
1511 2600 1519 2628 ,

112 2667 139 2715 τ,
152 2646 211 2709 πῶς
230 2641 264 2702 τὰ
278 2642 425 2722 πράγματα
445 2643 586 2714 πλέκεται,
607 2646 664 2711 πῶς
687 2643 721 2702 δι’
773 2637 907 2715 quomodo
921 2660 963 2698 res
976 2653 1125 2715 nectantur,
1146 2640 1282 2719 quomodo
1296 2663 1343 2723 per
1356 2644 1473 2722 quietem
1494 2659 1521 2705 et

112 2734 245 2814 ίθλίψτως
260 2735 347 2794 πάντα
362 2733 508 2814 ὖρσίυττατ,
529 2737 588 2794 Οὐχ
602 2736 642 2794 ἔτι
656 2736 721 2795 ’lon
735 2758 753 2803 g
771 2750 821 2809 per
831 2744 965 2789 erumnis
975 2730 1065 2789 omnia
1082 2744 1269 2792 contexantur.
1281 2734 1342 2792 Non
1349 2735 1407 2814 jam
1421 2735 1520 2812 iudei,

113 2826 147 2887 τί
162 2824 313 2904 συνέδριον·
329 2822 429 2885 ἄλλ’δδ
444 2824 568 2905 βασιλεὺς
581 2826 720 2886 ἐπιύάλλτι
772 2842 824 2881 non
835 2822 993 2898 concilium
1006 2823 1054 2883 sed
1061 2845 1110 2882 rex
1123 2823 1245 2884 immittit
1254 2847 1359 2903 manus,
1368 2828 1520 2907 utaffligat.

112 2921 147 2987 ιίς
164 2919 195 2978 τὸ
216 2922 349 2978 κακῶσαι.
368 2917 473 2987 Μείζων
485 2924 502 2990 ἡ
514 2917 626 2990 ἐξουσία,
640 2921 720 2998 χαλε·
771 2917 862 2996 Major
877 2930 1002 2997 potestas,
1021 2916 1133 2997 gravius
1144 2917 1260 2991 bellum,
1273 2919 1392 2979 maxime
1401 2921 1465 2999 quia
1485 2919 1521 2979 ad

112 3009 233 3089 ιέλεμος,
251 3010 305 3090 ὅσῳ
323 3011 369 3069 καί
382 3009 447 3092 πρὸς
460 3011 540 3091 χάριν
554 3009 653 3090 ἐγίνετο
666 3020 720 3077 τοῖς
771 3006 887 3085 gretiam
916 3007 1083 3069 Judaeorum.
1113 3010 1227 3068 Occidit
1253 3023 1352 3070 autem
1375 3013 1520 3071 Iacobum

112 3105 202 3163 λνιῖλι
215 3101 242 3162 δὲ
258 3101 385 3162 ’Itanon
404 3103 448 3161 τδν
464 3102 581 3182 'diripio
597 3101 720 3162 Ἰωάννου
769 3098 897 3175 fratrem
909 3099 1037 3158 Ioannis
1055 3101 1169 3180 gladio.
1192 3100 1257 3161 Sine
1275 3122 1355 3160 cause
1370 3115 1397 3161 et
1410 3116 1441 3162 ut
1456 3124 1520 3163 casu

112 3196 196 3262 ιπλῶς
214 3192 261 3252 καί
282 3196 318 3262 ὡς
338 3193 438 3274 ἔτυχεν.
458 3195 493 3253 Ei
513 3194 542 3252 δέ
558 3218 599 3260 τις
613 3194 720 3268 ζητοίη,
771 3188 897 3268 contigit.
914 3189 945 3250 Si
962 3189 1024 3269 quis
1043 3208 1107 3251 vero
1126 3205 1237 3269 querat,
1254 3213 1303 3251 cur
1315 3192 1346 3253 id
1368 3194 1520 3275 permiserit

112 3286 229 3368 [ὧρησεν
242 3292 257 3347 δ
271 3285 352 3360 Θεύς;
364 3291 487 3368 ἐροῦμεν,
499 3287 540 3346 ὅτι
554 3278 621 3368 ῦπὲρ
632 3290 719 3346 αὐτῶν
770 3283 854 3359 Dono,
869 3283 1093 3364 respondebimus
1106 3285 1223 3366 proillio
1246 3286 1313 3367 ipsis
1327 3311 1334 3344 ι
1347 3288 1435 3368 primo
1456 3290 1518 3368 qui·

112 3381 179 3438 ῦτον
193 3377 256 3455 μίν,
274 3377 373 3438 παίδων
393 3376 493 3451 αὐτούς,
514 3380 555 3438 ὅτι
575 3379 620 3438 καί
639 3383 719 3438 ἀναι-
770 3373 842 3448 dem,
859 3389 888 3434 ut
902 3376 1073 3457 persuaderet
1085 3377 1153 3459 ipsis
1167 3421 1176 3452 ,
1191 3380 1275 3439 sevel
1294 3380 1396 3440 occisos
1409 3403 1515 3462 preva-

112 3478 236 3541 ητσῦτττ,
250 3470 316 3553 ὅπερ
333 3471 379 3529 καί
397 3472 441 3531 tut
460 3470 597 3552 Σττράνσο
614 3472 719 3551 γέγονε·
769 3466 834 3537 lere,
850 3481 879 3526 ut
892 3483 917 3527 et
929 3469 957 3528 in
968 3468 1107 3550 Stephano
1118 3470 1249 3549 contigit;
1263 3472 1391 3548 secundo,
1403 3487 1433 3533 ut
1439 3473 1519 3535 daret
1554 3546 1557 3550 ¹

112 3562 219 3638 ,διδούς
230 3566 317 3629 αὐτοῖς
332 3562 400 3640 μετὰ
417 3563 448 3622 τὸ
467 3566 605 3641 ἐμπλῆσαι
617 3564 662 3623 τδν
675 3570 718 3623 δυ·
769 3558 874 3618 Judaeis
886 3559 986 3635 locum,
999 3575 1142 3640 postquem
1153 3562 1272 3622 furorem
1283 3585 1362 3623 suum
1369 3565 1518 3627 muare-

112 3665 153 3717 εῖν
172 3655 226 3716 ἀπὸ
237 3660 285 3727 τῆς
304 3653 418 3733 μανίας·
433 3656 479 3715 καλ
495 3656 593 3734 τρίτον,
607 3656 759 3726 desevirem
768 3667 829 3711 runt
843 3697 850 3725 ‚
864 3652 1038 3734 resipiscendi
1054 3654 1211 3732 abinsania;
1221 3655 1310 3733 tertio,
1327 3670 1357 3716 ut
1369 3659 1518 3718 ostenderet
1571 3643 1576 3658 ι

112 3746 257 3828 ιγχώρησιν
275 3748 355 3806 αὐτοῦ
373 3747 462 3827 γέγονε
476 3755 561 3807 τοῦτο.
576 3746 651 3807 Ἰδὼν
674 3747 716 3823 δὲ,
732 3745 750 3789 A
768 3743 1045 3824 expermissionesue
1057 3745 1086 3805 id
1098 3747 1200 3805 sactum
1210 3768 1274 3808 esse.
1301 3750 1409 3808 Videris
1419 3763 1518 3809 cutem

116 3843 176 3901 ἐστι
188 3846 244 3906 τοῖς
255 3837 405 3913 Ἰουδαίοις,
417 3840 559 3919 προσέθετο
577 3839 717 3901 συλλαύεῖν
770 3840 842 3917 quia
849 3838 979 3915 placeret
991 3839 1115 3910 Judceis,
1129 3844 1264 3919 apposuit
1275 3854 1308 3898 ut
1324 3844 1519 3921 apprehende:

121 3930 165 3990 'ss
176 3935 225 4002 τῆς
238 3930 371 4009 *μιαρίας
386 3935 433 4002 τῆς
449 3933 558 4003 πολλῆς.
577 3930 663 4013 Ὑπὲρ
677 3932 718 3991 τί·
767 3942 810 3988 ret
829 3943 857 3989 et
880 3932 1011 3988 Petrum'.
1028 3931 1052 3988 0
1069 3930 1271 4009 perversitatem
1288 3931 1423 4010 ingentem
1435 3931 1444 3995 i
1456 3933 1517 4006 Qua

112 4023 260 4105 ἐχαρίζετο,
274 4024 366 4102 φόνους
376 4028 458 4082 ποιῶν
473 4024 564 4090 ἁπλῶς
577 4023 623 4082 καί
643 4027 715 4104 ἀνιῇς
767 4021 795 4079 in
809 4043 838 4080 re
851 4020 1057 4100 gratificabatur
1076 4020 1159 4100 ipsis,
1178 4021 1263 4080 caedes
1277 4023 1361 4101 gratis
1376 4037 1402 4082 et
1419 4038 1519 4088 temere

112 4116 156 4197 ίρσ
175 4120 229 4174 τῶν
253 4113 368 4191 ἀζύμων.
391 4115 477 4174 Πάλιν
497 4117 640 4196 ἡπεριττλ
663 4120 716 4175 τῶν
766 4112 942 4193 perpetrans?
963 4114 1043 4172 Erat
1063 4125 1160 4170 autem
1175 4113 1236 4173 dies
1250 4114 1516 4190 Azymorum.1te·

112 4206 285 4288 αριύολογία·
298 4208 397 4266 ἀνελεῖν
413 4206 462 4284 μὲν
473 4209 520 4266 οὐκ
540 4205 668 4281 ἐκώλυον,
688 4209 715 4267 ἐν
766 4226 828 4263 rum
835 4203 970 4285 superflua
984 4203 1142 4265 Judaeorum
1157 4206 1293 4266 accuratio
1307 4229 1314 4263 ι
1327 4207 1448 4268 occidere
1463 4229 1516 4269 nou

112 4297 202 4379 οιαίτῳ
215 4304 324 4357 τοιαῦτα
337 4295 476 4377 ἔπραττον.
489 4295 541 4357 Ὃν
561 4298 716 4368 καλπιᾶσας
765 4297 961 4377 prohibebant,
985 4295 1033 4355 sed
1062 4295 1112 4355 uli
1136 4309 1255 4377 tempore
1279 4298 1343 4358 talia
1360 4301 1513 4380 patrabant.

112 4389 235 4464 υλακὴν,
261 4388 393 4471 παραδούς
416 4390 543 4470 τέσσαρσι
569 4393 716 4471 τετραδίοις
765 4390 795 4448 ί.
808 4389 1223 4468 Quemcumappreisendisset‚
1233 4393 1313 4450 misit
1321 4394 1513 4470 incarcerem,

112 4484 186 4544 ,Καὶ
199 4488 245 4543 τοῦ
263 4488 346 4561 θυμοῦ
364 4486 441 4543 τυῦτο
460 4474 492 4555 ἤν
512 4484 615 4544 καὶτοῦ
633 4484 713 4553 δέους.
767 4484 887 4541 tradens
902 4495 1031 4563 quantuor
1048 4486 1290 4562 quaternionibus
1302 4485 1439 4546 miiitum.
1452 4485 1515 4545 Haec

112 4575 150 4647 ri,
171 4573 301 4634 Ἰάκωὸον
321 4572 365 4633 τδν
386 4574 497 4654 ἀδελρδν
517 4575 639 4635 Ἰωάννου
662 4600 714 4654 μα·
765 4595 800 4634 ex
810 4575 936 4633 suroreet
945 4587 1018 4633 metu
1030 4572 1108 4634 facte.
1121 4575 1246 4653 Occidit,
1260 4575 1359 4654 inquit,
1369 4579 1515 4637 Iacobum

112 4693 126 4736 ς
145 4671 232 4727 αὐτῶν
253 4667 301 4740 τὴν
319 4666 537 4748 ἀνδρείαν;-Ἵνα
551 4668 603 4750 γὰρ
622 4671 713 4748 μηδεὶς
763 4668 888 4745 fratrem
901 4666 1030 4725 loannis
1051 4666 1161 4745 gladio.
1182 4666 1312 4728 Vidistin’
1333 4667 1444 4727 illorum
1458 4671 1514 4728 sor·

112 4759 137 4821 sie
156 4766 235 4820 τοῦτο
249 4758 392 4826 ἀκινδύνως
405 4760 451 4819 καλ
474 4762 557 4828 ἀδεῶς
577 4766 711 4823 κατατολ-
765 4756 910 4816 titudinem
921 4757 935 4816 i
948 4757 989 4817 Ne
1001 4755 1063 4835 quis
1073 4755 1147 4815 enim
1160 4755 1279 4832 diceret,
1295 4757 1356 4817 ideo
1374 4758 1446 4839 ipsos
1455 4761 1514 4820 sine

112 4850 203 4924 νᾶπω,
213 4851 260 4910 ἅτε
271 4849 460 4932 ἐξαρπάζοντες
472 4851 564 4918 αὐτοὺς
574 4859 620 4912 τοῦ
631 4856 711 4928 Θεοῦ,
732 4873 747 4916 u
765 4848 920 4930 pericuioet
935 4862 1008 4908 metu
1026 4863 1139 4908 mortem
1147 4848 1245 4921 adire,
1271 4850 1335 4927 quia
1352 4852 1425 4912 Deus
1436 4872 1513 4913 erue-

112 4946 250 5023 αιριύῆναι
264 4951 412 5023 συγχωρεῖ,
425 4942 542 5011 καὶτοὺς
558 4947 712 5026 κορυφαίους
766 4945 812 5005 bat
826 4945 908 5026 ipsos,
921 4943 983 5004 ideo
993 4943 1115 5025 permisit
1128 4958 1158 5002 ut
1169 4944 1368 5025 occiderentur,
1383 4948 1514 5009 mexime-

112 5035 191 5094 αίύοιν
210 5032 303 5102 αὐτούς
323 5034 381 5100 τοὺς
399 5040 581 5116 ἀναιροῦντας,
596 5036 636 5096 ύτι
654 5039 711 5096 οὐδὲ
767 5058 818 5114 que
841 5033 979 5115 corypbaei
990 5080 998 5111 ‚
1021 5048 1051 5092 ιιι
1077 5033 1220 5093 homicidis
1247 5035 1415 5115 ostenderet,
1436 5039 1511 5123 ipsos

111 5227 116 5256 t
133 5215 145 5261 δ
157 5215 269 5276 βασιλεὺς.
282 5218 389 5274 μειζωνὴ
402 5217 497 5270 ἐξουσία.
777 5214 789 5241 *
802 5214 913 5284 [μιαρίας
922 5212 950 5261 Β.
961 5212 990 5262 C.
1002 5211 1033 5262 D.
1045 5219 1127 5276 μανίας
1140 5206 1208 5260 Editi
1217 5220 1241 5261 et
1251 5211 1293 5277 ιλ]
