3728 5978
565 458 597 505 tn
629 458 737 506 misr.
768 457 813 504 tn
840 453 923 502 nou.
952 458 1074 506 nostin.
1104 461 1152 507 vt.
1266 453 1269 456 ’
1572 441 1638 516 521

67 585 151 656 ἔστιν,
164 582 251 655 ellit
265 587 291 643 tv
302 587 340 664 τῷ
352 587 472 665 φανερῷ,
484 589 510 645 ἐν
522 584 618 665 σαρκί,
630 585 770 667 περιτομή.
782 585 844 645 Ἕν·
901 585 1050 663 pullatum,
1059 586 1106 646 scd
1116 587 1371 667 etiamsupetiorem
1380 608 1436 649 esse
1444 591 1645 672 praeputiatum,

69 680 154 733 ταῦθα
179 674 270 743 αὐτοὺς
292 675 420 748 πλήττει,
444 680 479 743 ὡς
498 677 565 756 πρθς
588 675 712 746 ἐπίδειξιν
739 677 843 737 ἅπαντα
900 674 923 733 si
940 676 991 736 sibi
1005 678 1134 754 attendat,
1147 678 1329 757 eumdemque
1343 701 1408 741 rere
1421 701 1478 742 esse
1492 682 1641 745 ludente:

68 767 243 846 πράττοντας.
266 766 335 826 Ἀλλ’
351 773 365 827 θ
381 770 408 826 ἐν
430 770 468 848 τῷ
496 773 605 848 κρυπτῷ
630 768 770 844 Ἰουδαῖος,
799 770 844 829 καί
901 761 1084 830 ideoaitzltt.
1094 773 1165 830 Non
1173 775 1311 851 enimqut'
1323 775 1356 830 in
1364 775 1533 854 manufesto,
1544 777 1643 836 Judoe·

69 859 202 941 περιτομὴ
213 858 324 940 καρδίας
338 864 364 921 ἐν
378 860 511 937 πνεύματι
525 905 533 936 ,
548 864 577 921 οὐ
593 861 743 943 γράμματι.
902 880 936 918 us
949 870 1003 935 est,
1015 881 1067 920 nec
1080 883 1145 942 ραιε
1156 862 1314 942 manifesto
1322 867 1354 921 ιἰι
1363 864 1461 939 earm,
1468 878 1511 924 est
1521 871 1647 926 circum»
1748 858 1761 917 .'

806 1019 809 1023 ¹
902 955 983 1012 cisio.
996 953 1047 1012 Hic
1060 953 1121 1013 illos
1133 954 1299 1035 perstringit,
1320 969 1411 1035 utpote
1420 957 1469 1035 qui
1479 958 1516 1016 ad
1529 972 1646 1019 ostenta·

903 1042 1003 1104 nonem
1015 1045 1106 1104 omnis
1116 1047 1242 1106 lacerent.
1254 1047 1302 1105 29.
1316 1046 1373 1107 Sed
1381 1052 1435 1128 qui
1445 1053 1478 1106 ιἰι
1489 1053 1647 1111 abscendi-

904 1149 943 1213 to,
954 1140 1075 1200 Judoeus
1088 1153 1132 1200 est
1138 1168 1150 1214 ;
1162 1154 1191 1201 et
1197 1143 1379 1201 circumcisio
1390 1141 1486 1203 cordis
1494 1146 1645 1226 inspiritu,

905 1251 965 1288 ιιοιι
978 1231 1073 1291 litera.
1473 1296 1476 1303 ,

114 1325 201 1384 Τοῦτο
215 1323 243 1383 δὲ
264 1322 355 1396 εἰπὼν,
377 1323 485 1393 ἐξίθαλε
508 1325 543 1385 τά
564 1324 707 1402 σωματικδι
725 1323 844 1385 ἅπαντα.
943 1322 971 1379 ί.
986 1321 1037 1382 His
1047 1323 1170 1384 excludit
1180 1326 1330 1407 corporalis
1341 1326 1517 1386 omninNe'm
1531 1327 1646 1387 circum-

74 1417 129 1477 Καί
140 1415 221 1499 γὰρὴ
236 1416 368 1497 περιτομὴ
379 1420 406 1476 ἐν
417 1421 456 1499 τῷ
466 1421 587 1498 φανερῷ,
602 1416 648 1476 καί
667 1416 702 1476 τὰ
723 1417 847 1478 σάὸθατα
903 1413 969 1473 cisio
982 1413 1009 1473 in
1019 1416 1159 1475 manifesto
1172 1431 1241 1496 erat,
1256 1439 1360 1482 necnon
1370 1419 1494 1495 sabbata,
1503 1419 1647 1496 sacrificia,

74 1509 121 1568 καὶ
139 1512 167 1567 αί
187 1507 274 1569 θυσίαι
296 1508 341 1567 καί
361 1512 385 1568 ol
400 1508 572 1591 καθαρισμοί·
598 1510 666 1592 άπερ
684 1511 790 1570 ἅπαντα
811 1512 845 1569 δι’
856 1560 893 1602 „7
905 1506 1075 1586 purgationes
1079 1531 1089 1586 3
1101 1529 1162 1586 quae
1175 1509 1265 1569 omnia
1279 1531 1333 1570 uno
1346 1511 1431 1571 verbo
1440 1510 1644 1572 subindicavit:

74 1599 483 1681 consumpsissemus,
501 1606 542 1663 Οὐ
554 1602 606 1684 γάρ
620 1607 634 1662 δ
648 1606 675 1663 ἐν
691 1607 729 1684 τῷ
742 1606 847 1685 φανερῷ
865 1616 884 1661 κ
904 1600 972 1656 Νοιι
985 1603 1062 1658 enim
1077 1605 1128 1680 φατ’
1146 1604 1180 1658 ιἰι
1200 1605 1370 1684 mamfesto,
1389 1605 1511 1665 Judaeus
1522 1616 1574 1664 est.
1591 1603 1648 1666 Ve-

75 1692 203 1760 Ίουδαῑός
214 1696 294 1752 ἔστιν.
306 1694 377 1753 Ἀλλ’
393 1693 483 1767 ἐπειδὴ
498 1697 546 1766 τῆς
558 1700 705 1775 περιτομῆς
720 1695 800 1763 πολὺς
813 1687 847 1768 ἦν
903 1709 965 1747 τοττι
980 1690 1044 1768 quis
1055 1690 1268 1751 circumcisionis
1280 1713 1378 1777 magna
1394 1693 1548 1771 ratioerat,
1561 1700 1651 1773 quin·

74 1784 191 1865 ὁλόγσς,
210 1783 276 1844 ὅπου
290 1808 320 1865 γε
337 1784 381 1843 καί
396 1785 427 1845 τὸ
440 1784 573 1846 afflat-ov
593 1791 659 1867 affl
678 1786 846 1869 παρεχώρει,
903 1776 1050 1858 tloqttltlem
1069 1781 1123 1862 lpsl
1146 1782 1290 1843 sabbatum
1304 1784 1426 1862 cedebat,
1442 1786 1505 1866 jttl'e
1523 1785 1650 1867 pluribus

75 1878 187 1945 εἰκότως
198 1876 231 1937 td
246 1876 355 1936 πλείονα
370 1875 435 1958 πρὸς
455 1877 536 1951 αὐτὴν
558 1877 734 1938 ἀποτείνεται.
754 1878 846 1939 Εἰπὼν
903 1872 974 1932 circa
987 1873 1063 1933 illam
1083 1874 1249 1936 extenditur.
1262 1877 1333 1937 Cutu
1345 1876 1413 1937 dicit
1425 1890 1527 1954 autem,
1537 1882 1576 1937 Ιιι
1589 1883 1651 1961 spi-

75 1971 119 2041 δὲ,
134 1968 181 2029 Ἔν
192 1967 339 2047 πνεύματι,
351 1971 515 2050 προοδοποιεῑ
525 1971 617 2030 λοιπὸν
628 1973 661 2050 τῇ
672 1973 720 2041 τῆς
730 1970 847 2043 Ἕκκλη·
903 1969 975 2040 ritu,
986 1965 1062 2028 viam
1075 1981 1207 2049 preparat
1216 1968 1343 2052 deinceps
1354 1969 1390 2029 ad
1402 1968 1532 2030 Ecclesia
1541 1970 1653 2030 institu-

75 2061 136 2128 σίας
146 2059 282 2140 πολιτείᾳ,
293 2059 339 2120 καί
357 2060 405 2134 την
420 2060 511 2121 πίστιν
525 2062 640 2141 εἰσάγει·
654 2062 700 2121 καί
713 2061 765 2144 γδρ
779 2062 846 2136 αὕτη
903 2072 973 2132 tom,
985 2072 1011 2119 ct
1021 2059 1104 2119 fidem
1117 2059 1222 2120 inducit
1238 2062 1411 2125 :etenimilln
1422 2062 1451 2122 in
1462 2062 1545 2123 corde
1555 2077 1581 2123 ct
1590 2064 1650 2146 spi-

75 2157 103 2213 ἕν
123 2152 219 2234 καρδίᾳ
241 2152 286 2211 καλ
308 2153 440 2232 πνεύματι
457 2153 501 2213 τὸν
521 2154 626 2214 ἔπαινον
647 2154 701 2215 decb
715 2160 761 2214 τοῦ
777 2158 849 2217 Θεοῦ
904 2151 959 2211 ritu
975 2151 1083 2212 leudem
1096 2174 1113 2213 a
1126 2154 1284 2213 Deobttbet.
1298 2154 1335 2214 Et
1345 2176 1393 2213 cur
1405 2175 1458 2215 non
1466 2155 1592 2234 ostendit,
1605 2157 1651 2216 be·

75 2245 140 2326 ἔχει.
160 2244 213 2304 Καί
229 2243 312 2303 διὰτί
328 2242 365 2322 μὴ
380 2243 486 2319 ἔδειξεν,
508 2241 550 2303 ὅτι
564 2251 578 2304 δ
591 2251 725 2327 κατορθῶν
744 2247 848 2321 Ἕλλην
904 2264 938 2303 ne
950 2258 1074 2325 agentem
1085 2245 1213 2325 gentilem
1223 2245 1291 2306 bene
1307 2260 1404 2327 agente
1418 2245 1575 2308 Judaeonon
1594 2268 1652 2308 csse

75 2333 206 2397 Ἰουδαίου
227 2341 414 2415 κατορθοῦντος
432 2340 481 2396 οὐκ
496 2334 567 2395 ἔστιν
582 2337 712 2398 ἐλάττων·
732 2341 792 2400 ἀλλ’
808 2339 848 2399 ὅτι
905 2335 1074 2416 inferiorem,
1088 2336 1137 2396 sod
1149 2337 1219 2397 bene
1229 2350 1351 2418 agentem
1362 2338 1492 2419 gentilem
1503 2352 1653 2419 transgres-

74 2433 213 2509 κατορθῶν
231 2428 334 2500 Ἕλλην
351 2427 478 2489 Ἰουδαίου
497 2428 706 2509 παραὸαίνοντος
722 2430 849 2512 κρείττων
905 2450 965 2490 sore
977 2429 1074 2493 Judaeo
1085 2451 1143 2491 esse
1151 2430 1356 2493 melioremlllt
1368 2431 1548 2491 indubitatam
1554 2431 1651 2492 redde-

76 2519 228 2595 ἐοτίν;Ἷν’
251 2520 431 2602 ἀναμφίθσλον
454 2521 554 2600 ποιήσῃ
573 2521 622 2594 την
640 2522 725 2596 νίκην.
747 2522 848 2583 Τούτου
904 2522 1652 2601 retvietoriam.llocenimcuminoonsessoest,cireum-

74 2612 129 2693 γάρ
140 2611 360 2691 ὁμολογηθέντος,
374 2612 400 2680 ἐξ
412 2613 556 2693 άνάγκηςὴ
570 2613 700 2695 περιτομὴ
715 2619 763 2688 τῆς
782 2640 850 2696 σαρ·
905 2616 972 2676 cisio
997 2617 1085 2677 curnis
1107 2619 1255 2678 necessario
1271 2618 1439 2696 excluditur,
1452 2631 1482 2678 et
1502 2617 1652 2679 ostenditur

75 2707 124 2773 κδς
143 2705 317 2778 ἕκθάλλεται,
339 2704 385 2764 καὶ
407 2704 551 2779 δείκνυται,
571 2703 611 2764 θτι
631 2711 769 2787 πανταχοῦ
791 2707 849 2786 βίαι
867 2727 885 2775 n
905 2708 1007 2788 ubique
1019 2729 1076 2768 esse
1084 2709 1154 2768 bona
1167 2709 1306 2790 vitaopus.
1317 2710 1386 2768 Cum
1395 2710 1467 2769 enim
1475 2710 1583 2790 gentilis
1595 2710 1653 2769 sine

75 2798 167 2881 χρεία.
183 2797 269 2858 Ὅταν
281 2797 333 2878 γάρ
344 2802 359 2857 δ
372 2796 422 2875 μὲν
432 2796 537 2871 Ἕλλην
554 2798 636 2880 χωρίς
650 2798 749 2859 τούτων
763 2798 850 2873 σάζη-
904 2799 948 2860 his
962 2799 1054 2860 salvus
1069 2800 1113 2874 sit,
1125 2799 1269 2862 etJudaeus
1281 2821 1344 2859 eum
1357 2800 1401 2860 his
1414 2801 1553 2881 puniatur,
1568 2815 1653 2861 oessm

76 2916 139 2967 ται,
153 2891 206 2952 sot
217 2891 343 2960 Ἰουδαῖος
360 2888 428 2970 μετδι
441 2892 541 2951 τούτων
562 2891 723 2965 κολάζηται,
738 2890 849 2965 ἔστηκεν
904 2891 1073 2954 Judaismus.
1086 2891 1225 2953 Gentilem
1239 2912 1305 2954 τετυ
1311 2891 1380 2951 dicit
1400 2912 1453 2952 non
1470 2891 1651 2970 idololatram,

78 2986 168 3066 ἀργῶν
183 2987 197 3042 δ
212 2983 371 3062 ίουδαῖσμάς.
384 2982 507 3057 Ἕλληνα
526 2982 556 3054 δὲγ
575 2984 656 3043 πάλιν
670 2987 701 3044 οὐ
712 2983 757 3042 τθν
774 2985 850 3043 εἶδον·
904 2983 950 3044 scd
963 2984 1074 3066 piumet
1085 2984 1187 3044 virtute
1203 2983 1358 3067 pmditum,
1372 3005 1389 3044 a
1411 2984 1545 3065 legalibus
1557 2984 1650 3046 obser·

78 3076 221 3157 λολάτρην,
241 3075 310 3135 θλλδι
330 3075 375 3135 τὸν
394 3075 503 3148 θεοσεθῆ
522 3076 567 3136 καὶ
588 3075 708 3157 ἐνάρετον
729 3076 775 3136 καί
795 3080 849 3137 τῶν
903 3075 1058 3138 rationibus
1071 3075 1201 3136 liberum.
1227 3079 1256 3138 ί.
1275 3077 1354 3154 Quid
1366 3097 1433 3157 crgo
1447 3078 1575 3159 amplius
1596 3079 1718 3152 lte-cst
1731 3119 1771 3152 m,

76 3173 195 3248 νομικῶν
208 3167 417 3250 παρατηρησεων
436 3169 639 3247 ἀπηλλαγμένον
659 3169 732 3249 φησί.
753 3169 791 3230 Τί
803 3159 848 3229 οὖν
903 3170 968 3228 daeo
979 3174 1041 3230 est?
1056 3169 1128 3242 Quia
1139 3168 1230 3228 omnia
1246 3167 1373 3246 exclusit,
1386 3169 1536 3249 conciones,
1549 3169 1651 3232 doctri-

76 3263 108 3323 τὸ
121 3260 246 3342 περισσὸν
265 3267 311 3320 τοῦ
326 3260 467 3335 Ἰουδαίους
482 3259 594 3333 Ἐπειδὴ
619 3261 707 3321 πάντα
725 3261 847 3338 ίξίθαλε,
903 3261 1651 3340 ιιοιιι,τιοτυτιι.ίυιίοί,τίτκυιτιοὶτίοοειιιειοετίετεοιτιοίε,

63 3350 848 3435 Ιϊλ,ιισίκράοιοιν,ι·λνδιθασκαλίτιν,τ“οὸνομειτοίῗίουδοίοιι,
904 3375 966 3416 eum
989 3355 1074 3433 dixit,
1101 3357 1158 3434 Qui
1185 3358 1218 3415 in
1240 3357 1417 3436 manifeste,
1441 3357 1568 3418 Judaeus'
1593 3380 1653 3420 non

77 3446 129 3518 τὴν
142 3444 301 3526 περιτομὴν,
318 3447 353 3506 τὰ
372 3445 441 3504 ἄλλα
454 3445 554 3518 πάντα,
569 3443 613 3503 διδ
626 3453 673 3506 τοῦ
690 3445 786 3526 λέγειν,
808 3447 850 3507 ὅτι
905 3459 958 3520 est,
970 3449 1023 3508 sed
1033 3451 1085 3528 qui
1097 3451 1130 3507 t'n
1142 3449 1333 3521 abscondit&
1347 3447 1423 3508 videt
1440 3447 1565 3530 deinceps
1576 3449 1650 3532 objc-

76 3539 113 3598 ‘0
126 3542 153 3598 ἐν
165 3543 204 3619 τῷ
219 3542 325 3620 φανερῷ
344 3537 470 3604 Ἰουδαῖος
490 3540 538 3596 οὐκ
559 3536 640 3609 ἔστιν,
660 3539 720 3597 ἀλλ’
733 3543 747 3598 δ
759 3542 787 3598 ἐν
810 3543 850 3621 τῷ
905 3541 1019 3601 ctionem
1026 3553 1226 3622 exsurgentem,
1238 3539 1264 3601 et
1275 3541 1405 3602 adsersus
1415 3541 1491 3602 illam
1498 3556 1559 3604 stat.
1568 3543 1650 3617 Quae·

76 3633 204 3711 κρυπτῷ,
226 3635 276 3711 δρᾷ
297 3629 388 3688 λοιπδν
416 3628 545 3689 ἀντίθεσιν
566 3628 781 3691 ἀνακύπτουσαν·
803 3633 850 3692 καί
905 3653 967 3693 nam
977 3633 1024 3694 illa
1035 3634 1172 3716 objectio?
1186 3634 1285 3695 sihaec
1305 3634 1376 3694 nihil
1386 3635 1498 3717 juvant,
1509 3658 1558 3696 cur
1569 3659 1649 3698 voca·

75 3723 145 3805 πρὸς
163 3722 245 3795 αὐτὴν
262 3721 377 3782 ίστοιται.
399 3721 468 3791 ΙιΤίς
487 3721 515 3780 δέ
529 3726 599 3783 ἐστιν
615 3727 629 3792 ἡ
649 3724 794 3802 άντίθεοις;
815 3730 852 3788 Εἰ
906 3739 932 3785 ta
946 3727 1081 3807 gensiuit,
1094 3746 1144 3786 cur
1153 3726 1327 3786 circumcisio
1343 3725 1429 3786 data?
1445 3728 1521 3801 Quid
1533 3749 1598 3810 ergo
1612 3732 1651 3790 ia·

78 3815 173 3894 μηδὲν,
187 3815 275 3896 φησίν,
286 3816 382 3895 ὠφελεῖ
394 3819 492 3889 ταῦτα,
504 3814 572 3882 τίνος
585 3814 672 3876 ίνεκεν
690 3818 736 3876 καί
750 3820 849 3893 ἐκλήθη
867 3838 886 3887 c
906 3817 962 3878 cit?
976 3832 1002 3878 ct
1012 3817 1148 3898 quomodo
1157 3817 1233 3876 illem
1242 3817 1342 3877 solvit?
1356 3819 1395 3878 Ut
1407 3819 1545 3900 superiora
1556 3816 1648 3881 solvit.

77 3907 110 3967 τδ
120 3908 207 3981 ἔθνος,
219 3906 264 3967 καί
276 3906 407 3986 περιτομὴ
419 3906 509 3980 ἐδάθη;
520 3907 557 3967 Τί
570 3901 613 3968 οὗν
633 3919 719 3984 ποιεῖ,
734 3912 779 3972 καὶ
793 3918 853 3982 πῶς
905 3911 982 3970 δίεισι
994 3910 1067 3969 enim
1079 3909 1137 3969 illic
1156 3929 1208 3967 non
1232 3908 1343 3968 illorum
1363 3909 1458 3969 laudes
1479 3910 1649 3992 predicavit,

79 3998 162 4073 αὐτὴν
182 3999 256 4073 λιίει;
276 4001 318 4059 Δι’
333 3990 369 4066 ὧν
389 4000 465 4060 ἔλυσε
482 3999 528 4058 καὶ
546 3998 580 4058 τδι
600 4003 730 4084 ἀνωτέρω.
745 4004 850 4089 Ὥσπερ
906 4003 953 4062 sed
967 4002 1017 4063 Dei
1036 4001 1177 4079 beneficia,
1192 4021 1246 4061 non
1266 4000 1376 4060 illorum
1390 4016 1461 4062 recte
1479 4004 1563 4080 faeta,
1587 4025 1651 4064 nam

77 4093 131 4173 γὰρ
149 4090 286 4152 ἐκεῖοῦτδι
300 4091 420 4171 ἐγκώμια
435 4095 521 4152 αὐτῶν
538 4082 620 4166 εἶπεν,
632 4094 702 4154 etit
714 4101 760 4155 τοῦ
778 4099 850 4158 Θεοῦ
905 4093 981 4174 quod
1005 4093 1098 4156 Juuaei-
1115 4091 1288 4170 vocareuitnr,
1312 4091 1388 4171 quod
1410 4093 1578 4154 voluntatem
1599 4097 1651 4155 Dei

78 4184 302 4266 τδςεῦεργεσίοις,
323 4188 352 4244 οὐ
372 4183 406 4243 τδ
426 4188 511 4244 αὐτῶν
534 4185 742 4267 κατορθώματα·
755 4189 786 4248 τδ
798 4189 851 4272 γδιρ
905 4198 1022 4262 nossent,
1043 4183 1118 4264 quod
1133 4182 1319 4244 examinarent
1341 4183 1430 4258 utilia,
1455 4205 1509 4245 non
1529 4185 1652 4263 illorum,

76 4277 205 4337 Ἰουδαῖον
217 4276 406 4355 ὀνομάζεσθαι,
419 4275 464 4334 καλ
478 4274 617 4355 γινώσκειν
628 4278 660 4337 τὸ
674 4277 794 4358 θέλημα,
805 4282 850 4341 καλ
906 4277 1017 4339 sedbel
1036 4278 1129 4358 grstiae
1150 4298 1218 4359 opus
1232 4288 1309 4338 erat:
1324 4276 1401 4356 quod
1418 4276 1474 4338 illis
1486 4280 1653 4361 exprobrans

79 4369 230 4447 δοκιμάζειν
242 4367 275 4427 τδι
290 4367 459 4448 διαφέροντα,
471 4370 519 4428 οὐκ
531 4371 615 4428 αὐτῶν
630 4360 662 4441 ἦν
674 4369 849 4449 κατόρθωμα,
907 4372 1038 4454 prophete
1048 4369 1172 4430 dicebat:
1187 4371 1337 4452 Nonsect't
1346 4370 1448 4429 taliter
1462 4377 1543 4432 omni
1555 4379 1651 4434 natio-
1662 4401 1729 4446 pm,
1750 4396 1801 4461 14„

79 4460 150 4520 αἰλλθ
157 4466 204 4533 τῆς
214 4466 259 4519 τοῦ
271 4463 341 4520 Θεοῦ
355 4460 479 4540 χάριτος·
490 4459 555 4542 ὅπερ
565 4459 611 4519 καί
622 4459 752 4530 ὀνειδίζων
763 4467 851 4532 αὐτοῖς
907 4468 947 4541 ni,
957 4477 987 4523 et
991 4464 1108 4546 judicia
1122 4481 1176 4520 sua
1188 4481 1247 4520 non
1254 4462 1458 4543 manifestavit
1468 4467 1651 4547 eis;etMoy·
1660 4476 1686 4523 9·

77 4551 240 4634 θπροφήτης
261 4553 362 4631 ἔλεγεν·
376 4553 435 4611 Οὐκ
454 4552 575 4624 ἐποίησεν
590 4551 657 4611 elleos
674 4554 756 4613 παντὶ
767 4553 851 4630 ἔθνει,
906 4576 948 4617 ses
961 4576 1092 4631 rursum,
1108 4557 1302 4635 Interrogate,
1320 4553 1420 4633 inquit,
1432 4560 1459 4615 si
1463 4558 1652 4639 suit'secttn·
1664 4573 1803 4626 naimo.

77 4647 126 4706 καί
145 4647 179 4706 τδι
193 4646 311 4725 κρίματα
326 4649 404 4706 αὐτοῦ
426 4646 473 4705 οὐκ
494 4645 625 4717 ἐδήλωσεν
646 4649 747 4715 αὐτοῖς·
772 4648 818 4708 καὶ
838 4653 852 4708 t
906 4652 977 4709 dnm
991 4649 1226 4721 columneo
1242 4649 1358 4707 audivit
1370 4669 1443 4728 gens
1467 4670 1570 4731 vocem
1594 4654 1654 4711 Dei

79 4741 198 4808 Μωῡσῆς
211 4737 302 4810 πάλιν,
311 4735 500 4818 Ἐρωτήοατε,
515 4739 537 4795 εἰ
548 4735 640 4815 γέγονε
653 4738 764 4798 κατὰτὸ
779 4745 852 4821 ῥῆμα
907 4745 1035 4802 viventis
1049 4762 1085 4800 ex
1099 4741 1194 4799 medio
1207 4744 1292 4821 igtu'S,
1317 4752 1345 4799 ct
1364 4745 1442 4800 vixit
1461 4741 1537 4801 :boe
1564 4742 1654 4823 ipsum

78 4834 174 4903 τοῦτο,
192 4829 281 4910 φησίν,
302 4832 325 4888 εἰ
343 4828 455 4900 ἤκουσεν
478 4828 549 4896 ἔθνος
566 4827 655 4908 φωνὴν
668 4832 739 4891 Θεοῦ
758 4835 854 4901 ζῶντος
870 4839 890 4885 Ι)
907 4835 954 4894 hie
966 4832 1151 4913 quoqueiaeit.
1160 4831 1237 4892 Sicut
1247 4831 1321 4891 enim
1333 4853 1395 4892 cum
1409 4833 1444 4892 de
1453 4832 1656 4897 circumcisione

80 4926 112 4981 ἐκ
125 4923 206 5000 μέσου
219 4927 265 4982 τοῦ
279 4921 373 5002 πυρὸς,
386 4921 430 4980 καὶ
442 4921 532 4994 ἔζησε·
547 4927 622 4981 τοῦτο
636 4921 668 4995 δὴ
684 4922 730 4982 καλ
743 4926 854 4985 ἐνταῦθα
908 4925 1073 5005 loqueretur,
1084 4944 1136 4982 non
1152 4922 1233 4999 dixit,
1248 4923 1312 4982 flaec
1327 4923 1497 4983 circumcisio
1517 4925 1574 4984 sine
1585 4926 1656 4986 bona

80 5023 163 5074 ποιεῖ.
177 5013 282 5096 Ὥσπερ
298 5013 364 5094 γδιρ,
384 5013 428 5074 ὅτε
449 5012 522 5093 ἔλεγε
544 5013 604 5095 περί
624 5016 673 5086 τῆξ
693 5020 854 5098 περιτομῆς,
909 5017 965 5077 vita
979 5015 1049 5076 nihil
1065 5015 1188 5098 prodest,
1200 5014 1259 5087 sed,
1274 5014 1451 5099 Circumcisio
1461 5036 1523 5075 cum
1535 5016 1656 5080 bonan-

117 5187 333 5252 .[ι,ει,ιτηιι
347 5189 415 5252 ιο]

1466 5269 1515 5327 st.
