3728 5978
222 438 296 511 588
561 461 589 506 s.
618 459 757 510 tornius
782 458 964 509 cnnrsosr.
993 457 1149 509 incuruo.
1178 457 1447 507 consrsnrtcoc.
1582 448 1605 491 u

225 595 320 654 fecere.
336 592 495 674 Suspicione
516 593 632 669 carebat,
646 593 720 673 quod
735 594 817 654 etiam
831 587 970 670 impende·
1023 593 1135 654 ἑκάστου
1163 595 1247 653 αὐτῶν
1267 597 1284 663 ἡ
1303 592 1449 673 προσφορά.
1464 590 1648 671 Διαγγέλλανν·
1664 591 1792 662 τουτέστι,

226 699 275 747 ret.
287 688 337 746 96.
356 687 438 745 Tunc
451 684 566 746 Paulus
586 691 723 746 assumtis
745 688 834 762 virts,
854 693 972 764 postero
1022 684 1226 765 καταγγέλλων·
1251 682 1412 752 irmirici<
1429 674 1461 756 ῆν
1475 686 1490 743 6
1507 685 1585 755 δῆλον
1599 681 1693 742 ἑαυτὸν
1704 685 1791 741 ποιῶν.

226 777 460 859 diepuriſscatus
472 777 619 849 cumillis,
637 782 761 838 intravit
775 781 807 836 in
820 775 969 856 templum,
1023 777 1073 845 Ὡς
1094 776 1122 838 δέ
1142 777 1250 856 ἔμελλον
1264 780 1292 835 αἱ
1306 775 1374 835 turb
1391 774 1491 855 ηρίραι
1504 774 1697 834 συντελεῖσθαι.

228 874 411 930 annuntians
420 870 613 950 expletionem
624 872 737 930 dierum
745 868 972 951 purificationis,

229 962 320 1023 donec
325 963 485 1043 offerretur
489 983 543 1041 pro
554 983 733 1042 unoquoque
743 982 842 1022 eorum
851 960 971 1019 oblatio.

228 1054 436 1127 Annuntians,
446 1053 498 1113 hoc
515 1068 566 1133 est,
575 1053 730 1114 declarans:
743 1053 833 1132 itaque
843 1051 901 1132 ipse
915 1061 971 1109 erat

228 1145 275 1224 qni
295 1167 351 1206 sese
372 1145 542 1205 manifestum
565 1144 688 1204 faciebat.
710 1145 760 1202 97.
786 1146 860 1204 Cum
875 1156 973 1203 autem

227 1251 335 1318 septem
347 1240 479 1319 diesjam
493 1237 634 1318 implendi
646 1251 750 1297 essent.

268 1335 297 1391 θ.
307 1329 380 1395 Vide
397 1330 533 1409 quomodo
548 1330 720 1411 potissimum
734 1329 761 1388 in
773 1328 969 1389 illismoratur.
986 1345 1006 1392 t>
1064 1331 1138 1414 Ὅρα
1151 1335 1207 1398 πῶς
1228 1330 1344 1410 μάλιστα
1363 1330 1395 1404 δὴ
1417 1332 1503 1397 αὐτοῖς
1518 1326 1675 1409 ἐγχρονίζει,
1688 1330 1724 1387 0t
1745 1325 1795 1386 ἀπὸ

228 1427 319 1505 liqui
332 1436 417 1482 erunt
426 1444 463 1481 ex
473 1421 666 1494 AstaJudoei,
675 1442 742 1481 cum
752 1423 895 1495 uidissent
906 1442 972 1481 eum
1023 1424 1163 1499 τῆςἈσίας
1169 1424 1302 1496 Ἰουδαῖοι,
1314 1422 1555 1499 θεασάμενοιαίιτὸν
1563 1424 1591 1480 ἐν
1604 1423 1644 1499 τῷ
1652 1421 1726 1500 ῖτρῷ,
1739 1440 1794 1476 συν·

229 1516 392 1596 intemplo,
412 1518 631 1575 concitaverunt
643 1527 736 1573 totam
748 1517 875 1585 turbam,
890 1526 918 1571 et
927 1517 972 1571 in·
1024 1519 1099 1598 έχεον
1106 1518 1194 1577 πάντα
1203 1516 1249 1576 τὸν
1260 1516 1348 1596 ὄχλον,
1358 1514 1403 1573 καλ
1413 1513 1541 1574 ἐτίὸαλον
1551 1517 1593 1573 ἐπ’
1606 1509 1795 1589 αι’πὸντὰςχεῖ-

223 1611 359 1689 χ’σσεπαηῖ
373 1611 405 1666 in
417 1608 504 1667 illum
518 1625 635 1683 manus,
647 1607 812 1664 clamantes
825 1627 831 1662 ι
844 1603 891 1664 98.
909 1607 973 1665 Viri
1025 1633 1081 1692 ρας,
1105 1609 1251 1692 κράζοντες·
1273 1607 1364 1688 ἄνδρες
1376 1605 1552 1685 Ἰσραηλῖται,
1570 1608 1701 1684 βοηθεῖτε·
1724 1591 1795 1668 ούτύς

228 1701 384 1772 Israelitoe,
399 1701 539 1779 adjuvate
556 1702 625 1758 :iric
634 1714 677 1759 est
688 1702 784 1769 bomo,
799 1699 849 1777 qui
869 1699 972 1758 adner-
1023 1703 1094 1762 ἐστιν
1108 1705 1123 1760 6
1138 1701 1274 1780 ἄνθρωπος
1288 1704 1303 1759 6
1315 1697 1386 1758 κστδι
1398 1703 1444 1758 τοῦ
1456 1700 1521 1757 λαοῦ
1539 1696 1586 1756 καὶ
1597 1703 1644 1756 τοῦ
1655 1692 1737 1772 νόμου
1752 1693 1794 1752 καὶ

228 1811 278 1851 sus
285 1792 423 1872 populum
439 1805 465 1850 et
475 1793 566 1871 legem
574 1803 601 1848 et
609 1791 705 1849 locum
713 1792 790 1848 bunc
800 1810 898 1848 omnes
908 1792 970 1848 nbi·
1023 1800 1068 1854 τοῦ
1075 1792 1156 1854 τύπου
1163 1791 1253 1852 τούτου
1262 1789 1364 1859 πάντας
1371 1793 1507 1869 πανταχοῦ
1519 1787 1659 1848 διδάσκων·
1668 1786 1743 1846 έτιτε
1751 1783 1794 1843 καὶ

228 1903 285 1965 que
313 1885 436 1956 docens,
464 1887 630 1963 insuper-et
650 1884 774 1963 gentiles
795 1882 912 1942 induxit
939 1883 971 1940 in
1023 1881 1378 1964 Ἕλληναςείσήγαγενείςτδ
1386 1877 1714 1961 ἱερὸν,κα“ικεκοίνωκετδν
1723 1877 1793 1955 ἅγιον

167 2001 176 2014 ·
229 1975 378 2055 templum,
405 1987 434 2033 et
454 1975 580 2034 violavit
593 1987 728 2034 sanctum
755 1973 851 2033 locum
873 1978 968 2032 istum.
1021 1975 1101 2035 τόπον
1114 1975 1298 2057 τοῦτον.”ορα
1310 1973 1340 2034 τὸ
1354 1965 1415 2046 ἦθος
1426 1976 1511 2032 αὐτῶν
1520 1977 1659 2052 πανταχοῦ
1673 1972 1795 2052 ταραχῶ·

226 2065 300 2129 Vide
313 2088 401 2127 mores
413 2088 506 2127 eorum
528 2066 629 2145 ubique
644 2065 824 2142 turbulentos,
846 2063 971 2147 ipsosque
1022 2068 1076 2142 δες,
1091 2069 1136 2127 καὶ
1150 2069 1241 2134 truse
1257 2065 1379 2146 βοώντων
1394 2068 1420 2125 έν
1435 2069 1473 2146 τῷ
1486 2064 1567 2146 μίσιρ.
1578 2053 1670 2124 Ἦσαν
1681 2062 1733 2145 γάρ
1747 2066 1794 2122 ἐω-

217 2159 255 2219 'in
279 2160 368 2220 medio
384 2173 482 2218 temero
495 2159 647 2218 clamantes.
667 2160 716 2218 θί).
738 2159 879 2216 Viderunt
894 2161 972 2217 enim
1023 2162 1131 2241 ρακότες
1142 2163 1168 2220 Τ
1170 2159 1277 2242 ρύφιμον
1289 2157 1334 2218 τὸν
1345 2158 1468 2239 Ἐφέσιον
1481 2161 1509 2218 ἐν
1521 2162 1554 2237 τῆ
1566 2154 1642 2217 πόλει
1654 2154 1701 2215 σὺν
1713 2157 1793 2236 αύτῷ,

229 2253 416 2332 Trophimum
436 2252 595 2330 Ephesium
615 2251 646 2307 in
663 2252 784 2309 civitate
803 2269 869 2307 eum
897 2253 970 2328 ipso,
1021 2251 1049 2312 ὃν
1064 2251 1181 2330 ἐνόμιζον
1197 2250 1238 2311 δτι
1253 2254 1289 2317 εἰς
1298 2251 1329 2311 τδ
1341 2251 1410 2330 ἱερὸν
1424 2249 1711 2329 είσήγαγενὸΠαῧλος.
1722 2245 1794 2306 Ἐκι·

225 2338 311 2426 quem
329 2349 545 2404 aestimaverunt
565 2343 645 2422 ιγιιοιί
664 2345 696 2399 in
712 2342 851 2420 templum
875 2347 968 2401 intro·
984 2347 1003 2396 E
1020 2344 1087 2417 νήθη
1101 2367 1130 2404 τε
1141 2349 1158 2416 ἡ
1171 2343 1247 2413 πόλις
1262 2343 1325 2418 ὅλη,
1339 2344 1385 2404 καί
1399 2343 1501 2423 ἐγένετο
1515 2341 1648 2422 συνδρομὴ
1661 2348 1707 2403 τοῦ
1717 2345 1793 2402 λαοῦ·

225 2439 356 2497 άατίειαι
368 2437 494 2496 Paulus.
512 2436 559 2494 50.
572 2436 781 2513 commotoque
801 2446 844 2492 cst
863 2437 969 2494 civitas
1021 2437 1066 2496 καὶ
1080 2436 1269 2515 ἐπιλαθόμενοι
1280 2442 1327 2497 τοῦ
1344 2436 1466 2511 Παύλου,
1487 2427 1572 2495 εἷλκον
1588 2435 1667 2494 αὐτὸν
1686 2432 1737 2502 ἔξω
1749 2437 1793 2492 τοῦ

225 2541 307 2601 toto,
330 2541 358 2587 et
362 2529 456 2609 sactu
469 2540 512 2586 est
526 2528 677 2586 concursio
686 2526 805 2605 populi:
818 2538 847 2586 et
868 2547 968 2606 appre-
1020 2532 1099 2610 ίεροθ·
1108 2529 1153 2589 καί
1163 2528 1257 2598 εὐθέως
1270 2528 1440 2600 ἐκλείσθησαν
1452 2531 1479 2588 αί
1490 2527 1572 2609 θύραι.
1581 2525 1688 2609 Ἄνδρες
1705 2525 1794 2607 Ἰσρα-

224 2621 536 2691 murmurantum,
549 2621 706 2678 trabebant
718 2630 880 2677 eumentro
891 2632 966 2677 tem*
1019 2624 1125 2694 ηλῑται,
1152 2623 1287 2700 βοηθεῖτε,
1306 2619 1394 2700 φησίν.
1420 2609 1505 2687 θύτύς
1524 2617 1795 2698 έστινὸιίνθρωπυςθ

220 2715 305 2794 plum
316 2716 472 2773 tetstatim
483 2710 591 2772 clauso
604 2714 789 2792 suntjunuoe.
801 2713 863 2769 Viri
872 2713 967 2770 Israe·
1019 2712 1088 2775 κατά
1098 2719 1143 2773 τοῦ
1155 2715 1221 2772 λαοῦ
1235 2711 1281 2771 καί
1301 2715 1347 2771 τοῦ
1363 2708 1444 2788 νόμαι
1459 2709 1505 2770 καί
1527 2716 1572 2770 τοῦ
1593 2703 1676 2767 τόπον
1691 2706 1793 2767 τούτου.

223 2806 294 2880 iitoe,
306 2807 457 2888 adjuvate,
470 2803 605 2883 inquiunt.
619 2805 678 2864 Hic
691 2816 733 2863 est
747 2805 835 2862 bomo
851 2807 902 2883 qui
914 2803 966 2862 ud-
1017 2803 1049 2864 Ἃ
1063 2804 1179 2883 μάλιστα
1190 2802 1282 2870 αὐτοὺς
1293 2800 1412 2882 ἐθοφύύει
1425 2801 1511 2868 δναδς
1522 2800 1568 2860 καὶ
1581 2806 1596 2861 6
1607 2799 1793 2878 νόμος,τσὐ’τσ

224 2919 322 2959 versem
331 2899 471 2978 populum
483 2909 512 2955 et
527 2898 618 2977 legem
634 2909 662 2955 et
676 2898 773 2956 locum
786 2901 884 2956 istum.
897 2896 965 2969 Quae
1017 2896 1177 2981 προφέρουσι
1191 2901 1294 2958 ἐκεῖνοι.
1307 2894 1361 2956 Καὶ
1375 2892 1446 2955 οὐδέν
1457 2894 1594 2953 ἐνεκαλεσε
1610 2899 1665 2958 τοῖς
1677 2889 1792 2951 ἀποστό-

138 3018 141 3023 ·
222 2989 284 3050 iilos
295 2991 414 3051 maxime
427 2988 585 3067 turbabant,
602 2991 733 3070 templum
756 3003 782 3048 et
799 2989 897 3068 legem,
909 2991 966 3050 haec
1017 2991 1218 3057 λοιςθΠαῦλος
1235 2986 1327 3047 παθὼν
1344 2984 1430 3046 καίτοι
1443 2990 1574 3058 τοσαῦτα,
1590 2982 1631 3044 θει
1656 2982 1731 3042 αὐτοὶ
1754 2980 1792 3040 αῐ·

114 3158 119 3167 1
224 3081 420 3162 ριοίττυαιίίίί.
429 3083 522 3159 Neque
533 3082 697 3142 Paulushaec
707 3081 850 3162 patiensde
863 3082 906 3143 his
916 3085 966 3145 etsi
1016 3105 1068 3141 τιοι
1092 3080 1190 3142 τούτων
1215 3078 1351 3160 γεγόνασιν
1372 3082 1459 3159 αὐτῷ·
1485 3077 1566 3144 ούτως
1589 3067 1621 3148 ῆν
1637 3072 1791 3154 μεγαλόθυ-

223 3173 305 3235 tmtis
313 3170 448 3255 apostolos
464 3173 610 3249 accusavit,
623 3172 696 3252 quod
715 3174 768 3255 ipsi
781 3173 899 3234 incausa
917 3176 965 3236 ho·
1016 3197 1072 3254 χυς.
1097 3174 1149 3234 Καί
1174 3165 1259 3233 εἷλκον
1285 3172 1378 3245 αι’πδν,
1397 3171 1489 3252 φησὶν,
1504 3169 1553 3239 ἔξω
1577 3174 1622 3228 τοῦ
1647 3172 1732 3251 ἱεροῦ·
1747 3165 1792 3226 καὶ

222 3286 285 3325 rum
299 3279 396 3326 essent:
406 3265 475 3326 adeo
484 3279 541 3324 crat
549 3265 746 3345 magnanimus.
758 3267 800 3325 Et
810 3268 966 3326 trahebant
1016 3263 1187 3336 ἐκλείσθησαν
1203 3268 1230 3323 αἱ
1253 3263 1339 3346 θύραι.
1353 3262 1512 3322 Ἐύούλοντο
1524 3261 1576 3342 γὰρ
1599 3261 1678 3320 αὐτὸν
1690 3262 1791 3319 ἀνελεῖν

222 3378 299 3430 eune,
323 3357 421 3437 inquit,
441 3370 527 3417 extra
547 3358 687 3437 templum
698 3382 706 3414 :
719 3370 747 3416 et
769 3359 877 3417 clause
895 3373 963 3420 sunt
971 3397 1008 3442 χχ,
1016 3356 1062 3416 καί
1079 3356 1123 3415 διὰ
1135 3363 1213 3416 τοῦτο
1226 3355 1276 3425 ἔξω
1292 3347 1392 3428 εἷλκον,
1406 3354 1475 3413 ὥστε
1490 3353 1558 3432 μετὰ
1569 3351 1689 3430 πλείονος
1703 3350 1791 3417 ἀδείας

217 3452 330 3530 jamue-
346 3450 481 3512 volebant
495 3449 566 3508 enim
580 3449 659 3509 illum
675 3450 841 3525 interficc1·e;
857 3450 963 3511 ideoso·
979 3455 999 3501 Α
1015 3453 1220 3520 miserescimus.
1234 3447 1387 3521 Ζητούντων
1399 3446 1426 3506 δὲ
1436 3446 1514 3505 αὐτὸν
1525 3448 1696 3517 ἀποκτεῖναι,
1708 3443 1790 3514 ἀνέθη

221 3561 265 3599 ros
281 3540 361 3599 ilium
380 3540 530 3616 trahebant,
548 3554 579 3599 ut
597 3561 658 3599 cum
671 3543 772 3621 majore
786 3540 893 3601 licentia
912 3544 964 3603 hor
1015 3540 1093 3620 φοίσις
1108 3541 1146 3620 τῷ
1159 3539 1293 3620 χιλιάρχῳ
1305 3543 1352 3612 τῆς
1367 3536 1489 3619 σπείρας,
1509 3535 1549 3595 δτι
1564 3535 1612 3609 ύλη
1627 3532 1791 3616 συγκέχυται

221 3633 347 3692 θεαταί.
364 3634 413 3692 51.
432 3634 633 3711 Quaerentibus
645 3646 743 3693 nutem
765 3635 826 3694 iilis
839 3657 904 3695 euin
917 3658 963 3696 oc·
1015 3631 1203 3714 Ἰερουσαλήμ·
1218 3633 1245 3700 ὃς
1267 3630 1377 3704 ἐξαυτῆς
1390 3629 1553 3710 παραλαθὼν
1566 3627 1733 3708 στρατιώτας
1745 3625 1792 3686 καὶ

221 3725 327 3799 cidere,
347 3727 515 3784 nuntiatum
532 3738 575 3784 est
596 3727 712 3785 tribuno
726 3728 863 3799 cohortis,
886 3727 965 3808 quod
1014 3724 1236 3804 ἑκατοντάρχους,
1257 3720 1421 3802 κατέδραμεν
1449 3724 1491 3780 ἐπ’
1505 3720 1604 3788 αὐτούς.
1619 3721 1656 3780 Οἱ
1673 3717 1701 3779 δέ
1718 3717 1790 3778 ίδύν-

221 3829 285 3878 tota
293 3816 521 3899 confunderetur
534 3818 699 3876 Jerusalem
711 3839 719 3874 ι
732 3820 782 3878 ὅθ.
796 3823 848 3899 qui
863 3827 963 3881 statim
1013 3840 1057 3885 τες
1075 3817 1119 3877 τὸν
1133 3815 1273 3899 χιλίαρχον
1293 3815 1338 3874 καλ
1364 3814 1424 3884 τοὺς
1445 3811 1624 3894 στρατιώτας,
1639 3811 1791 3872 ἐπαύσαντο

221 3913 359 3970 assumtis
370 3911 511 3969 militibus
522 3922 549 3968 et
559 3913 776 3970 centurionibus
786 3913 913 3972 decurrit
922 3914 964 3973 ad
1012 3907 1152 3976 τύπτοντες
1161 3906 1206 3967 τὸν
1216 3909 1331 3968 Παῦλον.
1342 3908 1412 3966 Τότε
1423 3905 1552 3986 ἑγγίσαςύ
1563 3905 1718 3987 χιλίαρχος,
1729 3906 1789 3963 έπε-

222 4003 301 4067 ilios.
323 4004 379 4080 Qui
392 4022 460 4060 eum
471 4002 615 4060 vidissent
629 4005 778 4061 tribunum
792 4017 820 4062 et
835 4003 959 4079 milites,
1011 4000 1108 4061 λάύττυ
1120 4003 1212 4075 αὐτοῦ,
1223 4000 1268 4061 καί
1283 3999 1403 4060 ίκέλευσε
1413 4000 1519 4070 δεθῆναι
1533 3995 1643 4056 ἁλύσεσι
1657 3995 1730 4056 δυσί·
1741 3995 1789 4055 καὶ

221 4106 406 4154 cessaverunt
422 4106 570 4173 pereutere
588 4095 730 4156 Paulum.
748 4095 798 4158 53.
817 4098 898 4155 Tunc
911 4117 961 4157 uc-
1011 4092 1182 4163 ίττυνθάνετο,
1195 4091 1235 4159 τίς
1249 4091 1280 4150 ἂν
1294 4091 1335 4164 είη
1349 4090 1395 4150 καί
1409 4090 1435 4149 τί
1449 4094 1505 4150 ἔστι
1521 4087 1684 4159 πεποιηκώς.
1697 4086 1787 4147 Ἄλλοι

221 4187 324 4244 cedens
336 4181 470 4243 tribunus
479 4185 669 4265 apprehendit
677 4205 752 4261 eum,
760 4198 789 4244 et
792 4187 882 4267 jussit
894 4206 961 4247 eum
1013 4183 1040 4244 δί
1061 4183 1129 4244 ἄλλα
1145 4182 1227 4244 idios
1240 4186 1268 4242 tv
1279 4185 1319 4263 τῷ
1331 4182 1413 4264 ὄχλῳ.
1427 4182 1480 4241 Καὶ
1494 4180 1563 4247 τίνος
1578 4180 1665 4240 ἕνεκεν
1680 4179 1787 4258 μέλλων

219 4276 341 4355 albgari
359 4279 471 4335 catenis
493 4275 627 4334 duabus:
642 4289 670 4334 et
679 4279 879 4356 interrogabat
895 4282 962 4358 quis
1013 4276 1089 4336 αὐτὸν
1101 4262 1243 4347 ἐξετάζείν,
1262 4272 1382 4333 ίκέλιυσε
1398 4276 1504 4347 δεθῆναι
1517 4270 1625 4332 ἁλύσεσι
1641 4271 1701 4331 δυσί
1707 4299 1715 4347 ;
1730 4274 1788 4331 ssu-

219 4379 293 4426 σεται
302 4378 331 4425 et
340 4368 412 4446 quid
411 4368 543 4447 jecisset.
557 4368 605 4429 36.
617 4366 686 4425 Alii
699 4380 798 4425 autem
807 4369 894 4427 uliud
900 4371 960 4428 clu·
1014 4367 1207 4452 ρσμυθούμενος
1229 4367 1273 4427 τὸν
1296 4366 1377 4444 θυμὸν
1390 4370 1436 4424 τοῦ
1464 4364 1558 4443 δήμου.
1582 4364 1629 4436 itt,
1643 4365 1788 4443 δυνάμενος

218 4459 343 4516 mebant
354 4461 386 4515 in
396 4456 536 4516 turbo.Et
549 4478 596 4514 cur
615 4456 816 4517 examinaturus
830 4481 890 4520 cum
898 4461 958 4540 jus·
1013 4458 1040 4520 δὲ
1056 4464 1153 4540 γνῶναι
1162 4460 1193 4520 τὸ
1206 4456 1321 4538 ἀσφαλὲς
1335 4457 1378 4517 διὰ
1388 4456 1433 4516 τδν
1444 4457 1565 4538 θόρυύυν,
1585 4455 1707 4516 ἐκέλευσε
1722 4457 1787 4536 άγε-

218 4549 254 4611 sit
264 4548 343 4628 ligari
357 4547 456 4607 catenis
470 4546 603 4606 duabus?
620 4551 659 4609 Ut
670 4549 764 4629 populi
778 4550 896 4610 furorem
905 4553 957 4612 mi-
975 4563 993 4610 Β
1012 4557 1074 4612 σθαι
1088 4551 1166 4611 αὐτὸν
1180 4551 1216 4618 τίς
1229 4549 1277 4623 τῆν
1291 4547 1472 4629 παρερὸολήν.
1487 4547 1556 4608 Ὅτε
1570 4547 1597 4607 δὲ
1616 4548 1721 4628 ἐγένετο
1742 4547 1787 4608 ἐπὶ

217 4642 324 4722 tigaret.
336 4644 378 4701 Et
396 4660 461 4699 cum
473 4660 532 4698 non
544 4652 640 4719 posset
660 4653 772 4699 certum
785 4662 957 4722 cognoscere
1010 4641 1069 4711 τοὺς
1081 4639 1262 4720 άναύαθμοίις,
1274 4639 1369 4712 συνέίη
1384 4640 1559 4719 βαστάζεσθαι
1574 4639 1651 4699 αὐτὸν
1665 4641 1718 4701 ὑπὸ
1733 4646 1786 4702 τῶν

214 4734 418 4815 proetumuitu,
430 4734 521 4814 jussit
534 4733 601 4797 draci
611 4752 677 4790 eum
691 4735 723 4790 in
734 4746 839 4793 castro.
853 4737 903 4798 55.
914 4739 954 4796 Et
1011 4740 1178 4817 στρατιωτῶν
1193 4733 1236 4793 διὰ
1247 4731 1295 4804 τὴν
1308 4732 1367 4812 βίαν
1380 4737 1426 4792 τοῦ
1439 4731 1532 4812 ὄχλου·
1542 4730 1682 4803 ἠκολούθει
1695 4732 1747 4814 γίιρ
1756 4735 1788 4794 τδ

215 4846 282 4887 cum
291 4830 419 4887 venisset
433 4825 474 4883 ad
485 4823 606 4903 gradus,
618 4827 765 4904 contingit
778 4839 811 4884 nt
821 4839 953 4906 portare·
1008 4830 1107 4899 πλῆθος
1118 4831 1163 4886 τοῦ
1173 4828 1239 4885 λαοῦ
1255 4824 1366 4904 κράζον,
1391 4815 1449 4904 αἶρε
1461 4823 1547 4883 αὐτόν.
1562 4822 1599 4881 Τί
1608 4821 1704 4903 ξέστιν,
1720 4816 1786 4905 Αἶρε

215 4934 291 4978 tura
301 4919 443 4979 militibus
452 4928 570 4998 propter
582 4920 645 4975 cim
656 4919 757 4997 populi
769 4941 778 4974 .·
789 4920 838 4978 56.
852 4939 954 5001 seque-
1008 4917 1098 4991 αὐτόν,
1118 4917 1197 4985 Ἔθυς
1211 4908 1243 4988 ἧν
1256 4915 1392 4983 Ἰουδαίοις
1407 4918 1466 4975 καθ’
1484 4907 1520 4974 ὧν
1549 4914 1580 4974 ἂν
1605 4916 1785 4996 ἀπεφαίνοντο

215 5014 301 5071 batur
315 5015 391 5069 enim
409 5008 565 5068 multitudo
575 5008 686 5088 populi,
706 5008 853 5070 clamans:
870 5011 953 5072 Tolle
1005 5016 1082 5072 τοῦτο
1091 5009 1189 5089 λέγειν,
1207 5012 1243 5076 ὡς
1252 5007 1298 5068 καλ
1311 5008 1355 5067 ini
1366 5013 1411 5068 τοῦ
1424 5008 1539 5087 Χριστοῦ
1556 5007 1586 5067 τὸ
1601 5008 1665 5068 αὐτὸ
1675 5008 1783 5088 φαίνον-
