3728 5978
131 440 201 536 734

130 586 182 645 tibi
197 605 297 666 pennas
307 584 417 663 innasci,
432 600 463 645 ut
477 607 510 645 ne
520 606 601 668 super
611 600 708 645 terram
719 585 872 645 incederes:

132 677 222 737 lorsan
235 691 261 735 et
274 676 430 757 prodigium
450 698 505 737 esse
519 678 604 758 cupis.
627 681 688 739 Jam
703 699 768 737 vero
785 696 874 736 annon

471 463 500 510 S.
529 460 667 512 sotanis
693 462 874 511 CHRYSOST.
904 458 1058 508 ARCHIEP.
1088 457 1355 511 coasranntn'on.

928 582 1043 655 ἔνδοθεν,
1059 581 1104 642 καλ
1125 583 1292 663 φλεγμαίνων
1314 582 1460 657 πάντοθεν;
1480 581 1520 642 Τί
1543 580 1574 640 σί
1594 582 1702 655 καλέσω,

928 672 973 732 καλ
992 674 1095 732 καθελῶ
1117 696 1163 733 σου
1180 674 1229 745 τὴν
1243 673 1385 748 ἀπύνοιαν;
1399 672 1467 733 ι’Ἂν
1482 675 1555 733 είπω
1569 697 1601 734 σε
1614 674 1703 752 τέφραν

131 782 159 828 te
173 767 330 849 prodigium
345 769 467 847 effecisti,
488 768 564 846 dnm,
580 769 662 829 homo
682 769 805 845 mmsis,
822 788 874 827 vo·
892 775 911 822 Ε
929 764 973 824 καί
987 764 1058 824 κόνιν
1072 765 1118 823 καί
1134 765 1234 825 καπνόν
1254 766 1300 825 καί
1314 767 1463 847 κονιορτὸν,
1488 757 1567 825 εἶπον
1592 765 1640 844 μὲν
1661 767 1703 836 την

131 859 188 919 lare
197 873 283 918 tentas
293 860 306 918 ἀ
318 860 372 918 imo
384 882 447 919 vero
457 860 524 920 dum
536 875 624 920 mente
635 861 710 922 volas
721 875 746 920 et
756 859 875 938 undique

131 973 257 1012 accensus
272 951 321 1012 es?
334 952 387 1024 Qui
402 967 428 1012 te
439 953 553 1030 vocabo,
562 967 592 1012 ut
605 949 785 1032 arrogantiam
799 966 874 1010 tuam

91 1086 93 1090 ι
131 1043 313 1124 dejiciam?Si
321 1057 349 1103 te
355 1044 470 1103 cinerem
481 1043 582 1119 dicam,
595 1045 742 1126 pulverem,
754 1045 872 1120 firmum,

71 1136 78 1153 ¹
129 1135 229 1208 lutum,
256 1136 390 1196 vilitatem
413 1136 523 1215 quidem
544 1137 616 1214 dixi,
643 1137 758 1196 necdum
783 1151 872 1199 tamen

129 1226 276 1306 imaginem
290 1239 376 1306 quam
389 1227 515 1305 volebam
530 1227 607 1306 attigi
622 1252 628 1283 ι
641 1249 704 1286 nam
718 1241 744 1286 et
761 1227 870 1286 inllam-

129 1317 275 1376 mationem
290 1332 317 1377 et
330 1319 490 1378 vacuitatem
504 1319 585 1378 simul
599 1332 682 1377 totam
698 1319 806 1377 illorum
820 1318 871 1377 de-

128 1406 239 1488 pingere
258 1408 331 1469 volo.
351 1410 440 1482 Quam
459 1431 522 1490 ergo
544 1410 688 1488 imaginem
707 1410 871 1490 reperiamus

128 1498 164 1558 iis
177 1502 388 1581 congruentem?
405 1501 541 1562 Videntur
559 1500 628 1559 mihi
642 1501 755 1561 incense
767 1515 873 1582 stuppae

128 1589 230 1650 similes
246 1613 311 1651 csse.
328 1594 398 1651 Nam
411 1606 510 1673 stuppa
522 1592 631 1652 videtur
646 1605 706 1672 post
724 1592 872 1651 immissam

929 856 1075 931 εὐτελειαν,
1087 855 1189 916 οὐδέπω
1206 856 1234 915 δὲ
1249 856 1366 937 ἀκριόῶς
1387 863 1435 929 τῆς
1455 856 1562 923 εἰκόνος
1583 857 1703 916 ἐπελαθό-

929 971 981 1025 μην
995 939 1027 1020 ἧς
1041 948 1188 1025 έόουλόμην
1201 971 1208 985 ·
1222 947 1268 1007 καί
1285 947 1336 1029 γὰρ
1348 948 1394 1007 καλ
1413 947 1466 1020 τὴν
1486 947 1642 1028 φλεγμονὴν
1664 950 1703 1006 καί

927 1040 958 1100 τὸ
983 1039 1102 1100 διάκενον
1130 1043 1215 1099 αὐτῶν
1242 1039 1313 1098 άπαν
1345 1045 1523 1119 παραστῆσαι
1566 1040 1701 1119 βούλομαι.

928 1131 1012 1190 Ποίαν
1033 1121 1078 1189 οὐν
1098 1129 1129 1188 ἀν
1152 1130 1273 1210 εὕροιμεν
1292 1129 1393 1198 τούτοις
1413 1131 1505 1190 εἰκόνα
1523 1131 1702 1212 ἁρμόζουσαη

926 1222 1006 1294 Ἐμοί
1020 1223 1124 1281 δοκοῦσι
1138 1220 1254 1301 στυπείῳ
1264 1226 1275 1252 ‘
1285 1221 1495 1302 καταφλεχθέντι
1511 1223 1701 1302 προσεοικέναι.

926 1313 980 1375 Καὶ
995 1312 1046 1393 γάρ
1058 1314 1142 1372 έκεῖνο
1155 1313 1226 1372 δοκεῖ
1236 1312 1304 1391 μετὰ
1317 1313 1361 1372 τόν
1376 1314 1541 1394 ἐμπρησμὸν
1554 1315 1649 1386 οἰδεῖν,
1660 1315 1701 1372 καί

926 1402 1184 1487 θπερανεστηκέναι·
1201 1403 1298 1483 μικράν
1313 1401 1340 1462 δὲ
1353 1403 1443 1484 χειρός
1457 1403 1531 1484 ἀρὴν
1547 1410 1701 1482 ὑπομεῖναν,

927 1495 1076 1577 κατηνέχθη
1088 1519 1117 1554 τε
1130 1495 1218 1570 άπαν,
1233 1497 1278 1555 καλ
1288 1495 1386 1577 τέφρας
1400 1496 1510 1567 ἁπάσης
1523 1496 1701 1578 αὐτελέστερον

927 1589 1020 1669 ἐφάνη.
1036 1590 1165 1647 Τοιαῦται
1185 1586 1344 1647 καὶτούτων
1363 1592 1391 1646 αῖ
1406 1587 1515 1667 ψυχαί·
1528 1587 1564 1646 τύ
1584 1586 1636 1668 γάρ
1659 1588 1701 1668 qt»

127 1681 265 1742 dammam
280 1684 368 1742 iullari
382 1698 408 1742 et
422 1683 531 1742 extendi
544 1706 550 1741 :
562 1683 586 1741 si
601 1704 666 1742 vero
679 1683 775 1743 leviter
790 1705 870 1743 manu
882 1727 918 1766 m
928 1704 1003 1758 σημα
1016 1677 1143 1738 αὐτῶντὸ
1154 1677 1271 1738 διάκενον
1285 1678 1358 1750 καὶὴ
1371 1685 1492 1758 τυχοῦσα
1504 1679 1648 1759 προσίολδ,
1663 1681 1700 1737 δυ-

128 1785 265 1850 tangatur,
291 1786 346 1831 tota
360 1772 473 1848 decidit,
495 1786 522 1831 et
540 1773 628 1831 cinere
648 1773 731 1832 vilior
747 1788 869 1855 apparet.
889 1783 910 1828 Α
926 1772 1033 1844 νήσεται
1044 1775 1208 1829 ταπεινῶσαι
1218 1769 1264 1828 καί
1276 1772 1404 1829 καθελεῖν.
1417 1770 1475 1830 Τὸν
1489 1770 1547 1851 γάρ
1564 1775 1701 1841 ἀπονενοη-

128 1862 210 1921 Tales
225 1876 287 1922 sunt
300 1863 412 1922 illorum
429 1864 525 1924 animae
539 1888 545 1921 ι
557 1884 655 1925 vanam
674 1866 746 1923 enirn
761 1864 871 1925 illenim
927 1861 1005 1940 μόνον
1017 1861 1119 1940 ἀνάγκη
1135 1861 1240 1928 πάντως
1252 1861 1298 1920 καί
1313 1863 1409 1932 ἀσθενῆ
1423 1884 1486 1920 τινα
1506 1851 1580 1920 εἶναι
1592 1884 1600 1898 ·
1613 1864 1643 1920 οὐ
1655 1862 1701 1943 γάρ

128 1953 301 2031 inflationem,
316 1955 358 2016 vel
370 1955 438 2016 levis
448 1968 586 2017 contactus
595 1954 711 2036 dejicere
724 1957 871 2035 tollereque

126 2041 234 2124 poterit.
255 2045 432 2122 derogantem
444 2043 516 2103 enim
533 2064 637 2103 neeesse
653 2057 692 2102 est
705 2044 814 2104 omnino
826 2045 870 2104 in-

126 2132 238 2195 firmum
250 2155 306 2193 esse
319 2158 325 2191 ι
338 2133 453 2193 altitudo
466 2135 538 2194 enim
549 2134 596 2193 illa
609 2135 778 2196 nullomodo
791 2137 869 2196 firma

125 2239 181 2303 αντ,
202 2225 253 2286 sed
265 2226 350 2286 veluti
364 2225 447 2285 butte
459 2248 589 2306 aquarum
604 2226 683 2286 heile
694 2242 868 2308 rumpuntur,

125 2317 164 2378 ita
189 2331 216 2379 et
236 2317 265 2377 hi
293 2319 371 2378 facile
397 2332 517 2399 pereunt.
543 2319 574 2379 si
600 2338 743 2381 veronen
764 2319 866 2391 credas,

123 2408 162 2470 da
171 2408 240 2468 milri
253 2408 383 2470 arrdaeem
393 2409 476 2468 talem
488 2422 515 2468 et
526 2422 707 2488 arrogantem,
723 2423 749 2467 et
762 2408 869 2470 videbis

125 2499 209 2560 illum
230 2501 275 2559 vel
299 2522 334 2559 ex
361 2500 459 2562 leviori
483 2499 556 2558 casu'
575 2500 720 2559 decussum
743 2500 868 2578 facilius,

56 2656 60 2661 ,
125 2611 208 2670 qnam
221 2590 245 2651 is
257 2591 304 2669 qui
316 2591 371 2651 ruit
381 2591 410 2650 in
423 2605 531 2651 terram.
547 2590 787 2666 Quemadmodum
795 2592 868 2652 enim

925 1958 982 2012 ίστι
994 1953 1024 2013 τό
1038 1951 1102 2033 θρος
1117 1950 1200 2031 ὑγιὲς,
1217 1951 1377 2031 ἀλλ’ώσπερ
1391 1956 1419 2012 αἱ
1437 1951 1615 2032 πομφόλυγες
1632 1953 1700 2012 εὐκό-

924 2044 978 2110 λως
1000 2042 1155 2124 ῥήγνυνται,
1176 2042 1246 2103 ούτω
1259 2043 1305 2104 καλ
1321 2035 1393 2103 οὗτοι
1415 2043 1514 2126 ῥαδίως
1530 2044 1699 2105 ἀπόλλυνται.

924 2136 959 2194 Et
974 2134 1002 2194 li
1016 2137 1153 2209 ἀπιστεῖς,
1166 2132 1208 2202 δός
1227 2160 1271 2215 μοι
1285 2133 1382 2215 θρασύν
1406 2134 1453 2194 καί
1477 2135 1700 2212 ἀπονενοημένοι,

922 2226 968 2286 καλ
991 2227 1160 2295 πεπτωκότος
1182 2227 1326 2307 δειλότερον
1345 2227 1405 2308 άρει
1423 2227 1568 2308 γινόμενον
1589 2228 1700 2311 καλ-ἀπὸ

922 2322 970 2390 τῆς
981 2317 1112 2399 τυχούσης
1132 2318 1320 2398 περιστάσεως.
1337 2318 1444 2398 Ὥσπερ
1457 2318 1512 2397 γάρ
1532 2324 1557 2390 ἡ
1576 2319 1627 2397 μὲν
1650 2320 1699 2378 ἀπὸ

922 2409 1059 2490 φρυγάνων
1075 2409 1202 2491 αἷρομένη
1218 2407 1282 2490 φλόξ
1295 2413 1361 2486 όμοῗι
1380 2431 1409 2467 τε
1427 2409 1555 2489 ἀνήφθη,
1573 2411 1620 2470 καὶ
1633 2411 1700 2475 κόνις

923 2501 1073 2579 ἐγένετο,ἡ
1096 2501 1124 2560 δὲ
1138 2505 1208 2560 ιτῶν
1230 2505 1344 2580 στερεῶν
1358 2499 1440 2568 ξύλων
1456 2500 1538 2581 φύσις
1560 2503 1622 2562 οὐτε
1645 2502 1699 2571 ἐξά-

922 2615 1016 2652 πτεται
1030 2592 1139 2676 ῥαδίως,
1153 2593 1198 2652 καλ
1213 2592 1256 2652 ἐπὶ
1270 2591 1337 2653 πολύ
1351 2595 1471 2674 διατηρεῖ
1487 2595 1642 2674 καιομένην
1655 2594 1701 2666 τὴν

79 2734 83 2739 ,
123 2683 233 2745 llamma
246 2681 293 2743 illa
310 2705 369 2764 quae
382 2705 417 2744 ex
430 2683 559 2764 virgultis
573 2683 671 2757 oritur,
684 2682 776 2743 statim
789 2696 872 2762 atque
886 2694 904 2741 B
921 2682 1025 2764 φλόγα·
1040 2682 1109 2744 otro
1122 2684 1168 2744 καλ
1182 2689 1210 2744 αἱ
1220 2685 1304 2766 ψυχαί
1318 2689 1346 2745 αἱ
1358 2683 1407 2763 μὲν
1420 2685 1533 2765 στερῥαλ
1555 2685 1603 2744 καὶ
1619 2686 1700 2765 βεῦη-

123 2795 233 2837 aeoensa
247 2775 309 2850 luit,
325 2775 354 2835 in
368 2776 485 2836 cinerem
499 2775 630 2847 vertitur;
652 2773 741 2834 solida
752 2795 817 2836 vero
828 2775 866 2834 li-

123 2889 176 2947 gna
198 2891 246 2930 neo
267 2870 346 2930 facile
361 2868 552 2946 incenduntur,
588 2881 614 2927 et
640 2868 726 2927 multo
748 2881 868 2948 tempore

97 3019 100 3023 ,
122 2962 261 3025 flamm
276 2975 384 3024 servant
396 2985 403 3019 a
415 2962 455 3022 sic
468 2976 494 3021 et
505 2961 601 3020 animae
614 2959 749 3020 firmiores
767 2974 793 3019 ct
805 2982 867 3041 per·

122 3055 314 3114 severantiores
332 3076 385 3114 nou
399 3055 479 3114 facile
497 3054 678 3114 incenduntur
694 3054 740 3115 rel
764 3055 867 3114 exstin-

122 3160 252 3225 guuntur.
271 3147 307 3206 Hi
321 3169 385 3208 vero
404 3148 454 3206 hoc
466 3161 612 3225 utrumque
629 3147 656 3220 in
671 3167 725 3206 uno
738 3147 866 3228 temporis

122 3253 256 3299 momento
266 3240 415 3322 patiuntur.
431 3240 493 3298 Haec
505 3261 567 3299 cum
581 3240 708 3317 sciamus,
722 3240 866 3300 humilita-

121 3345 176 3391 tem
198 3353 389 3391 exerceamus:
402 3332 473 3391 nihil
494 3332 565 3391 enim
585 3331 632 3390 illa
651 3332 805 3411 potentius;
826 3347 865 3392 est

121 3423 194 3480 enim
213 3436 240 3482 et
260 3436 337 3502 petra
351 3422 446 3481 fortior
459 3436 485 3481 et
498 3420 641 3482 adamante
659 3422 773 3495 firmior,
790 3437 816 3481 et
837 3423 865 3482 in

122 3511 219 3592 majori
237 3533 285 3569 nos
300 3513 442 3570 securitate
453 3513 574 3583 collocat,
587 3533 668 3589 quam
682 3526 769 3570 turres
781 3527 807 3571 et
818 3535 865 3571 ur·

63 3622 70 3637 ·
120 3601 169 3661 bes
189 3615 215 3661 et
239 3601 322 3677 muri,
342 3601 469 3661 omnibus
486 3600 590 3660 diaboli
611 3601 744 3660 machinis
762 3602 863 3662 altior:

921 2783 1003 2846 κυῖαι,
1016 2779 1064 2836 οὐκ
1082 2776 1194 2844 εὐκόλως
1209 2775 1269 2836 οὐτε
1284 2775 1433 2837 ἐκκαίονται
1451 2776 1512 2836 οὐτε
1524 2777 1701 2838 σθέννυνται·

921 2858 991 2926 οὗτοι
1006 2867 1034 2929 δέ
1052 2866 1189 2948 ἀμφότερα
1207 2875 1295 2927 ταῦτα
1307 2872 1335 2928 ἐν
1358 2879 1408 2949 μιᾷ
1432 2872 1528 2948 καιροῦ
1553 2872 1626 2950 iffi
1646 2869 1701 2928 πά-

921 2982 1024 3041 σχουσι.
1050 2962 1133 3021 Ταῦτ’
1163 2951 1209 3019 οὐν
1237 2960 1349 3034 εἰδότες,
1374 2962 1422 3032 την
1451 2961 1701 3042 ταπεινοφροσύνην

921 3055 1055 3132 ἀσκῶμεν.
1073 3050 1160 3112 Οὐδὲν
1180 3051 1232 3134 γάρ
1246 3055 1325 3123 αὐτῆς
1344 3051 1541 3134 δυνατώτερον,
1560 3053 1635 3113 ἀλλά
1656 3055 1700 3113 καί

920 3143 1019 3224 πάτρας
1037 3141 1196 3223 ἰσχυροτέρα
1204 3185 1213 3215 ,
1236 3142 1281 3201 καί
1295 3142 1443 3222 ἀδάμαντος
1457 3144 1643 3225 στεῤῥοτέρα,
1656 3145 1700 3203 καί

919 3235 1026 3318 πύργων
1042 3235 1087 3294 καὶ
1097 3235 1199 3295 πολεων
1213 3236 1259 3294 καί
1273 3235 1376 3316 τείχους
1388 3239 1414 3295 ἕν
1426 3236 1525 3314 μείζονι
1540 3238 1700 3309 καθίστησιν

918 3333 989 3405 ἡμᾶς
1001 3324 1141 3409 ἀσφαλείᾳ,
1155 3327 1262 3387 πάντων
1274 3327 1423 3407 ὑψηλοτέρα
1436 3328 1569 3406 γενομένη
1584 3335 1641 3388 τῶν
1656 3334 1700 3388 τοῦ

919 3420 1042 3479 διαύόλου
1066 3420 1288 3500 μηχανημάτων·
1304 3419 1395 3500 ὥσπερ
1415 3411 1459 3478 οὐν
1478 3423 1495 3490 ἡ
1517 3421 1637 3481 ἀπόνοια
1657 3423 1700 3481 καὶ

918 3520 973 3579 τοῖς
980 3516 1104 3592 τυχοῦσιν
1118 3510 1288 3593 εὐχειρώτους
1304 3520 1390 3584 ποιεῖ,
1405 3513 1592 3593 πομφόλυγος,
1609 3515 1700 3592 ὥσπερ

919 3605 1000 3685 ἔφην,
1010 3603 1184 3683 εὐκολώτερον
1201 3604 1368 3684 ῥηγνυμένη,
1385 3604 1429 3664 καί
1444 3605 1567 3684 ἀράχνης
1580 3605 1700 3686 ταχύτε-

120 3715 184 3753 eum
214 3708 306 3754 eontra
332 3694 485 3775 arrogantia
514 3693 680 3773 quibuslibet
704 3715 752 3753 nos
785 3709 865 3776 captu
883 3714 901 3763 c
920 3719 963 3776 ρον
979 3695 1138 3776 σχιζομένη,
1158 3695 1204 3755 καί
1222 3700 1323 3755 καπνοῦ
1342 3695 1636 3775 θᾶττονδιαλυομένη.
1651 3697 1700 3756 Ἵν’

118 3787 212 3846 faciles
225 3786 329 3862 reddat,
344 3809 404 3867 quae
414 3788 491 3847 bulla
502 3809 588 3866 aquea
600 3787 730 3865 qualibet,
749 3801 780 3845 ut
794 3788 865 3867 dixi,

918 3779 962 3847 οὐν
974 3787 1018 3845 lael
1033 3790 1081 3857 τῆς
1102 3790 1211 3866 στερῥῦις
1226 3787 1326 3866 πέτρας
1344 3777 1416 3865 ῶμεν
1439 3786 1604 3865 βεόηκότες,
1630 3788 1700 3848 ἐκεί-

118 3878 225 3939 lacilins
235 3880 382 3960 rumpitur,
399 3893 539 3940 metaneae
554 3879 607 3938 tela
624 3879 704 3938 citius
719 3880 863 3960 scinditur,
918 3902 964 3949 νην
980 3878 1100 3958 ἀφέντες,
1113 3875 1212 3949 ταύτην
1235 3878 1365 3958 ἑλώμεθα.
1380 3878 1461 3938 Oileos
1479 3877 1534 3958 γάρ
1556 3879 1605 3938 καί
1621 3883 1651 3938 ἐν
1664 3886 1701 3961 ·ῷ

120 3984 146 4031 et
155 3972 231 4031 fumo
240 3972 359 4034 velocius
371 3973 497 4033 solvitur.
511 3973 550 4032 Ut
561 3971 644 4051 igitur
655 3972 682 4031 in
693 3972 779 4032 solida
789 3988 864 4054 petra
917 3969 1028 4051 παρόντι
1053 3970 1103 4051 βίῳ
1127 3969 1275 4029 ἀνάπαυσιν
1301 3971 1460 4049 εὑρήσομεν,
1482 3970 1531 4030 καί
1555 3972 1631 4032 κατὰ
1657 3975 1701 4033 τὸν

118 4062 286 4138 incedamus,
304 4064 351 4124 illa
365 4064 468 4137 relicta,
479 4062 715 4144 hancdiligamus.
736 4065 782 4125 Sic
793 4065 865 4124 enim
918 4064 1049 4142 μέλλοντα
1067 4065 1150 4121 αἰῶνα
1171 4062 1277 4122 πάντων
1303 4062 1487 4140 ἀπολαύσομεν
1501 4068 1559 4123 τῶν
1580 4069 1703 4144 ἀγαθῶν,

118 4168 144 4213 et
157 4154 322 4236 inpraesenti
341 4157 439 4215 saeculo
458 4156 577 4234 requiem
593 4155 770 4231 inveniemus,
794 4157 863 4215 etin

117 4245 210 4303 futuro
236 4246 363 4304 omnibus
380 4248 502 4306 fruemur
523 4245 612 4324 bonis,
632 4247 719 4327 gratia
737 4261 763 4307 et
787 4246 862 4308 beni·

119 4347 230 4414 gerute,
247 4348 297 4395 etc.

151 4515 162 4548 ί
179 4515 227 4582 [ἄν
238 4517 357 4566 οαιὶειιυαι
370 4518 394 4567 ἰιτ
404 4520 432 4567 Α.
441 4521 477 4569 Ac
499 4519 609 4571 deletum
628 4522 732 4574 noluisse
757 4523 882 4574 Montlau·

118 4610 220 4660 conum,
234 4594 339 4646 fortasse
351 4595 409 4650 llas.
420 4614 523 4648 suorum
534 4603 694 4665 auctoritate,
707 4603 838 4667 suspiceris
852 4620 881 4653 ex

118 4671 195 4738 ipsius
212 4675 434 4741 interpretatione,
448 4675 496 4725 An
515 4688 537 4726 te
553 4677 696 4733 οι”νιιινοι...·
709 4692 735 4729 et
753 4679 824 4747 signe
844 4683 880 4732 in-

119 4750 262 4819 terrogandi
275 4764 332 4818 post
356 4765 469 4826 κονιορτόν
487 4757 579 4821 posito.
603 4755 652 4807 Sed
669 4769 772 4824 praestat
802 4757 879 4809 altera

916 4153 1008 4234 χάριτι
1021 4153 1066 4214 καλ
1080 4154 1277 4242 φιλανθρωπία,
1288 4153 1333 4214 καί
1347 4154 1381 4214 τά
1393 4154 1461 4228 ἑξῆς.

932 4526 1021 4590 ratim]

964 4615 974 4637 '
990 4606 1036 4669 [Α.
1047 4612 1217 4673 καταρλεγόντι.
1227 4607 1260 4656 Et
1272 4605 1379 4660 infraeni
1391 4615 1435 4678 γὰρ
1445 4615 1516 4662 laeua
1524 4613 1657 4665 δοκοῦν....
1672 4622 1712 4668 καί

930 4688 1203 4755 θιανεστηκίναι,μικρὰν
1212 4709 1237 4750 χ.
1250 4693 1289 4754 alp.
1304 4694 1331 4737 ἀν
1346 4687 1477 4753 tropeien]

964 4777 974 4799 ¹
992 4761 1062 4811 Uutts
1073 4760 1137 4811 Cocl.
1155 4776 1199 4814 τῶν
1211 4770 1311 4831 στιρῥῶν
1321 4768 1399 4823 ξύλων.
