3728 5978
508 410 542 457 ιιι
571 410 659 457 εστι
685 406 944 457 ινοατοιοιιυιι.
973 405 1095 452 ιιοιιιι.
1124 406 1172 454 ιιι.
1584 384 1629 456 35

56 539 113 616 παρ’
128 537 252 616 ἐχθρῶν,
278 535 344 614 παρ’
361 531 481 607 οἰκείοιν,
505 533 569 612 παρ’
584 530 739 612 άλλοιρίιον.
763 528 836 611 Οδχλ
888 527 932 586 bis
941 540 981 586 est
990 527 1149 608 Imperatori
1159 527 1284 590 subditus
1291 528 1355 605 ;hic
1363 550 1427 591 vero
1437 550 1520 590 unam
1528 544 1633 591 tantum

56 630 98 697 τῆς
111 626 273 704 οἰκουμένης
288 630 305 685 θ
326 623 472 704 βασιλεύων
485 633 591 704 κρατεῖ·
605 613 679 690 οὗτος
692 621 721 682 δδ
733 621 835 690 πάλιοις
889 617 1026 678 civitatem
1038 618 1128 698 regit?
1138 621 1172 677 At
1192 633 1266 680 tanto
1280 620 1395 703 majores
1407 635 1470 680 sunt
1480 622 1563 702 hujus
1576 622 1631 682 sol·

57 720 144 796 μὼηςς
158 716 244 778 Ἀλλὰ
257 723 384 778 τοσοῦτον
396 715 499 795 μείζους
514 714 580 774 εἰσιν
596 717 624 774 αθ
637 711 835 796 φροντίδεςτοό-
888 707 1052 786 licitudines,
1065 723 1165 789 quanto
1180 711 1267 790 trtajus
1286 724 1325 770 est
1351 711 1463 792 pelagus
1483 726 1589 772 tumens
1601 734 1634 773 ae

54 834 108 883 τοο,
119 810 182 870 δσσν
203 811 304 876 θδατος
321 810 412 875 ἁπλῶς
431 808 484 868 θπδ
505 805 655 884 πνεύματος
681 803 834 883 κινουμένοι
890 801 981 860 furens
991 821 1060 879 aqua
1076 800 1205 860 fluminis.
1225 803 1315 875 Quam
1329 801 1437 862 tandem
1453 803 1489 862 ob
1502 803 1635 862 causam?

55 902 198 980 Μμίω,
224 902 276 962 „t
295 901 428 979 ῃλάφως
447 900 590 972 ottone«,
607 898 653 959 ναὶ
677 895 835 977 μοινομίιῖου
891 891 964 966 Quia
981 892 1041 951 illic
1054 892 1135 952 multi
1153 907 1215 953 sunt
1231 893 1358 971 ministri,
1382 895 1524 975 omniaque
1537 897 1596 977 lege
1608 911 1636 958 et

55 993 281 1076 εδδιόφορσα.Τί
293 992 407 1066 δήποτε,
418 990 487 1053 Ὅτι
496 992 550 1051 ἐκεῖ
566 988 613 1070 μὲν
627 989 720 1050 πολλοί
735 990 760 1049 οί
771 1013 835 1050 συν·
891 982 1018 1043 mandato
1037 999 1212 1066 peraguntum
1237 985 1282 1047 hie
1300 1006 1366 1046 vero
1383 1007 1436 1046 uun
1453 987 1535 1059 item:
1550 1010 1641 1068 neque

55 1088 316 1167 σνειλαμάανάμενοι
328 1085 434 1164 (πάντα
445 1082 499 1165 rip
511 1081 584 1164 νάμφι
597 1081 643 1142 καλ
662 1079 778 1150 διατάξει
796 1080 836 1161 γί-
891 1074 963 1134 enim
973 1075 1035 1136 licet
1047 1098 1081 1135 ex
1094 1076 1253 1136 auctoritate
1264 1078 1424 1159 praecipere;
1435 1101 1531 1140 verum
1542 1081 1565 1139 si
1580 1081 1632 1142 ad·

55 1180 156 1259 νεται)·
183 1183 304 1239 ἐνταῦθα
325 1176 443 1237 δίοδδδν
460 1180 591 1249 τοιοῦτον,
608 1173 667 1234 atet
681 1176 746 1232 ‘dr’
761 1171 837 1242 ἐξου-
891 1167 1005 1227 modum
1019 1183 1231 1246 commoveatur,
1243 1169 1360 1230 crudelis
1373 1170 1464 1248 audit;
1474 1170 1516 1230 sin
1527 1194 1633 1252 parum,
1748 1158 1753 1167 ⁸

58 1269 108 1336 ααε
128 1270 204 1330 ἔστιν
220 1268 364 1337 ἐπιτάξαι·
383 1269 443 1327 ἀλλ’
464 1267 496 1326 ἂν
520 1264 568 1345 μὲν
593 1265 712 1347 σφοδρῶς
727 1269 836 1344 κινηθῇ,
891 1261 1008 1342 frigidus
1021 1263 1130 1323 dieitur.
1156 1265 1270 1345 Oportet
1288 1278 1379 1325 autem
1392 1265 1516 1325 hacduo
1530 1282 1636 1328 eontra-

59 1361 242 1441 ίκσίτιάνμός·
258 1360 293 1420 διν
308 1358 385 1439 δόμελ
399 1361 531 1440 σφοδρῶς,
541 1356 649 1439 ψυχρός
656 1360 703 1416 Δεῖ
715 1355 743 1417 δί
754 1364 838 1418 ταῦτα
891 1352 932 1412 ria
947 1375 1112 1430 concurrere,
1127 1355 1163 1415 ita
1185 1369 1216 1414 ut
1231 1376 1279 1414 nee
1299 1369 1457 1433 oontemtus,
1478 1377 1526 1416 nee
1542 1359 1636 1418 odium

61 1454 89 1510 τί
105 1454 211 1514 ἐναντία
235 1456 389 1525 συνελθεῖν,
416 1451 486 1512 ὥστε
515 1449 583 1528 μήτε
600 1454 837 1531 καταφρονεῖσθαι,
854 1459 873 1506 1)
891 1446 1031 1506 excitetur.
1043 1446 1172 1526 Alioquin
1181 1468 1246 1508 vero
1256 1447 1313 1529 ipsa
1321 1449 1427 1528 negotia
1436 1443 1634 1532 praeoccupant.

62 1546 117 1625 μήτε
130 1552 283 1624 μισεῖσθαι.
295 1544 399 1612 Ἄλλος
418 1542 446 1603 δὲ
459 1542 506 1602 καλ
518 1541 553 1601 τὰ
566 1541 712 1624 πράγματα
735 1564 837 1623 προκα-
890 1538 1090 1612 Quothumines
1100 1539 1637 1621 cogituroffeudere,velituolitiinquot

61 1641 199 1710 τείληπται.
232 1636 345 1704 Πόσους
375 1634 553 1714 ἀναγκάζεται
572 1632 764 1706 σκανδαλίζειν,
790 1625 836 1692 καί
889 1632 957 1693 alios
967 1633 1068 1694 invitus
1081 1654 1174 1714 aspere
1187 1634 1284 1713 agere?
1298 1634 1360 1694 Non
1370 1634 1424 1694 alio
1438 1632 1518 1694 modu
1527 1635 1635 1714 loquor,

61 1731 114 1790 δῶν
126 1732 175 1790 καὶ
188 1729 283 1800 σὀιοινς
294 1727 396 1794 πόσους
405 1726 548 1800 πλήττειν,
562 1723 607 1785 καλ
617 1722 684 1784 ἑκὼν
696 1725 741 1784 καί
750 1724 835 1796 άκοιν;
889 1747 971 1805 quam
984 1740 1014 1785 ut
1028 1727 1140 1786 affectus
1155 1748 1225 1786 sum.
1243 1728 1303 1787 Non
1317 1727 1417 1787 multos
1431 1742 1498 1808 puto
1508 1727 1634 1788 sacerdo-

61 1824 203 1890 θθεάλλνις
213 1821 308 1900 λέγει,
325 1821 386 1878 ἀλλ’
396 1822 433 1886 ὡς
444 1817 500 1897 ἔχοι
510 1815 557 1876 καλ
569 1815 714 1894 διάκειμαι.
727 1817 787 1876 Οὐκ
798 1805 836 1875 οἶ·
887 1830 927 1876 tes
951 1818 1040 1878 salvos
1059 1817 1130 1895 fieri,
1145 1818 1192 1878 sed
1205 1819 1285 1899 longe
1298 1820 1390 1901 plures
1405 1819 1503 1901 perire,
1515 1840 1568 1878 non
1582 1818 1636 1878 alia

61 1939 99 1991 μαι
110 1904 178 1974 εἶναι
193 1910 321 1981 πολλοὺς
337 1915 364 1971 ίν
380 1917 435 1975 τοῖς
452 1913 551 1988 ἱερεῦσι
573 1905 634 1974 τοδς
657 1906 833 1986 σωζομένους,
887 1907 922 1969 de
936 1930 1027 1988 eausa,
1051 1930 1133 1989 quam
1147 1909 1223 1989 quod
1235 1932 1279 1970 res
1293 1931 1422 1990 magnum
1436 1911 1555 1993 postulet
1575 1911 1634 1970 ani-

60 2007 114 2066 άλλλ
128 2008 224 2085 πολλῷ
247 2002 363 2069 πλείους
382 1999 442 2067 τοὺς
458 1997 667 2078 ἀπολλυμένους
687 1999 718 2060 τδ
743 2000 771 2058 δδ
793 2000 835 2058 αί-
888 2022 975 2061 mum.
986 2000 1082 2060 Multis
1095 2002 1167 2062 enim
1182 2002 1382 2062 necessitatibus
1395 2025 1411 2061 a
1425 2002 1543 2084 propriis
1556 2001 1634 2083 pelli·

59 2121 113 2170 εισι,
125 2097 166 2158 der
187 2096 322 2177 μεγάλης
341 2094 374 2154 τὸ
393 2102 507 2174 πρᾶγμα
519 2091 602 2151 δεῖται
614 2094 711 2172 ψυχῆς,
730 2091 836 2161 Πολλὰς
888 2107 934 2153 tur
954 2093 1086 2172 moribus,
1101 2107 1127 2153 et
1147 2093 1295 2154 innumeris
1316 2093 1438 2174 undique
1458 2115 1527 2176 opus
1552 2095 1635 2154 habet

59 2191 228 2271 ᾖράνάνιας
245 2188 309 2269 ἔχοι
325 2187 375 2253 τὰς
400 2182 542 2263 ἔξαγυίσας
556 2187 602 2243 τοῦ
625 2182 721 2244 οἰκείου
740 2183 834 2259 ἤθους,
889 2186 982 2246 oeulis.
996 2186 1057 2245 Non
1068 2186 1145 2246 vides
1162 2206 1244 2265 quem
1259 2185 1344 2245 multa
1363 2208 1432 2268 upus
1451 2187 1487 2247 sit
1507 2187 1632 2269 episeopo
1645 2209 1768 2257 1‚1r„.,3,

58 2282 195 2364 ιείμυρίεον
207 2283 290 2360 αὐτῷ
301 2274 472 2357 πανταχόθεν
484 2272 626 2352 ὀφθαλμῶν
634 2274 681 2334 δεῖ.
691 2276 753 2355 Οὐχ
763 2280 835 2356 δρᾷς,
888 2276 1000 2337 adesse?
1010 2278 1048 2336 Ut
1062 2277 1185 2337 doctrina
1195 2276 1303 2358 polleat,
1316 2290 1345 2336 ut
1355 2278 1390 2337 sit
1403 2277 1515 2358 patiens,
1526 2293 1555 2338 ut
1566 2279 1634 2339 fide-
1642 2275 1674 2351 33

58 2375 141 2433 δεεδεῑ
159 2375 207 2433 τὸν
228 2371 387 2432 ἐπίσκοτον
408 2367 492 2448 ἔχειν,
504 2364 662 2426 Διδακτικδν
676 2356 757 2441 εἶναι,
777 2371 836 2427 dve-
887 2370 941 2429 lem
953 2390 1103 2429 sermonem
1112 2368 1140 2428 in
1151 2368 1276 2428 doctrina
1284 2383 1381 2430 servet.
1397 2370 1572 2444 Quantaehoc
1580 2370 1634 2430 dif-
1645 2339 1693 2383 m
1711 2350 1730 2381 ι’
1743 2347 1766 2392 7'

58 2466 154 2537 ξίιιιεοι,
177 2462 375 2543 ἀντεχόμενον
390 2463 437 2519 τοῦ
455 2457 525 2517 κατὰ
542 2456 590 2530 τὴν
607 2456 717 2537 διδαχὴν
736 2463 832 2518 πιστοῦ
850 2463 869 2512 Β
888 2461 1035 2521 fieultatis?
1045 2461 1169 2520 Aliorum
1180 2460 1362 2543 peccatisipse
1376 2461 1512 2523 obnoxius
1523 2462 1634 2522 estdlia

57 2559 232 2639 inundare
254 2561 342 2615 τοῦτο
360 2548 516 2622 δυσκολίας;
531 2549 585 2609 Καὶ
597 2552 650 2608 τῶι
670 2557 724 2616 ταῖς
745 2549 835 2618 ἄλλοις
888 2553 1300 2631 nonmemoro3sedsiveluuus
1310 2553 1486 2616 dmedatnon
1498 2556 1633 2632 initiatus,

58 2651 271 2732 θμρηνομὲνων
284 2647 371 2714 αι’νιδς
389 2645 445 2725 ἔχει
462 2645 511 2711 τὰς
530 2641 625 2709 αίτίας.
643 2644 685 2701 Οθ
697 2640 768 2721 λέγω
781 2648 834 2704 τῶν
888 2667 978 2707 annun
997 2645 1027 2705 id
1039 2660 1122 2707 totam
1137 2646 1223 2727 ipsius
1237 2647 1351 2706 salutem
1376 2649 1531 2709 subvertit?
1545 2649 1635 2709 Unius

58 2745 124 2803 ὓλην
133 2743 227 2805 οὐδέν·
246 2742 282 2800 ἂν
295 2731 338 2807 εἷς
353 2736 435 2817 μόνον
445 2734 549 2816 οἰπίλθῃ
565 2732 698 2813 ἀμύητος,
711 2734 770 2815 οὐχὶ
779 2745 833 2794 πᾶ·
889 2739 961 2798 enirn
971 2738 1068 2797 animae
1075 2736 1206 2819 pernicies
1217 2750 1323 2796 tantum
1333 2752 1372 2797 est
1382 2737 1522 2816 damnum,
1532 2753 1562 2798 ut
1572 2738 1634 2797 nul-

10 2896 12 2907 ,
58 2833 363 2914 νινώῶχαεέατροφε
374 2825 835 2910 τλνσοιτηρίανρΨυχῆςγδράπῶ·
888 2830 915 2889 lo
925 2831 1011 2912 possit
1019 2829 1136 2911 exprimi
1148 2850 1277 2889 sermone.
1289 2831 1320 2890 si
1333 2830 1404 2890 enim
1412 2833 1470 2912 ejus
1480 2832 1553 2891 salus
1565 2832 1635 2893 tanti

58 2931 98 2989 tm
114 2940 176 3007 μιᾶς
191 2925 342 2996 τοσαύτην
373 2921 431 3002 ἔχει
451 2920 564 2998 ζημίαν,
587 2917 651 2991 όσην
671 2919 753 2987 οὐδείς
780 2945 834 2979 πα·
889 2936 939 2999 est,
956 2937 986 2982 ut
1000 2944 1049 3003 pro
1073 2922 1121 2981 illa
1142 2921 1229 2980 Filius
1243 2921 1294 2982 Dei
1315 2922 1397 2983 homo
1416 2924 1502 2983 factus
1515 2939 1542 2985 et
1560 2938 1634 2985 tanta

60 3027 164 3099 ρειτΐισσι
185 3020 313 3081 δύναται
332 3014 423 3093 λόγος,
443 3015 479 3072 Εἰ
498 3010 587 3094 γὰρὴ
614 3009 733 3092 σωτηρία
752 3013 834 3085 αὐτῆς
888 3038 982 3097 pessus
996 3017 1043 3096 sit,
1066 3017 1124 3096 ejus
1137 3015 1269 3096 pernicies
1292 3017 1379 3095 eogita
1395 3031 1528 3096 quantum
1541 3018 1634 3084 afferet

59 3113 157 3174 πεισάτω
170 3112 257 3184 ἀξία,
272 3108 353 3170 ὥστε
368 3107 413 3166 τδν
421 3105 486 3165 Υίδν
500 3110 546 3164 τοῦ
556 3104 626 3164 Θεοῦ
639 3101 776 3183 ἄνθρωπον
785 3128 834 3183 φτ·
889 3107 1061 3189 supplicium.
1075 3107 1106 3168 Si
1129 3106 1163 3184 is,
1189 3126 1237 3188 per
1252 3128 1332 3187 quem
1347 3108 1417 3167 alius
1434 3109 1514 3190 perit,
1528 3110 1557 3170 in
1581 3111 1634 3171 hac

60 3208 197 3279 νίςθει,κα“ι
209 3210 344 3266 τοσαῦτα
357 3206 467 3260 παθεῖν·
480 3203 497 3270 ἡ
509 3197 628 3258 ἀπώλεια
638 3195 760 3269 ἐννόησον
768 3195 834 3271 ὅσην
888 3202 946 3264 rita
959 3215 1044 3262 morte
1054 3200 1154 3280 diguus
1172 3213 1221 3275 est,
1236 3201 1323 3260 multo
1337 3203 1424 3282 magis
1437 3203 1493 3261 ille.
1507 3205 1548 3264 Ne
1563 3203 1633 3264 mihi

58 3299 157 3375 είσειτλν
166 3296 327 3379 τιμωρίαν.
339 3296 376 3353 Εἰ
387 3292 420 3350 δι’
430 3290 459 3350 ὃν
473 3287 620 3349 ἅπαδλιιταί
629 3312 678 3362 τις,
692 3290 719 3346 ἓν
729 3291 768 3369 τῷ
781 3311 834 3348 πα·
889 3295 1001 3371 dixeris,
1028 3293 1153 3354 Peccavit
1175 3295 1315 3376 presbyter
1342 3310 1389 3356 aut
1402 3296 1532 3357 diaeonus
1553 3322 1559 3355 :
1576 3299 1635 3359 haec

61 3392 111 3468 ρίαι
121 3393 170 3474 pi„
180 3389 259 3458 ἄξιος
272 3390 439 3457 ἀποθανεῖν,
447 3381 646 3462 πολλῶμᾶλλον
654 3379 771 3453 tunna
782 3380 834 3463 γάρ
848 3431 873 3470 ,0
889 3388 979 3447 omnia
994 3387 1020 3446 in
1030 3399 1110 3466 caput
1122 3384 1307 3445 ordinantium
1318 3388 1479 3448 reseruntur.
1489 3389 1574 3449 Aliud
1582 3391 1635 3450 ite-

59 3506 90 3556 μι
102 3483 189 3564 dape,
203 3481 250 3540 ότι
263 3484 281 3539 δ
294 3473 479 3558 πρεαὸὖτερος
490 3471 608 3551 ἥμαρτε,
619 3471 687 3550 μηδὲ
697 3471 764 3532 ότιδ
779 3472 834 3533 διά·
851 3485 872 3534 Α
889 3502 951 3540 rum
973 3479 1044 3539 dieo.
1059 3478 1210 3558 Contingit,
1225 3493 1254 3537 ut
1273 3480 1336 3558 quis
1354 3481 1549 3541 successionem
1562 3485 1635 3543 exci-

58 3576 245 3644 ισινς·πα’ντων
256 3569 368 3632 τούτων
379 3567 425 3627 ἐπὶ
434 3566 483 3639 τὴν
491 3565 608 3647 κεφαλὴν
621 3570 674 3625 τῶν
682 3590 834 3646 χτιροτυνη-
887 3572 945 3653 piat
958 3571 1145 3653 improborum
1169 3569 1312 3630 hominum
1329 3594 1336 3628 ε
1353 3571 1462 3633 dubitat
1483 3574 1539 3652 ille,
1563 3576 1633 3655 quid

58 3671 141 3728 τίκτειν
154 3671 183 3726 αθ
199 3664 293 3726 αἰτίαι
304 3660 443 3742 φέρονται.
455 3657 542 3717 Πάλιν
560 3657 647 3739 ἕτερον
664 3657 739 3718 είποι.
754 3660 834 3737 Συμ-
887 3664 993 3724 consilii
1006 3684 1101 3744 capere
1115 3677 1236 3745 oporteat
1255 3663 1326 3722 cirea
1351 3665 1486 3746 praeterita
1513 3682 1633 3748 peccate.

56 3760 127 3819 ίείνιι
146 3758 209 3818 τινὰ
229 3759 339 3834 κλῆρον
360 3749 529 3818 διαδέξασθαι
551 3751 652 3830 ἀνδρῶν
677 3754 832 3833 μοχθηρῶν
888 3757 951 3816 Duo
964 3756 1036 3815 enim
1061 3769 1124 3815 sunt
1144 3754 1303 3836 praecipitia,
1323 3769 1403 3836 atque
1420 3773 1526 3838 oportet
1549 3782 1635 3841 neque

55 3853 89 3909 'ri
102 3850 154 3932 χρὴ
174 3846 383 3928 βουλεύσασθαι
396 3845 490 3922 ἀπορεῖ
512 3840 555 3901 ἐπὶ
569 3842 745 3922 ἁμαρτήμασι
765 3866 833 3924 προ-
887 3849 967 3909 illurn
975 3848 1123 3924 dimittere,
1134 3869 1219 3925 neque
1228 3849 1297 3907 alios
1311 3848 1456 3909 offendere.
1472 3855 1514 3910 ιλιι
1528 3853 1635 3913 exscin-

54 3945 161 4002 λαίῶσι.
185 3939 245 4000 nto
258 3937 318 4018 γδφ
339 3937 365 3993 ot
386 3934 515 4015 κρημνοὶ,
527 3934 572 3994 καὶ
587 3935 625 3994 δεῖ
639 3933 707 4012 μήτε
728 3938 832 4016 ἀφεῖναι
887 3939 992 4000 dendus
1002 3954 1041 3999 ast
1048 3939 1144 4020 prior?
1158 3941 1263 3999 Verum
1276 3959 1356 3998 eausa
1369 3959 1422 3998 non
1434 3940 1519 4001 adest.
1533 3945 1575 4001 An
1588 3943 1634 4003 di·

55 4029 303 4109 insimulanda
329 4027 427 4094 ἄλλους
441 4023 479 4103 μὴ
493 4023 676 4086 σιιαιδαλίσαι·
701 4024 832 4108 Έιιιιόψαι
887 4030 1052 4092 mittendus?
1066 4031 1165 4106 Etiam,
1179 4030 1286 4108 inquies
1302 4053 1308 4086 ι
1324 4050 1388 4089 nam
1411 4032 1469 4112 ejus
1493 4046 1531 4092 est
1553 4036 1634 4116 culpa

55 4127 130 4185 τοίατε
143 4127 184 4184 δεῖ
195 4125 327 4203 πρῶτον;
342 4115 415 4177 Ἀλλ’
427 4119 474 4177 οίικ
485 4115 541 4176 ίστι
554 4122 676 4198 παροῦσα
692 4116 831 4198 πρόφασις.
887 4125 935 4203 qui
950 4121 1097 4183 ordinavit.
1109 4121 1184 4194 Quid
1199 4121 1284 4201 ergo?
1303 4143 1357 4183 uun
1375 4136 1480 4204 oportet
1495 4125 1632 4206 ordinare,
1658 4131 1662 4138 “

55 4217 114 4277 Ἀλλ’
130 4221 255 4298 ἀφεῖναι,
270 4210 344 4285 Ναί,
359 4207 434 4292 φησί·
446 4216 492 4270 τοῦ
502 4206 553 4290 γδρ
566 4209 799 4292 χιιροιαιιίσαιτσα
815 4214 832 4282 ἡ
886 4215 1019 4295 nequead
1031 4215 1116 4274 alium
1130 4213 1245 4293 gradum
1259 4214 1391 4275 evehere?
1406 4217 1460 4276 Sed
1471 4217 1535 4278 hinc
1548 4220 1633 4279 omni·

57 4310 126 4369 ιίτίο.
138 4309 177 4368 Τί
189 4297 257 4382 οὖν,
281 4305 316 4364 οὗ
337 4304 379 4362 δεῖ
392 4304 592 4382 χειροτονῆσαι,
613 4299 671 4361 αἰδὲ
688 4302 728 4380 ἔφ’
744 4299 832 4382 ἕτερον
886 4309 939 4368 bus
948 4308 1037 4388 palam
1049 4306 1108 4382 erit,
1120 4305 1199 4364 illum
1216 4326 1272 4365 esse
1288 4304 1453 4388 improbum.
1466 4310 1561 4390 ltaque
1572 4333 1633 4370 rur·

57 4400 147 4479 βαθμδν
161 4403 294 4478 άηαγιῖνι
306 4392 389 4454 Ἀλλὰ
401 4397 479 4452 ταῦτα
495 4401 577 4452 πᾶσιι
593 4391 669 4451 ἶσιαι
691 4392 780 4467 δῆλον,
792 4393 834 4477 ὅτι
850 4418 870 4466 n
887 4400 995 4460 susalio
1006 4397 1119 4459 offendit
1132 4397 1221 4458 modo.
1236 4399 1311 4458 Num
1322 4398 1357 4458 ad
1371 4401 1500 4482 majorem
1518 4403 1633 4483 gradum
1680 4411 1682 4415 '
1777 4394 1784 4413 '

56 4493 178 4575 μοχθηρός
196 4493 240 4558 τίς
254 4492 327 4550 ἐστι.
352 4485 443 4545 Παλιν
460 4474 506 4543 οὗν
524 4482 619 4568 ίτίρως
636 4484 832 4569 tenoemteo.
887 4491 1087 4574 promovendus
1098 4490 1158 4552 est?
1175 4491 1233 4550 Hoc
1244 4491 1329 4550 multo
1339 4491 1457 4553 deterius
1465 4508 1513 4554 est.

56 4587 115 4646 'tn'
126 4592 238 4668 ἀγαγεῖν
253 4582 301 4643 ἐπὶ
315 4578 428 4660 μείζονα
443 4575 561 4656 βαθμόν;
575 4578 661 4638 Τοῦτο
674 4579 765 4660 πολλῷ
782 4603 833 4659 pa.

58 4702 207 4831 mpii
219 4791 262 4834 τις
275 4769 313 4833 ὥς
334 4761 382 4825 ἐπὶ
395 4759 562 4840 προστασίαν
575 4760 668 4842 ἔτρεχε
680 4759 729 4833 τὴν
742 4764 832 4843 ἀρχιε-
928 4757 957 4815 5.
970 4755 1064 4832 ltaque
1074 4753 1097 4812 si
1108 4751 1632 4832 quisadsummumsauerdotiumacces-
1655 4761 1719 4807 onus
1734 4765 1784 4821 epi·

63 4860 272 4942 μισθοην,οιίδιὶς
297 4857 330 4917 ἂν
352 4853 438 4925 αὐτὴν
454 4849 559 4919 ἐδέξατο
576 4853 687 4933 ταχίιος.
712 4855 767 4914 Nn
788 4855 832 4930 δὲ,
885 4849 951 4911 serit
972 4847 1100 4910 ναίοισι]
1124 4846 1345 4928 sollicitudinem,
1368 4870 1448 4909 nemo
1467 4849 1537 4909 illud
1553 4834 1784 4931 sacileffffibi,

90 5083 100 5105 ‘
114 5075 145 5123 δι’
157 5076 250 5131 ἐξαισίοις
261 5065 315 5118 ἆσαι
326 5056 515 5124 Παῦῑιαθῖῑθῑῑ·
683 5038 686 5042 ¹
871 5061 1033 5126 βουλεύσασθαι
1046 5062 1082 5109 trel
1088 5095 1095 5118 ‚
1108 5051 1151 5105 atii
1167 5052 1219 5105 duo
1231 5066 1258 5104 ut
1270 5054 1357 5107 Morei.
1370 5054 1472 5113 habent.
1486 5060 1564 5114 Paulo
1575 5077 1633 5130 port

93 5160 102 5184 ¹
116 5146 185 5200 Saril.
203 5157 226 5201 τί
233 5156 281 5219 χρὴ
297 5145 482 5214 βουλεύσασθαι
495 5143 530 5192 tot
540 5146 583 5203 ἀμ.
595 5136 667 5188 Unus
678 5134 744 5188 (δυσί.
758 5144 781 5190 τί
793 5140 824 5190 δεῖ
872 5133 913 5186 otii
925 5133 1021 5186 habent
1030 5139 1139 5204 κρημνοὶ,
1152 5139 1209 5185 ὥστε
1221 5143 1316 5204 άριῖναι.
