<?xml version="1.0" encoding="UTF-8"?>
<!DOCTYPE html PUBLIC "-//W3C//DTD XHTML 1.0 Transitional//EN"
    "http://www.w3.org/TR/xhtml1/DTD/xhtml1-transitional.dtd">
<html xmlns="http://www.w3.org/1999/xhtml" xml:lang="en" lang="en">
 <head>
  <title>
</title>
<meta http-equiv="Content-Type" content="text/html;charset=utf-8" />
  <meta name='ocr-system' content='tesseract 3.04.00' />
  <meta name='ocr-capabilities' content='ocr_page ocr_carea ocr_par ocr_line ocrx_word'/>
</head>
<body>
  <div class='ocr_page' id='page_1' title='image "./sanctipatrisnos01chrygoog_0764.png"; bbox 0 0 3742 5970; ppageno 0'>
   <div class='ocr_carea' id='block_1_1' title="bbox 237 439 1489 535">
    <p class='ocr_par' dir='ltr' id='par_1_1' title="bbox 237 439 1489 535">
     <span class='ocr_line' id='line_1_1' title="bbox 237 439 1489 535; baseline 0.002 -23"><span class='ocrx_word' id='word_1_1' title='bbox 237 439 307 535; x_wconf 81' lang='lat'>728</span> <span class='ocrx_word' id='word_1_2' title='bbox 600 463 629 511; x_wconf 90' lang='lat' dir='ltr'>s.</span> <span class='ocrx_word' id='word_1_3' title='bbox 658 464 799 514; x_wconf 78' lang='lat' dir='ltr'>ioannis</span> <span class='ocrx_word' id='word_1_4' title='bbox 824 464 1007 513; x_wconf 86' lang='lat' dir='ltr'>cnnrsosr.</span> <span class='ocrx_word' id='word_1_5' title='bbox 1035 462 1190 514; x_wconf 78' lang='lat' dir='ltr'>arentur.</span> <span class='ocrx_word' id='word_1_6' title='bbox 1215 464 1489 515; x_wconf 75' lang='lat' dir='ltr'>cousrtsrruor».</span> 
     </span>
    </p>
   </div>
   <div class='ocr_carea' id='block_1_2' title="bbox 74 585 1820 5032">
    <p class='ocr_par' dir='ltr' id='par_1_2' title="bbox 232 585 1789 2050">
     <span class='ocr_line' id='line_1_2' title="bbox 236 585 1786 670; baseline 0.004 -26"><span class='ocrx_word' id='word_1_7' title='bbox 236 585 272 645; x_wconf 86' lang='lat' dir='ltr'>Et</span> <span class='ocrx_word' id='word_1_8' title='bbox 292 598 321 644; x_wconf 94' lang='lat' dir='ltr'>tu</span> <span class='ocrx_word' id='word_1_9' title='bbox 342 585 433 664; x_wconf 84' lang='lat' dir='ltr'>itaque</span> <span class='ocrx_word' id='word_1_10' title='bbox 451 585 571 644; x_wconf 85' lang='lat' dir='ltr'>membra</span> <span class='ocrx_word' id='word_1_11' title='bbox 594 600 640 646; x_wconf 88' lang='lat' dir='ltr'>tua</span> <span class='ocrx_word' id='word_1_12' title='bbox 662 586 782 647; x_wconf 76' lang='lat' dir='ltr'>eduxisti</span> <span class='ocrx_word' id='word_1_13' title='bbox 806 587 842 648; x_wconf 86' lang='lat' dir='ltr'>ad</span> <span class='ocrx_word' id='word_1_14' title='bbox 856 586 974 658; x_wconf 90' lang='lat' dir='ltr'>bellum,</span> <span class='ocrx_word' id='word_1_15' title='bbox 1032 587 1071 647; x_wconf 85' lang='grc' dir='ltr'>δεῖ</span> <span class='ocrx_word' id='word_1_16' title='bbox 1084 596 1178 662; x_wconf 82' lang='grc' dir='ltr'><strong>ποιεῖν,</strong></span> <span class='ocrx_word' id='word_1_17' title='bbox 1188 587 1212 646; x_wconf 89' lang='grc' dir='ltr'>εί</span> <span class='ocrx_word' id='word_1_18' title='bbox 1224 612 1255 667; x_wconf 89' lang='grc' dir='ltr'>γε</span> <span class='ocrx_word' id='word_1_19' title='bbox 1267 597 1400 670; x_wconf 69' lang='grc' dir='ltr'>παριστᾷν</span> <span class='ocrx_word' id='word_1_20' title='bbox 1416 589 1560 668; x_wconf 79' lang='grc' dir='ltr'>μέλλομεν,</span> <span class='ocrx_word' id='word_1_21' title='bbox 1572 591 1616 650; x_wconf 85' lang='grc' dir='ltr'>0ιί</span> <span class='ocrx_word' id='word_1_22' title='bbox 1626 590 1677 669; x_wconf 79' lang='grc' dir='ltr'>γάρ</span> <span class='ocrx_word' id='word_1_23' title='bbox 1688 594 1786 650; x_wconf 70' lang='grc' dir='ltr'>τινιτὸν</span> 
     </span>
     <span class='ocr_line' id='line_1_3' title="bbox 235 676 1788 760; baseline 0.002 -24"><span class='ocrx_word' id='word_1_24' title='bbox 235 677 310 755; x_wconf 88' lang='lat' dir='ltr'>quod</span> <span class='ocrx_word' id='word_1_25' title='bbox 334 691 424 736; x_wconf 87' lang='lat' dir='ltr'>eontra</span> <span class='ocrx_word' id='word_1_26' title='bbox 450 676 589 737; x_wconf 89' lang='lat' dir='ltr'>diabolum</span> <span class='ocrx_word' id='word_1_27' title='bbox 604 692 652 756; x_wconf 87' lang='lat' dir='ltr'>cst,</span> <span class='ocrx_word' id='word_1_28' title='bbox 661 677 696 739; x_wconf 87' lang='lat' dir='ltr'>ad</span> <span class='ocrx_word' id='word_1_29' title='bbox 711 679 861 740; x_wconf 81' lang='lat' dir='ltr'>terribilem</span> <span class='ocrx_word' id='word_1_30' title='bbox 872 679 977 738; x_wconf 84' lang='lat' dir='ltr'>aciem:</span> <span class='ocrx_word' id='word_1_31' title='bbox 1031 679 1154 759; x_wconf 74' lang='grc' dir='ltr'>ἐπιγείων</span> <span class='ocrx_word' id='word_1_32' title='bbox 1169 679 1323 760; x_wconf 72' lang='grc' dir='ltr'>ἀνθρώπιον,</span> <span class='ocrx_word' id='word_1_33' title='bbox 1338 681 1397 739; x_wconf 79' lang='grc' dir='ltr'>ἀλλ’</span> <span class='ocrx_word' id='word_1_34' title='bbox 1413 683 1489 760; x_wconf 78' lang='grc' dir='ltr'>αὐτῷ</span> <span class='ocrx_word' id='word_1_35' title='bbox 1501 683 1676 760; x_wconf 81' lang='grc' dir='ltr'>παρισιῶμιν</span> <span class='ocrx_word' id='word_1_36' title='bbox 1689 681 1788 741; x_wconf 65' lang='lat' dir='ltr'>sithri</span> 
     </span>
     <span class='ocr_line' id='line_1_4' title="bbox 235 760 1788 854; baseline 0.005 -28"><span class='ocrx_word' id='word_1_37' title='bbox 235 788 269 827; x_wconf 91' lang='lat' dir='ltr'>ne</span> <span class='ocrx_word' id='word_1_38' title='bbox 284 769 404 828; x_wconf 80' lang='lat' dir='ltr'><strong>retrahas</strong></span> <span class='ocrx_word' id='word_1_39' title='bbox 418 769 466 827; x_wconf 88' lang='lat' dir='ltr'>illa</span> <span class='ocrx_word' id='word_1_40' title='bbox 479 760 515 829; x_wconf 88' lang='lat' dir='ltr'>ad</span> <span class='ocrx_word' id='word_1_41' title='bbox 528 771 638 852; x_wconf 86' lang='lat' dir='ltr'>propria</span> <span class='ocrx_word' id='word_1_42' title='bbox 648 770 809 831; x_wconf 89' lang='lat' dir='ltr'>ministeria.</span> <span class='ocrx_word' id='word_1_43' title='bbox 818 771 902 831; x_wconf 77' lang='lat' dir='ltr'>Aliud</span> <span class='ocrx_word' id='word_1_44' title='bbox 914 771 979 829; x_wconf 85' lang='lat' dir='ltr'>item</span> <span class='ocrx_word' id='word_1_45' title='bbox 1033 774 1137 850; x_wconf 87' lang='grc' dir='ltr'>βασιλεῖ</span> <span class='ocrx_word' id='word_1_46' title='bbox 1151 776 1205 832; x_wconf 84' lang='grc' dir='ltr'>τῶν</span> <span class='ocrx_word' id='word_1_47' title='bbox 1215 773 1283 834; x_wconf 73' lang='grc' dir='ltr'>ὅλων</span> <span class='ocrx_word' id='word_1_48' title='bbox 1297 777 1378 854; x_wconf 84' lang='grc' dir='ltr'>Θεῷ,</span> <span class='ocrx_word' id='word_1_49' title='bbox 1395 776 1444 854; x_wconf 65' lang='grc' dir='ltr'>οἰχ</span> <span class='ocrx_word' id='word_1_50' title='bbox 1456 771 1504 833; x_wconf 73' lang='grc' dir='ltr'>ἵνα</span> <span class='ocrx_word' id='word_1_51' title='bbox 1521 777 1630 854; x_wconf 81' lang='grc' dir='ltr'>πολεμῇ</span> <span class='ocrx_word' id='word_1_52' title='bbox 1648 774 1732 852; x_wconf 88' lang='grc' dir='ltr'>μόνον,</span> <span class='ocrx_word' id='word_1_53' title='bbox 1741 777 1788 834; x_wconf 78' lang='lat' dir='ltr'>ttt’</span> 
     </span>
     <span class='ocr_line' id='line_1_5' title="bbox 235 860 1788 946; baseline 0.005 -28"><span class='ocrx_word' id='word_1_54' title='bbox 235 880 269 918; x_wconf 84' lang='lat' dir='ltr'>ex</span> <span class='ocrx_word' id='word_1_55' title='bbox 283 860 334 919; x_wconf 87' lang='lat' dir='ltr'>hoc</span> <span class='ocrx_word' id='word_1_56' title='bbox 347 860 473 937; x_wconf 82' lang='lat' dir='ltr'>ostendit,</span> <span class='ocrx_word' id='word_1_57' title='bbox 491 861 564 940; x_wconf 89' lang='lat' dir='ltr'>quod</span> <span class='ocrx_word' id='word_1_58' title='bbox 577 876 698 943; x_wconf 76' lang='lat' dir='ltr'><strong>oporteat</strong></span> <span class='ocrx_word' id='word_1_59' title='bbox 709 862 756 922; x_wconf 83' lang='lat' dir='ltr'>illu</span> <span class='ocrx_word' id='word_1_60' title='bbox 768 862 880 945; x_wconf 85' lang='lat' dir='ltr'>probata</span> <span class='ocrx_word' id='word_1_61' title='bbox 889 875 916 922; x_wconf 91' lang='lat' dir='ltr'>et</span> <span class='ocrx_word' id='word_1_62' title='bbox 929 883 978 920; x_wconf 88' lang='lat' dir='ltr'>ac·</span> <span class='ocrx_word' id='word_1_63' title='bbox 1031 861 1075 922; x_wconf 78' lang='grc' dir='ltr'>ἳνα</span> <span class='ocrx_word' id='word_1_64' title='bbox 1091 864 1136 923; x_wconf 84' lang='grc' dir='ltr'>καὶ</span> <span class='ocrx_word' id='word_1_65' title='bbox 1157 863 1234 923; x_wconf 87' lang='grc' dir='ltr'>αιἰτδν</span> <span class='ocrx_word' id='word_1_66' title='bbox 1257 863 1452 943; x_wconf 78' lang='grc' dir='ltr'><strong>ἐπικαθήμενον</strong></span> <span class='ocrx_word' id='word_1_67' title='bbox 1467 865 1518 946; x_wconf 60' lang='grc' dir='ltr'>ἔρῃ</span> <span class='ocrx_word' id='word_1_68' title='bbox 1535 864 1583 924; x_wconf 75' lang='grc' dir='ltr'>τὸν</span> <span class='ocrx_word' id='word_1_69' title='bbox 1602 864 1720 944; x_wconf 78' lang='grc' dir='ltr'>βασιλέα.</span> <span class='ocrx_word' id='word_1_70' title='bbox 1733 867 1788 926; x_wconf 74' lang='lat' dir='ltr'>ost</span> 
     </span>
     <span class='ocr_line' id='line_1_6' title="bbox 235 950 1788 1037; baseline 0.003 -26"><span class='ocrx_word' id='word_1_71' title='bbox 235 964 310 1031; x_wconf 88' lang='lat' dir='ltr'>cepta</span> <span class='ocrx_word' id='word_1_72' title='bbox 323 950 444 1029; x_wconf 85' lang='lat' dir='ltr'>reddere,</span> <span class='ocrx_word' id='word_1_73' title='bbox 453 953 476 1011; x_wconf 91' lang='lat' dir='ltr'>si</span> <span class='ocrx_word' id='word_1_74' title='bbox 489 953 656 1013; x_wconf 83' lang='lat' dir='ltr'>velimusilla</span> <span class='ocrx_word' id='word_1_75' title='bbox 664 955 791 1035; x_wconf 85' lang='lat' dir='ltr'>proferre.</span> <span class='ocrx_word' id='word_1_76' title='bbox 805 957 898 1033; x_wconf 88' lang='lat' dir='ltr'>Neque</span> <span class='ocrx_word' id='word_1_77' title='bbox 906 953 979 1013; x_wconf 87' lang='lat' dir='ltr'>enim</span> <span class='ocrx_word' id='word_1_78' title='bbox 995 972 1015 1020; x_wconf 84' lang='lat' dir='ltr'>n</span> <span class='ocrx_word' id='word_1_79' title='bbox 1031 955 1083 1034; x_wconf 81' lang='grc' dir='ltr'>γὰρ</span> <span class='ocrx_word' id='word_1_80' title='bbox 1106 965 1273 1037; x_wconf 87' lang='grc' dir='ltr'>παραιτεῖται</span> <span class='ocrx_word' id='word_1_81' title='bbox 1298 959 1477 1027; x_wconf 77' lang='grc' dir='ltr'>ἐπικαθῆσθαι</span> <span class='ocrx_word' id='word_1_82' title='bbox 1503 965 1562 1023; x_wconf 83' lang='grc' dir='ltr'>τοίς</span> <span class='ocrx_word' id='word_1_83' title='bbox 1592 955 1697 1034; x_wconf 69' lang='grc' dir='ltr'>μέλασιν</span> <span class='ocrx_word' id='word_1_84' title='bbox 1718 961 1788 1037; x_wconf 67' lang='grc' dir='ltr'>ἡμῖν,</span> 
     </span>
     <span class='ocr_line' id='line_1_7' title="bbox 235 1041 1789 1128; baseline 0.005 -29"><span class='ocrx_word' id='word_1_85' title='bbox 235 1041 354 1123; x_wconf 87' lang='lat' dir='ltr'>cuipiam</span> <span class='ocrx_word' id='word_1_86' title='bbox 373 1056 540 1103; x_wconf 88' lang='lat' dir='ltr'>terrenorum</span> <span class='ocrx_word' id='word_1_87' title='bbox 560 1043 702 1104; x_wconf 89' lang='lat' dir='ltr'>hominum</span> <span class='ocrx_word' id='word_1_88' title='bbox 724 1045 771 1104; x_wconf 81' lang='lat' dir='ltr'>illa</span> <span class='ocrx_word' id='word_1_89' title='bbox 789 1045 921 1120; x_wconf 89' lang='lat' dir='ltr'>sistimus,</span> <span class='ocrx_word' id='word_1_90' title='bbox 932 1041 979 1104; x_wconf 86' lang='lat' dir='ltr'>sed</span> <span class='ocrx_word' id='word_1_91' title='bbox 1031 1045 1101 1106; x_wconf 74' lang='grc' dir='ltr'>ἀλλὰ</span> <span class='ocrx_word' id='word_1_92' title='bbox 1121 1048 1167 1106; x_wconf 82' lang='grc' dir='ltr'>καί</span> <span class='ocrx_word' id='word_1_93' title='bbox 1181 1047 1281 1128; x_wconf 70' lang='grc' dir='ltr'>σφόδρα</span> <span class='ocrx_word' id='word_1_94' title='bbox 1293 1053 1370 1107; x_wconf 80' lang='grc' dir='ltr'>τοῦτο</span> <span class='ocrx_word' id='word_1_95' title='bbox 1386 1046 1531 1126; x_wconf 79' lang='grc' dir='ltr'>βούλεται·</span> <span class='ocrx_word' id='word_1_96' title='bbox 1547 1048 1596 1108; x_wconf 82' lang='grc' dir='ltr'>καὶ</span> <span class='ocrx_word' id='word_1_97' title='bbox 1609 1046 1676 1128; x_wconf 81' lang='grc' dir='ltr'>ὅπερ</span> <span class='ocrx_word' id='word_1_98' title='bbox 1688 1047 1789 1126; x_wconf 66' lang='grc' dir='ltr'>βασιλεὺς</span> 
     </span>
     <span class='ocr_line' id='line_1_8' title="bbox 235 1124 1787 1218; baseline 0.005 -27"><span class='ocrx_word' id='word_1_99' title='bbox 235 1133 303 1212; x_wconf 81' lang='lat' dir='ltr'>Regi</span> <span class='ocrx_word' id='word_1_100' title='bbox 315 1134 501 1194; x_wconf 87' lang='lat' dir='ltr'>universorum</span> <span class='ocrx_word' id='word_1_101' title='bbox 510 1138 583 1210; x_wconf 88' lang='lat' dir='ltr'>Dco;</span> <span class='ocrx_word' id='word_1_102' title='bbox 594 1157 647 1195; x_wconf 93' lang='lat' dir='ltr'>non</span> <span class='ocrx_word' id='word_1_103' title='bbox 657 1149 687 1195; x_wconf 92' lang='lat' dir='ltr'>ut</span> <span class='ocrx_word' id='word_1_104' title='bbox 697 1136 852 1218; x_wconf 81' lang='lat' dir='ltr'>praelientur</span> <span class='ocrx_word' id='word_1_105' title='bbox 862 1150 977 1212; x_wconf 87' lang='lat' dir='ltr'>tantum,</span> <span class='ocrx_word' id='word_1_106' title='bbox 1031 1140 1078 1197; x_wconf 83' lang='grc' dir='ltr'>οὐκ</span> <span class='ocrx_word' id='word_1_107' title='bbox 1092 1138 1123 1196; x_wconf 84' lang='grc' dir='ltr'>διν</span> <span class='ocrx_word' id='word_1_108' title='bbox 1135 1124 1220 1197; x_wconf 76' lang='grc' dir='ltr'>ἕλοιτο</span> <span class='ocrx_word' id='word_1_109' title='bbox 1240 1139 1381 1217; x_wconf 84' lang='grc' dir='ltr'>θμόδουλος</span> <span class='ocrx_word' id='word_1_110' title='bbox 1399 1144 1477 1216; x_wconf 85' lang='grc' dir='ltr'>ἡμῖν,</span> <span class='ocrx_word' id='word_1_111' title='bbox 1497 1138 1608 1198; x_wconf 67' lang='grc' dir='ltr'>τοῦτοὸ</span> <span class='ocrx_word' id='word_1_112' title='bbox 1623 1142 1676 1197; x_wconf 78' lang='grc' dir='ltr'>τῶν</span> <span class='ocrx_word' id='word_1_113' title='bbox 1690 1139 1787 1218; x_wconf 73' lang='grc' dir='ltr'>έγγίλιι</span> 
     </span>
     <span class='ocr_line' id='line_1_9' title="bbox 234 1223 1786 1312; baseline 0.005 -31"><span class='ocrx_word' id='word_1_114' title='bbox 234 1223 283 1282; x_wconf 84' lang='lat' dir='ltr'>scd</span> <span class='ocrx_word' id='word_1_115' title='bbox 303 1239 333 1283; x_wconf 95' lang='lat' dir='ltr'>ut</span> <span class='ocrx_word' id='word_1_116' title='bbox 355 1225 445 1306; x_wconf 90' lang='lat' dir='ltr'>ipsum</span> <span class='ocrx_word' id='word_1_117' title='bbox 467 1228 568 1306; x_wconf 77' lang='lat' dir='ltr'>Regem</span> <span class='ocrx_word' id='word_1_118' title='bbox 590 1249 719 1287; x_wconf 78' lang='lat' dir='ltr'>sessorem</span> <span class='ocrx_word' id='word_1_119' title='bbox 745 1228 870 1287; x_wconf 84' lang='lat' dir='ltr'>habeant.</span> <span class='ocrx_word' id='word_1_120' title='bbox 885 1228 978 1305; x_wconf 83' lang='lat' dir='ltr'>Neque</span> <span class='ocrx_word' id='word_1_121' title='bbox 1031 1228 1167 1302; x_wconf 74' lang='grc' dir='ltr'>Δεσπότης</span> <span class='ocrx_word' id='word_1_122' title='bbox 1181 1235 1302 1310; x_wconf 76' lang='grc' dir='ltr'>αἱρεῖται.</span> <span class='ocrx_word' id='word_1_123' title='bbox 1314 1230 1392 1290; x_wconf 81' lang='grc' dir='ltr'>Ἐπεί</span> <span class='ocrx_word' id='word_1_124' title='bbox 1408 1223 1454 1289; x_wconf 68' lang='grc' dir='ltr'>οὖν</span> <span class='ocrx_word' id='word_1_125' title='bbox 1476 1231 1524 1290; x_wconf 77' lang='grc' dir='ltr'>καὶ</span> <span class='ocrx_word' id='word_1_126' title='bbox 1538 1229 1718 1312; x_wconf 83' lang='grc' dir='ltr'>παρίστασθαι</span> <span class='ocrx_word' id='word_1_127' title='bbox 1737 1232 1786 1309; x_wconf 77' lang='grc' dir='ltr'>μελ-</span> 
     </span>
     <span class='ocr_line' id='line_1_10' title="bbox 235 1315 1785 1402; baseline 0.006 -28"><span class='ocrx_word' id='word_1_128' title='bbox 235 1315 308 1375; x_wconf 89' lang='lat' dir='ltr'>enim</span> <span class='ocrx_word' id='word_1_129' title='bbox 322 1332 427 1377; x_wconf 81' lang='lat' dir='ltr'><strong>recusat</strong></span> <span class='ocrx_word' id='word_1_130' title='bbox 445 1318 492 1378; x_wconf 93' lang='lat' dir='ltr'>ille</span> <span class='ocrx_word' id='word_1_131' title='bbox 513 1319 642 1379; x_wconf 87' lang='lat' dir='ltr'>membris</span> <span class='ocrx_word' id='word_1_132' title='bbox 656 1319 772 1379; x_wconf 84' lang='lat' dir='ltr'>insidere</span> <span class='ocrx_word' id='word_1_133' title='bbox 791 1317 900 1391; x_wconf 86' lang='lat' dir='ltr'>nostris,</span> <span class='ocrx_word' id='word_1_134' title='bbox 921 1319 978 1377; x_wconf 88' lang='lat' dir='ltr'>imo</span> <span class='ocrx_word' id='word_1_135' title='bbox 1030 1323 1088 1396; x_wconf 90' lang='grc' dir='ltr'>λει,</span> <span class='ocrx_word' id='word_1_136' title='bbox 1105 1321 1150 1379; x_wconf 80' lang='grc' dir='ltr'>καὶ</span> <span class='ocrx_word' id='word_1_137' title='bbox 1175 1321 1252 1381; x_wconf 91' lang='grc' dir='ltr'>θυσία</span> <span class='ocrx_word' id='word_1_138' title='bbox 1265 1322 1337 1394; x_wconf 77' lang='grc' dir='ltr'>ἐστὶ,</span> <span class='ocrx_word' id='word_1_139' title='bbox 1357 1322 1448 1383; x_wconf 83' lang='grc' dir='ltr'>πέντα</span> <span class='ocrx_word' id='word_1_140' title='bbox 1462 1325 1561 1400; x_wconf 80' lang='grc' dir='ltr'>μῶμον</span> <span class='ocrx_word' id='word_1_141' title='bbox 1575 1321 1697 1402; x_wconf 63' lang='lat' dir='ltr'>serpitis·</span> <span class='ocrx_word' id='word_1_142' title='bbox 1709 1326 1742 1390; x_wconf 74' lang='lat' dir='ltr'>titt</span> <span class='ocrx_word' id='word_1_143' title='bbox 1752 1324 1785 1384; x_wconf 75' lang='lat' dir='ltr'>lb</span> 
     </span>
     <span class='ocr_line' id='line_1_11' title="bbox 234 1407 1786 1496; baseline 0.007 -32"><span class='ocrx_word' id='word_1_144' title='bbox 234 1407 286 1467; x_wconf 92' lang='lat' dir='ltr'>hoc</span> <span class='ocrx_word' id='word_1_145' title='bbox 299 1430 403 1476; x_wconf 87' lang='lat' dir='ltr'>summe</span> <span class='ocrx_word' id='word_1_146' title='bbox 411 1411 533 1491; x_wconf 84' lang='lat' dir='ltr'>expetit:</span> <span class='ocrx_word' id='word_1_147' title='bbox 547 1425 573 1470; x_wconf 89' lang='lat' dir='ltr'>ct</span> <span class='ocrx_word' id='word_1_148' title='bbox 582 1411 656 1490; x_wconf 91' lang='lat' dir='ltr'>quod</span> <span class='ocrx_word' id='word_1_149' title='bbox 671 1434 720 1472; x_wconf 85' lang='lat' dir='ltr'>rex</span> <span class='ocrx_word' id='word_1_150' title='bbox 732 1412 740 1470; x_wconf 97' lang='lat' dir='ltr'>i</span> <span class='ocrx_word' id='word_1_151' title='bbox 742 1433 800 1492; x_wconf 86' lang='lat' dir='ltr'>pso,</span> <span class='ocrx_word' id='word_1_152' title='bbox 810 1409 858 1489; x_wconf 89' lang='lat' dir='ltr'>qui</span> <span class='ocrx_word' id='word_1_153' title='bbox 868 1431 976 1470; x_wconf 90' lang='lat' dir='ltr'>oonser·</span> <span class='ocrx_word' id='word_1_154' title='bbox 1030 1412 1081 1493; x_wconf 81' lang='grc' dir='ltr'>ίχῃ</span> <span class='ocrx_word' id='word_1_155' title='bbox 1097 1418 1200 1492; x_wconf 80' lang='grc' dir='ltr'>μῶμον,</span> <span class='ocrx_word' id='word_1_156' title='bbox 1212 1413 1296 1474; x_wconf 77' lang='grc' dir='ltr'>οὐκέτ’</span> <span class='ocrx_word' id='word_1_157' title='bbox 1314 1413 1345 1472; x_wconf 77' lang='lat' dir='ltr'>hv</span> <span class='ocrx_word' id='word_1_158' title='bbox 1357 1413 1397 1487; x_wconf 82' lang='grc' dir='ltr'>εἴη</span> <span class='ocrx_word' id='word_1_159' title='bbox 1411 1414 1500 1474; x_wconf 89' lang='grc' dir='ltr'>θυσία.</span> <span class='ocrx_word' id='word_1_160' title='bbox 1514 1413 1590 1474; x_wconf 69' lang='grc' dir='ltr'>Οὐδὲ</span> <span class='ocrx_word' id='word_1_161' title='bbox 1604 1413 1658 1496; x_wconf 80' lang='grc' dir='ltr'>γδρ</span> <span class='ocrx_word' id='word_1_162' title='bbox 1676 1415 1786 1494; x_wconf 75' lang='grc' dir='ltr'>όρθιιλμδι</span> 
     </span>
     <span class='ocr_line' id='line_1_12' title="bbox 233 1502 1784 1588; baseline 0.005 -28"><span class='ocrx_word' id='word_1_163' title='bbox 233 1521 284 1560; x_wconf 86' lang='lat' dir='ltr'>vus</span> <span class='ocrx_word' id='word_1_164' title='bbox 297 1516 387 1561; x_wconf 87' lang='lat' dir='ltr'>noster</span> <span class='ocrx_word' id='word_1_165' title='bbox 399 1517 450 1578; x_wconf 89' lang='lat' dir='ltr'>cst,</span> <span class='ocrx_word' id='word_1_166' title='bbox 464 1502 606 1562; x_wconf 83' lang='lat' dir='ltr'>admittere</span> <span class='ocrx_word' id='word_1_167' title='bbox 616 1503 743 1581; x_wconf 85' lang='lat' dir='ltr'>noluerit,</span> <span class='ocrx_word' id='word_1_168' title='bbox 758 1502 810 1563; x_wconf 92' lang='lat' dir='ltr'>hoc</span> <span class='ocrx_word' id='word_1_169' title='bbox 819 1504 976 1583; x_wconf 79' lang='lat' dir='ltr'>angelorum</span> <span class='ocrx_word' id='word_1_170' title='bbox 1029 1505 1136 1565; x_wconf 84' lang='grc' dir='ltr'>δύναται</span> <span class='ocrx_word' id='word_1_171' title='bbox 1149 1511 1258 1578; x_wconf 83' lang='grc' dir='ltr'>τυθῆναι</span> <span class='ocrx_word' id='word_1_172' title='bbox 1268 1504 1381 1587; x_wconf 74' lang='grc' dir='ltr'>πορνικὰ</span> <span class='ocrx_word' id='word_1_173' title='bbox 1392 1505 1510 1584; x_wconf 81' lang='grc' dir='ltr'>βλέπων,</span> <span class='ocrx_word' id='word_1_174' title='bbox 1525 1509 1558 1567; x_wconf 79' lang='grc' dir='ltr'>οὐ</span> <span class='ocrx_word' id='word_1_175' title='bbox 1567 1505 1629 1587; x_wconf 81' lang='grc' dir='ltr'>χεὶρ</span> <span class='ocrx_word' id='word_1_176' title='bbox 1639 1509 1784 1588; x_wconf 66' lang='grc' dir='ltr'>παραστῆναι</span> 
     </span>
     <span class='ocr_line' id='line_1_13' title="bbox 233 1593 1785 1679; baseline 0.003 -27"><span class='ocrx_word' id='word_1_177' title='bbox 233 1594 367 1653; x_wconf 88' lang='lat' dir='ltr'>Dominus</span> <span class='ocrx_word' id='word_1_178' title='bbox 376 1594 462 1674; x_wconf 78' lang='lat' dir='ltr'>eligit.</span> <span class='ocrx_word' id='word_1_179' title='bbox 476 1597 612 1670; x_wconf 86' lang='lat' dir='ltr'>Quoniam</span> <span class='ocrx_word' id='word_1_180' title='bbox 623 1595 709 1675; x_wconf 75' lang='lat' dir='ltr'>igitur</span> <span class='ocrx_word' id='word_1_181' title='bbox 718 1594 835 1656; x_wconf 89' lang='lat' dir='ltr'>sistenda</span> <span class='ocrx_word' id='word_1_182' title='bbox 849 1609 911 1653; x_wconf 91' lang='lat' dir='ltr'>sunt</span> <span class='ocrx_word' id='word_1_183' title='bbox 925 1593 976 1669; x_wconf 91' lang='lat' dir='ltr'>illi,</span> <span class='ocrx_word' id='word_1_184' title='bbox 1030 1597 1184 1677; x_wconf 81' lang='grc' dir='ltr'>ἁρπάζουσσ</span> <span class='ocrx_word' id='word_1_185' title='bbox 1197 1599 1242 1657; x_wconf 82' lang='grc' dir='ltr'>καὶ</span> <span class='ocrx_word' id='word_1_186' title='bbox 1250 1601 1460 1671; x_wconf 84' lang='grc' dir='ltr'>πλεονεκτοῦσα,</span> <span class='ocrx_word' id='word_1_187' title='bbox 1471 1601 1501 1658; x_wconf 86' lang='grc' dir='ltr'>οὗ</span> <span class='ocrx_word' id='word_1_188' title='bbox 1511 1598 1595 1666; x_wconf 82' lang='grc' dir='ltr'>πόδες</span> <span class='ocrx_word' id='word_1_189' title='bbox 1602 1597 1680 1679; x_wconf 79' lang='grc' dir='ltr'>χωλδ</span> <span class='ocrx_word' id='word_1_190' title='bbox 1690 1598 1785 1676; x_wconf 70' lang='grc' dir='ltr'>βαδίζον·</span> 
     </span>
     <span class='ocr_line' id='line_1_14' title="bbox 233 1683 1783 1771; baseline 0.003 -28"><span class='ocrx_word' id='word_1_191' title='bbox 233 1697 259 1743; x_wconf 88' lang='lat' dir='ltr'>ct</span> <span class='ocrx_word' id='word_1_192' title='bbox 269 1683 328 1745; x_wconf 85' lang='lat' dir='ltr'>haee</span> <span class='ocrx_word' id='word_1_193' title='bbox 342 1686 427 1745; x_wconf 89' lang='lat' dir='ltr'>hostia</span> <span class='ocrx_word' id='word_1_194' title='bbox 441 1701 497 1761; x_wconf 80' lang='lat' dir='ltr'>est,</span> <span class='ocrx_word' id='word_1_195' title='bbox 506 1709 612 1746; x_wconf 88' lang='lat' dir='ltr'>omnem</span> <span class='ocrx_word' id='word_1_196' title='bbox 622 1688 658 1746; x_wconf 92' lang='lat' dir='ltr'>ab</span> <span class='ocrx_word' id='word_1_197' title='bbox 670 1686 725 1746; x_wconf 87' lang='lat' dir='ltr'>illis</span> <span class='ocrx_word' id='word_1_198' title='bbox 734 1686 974 1746; x_wconf 83' lang='lat' dir='ltr'>maculamaufcr:</span> <span class='ocrx_word' id='word_1_199' title='bbox 1029 1711 1073 1755; x_wconf 86' lang='grc' dir='ltr'>τες</span> <span class='ocrx_word' id='word_1_200' title='bbox 1087 1689 1133 1748; x_wconf 81' lang='grc' dir='ltr'>καί</span> <span class='ocrx_word' id='word_1_201' title='bbox 1146 1688 1191 1748; x_wconf 72' lang='grc' dir='ltr'>ἐπὶ</span> <span class='ocrx_word' id='word_1_202' title='bbox 1203 1689 1299 1768; x_wconf 82' lang='grc' dir='ltr'>θέατρα</span> <span class='ocrx_word' id='word_1_203' title='bbox 1313 1688 1518 1761; x_wconf 78' lang='grc' dir='ltr'>ἀναθαίνοντες,</span> <span class='ocrx_word' id='word_1_204' title='bbox 1545 1692 1578 1748; x_wconf 81' lang='grc' dir='ltr'>οὗ</span> <span class='ocrx_word' id='word_1_205' title='bbox 1595 1689 1699 1771; x_wconf 64' lang='grc' dir='ltr'>γαστὴρ</span> <span class='ocrx_word' id='word_1_206' title='bbox 1718 1692 1783 1769; x_wconf 64' lang='lat' dir='ltr'>appi</span> 
     </span>
     <span class='ocr_line' id='line_1_15' title="bbox 233 1776 1784 1857; baseline -0.001 -18"><span class='ocrx_word' id='word_1_207' title='bbox 233 1801 296 1839; x_wconf 90' lang='lat' dir='ltr'>nam</span> <span class='ocrx_word' id='word_1_208' title='bbox 312 1781 334 1840; x_wconf 91' lang='lat' dir='ltr'>si</span> <span class='ocrx_word' id='word_1_209' title='bbox 349 1782 483 1840; x_wconf 82' lang='lat' dir='ltr'>maculam</span> <span class='ocrx_word' id='word_1_210' title='bbox 499 1781 606 1857; x_wconf 86' lang='lat' dir='ltr'>habeat,</span> <span class='ocrx_word' id='word_1_211' title='bbox 618 1802 670 1842; x_wconf 92' lang='lat' dir='ltr'>non</span> <span class='ocrx_word' id='word_1_212' title='bbox 687 1782 758 1841; x_wconf 87' lang='lat' dir='ltr'>ultra</span> <span class='ocrx_word' id='word_1_213' title='bbox 771 1781 859 1840; x_wconf 81' lang='lat' dir='ltr'>hostie</span> <span class='ocrx_word' id='word_1_214' title='bbox 880 1779 972 1841; x_wconf 79' lang='lat' dir='ltr'>fuerit.</span> <span class='ocrx_word' id='word_1_215' title='bbox 1030 1776 1200 1852; x_wconf 78' lang='grc' dir='ltr'>δουλεύουσα,</span> <span class='ocrx_word' id='word_1_216' title='bbox 1215 1779 1259 1838; x_wconf 83' lang='grc' dir='ltr'>καὶ</span> <span class='ocrx_word' id='word_1_217' title='bbox 1271 1781 1325 1838; x_wconf 84' lang='grc' dir='ltr'>τῶν</span> <span class='ocrx_word' id='word_1_218' title='bbox 1338 1776 1464 1851; x_wconf 50' lang='grc' dir='ltr'>δὴδονῶν</span> <span class='ocrx_word' id='word_1_219' title='bbox 1480 1780 1643 1840; x_wconf 67' lang='lat' dir='ltr'>enema</span> <span class='ocrx_word' id='word_1_220' title='bbox 1656 1778 1702 1847; x_wconf 69' lang='lat' dir='ltr'>rh&lt;</span> <span class='ocrx_word' id='word_1_221' title='bbox 1713 1782 1784 1838; x_wconf 79' lang='grc' dir='ltr'>έσιθν·</span> 
     </span>
     <span class='ocr_line' id='line_1_16' title="bbox 232 1868 1782 1957; baseline -0.003 -22"><span class='ocrx_word' id='word_1_222' title='bbox 232 1878 325 1954; x_wconf 85' lang='lat' dir='ltr'>Neque</span> <span class='ocrx_word' id='word_1_223' title='bbox 339 1879 410 1935; x_wconf 89' lang='lat' dir='ltr'>enirn</span> <span class='ocrx_word' id='word_1_224' title='bbox 426 1877 532 1953; x_wconf 87' lang='lat' dir='ltr'>oculus,</span> <span class='ocrx_word' id='word_1_225' title='bbox 556 1876 604 1954; x_wconf 89' lang='lat' dir='ltr'>qui</span> <span class='ocrx_word' id='word_1_226' title='bbox 619 1874 770 1936; x_wconf 87' lang='lat' dir='ltr'>meretricia</span> <span class='ocrx_word' id='word_1_227' title='bbox 783 1875 903 1957; x_wconf 75' lang='lat' dir='ltr'>respicit,</span> <span class='ocrx_word' id='word_1_228' title='bbox 921 1895 974 1956; x_wconf 93' lang='lat' dir='ltr'>po·</span> <span class='ocrx_word' id='word_1_229' title='bbox 991 1885 1011 1934; x_wconf 81' lang='lat' dir='ltr'>tt</span> <span class='ocrx_word' id='word_1_230' title='bbox 1031 1869 1106 1946; x_wconf 81' lang='grc' dir='ltr'>μίας,</span> <span class='ocrx_word' id='word_1_231' title='bbox 1121 1873 1150 1930; x_wconf 84' lang='grc' dir='ltr'>οὗ</span> <span class='ocrx_word' id='word_1_232' title='bbox 1175 1869 1271 1951; x_wconf 91' lang='grc' dir='ltr'>καρδία</span> <span class='ocrx_word' id='word_1_233' title='bbox 1285 1868 1365 1946; x_wconf 79' lang='grc' dir='ltr'>θυμόν</span> <span class='ocrx_word' id='word_1_234' title='bbox 1379 1871 1481 1950; x_wconf 78' lang='grc' dir='ltr'>ἔχουσα</span> <span class='ocrx_word' id='word_1_235' title='bbox 1493 1870 1544 1930; x_wconf 83' lang='grc' dir='ltr'>καὶ</span> <span class='ocrx_word' id='word_1_236' title='bbox 1567 1871 1654 1952; x_wconf 76' lang='grc' dir='ltr'>ἔρωτα</span> <span class='ocrx_word' id='word_1_237' title='bbox 1674 1869 1782 1951; x_wconf 70' lang='lat' dir='ltr'>sepierit,</span> 
     </span>
     <span class='ocr_line' id='line_1_17' title="bbox 232 1961 1598 2050; baseline 0.001 -22"><span class='ocrx_word' id='word_1_238' title='bbox 232 1983 284 2029; x_wconf 86' lang='lat' dir='ltr'>test</span> <span class='ocrx_word' id='word_1_239' title='bbox 301 1970 445 2047; x_wconf 86' lang='lat' dir='ltr'>immolari,</span> <span class='ocrx_word' id='word_1_240' title='bbox 458 1990 508 2032; x_wconf 87' lang='lat' dir='ltr'>nec</span> <span class='ocrx_word' id='word_1_241' title='bbox 524 1991 619 2030; x_wconf 90' lang='lat' dir='ltr'>manus</span> <span class='ocrx_word' id='word_1_242' title='bbox 640 1971 742 2047; x_wconf 80' lang='lat' dir='ltr'>offerri,</span> <span class='ocrx_word' id='word_1_243' title='bbox 758 1991 818 2049; x_wconf 86' lang='lat' dir='ltr'>quae</span> <span class='ocrx_word' id='word_1_244' title='bbox 837 1969 974 2050; x_wconf 83' lang='lat' dir='ltr'>rapiuaeet</span> <span class='ocrx_word' id='word_1_245' title='bbox 1030 1963 1059 2021; x_wconf 71' lang='grc' dir='ltr'>ὠ</span> <span class='ocrx_word' id='word_1_246' title='bbox 1076 1964 1181 2041; x_wconf 71' lang='grc' dir='ltr'>γλῶττα</span> <span class='ocrx_word' id='word_1_247' title='bbox 1195 1961 1481 2042; x_wconf 56' lang='grc' dir='ltr'>αἰσχρόφθεγγνμίνη.</span> <span class='ocrx_word' id='word_1_248' title='bbox 1592 2034 1598 2047; x_wconf 59' lang='grc'>,</span> 
     </span>
    </p>

    <p class='ocr_par' dir='ltr' id='par_1_3' title="bbox 231 2064 974 2148">
     <span class='ocr_line' id='line_1_18' title="bbox 231 2064 974 2148; baseline -0.001 -22"><span class='ocrx_word' id='word_1_249' title='bbox 231 2066 351 2128; x_wconf 75' lang='lat' dir='ltr'>avaritiae</span> <span class='ocrx_word' id='word_1_250' title='bbox 360 2066 408 2125; x_wconf 93' lang='lat' dir='ltr'>dat</span> <span class='ocrx_word' id='word_1_251' title='bbox 421 2087 539 2146; x_wconf 86' lang='lat' dir='ltr'>operam,</span> <span class='ocrx_word' id='word_1_252' title='bbox 554 2086 603 2126; x_wconf 90' lang='lat' dir='ltr'>nec</span> <span class='ocrx_word' id='word_1_253' title='bbox 614 2065 704 2148; x_wconf 84' lang='lat' dir='ltr'>pedes,</span> <span class='ocrx_word' id='word_1_254' title='bbox 722 2067 769 2145; x_wconf 90' lang='lat' dir='ltr'>qui</span> <span class='ocrx_word' id='word_1_255' title='bbox 781 2064 935 2125; x_wconf 88' lang='lat' dir='ltr'>claudicant</span> <span class='ocrx_word' id='word_1_256' title='bbox 947 2078 974 2125; x_wconf 90' lang='lat' dir='ltr'>et</span> 
     </span>
    </p>

    <p class='ocr_par' dir='ltr' id='par_1_4' title="bbox 229 2155 974 2237">
     <span class='ocr_line' id='line_1_19' title="bbox 229 2155 974 2237; baseline -0.001 -20"><span class='ocrx_word' id='word_1_257' title='bbox 229 2158 266 2217; x_wconf 89' lang='lat' dir='ltr'>ad</span> <span class='ocrx_word' id='word_1_258' title='bbox 276 2158 379 2217; x_wconf 84' lang='lat' dir='ltr'>theatra</span> <span class='ocrx_word' id='word_1_259' title='bbox 389 2157 548 2232; x_wconf 88' lang='lat' dir='ltr'>ascondunt,</span> <span class='ocrx_word' id='word_1_260' title='bbox 560 2178 610 2216; x_wconf 90' lang='lat' dir='ltr'>nec</span> <span class='ocrx_word' id='word_1_261' title='bbox 624 2170 727 2235; x_wconf 83' lang='lat' dir='ltr'>venter,</span> <span class='ocrx_word' id='word_1_262' title='bbox 741 2157 788 2237; x_wconf 89' lang='lat' dir='ltr'>qui</span> <span class='ocrx_word' id='word_1_263' title='bbox 800 2155 906 2216; x_wconf 87' lang='lat' dir='ltr'>deliciis</span> <span class='ocrx_word' id='word_1_264' title='bbox 919 2176 974 2216; x_wconf 90' lang='lat' dir='ltr'>ser·</span> 
     </span>
    </p>

    <p class='ocr_par' dir='ltr' id='par_1_5' title="bbox 229 2246 974 2330">
     <span class='ocr_line' id='line_1_20' title="bbox 229 2246 974 2330; baseline -0.005 -21"><span class='ocrx_word' id='word_1_265' title='bbox 229 2249 271 2309; x_wconf 78' lang='lat' dir='ltr'>vit</span> <span class='ocrx_word' id='word_1_266' title='bbox 284 2250 510 2330; x_wconf 74' lang='lat' dir='ltr'>voluptatumque</span> <span class='ocrx_word' id='word_1_267' title='bbox 523 2248 767 2329; x_wconf 85' lang='lat' dir='ltr'>concupiscentiam</span> <span class='ocrx_word' id='word_1_268' title='bbox 783 2246 911 2323; x_wconf 88' lang='lat' dir='ltr'>incendit,</span> <span class='ocrx_word' id='word_1_269' title='bbox 925 2267 974 2306; x_wconf 90' lang='lat' dir='ltr'>nec</span> 
     </span>
    </p>

    <p class='ocr_par' dir='ltr' id='par_1_6' title="bbox 228 2335 973 2413">
     <span class='ocr_line' id='line_1_21' title="bbox 228 2335 973 2413; baseline -0.001 -16"><span class='ocrx_word' id='word_1_270' title='bbox 228 2359 276 2397; x_wconf 90' lang='lat' dir='ltr'>eor</span> <span class='ocrx_word' id='word_1_271' title='bbox 288 2337 358 2397; x_wconf 90' lang='lat' dir='ltr'>iram</span> <span class='ocrx_word' id='word_1_272' title='bbox 371 2337 414 2398; x_wconf 86' lang='lat' dir='ltr'>vcl</span> <span class='ocrx_word' id='word_1_273' title='bbox 429 2356 547 2396; x_wconf 89' lang='lat' dir='ltr'>amorem</span> <span class='ocrx_word' id='word_1_274' title='bbox 558 2335 739 2396; x_wconf 86' lang='lat' dir='ltr'>meretricium</span> <span class='ocrx_word' id='word_1_275' title='bbox 749 2337 851 2413; x_wconf 79' lang='lat' dir='ltr'>fovens,</span> <span class='ocrx_word' id='word_1_276' title='bbox 861 2358 909 2397; x_wconf 89' lang='lat' dir='ltr'>nec</span> <span class='ocrx_word' id='word_1_277' title='bbox 920 2337 973 2397; x_wconf 91' lang='lat' dir='ltr'>lin·</span> 
     </span>
    </p>

    <p class='ocr_par' dir='ltr' id='par_1_7' title="bbox 229 2432 523 2516">
     <span class='ocr_line' id='line_1_22' title="bbox 229 2432 523 2516; baseline 0 -24"><span class='ocrx_word' id='word_1_278' title='bbox 229 2454 283 2516; x_wconf 76' lang='lat' dir='ltr'>gua</span> <span class='ocrx_word' id='word_1_279' title='bbox 298 2433 390 2513; x_wconf 86' lang='lat' dir='ltr'>turpia</span> <span class='ocrx_word' id='word_1_280' title='bbox 403 2432 523 2511; x_wconf 89' lang='lat' dir='ltr'>loquens.</span> 
     </span>
    </p>

    <p class='ocr_par' dir='ltr' id='par_1_8' title="bbox 226 2523 1820 3262">
     <span class='ocr_line' id='line_1_23' title="bbox 268 2523 1780 2607; baseline 0.001 -22"><span class='ocrx_word' id='word_1_281' title='bbox 268 2531 298 2586; x_wconf 73' lang='grc' dir='ltr'>θ.</span> <span class='ocrx_word' id='word_1_282' title='bbox 315 2524 379 2584; x_wconf 89' lang='lat' dir='ltr'>ldeo</span> <span class='ocrx_word' id='word_1_283' title='bbox 403 2537 510 2605; x_wconf 85' lang='lat' dir='ltr'>oportet</span> <span class='ocrx_word' id='word_1_284' title='bbox 525 2523 643 2603; x_wconf 89' lang='lat' dir='ltr'>undique</span> <span class='ocrx_word' id='word_1_285' title='bbox 660 2523 804 2605; x_wconf 86' lang='lat' dir='ltr'>dispicere,</span> <span class='ocrx_word' id='word_1_286' title='bbox 820 2544 854 2583; x_wconf 91' lang='lat' dir='ltr'>ne</span> <span class='ocrx_word' id='word_1_287' title='bbox 873 2544 971 2606; x_wconf 89' lang='lat' dir='ltr'>corpus</span> <span class='ocrx_word' id='word_1_288' title='bbox 1066 2526 1115 2586; x_wconf 82' lang='grc' dir='ltr'>Διό</span> <span class='ocrx_word' id='word_1_289' title='bbox 1129 2524 1182 2607; x_wconf 78' lang='grc' dir='ltr'>χρὴ</span> <span class='ocrx_word' id='word_1_290' title='bbox 1200 2523 1365 2606; x_wconf 83' lang='grc' dir='ltr'>πανταχόθεν</span> <span class='ocrx_word' id='word_1_291' title='bbox 1381 2531 1627 2604; x_wconf 86' lang='grc' dir='ltr'>μωμοσκοπιῑσθαι</span> <span class='ocrx_word' id='word_1_292' title='bbox 1643 2526 1673 2587; x_wconf 80' lang='grc' dir='ltr'>τὸ</span> <span class='ocrx_word' id='word_1_293' title='bbox 1684 2526 1780 2606; x_wconf 64' lang='lat' dir='ltr'>oepit</span> 
     </span>
     <span class='ocr_line' id='line_1_24' title="bbox 228 2616 1780 2699; baseline 0 -22"><span class='ocrx_word' id='word_1_294' title='bbox 228 2632 350 2678; x_wconf 86' lang='lat' dir='ltr'>nostrum</span> <span class='ocrx_word' id='word_1_295' title='bbox 362 2617 529 2677; x_wconf 90' lang='lat' dir='ltr'>maculosum</span> <span class='ocrx_word' id='word_1_296' title='bbox 538 2617 581 2676; x_wconf 92' lang='lat' dir='ltr'>sit.</span> <span class='ocrx_word' id='word_1_297' title='bbox 594 2616 624 2678; x_wconf 88' lang='lat' dir='ltr'>Si</span> <span class='ocrx_word' id='word_1_298' title='bbox 634 2616 707 2676; x_wconf 88' lang='lat' dir='ltr'>enim</span> <span class='ocrx_word' id='word_1_299' title='bbox 717 2616 749 2695; x_wconf 92' lang='lat' dir='ltr'>ii,</span> <span class='ocrx_word' id='word_1_300' title='bbox 764 2616 812 2696; x_wconf 84' lang='lat' dir='ltr'>qui</span> <span class='ocrx_word' id='word_1_301' title='bbox 825 2631 927 2679; x_wconf 85' lang='lat' dir='ltr'>veteres</span> <span class='ocrx_word' id='word_1_302' title='bbox 937 2619 972 2678; x_wconf 87' lang='lat' dir='ltr'>il·</span> <span class='ocrx_word' id='word_1_303' title='bbox 1024 2617 1163 2698; x_wconf 80' lang='grc' dir='ltr'>ἡμέτερον.</span> <span class='ocrx_word' id='word_1_304' title='bbox 1180 2619 1215 2678; x_wconf 79' lang='grc' dir='ltr'>Εἰ</span> <span class='ocrx_word' id='word_1_305' title='bbox 1230 2617 1281 2698; x_wconf 76' lang='grc' dir='ltr'>γὰρ</span> <span class='ocrx_word' id='word_1_306' title='bbox 1296 2620 1319 2677; x_wconf 89' lang='grc' dir='ltr'>σί</span> <span class='ocrx_word' id='word_1_307' title='bbox 1333 2616 1380 2684; x_wconf 85' lang='grc' dir='ltr'>τδις</span> <span class='ocrx_word' id='word_1_308' title='bbox 1395 2616 1518 2684; x_wconf 73' lang='grc' dir='ltr'>παλαιὰς</span> <span class='ocrx_word' id='word_1_309' title='bbox 1530 2617 1780 2699; x_wconf 77' lang='grc' dir='ltr'>ἀναρέροντεςθνιίες</span> 
     </span>
     <span class='ocr_line' id='line_1_25' title="bbox 228 2708 1779 2791; baseline -0.002 -20"><span class='ocrx_word' id='word_1_310' title='bbox 228 2711 269 2771; x_wconf 82' lang='lat' dir='ltr'>las</span> <span class='ocrx_word' id='word_1_311' title='bbox 281 2711 383 2771; x_wconf 89' lang='lat' dir='ltr'>hostias</span> <span class='ocrx_word' id='word_1_312' title='bbox 393 2711 553 2786; x_wconf 79' lang='lat' dir='ltr'>offerebant,</span> <span class='ocrx_word' id='word_1_313' title='bbox 563 2708 729 2791; x_wconf 75' lang='lat' dir='ltr'>jubebantur</span> <span class='ocrx_word' id='word_1_314' title='bbox 739 2709 830 2768; x_wconf 82' lang='lat' dir='ltr'>omnia</span> <span class='ocrx_word' id='word_1_315' title='bbox 851 2708 970 2770; x_wconf 69' lang='lat' dir='ltr'>circum</span> <span class='ocrx_word' id='word_1_316' title='bbox 1025 2710 1176 2770; x_wconf 76' lang='grc' dir='ltr'>ἐκελεύοντο</span> <span class='ocrx_word' id='word_1_317' title='bbox 1197 2709 1284 2769; x_wconf 81' lang='grc' dir='ltr'>πάντα</span> <span class='ocrx_word' id='word_1_318' title='bbox 1304 2717 1486 2788; x_wconf 81' lang='grc' dir='ltr'>περισκοπεῖν,</span> <span class='ocrx_word' id='word_1_319' title='bbox 1503 2709 1551 2768; x_wconf 81' lang='grc' dir='ltr'>καὶ</span> <span class='ocrx_word' id='word_1_320' title='bbox 1565 2709 1629 2769; x_wconf 76' lang='lat' dir='ltr'>edre</span> <span class='ocrx_word' id='word_1_321' title='bbox 1641 2710 1779 2788; x_wconf 75' lang='grc' dir='ltr'>ὦπίτριπτε,</span> 
     </span>
     <span class='ocr_line' id='line_1_26' title="bbox 227 2799 1820 2884; baseline 0 -23"><span class='ocrx_word' id='word_1_322' title='bbox 227 2803 341 2884; x_wconf 85' lang='lat' dir='ltr'>spicere,</span> <span class='ocrx_word' id='word_1_323' title='bbox 356 2824 405 2863; x_wconf 89' lang='lat' dir='ltr'>neo</span> <span class='ocrx_word' id='word_1_324' title='bbox 417 2801 491 2881; x_wconf 86' lang='lat' dir='ltr'>quod</span> <span class='ocrx_word' id='word_1_325' title='bbox 509 2815 576 2862; x_wconf 87' lang='lat' dir='ltr'>esset</span> <span class='ocrx_word' id='word_1_326' title='bbox 599 2800 710 2862; x_wconf 81' lang='lat' dir='ltr'>succisis</span> <span class='ocrx_word' id='word_1_327' title='bbox 731 2800 856 2874; x_wconf 86' lang='lat' dir='ltr'>auribus,</span> <span class='ocrx_word' id='word_1_328' title='bbox 883 2802 970 2863; x_wconf 86' lang='lat' dir='ltr'>canda</span> <span class='ocrx_word' id='word_1_329' title='bbox 1024 2799 1084 2860; x_wconf 80' lang='grc' dir='ltr'>οὔτε</span> <span class='ocrx_word' id='word_1_330' title='bbox 1100 2800 1299 2882; x_wconf 76' lang='grc' dir='ltr'>κολοὸόκερκον,</span> <span class='ocrx_word' id='word_1_331' title='bbox 1312 2799 1370 2860; x_wconf 81' lang='grc' dir='ltr'>οὔτε</span> <span class='ocrx_word' id='word_1_332' title='bbox 1383 2801 1601 2880; x_wconf 81' lang='grc' dir='ltr'>ψωραγριῶντα,</span> <span class='ocrx_word' id='word_1_333' title='bbox 1616 2802 1675 2862; x_wconf 78' lang='grc' dir='ltr'>οὔτε</span> <span class='ocrx_word' id='word_1_334' title='bbox 1690 2805 1779 2881; x_wconf 57' lang='lat' dir='ltr'>largire</span> <span class='ocrx_word' id='word_1_335' title='bbox 1818 2800 1820 2805; x_wconf 77' lang='grc'><strong>’</strong></span> 
     </span>
     <span class='ocr_line' id='line_1_27' title="bbox 228 2890 1820 2975; baseline -0.003 -20"><span class='ocrx_word' id='word_1_336' title='bbox 228 2895 335 2973; x_wconf 84' lang='lat' dir='ltr'>mutila,</span> <span class='ocrx_word' id='word_1_337' title='bbox 347 2895 562 2971; x_wconf 86' lang='lat' dir='ltr'>scabiosum‚aut</span> <span class='ocrx_word' id='word_1_338' title='bbox 573 2892 758 2975; x_wconf 84' lang='lat' dir='ltr'>impetiginem</span> <span class='ocrx_word' id='word_1_339' title='bbox 767 2891 879 2971; x_wconf 85' lang='lat' dir='ltr'>habens,</span> <span class='ocrx_word' id='word_1_340' title='bbox 889 2894 971 2954; x_wconf 83' lang='lat' dir='ltr'>oller·</span> <span class='ocrx_word' id='word_1_341' title='bbox 1024 2892 1136 2974; x_wconf 76' lang='grc' dir='ltr'>ἔχοντα,</span> <span class='ocrx_word' id='word_1_342' title='bbox 1151 2890 1327 2974; x_wconf 75' lang='grc' dir='ltr'>ἐπιτρέποντα</span> <span class='ocrx_word' id='word_1_343' title='bbox 1338 2891 1607 2974; x_wconf 75' lang='grc' dir='ltr'>ἀναρίρειν·πολλῷ</span> <span class='ocrx_word' id='word_1_344' title='bbox 1621 2894 1780 2971; x_wconf 65' lang='grc' dir='ltr'>μυλαιῆμῐς</span> <span class='ocrx_word' id='word_1_345' title='bbox 1818 2920 1820 2927; x_wconf 92' lang='grc'><strong><em>·</em></strong></span> 
     </span>
     <span class='ocr_line' id='line_1_28' title="bbox 226 2982 1820 3068; baseline -0.001 -23"><span class='ocrx_word' id='word_1_346' title='bbox 226 3008 256 3046; x_wconf 88' lang='lat' dir='ltr'>re</span> <span class='ocrx_word' id='word_1_347' title='bbox 266 2985 609 3068; x_wconf 75' lang='lat' dir='ltr'>permittebanturzmulto</span> <span class='ocrx_word' id='word_1_348' title='bbox 624 2984 711 3064; x_wconf 77' lang='lat' dir='ltr'>magis</span> <span class='ocrx_word' id='word_1_349' title='bbox 725 3004 773 3043; x_wconf 89' lang='lat' dir='ltr'>nos</span> <span class='ocrx_word' id='word_1_350' title='bbox 788 2984 835 3063; x_wconf 90' lang='lat' dir='ltr'>qui</span> <span class='ocrx_word' id='word_1_351' title='bbox 852 3005 907 3045; x_wconf 91' lang='lat' dir='ltr'>non</span> <span class='ocrx_word' id='word_1_352' title='bbox 926 2984 969 3045; x_wconf 89' lang='lat' dir='ltr'>ir-</span> <span class='ocrx_word' id='word_1_353' title='bbox 1023 2985 1083 3054; x_wconf 78' lang='grc' dir='ltr'>τοὺς</span> <span class='ocrx_word' id='word_1_354' title='bbox 1096 2988 1124 3046; x_wconf 88' lang='grc' dir='ltr'>σθ</span> <span class='ocrx_word' id='word_1_355' title='bbox 1137 2983 1260 3064; x_wconf 79' lang='grc' dir='ltr'>τρόθατα</span> <span class='ocrx_word' id='word_1_356' title='bbox 1274 2984 1372 3062; x_wconf 76' lang='grc' dir='ltr'>ἄλογα,</span> <span class='ocrx_word' id='word_1_357' title='bbox 1397 2982 1456 3041; x_wconf 77' lang='grc' dir='ltr'>ἀλλ’</span> <span class='ocrx_word' id='word_1_358' title='bbox 1477 2982 1591 3052; x_wconf 70' lang='grc' dir='ltr'>ἑαυτοὺς</span> <span class='ocrx_word' id='word_1_359' title='bbox 1610 2984 1777 3066; x_wconf 75' lang='grc' dir='ltr'>ἅναρίροπις,</span> <span class='ocrx_word' id='word_1_360' title='bbox 1818 2988 1820 3059; x_wconf 80' lang='lat' dir='ltr'><strong>j</strong></span> 
     </span>
     <span class='ocr_line' id='line_1_29' title="bbox 226 3075 1820 3160; baseline -0.002 -21"><span class='ocrx_word' id='word_1_361' title='bbox 226 3079 368 3140; x_wconf 88' lang='lat' dir='ltr'>tionabiles</span> <span class='ocrx_word' id='word_1_362' title='bbox 386 3100 461 3153; x_wconf 85' lang='lat' dir='ltr'>oves,</span> <span class='ocrx_word' id='word_1_363' title='bbox 484 3080 533 3141; x_wconf 88' lang='lat' dir='ltr'>sed</span> <span class='ocrx_word' id='word_1_364' title='bbox 546 3100 593 3138; x_wconf 90' lang='lat' dir='ltr'>nos</span> <span class='ocrx_word' id='word_1_365' title='bbox 616 3078 689 3160; x_wconf 87' lang='lat' dir='ltr'>ipsos</span> <span class='ocrx_word' id='word_1_366' title='bbox 707 3076 857 3155; x_wconf 82' lang='lat' dir='ltr'>offerimus,</span> <span class='ocrx_word' id='word_1_367' title='bbox 868 3079 970 3160; x_wconf 81' lang='lat' dir='ltr'>majore</span> <span class='ocrx_word' id='word_1_368' title='bbox 1022 3078 1132 3139; x_wconf 75' lang='grc' dir='ltr'>πλείονα</span> <span class='ocrx_word' id='word_1_369' title='bbox 1154 3075 1293 3158; x_wconf 75' lang='grc' dir='ltr'>ἀκρίδιισν</span> <span class='ocrx_word' id='word_1_370' title='bbox 1315 3075 1501 3135; x_wconf 70' lang='grc' dir='ltr'>ἐπεδείκνυσθα</span> <span class='ocrx_word' id='word_1_371' title='bbox 1525 3075 1598 3156; x_wconf 76' lang='grc' dir='ltr'>χρὴ,</span> <span class='ocrx_word' id='word_1_372' title='bbox 1617 3075 1778 3136; x_wconf 64' lang='lat' dir='ltr'>zulcimin</span> <span class='ocrx_word' id='word_1_373' title='bbox 1818 3086 1820 3143; x_wconf 77' lang='grc' dir='ltr'>ξ</span> 
     </span>
     <span class='ocr_line' id='line_1_30' title="bbox 226 3099 1820 3262; baseline -0.002 -30"><span class='ocrx_word' id='word_1_374' title='bbox 226 3172 394 3232; x_wconf 86' lang='lat' dir='ltr'>accuratione</span> <span class='ocrx_word' id='word_1_375' title='bbox 404 3172 444 3230; x_wconf 91' lang='lat' dir='ltr'>uti</span> <span class='ocrx_word' id='word_1_376' title='bbox 457 3184 562 3252; x_wconf 89' lang='lat' dir='ltr'>oportet</span> <span class='ocrx_word' id='word_1_377' title='bbox 579 3185 659 3249; x_wconf 88' lang='lat' dir='ltr'>atque</span> <span class='ocrx_word' id='word_1_378' title='bbox 672 3168 793 3248; x_wconf 88' lang='lat' dir='ltr'>undique</span> <span class='ocrx_word' id='word_1_379' title='bbox 805 3189 887 3250; x_wconf 93' lang='lat' dir='ltr'>puros</span> <span class='ocrx_word' id='word_1_380' title='bbox 900 3191 967 3248; x_wconf 88' lang='lat' dir='ltr'>csse,</span> <span class='ocrx_word' id='word_1_381' title='bbox 977 3224 1013 3262; x_wconf 59' lang='lat' dir='ltr'><strong>m</strong></span> <span class='ocrx_word' id='word_1_382' title='bbox 1022 3162 1089 3229; x_wconf 78' lang='lat' dir='ltr'>elren</span> <span class='ocrx_word' id='word_1_383' title='bbox 1098 3169 1243 3251; x_wconf 78' lang='grc' dir='ltr'>καθαροὺς,</span> <span class='ocrx_word' id='word_1_384' title='bbox 1255 3167 1297 3227; x_wconf 87' lang='grc' dir='ltr'>ίνα</span> <span class='ocrx_word' id='word_1_385' title='bbox 1310 3169 1459 3245; x_wconf 80' lang='grc' dir='ltr'>δυνηθῶμεν</span> <span class='ocrx_word' id='word_1_386' title='bbox 1468 3099 1517 3227; x_wconf 70' lang='lat' dir='ltr'>xri</span> <span class='ocrx_word' id='word_1_387' title='bbox 1528 3172 1610 3247; x_wconf 76' lang='grc' dir='ltr'>ἡμεῖς</span> <span class='ocrx_word' id='word_1_388' title='bbox 1618 3170 1685 3229; x_wconf 67' lang='lat' dir='ltr'>mh</span> <span class='ocrx_word' id='word_1_389' title='bbox 1694 3169 1777 3229; x_wconf 63' lang='lat' dir='ltr'>notu</span> <span class='ocrx_word' id='word_1_390' title='bbox 1801 3170 1820 3211; x_wconf 77' lang='grc'>·’</span> 
     </span>
    </p>

    <p class='ocr_par' dir='ltr' id='par_1_9' title="bbox 76 3259 1777 3346">
     <span class='ocr_line' id='line_1_31' title="bbox 76 3259 1777 3346; baseline -0.002 -22"><span class='ocrx_word' id='word_1_391' title='bbox 76 3295 99 3326; x_wconf 73' lang='grc' dir='ltr'>ι.</span> <span class='ocrx_word' id='word_1_392' title='bbox 115 3285 174 3329; x_wconf 83' lang='lat' dir='ltr'>Ttm.</span> <span class='ocrx_word' id='word_1_393' title='bbox 191 3280 216 3346; x_wconf 75' lang='lat'>4.</span> <span class='ocrx_word' id='word_1_394' title='bbox 228 3279 258 3324; x_wconf 93' lang='lat' dir='ltr'>ut</span> <span class='ocrx_word' id='word_1_395' title='bbox 268 3265 402 3345; x_wconf 83' lang='lat' dir='ltr'>possimus</span> <span class='ocrx_word' id='word_1_396' title='bbox 414 3263 561 3323; x_wconf 87' lang='lat' dir='ltr'>secundum</span> <span class='ocrx_word' id='word_1_397' title='bbox 573 3263 688 3321; x_wconf 81' lang='lat' dir='ltr'>Paulum</span> <span class='ocrx_word' id='word_1_398' title='bbox 698 3260 787 3321; x_wconf 89' lang='lat' dir='ltr'>dicere</span> <span class='ocrx_word' id='word_1_399' title='bbox 797 3283 804 3317; x_wconf 81' lang='grc' dir='ltr'>ι</span> <span class='ocrx_word' id='word_1_400' title='bbox 814 3263 878 3342; x_wconf 82' lang='lat' dir='ltr'>Ego</span> <span class='ocrx_word' id='word_1_401' title='bbox 890 3267 968 3322; x_wconf 87' lang='lat' dir='ltr'>enim</span> <span class='ocrx_word' id='word_1_402' title='bbox 986 3279 1006 3326; x_wconf 80' lang='grc' dir='ltr'><strong>Α</strong></span> <span class='ocrx_word' id='word_1_403' title='bbox 1021 3263 1120 3342; x_wconf 87' lang='grc' dir='ltr'>λέγειν·</span> <span class='ocrx_word' id='word_1_404' title='bbox 1134 3260 1208 3341; x_wconf 81' lang='grc' dir='ltr'>Ἐγὼ</span> <span class='ocrx_word' id='word_1_405' title='bbox 1223 3260 1275 3341; x_wconf 74' lang='grc' dir='ltr'>γὰρ</span> <span class='ocrx_word' id='word_1_406' title='bbox 1289 3259 1339 3333; x_wconf 81' lang='grc' dir='ltr'>ἤδη</span> <span class='ocrx_word' id='word_1_407' title='bbox 1354 3259 1524 3338; x_wconf 86' lang='grc' dir='ltr'>σπένδομαι,</span> <span class='ocrx_word' id='word_1_408' title='bbox 1538 3261 1588 3320; x_wconf 82' lang='grc' dir='ltr'>καλ</span> <span class='ocrx_word' id='word_1_409' title='bbox 1610 3265 1625 3320; x_wconf 85' lang='grc' dir='ltr'>δ</span> <span class='ocrx_word' id='word_1_410' title='bbox 1644 3261 1726 3340; x_wconf 79' lang='grc' dir='ltr'>καιρός</span> <span class='ocrx_word' id='word_1_411' title='bbox 1741 3263 1777 3329; x_wconf 73' lang='grc' dir='ltr'>τῆς</span> 
     </span>
    </p>

    <p class='ocr_par' dir='ltr' id='par_1_10' title="bbox 74 3344 1820 5032">
     <span class='ocr_line' id='line_1_32' title="bbox 74 3344 1777 3438; baseline -0.002 -23"><span class='ocrx_word' id='word_1_412' title='bbox 74 3344 98 3388; x_wconf 77' lang='lat'>⁶·</span> <span class='ocrx_word' id='word_1_413' title='bbox 222 3360 289 3438; x_wconf 80' lang='lat' dir='ltr'>jam</span> <span class='ocrx_word' id='word_1_414' title='bbox 298 3359 454 3429; x_wconf 82' lang='lat' dir='ltr'>delibor,et</span> <span class='ocrx_word' id='word_1_415' title='bbox 470 3370 581 3437; x_wconf 73' lang='grc' dir='ltr'>ιστημιαν</span> <span class='ocrx_word' id='word_1_416' title='bbox 591 3355 775 3415; x_wconf 82' lang='lat' dir='ltr'>resolutionis</span> <span class='ocrx_word' id='word_1_417' title='bbox 786 3375 857 3413; x_wconf 87' lang='lat' dir='ltr'>meae</span> <span class='ocrx_word' id='word_1_418' title='bbox 865 3357 966 3413; x_wconf 85' lang='lat' dir='ltr'>instat.</span> <span class='ocrx_word' id='word_1_419' title='bbox 1022 3358 1088 3432; x_wconf 78' lang='grc' dir='ltr'>ἐμῆς</span> <span class='ocrx_word' id='word_1_420' title='bbox 1102 3352 1252 3418; x_wconf 81' lang='grc' dir='ltr'>ἀναλύσεως</span> <span class='ocrx_word' id='word_1_421' title='bbox 1275 3352 1409 3431; x_wconf 74' lang='grc' dir='ltr'>ἐφέστηκε.</span> <span class='ocrx_word' id='word_1_422' title='bbox 1433 3351 1488 3410; x_wconf 83' lang='grc' dir='ltr'>Καὶ</span> <span class='ocrx_word' id='word_1_423' title='bbox 1513 3351 1568 3432; x_wconf 75' lang='grc' dir='ltr'>γὰρ</span> <span class='ocrx_word' id='word_1_424' title='bbox 1591 3353 1683 3421; x_wconf 82' lang='grc' dir='ltr'>θυσίας</span> <span class='ocrx_word' id='word_1_425' title='bbox 1694 3351 1777 3421; x_wconf 69' lang='lat' dir='ltr'>dedus</span> 
     </span>
     <span class='ocr_line' id='line_1_33' title="bbox 227 3436 1773 3526; baseline -0.003 -19"><span class='ocrx_word' id='word_1_426' title='bbox 227 3449 335 3507; x_wconf 90' lang='lat' dir='ltr'>Etenim</span> <span class='ocrx_word' id='word_1_427' title='bbox 354 3448 441 3507; x_wconf 83' lang='lat' dir='ltr'>hostia</span> <span class='ocrx_word' id='word_1_428' title='bbox 463 3448 537 3506; x_wconf 92' lang='lat' dir='ltr'>omni</span> <span class='ocrx_word' id='word_1_429' title='bbox 562 3446 658 3526; x_wconf 90' lang='lat' dir='ltr'>purior</span> <span class='ocrx_word' id='word_1_430' title='bbox 677 3459 751 3504; x_wconf 87' lang='lat' dir='ltr'>erat:</span> <span class='ocrx_word' id='word_1_431' title='bbox 764 3444 826 3503; x_wconf 87' lang='lat' dir='ltr'>idco</span> <span class='ocrx_word' id='word_1_432' title='bbox 849 3444 967 3504; x_wconf 83' lang='lat' dir='ltr'>libamen</span> <span class='ocrx_word' id='word_1_433' title='bbox 1021 3444 1204 3526; x_wconf 81' lang='grc' dir='ltr'>καθαρώτερος</span> <span class='ocrx_word' id='word_1_434' title='bbox 1225 3436 1273 3516; x_wconf 71' lang='grc' dir='ltr'>ἦν·</span> <span class='ocrx_word' id='word_1_435' title='bbox 1296 3442 1336 3503; x_wconf 87' lang='grc' dir='ltr'>διδ</span> <span class='ocrx_word' id='word_1_436' title='bbox 1360 3442 1405 3501; x_wconf 82' lang='grc' dir='ltr'>καλ</span> <span class='ocrx_word' id='word_1_437' title='bbox 1432 3444 1551 3518; x_wconf 75' lang='grc' dir='ltr'>σπονδὴν</span> <span class='ocrx_word' id='word_1_438' title='bbox 1582 3446 1675 3506; x_wconf 74' lang='grc' dir='ltr'>ἑαυτὸν</span> <span class='ocrx_word' id='word_1_439' title='bbox 1697 3444 1773 3504; x_wconf 69' lang='grc' dir='ltr'>ἔειλεν</span> 
     </span>
     <span class='ocr_line' id='line_1_34' title="bbox 225 3534 1777 3620; baseline -0.001 -21"><span class='ocrx_word' id='word_1_440' title='bbox 225 3540 342 3620; x_wconf 89' lang='lat' dir='ltr'>seipsum</span> <span class='ocrx_word' id='word_1_441' title='bbox 356 3540 477 3599; x_wconf 82' lang='lat' dir='ltr'>vocabat.</span> <span class='ocrx_word' id='word_1_442' title='bbox 495 3538 556 3598; x_wconf 91' lang='lat' dir='ltr'>Erit</span> <span class='ocrx_word' id='word_1_443' title='bbox 579 3551 669 3596; x_wconf 88' lang='lat' dir='ltr'>autem</span> <span class='ocrx_word' id='word_1_444' title='bbox 690 3536 753 3612; x_wconf 91' lang='lat' dir='ltr'>hoc,</span> <span class='ocrx_word' id='word_1_445' title='bbox 768 3535 791 3594; x_wconf 90' lang='lat' dir='ltr'>si</span> <span class='ocrx_word' id='word_1_446' title='bbox 814 3535 968 3596; x_wconf 84' lang='lat' dir='ltr'>auferamus</span> <span class='ocrx_word' id='word_1_447' title='bbox 1021 3537 1120 3598; x_wconf 84' lang='grc' dir='ltr'>Ἔσται</span> <span class='ocrx_word' id='word_1_448' title='bbox 1135 3536 1162 3597; x_wconf 75' lang='grc' dir='ltr'>δὲ</span> <span class='ocrx_word' id='word_1_449' title='bbox 1177 3541 1267 3608; x_wconf 78' lang='grc' dir='ltr'>τοῦτο,</span> <span class='ocrx_word' id='word_1_450' title='bbox 1281 3535 1325 3595; x_wconf 66' lang='lat' dir='ltr'>its</span> <span class='ocrx_word' id='word_1_451' title='bbox 1351 3534 1488 3612; x_wconf 75' lang='grc' dir='ltr'>ἀνέλωμεν</span> <span class='ocrx_word' id='word_1_452' title='bbox 1501 3535 1548 3595; x_wconf 77' lang='grc' dir='ltr'>τὸν</span> <span class='ocrx_word' id='word_1_453' title='bbox 1563 3535 1680 3596; x_wconf 82' lang='grc' dir='ltr'>πσλαιδν</span> <span class='ocrx_word' id='word_1_454' title='bbox 1698 3539 1777 3616; x_wconf 53' lang='lat' dir='ltr'>esp</span> 
     </span>
     <span class='ocr_line' id='line_1_35' title="bbox 224 3620 1777 3711; baseline -0.003 -20"><span class='ocrx_word' id='word_1_455' title='bbox 224 3645 342 3691; x_wconf 80' lang='lat' dir='ltr'>veterem</span> <span class='ocrx_word' id='word_1_456' title='bbox 356 3630 506 3710; x_wconf 80' lang='lat' dir='ltr'>hominem,</span> <span class='ocrx_word' id='word_1_457' title='bbox 520 3630 544 3688; x_wconf 92' lang='lat' dir='ltr'>si</span> <span class='ocrx_word' id='word_1_458' title='bbox 557 3628 750 3687; x_wconf 86' lang='lat' dir='ltr'>mortificemus</span> <span class='ocrx_word' id='word_1_459' title='bbox 772 3625 892 3686; x_wconf 84' lang='lat' dir='ltr'>membre</span> <span class='ocrx_word' id='word_1_460' title='bbox 906 3649 967 3705; x_wconf 73' lang='lat' dir='ltr'>quse</span> <span class='ocrx_word' id='word_1_461' title='bbox 1014 3620 1080 3701; x_wconf 87' lang='grc' dir='ltr'>πον,</span> <span class='ocrx_word' id='word_1_462' title='bbox 1101 3629 1146 3690; x_wconf 74' lang='grc' dir='ltr'>ἐὰν</span> <span class='ocrx_word' id='word_1_463' title='bbox 1163 3626 1336 3711; x_wconf 81' lang='grc' dir='ltr'>νεκρώσωμεν</span> <span class='ocrx_word' id='word_1_464' title='bbox 1356 3627 1391 3686; x_wconf 73' lang='grc' dir='ltr'>τὰ</span> <span class='ocrx_word' id='word_1_465' title='bbox 1405 3626 1475 3704; x_wconf 75' lang='grc' dir='ltr'>μέλη</span> <span class='ocrx_word' id='word_1_466' title='bbox 1492 3627 1527 3688; x_wconf 73' lang='grc' dir='ltr'>τὰ</span> <span class='ocrx_word' id='word_1_467' title='bbox 1542 3629 1591 3688; x_wconf 76' lang='grc' dir='ltr'>ἐπὶ</span> <span class='ocrx_word' id='word_1_468' title='bbox 1604 3634 1654 3702; x_wconf 76' lang='grc' dir='ltr'>τῆς</span> <span class='ocrx_word' id='word_1_469' title='bbox 1671 3634 1728 3709; x_wconf 82' lang='grc' dir='ltr'>γῆς,</span> <span class='ocrx_word' id='word_1_470' title='bbox 1742 3628 1777 3687; x_wconf 73' lang='lat' dir='ltr'>ts</span> 
     </span>
     <span class='ocr_line' id='line_1_36' title="bbox 224 3717 1777 3804; baseline -0.003 -21"><span class='ocrx_word' id='word_1_471' title='bbox 224 3737 288 3783; x_wconf 86' lang='lat' dir='ltr'>sunt</span> <span class='ocrx_word' id='word_1_472' title='bbox 301 3744 381 3804; x_wconf 86' lang='lat' dir='ltr'>super</span> <span class='ocrx_word' id='word_1_473' title='bbox 395 3737 502 3796; x_wconf 86' lang='lat' dir='ltr'>terram,</span> <span class='ocrx_word' id='word_1_474' title='bbox 515 3720 539 3781; x_wconf 94' lang='lat' dir='ltr'>si</span> <span class='ocrx_word' id='word_1_475' title='bbox 552 3719 685 3779; x_wconf 89' lang='lat' dir='ltr'>mundum</span> <span class='ocrx_word' id='word_1_476' title='bbox 697 3717 775 3778; x_wconf 92' lang='lat' dir='ltr'>nobis</span> <span class='ocrx_word' id='word_1_477' title='bbox 789 3718 855 3798; x_wconf 89' lang='lat' dir='ltr'>ipsis</span> <span class='ocrx_word' id='word_1_478' title='bbox 874 3719 965 3778; x_wconf 91' lang='lat' dir='ltr'>cruci·</span> <span class='ocrx_word' id='word_1_479' title='bbox 1021 3722 1213 3803; x_wconf 81' lang='grc' dir='ltr'>σταυρώσωμεν</span> <span class='ocrx_word' id='word_1_480' title='bbox 1228 3721 1272 3781; x_wconf 87' lang='grc' dir='ltr'>τδν</span> <span class='ocrx_word' id='word_1_481' title='bbox 1282 3718 1380 3797; x_wconf 84' lang='grc' dir='ltr'>κόσμον</span> <span class='ocrx_word' id='word_1_482' title='bbox 1392 3724 1506 3789; x_wconf 82' lang='grc' dir='ltr'>ἑαυτοῖς.</span> <span class='ocrx_word' id='word_1_483' title='bbox 1519 3721 1620 3794; x_wconf 78' lang='grc' dir='ltr'>Οὕτως</span> <span class='ocrx_word' id='word_1_484' title='bbox 1631 3723 1687 3785; x_wconf 69' lang='grc' dir='ltr'>οὐδὲ</span> <span class='ocrx_word' id='word_1_485' title='bbox 1699 3721 1777 3802; x_wconf 77' lang='grc' dir='ltr'>μεγαί-</span> 
     </span>
     <span class='ocr_line' id='line_1_37' title="bbox 224 3801 1776 3896; baseline 0.002 -22"><span class='ocrx_word' id='word_1_486' title='bbox 224 3816 352 3895; x_wconf 77' lang='lat' dir='ltr'>ligamus.</span> <span class='ocrx_word' id='word_1_487' title='bbox 366 3814 413 3875; x_wconf 90' lang='lat' dir='ltr'>Sic</span> <span class='ocrx_word' id='word_1_488' title='bbox 428 3801 477 3875; x_wconf 80' lang='lat' dir='ltr'>nec</span> <span class='ocrx_word' id='word_1_489' title='bbox 491 3811 582 3893; x_wconf 80' lang='lat' dir='ltr'>gladio</span> <span class='ocrx_word' id='word_1_490' title='bbox 591 3831 693 3870; x_wconf 80' lang='lat' dir='ltr'>necare</span> <span class='ocrx_word' id='word_1_491' title='bbox 704 3830 753 3869; x_wconf 91' lang='lat' dir='ltr'>uec</span> <span class='ocrx_word' id='word_1_492' title='bbox 762 3809 825 3888; x_wconf 79' lang='lat' dir='ltr'>igne</span> <span class='ocrx_word' id='word_1_493' title='bbox 836 3831 903 3891; x_wconf 91' lang='lat' dir='ltr'>opus</span> <span class='ocrx_word' id='word_1_494' title='bbox 917 3811 966 3871; x_wconf 90' lang='lat' dir='ltr'>ha·</span> <span class='ocrx_word' id='word_1_495' title='bbox 1023 3839 1068 3894; x_wconf 86' lang='grc' dir='ltr'>ρσς</span> <span class='ocrx_word' id='word_1_496' title='bbox 1079 3814 1226 3893; x_wconf 87' lang='grc' dir='ltr'>δεησόμεθα</span> <span class='ocrx_word' id='word_1_497' title='bbox 1238 3812 1340 3883; x_wconf 75' lang='grc' dir='ltr'>λοιπόν,</span> <span class='ocrx_word' id='word_1_498' title='bbox 1354 3811 1412 3872; x_wconf 83' lang='grc' dir='ltr'>οὐδὲ</span> <span class='ocrx_word' id='word_1_499' title='bbox 1426 3817 1624 3896; x_wconf 71' lang='grc' dir='ltr'>θυσιαστηρίου</span> <span class='ocrx_word' id='word_1_500' title='bbox 1637 3817 1693 3877; x_wconf 72' lang='grc' dir='ltr'>οὐδὲ</span> <span class='ocrx_word' id='word_1_501' title='bbox 1703 3814 1776 3896; x_wconf 82' lang='grc' dir='ltr'>τυρός·</span> 
     </span>
     <span class='ocr_line' id='line_1_38' title="bbox 224 3903 1775 3990; baseline -0.004 -19"><span class='ocrx_word' id='word_1_502' title='bbox 224 3911 363 3986; x_wconf 87' lang='lat' dir='ltr'>bebimus;</span> <span class='ocrx_word' id='word_1_503' title='bbox 376 3914 430 3970; x_wconf 89' lang='lat' dir='ltr'>imo</span> <span class='ocrx_word' id='word_1_504' title='bbox 446 3909 537 3990; x_wconf 89' lang='lat' dir='ltr'>potius</span> <span class='ocrx_word' id='word_1_505' title='bbox 557 3906 601 3966; x_wconf 88' lang='lat' dir='ltr'>his</span> <span class='ocrx_word' id='word_1_506' title='bbox 618 3904 744 3965; x_wconf 89' lang='lat' dir='ltr'>omnibus</span> <span class='ocrx_word' id='word_1_507' title='bbox 757 3904 905 3984; x_wconf 81' lang='lat' dir='ltr'>egebimus,</span> <span class='ocrx_word' id='word_1_508' title='bbox 919 3906 967 3966; x_wconf 86' lang='lat' dir='ltr'>sed</span> <span class='ocrx_word' id='word_1_509' title='bbox 1021 3905 1161 3986; x_wconf 71' lang='grc' dir='ltr'>μᾶλλονδὲ</span> <span class='ocrx_word' id='word_1_510' title='bbox 1174 3905 1271 3965; x_wconf 80' lang='grc' dir='ltr'>τούτων</span> <span class='ocrx_word' id='word_1_511' title='bbox 1284 3903 1407 3963; x_wconf 77' lang='grc' dir='ltr'>ἁπάντων</span> <span class='ocrx_word' id='word_1_512' title='bbox 1421 3905 1592 3983; x_wconf 83' lang='grc' dir='ltr'>δεησόμεθα,</span> <span class='ocrx_word' id='word_1_513' title='bbox 1609 3908 1677 3983; x_wconf 70' lang='grc' dir='ltr'>πλὴν</span> <span class='ocrx_word' id='word_1_514' title='bbox 1693 3911 1775 3987; x_wconf 76' lang='grc' dir='ltr'>αὔχει·</span> 
     </span>
     <span class='ocr_line' id='line_1_39' title="bbox 224 3995 1775 4083; baseline -0.003 -21"><span class='ocrx_word' id='word_1_515' title='bbox 224 4025 278 4062; x_wconf 94' lang='lat' dir='ltr'>non</span> <span class='ocrx_word' id='word_1_516' title='bbox 302 4001 474 4074; x_wconf 84' lang='lat' dir='ltr'>manufactis,</span> <span class='ocrx_word' id='word_1_517' title='bbox 487 3999 535 4060; x_wconf 90' lang='lat' dir='ltr'>sed</span> <span class='ocrx_word' id='word_1_518' title='bbox 549 3998 691 4058; x_wconf 86' lang='lat' dir='ltr'>desursum</span> <span class='ocrx_word' id='word_1_519' title='bbox 712 3996 790 4056; x_wconf 89' lang='lat' dir='ltr'>nobis</span> <span class='ocrx_word' id='word_1_520' title='bbox 814 3995 904 4055; x_wconf 90' lang='lat' dir='ltr'>omnia</span> <span class='ocrx_word' id='word_1_521' title='bbox 919 4019 966 4057; x_wconf 82' lang='lat' dir='ltr'>vc·</span> <span class='ocrx_word' id='word_1_522' title='bbox 1022 4000 1179 4083; x_wconf 75' lang='grc' dir='ltr'>ρσποιήτων,</span> <span class='ocrx_word' id='word_1_523' title='bbox 1199 3999 1257 4056; x_wconf 82' lang='grc' dir='ltr'>ἀλλ’</span> <span class='ocrx_word' id='word_1_524' title='bbox 1285 3997 1382 4055; x_wconf 76' lang='grc' dir='ltr'>ἄνωθεν</span> <span class='ocrx_word' id='word_1_525' title='bbox 1396 4002 1462 4074; x_wconf 80' lang='grc' dir='ltr'>ἡμῖν</span> <span class='ocrx_word' id='word_1_526' title='bbox 1487 3999 1600 4063; x_wconf 75' lang='grc' dir='ltr'>ἅπαντα</span> <span class='ocrx_word' id='word_1_527' title='bbox 1618 4000 1689 4077; x_wconf 75' lang='grc' dir='ltr'>ἥξει,</span> <span class='ocrx_word' id='word_1_528' title='bbox 1702 3999 1775 4060; x_wconf 75' lang='grc' dir='ltr'>καλαί</span> 
     </span>
     <span class='ocr_line' id='line_1_40' title="bbox 223 4085 1820 4174; baseline 0.001 -22"><span class='ocrx_word' id='word_1_529' title='bbox 223 4095 316 4171; x_wconf 88' lang='lat' dir='ltr'>nient;</span> <span class='ocrx_word' id='word_1_530' title='bbox 332 4093 403 4172; x_wconf 77' lang='lat' dir='ltr'>ignis</span> <span class='ocrx_word' id='word_1_531' title='bbox 419 4091 506 4151; x_wconf 86' lang='lat' dir='ltr'>aderit</span> <span class='ocrx_word' id='word_1_532' title='bbox 523 4109 666 4171; x_wconf 89' lang='lat' dir='ltr'>supernus,</span> <span class='ocrx_word' id='word_1_533' title='bbox 682 4085 800 4167; x_wconf 81' lang='lat' dir='ltr'>gladius,</span> <span class='ocrx_word' id='word_1_534' title='bbox 816 4109 863 4146; x_wconf 88' lang='lat' dir='ltr'>ara</span> <span class='ocrx_word' id='word_1_535' title='bbox 887 4088 965 4147; x_wconf 92' lang='lat' dir='ltr'>nobis</span> <span class='ocrx_word' id='word_1_536' title='bbox 1020 4098 1073 4172; x_wconf 76' lang='grc' dir='ltr'>πῦρ</span> <span class='ocrx_word' id='word_1_537' title='bbox 1086 4092 1185 4151; x_wconf 80' lang='grc' dir='ltr'>ἄνωθεν</span> <span class='ocrx_word' id='word_1_538' title='bbox 1195 4090 1267 4161; x_wconf 80' lang='grc' dir='ltr'>καὶὴ</span> <span class='ocrx_word' id='word_1_539' title='bbox 1280 4088 1404 4169; x_wconf 77' lang='grc' dir='ltr'>μάχαιρα</span> <span class='ocrx_word' id='word_1_540' title='bbox 1422 4089 1468 4148; x_wconf 78' lang='grc' dir='ltr'>καί</span> <span class='ocrx_word' id='word_1_541' title='bbox 1487 4091 1519 4150; x_wconf 86' lang='grc' dir='ltr'>τδ</span> <span class='ocrx_word' id='word_1_542' title='bbox 1535 4094 1716 4174; x_wconf 70' lang='grc' dir='ltr'>θυσιαστήριον</span> <span class='ocrx_word' id='word_1_543' title='bbox 1725 4099 1774 4169; x_wconf 63' lang='lat' dir='ltr'>spir</span> <span class='ocrx_word' id='word_1_544' title='bbox 1817 4128 1820 4161; x_wconf 70' lang='grc' dir='ltr'>ι</span> 
     </span>
     <span class='ocr_line' id='line_1_41' title="bbox 223 4177 1820 4266; baseline 0 -24"><span class='ocrx_word' id='word_1_545' title='bbox 223 4187 274 4243; x_wconf 88' lang='lat' dir='ltr'>crit</span> <span class='ocrx_word' id='word_1_546' title='bbox 300 4182 414 4243; x_wconf 85' lang='lat' dir='ltr'>latitudo</span> <span class='ocrx_word' id='word_1_547' title='bbox 435 4181 556 4242; x_wconf 71' lang='lat' dir='ltr'>caelestis.</span> <span class='ocrx_word' id='word_1_548' title='bbox 580 4181 611 4240; x_wconf 88' lang='lat' dir='ltr'>Si</span> <span class='ocrx_word' id='word_1_549' title='bbox 636 4179 708 4239; x_wconf 90' lang='lat' dir='ltr'>enim</span> <span class='ocrx_word' id='word_1_550' title='bbox 731 4177 792 4237; x_wconf 84' lang='lat' dir='ltr'>Elia</span> <span class='ocrx_word' id='word_1_551' title='bbox 812 4177 966 4239; x_wconf 86' lang='lat' dir='ltr'>sensibilem</span> <span class='ocrx_word' id='word_1_552' title='bbox 1020 4184 1095 4243; x_wconf 86' lang='grc' dir='ltr'>ἔσται</span> <span class='ocrx_word' id='word_1_553' title='bbox 1118 4187 1164 4242; x_wconf 85' lang='grc' dir='ltr'>τοῦ</span> <span class='ocrx_word' id='word_1_554' title='bbox 1179 4183 1287 4260; x_wconf 80' lang='grc' dir='ltr'>οὐρανοῦ</span> <span class='ocrx_word' id='word_1_555' title='bbox 1305 4178 1458 4247; x_wconf 86' lang='grc' dir='ltr'>τδπλοίτος.</span> <span class='ocrx_word' id='word_1_556' title='bbox 1479 4183 1515 4242; x_wconf 82' lang='lat' dir='ltr'>Et</span> <span class='ocrx_word' id='word_1_557' title='bbox 1526 4183 1602 4266; x_wconf 74' lang='grc' dir='ltr'>γὰρ,</span> <span class='ocrx_word' id='word_1_558' title='bbox 1626 4183 1774 4245; x_wconf 74' lang='grc' dir='ltr'>’τῶἨλίσι</span> <span class='ocrx_word' id='word_1_559' title='bbox 1817 4204 1820 4261; x_wconf 62' lang='lat' dir='ltr'><strong>ff</strong></span> 
     </span>
     <span class='ocr_line' id='line_1_42' title="bbox 222 4268 1820 4356; baseline 0 -21"><span class='ocrx_word' id='word_1_560' title='bbox 222 4277 340 4335; x_wconf 79' lang='lat' dir='ltr'>hostiam</span> <span class='ocrx_word' id='word_1_561' title='bbox 351 4277 488 4352; x_wconf 79' lang='lat' dir='ltr'>offerente,</span> <span class='ocrx_word' id='word_1_562' title='bbox 503 4275 611 4335; x_wconf 79' lang='lat' dir='ltr'>{lamma</span> <span class='ocrx_word' id='word_1_563' title='bbox 623 4293 737 4354; x_wconf 87' lang='lat' dir='ltr'>superne</span> <span class='ocrx_word' id='word_1_564' title='bbox 749 4270 864 4331; x_wconf 84' lang='lat' dir='ltr'>demissa</span> <span class='ocrx_word' id='word_1_565' title='bbox 875 4273 966 4333; x_wconf 85' lang='lat' dir='ltr'>omnia</span> <span class='ocrx_word' id='word_1_566' title='bbox 983 4289 1002 4337; x_wconf 84' lang='grc' dir='ltr'><strong>Β</strong></span> <span class='ocrx_word' id='word_1_567' title='bbox 1021 4276 1111 4336; x_wconf 88' lang='grc' dir='ltr'>θυσίαν</span> <span class='ocrx_word' id='word_1_568' title='bbox 1125 4274 1297 4356; x_wconf 77' lang='grc' dir='ltr'>ἀναφέροντος</span> <span class='ocrx_word' id='word_1_569' title='bbox 1313 4271 1451 4347; x_wconf 61' lang='grc' dir='ltr'>αἰσθητὴν,</span> <span class='ocrx_word' id='word_1_570' title='bbox 1465 4275 1582 4353; x_wconf 74' lang='grc' dir='ltr'>λαμπὰς</span> <span class='ocrx_word' id='word_1_571' title='bbox 1603 4278 1697 4337; x_wconf 80' lang='grc' dir='ltr'>ἄνωθεν</span> <span class='ocrx_word' id='word_1_572' title='bbox 1714 4297 1773 4334; x_wconf 81' lang='grc' dir='ltr'>κατι·</span> <span class='ocrx_word' id='word_1_573' title='bbox 1816 4268 1820 4309; x_wconf 81' lang='lat'>¹</span> 
     </span>
     <span class='ocr_line' id='line_1_43' title="bbox 223 4363 1771 4449; baseline -0.004 -21"><span class='ocrx_word' id='word_1_574' title='bbox 223 4368 381 4445; x_wconf 85' lang='lat' dir='ltr'>consumsit,</span> <span class='ocrx_word' id='word_1_575' title='bbox 392 4388 503 4445; x_wconf 91' lang='lat' dir='ltr'>aquam,</span> <span class='ocrx_word' id='word_1_576' title='bbox 517 4365 592 4445; x_wconf 78' lang='lat' dir='ltr'>ligna</span> <span class='ocrx_word' id='word_1_577' title='bbox 605 4378 630 4423; x_wconf 91' lang='lat' dir='ltr'>ct</span> <span class='ocrx_word' id='word_1_578' title='bbox 641 4363 765 4445; x_wconf 86' lang='lat' dir='ltr'>lapides:</span> <span class='ocrx_word' id='word_1_579' title='bbox 781 4364 867 4423; x_wconf 89' lang='lat' dir='ltr'>multo</span> <span class='ocrx_word' id='word_1_580' title='bbox 878 4365 965 4444; x_wconf 79' lang='lat' dir='ltr'>magis</span> <span class='ocrx_word' id='word_1_581' title='bbox 1019 4374 1142 4449; x_wconf 82' lang='grc' dir='ltr'>νεχθεῐσα</span> <span class='ocrx_word' id='word_1_582' title='bbox 1159 4367 1247 4426; x_wconf 75' lang='grc' dir='ltr'>πάντα</span> <span class='ocrx_word' id='word_1_583' title='bbox 1266 4365 1399 4436; x_wconf 76' lang='grc' dir='ltr'>ἀναλωσε,</span> <span class='ocrx_word' id='word_1_584' title='bbox 1414 4364 1459 4424; x_wconf 77' lang='grc' dir='ltr'>καὶ</span> <span class='ocrx_word' id='word_1_585' title='bbox 1477 4366 1509 4426; x_wconf 81' lang='grc' dir='ltr'>τὸ</span> <span class='ocrx_word' id='word_1_586' title='bbox 1523 4366 1599 4449; x_wconf 73' lang='grc' dir='ltr'>ὕδωρ</span> <span class='ocrx_word' id='word_1_587' title='bbox 1622 4369 1665 4429; x_wconf 69' lang='grc' dir='ltr'>καί</span> <span class='ocrx_word' id='word_1_588' title='bbox 1683 4368 1713 4427; x_wconf 71' lang='lat' dir='ltr'>:l</span> <span class='ocrx_word' id='word_1_589' title='bbox 1725 4366 1771 4436; x_wconf 63' lang='lat' dir='ltr'>hir</span> 
     </span>
     <span class='ocr_line' id='line_1_44' title="bbox 222 4457 1769 4541; baseline 0.001 -23"><span class='ocrx_word' id='word_1_590' title='bbox 222 4480 272 4541; x_wconf 92' lang='lat' dir='ltr'>pro</span> <span class='ocrx_word' id='word_1_591' title='bbox 284 4473 309 4519; x_wconf 87' lang='lat' dir='ltr'>te</span> <span class='ocrx_word' id='word_1_592' title='bbox 319 4460 371 4518; x_wconf 92' lang='lat' dir='ltr'>hoc</span> <span class='ocrx_word' id='word_1_593' title='bbox 384 4459 439 4519; x_wconf 87' lang='lat' dir='ltr'>liet.</span> <span class='ocrx_word' id='word_1_594' title='bbox 451 4459 480 4519; x_wconf 87' lang='lat' dir='ltr'>Si</span> <span class='ocrx_word' id='word_1_595' title='bbox 495 4457 561 4535; x_wconf 93' lang='lat' dir='ltr'>quid</span> <span class='ocrx_word' id='word_1_596' title='bbox 574 4479 638 4516; x_wconf 87' lang='lat' dir='ltr'>vero</span> <span class='ocrx_word' id='word_1_597' title='bbox 660 4458 765 4516; x_wconf 85' lang='lat' dir='ltr'>fluxum</span> <span class='ocrx_word' id='word_1_598' title='bbox 789 4471 815 4516; x_wconf 90' lang='lat' dir='ltr'>et</span> <span class='ocrx_word' id='word_1_599' title='bbox 837 4457 964 4518; x_wconf 69' lang='lat' dir='ltr'>saeculare</span> <span class='ocrx_word' id='word_1_600' title='bbox 1018 4462 1063 4521; x_wconf 79' lang='grc' dir='ltr'>καὶ</span> <span class='ocrx_word' id='word_1_601' title='bbox 1078 4458 1138 4528; x_wconf 80' lang='grc' dir='ltr'>τοὺς</span> <span class='ocrx_word' id='word_1_602' title='bbox 1150 4458 1251 4527; x_wconf 84' lang='grc' dir='ltr'>λίθους·</span> <span class='ocrx_word' id='word_1_603' title='bbox 1269 4460 1359 4538; x_wconf 79' lang='grc' dir='ltr'>πολλῷ</span> <span class='ocrx_word' id='word_1_604' title='bbox 1376 4459 1477 4535; x_wconf 72' lang='grc' dir='ltr'>μᾶλλον</span> <span class='ocrx_word' id='word_1_605' title='bbox 1493 4460 1539 4520; x_wconf 74' lang='grc' dir='ltr'>ἐπὶ</span> <span class='ocrx_word' id='word_1_606' title='bbox 1562 4468 1693 4523; x_wconf 75' lang='grc' dir='ltr'>σοῦτοῦτο</span> <span class='ocrx_word' id='word_1_607' title='bbox 1704 4461 1769 4520; x_wconf 71' lang='grc' dir='ltr'>ἔσται</span> 
     </span>
     <span class='ocr_line' id='line_1_45' title="bbox 221 4548 1769 4635; baseline -0.002 -24"><span class='ocrx_word' id='word_1_608' title='bbox 221 4552 360 4621; x_wconf 85' lang='lat' dir='ltr'>habueris,</span> <span class='ocrx_word' id='word_1_609' title='bbox 372 4566 470 4610; x_wconf 90' lang='lat' dir='ltr'>etcum</span> <span class='ocrx_word' id='word_1_610' title='bbox 480 4563 551 4609; x_wconf 90' lang='lat' dir='ltr'>recta</span> <span class='ocrx_word' id='word_1_611' title='bbox 566 4549 705 4609; x_wconf 86' lang='lat' dir='ltr'>voluntate</span> <span class='ocrx_word' id='word_1_612' title='bbox 716 4549 880 4608; x_wconf 82' lang='lat' dir='ltr'>sacrificium</span> <span class='ocrx_word' id='word_1_613' title='bbox 893 4550 963 4609; x_wconf 84' lang='lat' dir='ltr'>olle-</span> <span class='ocrx_word' id='word_1_614' title='bbox 1016 4553 1065 4612; x_wconf 71' lang='grc' dir='ltr'>κᾶν</span> <span class='ocrx_word' id='word_1_615' title='bbox 1087 4553 1152 4632; x_wconf 80' lang='grc' dir='ltr'>ἔχῃς</span> <span class='ocrx_word' id='word_1_616' title='bbox 1166 4576 1192 4611; x_wconf 88' lang='grc' dir='ltr'>τι</span> <span class='ocrx_word' id='word_1_617' title='bbox 1215 4549 1333 4631; x_wconf 77' lang='grc' dir='ltr'>διαρρέον</span> <span class='ocrx_word' id='word_1_618' title='bbox 1347 4549 1392 4609; x_wconf 79' lang='grc' dir='ltr'>καί</span> <span class='ocrx_word' id='word_1_619' title='bbox 1411 4553 1550 4628; x_wconf 86' lang='grc' dir='ltr'>βιωτικδν,</span> <span class='ocrx_word' id='word_1_620' title='bbox 1576 4553 1734 4635; x_wconf 70' lang='grc' dir='ltr'>προσεγέγςς</span> <span class='ocrx_word' id='word_1_621' title='bbox 1749 4548 1769 4608; x_wconf 77' lang='grc' dir='ltr'>δέ</span> 
     </span>
     <span class='ocr_line' id='line_1_46' title="bbox 222 4641 1768 4724; baseline 0.003 -21"><span class='ocrx_word' id='word_1_622' title='bbox 222 4667 275 4721; x_wconf 88' lang='lat' dir='ltr'>ras,</span> <span class='ocrx_word' id='word_1_623' title='bbox 286 4644 452 4706; x_wconf 88' lang='lat' dir='ltr'>descendens</span> <span class='ocrx_word' id='word_1_624' title='bbox 461 4641 612 4724; x_wconf 86' lang='lat' dir='ltr'>spiritualis</span> <span class='ocrx_word' id='word_1_625' title='bbox 621 4643 691 4722; x_wconf 78' lang='lat' dir='ltr'>ignis</span> <span class='ocrx_word' id='word_1_626' title='bbox 700 4642 828 4701; x_wconf 75' lang='lat' dir='ltr'>seculare</span> <span class='ocrx_word' id='word_1_627' title='bbox 837 4641 964 4703; x_wconf 82' lang='lat' dir='ltr'>illudah·</span> <span class='ocrx_word' id='word_1_628' title='bbox 1017 4644 1108 4705; x_wconf 91' lang='grc' dir='ltr'>θυσίαν</span> <span class='ocrx_word' id='word_1_629' title='bbox 1124 4642 1192 4723; x_wconf 79' lang='grc' dir='ltr'>μετὰ</span> <span class='ocrx_word' id='word_1_630' title='bbox 1202 4641 1309 4722; x_wconf 79' lang='grc' dir='ltr'>γνώμης</span> <span class='ocrx_word' id='word_1_631' title='bbox 1327 4643 1422 4724; x_wconf 80' lang='grc' dir='ltr'>ὀρθῆς,</span> <span class='ocrx_word' id='word_1_632' title='bbox 1435 4645 1568 4704; x_wconf 79' lang='grc' dir='ltr'>κατελθὸν</span> <span class='ocrx_word' id='word_1_633' title='bbox 1583 4652 1630 4706; x_wconf 67' lang='grc' dir='ltr'>τοῦ</span> <span class='ocrx_word' id='word_1_634' title='bbox 1642 4644 1768 4722; x_wconf 54' lang='lat' dir='ltr'>Hesper</span> 
     </span>
     <span class='ocr_line' id='line_1_47' title="bbox 222 4732 1765 4818; baseline 0.001 -21"><span class='ocrx_word' id='word_1_635' title='bbox 222 4753 321 4817; x_wconf 87' lang='lat' dir='ltr'>sumet,</span> <span class='ocrx_word' id='word_1_636' title='bbox 336 4753 362 4798; x_wconf 91' lang='lat' dir='ltr'>et</span> <span class='ocrx_word' id='word_1_637' title='bbox 379 4738 542 4798; x_wconf 87' lang='lat' dir='ltr'>oblationem</span> <span class='ocrx_word' id='word_1_638' title='bbox 556 4750 639 4795; x_wconf 89' lang='lat' dir='ltr'>totam</span> <span class='ocrx_word' id='word_1_639' title='bbox 661 4736 793 4795; x_wconf 83' lang='lat' dir='ltr'>conficiet.</span> <span class='ocrx_word' id='word_1_640' title='bbox 807 4734 883 4808; x_wconf 91' lang='lat' dir='ltr'>Quid</span> <span class='ocrx_word' id='word_1_641' title='bbox 899 4757 964 4797; x_wconf 87' lang='lat' dir='ltr'>vero</span> <span class='ocrx_word' id='word_1_642' title='bbox 1016 4737 1047 4797; x_wconf 82' lang='grc' dir='ltr'>τὸ</span> <span class='ocrx_word' id='word_1_643' title='bbox 1060 4742 1130 4818; x_wconf 79' lang='grc' dir='ltr'>πῦρ,</span> <span class='ocrx_word' id='word_1_644' title='bbox 1147 4735 1193 4794; x_wconf 77' lang='grc' dir='ltr'>καί</span> <span class='ocrx_word' id='word_1_645' title='bbox 1213 4736 1243 4794; x_wconf 87' lang='grc' dir='ltr'>τὸ</span> <span class='ocrx_word' id='word_1_646' title='bbox 1259 4733 1382 4814; x_wconf 84' lang='grc' dir='ltr'>βιωτικδν</span> <span class='ocrx_word' id='word_1_647' title='bbox 1402 4736 1490 4794; x_wconf 82' lang='grc' dir='ltr'>ἐκεῖνο</span> <span class='ocrx_word' id='word_1_648' title='bbox 1506 4737 1673 4813; x_wconf 74' lang='grc' dir='ltr'>δαπανήσιι,</span> <span class='ocrx_word' id='word_1_649' title='bbox 1684 4732 1765 4801; x_wconf 66' lang='lat' dir='ltr'>uiti*</span> 
     </span>
     <span class='ocr_line' id='line_1_48' title="bbox 222 4825 1760 4912; baseline 0.002 -22"><span class='ocrx_word' id='word_1_650' title='bbox 222 4843 261 4889; x_wconf 86' lang='lat' dir='ltr'>est</span> <span class='ocrx_word' id='word_1_651' title='bbox 273 4830 442 4890; x_wconf 84' lang='lat' dir='ltr'>rationabilis</span> <span class='ocrx_word' id='word_1_652' title='bbox 450 4829 558 4888; x_wconf 78' lang='lat' dir='ltr'>cultus?</span> <span class='ocrx_word' id='word_1_653' title='bbox 566 4827 713 4909; x_wconf 88' lang='lat' dir='ltr'>Spirituale</span> <span class='ocrx_word' id='word_1_654' title='bbox 723 4827 911 4902; x_wconf 87' lang='lat' dir='ltr'>ministerium,</span> <span class='ocrx_word' id='word_1_655' title='bbox 922 4826 963 4889; x_wconf 85' lang='lat' dir='ltr'>vi·</span> <span class='ocrx_word' id='word_1_656' title='bbox 1015 4827 1186 4911; x_wconf 74' lang='lat' dir='ltr'>brepecpoplu</span> <span class='ocrx_word' id='word_1_657' title='bbox 1198 4825 1287 4886; x_wconf 86' lang='grc' dir='ltr'>ιἰνιίσει</span> <span class='ocrx_word' id='word_1_658' title='bbox 1298 4835 1396 4887; x_wconf 73' lang='grc' dir='ltr'>πᾶσαν.</span> <span class='ocrx_word' id='word_1_659' title='bbox 1407 4826 1445 4886; x_wconf 88' lang='grc' dir='ltr'>Τί</span> <span class='ocrx_word' id='word_1_660' title='bbox 1457 4828 1488 4887; x_wconf 89' lang='grc' dir='ltr'>δέ</span> <span class='ocrx_word' id='word_1_661' title='bbox 1498 4830 1557 4890; x_wconf 82' lang='grc' dir='ltr'>ἐστι</span> <span class='ocrx_word' id='word_1_662' title='bbox 1566 4829 1658 4912; x_wconf 78' lang='grc' dir='ltr'>λογαὴ</span> <span class='ocrx_word' id='word_1_663' title='bbox 1668 4826 1760 4907; x_wconf 59' lang='lat' dir='ltr'>tarpio</span> 
     </span>
     <span class='ocr_line' id='line_1_49' title="bbox 221 4913 1820 5032; baseline 0.001 -51"><span class='ocrx_word' id='word_1_664' title='bbox 221 4924 407 4984; x_wconf 86' lang='lat' dir='ltr'>tasecundum</span> <span class='ocrx_word' id='word_1_665' title='bbox 422 4922 570 4984; x_wconf 87' lang='lat' dir='ltr'>Christum.</span> <span class='ocrx_word' id='word_1_666' title='bbox 585 4921 661 4982; x_wconf 86' lang='lat' dir='ltr'>Sicut</span> <span class='ocrx_word' id='word_1_667' title='bbox 675 4920 770 5000; x_wconf 80' lang='lat' dir='ltr'>igitur,</span> <span class='ocrx_word' id='word_1_668' title='bbox 780 4920 865 5000; x_wconf 90' lang='lat' dir='ltr'>quiin</span> <span class='ocrx_word' id='word_1_669' title='bbox 879 4920 961 4981; x_wconf 89' lang='lat' dir='ltr'>domo</span> <span class='ocrx_word' id='word_1_670' title='bbox 1015 4921 1050 4981; x_wconf 83' lang='lat' dir='ltr'>‘tl</span> <span class='ocrx_word' id='word_1_671' title='bbox 1063 4918 1230 4999; x_wconf 62' lang='lat' dir='ltr'>susurratori</span> <span class='ocrx_word' id='word_1_672' title='bbox 1243 4917 1656 4996; x_wconf 79' lang='grc' dir='ltr'>διακονία,ᾑπολιτιίαὴκστδ</span> <span class='ocrx_word' id='word_1_673' title='bbox 1666 4913 1758 4999; x_wconf 59' lang='lat' dir='ltr'>spru*</span> <span class='ocrx_word' id='word_1_674' title='bbox 1809 4947 1820 5032; x_wconf 56' lang='grc' dir='ltr'>γ</span> 
     </span>
    </p>
   </div>
   <div class='ocr_carea' id='block_1_3' title="bbox 215 5083 1820 5300">
    <p class='ocr_par' dir='ltr' id='par_1_11' title="bbox 215 5083 1820 5300">
     <span class='ocr_line' id='line_1_50' title="bbox 252 5083 1820 5166; baseline -0.006 -13"><span class='ocrx_word' id='word_1_675' title='bbox 252 5100 265 5137; x_wconf 79' lang='lat'>¹¹</span> <span class='ocrx_word' id='word_1_676' title='bbox 284 5099 328 5149; x_wconf 75' lang='lat' dir='ltr'>dlii</span> <span class='ocrx_word' id='word_1_677' title='bbox 341 5104 423 5159; x_wconf 73' lang='grc' dir='ltr'>ἡδονῶν</span> <span class='ocrx_word' id='word_1_678' title='bbox 434 5107 568 5154; x_wconf 75' lang='grc' dir='ltr'>ἀπαιτοῦσα.</span> <span class='ocrx_word' id='word_1_679' title='bbox 1058 5099 1072 5136; x_wconf 79' lang='lat' dir='ltr'>b</span> <span class='ocrx_word' id='word_1_680' title='bbox 1090 5097 1149 5149; x_wconf 82' lang='lat' dir='ltr'>llts.</span> <span class='ocrx_word' id='word_1_681' title='bbox 1160 5104 1291 5166; x_wconf 80' lang='grc' dir='ltr'>προεροράν</span> <span class='ocrx_word' id='word_1_682' title='bbox 1306 5094 1472 5157; x_wconf 62' lang='lat' dir='ltr'>erotemouae</span> <span class='ocrx_word' id='word_1_683' title='bbox 1489 5094 1567 5146; x_wconf 82' lang='lat' dir='ltr'>lectio</span> <span class='ocrx_word' id='word_1_684' title='bbox 1586 5113 1635 5147; x_wconf 89' lang='lat' dir='ltr'>non</span> <span class='ocrx_word' id='word_1_685' title='bbox 1648 5083 1750 5162; x_wconf 69' lang='lat' dir='ltr'>speml&#39;</span> <span class='ocrx_word' id='word_1_686' title='bbox 1807 5086 1820 5127; x_wconf 46' lang='grc' dir='ltr'>δ</span> 
     </span>
     <span class='ocr_line' id='line_1_51' title="bbox 251 5173 1616 5243; baseline 0.001 -18"><span class='ocrx_word' id='word_1_687' title='bbox 251 5192 261 5215; x_wconf 83' lang='lat'><strong>¹</strong></span> <span class='ocrx_word' id='word_1_688' title='bbox 278 5175 388 5238; x_wconf 82' lang='lat' dir='ltr'>Quidem</span> <span class='ocrx_word' id='word_1_689' title='bbox 404 5179 462 5228; x_wconf 84' lang='lat' dir='ltr'>llss.</span> <span class='ocrx_word' id='word_1_690' title='bbox 474 5188 513 5231; x_wconf 74' lang='grc' dir='ltr'>τοῦ</span> <span class='ocrx_word' id='word_1_691' title='bbox 523 5175 590 5232; x_wconf 74' lang='lat' dir='ltr'>ntra.</span> <span class='ocrx_word' id='word_1_692' title='bbox 604 5177 660 5242; x_wconf 89' lang='lat' dir='ltr'>[Sic</span> <span class='ocrx_word' id='word_1_693' title='bbox 680 5179 708 5228; x_wconf 78' lang='lat' dir='ltr'>l.</span> <span class='ocrx_word' id='word_1_694' title='bbox 722 5175 804 5228; x_wconf 85' lang='lat' dir='ltr'>Scrib.</span> <span class='ocrx_word' id='word_1_695' title='bbox 818 5175 856 5232; x_wconf 78' lang='lat' dir='ltr'>tel</span> <span class='ocrx_word' id='word_1_696' title='bbox 868 5174 926 5231; x_wconf 79' lang='grc' dir='ltr'>ι’ῐλίοι</span> <span class='ocrx_word' id='word_1_697' title='bbox 937 5175 977 5228; x_wconf 83' lang='lat' dir='ltr'>vel</span> <span class='ocrx_word' id='word_1_698' title='bbox 1025 5176 1133 5230; x_wconf 82' lang='lat' dir='ltr'>videtur.</span> <span class='ocrx_word' id='word_1_699' title='bbox 1147 5175 1206 5242; x_wconf 84' lang='lat' dir='ltr'>[sic</span> <span class='ocrx_word' id='word_1_700' title='bbox 1218 5185 1243 5225; x_wconf 86' lang='lat' dir='ltr'>et</span> <span class='ocrx_word' id='word_1_701' title='bbox 1254 5177 1283 5228; x_wconf 85' lang='grc' dir='ltr'>Α.</span> <span class='ocrx_word' id='word_1_702' title='bbox 1294 5181 1319 5226; x_wconf 85' lang='lat' dir='ltr'>et</span> <span class='ocrx_word' id='word_1_703' title='bbox 1330 5190 1412 5243; x_wconf 81' lang='lat' dir='ltr'>marg.</span> <span class='ocrx_word' id='word_1_704' title='bbox 1423 5173 1517 5242; x_wconf 76' lang='lat' dir='ltr'>savit,</span> <span class='ocrx_word' id='word_1_705' title='bbox 1529 5173 1616 5240; x_wconf 78' lang='lat' dir='ltr'>male]</span> 
     </span>
     <span class='ocr_line' id='line_1_52' title="bbox 215 5251 304 5300; baseline 0 0"><span class='ocrx_word' id='word_1_706' title='bbox 215 5251 304 5300; x_wconf 60' lang='lat' dir='ltr'>illinit]</span> 
     </span>
    </p>
   </div>
   <div class='ocr_carea' id='block_1_4' title="bbox 0 0 1876 5970">
    <p class='ocr_par' dir='ltr' id='par_1_12' title="bbox 0 0 1876 5970">
     <span class='ocr_line' id='line_1_53' title="bbox 0 0 1876 5970; baseline 0 6"><span class='ocrx_word' id='word_1_707' title='bbox 0 0 1876 5970; x_wconf 95' lang='lat' dir='ltr'> </span> 
     </span>
    </p>
   </div>
  </div>
 </body>
</html>
