3728 5978
443 485 447 496 ·
546 488 580 536 ιιι
608 486 715 537 rursu.
746 487 790 535 ιιι)
815 486 899 536 ιιονι.
928 487 1048 539 nourr.
1076 490 1175 540 ιιιιιιι.
1577 472 1647 569 753

68 611 118 672 καί
133 617 336 692 στρατηγεῑται,
351 608 478 671 καίούτω
494 610 598 690 μακρὰς
612 609 763 689 ἀποδημίας
777 614 845 671 ἀπυ-
898 610 974 671 bario
992 626 1115 693 regnaut.
1138 613 1209 673 Cum
1232 612 1347 676 dixisset
1376 635 1440 697 ergo
1460 613 1596 693 undenam
1614 620 1649 680 sit

10 740 14 753 ,
66 706 160 783 δημρ,
181 703 235 763 Καὶ
258 702 311 783 γὰρ
335 706 352 774 ἡ
376 703 491 784 ἀναρχία
520 703 657 784 πανταχοῦ
679 705 777 779 κακδν,
800 702 846 764 καλ
899 702 1077 784 principatus,
1099 705 1244 785 subjunxit
1262 730 1269 763 ε
1286 711 1316 766 2.
1341 711 1448 789 Itaque
1467 713 1520 790 qui
1537 715 1647 772 resistit

66 795 222 875 cuippiam<
232 794 324 855 αἴτιον.
339 795 430 854 Εἰπὼν
444 795 530 875 τοίνυν
544 796 623 856 πόθεν
636 795 702 857 riola
716 800 743 855 ui
754 796 845 877 ἀρχαί,
897 802 1046 876 potestati,
1068 800 1127 857 Dei
1150 801 1333 859 ordinationi
1352 806 1472 863 resistit.
1498 796 1575 865 'Vide
1592 795 1647 883 qno

65 889 219 969 ἐπήγαγεν·
231 886 316 947 Ὥστε
337 892 351 946 ὑ
372 888 592 967 ἀντιτασσόμενος
618 894 650 969 τῇ
677 887 795 968 ἐξουσίᾳ,
810 891 844 967 τῇ
898 905 956 943 rem
968 884 1122 963 deduxerit,
1134 887 1206 947 unde
1216 890 1351 969 terruerit,
1367 889 1547 970 ecquomodo
1560 903 1647 952 osten-

64 985 116 1039 τοῦ
140 983 211 1041 Θεοῦ
236 981 349 1058 διαταγῇ
366 979 536 1055 ἀνθέστηκεν,
549 980 603 1041 Ἴδε
622 985 673 1040 ποῦ
690 982 722 1041 τὸ
733 989 845 1062 πρᾶγμα
899 971 1031 1034 derlllloc
1042 997 1077 1035 ex
1086 976 1179 1038 debllo
1188 978 1258 1041 steri.
1281 982 1351 1040 Nam
1362 1003 1394 1041 ne
1406 981 1499 1042 fideles
1509 981 1656 1043 dioeoellltl

65 1071 202 1152 ἀνήγαγε,
217 1072 262 1130 καί
282 1074 361 1130 πόθεν
380 1072 506 1152 ἐφόύησε,
518 1071 564 1132 καί
589 1076 646 1142 πῶς
669 1070 749 1140 ἔδειξε
769 1078 847 1131 τοῦτο
899 1066 955 1126 Nos
971 1068 1038 1128 viles
1051 1069 1154 1147 reddis,
1174 1085 1200 1131 et
1213 1074 1358 1134 contemtui
1372 1073 1498 1155 exponis,
1519 1073 1586 1134 dum
1602 1095 1647 1151 eoa

64 1163 141 1223 κατδι
151 1162 257 1243 ὀφειλὴν
272 1161 415 1242 γινόμενον.
425 1161 485 1223 Ἵνα
496 1163 548 1245 γὰρ
571 1163 609 1241 μὴ
634 1163 746 1242 λέγωσιν
760 1165 784 1221 οί
798 1186 846 1221 πι-
899 1157 945 1235 qui
971 1179 1053 1238 regno
1074 1162 1203 1223 calorum
1233 1164 1347 1245 potituri
1373 1179 1447 1241 sunt,
1475 1165 1647 1248 principibus

65 1255 144 1329 στολ,
156 1255 198 1316 ότι
208 1254 373 1324 ίξευτελίζεις
386 1260 456 1332 ἡμᾶς
470 1255 515 1314 καὶ
531 1255 770 1337 εὐκαταφρονήτους
783 1279 844 1315 ποι-
901 1250 998 1311 subdis
1011 1274 1018 1308 ε
1030 1253 1146 1313 ostendit
1159 1250 1239 1315 se'ita
1255 1277 1307 1317 non
1328 1257 1507 1337 principibus,
1526 1257 1574 1317 sed
1588 1260 1647 1319 Deo

66 1355 107 1415 εἰς
118 1392 126 1421 ,
136 1346 196 1416 τοὺς
209 1354 256 1420 τῆς
271 1352 323 1407 τῶν
336 1350 451 1425 οὐρανῶν
464 1347 599 1426 βασιλείας
623 1346 763 1408 ἀπολαύειν
778 1346 844 1426 μελ-
862 1359 881 1405 Β
898 1342 960 1402 illus
975 1343 1109 1424 subjicere
1124 1369 1130 1402 ι
1143 1367 1206 1406 nam
1225 1348 1273 1426 qui
1292 1349 1491 1429 principatibus
1508 1349 1646 1429 subjectus
1681 1403 1684 1412 .

64 1441 164 1507 λοντας
176 1440 301 1521 ἄρχουσιν
311 1439 474 1510 ὑποτάττων,
491 1439 619 1501 δείκνυσιν
633 1438 674 1499 ὅτι
690 1441 737 1500 οὑκ
748 1440 844 1520 ἄρχου·
899 1451 947 1514 est,
973 1438 1014 1498 illi
1038 1440 1205 1519 obsequitur.
1235 1446 1340 1506 Verum
1367 1464 1420 1503 non
1447 1443 1485 1504 ita
1512 1444 1644 1524 loquitur,

65 1554 123 1602 σιν,
139 1530 208 1590 ἀλλὰ
229 1534 267 1611 τῷ
286 1533 350 1611 Θεῷ
366 1531 446 1590 πάλιν
459 1532 623 1591 *ὑποτάττει
644 1536 722 1592 τοῦτο
740 1537 842 1592 ποιῶν·
897 1550 994 1611 nempe
1013 1532 1086 1610 quod
1103 1537 1161 1594 Deo
1179 1533 1341 1614 obsequatur
1359 1536 1392 1612 is,
1410 1535 1457 1615 qui
1473 1536 1645 1618 principibus

65 1621 163 1702 ἐκείνῳ
182 1622 234 1701 γὰρ
257 1627 272 1682 ὑ
293 1631 351 1689 ταῖς
376 1625 470 1702 ἀρχαῖς
485 1621 695 1700 ὑποτασσόμενος
709 1622 839 1683 πείθεται.
898 1623 1006 1688 obedit;
1023 1624 1070 1684 sed
1087 1646 1136 1705 per
1155 1628 1321 1686 eontrarium
1336 1641 1428 1705 terret,
1448 1640 1474 1688 et
1493 1629 1645 1689 accuratius

65 1715 140 1776 Ἀλλ’
154 1719 183 1774 οὐ
194 1713 265 1794 λέγει
278 1712 369 1786 οὑτως,
381 1707 434 1773 οἷον
448 1713 490 1774 ὅτι
500 1717 537 1795 τῷ
550 1718 613 1794 Θεῷ
630 1716 748 1775 πείθεται
760 1721 774 1774 ὑ
788 1724 842 1783 τοῖς
897 1713 1018 1795 idipsum
1042 1717 1140 1795 probat
1163 1716 1267 1795 dicens,
1288 1739 1351 1777 eum
1375 1719 1421 1796 qui
1447 1719 1565 1801 principi
1591 1741 1645 1782 non

66 1809 198 1899 dppouqu
214 1805 363 1880 ὑπακούων,
377 1808 436 1866 ἀλλ’
454 1807 506 1866 ᾱπδ
520 1813 565 1865 τοῦ
580 1807 696 1868 ἐναντίω
711 1807 785 1888 podet
796 1808 842 1885 καί
895 1806 998 1882 obedit,
1012 1829 1074 1867 eum
1085 1810 1142 1868 Deo
1155 1830 1285 1890 pugnare,
1298 1811 1347 1889 qui
1358 1811 1428 1870 hanc
1441 1811 1527 1891 legem
1537 1814 1629 1894 posuit
1634 1839 1643 1892 ς

66 1898 256 1979 ἀκριύέστερον
271 1899 334 1957 αὑτδ
345 1899 535 1966 κατασκευάζει
546 1898 640 1977 λέγων,
650 1898 692 1960 ότι
701 1904 716 1959 ὁ
725 1899 762 1977 μή
773 1903 842 1960 ὑπα-
895 1910 921 1957 et
934 1899 986 1959 boc
1000 1899 1100 1979 ubique
1113 1899 1297 1961 demonstrare
1309 1902 1411 1978 studet,
1428 1901 1502 1981 quod
1515 1925 1569 1964 non
1582 1924 1645 1984 gra·

65 1979 152 2052 ictus
164 1990 255 2070 ἐκείνῳ
260 2035 268 2063 ,
281 1993 319 2069 τῷ
332 1992 396 2069 Θεῷ
414 1991 525 2069 πολεμεῖ
541 1995 579 2070 τῷ
600 1997 684 2050 ταῦτα
697 1993 841 2068 νομοθετή·
894 1989 960 2048 tiam
974 1990 1039 2067 illis,
1055 1991 1103 2050 sed
1113 1990 1236 2051 debitum
1250 1992 1400 2053 obediendo
1414 2006 1583 2074 praestemus.
1601 1996 1644 2056 Ita

65 2110 154 2146 σαντι.
170 2084 224 2143 Καὶ
237 2087 314 2142 τοῦτο
330 2084 470 2152 σπουδάζει
494 2083 576 2152 δεῖξαι
592 2090 744 2163 πανταχοῦ,
755 2084 797 2143 ὅτι
812 2088 841 2145 οὐ
894 2081 965 2140 enirn
985 2081 1031 2141 ille
1045 2082 1180 2163 principes
1199 2083 1323 2144 infideles
1340 2084 1377 2143 ad
1394 2083 1469 2164 piam
1485 2084 1642 2165 religionen

63 2176 230 2259 χαριζόμεθα
241 2178 326 2243 αὐτοῖς
339 2175 522 2250 τήνῦπακοήν,
533 2178 592 2236 ἀλλ’
602 2174 748 2254 ὀφείλομεν.
759 2175 849 2236 Οὕτω·
893 2173 980 2252 magis
991 2174 1136 2252 alliciebat,
1147 2189 1174 2233 ct
1182 2175 1276 2235 fideles
1286 2175 1321 2235 ad
1332 2176 1523 2241 obedientiam.
1533 2176 1643 2238 Etenim

63 2270 119 2350 γὰρ
142 2269 187 2328 καί
209 2267 267 2334 robe
289 2269 419 2350 ἄρχοντας
437 2267 496 2336 τοδς
519 2267 645 2334 ἀπίστους
668 2268 839 2330 ἐπεσπάσατο
892 2285 986 2324 rumor
1018 2264 1137 2344 undique
1159 2265 1407 2346 circumferebatur,
1441 2287 1497 2346 quo
1528 2271 1642 2352 apostoli

63 2363 168 2441 μᾶλλον
189 2360 253 2438 πρδς
268 2359 413 2431 εὑσίύειαν,
426 2360 470 2418 καί
483 2358 543 2427 τοὺς
561 2358 670 2427 πιστοὺς
687 2360 752 2439 πρὸς
766 2365 837 2420 ὑπα-
891 2371 922 2416 ιιι
945 2357 1065 2418 seditiosi
1087 2372 1113 2418 et
1132 2380 1263 2418 nouarum
1283 2381 1375 2419 rerum
1396 2374 1518 2421 auctores
1531 2362 1639 2423 inensa-

62 2451 142 2523 κοήν,
156 2453 210 2511 Καὶ
221 2449 272 2533 γὰρ
281 2449 362 2519 πολὺς
376 2451 544 2533 περιεφέρετο
555 2450 631 2528 λόγος
639 2450 712 2521 τότε,
725 2451 769 2511 ἐπί
779 2453 837 2512 στά-
855 2470 874 2518 c
892 2449 1002 2526 bantur,
1026 2449 1074 2528 qui
1095 2450 1131 2508 ad
1160 2450 1252 2529 legum
1272 2451 1457 2511 communium
1476 2453 1641 2514 eversionem

62 2567 106 2603 σει
120 2543 165 2602 καί
186 2541 341 2623 καινοτομίᾳ
358 2543 508 2603 διαὺάλλων
520 2543 579 2610 τοὺς
602 2543 777 2613 ἀποστολους,
791 2545 837 2604 καί
891 2543 980 2600 omnia
1003 2542 1119 2613 tacerent
1138 2541 1312 2603 ct·diccrent.
1337 2544 1407 2602 Curn
1426 2545 1499 2604 enim
1519 2543 1641 2606 ostendes

60 2640 99 2702 ὡς
112 2639 152 2696 ἐπ’
163 2639 300 2718 ἀνατροπῇ
320 2640 373 2694 τῶν
386 2639 479 2695 κοινῶν
495 2634 582 2712 νόμων
597 2636 703 2695 ἅπαντα
716 2636 762 2695 καί
775 2659 837 2697 ποι-
890 2655 1059 2694 communem
1070 2634 1220 2694 Dominum
1235 2649 1356 2696 nostrum
1370 2636 1422 2696 huc
1442 2636 1499 2697 suis
1514 2638 1640 2701 omnibus

60 2737 155 2796 οῦντες
168 2728 214 2786 καί
227 2727 359 2807 λέγοντας.
367 2726 453 2786 Ὅταν
464 2719 508 2785 οὑν
518 2726 603 2802 δείξῃς
613 2718 749 2788 τδνκοινδν
759 2733 836 2808 ἡμῶν
889 2727 1044 2808 precipere,
1067 2748 1171 2796 eorum,
1205 2728 1252 2806 qui
1277 2729 1412 2808 apostolos
1436 2743 1468 2789 ut
1497 2744 1639 2791 novatores

59 2820 201 2889 Δεσπότην
212 2823 290 2878 τοῦτο
306 2822 497 2898 παρεγγυῶντα
519 2827 572 2886 τοῖς
592 2823 670 2878 αὑτοῦ
688 2829 769 2893 πᾶσι,
791 2821 837 2880 καί
888 2818 1073 2895 traducebant,
1089 2841 1136 2880 ora
1150 2820 1283 2898 obstrues,
1302 2833 1329 2879 ct
1346 2841 1409 2879 cum
1426 2821 1523 2902 majori
1538 2821 1639 2882 fiducia

59 2914 116 2969 τῶν
141 2909 336 2970 διαύαλλόντων
355 2914 390 2976 ὡς
413 2913 607 2990 νειυεεροποιῷν
630 2910 837 2991 ἄποῤῥάψειςτδ
889 2910 1072 2992 ριονεείίειίίε
1083 2909 1256 2991 dogmatibus
1269 2911 1397 2991 loqueris

60 3002 198 3080 στόματα,
221 3001 267 3062 καλ
282 3001 350 3080 μετὰ
371 3001 488 3069 πλείονος
511 3006 558 3073 τῆς
579 3001 730 3082 παρρησίας
749 3001 836 3082 ’ὑπὲρ

59 3098 115 3153 τῶν
130 3100 177 3165 τῆς
189 3093 313 3167 ἀληθείας
325 3092 430 3172 διαλέξή
443 3093 595 3172 δογμάτων.

101 3186 149 3256 Μή
162 3184 248 3258 τοίνυν
262 3184 401 3265 αίσχύνου,
416 3185 502 3265 puel,
531 3182 683 3264 τῇτσεαύτῃ
702 3187 833 3265 ὑποταγῇ,
933 3176 961 3232 2.
972 3172 1014 3232 Ne
1026 3174 1117 3251 itaque
1128 3172 1191 3233 talis
1202 3169 1376 3253 subjectionis
1390 3184 1418 3232 te
1435 3173 1545 3263 pudeat.
1560 3171 1631 3234 Nam

58 3277 115 3338 Καί
126 3277 177 3359 γίιρ
190 3283 204 3336 ὑ
217 3276 286 3344 Θεδς
296 3285 373 3337 τοῦτο
386 3277 579 3356 ἐνομοθέτησε,
596 3276 641 3335 καί
654 3275 764 3359 σφοδρός
778 3281 833 3338 aaa,
887 3263 958 3324 hanc
970 3264 1047 3324 Deus
1070 3263 1157 3343 legem
1178 3264 1281 3345 posuit,
1304 3278 1330 3324 et
1350 3285 1395 3324 eos
1415 3264 1461 3344 qui
1475 3265 1526 3325 ista
1545 3277 1636 3325 conte·

56 3373 175 3451 ,φωρὸς
185 3369 436 3451 χ,,α,,,,,υρέ,ων
447 3369 555 3430 τούτων,
570 3371 611 3429 οὗ
624 3366 674 3448 γὰρ
682 3368 730 3441 τὴν
741 3377 835 3450 ταχοῦ.
851 3392 872 3438 γ,
888 3371 984 3416 mnnnt
991 3356 1161 3416 vehementer
1168 3356 1317 3416 ulciscitur.
1327 3357 1397 3415 Nam
1408 3355 1430 3415 si
1443 3377 1495 3415 uon
1504 3357 1637 3436 obsequa-

58 3464 110 3524 σάν
132 3487 162 3523 σε
183 3463 325 3536 ἀπαιτήσει
348 3464 422 3535 δίκην
443 3461 669 3543 παρακούσαντα,
695 3462 765 3521 ἀλλὰ
788 3463 833 3522 καί
886 3448 1198 3532 rssspoefflsabfflmss
1212 3449 1408 3530 Ῑθίθὲἲθθθῑθῑν
1424 3448 1472 3508 sed
1486 3449 1633 3527 ¹¹¹³¹i¹¹¹387

58 3557 160 3638 σρόδρα
183 3557 322 3635 μεγίστην,
345 3555 391 3615 καὶ
412 3555 486 3615 οὐδέν
502 3580 531 3614 σε
547 3554 713 3634 ἐξαιρήσεται
727 3557 834 3615 ἀντνλί-
886 3566 935 3605 nec
946 3543 1096 3624 quidquam
1112 3556 1136 3601 te
1147 3556 1342 3623 repugnantem
1353 3541 1468 3601 eximet:
1480 3542 1548 3621 quin
1559 3556 1585 3602 et
1595 3543 1631 3602 ab

57 3673 155 3727 γοντα,
169 3648 239 3708 ἀλλὰ
256 3648 302 3708 καί
316 3650 381 3726 παρ’
397 3647 540 3727 ἀνθρώπων
554 3646 691 3727 tumtun
703 3647 833 3728 τιμωρίαν
884 3636 1043 3697 horninibus
1056 3634 1217 3715 gravissimo
1237 3634 1362 3715 plecteris
1376 3634 1522 3715 supplicio,
1538 3656 1629 3696 nemo·

57 3742 263 3819 χαλεπωτάτην,
286 3739 332 3800 καλ
354 3740 437 3807 υὺδείς
451 3762 496 3798 σου
511 3738 708 3819 προστήσεται,
729 3740 832 3800 καὶτὸν
885 3752 937 3808 que
946 3729 997 3789 tibi
1012 3726 1239 3808 patrocinabitur,
1254 3747 1285 3784 ac
1296 3729 1385 3785 Deum
1396 3725 1483 3806 magis
1498 3727 1631 3788 irritabis.

56 3831 127 3892 Θεὸν
143 3831 294 3910 παροξυνεῑς
308 3832 441 3910 μειζόνως.
462 3831 545 3910 Ἅπερ
560 3831 665 3890 ἅπαντα
681 3831 832 3910 αίνιττόμε-
885 3820 951 3892 Quae
963 3819 1053 3878 omnia
1065 3816 1240 3876 subindicans
1253 3815 1378 3876 dicebat:
1397 3819 1454 3896 Qui
1468 3830 1567 3877 autem
1588 3819 1635 3878 re·

56 3948 101 3992 νος
115 3923 204 4001 ἔλεγεν
216 3947 222 3960 ·
237 3927 273 3984 Οἱ
285 3924 313 3983 δὲ
324 3924 513 3996 ἀνθεστηκότες
524 3928 625 3990 ἑαυτοῖς
635 3922 719 4004 κρίμα
731 3922 831 4002 λήψον.
884 3916 1002 3983 sistunt,
1013 3915 1069 3989 ipsi
1075 3913 1133 3969 sibi
1142 3911 1365 3968 damnalissnem
1375 3914 1542 3990 acquirunt.
1551 3911 1635 3970 Dein·

56 4041 113 4076 ται.
140 4007 208 4075 Εἶτα
222 4014 321 4083 δεικνὺς
341 4016 368 4075 δὲ
386 4017 417 4076 τὸ
433 4016 524 4096 κέρδος
534 4021 581 4074 τοῦ
592 4014 749 4096 πράγματος
764 4013 832 4093 μετὰ
882 4004 918 4064 de
930 4003 1142 4093 post‘incussurn
1154 4001 1289 4077 timorem,
1303 4014 1333 4060 ut
1344 4000 1383 4060 rei
1394 4001 1538 4062 utilitatem
1546 4014 1633 4064 osten·

57 4107 103 4166 τὸν
119 4106 209 4187 ρόύον,
222 4105 267 4165 καί
279 4106 332 4166 ἀπὸ
342 4111 394 4166 τῶν
405 4109 540 4186 λογισμῶν
553 4105 636 4165 πείθει
647 4106 730 4186 λόγων
741 4104 830 4174 οὑτως.
882 4097 940 4172 dat,
969 4117 1017 4176 per
1038 4092 1179 4153 ratiocinia
1206 4092 1237 4152 id
1262 4090 1366 4167 suadet,
1392 4091 1428 4151 ita
1453 4092 1568 4173 loquens
1579 4117 1586 4150 τ
1598 4095 1628 4155 5.

57 4204 95 4259 Oi
113 4199 165 4280 γὰρ
179 4195 304 4280 ἄρχοντες
319 4203 367 4259 οὐχ
381 4199 432 4260 εἶσὶ
445 4199 524 4279 φόὸος
537 4203 589 4257 τῶν
611 4202 716 4278 ἀγαθῶν
736 4198 829 4277 ἔργων,
882 4192 961 4250 Nam
971 4190 1116 4268 principes
1138 4205 1198 4244 non
1210 4198 1279 4244 sttui
1297 4188 1385 4243 iimo?
1405 4187 1547 4246 bonorum
1560 4208 1632 4280 open

56 4292 128 4351 alta
147 4296 200 4351 τῶν
220 4294 319 4351 κακῶν.
345 4290 456 4364 Ἐπειδὴ
480 4290 531 4370 γὰρ
557 4292 665 4369 βαθεῖαν
686 4290 767 4349 ἔδωκε
781 4288 830 4360 τὴν
881 4307 946 4345 rum
951 4330 961 4357 ,
975 4284 1028 4343 sed
1044 4282 1199 4340 malorum.
1210 4281 1357 4359 Postquam
1376 4280 1448 4340 enim
1467 4280 1631 4363 profundam

56 4384 164 4463 πληγήν
193 4384 238 4443 καί
265 4383 428 4454 κατέπληξεν
455 4382 567 4452 αὐτοὺς,
604 4381 684 4441 πάλιν
713 4382 828 4456 ἀνίησιν,
881 4377 1017 4438 inflixerat
1040 4372 1161 4455 plagam,
1175 4371 1290 4452 illosque
1315 4387 1458 4448 terruerat,
1479 4394 1574 4434 rursus
1592 4374 1630 4434 il·

55 4476 148 4556 ὥσπερ
162 4476 239 4555 copie
253 4475 342 4556 ἰατρὸς
360 4475 489 4557 ράρμακα
502 4477 622 4554 προσηνῆ
636 4472 726 4543 τιθείς,
741 4497 829 4554 παρα·
845 4491 865 4539 Ε
881 4470 922 4530 los
933 4466 1023 4548 erigit,
1031 4478 1060 4523 ut
1072 4465 1178 4545 sapiens
1187 4463 1311 4524 medicus
1321 4463 1393 4524 levia
1405 4463 1537 4525 adhibens
1544 4465 1628 4547 phar-

56 4570 219 4647 μυθοῦμενος
233 4568 280 4628 καλ
291 4568 386 4646 λέγων,
405 4567 431 4627 τί
445 4566 578 4640 δέδοικας,
598 4566 625 4626 τί
638 4565 769 4646 φρίττεις,
792 4565 829 4643 μὴ
882 4581 969 4638 maca,
989 4554 1150 4618 consolando
1165 4554 1359 4629 dicenseQuid
1383 4555 1482 4617 limes?
1494 4557 1561 4637 quid
1579 4580 1627 4619 ex·

53 4661 108 4743 γὰρ
125 4666 236 4743 ἐπιτιμᾷ
251 4664 340 4728 καλῶς
354 4661 515 4741 πρόπαντι,
532 4660 569 4738 μὴ
584 4658 636 4741 γάρ
648 4662 705 4719 ἔστι
720 4658 830 4739 ροὺερδς
883 4647 1071 4715 horrescistan
1079 4649 1177 4708 tebene
1187 4662 1309 4729 agentem
1318 4648 1445 4729 corripit?
1455 4670 1489 4709 au
1498 4650 1629 4711 terribilis

54 4758 151 4836 σ’ρρετῆς
165 4753 365 4833 ἐπιμελουμένῳ
370 4778 379 4827 ;
392 4753 441 4813 Διδ
455 4753 500 4813 καί
514 4752 622 4831 ἐπάγει·
636 4750 731 4819 Θέλεις
744 4750 772 4810 δὲ
790 4751 828 4831 μὴ
883 4759 922 4806 est
931 4743 1043 4804 virtutis
1053 4741 1193 4802 studioso?
1202 4740 1265 4801 ldeo
1275 4741 1383 4822 adjicit:
1394 4744 1445 4802 Vts
1455 4754 1553 4801 autem
1569 4763 1628 4802 non

55 4828 213 4925 Ι’ροὺεῖσθαι
227 4843 277 4916 τήν
291 4843 426 4918 ἐξουσίανς
439 4844 480 4904 Τδ
491 4842 588 4922 ἀγαθὸν
603 4842 688 4915 ποίει,
702 4843 748 4902 καί
764 4842 829 4912 ἕξεις
884 4842 985 4898 timere
991 4835 1310 4914 potestatemiBonum
1311 4834 1381 4914 soc,
1393 4845 1422 4892 et
1432 4834 1554 4892 babebis
1563 4832 1628 4894 lou·

56 4937 162 4997 ἔπαινον
188 4937 214 5006 ἐξ
238 4940 327 5008 αὐτῆς.
360 4926 437 5002 Elia<
459 4939 516 5003 πῶς
538 4933 671 5017 ᾡκείιυσεν
690 4935 770 4995 αὖτδν
791 4939 829 5018 τῷ
885 4932 952 4991 dem
966 4948 1002 4991 ex
1016 4927 1081 4987 itte.
1095 4922 1195 4988 Viden’
1212 4922 1348 5003 quomodo
1362 4924 1441 4983 illum
1462 4945 1524 4984 cum
1538 4924 1627 5007 magi*

89 5136 101 5160 ⁴⁸
121 5136 166 5200 [A.
179 5146 204 5184 et
215 5152 295 5204 marg.
307 5135 385 5191 sarit.
399 5141 552 5190 ὑποτάσσεται
563 5141 575 5188 ὑ
586 5141 653 5187 τοῦτο
665 5136 753 5199 ποιῶν]
872 5134 931 5200 [Pro
945 5135 1046 5187 πλείονος
1057 5131 1084 5176 Α·
1097 5138 1123 5176 θῑ
1135 5142 1215 5191 marg.
1228 5122 1306 5176 savil-
1320 5121 1415 5174 habent
1427 5127 1533 5191 avitiis]

91 5231 100 5251 a
121 5212 162 5263 Sic
179 5214 237 5264 blas.
248 5216 279 5265 In
298 5214 380 5266 Editio
398 5232 458 5269 uero
474 5222 536 5281 μετὰ
554 5225 594 5275 τῆς
614 5220 720 5273 ἀληθείας
726 5251 733 5277 ,
744 5210 817 5263 mule.
903 5213 916 5251 t>
934 5210 1003 5261 Εοιιε
1014 5203 1100 5258 Codex
1113 5211 1226 5276 ροὺιίαθαι
1238 5214 1267 5273 τῇ
1280 5210 1376 5282 atavae.
