3742 5970
236 440 304 526 Μή
561 460 591 507 S.
618 459 761 506 toanuts
788 458 973 506 CHRYSOST.
1001 459 1159 507 nncutnt’.
1188 462 1463 509 constanntnot’.

229 582 322 659 quitur
335 580 414 659 ultio,
428 581 485 641 haec
498 581 609 662 impune
621 582 686 639 fore.
701 581 801 644 Viden’
816 582 867 640 hoc
882 581 910 640 iu
921 581 974 639 cri·
1028 580 1124 664 Ὁρᾷς,
1138 583 1178 643 θτι
1197 590 1274 643 τοῦτο
1291 586 1456 662 ἐγκαλεῖται,
1474 584 1515 642 ὅτι
1529 585 1643 657 ποιήσας
1667 586 1735 648 αὒτδι
1751 588 1810 667 ἱερά

229 693 289 732 men
299 673 403 751 vocari,
421 671 494 752 quod
508 694 571 731 cum
583 672 784 753 illaspecunias
793 693 882 732 sacras
892 672 972 731 secis-
1026 673 1170 752 χρήματα,
1183 673 1242 733 τότε
1261 675 1340 734 ἔλαθε
1346 700 1354 748 3
1370 675 1418 748 Μή
1439 673 1491 755 γὰρ
1511 678 1558 735 οὐκ
1578 676 1712 752 ήδάνασο,
1724 679 1809 759 ρησλ,

229 778 278 841 set,
291 764 325 825 de
344 765 401 826 illis
423 765 578 846 subripiat?
608 770 716 844 Annon,
744 766 844 845 inquit,
870 779 975 846 poteras
1028 767 1074 826 καί
1089 768 1158 847 μετά
1173 768 1204 827 τὸ
1214 771 1339 840 πωλῆσαι
1350 767 1419 827 αὐτὰ
1438 772 1474 835 ὡς
1500 768 1574 837 ἰδίοις
1587 769 1808 850 ἀποχρήσασθαω

229 857 284 917 illis
297 858 423 936 venditis,
439 872 471 917 ut
481 857 598 940 propriis
614 859 673 918 uti?
685 880 751 917 uum
764 858 919 940 prohibitus
928 859 974 917 cs?
1029 860 1067 937 μή
1082 859 1134 942 γὰρ
1146 859 1294 936 ἐκωλύθης,
1306 860 1350 921 διά
1359 859 1386 919 τί
1400 863 1468 939 μετὰ
1480 861 1510 920 τὸ
1520 861 1685 943 ὑποσχέσθαι
1696 862 1807 940 λαμθά-

230 970 280 1008 cur
289 951 417 1030 subripis,
427 965 570 1031 postquam
585 950 756 1031 promisisti?
768 951 851 1026 Vide,
865 970 977 1029 quomo·
1028 975 1095 1024 νειςς
1105 951 1193 1034 Ὅροι,
1204 957 1262 1021 πῶς
1283 952 1376 1019 εὐθέως
1390 950 1418 1020 ἐξ
1430 956 1516 1033 ἀρχῆς
1536 952 1669 1013 ἐπέθετοδ
1684 953 1808 1021 διάθολυς

229 1041 265 1102 do
279 1044 373 1102 statim
382 1044 541 1125 aprincipio
552 1065 608 1103 sese
619 1035 748 1103 immittat
761 1043 888 1103 diabolus
905 1043 976 1101 inter
1030 1043 1127 1123 μεταξὺ
1144 1043 1261 1122 σημείων
1279 1043 1425 1122 γενομένων
1437 1045 1481 1103 καλ
1502 1045 1645 1122 θαυμάτων
1660 1044 1806 1105 τοσούτων·

230 1134 306 1212 signa
317 1149 343 1194 et
356 1136 487 1195 miracula
498 1149 571 1195 tanta
579 1161 589 1213 ς
607 1136 663 1194 imo
674 1134 809 1214 quomodo
818 1135 863 1194 hic
880 1135 915 1193 ab
927 1134 996 1193 illo·
1030 1139 1130 1213 μᾶλλον
1144 1135 1172 1196 δέ
1187 1139 1244 1202 πῶς
1258 1135 1304 1194 καλ
1319 1127 1393 1202 οὗτος
1405 1134 1451 1195 ὑπ’
1464 1139 1544 1196 αὐτοῦ
1555 1135 1697 1215 ἐπωρώθη.
1706 1139 1805 1196 Τοιοῦ-

95 1254 129 1280 0.
160 1269 166 1281 .
198 1268 203 1282 .
231 1241 379 1286 excaecatus
391 1227 437 1286 sit.
454 1226 523 1288 Tale
533 1226 675 1308 quidpiam
689 1242 714 1287 et
727 1227 756 1288 in
771 1227 854 1287 veteri
865 1227 924 1307 lege
935 1229 974 1285 sa-
1027 1229 1072 1288 τόν
1090 1252 1117 1287 τι
1130 1228 1175 1288 καλ
1186 1230 1379 1309 ἐντῇῐλαλαιᾷ
1391 1227 1586 1307 γέγονεν,δτεδ
1599 1228 1692 1309 Χαρμλ
1703 1229 1735 1288 τδ
1746 1229 1807 1289 ἀνά·

77 1314 90 1342 ⁰
126 1314 150 1344 ⁰·
165 1313 204 1346 ²²·
229 1331 303 1377 otum
317 1332 367 1396 est,
383 1318 490 1399 quando
510 1319 621 1380 Charini
646 1320 788 1379 anathema
803 1320 907 1380 iuratus
927 1319 975 1379 de·
1028 1325 1102 1398 θημα
1115 1320 1214 1399 κλέψας
1232 1320 1318 1380 ἑάλω·
1334 1322 1392 1379 ἀλλ’
1411 1318 1483 1396 ὅμως
1499 1320 1579 1399 ἔγνως
1602 1319 1648 1378 καλ
1669 1324 1726 1381 ἐκεῖ
1746 1324 1806 1399 μεθ’

229 1411 378 1491 prehensus
406 1425 594 1471 est:attamen
620 1412 698 1486 nosti,
727 1424 826 1490 quanta
848 1411 917 1471 ultio
940 1412 976 1472 de
992 1421 1012 1472 G
1027 1412 1090 1486 ὅσης
1112 1411 1229 1479 ἐκδικίας
1255 1410 1389 1495 διωρθιίθη
1403 1413 1434 1472 rb
1451 1422 1574 1494 πρᾶγμα.
1589 1410 1738 1492 Ἱεροσυλία
1753 1411 1805 1494 γὰρ

228 1502 346 1562 facinore
359 1516 449 1562 sumta
460 1504 505 1562 sit.
521 1504 667 1563 Sacrorum
675 1502 748 1561 euim
769 1502 901 1584 expilatio
920 1502 973 1563 ad·
1028 1504 1128 1585 σρίδρα
1147 1504 1274 1583 χαλεπὸν,
1290 1503 1425 1582 ἀγαπητέ,
1444 1505 1490 1564 καλ
1503 1506 1605 1575 πολλῆς
1621 1504 1703 1583 γέμον
1722 1528 1805 1566 κατα-

229 1595 340 1655 modum
363 1597 455 1676 gravis
480 1611 531 1674 est,
546 1596 653 1671 dilecte,
671 1609 698 1654 et
716 1616 815 1676 magno
838 1610 973 1656 contemtu
1026 1596 1186 1676 φρονήσεως.
1200 1595 1271 1656 Οὔτε
1291 1596 1417 1666 πωλῆσαι
1430 1596 1732 1677 ήναγκοίσαμεν,ρησ“ιν,
1745 1597 1805 1659 ὥτε

228 1688 320 1768 plena.
330 1691 424 1767 Neque
435 1688 552 1750 vendere
562 1689 711 1769 coegimus,
726 1687 824 1766 inquit,
832 1708 918 1767 neque
930 1709 976 1768 pe-
1026 1686 1190 1758 τεωλήσαντα
1204 1689 1294 1747 δοῦναι
1314 1685 1347 1746 rb
1364 1687 1508 1768 χρήματα·
1525 1688 1556 1748 ob
1574 1687 1644 1749 εἵλου
1661 1687 1688 1757 ἐξ
1706 1688 1804 1756 οἰκείας

228 1781 322 1840 eunias
333 1803 368 1841 ex
377 1781 496 1843 venditis
508 1795 630 1862 acceptas
645 1780 709 1841 dare
720 1804 726 1837 :
738 1794 768 1838 tu
779 1778 809 1838 id
821 1801 856 1839 ex
869 1800 973 1861 propo·
1026 1779 1220 1859 προαιρέσεως·
1235 1779 1262 1838 τί
1272 1778 1358 1838 τοίνυν
1373 1780 1485 1861 ἔκλεψας
1503 1782 1557 1840 ἀπὸ
1574 1785 1627 1840 τῶν
1641 1785 1719 1862 ἱερῶν
1734 1805 1804 1862 χρη·

228 1871 281 1931 sito
291 1887 338 1932 tuo
350 1872 436 1932 fecisti
451 1897 457 1930 :
473 1893 521 1933 eur
534 1893 597 1952 ergo
607 1893 641 1931 ex
654 1872 737 1932 sacris
755 1871 878 1953 pecuniis
900 1872 974 1930 sura·
1028 1870 1133 1949 μάτων,
1148 1872 1200 1932 dib
1210 1871 1237 1930 τί
1250 1872 1403 1952 ἐπλήρωσε,
1416 1872 1496 1952 ρησλν
1504 1916 1513 1949 ,
1527 1876 1669 1943 θσατανάς
1679 1873 1728 1947 τήν
1737 1898 1804 1957 καρ·
1826 1933 1830 1941 ,

228 1975 272 2020 tus
282 1964 330 2022 es?
345 1966 406 2024 Cur
416 1965 557 2044 implevit,
568 1963 666 2042 iuquit,
678 1977 802 2023 satanas
811 1984 862 2023 eor
876 1971 975 2023 tuum?
1027 1963 1084 2022 δίαν
1097 1986 1158 2037 σονς
1175 1963 1228 2024 Καὶ
1241 1968 1264 2023 εἰ
1278 1969 1292 2024 ὁ
1308 1974 1422 2030 τατανᾶς
1435 1972 1511 2025 τοῦτο
1533 1965 1660 2039 ἐποίησε,
1679 1965 1706 2024 τί
1727 1967 1803 2033 αὐτὸς

228 2053 265 2114 Et
278 2056 301 2114 si
315 2071 421 2117 satanas
436 2058 487 2118 boc
513 2058 588 2133 feeit,
615 2079 663 2116 cur
686 2057 728 2115 illi
753 2057 925 2139 imputatur?
938 2059 970 2117 ln
1026 2055 1194 2134 ἐγκαλεῖταις
1211 2056 1301 2125 Αἶτιος
1315 2056 1405 2136 γέγονε
1423 2055 1562 2134 δεξάμενος
1579 2060 1659 2118 αὐτοῦ
1667 2055 1803 2139 πλνένέρ-

228 2164 368 2228 causaest,
393 2151 457 2230 quia
472 2151 529 2232 ejus
542 2150 725 2231 operationem
747 2150 860 2230 aceepit,
885 2164 912 2208 et
926 2150 973 2210 illa
1025 2171 1109 2226 γειαν,
1136 2149 1181 2208 καλ
1196 2149 1353 2231 πληρωθείς.
1375 2148 1443 2209 Ἀλλ’
1466 2150 1518 2209 ἔδει
1542 2151 1700 2232 διορθῶσαι,
1713 2149 1802 2230 φησίν.

229 2240 356 2322 impletus
365 2256 413 2301 est.
424 2247 460 2302 At
469 2242 618 2325 oportebat,
631 2241 747 2320 inquies,
759 2243 903 2322 corrigere.
918 2242 973 2303 Sed
1026 2239 1097 2298 Ἀλλ’
1112 2243 1160 2300 οὐκ
1179 2240 1210 2299 δν
1224 2239 1378 2321 διωρθώθη·
1398 2246 1412 2300 ὁ
1430 2240 1482 2321 γλιρ
1496 2247 1606 2301 τοιαῦτα
1622 2247 1691 2324 δρῶν
1704 2240 1751 2301 καλ
1765 2239 1803 2319 μή

227 2356 279 2394 non
292 2348 426 2395 correctus
439 2335 546 2413 suisset,
558 2356 619 2393 nam
632 2333 678 2412 qui
696 2332 760 2392 talia
772 2333 888 2413 viderat,
910 2335 973 2393 nul·
1029 2333 1157 2412 κερδάνας
1184 2335 1276 2415 πολλῷ
1297 2335 1397 2410 μᾶλλον
1410 2335 1457 2391 οὐκ
1480 2331 1511 2390 δν
1533 2333 1628 2413 ἑτέρως
1652 2332 1801 2415 ἐκέρδανεν.

227 2428 339 2507 lumque
351 2427 413 2487 inde
423 2427 532 2486 lucrum
543 2427 653 2500 tulerat,
668 2425 855 2485 multominus
870 2439 975 2507 poterat
990 2439 1010 2487 n
1026 2426 1086 2483 Οὐκ
1099 2423 1152 2484 tta
1166 2424 1252 2483 τοίνυν
1262 2424 1353 2491 ἁπλῶς
1365 2424 1504 2504 παρελθεῖν
1516 2424 1547 2484 rb
1559 2426 1678 2505 γεγονὸς,
1695 2427 1757 2485 ἀλλ’
1767 2429 1803 2493 ὣς

213 2521 283 2580 ’alio
296 2519 378 2580 modo
401 2519 510 2578 lucrum
532 2519 659 2599 accipere.
686 2519 747 2577 Non
768 2520 890 2599 oportuit
910 2539 974 2599 ergo
1026 2515 1160 2587 σηπεδόνα
1175 2514 1235 2574 τινδι
1252 2518 1434 2592 ἐκτμηθῆναι,
1451 2514 1494 2574 ίνα
1511 2515 1548 2592 μή
1565 2520 1603 2596 τῷ
1616 2519 1703 2596 λοιπῷ
1715 2515 1804 2595 λυμή·

227 2632 286 2670 rem
301 2610 517 2691 praetermittam
531 2608 577 2668 sed
603 2609 680 2687 quasi
701 2609 804 2667 saniem
827 2609 974 2689 quamdam
1026 2631 1102 2680 νηται
1123 2606 1237 2684 σώματι.
1252 2609 1309 2667 Νῦν
1322 2605 1369 2684 μὲν
1386 2604 1437 2688 γὰρ
1451 2606 1497 2666 καλ
1511 2599 1585 2674 οὗτος
1605 2606 1744 2686 ὠφέληται
1763 2607 1801 2685 μή

227 2700 360 2777 exscindi,
394 2722 428 2761 ne
451 2701 587 2780 reliquum
613 2719 712 2781 corpus
741 2699 869 2761 inficeret.
894 2701 975 2760 Nunc
1025 2696 1159 2779 προελθὼν
1170 2697 1318 2778 περαιτέρω
1328 2695 1494 2770 κακίας,καλ
1510 2702 1534 2756 οί
1548 2698 1636 2757 λοιπολ
1656 2698 1802 2758 σπουδαιό-

226 2794 300 2853 enim
315 2806 341 2853 et
350 2793 395 2852 bic
405 2792 550 2852 utilitatem
559 2791 668 2873 accipit,
682 2812 716 2851 ne
730 2791 844 2851 ulterius
856 2792 884 2851 in
894 2793 973 2851 mali·
1024 2813 1095 2873 τεροι
1107 2789 1258 2869 γενόμενοι·
1273 2791 1332 2850 τότε
1345 2790 1372 2849 δέ
1383 2790 1414 2850 ἂν
1432 2790 1581 2850 τούναντίον
1600 2791 1726 2863 mustea.
1750 2791 1803 2853 Διά

227 2887 265 2946 tia
276 2886 474 2968 progrediatur,
481 2885 561 2946 etalii
573 2885 660 2965 magis
678 2883 792 2944 studiosi
804 2883 971 2945 redduuttu:
1024 2887 1101 2942 τοῦτο
1116 2887 1220 2962 πρῶτον
1234 2883 1352 2962 ἐλέγχει,
1376 2884 1420 2942 κοιλ
1432 2882 1577 2956 δείκνυσιν,
1594 2882 1635 2942 δτι
1648 2885 1696 2943 οὐκ
1707 2883 1801 2945 ἔλαθεν

227 2977 347 3056 alioquin
372 2990 462 3036 autem
479 2977 643 3036 contrarium
660 2975 810 3036 accidisset.
832 2975 897 3035 ldeo
917 2978 974 3057 pri·
1024 2973 1103 3032 αὐτὸν
1121 2975 1151 3033 τὸ
1165 2975 1285 3054 γεγονὸς,
1299 2975 1345 3035 καλ
1360 2974 1419 3035 τότε
1435 2975 1614 3043 καταδικάζει.
1629 2974 1682 3034 nrt
1692 2974 1720 3034 τί
1733 2974 1800 3057 γάρ,

228 3092 304 3130 mum
314 3071 466 3150 redarguit,
480 3084 506 3128 et
519 3070 636 3129 ostendit
656 3091 714 3129 rem
736 3091 764 3129 se
779 3091 832 3129 non
846 3070 955 3130 latuisse
960 3095 970 3150 ς
1024 3067 1096 3146 ρησλ,
1105 3072 1183 3126 τοῦτο
1190 3066 1351 3141 πεποίηκαςς
1361 3067 1450 3139 ήθελες
1460 3067 1542 3148 ἐχεινς
1551 3065 1740 3147 Ἐθειέχεινέξ
1749 3068 1801 3150 ἀρ·

228 3176 346 3242 tuneque
357 3162 519 3222 condemnat
528 3162 616 3221 illum.
633 3163 693 3221 Cur
706 3160 788 3237 enim,
799 3161 898 3241 inquit,
918 3166 973 3223 boc
1022 3164 1088 3239 γῆς,
1101 3160 1146 3219 καί
1158 3161 1196 3237 μὴ
1207 3159 1383 3239 ὑποσχέσθαι·
1395 3164 1439 3218 νῦν
1450 3158 1476 3220 δέ
1484 3159 1574 3219 λαθὼν
1583 3158 1651 3237 μετὰ
1661 3159 1693 3218 τὸ
1705 3159 1800 3219 ἀναθέ-

219 3258 345 3338 secisti?
371 3254 471 3314 habere
500 3253 674 3316 voluistii'b
701 3253 834 3335 principio
860 3254 974 3314 retinere
1024 3257 1099 3323 σθαι,
1113 3251 1218 3330 μείζονα
1228 3251 1276 3325 τήν
1290 3251 1438 3333 ἱεροσυλίαν
1453 3250 1577 3333 εἰργάσω.
1591 3250 1626 3310 ‘0
1640 3249 1689 3328 μὲν
1702 3251 1757 3332 γὰρ
1767 3250 1801 3308 τὰ

227 3350 360 3432 oportuit,
382 3362 409 3408 et
428 3369 481 3408 non
511 3347 668 3429 promittere
683 3370 690 3405 ε
704 3368 776 3407 nunc
792 3362 882 3407 autem
898 3362 973 3429 post·
1023 3347 1076 3403 τῶν
1096 3344 1184 3403 ἀλλων
1203 3344 1359 3419 λαμθάνων,
1380 3343 1441 3410 ἴσως
1466 3342 1612 3423 ἀλλοτρίων
1634 3343 1801 3420 ἐπιθυμήσας

227 3463 310 3523 quam
338 3462 541 3503 consecraveras
564 3440 727 3522 subripiens,
755 3441 843 3521 majus
867 3441 975 3501 sacrile-
991 3461 1010 3508 ις
1024 3436 1169 3514 λαμὸάνει·
1182 3435 1223 3495 σοὶ
1234 3435 1261 3494 δὲ
1272 3435 1332 3507 ἐξῆν
1346 3433 1416 3515 ἔχειν
1426 3434 1460 3495 τὰ
1473 3434 1516 3494 σά.
1529 3433 1565 3492 Τί
1575 3434 1662 3493 τοίνυν
1673 3435 1803 3507 ἐποίησας

227 3535 304 3614 gium
314 3533 459 3595 admisisti.
473 3536 544 3592 Nam
560 3532 608 3612 qui
635 3533 722 3592 aliena
746 3533 827 3613 rapit,
849 3533 918 3591 forte
941 3555 975 3592 ex
1025 3529 1092 3590 αὐτὰ
1106 3528 1164 3608 ίερδι
1171 3572 1180 3600 ,
1196 3529 1241 3587 καί
1253 3528 1313 3587 τότε
1326 3526 1453 3599 ι’ἐλαθέςς
1467 3525 1532 3586 Ἀπὸ
1545 3529 1647 3598 πολλῆς
1661 3549 1801 3608 καταρρο-

226 3627 378 3686 alienarum
395 3647 487 3685 rerum
498 3624 646 3706 eupiditate
663 3624 734 3705 rapit
748 3624 816 3682 :tibi
837 3646 900 3685 vero
910 3625 974 3686 lice-
1024 3623 1124 3694 νήσεως
1132 3625 1209 3679 τοῦτο
1223 3619 1379 3690 πεποίηκας.
1394 3621 1454 3679 Οὐκ
1470 3619 1525 3698 ἔχει
1543 3617 1724 3696 τδγενίμενον
1736 3639 1802 3696 συγ-

226 3718 274 3777 bat
295 3732 342 3777 tua
365 3718 472 3777 babere.
491 3718 547 3776 Gur
565 3737 629 3796 ergo
653 3717 701 3775 illa
720 3738 795 3776 sacra
813 3717 972 3796 reddidisti,
1023 3715 1149 3794 γνώμην,
1166 3713 1239 3779 ἐκτός
1259 3714 1329 3773 ἐστιν
1351 3711 1501 3790 ἀπολογίας.
1523 3711 1625 3782 Μηδεὶς
1640 3710 1668 3770 δὲ
1685 3711 1801 3769 σκανδα-

227 3824 253 3870 ει
266 3824 359 3892 postea
374 3809 512 3890 rapuisti?
525 3807 571 3867 Ex
584 3829 682 3888 magno
700 3823 834 3868 contemtu
854 3808 883 3868 id
910 3811 974 3869 feci·
1024 3806 1150 3880 λιζέσθω,
1167 3806 1192 3864 εί
1203 3828 1270 3872 τινες
1284 3804 1330 3863 καί
1340 3809 1385 3861 νῦν
1400 3806 1465 3862 εἰσιν
1479 3802 1616 3881 ἱερόσυλοι.
1633 3804 1667 3861 Et
1677 3799 1730 3881 γάρ
1740 3803 1800 3862 τότε

228 3901 272 3961 sti.
290 3902 406 3962 Facinus
417 3900 525 3962 veniam
538 3921 592 3959 non
603 3900 696 3974 babet,
704 3900 875 3960 excusatione
890 3914 972 3962 earet
1024 3892 1103 3974 ἦσαν,
1110 3902 1199 3978 πολλῷ
1209 3900 1309 3976 μᾶλλον
1319 3903 1374 3970 νῦν,
1380 3895 1422 3955 ὅτε
1429 3895 1516 3955 πολλὰ
1523 3895 1557 3955 τδι
1567 3894 1719 3955 κακά.Ἄλλ’
1732 3894 1802 3972 ἀλέγ

100 3993 434 4059 sammaNemrnrautem
448 3989 611 4051 offendiculo
624 3991 669 4068 sit,
683 3990 765 4069 siqui
781 3992 839 4072 jam
857 3992 911 4052 sint
932 4015 973 4052 sa·
1023 4018 1114 4076 χωμεν
1129 3993 1221 4058 αὐτοὺς
1244 3989 1288 4049 ἐπλ
1310 3989 1425 4060 πάντων,
1444 3986 1487 4048 ίνα
1503 3987 1548 4046 καλ
1570 3990 1593 4046 οί
1616 3986 1704 4047 λοιποί
1719 3987 1800 4067 ρόάον

74 4077 148 4136 Ῥὼ
137 4085 198 4121 ΜΟ
174 4091 337 4146 “⁸crorum
352 4086 523 4167 expilatores.
535 4083 639 4144 Nam
617 4105 640 4143 st
651 4097 716 4143 tunc
740 4085 860 4161 fuerunt,
887 4086 973 4146 multo
1024 4086 1129 4167 ἔχωσιν.
1143 4083 1315 4151 Η01οιίδαςίε
1319 4071 1480 4161 ράουλοςήν·
1496 4081 1593 4138 ἀλλ’
1568 4102 1615 4137 ουκ
1625 4079 1800 4138 ἐσκαναάλισε

74 4149 206 4262 λςεξλῐλο.
229 4180 406 4259 magisnune,
421 4198 483 4237 eum
497 4176 585 4236 multa
598 4175 747 4237 auntmala.
760 4176 815 4236 Sed
829 4179 973 4258 reprehcu·
1024 4201 1101 4239 τουτο
1119 4177 1179 4244 τοὺς
1193 4175 1322 4254 μαθητάς.
1340 4172 1439 4253 Ορᾷς,
1453 4172 1503 4233 ὅσα
1519 4170 1680 4242 κακάήτῶν
1691 4172 1801 4253 χρημά-

228 4273 325 4331 damus
335 4272 395 4331 tllos
407 4292 498 4331 coram
511 4269 648 4346 omnibus,
663 4283 693 4327 ut
714 4282 741 4328 et
753 4284 843 4329 caeterr
869 4285 971 4331 metum
988 4314 1011 4353 ,9
1024 4295 1076 4330 των
1088 4270 1215 4347 ἐπιθυμία
1228 4275 1311 4338 ποιεῖς
1333 4264 1413 4323 Καιέ
1413 4263 1503 4342 γένετο
1508 4261 1608 4342 ,,ρησλ
1621 4259 1701 4340 ράθσς
1717 4262 1801 4343 μέγας

227 4363 354 4423 habeant.
371 4361 456 4424 Judas
469 4362 614 4440 sacrilegus
634 4374 706 4435 erat,
720 4381 815 4420 terum
840 4360 871 4420 id
888 4362 972 4422 disei-
990 4363 1068 4423 Αέττλ
1083 4361 1183 4426 πάντας
1199 4358 1257 4425 τους
1279 4355 1420 4421 ἀκούοντας
1442 4378 1535 4413 ταυτα.
1557 4353 1675 4421 Ἐκεῖνος
1700 4355 1801 4432 ἐτιμω·

227 4456 364 4538 pulisnon
378 4454 564 4514 offendiculof
563 4454 613 4512 uit
617 4405 718 4515 Videti'
731 4466 830 4531 quanta
842 4455 913 4513 mala
927 4477 972 4560 pe-
1025 4456 1104 4536 ρήθη,
1127 4477 1161 4512 κα
1161 4451 1270 4511 λάλλοι
1289 4447 1439 4528 ἐκέρδαναν.
1453 4444 1579 4506 Ὥστε’
1553 4467 1604 4525 ουχ
1619 4445 1712 4512 ἁπλῶς
1726 4453 1804 4506 τοῦτο

228 4568 369 4613 cumarum
381 4546 516 4628 cuprd1tas
528 4544 688 4627 parrattne
696 4546 796 4624 sactus
808 4559 851 4605 est
852 4546 971 4626 ,inquit,
1024 4552 1214 4658 οἰκογομεῖται·
1229 4538 1316 4600 καίτοι
1327 4537 1373 4656 ζδέ
1388 4536 1505 4616 σημείων
1519 4537 1606 4596 ἄλλων
1620 4535 1749 4617 πρότερον
1762 4561 1805 4617 γι-

228 4645 317 4701 tamor
326 4658 450 4721 magnus
460 4659 547 4717 super
557 4657 656 4696 omnes
657 4639 796 4717 qutboee
805 4640 970 4700 auderunt
1026 4636 1156 4717 νομένων,
1176 4634 1291 4711 ὅμως
1266 4655 1314 4690 ουκ
1328 4656 1360 4703 νν
1330 4622 1449 4711 pedor
1463 4634 1589 4695 τοιοῦτος.
1600 4625 1694 4695 Οθτως
1708 4627 1805 4701 ἀληθές

227 4733 279 4793 ttte
291 4745 403 4813 punitus
415 4741 465 4808 est
480 4741 507 4788 et
524 4728 572 4788 alii
593 4729 691 4788 lucrati
705 4743 784 4788 sunt.
810 4729 901 4807 itaque
919 4752 971 4790 non
1028 4734 1098 4792 ἐστιν
1120 4731 1218 4799 ἐκεῖνο,
1233 4721 1453 4785 dulescentem
1464 4719 1561 4799 Κυριος
1579 4718 1699 4799 κρίματα
1708 4742 1803 4780 ποιων

227 4826 284 4885 sine
294 4822 609 4903 eausaitadispensatum
619 4834 667 4880 est.
679 4820 833 4881 Etsialia
811 4825 972 4904 signaprius
1026 4822 1107 4884 Οὕτω
1120 4843 1166 4878 και
1156 4817 1266 4876 ‘wat
1234 4840 1281 4887 της
1291 4814 1404 4874 κιάωτοῦ
1414 4812 1528 4892 γέγονεν·
1539 4812 1621 4881 Ὀζᾶν
1632 4810 1804 4892 ἐτιμωρήθη,

226 4922 296 4980 facta
304 4921 422 4997 fuerant,
447 4931 564 4979 anamen
578 4936 631 4976 non
647 4916 710 4976 talis
729 4931 786 4977 erat
808 4932 905 4980 metus.
927 4921 973 4981 Sic
1027 4915 1072 4975 καὶ
1091 4911 1193 4993 ἐγένετο
1212 4917 1266 4974 τοῖς
1286 4908 1374 4972 ἄλλοις
1393 4903 1480 4985 νόθος
1499 4905 1570 4963 λ’λλ
1583 4906 1637 4963 ἐκεῖ
1654 4900 1701 4980 μὲν
1717 4901 1804 4982 peda·

259 5141 270 5164 ¹
283 5126 354 5176 Unus
365 5127 405 5191 [Α.
415 5127 442 5175 Β.
455 5126 497 5193 C.]
507 5130 595 5184 ευνίθη.
608 5129 711 5196 δεύτερον
724 5131 810 5194 ἐλέγχει
824 5138 870 5181 καὶ.
1073 5138 1083 5160 ³
1097 5123 1139 5188 [tt
1151 5118 1221 5170 abest
1233 5117 1305 5179 abb.
1314 5117 1341 5164 Β.
1350 5113 1393 5181 ss]

261 5207 273 5244 λ)
286 5201 386 5270 [iidem
397 5211 474 5265 θλαθις
486 5211 560 5269 αὐτοὶ,
574 5206 640 5270 sind]
