3728 5978
551 449 584 495 ΙΝ
612 445 699 494 ACTA
726 442 989 492 tnosuouottutt.
1018 439 1142 488 Hobiib·
1168 438 1266 488 xxxi.

128 635 1686 678 :ww

395 829 534 890 ΟΜΙΛΙΑ
548 825 601 887 λα’.
1162 819 1321 880 HOMILIA
1339 816 1445 880 XXXI.

140 1015 279 1083 ’διοίσοντας
300 1014 372 1075 δῖοί
393 1013 537 1075 ἀπόστολοι
550 1011 691 1096 Βορνάύας
704 1011 750 1072 καὶ
765 1012 887 1085 Παῦλος,
945 1001 1101 1068 Ctn.X1V.
1120 1027 1150 1065 v.
1166 1008 1212 1066 15.
1235 1009 1292 1067 His
1305 1007 1415 1066 auditis
1430 1005 1555 1086 apostoli
1569 1007 1685 1067 Bama-

169 1106 341 1189 διαρρὴἱαντες
362 1106 400 1168 τά
421 1107 517 1186 ἱμάτια
540 1106 641 1179 αὐτῶν,
664 1103 828 1176 ἐξεπήδησαν
852 1104 890 1171 είς
986 1102 1039 1159 bns
1051 1111 1080 1159 et
1094 1101 1218 1173 Paulus,
1230 1105 1384 1163 conscissis
1396 1103 1524 1161 vestibus
1537 1105 1597 1162 snis
1610 1104 1687 1162 exsi-

169 1199 298 1279 τθνόγλαν,
312 1199 456 1281 κράζοντες
468 1198 514 1259 καί
526 1196 654 1278 λέγοντες·
669 1193 814 1278 άνδρες,τί
828 1201 889 1254 ταύ-
907 1213 927 1261 13
986 1192 1095 1252 Ζίονιιιιι
1106 1196 1139 1252 in
1152 1196 1288 1270 turbam,
1309 1196 1473 1256 clamantes
1488 1196 1535 1257 14.
1549 1207 1578 1254 et
1591 1195 1687 1255 dicen

171 1314 198 1349 τα
208 1299 326 1369 ποιεῖττς
341 1296 422 1369 ἡμεῖς
435 1294 603 1369 ὁμοιοπαθεῖς
616 1293 679 1366 ύμῖν
697 1289 776 1364 ἐσμεν
787 1286 891 1368 ἀνθρω-
987 1298 1031 1346 tes
1051 1310 1061 1344 ι
1077 1287 1150 1360 Viri,
1172 1289 1245 1367 quid
1265 1289 1328 1347 itoec
1347 1289 1456 1368 facitis
1469 1294 1483 1345 i
1498 1289 1560 1348 Nos
1578 1289 1688 1347 similes

172 1408 215 1456 τοι,
233 1383 463 1464 εύαγγιλιζόμενοι
487 1388 556 1462 ὑμᾶς
575 1378 628 1440 dni
646 1378 746 1439 τούτων
763 1383 816 1439 τῶν
836 1403 891 1459 μα-
987 1383 1341 1461 vobispassibilessumus
1352 1383 1495 1454 homines,
1506 1386 1689 1442 annuntian-

172 1475 237 1535 τοίαν
254 1473 427 1557 ἐπιστρέφειν
448 1472 493 1535 tert
516 1473 562 1534 τδν
588 1471 657 1534 Θεὸν
679 1471 725 1531 τόν
740 1475 842 1544 ζῶντα,
866 1471 893 1540 δς
987 1486 1030 1533 tes
1056 1477 1142 1536 vobis
1155 1477 1193 1535 ab
1206 1475 1252 1534 itis
1274 1474 1364 1534 vonis
1383 1479 1514 1536 converti
1537 1476 1579 1536 od
1594 1476 1692 1535 Deum

172 1567 265 1641 ῖτοίησι
281 1567 329 1628 τδν
345 1566 456 1649 οθρσνθν
470 1564 516 1626 καί
534 1563 584 1638 τὴν
599 1567 650 1643 γῆν
668 1562 714 1623 καὶ
730 1562 778 1638 τὴν
793 1565 894 1625 θάλασ·
990 1568 1104 1638 einum,
1118 1569 1169 1646 qui
1179 1567 1254 1646 fecit
1267 1565 1369 1628 coelum
1383 1579 1529 1626 etterrom
1549 1578 1578 1626 et
1597 1587 1688 1639 mare,

173 1660 274 1738 σαν,καί
288 1659 380 1720 πάντα
394 1658 430 1719 τά
442 1661 470 1720 ln
485 1661 579 1727 αὐτοῖς.
989 1668 1017 1716 et
1031 1660 1131 1716 omnin
1145 1677 1211 1736 qne
1222 1661 1255 1715 in
1264 1660 1305 1717 eis
1313 1670 1390 1718 sunt.

174 1846 234 1929 ’θρα
256 1846 348 1908 πάντα
370 1843 440 1928 μετὰ
463 1843 637 1928 σφοδρότητος
655 1845 715 1914 rob<
733 1843 893 1912 ιἰποστολους
992 1845 1020 1903 ί.
1040 1842 1115 1905 Vide
1133 1843 1269 1925 apostolos
1285 1843 1375 1905 omnia
1392 1865 1453 1905 cum
1467 1843 1634 1907 vehementia
1652 1845 1700 1904 ia·v

153 1945 268 2008 τναῖντας.
283 1937 433 2020 Διέρρηξαν
446 1938 481 1999 τά
494 1938 598 2018 ἱμάτια,
611 1938 759 2013 ίπὴδησαν,
773 1936 895 2019 ἔκραξαν,
951 1934 1058 1996 cientes.
1068 1934 1213 1996 sciderunt
1224 1951 1321 2013 vestes,
1338 1937 1507 2016 exsilierunt,
1524 1938 1692 2017 clamarunt,

152 2031 213 2090 πάντα
231 2031 284 2091 ἀπὸ
296 2030 439 2101 διαθέσεως
453 2033 552 2113 φυχῆς,
568 2030 794 2112 ἀποστρεφόμενοι
807 2028 841 2088 τά
852 2053 894 2109 γε·
951 2050 1011 2108 quae
1027 2029 1117 2089 omnia
1138 2050 1174 2090 ex
1193 2029 1332 2092 affectione
1358 2030 1442 2090 animi
1459 2031 1603 2107 faciebant,
1618 2053 1695 2095 aver-

152 2123 230 2202 όρενα,
240 2125 287 2184 καί
297 2123 409 2193 πένθους
418 2133 520 2203 σηραῖα
529 2129 670 2192 ποιοῦντες.
682 2123 782 2191 Πένθος
791 2121 843 2204 γάρ
853 2114 895 2198 ἡν,
905 2160 942 2202 2„
953 2133 1050 2197 santes,
1058 2135 1085 2180 et
1097 2121 1187 2182 luctus
1201 2121 1278 2202 signa
1287 2120 1392 2182 dantes.
1405 2122 1507 2183 Luctus
1514 2124 1617 2206 quippe
1633 2146 1697 2185 vere

153 2217 208 2283 θοις
218 2216 311 2285 πένθος
325 2216 553 2298 ἀπαραμύθητον,
567 2216 593 2276 εί
611 2241 642 2298 γε
655 2215 765 2295 ἔμελλον
787 2215 840 2276 θεοί
854 2240 897 2276 νο-
915 2217 933 2264 Λ
953 2216 1111 2293 erat,luctus
1124 2236 1178 2275 non
1192 2214 1371 2294 eonsolabilis,
1380 2216 1403 2275 si
1422 2215 1532 2295 quidem
1550 2218 1698 2279 voluissent

154 2309 262 2385 μίξεσθαι,
275 2309 322 2370 καί
339 2310 558 2392 είδωλολατρείαν
573 2310 697 2390 είσάγειν,
708 2309 741 2382 ἡν
753 2301 832 2384 ἦλθαν
846 2333 896 2368 κα-
952 2329 1002 2391 pro
1021 2308 1075 2368 diis
1090 2308 1200 2387 baberi,
1213 2322 1239 2369 et
1258 2307 1440 2369 idololatriam
1459 2308 1585 2370 inducere
1592 2357 1601 2385 ,
1616 2333 1698 2390 quam

153 2400 291 2471 υλύσαντες.
313 2400 369 2461 Καὶ
389 2406 468 2462 τοῦτο
485 2407 532 2462 τοῦ
544 2397 672 2462 tessun
682 2392 715 2474 ἡν
734 2399 898 2463 κατασκεύα-
953 2399 1072 2461 solutum
1086 2413 1224 2461 venerant.
1237 2399 1309 2460 Illud
1322 2421 1403 2484 porro
1413 2414 1469 2461 erat
1479 2400 1582 2461 diaboli
1596 2402 1699 2462 machi-

153 2514 198 2570 ιμ.
220 2496 255 2554 0!
277 2492 372 2575 δλοῖχ
391 2495 589 2576 ἡσυχάζουσιν,
609 2495 678 2556 ἀλλά
691 2495 734 2571 τίς
754 2496 808 2557 Καί
821 2502 899 2574 ἡμεῖς
954 2506 1119 2554 numentum.
1134 2495 1171 2553 At
1185 2493 1291 2553 illinon
1307 2494 1517 2575 quiescunt,sed
1532 2494 1699 2576 quidiNos

153 2592 294 2664 θμινταθτῖς
306 2592 371 2669 ύμῖν
390 2593 480 2668 ἐσμεν,
491 2588 581 2670 φασίν,
593 2589 735 2671 ἄνθρωποι.
752 2587 857 2655 Εὐθέως
869 2591 899 2648 ἐκ
954 2587 1065 2647 εἰσεῖδες
1078 2588 1165 2646 nobis
1185 2587 1340 2666 passibiles
1362 2607 1461 2648 sumus
1489 2590 1637 2666 homines,
1654 2587 1697 2647 in·

100 2718 102 2736 ι
154 2680 275 2760 προοιμίων
293 2680 441 2764 ἀνέτρεψαν
461 2682 491 2743 τδ
514 2682 606 2742 κακόν.
636 2683 695 2742 Οὔκ
714 2671 788 2742 εἶπον
799 2682 900 2756 ἁπλῶς,
954 2677 1062 2758 quiunt.
1074 2677 1171 2738 Stetim
1184 2676 1219 2737 ab
1226 2677 1304 2736 initio
1315 2677 1418 2738 malum
1428 2680 1633 2742 subverterunt:
1646 2701 1699 2739 non

152 2769 287 2856 Ἄνθρωποι,
301 2772 382 2849 ἀλλά,
393 2772 462 2833 Καθ’
475 2778 551 2853 ὑμᾶς.
563 2763 633 2834 Εἶτα
645 2772 689 2834 ἵνα
703 2773 741 2852 μὴ
759 2771 853 2843 δόξωσι
863 2796 902 2832 τι·
955 2770 1083 2832 dixerunt
1098 2767 1267 2852 simpliciter,
1287 2772 1430 2831 Homines
1442 2795 1452 2849 3
1468 2771 1527 2851 sed,
1539 2772 1621 2834 Sicut
1638 2793 1698 2832 vos.

153 2872 189 2945 ii*
202 2864 260 2933 rob<
282 2863 370 2940 θεοίις,
389 2864 501 2926 άκαισον
513 2865 558 2925 ’τί
572 2864 729 2946 ἐπάγωσιν·
750 2866 902 2946 Εὗαγγελι-
957 2865 1075 2943 Deinde,
1093 2884 1127 2924 ne
1140 2862 1297 2923 riderentur
1318 2862 1383 2925 deos
1404 2865 1619 2943 vene1·nri,audi
1634 2864 1701 2944 quid

152 2955 233 3035 ίίρινοι
248 2962 321 3037 ὑμᾶς
342 2956 396 3017 ἀπὸ
417 2955 516 3018 τούτων
529 2960 583 3017 τῶν
599 2957 721 3037 ματαίων
737 2955 904 3039 ἐπιστρέφειν
956 2956 1109 3038 adjiciant:
1129 2955 1357 3019 denuntiantes
1380 2960 1465 3019 vobis
1488 2961 1526 3018 ab
1542 2960 1588 3021 iris
1612 2962 1702 3018 oanis

153 3048 185 3107 trt
199 3050 240 3110 ris
254 3048 326 3111 Θεὸν
340 3048 385 3109 τόν
399 3051 500 3126 ζῶντα,
515 3047 543 3119 ὃς
558 3048 666 3123 ἐποίησε
681 3051 725 3111 τόν
739 3049 849 3133 οὐρανὸν
859 3047 905 3108 καί
958 3052 1090 3111 converti
1100 3049 1143 3107 ad
1151 3049 1247 3108 Deum
1258 3052 1372 3124 vivum,
1392 3055 1444 3132 qni
1465 3053 1537 3131 fecit
1551 3053 1655 3113 coeittm
1675 3063 1704 3111 et
1713 3075 1780 3121 pmt,
1802 3069 1852 3134 ιρι,

153 3141 187 3213 ris
202 3147 249 3222 γῆν
267 3141 315 3202 καί
330 3141 382 3214 τὴν
395 3140 540 3217 θάλασσαν,
553 3142 599 3202 καί
614 3141 702 3203 πάντα
716 3143 750 3203 τὰ
763 3145 790 3202 ss
804 3145 903 3210 αὐτοῖς.
961 3153 1071 3203 terram
1094 3155 1124 3201 et
1138 3163 1230 3215 mare,
1250 3156 1279 3202 et
1298 3147 1399 3204 omnio
1421 3164 1487 3225 qnoe
1500 3149 1533 3204 in
1555 3149 1596 3206 eis
1623 3157 1701 3205 sunt.
1714 3139 1738 3187 ⁶·

152 3232 208 3314 ’θρα
226 3236 346 3314 οὐδαμοῦ
358 3236 413 3293 τῶν
423 3240 564 3317 προφητῶν
577 3235 789 3316 μνημονεύοντας
801 3232 906 3309 αὐτούς,
924 3250 944 3298 u
961 3234 1083 3294 Observa
1093 3232 1156 3293 iilos
1165 3250 1313 3312 numquam
1327 3255 1476 3296 memorare
1488 3236 1643 3318 propbetas,
1658 3258 1704 3298 ne-

153 3328 195 3388 ἀδί
206 3327 348 3408 λέγοντας,
367 3326 438 3395 τίνος
450 3326 552 3402 ἕνεκεν,
566 3329 673 3390 πάντων
686 3328 844 3410 δημιουργός
856 3326 916 3400 ὢν,
962 3347 1015 3407 que
1027 3325 1127 3404 dieue,
1141 3345 1196 3403 qua
1208 3324 1243 3384 dc
1255 3346 1345 3402 causa,
1357 3347 1420 3386 cum
1435 3327 1470 3389 sit
1485 3327 1607 3388 omnium
1624 3329 1704 3390 Crea-

152 3417 239 3491 τάέθνη
250 3423 355 3501 ἀφῆκεν
373 3419 504 3498 αὐτόνομα
514 3419 583 3495 ;⁶0<
592 3424 619 3481 έν
630 3429 688 3490 ταῖς
697 3419 908 3504 παρῳχημέναις
963 3433 1029 3497 tor,
1047 3417 1252 3499 geutenreliquit
1262 3419 1320 3479 suis
1330 3419 1385 3479 frui
1397 3420 1527 3501 legibus?
1543 3422 1589 3481 15.
1603 3424 1660 3502 Qui
1673 3427 1706 3482 in
1761 3491 1769 3505 .

152 3521 231 3588 μκαῖς
239 3512 314 3572 rinos
323 3511 413 3572 πάντα
423 3512 458 3574 rit
470 3513 529 3587 ἔθνη
539 3513 696 3595 πορεύεσθαι
707 3522 765 3582 ταῖς
777 3516 845 3583 δδοῖς
857 3517 907 3574 αὖ·
962 3514 1115 3596 preteritis
1124 3515 1360 3593 generationibus
1371 3515 1482 3576 dimisit
1496 3536 1595 3577 omnes
1605 3531 1706 3599 gentes

151 3607 198 3664 sin.
210 3603 275 3663 Ὀτι
289 3603 339 3683 μὲν
353 3603 426 3664 είασε
439 3604 527 3685 λέγει,
541 3605 622 3666 διὰτί
639 3606 779 3682 δδείασεν,
795 3610 843 3666 οὐκ
858 3606 908 3666 έτι·
964 3609 1008 3666 ire
1033 3608 1096 3666 nias
1109 3624 1187 3665 snos.
1202 3603 1284 3676 Quod
1298 3605 1444 3687 dimiserit,
1460 3607 1543 3686 dicit,
1554 3629 1602 3669 cur
1616 3622 1707 3668 autem

151 3693 201 3763 rte<
216 3694 283 3777 πρὸς
295 3697 329 3755 τὸ
345 3706 502 3776 κατεπεῖγον
520 3697 644 3773 ἵσταται,
658 3701 773 3779 οὐδαμοῖ
785 3706 831 3760 τοῦ
843 3700 909 3782 Χρι·
964 3696 1113 3775 dimiserit,
1127 3717 1180 3756 non
1190 3695 1268 3756 addit
1276 3719 1287 3775 ς
1300 3697 1408 3758 interim
1421 3699 1449 3759 in
1461 3720 1493 3761 eo
1505 3700 1578 3780 quod
1596 3702 1709 3782 urgebat

151 3794 200 3848 οιοῖ
209 3789 241 3849 τὸ
253 3788 341 3866 ὄνομα
351 3787 440 3856 τιθείς.
453 3788 549 3850 Καίτοι
564 3814 595 3870 γι
615 3792 662 3852 οὐκ
683 3791 834 3872 ἀμάρτυρον
848 3793 909 3850 inu·
964 3790 1098 3866 subsistit,
1112 3789 1215 3850 Christi
1226 3811 1322 3852 nomen
1333 3812 1468 3870 nusquam
1482 3814 1591 3875 ponens.
1605 3797 1652 3855 16.
1667 3798 1708 3854 Et

151 3878 306 3962 τὀνάρῆκεν,
326 3883 494 3960 ἀγαθοποιῶν
515 3882 669 3963 οὐρανόθεν,
690 3887 755 3963 ἡμῖν
770 3882 859 3951 ὑετούς
872 3884 910 3942 δι·
967 3885 1085 3968 qnidem
1097 3904 1157 3943 non
1170 3888 1233 3944 sine
1251 3888 1416 3944 testimonio
1432 3891 1617 3968 semetipsum
1639 3888 1709 3948 reli·

152 3970 196 4039 ld<
206 3974 252 4033 καί
265 3970 378 4054 καιροὺς
392 3971 590 4055 καρποφόρους,
603 3976 743 4053 ἐμπιπλῶν
756 3978 854 4057 τρυφῆς
865 3973 911 4034 καί
968 3981 1044 4062 quit,
1056 3978 1242 4058 benefaciens
1253 3978 1290 4035 de
1304 3978 1387 4051 coelo,
1405 3982 1487 4047 nobis
1505 3982 1580 4039 dans
1591 3981 1710 4061 pluvios

152 4065 297 4147 θίγγωῦνης
309 4064 358 4132 τὰς
369 4064 480 4145 καρδίας
490 4068 577 4144 ἡμῶν.
591 4062 675 4146 Ὅρα,
687 4067 717 4125 οὗ
729 4064 853 4147 βούλεται
862 4064 912 4139 τὴν
967 4087 995 4134 et
1008 4086 1138 4152 temporo
1147 4071 1316 4151 fructifero,
1332 4073 1457 4151 implens
1471 4076 1535 4133 cibo
1557 4089 1587 4135 et
1606 4075 1711 4135 laetitia

153 4157 299 4240 ῑπιγορίαν
326 4160 416 4218 αὐτῶν
438 4156 564 4233 αὐξῆσαι,
593 4158 663 4219 ἀλλὰ
684 4162 784 4237 nattes
804 4160 848 4219 tet
866 4160 912 4220 τόν
967 4168 1059 4229 cordo
1068 4161 1265 4242 nostrovide,
1279 4184 1331 4224 non
1339 4166 1400 4226 vnit
1409 4167 1603 4228 accusationem
1617 4189 1712 4230 eorum

154 4251 207 4309 eu·
217 4253 313 4312 τδπᾶν
323 4251 400 4330 άγειν
412 4249 504 4318 αὐτούς
515 4250 642 4311 παιδεύει.
663 4252 783 4330 Ἔμαθον
795 4251 858 4332 γάρ,
871 4251 912 4312 ὅτι
930 4275 949 4324 c
968 4278 1077 4338 angere,
1087 4253 1133 4316 sed
1147 4253 1236 4337 potius
1249 4254 1327 4315 docet
1341 4256 1414 4337 illos,
1425 4272 1456 4318 ut
1469 4260 1559 4320 omnia
1570 4260 1607 4320 ad
1622 4264 1712 4323 Deum

157 4341 272 4420 αἰχοῧτιο
286 4342 446 4411 wisilat
464 4343 504 4402 δεῖ
522 4340 593 4410 ἄξιόν
616 4367 643 4402 τι
657 4345 739 4404 sistit
759 4344 913 4425 septenos,
968 4352 1091 4412 reiciant.
1121 4345 1279 4408 Didicerant
1303 4348 1375 4409 enim
1403 4370 1456 4411 non
1487 4352 1525 4412 ita
1548 4353 1713 4415 studendum

158 4434 285 4508 ὗςτὸτοῖς
295 4434 437 4494 ἀκούουσιν
449 4434 593 4514 ὠφέλιμον.
612 4432 687 4516 Ὅρα
698 4439 756 4505 πῶς
769 4434 912 4496 λανθανόν-
969 4463 1026 4503 esse
1038 4441 1144 4521 aliquid
1157 4442 1215 4500 Deo
1233 4440 1349 4522 dignum
1368 4442 1470 4523 dicere,
1489 4459 1520 4506 ut
1542 4447 1713 4508 auditoribus

100 4598 103 4605 ,
161 4545 199 4591 νοι
208 4525 255 4599 τὴν
264 4525 430 4608 κατηγορίαν
442 4524 541 4599 τίθησι.
559 4526 615 4588 Καί
625 4527 677 4606 μὴν
693 4530 716 4587 εί
729 4532 807 4588 τοῦτο
821 4527 914 4599 ἐποίει,
970 4535 1037 4595 utile
1051 4532 1118 4613 quid
1133 4528 1349 4614 proferresVide
1363 4535 1497 4614 quomodo
1510 4537 1624 4599 latenter
1635 4561 1713 4599 accu-

100 4664 102 4671 .
164 4615 204 4673 ιῖσι
215 4621 375 4691 κολασθῆναι
391 4616 485 4686 αὐτοὺς
503 4617 635 4679 τοσούτων
654 4619 834 4688 ἀπολαύοντας
848 4623 916 4699 ἀγα·
971 4626 1100 4688 sationem
1117 4626 1229 4706 ingerat.
1255 4625 1373 4705 Etenim,
1386 4628 1408 4687 si
1427 4627 1479 4688 boc
1492 4630 1617 4710 iaciebat,
1635 4652 1714 4713 opor·

167 4709 214 4783 iiis,
228 4709 271 4768 καὶ
285 4709 354 4790 μηδὲ
365 4715 402 4778 ὣς
413 4709 713 4792 τροφίαγνωρίσαντοι·
728 4714 787 4773 ἀλλ’
802 4715 831 4773 οὐ
847 4711 918 4792 λέγει
972 4720 1045 4781 tebat
1056 4719 1138 4801 plecti
1149 4739 1204 4795 eos,
1219 4719 1267 4799 qui
1282 4721 1405 4781 totbonis
1418 4722 1548 4800 fruentes,
1563 4723 1715 4804 ipsumnon

100 4810 107 4847 ⁷
170 4805 281 4880 μιαρῶς,
300 4805 360 4863 ἀλλ’
377 4802 701 4884 οιίνίττεται,οὗρανόθεν
720 4810 800 4883 ἡμῖν,
823 4804 918 4885 λέγων,
974 4826 1005 4872 ut
1027 4811 1408 4893 nutritoremngnoscebant:
1430 4836 1526 4874 verum
1548 4837 1603 4876 non
1626 4817 1717 4898 palam

100 4918 104 4962 ς
174 4892 243 4960 tero<
252 4896 340 4963 διδούς.
362 4896 444 4957 otro
455 4897 500 4957 καί
512 4902 526 4956 θ
536 4898 620 4959 Δαυίδ
629 4898 730 4978 ἔλεγεν·
741 4897 806 4959 Ἀπθ
816 4904 919 4980 καρποῦ
973 4903 1052 4983 dicit,
1067 4903 1116 4964 sed
1136 4903 1302 4979 subindicat,
1316 4906 1364 4964 De
1378 4907 1451 4966 coelo
1467 4910 1549 4968 nobis
1557 4950 1568 4985 ,
1583 4907 1719 4989 inquiens,

100 4983 108 5043 ί
179 4981 232 5043 sinn
244 4990 284 5047 καί
298 4988 366 5049 οένσυ
380 4989 428 5051 καί
442 4989 529 5051 ἐλαίου
543 4995 628 5052 αὐτῶν
643 4992 858 5068 έπληθύνθησαν·
875 4993 921 5053 καί
975 4994 1051 5057 dans
1071 4995 1201 5078 pluvias.
1225 4995 1272 5055 sic
1285 5009 1311 5054 et
1325 4996 1416 5057 David
1432 4997 1559 5058 dicebat:
1576 4999 1610 5060 A
1609 5004 1718 5085 sructtt
1729 5006 1796 5069 piat.
1809 5019 1832 5083 ἡ.
1845 5020 1859 5067 θ

183 5078 286 5159 ntiqui
305 5083 368 5164 περὶ
383 5083 556 5166 δημιουργίας
569 5085 771 5169 διαλεγόμενος,
788 5092 872 5149 ταῦτα
885 5089 922 5150 τί·
973 5093 1118 5173 frumenti
1131 5136 1141 5164 ,
1155 5092 1221 5150 uini
1228 5102 1255 5151 et
1269 5089 1327 5151 olei
1342 5093 1388 5151 sui
1399 5093 1589 5173 multiplicati
1596 5108 1664 5156 sunt
1672 5103 1684 5168 ,²
1694 5109 1720 5157 st

210 5251 218 5273 ¹
231 5250 247 5292 ti
256 5250 360 5312 ίπάγουαιν
371 5245 445 5298 deut
456 5244 481 5298 in
494 5263 543 5298 utto
