3742 5970
133 617 276 718 sieffugm

137 729 193 765 to·-

291 369 356 441 162
624 395 654 442 S.
681 396 822 446 JOANMS
854 394 1038 443 CURYSOST.
1067 395 1223 444 attentus.
1251 393 1524 442 consummor.

285 513 422 575 bedieutes
448 513 565 575 ostendit
584 539 590 573 ι
606 528 637 575 ut
661 530 687 576 et
715 515 782 576 alibi
804 516 842 577 ait
867 516 1031 597 Scriptura:
1083 517 1213 575 διίκνυοιν
1232 520 1420 588 ἀπειθοῦντας,
1441 514 1528 583 ιιαθιὶις
1547 513 1594 574 sat
1616 513 1724 596 ῖτίρωθί
1741 516 1856 595 φησινὴ

286 608 597 687 Domiae,prop1tetas
614 607 1032 678 tuosoccaderuntetaltarta
1083 608 1195 690 Ιραφιί·
1210 608 1311 692 Κύριε
1326 609 1387 677 τοὺς
1400 608 1536 690 προφητας
1552 632 1599 668 σου
1613 607 1787 683 ἀπέκτειναν,
1808 609 1857 668 καὶ

286 710 339 756 tua
349 701 562 758 subverterunt
573 697 634 756 lllr
626 711 711 777 igitur
725 698 813 778 specie
827 710 933 756 tantum
946 697 1032 776 legem
1082 701 1144 760 τλθ
1131 701 1304 784 θυσιαστήριά
1318 725 1364 762 σου
1376 700 1557 780 κατέσκαψαν
1581 703 1618 760 0t
1631 699 1716 759 τοίνυν
1731 704 1858 759 ἀντιποι-

285 804 416 862 amantes,
430 789 573 849 dicebant.
566 795 623 851 ·Ia
631 795 768 868 Moysem
780 793 971 871 blasphemat
979 791 1030 851 lile
1082 792 1189 871 ούμενοι
1204 792 1330 874 λόγῳτοῦ
1344 793 1444 872 νόμου,
1468 791 1575 869 ἔλεγον
1590 793 1639 860 Εἰς
1652 790 1856 872 Μωῦσῆνῖμθλα

284 903 348 959 reto
360 881 497 943 ostendit
489 903 562 964 ipsos
573 884 659 963 magis
669 884 868 964 blasphemare,
877 903 930 942 non
942 882 1074 942 solum
1083 893 1191 965 σρημεῖ.
1203 883 1279 945 Ὁδι
1290 882 1429 957 δείκνυσιν,
1440 884 1480 943 &a
1494 884 1568 950 αὐτοί
1583 885 1868 963 βλασφημοῦσιμῦλ-ι

284 973 457 1055 inMoysem,
472 973 765 1051 sedetiaminDeum,
778 976 876 1055 etjam
889 973 954 1033 olim
968 973 1031 1032 illos
1083 977 1146 1049 λον,
1167 977 1196 1036 a
1216 975 1293 1054 μόνον
1314 978 1497 1047 είςΜωϋσῆν,
1513 973 1583 1035 ἀλλὰ
1596 973 1792 1050 καὶειςθιὸν,
1809 976 1855 1036 uei

284 1063 349 1122 talia
363 1064 467 1143 secisse,
478 1080 505 1125 et
512 1065 634 1124 instituta
649 1066 780 1144 solvisse3
793 1086 878 1143 neque
891 1063 947 1124 illis
960 1063 1031 1122 ultra
1049 1074 1067 1122 Ε
1083 1063 1124 1124 ὅτι
1143 1065 1216 1127 αὐτοὶ
1236 1067 1335 1126 ἄνωθεν
1355 1070 1465 1125 τοιαῦτα
1486 1071 1605 1136 ποιοῦσι,
1618 1066 1665 1126 καὶ
1679 1066 1721 1124 ὅτι
1732 1068 1808 1126 αὐτοὶ
1820 1068 1855 1129 τὰ

283 1176 352 1237 opus
366 1177 440 1217 esse:
459 1157 531 1238 ipsos
548 1159 628 1233 item,
642 1158 710 1217 dum
727 1178 755 1216 se
773 1169 944 1231 accusarent,
957 1154 1030 1233 quod
1083 1155 1128 1230 ἔθη
1140 1157 1304 1230 αατιλυσαν,
1326 1159 1372 1217 καὶ
1382 1157 1423 1217 ὅτι
1438 1161 1467 1218 06
1479 1157 1558 1239 χρεία
1570 1158 1668 1218 τούτων
1684 1159 1795 1220 λοιπόν·
1810 1161 1856 1220 καί

284 1249 377 1328 Moysi
389 1262 457 1308 esset
472 1250 631 1325 contrarius,
649 1248 763 1329 Spiritui
777 1262 870 1307 sancto
883 1248 1029 1325 obsistere5
1083 1247 1123 1308 ὅτι
1146 1251 1316 1328 ἐγκαλοῦντος
1341 1248 1387 1308 καὶ
1411 1249 1531 1328 λέγοντες
1550 1251 1653 1330 Μοαϋσῇ
1676 1254 1855 1312 ἐναντιοῦσθαι

285 1361 372 1419 neque
383 1341 413 1400 id
427 1342 602 1423 simpliciter,
613 1340 660 1401 sed
671 1341 753 1399 etiam
762 1361 825 1399 eum
836 1339 908 1398 eaede
914 1363 924 1418 3
940 1352 967 1398 et
980 1338 1030 1399 diu
1084 1341 1173 1414 αὐτὸν,
1184 1340 1256 1400 αὐτοὶ
1265 1345 1304 1420 τῷ
1311 1340 1450 1419 Πνειίματι
1460 1344 1635 1411 ἠναντιοῦντο·
1642 1343 1688 1401 καὶ
1699 1344 1855 1423 equata,

285 1446 362 1492 antea
371 1432 526 1493 inimicitias
539 1454 689 1492 exercuere.
701 1431 813 1508 Viden'‚
822 1430 959 1511 quomodo
970 1430 1032 1489 illos
1084 1432 1153 1492 aut
1172 1433 1218 1492 καί
1238 1433 1305 1510 μετὰ
1318 1432 1409 1514 φόνου·
1423 1431 1469 1491 καί
1483 1431 1580 1492 ἄνωθεν
1597 1424 1668 1514 ιιχον
1684 1432 1734 1506 τὴν
1748 1434 1855 1519 ἔχθραν.

286 1527 409 1586 ostendat
419 1538 446 1584 et
454 1526 546 1605 Moysi
560 1537 587 1583 et
601 1523 727 1582 omnibus
738 1522 919 1596 adversantes,
930 1522 1031 1600 legem·
1084 1523 1182 1605 Ὁρᾷς,
1193 1525 1233 1604 Ιὅτι
1251 1525 1297 1583 καί
1309 1527 1413 1607 Μωῦσῇ
1427 1524 1474 1583 καὶ
1493 1534 1561 1584 πᾶσι
1575 1524 1703 1591 δείκνυσιν
1721 1529 1851 1590 ἔναντισυ·

161 1671 207 1700 ω,
251 1687 257 1699 ,
286 1637 339 1695 qne
356 1637 408 1675 non
426 1615 582 1674 servantes?
595 1614 678 1692 atqui
690 1616 799 1693 Moyses
810 1611 916 1670 dixerat
930 1635 936 1669 :
952 1614 1031 1670 Pro-
1085 1617 1178 1695 μένους
1191 1616 1292 1690 αὐτους,
1307 1616 1352 1676 sat
1365 1616 1408 1675 τὸν
1421 1616 1500 1693 νόμον
1514 1615 1552 1694 μὴ
1566 1616 1763 1696 φυλάττοντας;
1784 1619 1855 1681 Καί.

170 1749 176 1762 ·
284 1713 406 1790 phetam
415 1713 500 1769 vobis
515 1708 667 1769 suscitabit
677 1709 843 1766 Dominus:
858 1718 885 1764 et
897 1704 945 1764 alii
959 1704 1032 1764 hune
1087 1732 1129 1768 τοι
1144 1733 1175 1789 γε
1189 1699 1392 1782 Μωιισῆςείπε,
1404 1707 1547 1789 Προφήτην
1561 1712 1622 1786 ὑμῖν
1639 1710 1783 1783 ἀναστήσει
1800 1712 1856 1774 Κύ-

186 2133 280 2176 fiducia

135 2195 179 2237 riri
192 2208 280 2237 trucem

137 2256 247 2301 tabanus.

286 1813 433 1863 venturum
454 1799 649 1881 praedixcrunt,
667 1811 694 1857 et
715 1797 844 1878 propheta
863 1817 970 1875 quoque
983 1796 1032 1875 qui
1087 1825 1152 1883 ριυς·
1177 1801 1222 1860 καὶ
1241 1805 1265 1860 οἱ
1284 1800 1359 1859 ἄλλοι
1376 1799 1403 1856 δὲ
1418 1804 1509 1857 τοῦτον
1529 1798 1678 1859 ελειίσισθαι
1700 1801 1856 1882 προύλεγον,

288 1894 374 1954 dicit:
392 1895 517 1972 Qualem
536 1894 654 1951 domum
675 1891 860 1972 aedificabitis
876 1892 976 1948 mibi?
996 1889 1032 1949 Et
1085 1880 1856 2001 ιιαίθπροφήτης,’Λεγων,11οιονοιαονοιιιοδομιίσιτιμοι

287 1987 385 2047 iterum
385 1989 560 2068 ,Numquid
577 1986 911 2066 victimasetsacrt'jicia
925 1985 1032 2043 obtuli·
1020 1984 1131 2080 -Μιιαλ
1144 1984 1240 2044 πάλιν
1254 1982 1301 2055 Μὴ
1318 1981 1417 2061 σφάγια
1430 2005 1475 2039 και
1465 1980 1576 2048 θυσίας
1591 1983 1792 2063 προσηνίγαατί
1811 2010 1855 2065 μοι

288 2083 341 2139 stis
354 2081 426 2137 milti
443 2079 643 2160 quadraginta
653 2080 763 2136 annis?
783 2076 848 2135 Haec
861 2089 918 2134 erat
931 2075 1032 2134 fiducia
1051 2093 1071 2138 a
1086 2074 1131 2149 ἔτη
1143 2073 1353 2154 τεσσαράιιυθτας
1368 2075 1456 2132 Τοῦτο
1469 2071 1607 2153 stuppario
1617 2075 1710 2153 ἀνδρὸς
1720 2076 1767 2137 τὸν
1776 2101 1855 2139 σταυ-

259 2169 342 2236 mviri
367 2190 473 2229 erucem
492 2167 626 2228 habentis.
648 2168 725 2227 Hane
745 2180 770 2226 et
785 2184 833 2226 nos
851 2187 958 2248 quoque
971 2166 1033 2225 imi·
1086 2168 1129 2249 ρὸν
1144 2166 1257 2247 ἔχοντος.
1279 2162 1432 2242 Μιμάιμεθα
1447 2163 1532 2223 τοίνυν
1545 2163 1591 2223 καὶ
1610 2171 1688 2243 ἡμαις
1700 2165 1820 2244 ταυτην
1832 2173 1857 2231 21

288 2273 390 2335 temur,
404 2261 510 2320 etiamsi
527 2280 581 2319 nou
594 2259 629 2318 sit
647 2258 714 2317 belh
724 2272 839 2339 tempus,
858 2256 906 2317 sed
924 2257 1031 2317 fiduciae
1084 2258 1198 2317 uad>
1150 2282 1185 2318 πο
1184 2256 1312 2336 λ’ίμου
1287 2280 1334 2317 ουιι
1355 2255 1412 2314 ἔστι
1432 2254 1536 2334 καιρὸς,
1561 2255 1630 2315 ἀλλὰ
1650 2258 1802 2337 παρρησίας
1815 2260 1857 2323 bi

242 2372 392 2448 semper
404 2367 510 2432 tempus
530 2365 578 2411 est.
592 2352 757 2432 loquebar,
771 2350 877 2428 inquit,
894 2351 931 2408 de
952 2354 1031 2409 testi·
1084 2349 1174 2430 καιρός
1189 2352 1270 2409 ἐστιν.
1295 2346 1426 2407 Ελαλουν
1438 2346 1506 2428 γὰρ
1524 2346 1623 2426 φησιν,
1642 2351 1670 2407 ἐν
1682 2371 1738 2418 τοις
1751 2373 1857 2434 μαρτυ-

170 2498 176 2510 ,
287 2464 393 2503 montes
404 2449 461 2504 turs
471 2466 507 2502 tn
518 2455 790 2523 conspecturegum,
800 2454 829 2501 at
840 2444 1031 2523 nonconsure-
1086 2441 1151 2523 ρίοις
1172 2465 1217 2501 σου
1238 2437 1354 2499 ἐναντίον
1382 2438 1530 2517 βασιλέων,
1554 2437 1646 2497 uod’
1620 2461 1685 2497 ουκ
1683 2441 1857 2522 ᾐσχυνόμην.

286 2536 388 2596 dabar.
401 2535 430 2595 si
434 2555 508 2638 'ergo
525 2555 588 2593 cum
609 2533 755 2636 gentilibus
768 2530 1012 2636 congrediamur,
990 2552 1030 2593 stc
1084 2529 1256 2595 Ἀντοίνυν”
1258 2519 1595 2608 Ελλησιουμπλεκάιμεθα,
1603 2529 1857 2602 οὔτωςαύτοιιςιιιι·

285 2626 348 2685 illos
369 2646 548 2706 reprimamus
560 2624 688 2704 absque
680 2645 720 2682 ura
730 2618 854 2703 ,absque
873 2623 1032 2704 asperitate.
1087 2625 1254 2704 στομίζωμεν
1267 2644 1326 2702 χωρ
1312 2621 1349 2701 ρίς
1362 2624 1453 2697 θυμοῦ,
1467 2621 1550 2701 χωρίς
1563 2618 1737 2737 τραχύτητος.
1751 2623 1857 2705 Ανμίν

175 2722 178 2731 “
285 2716 396 2776 Nam
374 2737 398 2775 si
420 2729 482 2775 cum
498 2716 539 2775 ira
553 2715 759 2820 hocfeciarnus,
773 2735 826 2774 non
838 2715 895 2795 jam
914 2714 1027 2794 fidncia,
1083 2715 1135 2798 γὰρ
1157 2714 1225 2794 μετὰ
1243 2720 1327 2792 θυμοῦ
1350 2720 1427 2773 τοῦτο
1446 2717 1583 2789 ποιῶμεν,
1598 2717 1645 2772 ουκ
1655 2712 1704 2774 ἔτι
1707 2718 1856 2798 παρρησία,

285 2810 334 2870 sed
346 2810 436 2891 passio
452 2809 650 2885 esseridetur;
664 2808 705 2867 sin
715 2788 864 2884 mansuete,
880 2827 943 2868 vere
957 2807 1029 2866 fidu·
1061 2788 1152 2869 ³666
1168 2808 1250 2875 πάθος
1264 2769 1429 2866 ειναιδοιιεῖ·
1423 2805 1477 2864 θ·ν
1491 2804 1519 2864 tt
1532 2809 1675 2878 ἐπιεικῶς,
1687 2809 1770 2879 ὄντως
1784 2813 1856 2873 lazio

286 2923 327 2963 eta
338 2914 385 2961 est
397 2905 488 2983 Neque
501 2902 573 2961 enim
585 2899 712 2982 possibile
730 2913 769 2959 est
783 2898 866 2959 simul
880 2899 1030 2960 secundum
1084 2901 1151 3015 αὕτη
1173 2898 1320 2980 παρρησία.
1347 2898 1388 2957 06
1401 2894 1453 2977 γάρ
1466 2897 1574 2956 δυνατὸν
1587 2901 1653 2976 ὁμοῦ
1672 2900 1742 2960 κατὰ
1758 2904 1857 2965 ταύτὸν

285 2993 407 3052 eamdem
428 2993 559 3061 rationem
578 2992 699 3072 idipsum
719 3011 776 3050 esse
798 2989 901 3050 bonum
922 3011 989 3070 opus
1004 3000 1030 3050 et
1045 3020 1067 3081 p
1083 3016 1129 3052 οισι
1152 2992 1313 3074 κατόρθωμα
1329 2981 1397 3050 εἶναι
1416 2989 1462 3048 καί
1481 2989 1631 3069 ἐλάττωμα
1657 2989 1855 3077 Ἡπαρρηαία,

284 3082 425 3142 delictum.
439 3083 552 3142 Fiducia
566 3083 668 3142 bonum
681 3102 749 3162 opus
764 3093 814 3157 est,
829 3080 868 3140 ira
888 3080 1028 3142 delictum.
1084 3083 1260 3163 κατόρθωμα·
1282 3080 1416 3158 θθυμὸς,
1439 3079 1591 3158 ἐλάττωμα.
1611 3089 1660 3142 Δεῖ
1672 3082 1760 3144 τοίνυν
1774 3091 1856 3164 ἡμᾶς,

286 3177 399 3254 Oportet
412 3194 476 3254 ergo
489 3195 552 3233 cum
565 3171 665 3232 fiducia
679 3173 849 3249 loquuturos,
864 3193 880 3230 a
893 3172 1030 3231 fauoreli-
1084 3179 1108 3235 εἰ
1131 3176 1261 3254 μυλλομεν
1285 3172 1436 3253 παρρησίαν
1463 3173 1549 3251 ἔχειν,
1569 3171 1698 3253 καθαροὺς
1718 3165 1787 3236 εἶναι
1808 3184 1854 3238 τοῦ

285 3269 364 3328 beros
377 3287 444 3345 esse,
457 3280 488 3325 ut
503 3287 537 3326 ne
551 3265 613 3345 quis
626 3265 691 3325 binc
704 3265 784 3324 verba
798 3264 931 3345 proficisci
945 3277 1029 3346 putet.
1085 3273 1180 3343 θυμοῦ,
1199 3262 1293 3341 ἵναμὴ
1310 3262 1402 3344 ἐκείνῳ
1414 3287 1454 3330 τις
1464 3261 1602 3341 λογίσηται
1613 3263 1648 3323 τὰ
1658 3265 1775 3344 ῥήματα.
1800 3268 1856 3329 uu

285 3360 401 3420 Etiamsi
410 3362 484 3442 justa
498 3360 602 3420 dixeris
616 3380 677 3418 cum
691 3360 792 3433 furore,
808 3371 894 3419 totum
908 3359 1030 3439 perdidi·
1084 3358 1174 3418 δίκαια
1188 3356 1266 3435 λέγῃς
1281 3354 1349 3434 μετὰ
1362 3353 1490 3432 θυμοῦ,τὸ
1502 3363 1555 3413 πᾶν
1568 3353 1781 3425 oratioue-stu
1794 3363 1857 3441 παρ-

286 3453 332 3530 sti,
348 3452 409 3511 lieet
425 3451 510 3511 libere
520 3451 649 3530 loquariS,
662 3449 725 3509 licet
735 3470 854 3528 moneas,
869 3450 933 3509 licet
943 3449 1028 3528 quid·
1084 3448 1206 3530 ῥησιάζη,
1216 3447 1265 3506 κᾶν
1274 3450 1406 3525 νουθετῇς,
1420 3444 1469 3504 κᾶν
1482 3449 1566 3504 ὁτιοῦν
1586 3446 1714 3528 πράττῃς.
1728 3447 1857 3533 ’θρασὺν

286 3543 328 3602 vis
350 3541 427 3601 aliud
441 3542 532 3601 iacias
547 3541 627 3601 Hunc
648 3540 751 3620 respice
772 3541 865 3600 virum
891 3561 944 3600 non
966 3561 1028 3601 cnm
1083 3541 1166 3622 ἄνδρα
1179 3543 1270 3599 τοῦτον
1284 3541 1314 3596 06
1328 3536 1396 3616 pardo
1408 3541 1490 3613 θυμοῦ
1506 3536 1699 3615 διαλεγόμενον·
1713 3545 1744 3601 06
1754 3542 1855 3626 γᾶρῦιλ

286 3634 376 3693 furore
387 3635 558 3711 loquentem
575 3651 743 3709 nequeenim
756 3630 917 3690 contumelia
929 3631 1028 3708 affecit,
1083 3631 1198 3711 ίῦρισιν,
1210 3628 1451 3738 ἀλλὰπροφητιαου
1433 3626 1611 3695 attonsa
1612 3632 1808 3713 μνησελίγου.
1807 3638 1857 3696 (λιι

255 3732 260 3747 ’
286 3723 598 3805 sediHisprophetioum
611 3744 757 3782 sermonem
770 3723 939 3784 memorarit.
947 3723 1029 3796 Quod
1081 3719 1167 3803 γὰρ
1173 3711 1290 3791 aaziae
1292 3724 1359 3796 υμοῦ
1370 3716 1500 3791 ί,δειξεν,
1512 3717 1655 3787 δτιοιαιιῶς
1670 3725 1829 3804 ἔπασχι,’
1798 3750 1857 3788 τοτα

286 3817 358 3876 enim
371 3817 546 3876 nullot‘urore
555 3829 718 3889 moveretur,
730 3815 845 3874 ostendit
856 3810 964 3893 quando
978 3837 1029 3897 pro
1067 3812 1190 3892 ὑπὲρ
1162 3815 1247 3870 αυτῶν
1262 3809 1402 3889 εὐχόμενος
1423 3832 1468 3868 και
1458 3809 1579 3887 λέγων
1596 3812 1642 3884 Μὴ
1657 3815 1800 3896 πίοιμ’
1770 3827 1857 3887 αυτοῖς

205 3981 211 3993 1
286 3908 342 3967 illis
361 3930 389 3967 se
408 3907 478 3968 mele
499 3906 688 3986 impetentibus
708 3919 853 3987 precatus,
876 3906 966 3966 dixit.
960 3909 1029 3967 Ne
1081 3906 1129 3978 την
1150 3903 1249 3986 ἁμαρ
1223 3927 1280 3962 τιαν
1296 3902 1404 3972 ταύτην.
1416 3900 1743 3984 Οὕτωςοῦιιόργιζόμενος
1761 3913 1857 3988 αὐτοῖς,

286 4012 400 4059 statuas
413 4001 475 4059 illis
489 4001 544 4058 hoc
555 4010 717 4077 peccatum.
730 3998 776 4057 Sic
794 4018 846 4057 uon
870 3999 966 4071 iratus,
980 3997 1029 4059 sed
1048 4004 1067 4052 C
1083 3997 1152 4057 ἀλλὰ
1161 3998 1247 4074 ἀλγῶν
1258 3993 1361 4074 6rt6p’
1333 3998 1417 4052 αυτῶν
1430 3994 1505 4051 και
1490 3995 1658 4073 οακνόμενος,
1667 4022 1754 4060 ταυτα
1761 4002 1866 4082 ἐφθέγ-ι

286 4113 336 4172 pro
354 4091 409 4150 illis
421 4090 515 4149 dolens
534 4111 565 4147 ac
579 4110 692 4148 moerens
712 4088 871 4167 loquebatur
888 4091 945 4149 itte.
965 4089 1028 4149 ldeo
1082 4111 1155 4170 γετο·
1177 4086 1235 4147 ίπελ
1248 4087 1294 4146 καὶ
1315 4084 1376 4165 περί
1389 4088 1435 4156 τῆς
1451 4086 1535 4164 ὄψεως
1548 4086 1591 4146 διὰ
1603 4096 1679 4149 τοῦτο
1700 4082 1794 4168 εἶπεν,
1817 4095 1859 4154 ὅτι

247 4189 249 4195 ’
288 4204 402 4262 namque
425 4182 459 4241 de
483 4181 551 4240 facie
571 4182 629 4260 ejus
646 4180 737 4239 dixitt
754 4183 897 4241 Viderunt
918 4185 1029 4262 faeiem
1082 4173 1161 4242 Είδον
1182 4179 1212 4238 τὸ
1230 4178 1370 4258 πρόσωπον
1390 4179 1467 4235 αὐτοῦ
1486 4177 1727 4258 ιῖισειπρόσιινπονε

287 4276 349 4352 ejus
363 4286 514 4352 tamquam
517 4274 633 4354 faeiem
644 4273 752 4352 augeli,
762 4286 792 4330 ut
802 4272 864 4331 illos
875 4273 1028 4332 attraheret.
1082 4270 1117 4330 ἵν’
1138 4269 1231 4337 αὐτοὺς
1243 4266 1429 4347 ἐφελκύσηται.
1444 4268 1562 4348 Καθαροί
1576 4267 1662 4327 τοίνυν
1674 4275 1760 4348 θυμοῦ
1772 4299 1858 4355 ηραν.

289 4364 355 4424 Ρυιι
375 4364 461 4443 igitur
477 4364 512 4422 ab
534 4363 575 4422 ira
594 4363 688 4421 simus.
710 4365 772 4422 Non
795 4364 900 4423 habitat
912 4364 1031 4444 Spiritus
1083 4367 1125 4424 06
1144 4371 1262 4423 κατοικεῖ
1275 4360 1305 4418 τὸ
1322 4361 1433 4435 Πνεῦμα
1451 4359 1482 4418 τὸ
1497 4359 1579 4440 ἅγιον,
1598 4360 1658 4428 ἔνθα
1677 4365 1775 4441 θυμός·
1798 4368 1861 4428 ἰαι-

288 4469 395 4515 sanetus
410 4455 455 4514 ubi
476 4455 516 4512 ira
529 4466 583 4511 est:
599 4452 758 4512 maledictus
778 4452 950 4513 fiurihuudus.
969 4456 1030 4514 Nou
1084 4455 1260 4533 ιιατάρατοςὸ
1281 4449 1411 4528 θυμώδης.
1438 4454 1497 4512 Οὐκ
1511 4451 1580 4513 ἔστιν
1597 4453 1669 4514 οὐδὲν
1683 4456 1861 4542 isdum).

289 4560 375 4628 potest
388 4567 483 4605 sanum
497 4544 562 4623 quid
578 4544 695 4624 prodire,
713 4566 775 4603 cum
788 4546 864 4604 furor
884 4545 1030 4624 egreditur.
1085 4553 1147 4617 θεῖν,
1162 4544 1218 4603 ὅθεν
1233 4543 1312 4620 θυμὸς
1330 4543 1420 4611 ἔξεισι.
1444 4544 1572 4624 Καθάπερ
1585 4544 1636 4626 γὰρ
1649 4549 1676 4606 ίν
1687 4554 1863 4628 χειμῶυςηι.

288 4643 359 4701 Nam
377 4640 446 4700 sicut
459 4639 486 4697 in
507 4637 609 4696 runcina
624 4650 780 4717 tempestate
792 4659 907 4717 magnus
928 4653 968 4698 est
985 4653 1030 4699 tu·
1084 4635 1183 4715 λιιττίῳ
1197 4634 1276 4702 πολὺς
1290 4638 1304 4693 6
1317 4634 1433 4715 θόρυάος,
1450 4635 1554 4713 μεγάλη
1568 4643 1585 4709 ἡ
1600 4639 1722 4718 κραυγὴ,
1745 4641 1793 4701 καί
1812 4645 1862 4705 σῦκ

288 4732 399 4808 multus,
411 4750 524 4808 magnus
538 4727 648 4803 clamor,
660 4749 708 4786 nec
717 4728 779 4806 quis
792 4742 897 4810 tempus
907 4730 1032 4790 habuerit
1086 4730 1117 4789 ἂν
1131 4729 1188 4810 ἔχοι
1202 4752 1241 4795 τις
1255 4728 1346 4807 καιρὸν
1367 4731 1532 4807 φιλοσοφεῖν·
1555 4728 1638 4797 οὕτως
1648 4731 1708 4791 οὐδι
1730 4734 1759 4793 ιν
1776 4738 1862 4818 θυμῷ,

289 4824 324 4883 ad
345 4821 610 4905 philosophandum:
625 4821 661 4879 ita
681 4841 767 4900 neque
781 4822 809 4882 in
820 4824 920 4884 furore.
934 4825 988 4885 Sed
1007 4827 1032 4886 si
1088 4826 1156 4884 Ἀλλ’
1172 4824 1194 4881 εἰ
1216 4820 1307 4899 μέλλει
1323 4842 1350 4878 τι
1370 4817 1540 4899 φιλάοοφονῆ
1558 4819 1643 4900 λέγειν
1661 4821 1865 4894 amissario·

324 5041 334 5064 ·
347 5024 417 5074 tdem
434 5034 462 5079 ἀν
473 5028 560 5092 μιτοιξὺ
568 5019 675 5083 ἑλλήνων
684 5031 827 5092 ίμπίσωμιυ,
841 5030 918 5087 οὕτως.
1134 5034 1143 5056 ⁶
1154 5022 1226 5075 Idem
1238 5027 1342 5089 αἰγγιλου.
1356 5027 1390 5075 iau
1401 5025 1544 5076 πιιιεὺσωοι·
1558 5031 1664 5093 καθαροί.

326 5105 421 5154 ¹’Unus
432 5102 496 5154 eod.
513 5109 551 5157 oia
566 5108 592 5185 ἦν
608 5107 684 5169 θυμός.
