3728 5978
119 445 167 515 θα
364 486 370 499 ·
452 467 483 514 s.
510 464 654 516 sonuum
679 463 870 513 csinrsosn.
899 460 1058 513 uucrrmr.
1086 464 1362 519 cousruurmor.

114 590 860 674 juataomniaqnoecumqucloqrtutussuerituobis.
917 586 965 667 pte
978 594 1024 648 τοῦ
1037 589 1121 649 Δαυίδ
1145 592 1347 671 ἐμνημόνευσεν,
1372 595 1485 655 ίνταῦθα
1507 592 1535 656 li
1560 593 1688 665 Μωσέως.

120 680 182 741 lific
192 680 526 762 Davidem,hicbfoysem
534 679 702 739 memoravit.
713 681 862 751 Omnium,
879 691 899 740 c
917 674 1694 765 Πάντων,φησίν,ὧνἐλοιληοενθθεός.οῦλίγει,ὧνεῖπενό

120 772 220 853 inquit,
235 794 300 855 quae
314 774 451 854 loquutus
465 784 509 832 est
529 768 623 831 Densi
630 772 691 830 Non
702 769 780 848 dicit,
795 770 865 843 Qua
916 771 1039 849 Χριστὸς,
1050 776 1109 832 ἀλλ’
1119 763 1174 833 Ὧν
1185 774 1312 848 ἐλάλησεν
1323 781 1337 837 θ
1347 777 1427 852 Θεὸς,
1440 777 1479 837 ότι
1489 782 1530 861 τῷ
1545 780 1694 849 αυσκιόζειν

119 862 249 943 loquutus
267 876 308 922 cst
327 862 452 922 Christus
457 886 468 940 ς
487 860 551 940 sed,
579 863 650 941 Quoe
668 862 806 943 loquutus
822 872 865 920 est
917 864 1018 939 μαλλον
1048 862 1141 932 αὐτούς
1162 866 1324 945 ἑπαγόμενος
1346 870 1382 936 τις
1399 868 1489 929 πίῃς,
1506 871 1608 952 ἠρέμα,
1626 862 1694 932 m„

119 958 216 1032 Deus,·
227 954 268 1016 sio
278 956 330 1016 sub
343 955 440 1015 umbra
452 953 584 1036 paulatim
595 954 658 1013 iilos
667 952 703 1012 ad
717 951 800 1012 fidem
814 951 863 1012 ad·
917 953 962 1013 ini
984 954 1015 1014 τὸ
1040 954 1192 1023 ἀξιόπιστον
1219 957 1394 1041 καταφεύγει,
1422 960 1520 1042 λέγων·
1547 964 1692 1044 Προφήτην

117 1050 227 1111 ducens.
244 1050 339 1109 Postea
356 1046 393 1109 ad
405 1070 463 1107 rem
477 1047 533 1107 fide
546 1047 657 1127 dignam
673 1045 806 1125 confugit,
818 1043 865 1104 di·
917 1047 980 1123 ὑμῖν
989 1046 1133 1120 ἀναστήσει
1142 1047 1260 1130 Κύριοςθ
1269 1052 1432 1119 Θεδςίκτῶν
1443 1055 1562 1137 ἀδελφῶν
1573 1058 1649 1133 ὑμῶν
1659 1059 1694 1123 ῶς

119 1162 182 1203 cens
200 1166 208 1201 r
230 1142 410 1221 Propbetam
432 1142 584 1200 suscitabit
607 1142 693 1198 vobis
719 1140 865 1197 Dominus
919 1136 980 1215 ἐμέ·
993 1141 1072 1198 αῦτοῦ
1085 1138 1228 1200 ἀκούσεσθε
1241 1143 1312 1202 κατὰ
1331 1143 1429 1204 πάντα.
1443 1136 1596 1219 bisancii
1611 1172 1694 1225 τιμω·

120 1236 246 1295 Dertsea
247 1237 398 1316 fratribus
409 1236 516 1292 uestris
528 1244 679 1311 tamquam
691 1231 865 1310 metipsum
920 1228 963 1310 ρία
973 1230 1069 1303 πολλή.
1079 1231 1178 1291 Ἔσται
1189 1231 1234 1307 δὲ,
1246 1232 1321 1313 φησί,
1337 1245 1413 1294 πᾶσα
1426 1236 1500 1318 ψυχὴ
1509 1283 1518 1311 ,
1535 1237 1596 1310 ήπις
1609 1238 1641 1298 ἂν
1656 1238 1692 1318 μὴ

118 1326 245 1385 audietis
251 1328 342 1405 jueta
354 1326 464 1383 omnia.
478 1320 582 1381 Deinde
592 1321 765 1399 ultiomagnn
776 1319 866 1398 sequi·
919 1320 1018 1403 ἀκούσῃ
1032 1328 1078 1381 τοῦ
1093 1324 1227 1405 προφήτου
1239 1326 1347 1398 ἐκείνω,
1354 1326 1599 1411 ίξολοθρευθήσεται
1609 1335 1693 1391 imos

119 1430 173 1477 tur.
186 1420 235 1477 λδ.
247 1420 316 1476 Erit
331 1427 442 1486 autem,
456 1413 555 1492 inquit,
568 1416 663 1472 omnis
681 1415 785 1471 anima
800 1429 866 1489 qua
918 1415 991 1473 λαοῦ.
1005 1414 1162 1483 Καίπύντες
1173 1416 1200 1474 δὲ
1212 1420 1237 1476 oi
1248 1421 1692 1511 προφῆταιάπδΣαμσυθγλχαὶτῶν

121 1530 182 1568 non
195 1509 321 1568 audierit
330 1508 503 1588 proplietam
513 1506 608 1574 illum,
620 1504 864 1563 exterminabitur
917 1503 1225 1578 καθεξῆςόσοιίλίληοαν
1233 1508 1694 1594 καὶκατήγγειλαντίεὴμίραιταῦ.

120 1602 157 1660 tic
167 1601 260 1682 plebe.
274 1601 324 1659 bl.
337 1601 379 1659 Et
390 1617 489 1657 omnes
510 1597 657 1677 propbeta
672 1614 693 1653 a
706 1592 826 1652 Samuel
836 1604 864 1651 et
882 1610 901 1657 n
916 1619 973 1662 τας.
987 1595 1119 1655 Ἐνταῦθα
1132 1600 1220 1665 καλῶς
1233 1599 1277 1658 τδν
1292 1600 1396 1683 ὄλεθρον
1413 1601 1533 1675 εέθηκεν.
1545 1604 1693 1688 ‘'0122qu

20 1688 23 1693 .
119 1695 265 1774 deinceps,
287 1695 339 1772 qui
362 1693 476 1772 loquuti
503 1701 590 1761 sunt,
612 1689 865 1746 annuntiaverunt
916 1687 1014 1768 τιλίγῃ
1029 1686 1362 1774 μέγα,έπίτοθςπρῶπως
1375 1696 1545 1777 καταφεύγῃ,
1560 1700 1694 1783 “atqup

119 1787 270 1845 diesistos.
280 1784 333 1843 Hie
344 1797 415 1842 recte
429 1780 543 1841 exitium
553 1779 652 1860 posuit.
664 1776 781 1850 Quando
793 1777 865 1837 enim
917 1778 1008 1860 τυρίαν
1023 1771 1097 1862 εύρεν
1119 1779 1255 1862 ἀμφότερα
1274 1783 1400 1865 ἔχουσαν,
1414 1785 1505 1870 ὥσπερ
1527 1792 1584 1850 ρης
1605 1782 1691 1851 ,tw

119 1896 249 1956 magnum
266 1875 410 1957 quidpiam
430 1872 510 1950 dicit,
524 1872 560 1931 ad
575 1870 678 1952 priores
693 1869 824 1950 confugit,
838 1881 865 1928 et
919 1869 990 1938 Ἕως
1004 1870 1035 1930 ἀν
1048 1876 1081 1951 θῇ
1093 1870 1153 1939 τοὺς
1168 1873 1275 1955 ἐχθρούς
1288 1877 1340 1936 berb
1358 1876 1419 1946 τοῦς
1442 1880 1528 1949 πόδας
1550 1885 1641 1943 αὐτῶ.
1652 1884 1692 1944 Tb

119 1967 303 2027 testimonium
315 1966 414 2047 reperit
427 1979 539 2043 utraque
558 1961 752 2042 complectens3
767 1973 797 2018 ut
807 1959 865 2019 iilic
917 1960 968 2044 γὰρ
986 1963 1146 2041 θαυμαστὸν,
1158 1964 1200 2024 ότι
1223 1968 1288 2043 ὁμοῦ
1310 1967 1343 2028 τά
1366 1967 1428 2039 δύο,
1447 1969 1493 2029 καί
1512 1973 1633 2052 ύποταγή
1647 1976 1691 2034 καί

1 2075 36 2119 ..ι
48 2087 99 2135 ιομ
119 2058 192 2119 dixit
206 2061 328 2119 :Donec
345 2071 436 2139 ponat
456 2060 589 2116 inimicos
610 2057 663 2115 sub
684 2053 772 2133 peries
786 2064 861 2111 tuos.
917 2053 1050 2132 παρακοὴ,
1067 2055 1113 2113 καὶ
1130 2062 1147 2128 ἡ
1166 2056 1296 2137 τιμωρία.
1315 2057 1365 2128 Ὧς
1384 2058 1448 2139 iul,
1462 2062 1538 2143 φησί.
1552 2064 1590 2123 Τί
1608 2064 1691 2126 τοίνυν

121 2152 257 2232 Quodque
276 2153 376 2212 mirum
395 2165 446 2230 est,
464 2150 522 2210 huc
540 2148 594 2207 duo
613 2146 707 2222 simul,
719 2144 862 2226 subjectio,
915 2151 1052 2221 πτοεῖσθες
1064 2146 1157 2227 Ὑμεῖς
1169 2151 1228 2209 ἔστε
1242 2150 1294 2210 υἱοί
1307 2156 1360 2211 τῶν
1372 2160 1525 2234 προφητῶν.
1537 2154 1621 2217 'fio-u
1631 2163 1690 2236 ὑμῖν

119 2245 338 2328 praerarimtioet
346 2267 434 2327 poena.
445 2246 608 2323 Tamquam
615 2260 671 2312 me,
683 2238 778 2318 inquit.
786 2237 860 2310 Quid
915 2240 1016 2317 ίλεγον,
1035 2238 1081 2298 καί
1093 2239 1129 2299 δι’
1142 2244 1213 2317 ὑμᾶς
1224 2242 1313 2302 πάντα
1326 2242 1439 2322 γέγονεν.
1454 2245 1567 2321 Ἐπειδὴ
1580 2250 1633 2330 γὰρ
1648 2249 1691 2309 διὰ

120 2358 184 2420 ergo
198 2339 357 2399 miramini?
369 2340 417 2399 25.
434 2340 491 2397 Vos
499 2340 568 2396 estis
570 2335 637 2416 filii
644 2335 863 2413 prophetarum.
915 2330 946 2391 τδ
955 2329 1082 2410 τόλμημα
1094 2331 1212 2410 ἐνόμιζον
1220 2333 1327 2402 ἑαυτούς
1340 2334 1554 2419 ΙΙἠλλοτριῶσθαι
1567 2341 1630 2415 (καί
1639 2342 1691 2424 γὰρ

119 2433 213 2512 ltaque
231 2432 309 2491 vobis
326 2430 466 2506 dicebam,
487 2440 596 2510 propter
616 2445 665 2485 vos
685 2424 775 2484 omnia
794 2424 864 2483 facta
916 2424 964 2483 οὐκ
979 2423 1034 2504 ἔχει
1055 2423 1133 2504 λόγον
1145 2426 1190 2486 τὸν
1211 2427 1300 2504 αὐτὸν,
1313 2434 1359 2487 νῦν
1378 2429 1426 2509 μίν
1440 2438 1633 2513 σταυροῦσθαι,
1646 2442 1690 2495 νῦν

119 2509 183 2585 esse.
197 2524 268 2597 Quia
278 2523 350 2582 enim
361 2536 471 2604 propter
483 2519 569 2579 soclus
584 2517 714 2599 putabant
724 2537 752 2575 se
763 2515 863 2574 abalie-
917 2514 944 2574 δὲ
957 2519 993 2584 ῶς
1008 2516 1118 2584 οἰκείως
1130 2517 1316 2601 θεραπεύειν),
1327 2520 1466 2594 δείκνυσιν,
1478 2523 1521 2584 ότι
1540 2526 1588 2586 καὶ
1608 2531 1691 2587 έκεῖνο

120 2631 194 2676 natos
209 2638 265 2675 esse
276 2616 389 2692 (etenim
408 2613 505 2673 rationi
528 2625 733 2670 consentaneum
752 2628 804 2667 non
822 2620 863 2666 cst
880 2624 898 2671 Ε
916 2607 986 2667 κατδι
998 2609 1173 2690 προφητείαν,
1186 2611 1233 2670 καί
1242 2619 1328 2673 τοῦτο.
1343 2611 1437 2693 Ὑμεῖς
1448 2618 1522 2690 ἐστι,
1534 2617 1628 2699 φησιν,
1641 2619 1691 2680 υῐηὶ

118 2708 242 2769 eumdem
257 2707 337 2767 modo
347 2706 480 2785 crucifigi,
491 2725 556 2764 mox
567 2724 629 2762 suos
642 2707 762 2777 curare),
774 2715 800 2760 ct
812 2700 866 2762 lioc
915 2703 968 2759 τῶν
982 2705 1134 2783 προφητῶν,
1148 2705 1253 2775 καὶτῆς
1265 2705 1406 2780 διαθήκης,
1420 2699 1452 2780 ἧς
1470 2708 1572 2770 διέθετο
1592 2716 1607 2771 ὁ
1622 2713 1691 2780 chr

118 2815 145 2861 et
153 2800 224 2861 iliud
231 2802 332 2861 factum
342 2821 389 2881 per
399 2798 568 2880 prophetiam
576 2795 700 2856 ostendit.
714 2797 771 2853 Vos
780 2793 860 2863 estis,
915 2793 980 2873 πρὸς
1003 2792 1063 2859 τοὺς
1081 2794 1198 2877 πατέρας
1218 2801 1302 2875 ὑμῶν,
1315 2798 1399 2878 λέγων
1414 2799 1479 2882 πρὸς
1492 2800 1629 2885 Ἇὸρηᾰμ-
1646 2807 1690 2866 mi

118 2894 221 2974 inquit,
232 2895 299 2973 filii
314 2893 522 2972 prophetarum
544 2902 572 2947 et
591 2893 766 2959 testamenti,
785 2890 865 2969 quod
915 2889 941 2946 έν
954 2891 992 2966 τῷ
1002 2885 1137 2966 σπέρματί
1147 2910 1193 2948 σου
1207 2890 1428 2969 εὐλογηθήσονται
1438 2904 1526 2955 πᾶσαν
1540 2901 1569 2956 αἱ
1579 2899 1690 2980 πατρισί

120 2988 262 3068 disposuit
280 2987 360 3043 Deus
379 2984 422 3040 ad
436 2995 534 3062 patres
552 2992 678 3049 uestros,
699 2980 799 3038 dicens
822 2981 865 3038 ad
915 2982 963 3050 τῆς
975 2981 1033 3057 γῆς.
1050 2976 1131 3056 Ὑμῖν
1141 2984 1256 3061 πρῶτον,
1270 2982 1359 3063 φησίν,
1373 2988 1388 3043 θ
1402 2984 1470 3053 Θεὸς
1484 2987 1689 3062 teucriam&

1 3104 73 3137 nm.
85 3093 109 3140 3.
121 3078 296 3136 Abrabam:
322 3077 363 3134 Et
391 3078 423 3132 in
447 3076 556 3132 semine
580 3084 630 3129 tuo
659 3071 864 3130 benedicentur
915 3072 1006 3129 Παῖδα
1020 3072 1099 3129 αὐτοῦ
1111 3070 1274 3133 ἀπέστειλεν.
1287 3074 1360 3157 'Ape
1371 3076 1417 3136 καὶ
1431 3077 1616 3157 stipem-m
1628 3086 1689 3162 ὑμῖν

121 3190 220 3229 omnes
217 3169 351 3251 familiae
362 3181 455 3227 terrie.
464 3167 512 3225 26.
523 3166 609 3222 Vobis
615 3166 753 3243 primum,
765 3162 862 3240 inquit,
914 3167 1020 3243 πρῶτον
1040 3174 1093 3231 τοῖς
1112 3164 1305 3246 οταυρώσασιν.
1321 3170 1486 3249 Εὐλογυῦντα
1501 3173 1586 3251 ὑμᾶς,
1600 3178 1627 3235 ἐν
1651 3180 1689 3256 τῷ

120 3264 200 3321 Deus
211 3264 356 3320 suscitans
372 3259 485 3318 Filium
504 3276 599 3326 suum,
617 3258 704 3314 misit.
719 3254 818 3332 Utique
836 3268 863 3314 et
916 3255 1088 3337 ἀποστρέφειν
1107 3256 1218 3317 ίκαοτον
1230 3259 1283 3318 ἀπδ
1302 3265 1354 3320 τῶν
1368 3265 1512 3344 πονηριῶν.
1527 3263 1642 3345 'lainga
1661 3268 1688 3328 tt

118 3352 191 3428 aliis;
202 3350 249 3411 sed
263 3350 339 3411 vobis
358 3350 492 3431 primum,
505 3347 554 3427 qui
569 3345 753 3404 crucifixistis.
768 3348 863 3405 Brac-
915 3347 1100 3430 inpediuntque
1113 3349 1211 3409 ἀνωθεν
1225 3349 1260 3410 τά
1279 3354 1488 3431 ἀναγνωσθέντα
1504 3356 1582 3425 Τίως
1606 3383 1688 3419 κατα.

118 3449 262 3506 dicentem
271 3448 369 3513 vobim
381 3456 413 3502 ut
426 3452 577 3502 convertat
587 3459 618 3498 se
630 3443 828 3520 unusquisque
841 3459 861 3497 a
877 3497 901 3534 π
916 3440 1048 3513 σκευάζει,
1062 3440 1120 3500 οότι
1134 3440 1209 3500 αιίεοί
1225 3442 1352 3515 ἐποίησαν
1366 3445 1397 3505 τὸ
1410 3452 1499 3526 θαῦμα
1512 3453 1540 3510 ἐν
1553 3455 1593 3531 τῷ
1608 3454 1687 3512 εἰπεῖν

119 3543 251 3620 nequitia
263 3560 326 3597 suo.
341 3537 409 3609 Qcae
431 3535 497 3594 lecta
518 3546 579 3592 sunt
592 3532 744 3593 accuratius
759 3544 862 3612 repeta-
880 3552 900 3598 Α
917 3534 942 3592 T
944 3532 953 3590 i
961 3532 1179 3611 θαυμάζετεςίίαὶ
1187 3535 1235 3593 οὐκ
1243 3535 1351 3616 ἀφίησιν
1367 3540 1687 3624 ἀπιστεῖσθαιτδλεγόμε-

118 3653 187 3691 mus.
202 3630 322 3691 Suadere
342 3641 462 3702 conatur,
478 3648 530 3686 non
553 3624 626 3705 ipsos
644 3622 805 3682 miraculum
822 3624 860 3681 fe·
914 3646 966 3684 νον.
975 3624 1078 3685 Καὶῖνα
1088 3624 1298 3708 ἀξιοπιστότερον
1307 3630 1688 3714 αύτδποιήσῃ,προκαταλαμ·

117 3725 197 3801 cisse,
212 3745 275 3783 cum
287 3722 365 3798 dicit,
385 3721 463 3799 Quid
480 3719 715 3778 miraminiiNec
729 3716 861 3798 permittit
914 3716 989 3775 όαίνει
1008 3719 1094 3776 αὐτῶν
1108 3716 1156 3790 τήν
1175 3717 1276 3798 κρίσιν·
1291 3718 1386 3800 Ἡμῖν,
1407 3724 1487 3803 φησί,
1509 3725 1536 3784 τί
1559 3727 1687 3797 ἀτενίζετε

116 3831 147 3877 ut
160 3816 233 3876 dicto
246 3813 314 3873 fides
333 3834 386 3871 non
404 3811 543 3870 habeatur.
559 3813 644 3888 Atque
667 3822 697 3868 ut
717 3807 784 3867 iilud
805 3807 861 3868 fide
912 3813 949 3877 ῶς
970 3808 1024 3890 ίδίφι
1047 3810 1157 3888 δυνάμει
1171 3809 1188 3882 ἣ
1203 3808 1322 3892 εύσεῦείρ
1344 3816 1534 3891 πεποιηκόσινς
1557 3820 1593 3879 Ei
1612 3826 1687 3881 τοῦτο

114 3908 225 3989 dignius
238 3904 374 3979 redderet,
391 3904 501 3962 illorum
508 3900 645 3983 judicium
657 3900 807 3982 praecutit,
819 3899 861 3959 di·
911 3907 980 3980 ὑμᾶς
990 3902 1114 3985 ταράττει
1127 3902 1172 3962 καί
1199 3904 1318 3985 θορυύεῖ,
1331 3905 1444 3985 μέθετε,
1459 3908 1499 3977 τίς
1518 3914 1532 3970 ό
1557 3912 1686 3985 ποιήσας,

115 4026 176 4064 ecus
191 4028 197 4061 :
215 4004 294 4083 Quid
307 4021 359 4060 nos
375 4003 541 4073 intuemini,
561 4001 646 4079 quasi
657 4000 778 4078 propria
796 4000 860 4055 uir-
911 3994 1006 4073 καὶμὴ
1021 3993 1209 4080 ἐκπλήττεοθε.
1228 3996 1281 4054 Καί
1295 3999 1343 4079 όρα
1357 4000 1563 4079 πανταχοῦ,ότι
1577 4005 1622 4064 ἐπὶ
1643 4007 1687 4067 τὸν

116 4111 176 4157 tute
189 4098 240 4156 nel
252 4100 362 4178 pietate
374 4095 555 4174 fecerimus?
568 4091 599 4151 Si
613 4091 665 4149 hoc
677 4110 727 4148 vos
740 4102 821 4149 terret
833 4104 860 4148 et
911 4086 981 4145 Θεδν
995 4085 1057 4145 όταν
1069 4086 1238 4167 καταφεύγῃ,
1251 4088 1297 4146 καὶ
1310 4088 1372 4168 εἴπῃ
1388 4097 1452 4171 παρ’
1472 4096 1555 4153 αὐτοῦ
1569 4096 1687 4176 γίνεσθαι

114 4190 217 4264 turbat,
230 4186 335 4260 discite,
345 4185 407 4265 quis
420 4184 523 4257 fecerit,
534 4197 562 4243 et
573 4203 607 4243 ue
618 4181 808 4262 obstupescite.
823 4180 859 4239 Et
911 4174 1017 4251 πάντα,
1045 4177 1105 4237 τότε
1129 4179 1212 4245 ἀδεῶς
1229 4182 1317 4247 αὐτοῖς
1343 4183 1513 4256 ἐπιπλήττει.
1535 4189 1589 4248 Διά
1612 4198 1687 4251 τοῦτο

115 4280 279 4357 hocuhique
295 4276 441 4359 perpende,
454 4274 549 4334 ubiad
563 4276 652 4333 Deum
672 4271 803 4351 confugit,
815 4270 859 4329 di·
911 4267 957 4326 καί
983 4268 1106 4350 ἀνωτέρω
1140 4268 1240 4349 ἔλεγεν,
1270 4270 1367 4351 Ἄνδρα
1393 4278 1614 4359 ἀποδεδειγμένον
1635 4282 1688 4343 ἀπὸ

114 4373 208 4451 xitque
227 4372 316 4452 ipsum
334 4369 427 4428 fecisse
438 4367 543 4441 omnia3
559 4379 624 4425 ttinc
638 4364 700 4424 ilios
714 4365 772 4423 sinc
785 4376 857 4422 metu
912 4362 981 4420 θεοῦ
994 4363 1031 4427 εἰς
1046 4364 1123 4438 ὑμᾶς.
1143 4361 1198 4420 Καί
1217 4373 1355 4445 πανταχοῦ
1375 4370 1574 4447 ἀναμιμνήσκει
1594 4374 1688 4444 αὐτούς

114 4462 281 4547 perstringit.
302 4460 367 4520 ldeo
387 4459 511 4539 superius
529 4456 637 4516 dicebat
655 4480 661 4513 ι
685 4458 786 4514 Vtrum
805 4476 858 4535 ap·
911 4457 958 4511 τοῦ
970 4451 1210 4531 τολμήματος,ίνα
1221 4456 1268 4514 καὶ
1280 4456 1311 4515 τδ
1319 4461 1409 4535 θαῦμα
1417 4460 1525 4542 δειχθῇ,
1540 4463 1587 4522 χαλ
1599 4470 1617 4537 ᾗ
1629 4466 1689 4526 ἀνά.

96 4562 267 4640 ·probatum
290 4576 310 4613 a
328 4556 392 4613 Deo
408 4558 440 4611 in
458 4555 551 4610 cobis.
567 4550 603 4608 Et
618 4526 721 4628 ubique
737 4548 792 4607 illis
805 4548 857 4607 boc
875 4560 893 4607 ts
912 4567 1003 4611 οτασις
1027 4549 1141 4624 κυρωθῇ.
1157 4543 1290 4607 Ἐνταῦθα
1310 4548 1337 4609 δὲ
1358 4550 1404 4609 καί
1426 4552 1687 4636 mmmmm.

112 4651 215 4711 facinus
241 4659 442 4720 commemorat,
459 4657 489 4701 ut
506 4640 668 4700 miraculum
688 4639 854 4714 ostendatur,
910 4636 1009 4696 οὐκέτι
1023 4637 1074 4717 γὰρ
1088 4638 1242 4718 Ναζωραῖον
1258 4639 1345 4718 λέγει,
1360 4644 1429 4704 ἀλλὰ
1440 4644 1481 4723 ςίγ
1494 4645 1528 4708 Ὁ
1539 4648 1625 4724 θὼς,
1639 4675 1688 4732 φη,

111 4759 137 4804 ct
154 4740 455 4802 resurreetiofirmetur.
471 4735 521 4793 ilic
534 4747 622 4793 atitem
635 4731 710 4790 aliud
725 4729 854 4789 addidit:
911 4730 953 4802 οὶ,
966 4732 1018 4787 τῶν
1044 4728 1167 4811 πατέρων
1193 4736 1270 4808 ήμῶν
1299 4732 1405 4801 ἐδόξατε
1428 4736 1473 4796 τὸν
1496 4741 1588 4802 Herba
1609 4746 1686 4802 αὐτοῦ

112 4835 248 4896 nonenim
259 4834 316 4914 jam
331 4830 410 4889 ilium
424 4830 593 4888 Nazarenum
608 4824 691 4896 dicit,
706 4821 752 4882 sed
766 4821 857 4900 quid?
912 4822 1023 4894 Ἰησοῦν.
1039 4820 1110 4904 Ὅρα
1129 4822 1174 4881 καὶ
1194 4825 1225 4885 τὸ
1244 4824 1351 4906 ἄτυφον.
1368 4831 1427 4888 Οὐκ
1447 4833 1614 4913 ἀνεκάλεσεν,
1630 4837 1686 4896 οὐδὲ

114 4930 204 4997 Deris,
224 4924 322 5003 inquit,
343 4935 462 5003 patrum
490 4931 653 4976 nostrorum
678 4915 857 4996 glorificavit
912 4904 984 4973 εἶπεν
1000 4913 1105 4980 εὐθέως·
1121 4913 1166 4973 καὶ
1181 4920 1226 4974 νῦν
1240 4917 1390 4980 πιστεύετε·
1403 4921 1457 4982 ἰδού
1472 4925 1610 5006 ἅνθρωπος
1624 4952 1685 4989 τετ-

146 5126 156 5150 ο
174 5109 240 5161 Alius
256 5116 361 5162 citrum.
371 5104 458 5171 [Infra
478 5112 505 5173 θῇ
523 5102 634 5160 comm„
646 5097 725 5153 Sosii.
744 5111 769 5151 et
786 5096 870 5149 Codd.
954 5106 963 5130 ⁸
981 5096 1123 5165 legendum
1135 5096 1236 5150 ridetur
1248 5107 1283 5155 iri
1300 5109 1338 5157 oin
1357 5110 1428 5161 abrai.
1441 5109 1593 5175 [Erasmus:
1608 5113 1685 5165 Prius

113 5187 193 5242 nostri
211 5204 307 5241 omnes.
321 5185 464 5253 negebatur
481 5183 534 5248 θοι]
923 5178 1031 5240 insinuit,
1044 5176 1114 5244 quod
1124 5179 1174 5245 ipsi
1182 5180 1371 5252 transcurriat]

144 5271 158 5308 Ἰ
178 5266 250 5319 idem
264 5263 351 5319 Codex
364 5270 542 5332 ἠλλοτριῶσθαι,
551 5267 588 5313 καί
600 5264 638 5313 οὖν.
650 5265 706 5327 ίχιιν
718 5263 791 5324 λόγον.
