3728 5978
239 441 319 530 444
585 458 616 506 s.
643 459 784 510 rotulus
808 461 990 510 cuuvsosr.
1019 458 1174 512 trouver.
1203 462 1471 512 cousraurruor.

245 583 344 642 minem
359 582 405 641 itte
414 594 499 641 curat.
510 579 682 642 Tentationes
695 598 795 659 autern,
804 584 988 666 flagella,car-
1041 585 1115 659 δοἘης
1128 586 1173 646 καί
1187 586 1311 665 despice·
1323 587 1382 645 ἀλλ’
1395 583 1486 665 ὥσπερ
1498 584 1530 643 δν
1541 585 1564 643 τί
1582 583 1662 662 μόνος
1676 585 1755 644 stam
1768 586 1808 644 οδ-

245 695 318 734 ceres
335 675 373 734 ita
388 673 544 746 contemnit,
558 695 590 733 ac
608 674 632 734 si
651 674 679 736 iu
695 676 783 737 alieno
803 699 914 759 corpore
930 676 988 735 baec
1041 676 1111 746 δενδς
1124 676 1154 736 δν
1166 671 1325 761 ἐφρόντισεν,
1338 677 1419 745 οδτως
1432 675 1490 736 οιίδδ
1502 676 1561 736 τότε
1574 679 1589 734 δ
1603 679 1721 743 τοιοῦτος
1735 699 1808 756 φραν-

244 779 387 847 paterctur,
409 779 436 825 et
451 766 520 824 acsi
540 765 713 827 adamantino
726 783 795 829 esset
811 790 939 850 oorpore;
958 791 988 828 ea
1040 770 1115 839 τίζιι.
1129 770 1332 852 Πειρασμῶνδδ
1347 769 1416 829 οὕτω
1432 776 1591 850 καταφρονεῖ
1610 767 1657 828 καί
1679 767 1809 847 μαστίγων

242 871 342 932 autem,
351 879 411 936 quae
423 858 518 918 suavia
528 858 555 917 in
570 859 622 918 bac
633 860 689 932 vita
700 875 773 939 suut,
784 863 822 922 ita
835 861 951 935 deridet,
963 876 989 921 et
1040 864 1088 925 καὶ
1107 863 1307 945 δεσμωτηρίων,
1319 862 1410 947 ὥσπερ
1427 862 1459 922 δν
1474 866 1498 922 εί
1516 866 1542 925 ἐν
1557 861 1691 943 ἀλλοτρίῳ
1710 860 1809 939 σύματι

242 971 306 1030 erga
320 950 366 1009 ilta
383 951 547 1011 insensibilis
561 966 611 1030 est,
624 968 655 1012 ut
669 976 717 1014 nos
730 976 791 1035 erga
809 970 914 1015 mortua
930 976 989 1014 cor·
1040 964 1124 1018 ταῦτα
1142 957 1268 1038 ίπαοχεν,
1282 955 1300 1028 ἢ
1314 955 1403 1036 ὥσπερ
1415 955 1447 1014 δν
1461 958 1484 1015 εἰ
1495 955 1675 1034 ἀδαμάντινον
1686 952 1809 1026 δοιίντητο

242 1063 318 1124 pora,
333 1042 375 1103 vel
387 1065 420 1103 ac
439 1044 463 1103 si
481 1044 533 1124 ipsi
550 1045 653 1119 mortui
666 1045 758 1106 simus.
772 1048 893 1107 Tantum
908 1069 989 1128 porro
1041 1056 1120 1131 σῶμα
1131 1074 1138 1088 ·
1149 1053 1202 1109 τῶν
1215 1050 1338 1123 δδήδίων
1351 1053 1405 1109 τῶν
1416 1051 1445 1107 ἐν
1460 1051 1499 1128 τῷ
1511 1047 1562 1129 βίιρ
1573 1046 1645 1109 οὕτω
1658 1047 1808 1126 καταγελᾷ,

242 1133 326 1212 abest,
340 1148 369 1193 ut
382 1134 475 1213 aliquo
489 1135 588 1195 affectu
600 1135 730 1217 capiatur,
746 1153 878 1216 quantum
891 1160 988 1198 aurum
1040 1143 1087 1205 καὶ
1096 1144 1286 1217 ἀνιποίούητος
1298 1146 1384 1204 αὐτῶν
1395 1145 1477 1215 ἐστιν,
1487 1139 1578 1223 ὥσπερ
1588 1143 1642 1199 τῶν
1652 1142 1753 1219 supas
1764 1161 1809 1198 σω

241 1225 304 1304 igne
320 1227 463 1308 probatum
477 1240 503 1286 ct
516 1250 618 1309 purum
629 1251 647 1296 ,a
663 1229 789 1290 sordibus
807 1230 923 1290 liberum
937 1245 986 1290 est.
1043 1237 1133 1317 μάτων
1144 1242 1232 1314 ἡμεῖς,
1245 1235 1262 1306 ἢ
1276 1235 1349 1295 αὐτοὶ
1360 1235 1433 1302 ὄντες
1444 1233 1542 1315 νεκροί.
1556 1234 1692 1293 Τοσοῦτον
1706 1231 1735 1292 δδ
1748 1232 1808 1292 ἀτί-

242 1319 397 1391 sicutenim
404 1341 502 1381 rnuscae
511 1322 538 1381 iu
550 1320 667 1381 merliam
677 1322 814 1382 flammam
822 1343 874 1382 non
886 1322 989 1384 incide·
1004 1341 1023 1388 B
1040 1355 1083 1412 χοι
1101 1331 1200 1389 ἁλῶναι
1214 1328 1293 1388 πάθοι
1301 1328 1367 1402 τινὶ,
1376 1326 1438 1391 ,ὅσον
1450 1327 1547 1407 χφοσδς
1559 1323 1727 1408 πυρούμενος
1737 1328 1753 1384 ὃ
1764 1347 1807 1382 κα·

241 1411 309 1489 riut,
324 1411 372 1472 sed
386 1412 494 1491 fugiunt
509 1438 516 1470 :
529 1413 568 1473 sic
583 1435 632 1473 uec
644 1414 727 1474 animi
741 1415 902 1475 affectusad
916 1415 989 1476 bunc
1040 1424 1118 1506 οορλς
1132 1423 1164 1482 ὃν
1183 1420 1328 1502 ἀπόσχοιτο
1347 1421 1462 1493 κηλῖδος.
1480 1417 1587 1500 Ὥσπερ
1600 1416 1655 1498 γάρ
1680 1425 1758 1496 μυῖαι
1779 1418 1808 1484 είς

242 1503 334 1582 ignem
346 1504 472 1564 accedere
482 1505 591 1566 audent.
605 1505 641 1566 Et
652 1507 859 1568 borumvellcm
865 1507 989 1589 exempla
1041 1514 1125 1593 μέσην
1134 1513 1219 1594 φλόγα
1232 1514 1279 1573 ονάι
1292 1511 1323 1571 διν
1340 1509 1489 1592 ἕμτίσοιεν,
1500 1509 1570 1570 άλλδ
1584 1507 1736 1588 φεύγωσιν,
1747 1509 1809 1567 οὕτω

241 1616 277 1655 ex
291 1596 368 1656 nobis
382 1597 449 1678 ipsis
463 1600 602 1679 proferre3
615 1600 678 1678 quia
693 1621 758 1660 vero
773 1601 867 1682 inopes
879 1622 990 1676 sumus,
1039 1608 1085 1667 χοὶ
1099 1606 1134 1666 τὰ
1146 1605 1218 1679 πύον
1230 1605 1290 1666 obet
1305 1602 1382 1684 ὶγμδς
1395 1603 1517 1682 γινέσθαι
1535 1601 1630 1662 τούται
1647 1603 1748 1682 τολμᾷ.
1762 1602 1809 1662 Καὶ

241 1703 404 1764 necesseest,
417 1703 448 1749 ut
461 1690 496 1749 ad
511 1691 590 1750 ilium
606 1691 696 1773 ipsum
713 1693 908 1772 confugiamus.
918 1692 991 1755 Vide
1040 1697 1137 1758 τούτων
1157 1696 1303 1774 ἐδονλόμην
1323 1695 1371 1773 μὲν
1392 1698 1436 1777 ἀφ’
1456 1698 1535 1773 ἡμῶν
1552 1692 1588 1753 τδι
1607 1692 1809 1774 παραδείγματα

242 1792 348 1858 autem,
368 1781 505 1861 quomodo
527 1781 574 1842 ille
591 1782 649 1864 ipse
667 1803 731 1864 erga
749 1796 836 1842 totum
856 1783 991 1843 mundum
1039 1799 1203 1870 papepeprtv
1218 1787 1359 1848 δύνασθαι·
1374 1786 1465 1859 ἐπειδὴ
1486 1785 1692 1866 δδδποροῒιμεν,
1711 1785 1807 1864 ἀνάγκη

94 1894 182 1942 cm,
195 1874 991 1959 14,affectusesset.Mibimunduscrucifixusest,inquit,
1040 1881 1105 1963 πρὸς
1116 1880 1193 1941 ούτδν
1206 1885 1296 1947 τοῦτον
1311 1886 1480 1959 καταφυγεῖν.
1492 1877 1566 1957 Ὅρα
1579 1882 1643 1954 γοῦν
1655 1877 1738 1936 stete
1752 1877 1810 1958 πρδι

243 1978 272 2029 et
284 1987 337 2048 ego
350 1967 510 2042 mund03id
520 1980 568 2044 est,
578 1970 704 2027 Mortuus
714 1989 775 2028 sum
786 1967 900 2045 mundo,
909 1979 933 2026 et
945 1967 993 2026 iile
1040 1971 1128 2033 πάντα
1140 1972 1185 2033 τὸν
1197 1971 1295 2050 κόσμον
1308 1976 1366 2038 πῶς
1379 1969 1500 2029 διίνιιτο.
1513 1968 1592 2046 Ἐμοί
1608 1966 1711 2046 κόσμος
1722 1967 1810 2029 texet-

90 2082 150 2128 τινα,
158 2093 181 2128 2,
193 2095 232 2130 20,
243 2057 312 2118 mibi
324 2074 448 2120 mortuus
462 2073 509 2120 est.
525 2058 564 2119 Et
579 2080 707 2118 rursum:
728 2063 801 2119 Vivo
817 2073 915 2118 autem
925 2062 992 2139 jam
1042 2087 1143 2144 ρωται,
1163 2062 1244 2144 φησί,
1271 2062 1346 2141 κάγὼ
1369 2065 1407 2144 τῷ
1433 2060 1544 2140 κόσμῳ·
1566 2058 1705 2134 τωτίστι,
1730 2060 1811 2142 νιαρόι

244 2171 304 2213 non
318 2172 381 2233 ego,
393 2155 471 2212 vivit
484 2172 556 2210 uero
570 2155 602 2209 in
616 2172 662 2210 me
671 2150 890 2211 Christus.Haec
899 2149 992 2209 dicere
1041 2159 1097 2233 ςιμι
1109 2160 1148 2237 τῷ
1163 2155 1276 2236 κόσμῳ,
1297 2158 1418 2221 κὼιιῑνος
1436 2153 1497 2230 ἐμοὶ
1517 2150 1616 2232 νιιιρός.
1640 2151 1696 2210 Καί
1718 2151 1810 2212 πάλιν·

240 2240 327 2301 soiius
336 2255 376 2301 est
390 2241 478 2302 Pauli.
489 2243 545 2301 Nos
558 2255 647 2299 autem
656 2241 704 2319 qui
719 2253 823 2300 tantum
835 2241 872 2300 ab
884 2240 991 2300 ilioab-
1041 2250 1087 2307 Ζῶ
1101 2247 1129 2308 δὲ
1143 2247 1230 2308 ούχίοι
1253 2247 1322 2326 ἐγὼ,
1346 2248 1378 2326 ζῇ
1397 2245 1425 2306 δὲ
1446 2245 1474 2302 ίν
1496 2244 1556 2323 ἐμοί
1581 2243 1709 2326 Χριστός.
1731 2245 1812 2304 Tmo

191 2370 195 2377 ·
242 2353 345 2410 murus,
357 2346 487 2412 quantum
502 2333 598 2392 caelurn
610 2345 718 2407 stema,
733 2352 781 2391 uos
793 2332 991 2393 abscondamus
1041 2340 1121 2418 μόνον
1139 2338 1246 2398 Παύλοι
1266 2336 1353 2417 λέγειν
1382 2334 1468 2407 ἐστὶν,
1484 2339 1561 2413 ἡμῶν
1588 2334 1617 2395 δδ
1640 2338 1697 2393 τῶν
1720 2332 1812 2395 turim

242 2446 275 2485 ac
288 2446 415 2505 nequens
430 2425 535 2506 aperire
548 2423 794 2496 audeamus.Qu0d
807 2438 898 2485 autem
911 2428 989 2505 quasi
1006 2449 1025 2497 c
1039 2438 1161 2492 τοσοῦτον
1173 2427 1400 2506 ἀπολιιπομίνων,
1409 2427 1470 2488 ὅσον
1485 2430 1533 2498 τῆς
1543 2429 1592 2504 γῆς
1603 2429 1620 2486 δ
1630 2426 1758 2506 ούρινδς,
1772 2429 1811 2505 ἐρ

243 2517 272 2577 in
284 2515 431 2576 solitudine
442 2530 518 2589 esset,
530 2516 602 2575 etsie
611 2515 751 2597 presentia
760 2516 911 2597 respiceret,
923 2519 990 2580 audi
1040 2522 1237 2596 καλύπτεσθαι,
1252 2526 1288 2590 ὡς
1301 2519 1369 2599 μηδδ
1381 2521 1413 2580 τδ
1424 2520 1511 2598 στόμα
1524 2519 1614 2600 διᾶραι
1624 2519 1739 2599 τολμᾷν.
1750 2517 1811 2578 Ὀτι

91 2639 114 2672 ε.
125 2626 181 2672 cor.
189 2624 215 2691 ⁴.
242 2607 323 2668 ilium
333 2607 560 2668 dicentemzNon
568 2608 822 2668 considerantibus
833 2612 915 2668 nobis
924 2631 990 2691 φασι
1039 2616 1117 2684 δλὼς
1131 2621 1158 2678 ἐν
1172 2615 1270 2696 ιφημίφ
1289 2606 1332 2689 ἦν,
1355 2612 1402 2673 καί
1422 2610 1504 2680 οὕτως
1528 2609 1599 2692 ἑώρα
1620 2610 1655 2670 τδ
1677 2610 1809 2691 παρόντα,

242 2704 453 2778 uidentur,sed
461 2723 526 2786 quoe
536 2722 595 2760 non
605 2701 832 2774 uidentur.Quid
844 2700 913 2762 dicis
921 2703 989 2763 itit·
1039 2709 1119 2769 ἄνοια
1129 2710 1208 2769 αὐτοῦ
1223 2708 1360 2787 λίνοντος·
1371 2705 1420 2776 Μὴ
1430 2702 1597 2765 σκοπούντων
1612 2707 1692 2781 ἡμῶν
1705 2702 1741 2764 τδ
1753 2707 1809 2782 βλε·

240 2794 288 2874 qui
304 2808 396 2855 contra
410 2815 492 2874 quam
506 2793 585 2871 dicis,
600 2814 643 2852 res
657 2814 686 2853 se
701 2793 783 2854 babet
794 2817 800 2852 :
813 2811 875 2853 narn
889 2794 989 2854 invisi·
1038 2801 1162 2878 πόμινο,
1184 2800 1252 2860 ἀλλὰ
1273 2797 1308 2858 τδι
1329 2798 1367 2876 μὴ
1388 2795 1549 2876 βλεπόμενα.
1571 2795 1608 2856 Τί
1631 2793 1735 2876 λίγειαι
1760 2797 1809 2856 Καὶ

240 2885 988 2965 bilianouvidemus,etvisibiiinvidemus.Quaiesba·
1040 2891 1093 2972 μὴν
1107 2893 1139 2954 τδ
1154 2890 1269 2952 ἐναντίον
1285 2882 1412 2971 οδλίγεις
1431 2888 1503 2961 ἐστί·
1520 2888 1555 2948 τδ
1575 2887 1624 2966 μὶν
1644 2888 1700 2969 γδρ
1713 2890 1808 2970 δόρατα

240 2978 323 3040 bebas
336 2978 439 3050 oculos,
454 2977 520 3038 tales
533 2991 613 3054 suut,
622 2977 669 3056 qui
683 2999 699 3036 a
711 2978 820 3038 Christo
833 2976 890 3038 dati
900 3003 907 3036 ι
917 2979 990 3040 sicut
1039 2987 1069 3047 οὗ
1082 2985 1225 3066 βλέπομεν,
1235 2984 1269 3045 οδ
1283 2984 1311 3044 δλ
1324 2982 1408 3064 ὁρατὰ
1418 2980 1563 3062 βλίττομεν.
1576 2981 1728 3052 *Ὁποίοιις
1737 2980 1809 3062 ique

240 3071 313 3154 ¹enirn
325 3071 356 3130 bi
367 3069 490 3131 visibilia
502 3070 615 3148 quidem
629 3067 742 3147 vident,
758 3068 909 3131 invisibilia
923 3092 988 3131 vero
1039 3075 1202 3160 ὀφθαλμούς,
1212 3075 1325 3137 τοιοῦτοί
1339 3077 1404 3135 τίσιν
1416 3075 1441 3133 oi
1451 3072 1526 3155 παρδ
1541 3077 1587 3134 τοῦ
1604 3076 1726 3155 Χριστοῦ
1739 3075 1809 3134 διδο-

240 3183 294 3222 non
307 3160 402 3223 vident
415 3186 421 3218 ι
433 3162 473 3221 sic
488 3161 530 3220 itti
548 3175 659 3220 contra:
675 3182 753 3221 nemo
774 3163 821 3240 qui
839 3162 988 3223 invisibilia
1041 3170 1129 3249 μένοι·
1146 3168 1266 3251 καθάπερ
1276 3166 1328 3249 γδρ
1338 3159 1410 3227 οὗτοι
1419 3164 1454 3225 τδι
1468 3164 1516 3245 μὲν
1529 3167 1654 3246 δρύιμινοι
1668 3169 1767 3247 δρὸσι,
1778 3166 1809 3225 τδ

186 3254 189 3260 ’
240 3255 341 3332 videat,
354 3252 578 3327 visibiiievide13
594 3252 731 3332 nemoqui
751 3253 987 3327 visibiliavidcat‚
1040 3260 1258 3344 δλούχὸρώμινα
1269 3263 1319 3340 οὐχ
1330 3263 1438 3342 δρῶσιν·
1453 3257 1641 3324 ούτωςένεῑνοι
1654 3258 1809 3318 τούναντίον·

240 3349 390 3410 invisibilia
404 3348 488 3410 videt.
503 3351 599 3407 Annon
612 3347 693 3407 etiam
714 3348 790 3430 apud
807 3370 855 3409 nos
870 3351 923 3411 boc
934 3352 987 3410 iit?
1039 3354 1122 3422 οδδιλς
1131 3353 1165 3412 rb
1180 3352 1282 3432 ἀόρατα
1294 3351 1411 3430 βλέπων,
1422 3349 1456 3410 τδ
1467 3349 1550 3430 ὁρατὰ
1566 3349 1673 3428 βλίιτιι·
1685 3349 1769 3417 οδδιίς
1779 3349 1810 3407 rb

240 3441 356 3514 Quando
371 3441 443 3500 enim
457 3461 584 3500 conversa
596 3454 683 3500 mente
693 3462 728 3501 ex
740 3441 926 3501 invisibilibus
936 3443 988 3502 ali-
1003 3472 1023 3518 ῃ
1039 3443 1160 3525 δρώμενα
1184 3442 1298 3523 βλίπων,
1323 3441 1358 3501 τδ
1379 3441 1481 3520 δόρατα
1504 3439 1606 3519 βλίπνι.
1622 3437 1662 3500 Ἢ
1686 3442 1748 3521 ούχὶ
1768 3440 1810 3500 καὶ

240 3532 309 3612 quid
321 3533 484 3612 cogitamus,
497 3531 627 3592 sublimes
642 3531 719 3591 nobis
730 3547 793 3591 suut
801 3534 987 3614 operationum
1038 3540 1102 3618 παρ’
1116 3542 1181 3615 ἡμῖν
1200 3541 1278 3595 τοῦτο
1298 3534 1414 3611 γίνεται,
1430 3531 1518 3594 Ὅταν
1538 3533 1609 3614 ’γὰρ
1623 3533 1670 3594 τδν
1694 3538 1754 3594 νοῦν
1770 3556 1810 3592 ον

240 3624 540 3686 οσιιίί.(ἐ)ιιισιιιιιαιιιιισ
553 3624 687 3702 gloriam,
701 3624 785 3683 rideri
800 3626 987 3706 magis,quam
1039 3628 1196 3710 στρέψαντες
1218 3625 1383 3704 λογιζώμεθά
1408 3648 1435 3683 τι
1454 3629 1508 3684 τῶν
1528 3625 1659 3704 δοράτων,
1686 3626 1809 3706 μιτέοιφοι

240 3716 347 3776 laudari
358 3714 564 3776 velimutrum
576 3714 623 3793 qui
633 3715 770 3790 irridetur,
782 3715 849 3774 nibil
860 3715 983 3796 laeditur;
1038 3723 1090 3779 τῶν
1107 3721 1242 3799 ἐνιργιιῶν
1261 3722 1325 3796 ἡμῖν
1347 3716 1463 3797 γίνονται
1481 3719 1508 3775 αἱ
1530 3717 1613 3797 δψεις.
1635 3718 1809 3800 Καταφρονή-

240 3810 288 3889 qui
299 3808 434 3883 laudatur,
447 3807 624 3868 multum.Nc
639 3807 870 3887 magnifaciamus
880 3830 987 3888 ea,quae
1040 3836 1127 3890 σωμεν
1143 3810 1235 3884 δόξης,
1255 3810 1383 3887 γελᾶσθαι
1407 3808 1564 3888 βουλώμεθα
1578 3808 1720 3886 pemani
1737 3814 1809 3870 ίται-

154 3973 157 3980 .
239 3902 361 3999 tropina
375 3914 490 3974 terrent,
503 3898 550 3959 sed
564 3899 597 3959 iis
611 3900 686 3959 utde
699 3901 798 3981 puerili
812 3901 875 3961 lusu
888 3916 987 3964 tracte·
1040 3909 1149 3965 νεῖσθαι.
1166 3902 1202 3963 Ὁ
1215 3903 1263 3975 pte
1273 3902 1326 3984 γὰρ
1337 3900 1499 3981 γελώμενος,
1521 3899 1594 3960 οὐδὲν
1620 3902 1810 3980 βλάπτεται·δ

240 4015 421 4074 ῐαιισειιοφιιτ
431 3992 511 4061 enim,
524 3992 547 4050 si
559 4013 638 4070 quem
652 3991 794 4052 videamus
803 3994 931 4074 puerulos
942 4018 989 4056 ex·
1041 3996 1068 4058 δί
1092 3995 1290 4073 ίτταινούμενος,
1313 3993 1426 4073 μεγάλα.
1449 3990 1496 4064 Μὴ
1517 3990 1587 4073 μίγα
1609 3997 1749 4075 φρονῶμεν
1773 3995 1811 4054 tet

241 4101 394 4162 terrentur,
405 4086 493 4166 ipsum
501 4083 754 4144 admiramurznam
765 4086 889 4165 quisquis
898 4101 989 4166 terret,
1040 4099 1095 4158 τοῖς
1119 4087 1259 4170 tepeseat
1282 4085 1341 4154 τοὺς
1365 4085 1533 4167 ἀνθρώποις,
1556 4085 1616 4145 ἀλλ’
1637 4089 1676 4154 ὡς
1697 4086 1742 4146 ἐπί
1764 4089 1811 4145 τῶν

242 4181 370 4262 puerulos
380 4193 480 4254 terret,
494 4178 584 4237 virum
593 4198 709 4255 namque
721 4192 819 4239 terrere
829 4201 881 4240 non
894 4183 987 4261 possit.
1041 4181 1143 4242 παίδοιν
1161 4185 1239 4240 τοῦτο
1259 4177 1432 4260 πράττωμεν·
1450 4176 1508 4237 οὐδὲ
1522 4175 1575 4257 γάρ
1589 4176 1616 4235 st
1628 4201 1691 4236 τινα
1716 4177 1811 4256 ἴδοιμεν

242 4271 279 4329 Et
288 4269 516 4349 quemadmodum
530 4268 576 4345 qui
593 4282 700 4344 terrent,
714 4270 757 4331 vel
770 4273 914 4352 supercilia
929 4296 990 4333 sur·
1041 4273 1202 4353 ἕκφούοῦντα
1220 4271 1327 4342 παιδία,
1351 4268 1518 4346 δαυμάζομιν
1531 4274 1638 4328 τοῦτον·
1661 4273 1686 4329 εἰ
1707 4269 1760 4351 γάρ
1777 4292 1813 4335 τις

243 4363 347 4443 vigunt,
357 4362 401 4422 vel
412 4361 491 4420 aliter
502 4360 609 4419 vultum
620 4359 807 4440 distorquent,
819 4377 848 4423 st
857 4365 878 4424 si
892 4386 987 4426 sanum
1005 4380 1025 4427 t:
1041 4366 1133 4448 φοάεῖ,
1146 4363 1241 4424 παιδία
1252 4364 1342 4443 podet·
1358 4362 1442 4443 ἄνδρα
1452 4361 1505 4441 γὰρ
1521 4363 1570 4420 edre
1581 4361 1613 4420 δν
1627 4361 1757 4423 δδύναιτο
1772 4387 1811 4444 φο

243 4467 444 4516 etmansuctum
454 4452 565 4511 oculum
574 4452 699 4529 babeant,
711 4454 762 4513 boc
770 4455 917 4517 facerenon
927 4479 990 4540 pos·
1041 4460 1106 4520 δεῖν.
1120 4457 1174 4518 Καὶ
1185 4455 1306 4537 καθάπερ
1319 4459 1344 4514 ot
1358 4454 1544 4534 ἐνφοόοῦντις,
1556 4451 1575 4524 ἢ
1586 4453 1634 4521 τδς
1659 4457 1813 4536 βλεφαρίδας

244 4553 315 4613 sint:
330 4549 369 4611 sic
381 4549 446 4608 ethi
460 4548 689 4633 perspicacitatem
704 4550 801 4609 mentis
813 4550 987 4632 distorquen·
1040 4551 1161 4616 ἕλκοντος
1177 4548 1248 4623 dvo),
1267 4547 1285 4619 ἢ
1306 4548 1393 4614 ἄλλως
1405 4547 1436 4607 τδ
1448 4546 1591 4626 πρόσωπον
1614 4548 1813 4629 διαστρίφοντες

244 4659 293 4720 tos,
308 4644 359 4703 boc
373 4641 484 4701 faciunt.
504 4641 598 4718 ltaque
618 4655 789 4703 mansuetum
809 4643 945 4704 bominem
963 4660 989 4705 et
1041 4650 1120 4704 τοῦτο
1141 4647 1270 4712 ποιοῦσιν,
1285 4638 1398 4718 δγισινδν
1421 4638 1448 4699 δδ
1469 4638 1575 4719 ἔχοντες
1598 4639 1644 4698 καί
1664 4639 1766 4720 ἥμερον
1788 4637 1813 4697 τὸ

243 4736 321 4798 bonae
334 4736 430 4796 animae
444 4754 522 4793 uerno
535 4746 661 4808 exterret,
676 4733 723 4792 sed
737 4734 817 4794 illum
830 4758 989 4799 veneramur
1041 4737 1129 4814 ὄμμα,
1143 4735 1191 4794 ούκ
1202 4731 1233 4791 dv
1246 4731 1366 4792 δύναιντο
1384 4736 1462 4790 τοῦτο
1483 4735 1611 4801 ποιῆσαι·
1630 4730 1704 4792 οὕτω
1720 4732 1753 4806 δὴ
1773 4733 1813 4792 καί

244 4851 352 4904 omnes,
375 4830 554 4899 honoramus,
572 4847 733 4886 reveremur.
754 4829 849 4889 Annon
871 4829 986 4909 videtis,
1041 4819 1129 4899 οὗτοι,
1152 4826 1183 4886 τὸ
1206 4823 1354 4904 διορατικδν
1386 4827 1434 4894 τῆς
1459 4821 1575 4889 διανοίας
1600 4824 1812 4906 διαστρόφοντις,

244 4921 379 5002 quomodo
393 4921 425 4996 is,
437 4918 483 5000 qui
493 4917 623 4977 terribilis
633 4933 681 4995 est,
696 4921 821 4980 omnibus
835 4921 870 4981 sit
884 4922 988 4982 invisus
1041 4927 1118 4979 τοῦτο
1131 4922 1258 4977 ποιοῦσιν.
1270 4913 1357 4974 Ὥστε
1370 4913 1469 4993 ἥμερόν
1483 4937 1513 4994 γε
1527 4913 1665 4994 ἄνθρωπον
1680 4918 1727 4977 καί
1738 4917 1813 4978 καλὸν

244 5027 270 5074 et
287 5011 503 5074 abominandus?
514 5010 591 5083 Quid
611 5011 682 5070 enirn
696 5033 731 5071 ex
752 5012 797 5087 iis,
812 5034 872 5092 quae
891 5026 989 5072 terrere
1043 5012 1162 5091 τῇύνμῇ
1175 5007 1258 5074 οὐδεὶς
1270 5007 1300 5064 δν
1315 5005 1461 5085 φοόηθείη,
1473 5008 1532 5066 ἀλλ’
1549 5007 1696 5087 αἰδούμεθα
1705 5009 1813 5082 πάντες,

279 5198 290 5224 “
303 5199 409 5262 [ὁποίους
420 5193 572 5245 adscivimus
583 5211 614 5245 ex
627 5196 691 5262 λβ.
701 5195 730 5250 C.
740 5207 766 5247 et
775 5195 852 5250 savit.
864 5205 938 5257 ποὶοοι
947 5214 1005 5248 cum
1087 5209 1097 5234 ι
1111 5199 1155 5264 γάρ
1166 5189 1236 5242 deest
1248 5189 1273 5240 iu
1286 5205 1336 5241 uuo
1347 5187 1449 5242 Codice.

128 5339 132 5347 ι
246 5277 276 5326 D.
286 5271 408 5326 Conamel.
419 5283 444 5323 et
456 5270 557 5336 βίουτί]
1087 5268 1162 5322 bttit
1174 5273 1211 5324 δύο
1212 5292 1274 5323 πππππ
