3728 5978
426 494 430 502 ,
513 442 546 491 ιιι
577 444 663 491 ,τινα
690 444 952 494 aeosrououuu.
980 447 1105 495 uolut.
1135 447 1182 496 vr.
1578 425 1620 498 61

52 564 101 644 τιρί
112 564 224 627 τούτοιν.
240 566 348 626 Τοῦτον
362 567 407 626 τὸν
427 566 544 640 Ἰησοῦν,
560 566 588 626 ίν
607 552 682 643 ὑμεῖς
694 564 828 646 ίτταυρώ·
884 569 975 628 Hunc
995 570 1108 642 Jesum,
1117 590 1204 650 quem
1222 569 1632 651 uoseruer'firr'stis.Benel1uc

53 680 113 717 τιτι.
121 658 226 723 Καλῶς
236 660 355 717 {nawa
368 657 461 731 ίληξι,
475 656 596 718 διασείων
612 659 699 717 αὐτῶν
709 656 758 735 τὴν
769 657 829 715 διά·
883 658 1005 738 desiuit,
1028 661 1138 721 illorum
1165 659 1288 721 anhuum
1311 662 1458 741 exagitans.
1483 663 1630 741 Postquam

53 773 118 809 νιιαν.
131 748 255 822 Ἐπειδὴ
267 749 326 832 γὰρ
347 749 441 820 ἔδειξεν
455 749 548 822 ἡλίκον
561 749 633 825 ἐστί,
649 749 711 810 τότε
737 748 829 809 λοιπὸν
884 751 956 811 enim
972 751 1087 812 ostendit
1100 765 1232 830 quantum
1252 752 1287 812 sit
1301 751 1424 830 lacinus,
1440 766 1506 813 tune
1519 753 1631 813 dunum

54 841 87 899 ιιί
102 840 132 899 τὸ
148 839 291 918 τόλμημα
306 841 477 922 ίγνίμνωσεν,
495 841 564 905 dart
578 845 664 921 μεῖζον
680 840 762 910 δεῖξαι
783 841 830 899 καί
884 841 973 921 ipsum
983 841 1112 917 declarat,
1123 855 1154 901 ut
1169 842 1208 902 sie
1217 843 1304 924 majus
1317 841 1483 918 ostendatur,
1496 856 1522 902 et
1535 843 1632 904 timore

54 929 163 1011 ἡφίῦμ
175 929 280 999 αῦτὼς
295 933 375 992 ίλιῖν.
384 931 486 1012 Οῦγίιρ
498 931 582 1001 οὕτως
593 936 618 991 υί
629 931 763 1014 ἄνθρωποι
771 940 829 998 ταῖς
884 930 946 992 illos
965 933 1101 1015 corripiat.
1117 934 1178 993 Non
1199 932 1271 992 euim
1291 932 1330 992 sic
1349 932 1471 994 homiues
1493 933 1632 994 beneficiis

56 1020 201 1101 οίεργιαίαις
221 1023 393 1103 ἐπάγονται,
410 1026 447 1090 ὡς
466 1029 505 1106 τῷ
521 1023 594 1104 φίόφ
616 1022 829 1104 σωφρονιζονται.
885 1022 1052 1100 alliciuntur,
1067 1039 1098 1084 ut
1109 1025 1205 1085 timore
1218 1024 1392 1104 castigantur.
1406 1024 1567 1085 Admirandi
1581 1047 1632 1085 au-

56 1112 116 1171 utet
128 1114 290 1191 ίωμααιοί
302 1115 352 1174 καί
367 1114 477 1194 μιγαλοι
490 1115 536 1174 καὶ
548 1117 611 1196 Θεῷ
628 1113 713 1195 φίλοι,
728 1114 830 1181 οὐδενὸς
885 1128 940 1174 tem
952 1117 1006 1176 riri
1013 1161 1023 1194 ,
1037 1117 1077 1198 pii
1093 1138 1126 1176 ac
1140 1115 1190 1177 Dei
1209 1116 1301 1194 amici,
1321 1130 1416 1176 neutro
1434 1139 1502 1198 opus
1511 1117 1632 1195 habent,

59 1202 137 1263 τοίνυν
150 1202 281 1265 δέονται·
298 1197 354 1272 οἶος
364 1210 380 1266 ὁ
392 1207 498 1274 Παῦλος
511 1199 555 1279 ἦν.
569 1209 610 1266 Οὔ
620 1205 670 1286 γὰρ
679 1203 830 1285 βασιλείας,
886 1208 974 1288 qualis
992 1222 1049 1269 erat
1066 1210 1181 1284 Paulus,
1197 1209 1245 1289 qui
1262 1230 1315 1269 nec
1340 1210 1417 1290 regni
1436 1230 1484 1268 nee
1505 1209 1631 1289 gehennae

59 1296 290 1377 οίγιίννηςλόγυν
302 1301 428 1359 ἐποιεῖτο.
438 1298 527 1361 Τοῦτό
541 1303 597 1361 lert
609 1301 694 1380 φιλεῖν
707 1300 752 1360 τὸν
764 1301 828 1378 Χρι·
846 1345 869 1383 ,2
885 1299 1016 1361 rationem
1034 1301 1158 1362 habebat.
1175 1302 1234 1361 lloe
1253 1315 1293 1361 est
1310 1323 1401 1361 amare
1413 1301 1565 1379 Christum,
1578 1301 1632 1362 hoe
1681 1312 1744 1375 Quia
1755 1314 1785 1356 ιιι

61 1390 114 1463 τὸν,
125 1396 203 1450 τοῦτο
212 1389 256 1468 μὴ
269 1390 409 1468 μισθωτὸν
416 1381 483 1449 εἶναι
488 1433 497 1463 ,
508 1390 576 1470 μηδὲ
587 1389 772 1471 πραγματείαν
786 1389 832 1450 καὶ
850 1400 871 1448 Α
887 1405 926 1451 est
945 1413 1000 1452 non
1024 1414 1082 1452 esse
1103 1394 1318 1471 mercenarium,
1336 1414 1422 1473 neque
1436 1407 1570 1472 questum
1587 1374 1784 1485 relfficll'

62 1483 188 1554 ιτττλείαν
206 1488 359 1560 ἡγιῑαίαι,
375 1484 435 1542 ἀλλ’
456 1485 538 1551 ὄντως
560 1483 680 1566 ἐνάρετον
693 1474 773 1555 εἶναι,
787 1481 833 1543 καί
886 1484 1094 1564 negotiationem
1116 1484 1146 1543 id
1173 1484 1328 1544 existimare
1333 1507 1343 1562 ;
1372 1484 1420 1544 sed
1442 1485 1544 1546 virtute
1569 1506 1633 1546 vere
1703 1471 1709 1483 ⁸

63 1572 93 1632 ίιί
103 1575 130 1635 τὸ
140 1576 180 1654 τῆν
204 1577 276 1656 Θεῷ
298 1574 379 1656 φίλον
392 1575 481 1636 πάντα
494 1583 601 1635 ποιεῖν-
612 1574 708 1636 Πίσων
727 1567 771 1634 οὖν
784 1577 851 1637 δα-.
885 1575 1032 1656 praeditum
1044 1597 1119 1653 esse,
1133 1590 1159 1635 et
1177 1578 1213 1635 ob
1229 1575 1281 1635 Dei
1301 1597 1420 1635 amorem
1432 1577 1523 1635 omnia
1536 1577 1630 1636 faeere.

62 1664 125 1744 pun
137 1664 225 1742 ἄξιοι,
239 1666 312 1726 ὅταν
328 1672 455 1728 τοσοῦτον
474 1667 620 1747 ὀφείλοντες
635 1666 743 1748 μίτραν,
763 1664 832 1745 μηδὲ
887 1665 1004 1738 Quantis
1017 1666 1102 1747 igitur
1113 1666 1242 1749 lacrymis
1254 1667 1331 1747 digni
1346 1688 1451 1746 sumus,
1469 1667 1517 1746 qui
1530 1681 1633 1729 tantam

62 1759 223 1832 ίιτιίτηλοι
251 1758 397 1837 μετίωμεν
416 1758 465 1832 τὴν
487 1759 623 1838 βασιλείαν
635 1761 688 1819 τῶν
701 1762 831 1841 οῦρανῶν;
886 1757 1013 1818 debentes
1028 1778 1202 1833 mensuram,
1222 1759 1386 1838 nequidem
1404 1773 1434 1819 ut
1457 1759 1633 1840 negotiatores

62 1851 165 1910 Τοσαῦτα
172 1857 246 1928 ἡμῖν
262 1855 460 1932 ὑπισχνεῖται,
474 1851 521 1913 καί
533 1850 832 1929 οῦδίοῦτωςάκαίομιν,
885 1869 998 1929 regnum
1017 1851 1144 1910 caelorum
1164 1851 1336 1931 expetimus?
1361 1853 1449 1912 Tanta
1471 1851 1548 1911 uobis
1574 1852 1633 1932 pol·

61 1939 86 1999 Τί
98 1940 191 2014 τρίτης
202 1945 258 2014 τῆς
280 1941 384 2023 ἔχθρας
400 1940 458 2002 loos
471 1940 573 2021 γίνοιτο
594 1943 641 2016 ἄν,
654 1941 750 2002 Καίτοι
760 1964 791 2020 γι
807 1945 832 2000 οί
884 1941 989 2019 licetur,
999 1964 1085 2022 neque
1097 1944 1136 2003 sie
1146 1942 1273 2003 audimus
1284 1944 1368 2003 eum?
1380 1942 1456 2015 Quid
1467 1943 1532 2004 lruic
1543 1944 1634 2005 inimi-

62 2032 244 2112 τιφίχμίματα
257 2031 443 2112 μαινόμενοι,
456 2032 639 2115 κῦνίχίροίις,
649 2032 698 2093 κᾶν
712 2030 830 2108 δούλως,
885 2033 956 2094 citiae
972 2056 1021 2116 par
1035 2035 1131 2095 fuerit?
1147 2035 1229 2115 Atqui
1242 2034 1273 2112 ii,
1288 2029 1336 2113 qui
1346 2036 1439 2095 insana
1449 2036 1568 2117 pecuniae
1582 2059 1633 2097 eu-

61 2125 96 2182 ιᾶν
106 2126 332 2204 summatem<
344 2125 459 2207 εὕρωσι,
471 2125 521 2187 κᾶν
531 2124 623 2187 πάντα
630 2124 740 2198 κακοῦς,
755 2125 834 2204 μόνον
886 2126 1001 2209 piditate
1011 2127 1146 2204 laborant,
1161 2128 1219 2188 sire
1233 2128 1323 2188 hostes
1340 2128 1450 2203 adeant,
1460 2129 1520 2188 sive
1533 2150 1633 2206 servos,

61 2216 320 2297 ῦτροαῦοκήσωσιν,
333 2216 377 2278 ὅτι
390 2217 520 2299 χρήματα
532 2219 565 2278 δι’
579 2220 663 2278 αὐτῶν
678 2215 835 2290 δυνήσονται
887 2218 945 2279 sive
953 2218 1153 2279 inimicissimos
1164 2217 1226 2294 sibi,
1232 2233 1260 2278 et
1271 2219 1393 2278 omnium
1401 2219 1579 2298 nequissimos
1586 2243 1597 2299 3
1610 2220 1635 2280 si

61 2308 141 2381 λιῦεῐν,
154 2310 251 2370 πάντα
270 2314 402 2385 ποιοῦσι,
415 2310 462 2370 καί
480 2310 668 2385 κολακυίουσι,
688 2309 734 2370 καί
757 2314 832 2392 θιρα-
888 2327 976 2372 tamen
990 2326 1096 2394 sperem
1110 2333 1139 2371 se
1149 2333 1226 2394 posse
1236 2311 1355 2392 perillus
1367 2313 1495 2393 pecunias
1506 2313 1633 2393 adipisci,

61 2401 163 2475 τοίοισι,
174 2402 224 2461 καὶ
240 2403 341 2463 δοῦλοι
361 2404 494 2482 γίνονται,
508 2403 555 2464 καί
571 2402 678 2463 πάντων
690 2407 833 2482 ’ἡγοῦνται
889 2403 959 2463 nihil
977 2424 1030 2463 non
1050 2416 1152 2483 agunt,
1164 2402 1231 2484 ipsis
1251 2401 1414 2482 adulantur,
1426 2404 1499 2484 ipsos
1514 2417 1544 2462 ut
1563 2403 1635 2465 servi

61 2493 132 2560 οίτυλς
143 2494 330 2574 οεμνατέρους
347 2486 431 2565 εἶναι,
442 2494 487 2554 ίνα
495 2519 523 2556 τι
536 2494 640 2556 λάῦοισι
652 2495 717 2576 παρ’
733 2498 832 2554 αὐτῶν·
889 2495 989 2573 colunt,
1010 2510 1037 2555 et
1055 2495 1178 2555 omnium
1195 2494 1396 2556 honestissimos
1417 2496 1535 2574 habent,
1549 2509 1579 2554 ut
1598 2496 1635 2555 ab

60 2584 122 2663 ίγὶρ
133 2587 184 2643 τῶν
198 2584 362 2667 χρημάτων
370 2586 446 2654 ἐλπίς
457 2587 531 2648 οῦδὲν
538 2586 639 2648 τούτων
651 2585 745 2653 αῦτινλς
754 2585 833 2667 ἀφίη·
853 2592 870 2638 Β
889 2586 945 2646 illis
960 2586 1114 2668 accipiant:
1131 2586 1308 2668 pecuniarum
1321 2589 1392 2647 enim
1411 2609 1472 2669 spes
1488 2606 1540 2647 nou
1570 2588 1635 2647 sinit

61 2697 91 2731 ου
103 2680 235 2749 ἐννοῆσαι.
251 2675 391 2738 Βασιλεία
405 2676 433 2738 dl
446 2679 494 2738 οῦκ
507 2676 614 2758 ίοχυοεν
624 2676 675 2739 ὅσα
691 2677 834 2758 χρήματα,
889 2699 933 2738 eos
955 2679 1052 2738 horum
1073 2678 1216 2759 quidpiam
1236 2679 1366 2758 cogitare.
1392 2682 1517 2758 Regnum
1544 2693 1634 2738 autem

61 2769 144 2841 ιιίλλον
158 2769 188 2829 δὲ
206 2769 273 2830 etat
290 2768 325 2828 τὸ
345 2769 504 2830 αολλοατόν·
532 2769 619 2831 καίτοι
637 2769 696 2831 οὐδὲ
712 2774 728 2830 ὁ
746 2767 834 2850 τυχών
889 2791 942 2830 non
960 2784 1065 2833 tantum
1086 2769 1193 2851 poterit,
1212 2783 1345 2848 quantum
1359 2770 1479 2849 pecuniae
1488 2793 1499 2849 3
1522 2770 1577 2829 imo
1601 2790 1634 2829 ne

63 2861 118 2918 ίττυ
130 2867 144 2922 ὁ
155 2858 398 2942 ἐπαγγελλόμενα
408 2861 501 2937 αὐτὴν,
513 2864 572 2924 ἀλλ’
588 2856 779 2942 ὁάουγκρίτως
790 2860 836 2920 καί
890 2861 1034 2922 minimum
1047 2861 1159 2941 quidem
1176 2860 1294 2941 poterit:
1311 2861 1435 2940 quamvis
1453 2882 1506 2922 nou
1520 2884 1535 2922 e
1550 2862 1635 2942 vulgo

63 2955 100 3021 ti<
109 2953 247 3031 βααὼίας
262 2956 353 3025 ὠνῆς
368 2951 475 3031 μίζων.
489 2951 576 3015 Ὅταν
589 2953 617 3014 δί
643 2955 689 3014 καί
703 2952 734 3014 τί
752 2955 836 3032 ἐπαγ·
890 2954 1027 3035 quispiam
1040 2953 1084 3030 sit,
1095 2952 1142 3032 qui
1152 2952 1222 3012 illud
1232 2953 1377 3034 promittit,
1395 2952 1441 3040 sed
1456 2955 1515 3035 ipso
1528 2975 1636 3033 quoque
1693 2968 1698 2975 ·

63 3045 205 3122 μλλόμενον
220 3038 372 3126 βασιλεία,
386 3045 434 3105 καί
444 3046 644 3120 Θιίςῦταιίτην
656 3044 838 3126 διδοῦς,μίγα
891 3066 973 3126 regno
992 3045 1071 3125 louge
1094 3045 1181 3126 major
1193 3044 1241 3104 sit.
1256 3045 1372 3116 Quando
1395 3060 1486 3105 utitem
1507 3046 1537 3106 id
1560 3045 1636 3125 quod

65 3136 100 3193 ιιί
112 3136 217 3197 medad
232 3137 315 3217 παρὰ
330 3136 449 3198 τοιούτου
463 3137 617 3216 λαμῦάνειν.
633 3140 690 3200 Νῦν
701 3138 729 3199 dl
742 3140 838 3200 ταύτὸν
891 3136 1059 3218 promittitur
1075 3156 1190 3218 regnum
1210 3151 1260 3214 est,
1276 3135 1399 3215 illudque
1415 3136 1462 3197 dat
1476 3140 1565 3213 Deus,
1577 3159 1635 3197 ma-

65 3227 317 3310 gistraque-respue
342 3232 367 3288 τί
391 3229 514 3308 βασιλεὺς
529 3230 577 3308 μίν
590 3230 769 3313 κληρονόμους
790 3232 839 3290 αῦ-
893 3249 978 3309 guum
997 3241 1067 3289 certe
1080 3242 1120 3289 est
1136 3221 1250 3287 et'iltud
1268 3241 1294 3287 et
1311 3250 1326 3287 a
1343 3229 1389 3288 tali
1408 3230 1538 3310 accipere.
1556 3231 1636 3290 Nunc

65 3320 152 3379 τῶκιὶ
166 3318 408 3401 αυγκληρονόμαις
422 3325 462 3404 τῷ
475 3324 525 3403 υίῷ
545 3322 702 3402 βωλόμτνος
726 3327 837 3395 ποιῆται
892 3337 984 3383 autem
1002 3321 1114 3404 perinde
1126 3322 1170 3400 lit,
1187 3342 1219 3381 ae
1238 3320 1260 3381 si
1277 3342 1326 3381 rex
1337 3322 1385 3401 qui
1406 3322 1524 3381 heredes
1538 3335 1563 3380 et
1577 3323 1635 3381 filio

65 3412 230 3496 μιτίμυρίας
255 3413 310 3472 καί
336 3414 427 3493 ἑτέρας
446 3414 608 3496 εὐεργεσίας,
629 3426 836 3497 καταφρονοῖτο·
892 3415 1044 3477 coheredes
1058 3415 1118 3476 vult
1130 3415 1216 3474 facere
1229 3435 1283 3491 eos,
1297 3436 1364 3492 quos
1379 3415 1522 3473 milleante
1534 3415 1635 3473 benefi-

64 3504 201 3585 lxjmppoe
213 3504 244 3566 δλ
265 3503 354 3584 μυρία
371 3505 415 3564 καί
433 3511 506 3585 ἡμᾶς
526 3506 572 3568 καί
595 3505 656 3573 τοῦς
675 3516 759 3587 γονεῖς
777 3506 837 3576 τοὺς
892 3510 940 3569 ciis
956 3508 1062 3584 affecit,
1077 3521 1262 3566 contemnatur
1269 3530 1278 3584 3
1295 3520 1320 3566 et
1336 3507 1471 3566 latronum
1488 3507 1615 3588 princeps
1622 3553 1632 3586 ,

63 3596 195 3677 ίμιτέρως
208 3597 327 3673 διαθείς,
337 3597 384 3657 καὶ
397 3599 496 3680 μυρίων
509 3599 597 3679 γίμων
607 3603 707 3675 κακῶν,
723 3599 768 3660 καί
788 3625 835 3661 κα·
854 3623 873 3670 c
890 3602 937 3680 qui
947 3600 1095 3661 innumeris
1107 3614 1133 3660 et
1138 3621 1186 3660 uos
1193 3613 1219 3660 et
1225 3613 1349 3680 parentes
1361 3613 1465 3658 nostros
1479 3600 1558 3659 malis
1570 3601 1636 3659 asse·

63 3688 195 3769 τιιτγῦνας
216 3693 301 3767 ἡμῶν
319 3688 367 3747 καί
387 3688 436 3762 τὴν
456 3689 532 3758 δόξαν
549 3689 595 3751 καί
614 3691 664 3764 τὴν
683 3693 834 3775 σωτηρίαν,
883 3694 946 3770 cit,
961 3707 986 3753 et
998 3693 1075 3752 mille
1087 3691 1167 3751 malis
1184 3691 1241 3771 ipse
1260 3691 1356 3772 plenus
1367 3705 1418 3766 est,
1433 3691 1456 3750 si
1468 3711 1554 3750 uuum
1569 3693 1635 3752 obo-

64 3780 102 3838 ἕνα
119 3780 199 3858 μόνον
214 3780 313 3840 ὀῦολὸν
327 3779 592 3865 διίξαςτιροακυνοῑτο
604 3787 669 3863 παρ’
680 3787 767 3863 ἡμῶν.
780 3788 834 3845 Βα-
889 3785 948 3845 lum
961 3785 1067 3859 offerat,
1080 3784 1234 3843 adoretura
1251 3783 1338 3842 nobis.
1353 3785 1477 3864 Regnum
1490 3784 1636 3865 pollicetur

64 3874 153 3932 τιλείαν
175 3872 378 3952 ἐνταγγίλλιται
397 3876 412 3933 ὁ
433 3874 525 3947 Θεὸς,
548 3876 595 3936 καί
617 3887 834 3957 καταφρονεῖται·
890 3881 980 3956 Deus,
1003 3890 1029 3937 et
1046 3876 1213 3958 despicitur3
1232 3875 1380 3955 gehennam
1396 3875 1519 3934 conciliat
1538 3875 1635 3934 diabo-

64 3964 157 4040 γέενναν
168 3965 319 4047 τροξενεῑὸ
330 3965 467 4038 διοίὸολος,
477 3968 523 4026 καί
532 3977 652 4046 τιμᾶται.
662 3960 835 4042 Οὗτοςθεὸς,
889 3966 948 4042 lus,
963 3980 989 4025 et
1008 3966 1165 4025 honoratur.
1183 3963 1236 4022 llic
1256 3966 1347 4038 Deus,
1363 3964 1410 4022 ille
1427 3962 1563 4022 diabolus.
1580 3963 1634 4023 Sed

65 4058 149 4124 ἐκεῖνος
163 4057 302 4137 διάβολος
321 4054 391 4117 Ἀλλ’
414 4049 514 4136 ίδοιμν
529 4063 582 4120 τῶν
598 4061 787 4140 ἐπιταγμάτων
805 4061 836 4120 τὸ
889 4057 1029 4117 videamus
1049 4069 1243 4138 praceptorum
1261 4054 1415 4113 discrimen.
1431 4054 1461 4113 Si
1474 4054 1546 4113 enim
1564 4055 1635 4114 nibil

68 4149 186 4229 νίφορνν
202 4151 240 4210 Et
254 4148 312 4232 γὰρ
330 4148 414 4226 μηδὲν
425 4149 525 4211 τούτων
544 4143 589 4227 ἦν,
609 4152 678 4230 μηδὲ
698 4144 773 4222 οὗτος
786 4155 835 4233 μὲν
890 4150 988 4209 horum
999 4147 1221 4226 esset‚uequebie
1235 4149 1324 4222 Deus,
1335 4146 1382 4205 ille
1394 4146 1537 4224 diabolus;
1549 4169 1636 4226 neque

67 4241 134 4313 Θιίς,
144 4244 248 4309 ἐκεῖνος
262 4238 293 4299 δὲ
306 4240 444 4310 διάὸολος·
460 4236 611 4320 pallude«
625 4244 674 4323 pls
686 4246 834 4325 βασιλείαν,
891 4241 936 4300 hic
949 4260 1073 4319 regnum,
1083 4240 1130 4299 ille
1147 4240 1295 4319 gehennam
1309 4239 1463 4300 conciliaret
1468 4264 1477 4316 ;
1488 4259 1576 4300 annon
1591 4241 1634 4300 vel

69 4334 151 4402 ἐκεῖνος
168 4333 198 4394 δὲ
212 4332 325 4414 γέενναν
338 4334 485 4413 προυξένει·
495 4334 562 4409 curi
581 4341 635 4396 τῶν
648 4339 835 4418 ἐπιταγμάτων
891 4337 949 4417 ipsa
962 4348 1158 4416 praeceptorum
1169 4347 1265 4393 natura
1288 4332 1400 4392 suadere
1420 4347 1509 4414 posset
1529 4348 1559 4393 ut
1570 4335 1635 4392 huie

71 4426 159 4501 tatae
173 4429 227 4506 οῦγ
240 4425 324 4498 ίκανλ
338 4433 431 4486 πεῖσαι
448 4426 533 4510 τούτῳ
549 4428 723 4508 epotum
736 4430 774 4491 Τί
794 4433 836 4491 δαί
891 4426 1071 4486 haereremus?
1102 4425 1178 4496 Quid
1197 4426 1281 4506 igitur
1301 4439 1414 4505 uterque
1434 4426 1571 4507 imperat?
1586 4425 1635 4486 llle

72 4518 107 4572 ιιὶ
122 4519 246 4598 ἑκάτερος
256 4517 409 4592 ίπιτιίττει,
424 4518 544 4586 Ἐκεῖνος
555 4519 591 4580 cle
612 4521 837 4604 utaequivocus,
892 4542 951 4601 quae
966 4533 1073 4600 turpes,
1088 4518 1133 4578 hic
1145 4539 1204 4597 quae
1217 4519 1347 4598 gloriosos
1359 4519 1478 4583 reddunt
1486 4544 1496 4598 3
1512 4520 1558 4578 ille
1573 4541 1633 4598 quae

73 4597 131 4676 ὀἶτος
145 4609 181 4668 αλ
191 4609 308 4679 indolere
327 4614 472 4672 ποιοῦντα·
488 4612 584 4678 ἐκεῖνος
597 4611 632 4672 τίι
645 4611 750 4693 μυρίαις
764 4638 838 4695 περι·
892 4612 967 4672 mille
978 4611 1175 4671 calamitatibus
1185 4625 1211 4670 et
1223 4612 1333 4672 infamia
1353 4612 1506 4689 involvunt,
1520 4612 1564 4672 hic
1576 4633 1634 4689 quae

76 4698 189 4760 ’ῗῦλτντι
199 4712 349 4784 συμφοραῖς
357 4702 406 4762 καί
420 4702 631 4783 ἀσχημοσύναις,
643 4695 717 4774 οὗτος
726 4706 760 4766 τὰ
771 4710 839 4766 πολ·
893 4725 1018 4784 maguam
1042 4703 1151 4784 pariunt
1173 4703 1402 4782 tranquillitatem.
1425 4705 1498 4766 Vide
1508 4726 1633 4786 namque:

78 4790 114 4859 νίν
125 4792 170 4867 τὴν
183 4794 272 4855 ἄνετον
287 4795 394 4876 ἔρονται.
409 4793 488 4875 Ὅρα
500 4794 565 4874 γάρ·
579 4785 653 4863 οὗτος
671 4796 758 4877 λέγει,
774 4799 838 4858 tte-
893 4796 939 4856 ille
951 4796 1031 4856 dicit:
1044 4797 1188 4855 Discitee
1199 4799 1773 4875 mequiamitissumetltumi-uaut11.

80 4882 177 4942 terti
190 4887 267 4962 ἐμοῦ,
280 4883 839 4972 ὅτιπρῦόςιίμικαίταπιινλςτῇκαρδίᾳ,
894 4890 930 4949 lis
956 4891 1060 4965 eorde,
1092 4901 1120 4948 et
1144 4893 1296 4947 invenietis
1329 4892 1457 4968 requiem
1478 4893 1633 4949 animabus
1644 4890 1682 4935 ²9·

84 4976 117 5029 ¹²¹·-
131 4979 244 5055 εὑρήσετε
260 4980 412 5040 ἀνάπαυσιν
427 4986 489 5046 ταῖς
505 4981 603 5061 ψυχαῖς
628 4984 717 5060 ὑμῶν·
742 4983 876 5053 ίκεῖνός,ιν
894 4987 999 5046 uestris
1008 5008 1020 5053 ,·
1037 4980 1082 5041 ille
1092 4981 1129 5040 ait
1142 5004 1148 5037 :
1161 4981 1249 5040 Ferox
1264 4993 1317 5039 esto
1333 4995 1358 5039 et
1370 4980 1544 5062 inhumanus,
1555 4996 1634 5062 atquc

114 5188 120 5201 ¹
134 5169 165 5218 ll·
177 5181 287 5237 ν’ῖννζτοντνα
298 5185 457 5244 αιμνααίρους
470 5177 534 5228 εἶναι.
