3728 5978
535 526 567 572 ιν
596 525 703 573 nrrsr.
733 521 781 570 ,ιο
805 521 892 574 nou..
917 521 1035 574 noum.
1064 523 1162 573 xvnr.
1556 496 1628 596 699

55 649 110 721 σίν,
123 650 175 707 οὐδ’
189 647 229 707 ότι
247 648 416 727 ἀνθρωπίνων
441 649 479 708 δεῖ
503 650 629 729 ῥημάτων
651 652 761 709 ἀκούσαι
786 645 831 706 καλ
889 646 1048 728 simpliciter-
1056 646 1219 707 audiendum
1231 667 1287 707 esse
1297 645 1367 722 dixi,
1381 645 1479 725 inquit,
1493 665 1542 705 nec
1554 642 1629 722 quod

55 746 217 813 πιστεῦσαι,
237 741 295 799 ἀλλ’
320 740 401 813 ἀκοὴν
426 741 545 818 μεγάλην
559 740 676 820 λέγω·ἡ
698 740 750 822 γὰρ
763 739 830 812 α’κοὴ
889 739 1005 798 humanu
1018 740 1102 801 verba
1115 740 1211 800 audire
1224 753 1343 820 oporteat
1357 753 1382 799 et
1395 735 1578 815 credere3red
1594 734 1636 822 dtr

56 829 104 888 διά
119 830 235 909 ῥήματος
244 836 290 890 τοῦ
302 834 383 891 Θεοῦ.
394 834 435 891 Οὐ
447 830 500 914 γάρ
508 831 542 893 τὰ
553 836 640 892 αὑτῶν
651 833 751 912 ἔλεγον,
762 829 831 890 ἀλλὰ
887 829 982 890 auditu
996 852 1094 913 magno
1108 832 1220 911 loquor:
1236 845 1275 892 ost
1292 831 1364 891 enirn
1376 829 1487 890 auditus
1498 849 1547 910 per
1564 848 1629 889 ver-

55 920 95 980 τὰ
112 920 187 1002 παρά
203 928 249 980 τοῦ
272 925 342 982 Θεοῦ
365 921 537 1000 μανθάνοντες
551 923 730 1003 ἀπήγγελλον·
749 922 829 991 dnn·
851 931 870 978 Ε
888 921 955 980 burn
969 922 1138 1000 metuque
1149 923 1222 982 enirn
1235 944 1296 1001 quae
1309 943 1358 982 sua
1371 935 1463 992 erant,
1479 918 1526 980 sed
1539 939 1600 999 quae
1612 939 1635 977 ει.

59 1012 144 1090 μείων
156 1013 225 1072 έστλν
236 1013 408 1095 ὑψηλότερον.
420 1016 468 1095 Τῷ
478 1014 530 1094 γὰρ
539 1017 602 1095 Θεῷ
613 1015 659 1075 καλ
673 1013 832 1093 λέγοντικαλ
888 1016 945 1073 Deo
963 1012 1114 1076 didicerant
1131 1014 1293 1075 audiebant:
1311 1013 1384 1093 quod
1404 1011 1551 1072 sublimius
1573 1023 1636 1088 est,

58 1110 303 1184 θαυματουργοῦντι
315 1105 413 1183 ὁμοίως
426 1105 559 1165 πιστεύειν
574 1107 620 1167 καί
630 1106 766 1166 πείθεσθαι
780 1106 833 1165 δεῖ·
886 1128 967 1186 quam
983 1107 1040 1188 ipsa
1054 1107 1140 1187 signa.
1155 1109 1214 1169 Deo
1227 1107 1299 1167 enim
1310 1107 1369 1166 sive
1381 1105 1493 1182 dicenti,
1510 1104 1569 1165 sive
1578 1103 1631 1164 nri·

59 1196 120 1255 έπελ
134 1198 180 1254 καί
191 1197 225 1256 τὰ
239 1196 303 1276 ἔργα
319 1196 365 1256 καλ
375 1196 409 1256 τά
420 1195 543 1275 θαύματα
555 1199 608 1257 ἀπὸ
620 1201 673 1256 τῶν
681 1197 765 1277 λόγοιν
778 1197 834 1256 ἐστὶ
885 1198 983 1258 rabilia
999 1199 1117 1280 patranti
1136 1197 1247 1280 perinde
1260 1197 1367 1257 credere
1382 1210 1408 1256 et
1420 1193 1533 1274 obsequi
1547 1215 1630 1276 opor-

60 1293 116 1348 τίὶιν
138 1288 249 1348 ἐκείνω·
270 1288 379 1370 καὶγὰρ
394 1289 440 1348 καί
465 1293 479 1347 ὁ
503 1291 610 1370 οὐρανὸς
638 1289 684 1349 καί
707 1289 741 1348 τά
766 1290 834 1348 ἄλλα
888 1289 1052 1350 tel.Etenim
1063 1311 1143 1370 opera
1154 1304 1179 1349 et
1189 1289 1318 1349 miracula
1327 1309 1362 1348 ex
1372 1287 1462 1347 verbis
1470 1286 1544 1346 illins
1554 1298 1628 1358 sunt,

61 1380 151 1439 πάντα
165 1381 247 1448 ούτως
259 1381 333 1452 ἔστη.
888 1382 1020 1463 siqnidem
1033 1396 1060 1442 et
1075 1384 1170 1443 carlum
1183 1397 1210 1444 et
1222 1396 1316 1444 caetcra
1330 1380 1419 1442 omnia
1433 1379 1472 1440 sic
1485 1379 1629 1440 constituta

889 1489 961 1536 sunt.

104 1564 197 1633 Δείξας
210 1566 307 1635 τοίνυν,
317 1566 358 1627 ότι
368 1567 407 1625 δεῖ
419 1573 558 1627 πιστεῦσαι
569 1574 623 1634 τοῖς
632 1566 780 1648 προφήταις
794 1566 836 1626 riri
928 1572 957 1628 9.
978 1569 1048 1628 Cum
1059 1568 1144 1648 igitur
1153 1568 1310 1629 ostendisset
1322 1567 1485 1630 credendum
1498 1587 1554 1627 esse
1568 1584 1631 1647 pro·

62 1657 98 1715 τα
121 1663 167 1717 τοῦ
186 1662 257 1719 Θεοῦ
271 1658 392 1736 λέγουσι,
413 1660 458 1717 καί
478 1658 629 1738 ἀκροάσεως
652 1657 734 1738 μηδέν
755 1658 834 1718 πλέον
888 1661 988 1741 pheris,
1000 1660 1047 1739 qui
1062 1681 1166 1742 semper
1179 1682 1221 1735 ca,
1240 1683 1300 1740 quac
1312 1661 1363 1720 Dei
1386 1673 1458 1737 sunt,
1471 1660 1631 1738 loquuntur,

63 1752 238 1821 ἐπιζητῆσαι,
257 1740 351 1828 ἐπάγει
371 1751 463 1810 λοιπὸν
484 1749 533 1823 τὴν
553 1750 694 1825 ἀντίθεσιν,
706 1750 739 1822 ἣν
752 1742 835 1822 είτον,
888 1753 1010 1831 nihilque
1025 1767 1122 1834 prater
1141 1753 1191 1813 Dei
1215 1752 1340 1812 auditum
1360 1751 1536 1831 quaerendum
1563 1769 1630 1820 earu

63 1841 110 1899 καί
129 1864 223 1919 φησιν·
235 1840 315 1901 Ἀλλὰ
334 1841 420 1920 λέγω,
441 1843 479 1922 μὴ
499 1845 546 1901 οὐκ
568 1842 703 1916 ἤκουσαν,
720 1842 756 1901 Τί
771 1841 836 1924 γάρ,
888 1844 994 1904 inducit
1006 1844 1118 1929 demum
1131 1844 1218 1917 illam,
1231 1867 1313 1924 quam
1327 1844 1386 1904 dixi
1398 1843 1591 1924 objectionem,
1605 1854 1632 1900 et

63 1933 153 2013 φησὶν,
168 1936 190 1992 εἰ
205 1936 392 2006 ἀπεστάλησαν
407 1940 431 1995 ol
444 1935 633 2017 κηρύσσοντες,
648 1936 694 1995 καί
707 1935 941 2020 lxlpulevfflait:
956 1937 1004 1998 18.
1028 1938 1087 1998 Sed
1102 1939 1178 2009 dico,
1198 1939 1352 2019 Numquid
1372 1957 1431 1995 non
1452 1935 1633 1994 audierunt?

64 2024 133 2105 άπερ
149 2026 351 2100 ἐκελεύσθησαν,
367 2021 437 2087 ούτοι
449 2027 476 2088 δὲ
490 2030 537 2086 ούκ
549 2028 680 2100 ἤκουσαν,
697 2018 763 2086 ίίίτα
778 2030 836 2106 μεθ’
854 2038 874 2083 Α
890 2029 965 2101 Quid
979 2029 1062 2102 enim,
1075 2027 1172 2106 inquit,
1187 2028 1210 2088 si
1224 2029 1299 2088 missi
1308 2041 1371 2087 sunt
1380 2028 1428 2106 qui
1441 2024 1634 2108 praedicarent,

64 2118 213 2198 θπερόολής
226 2119 314 2192 πάσης
328 2125 345 2190 ἡ
360 2119 433 2188 λύσις
448 2125 496 2192 τῆς
515 2118 685 2185 ἀντιθέσεως·
701 2122 835 2201 Μενοῦνγε
888 2135 915 2180 ct
927 2121 950 2180 si
960 2142 990 2179 ea
1005 2141 1065 2198 quae
1086 2120 1155 2200 jussi
1165 2133 1228 2178 snut
1241 2118 1435 2199 praedicarunt,
1460 2110 1566 2177 bivero
1580 2134 1635 2173 non

64 2213 102 2277 εἰς
122 2222 209 2271 πᾶσαν
221 2210 270 2283 τὴν
284 2217 333 2291 γῆν
347 2211 454 2283 ἐξῆλθεν
467 2217 483 2272 θ
495 2211 607 2294 φθόγγος
621 2214 717 2284 αὐτῶν,
733 2213 779 2273 καί
801 2217 837 2280 εἰς
889 2211 1050 2272 audierunt?
1064 2210 1170 2270 Deinde
1179 2230 1241 2269 curn
1251 2209 1401 2290 hyperbole
1413 2209 1489 2269 omui
1502 2209 1634 2290 objectio-

64 2302 99 2361 τίι
113 2302 215 2381 πέρατα
228 2308 275 2374 τῆς
290 2304 443 2381 οἰκουμένης
456 2303 490 2362 τά
505 2304 613 2385 ῥήματα
627 2306 725 2365 αὐτῶν.
738 2305 775 2364 Τί
790 2305 837 2366 λέ·
889 2305 931 2363 nis
940 2304 1039 2364 solutio
1051 2304 1182 2363 affertur:
1198 2305 1240 2362 Et
1256 2304 1373 2384 qrridem
1384 2307 1417 2361 in
1439 2322 1555 2362 omnem
1578 2313 1637 2362 ter-
1647 2331 1714 2376 Psnl.
1724 2326 1786 2379 ,8,5,

64 2417 134 2473 γεις,
147 2394 240 2475 φησίν,
252 2398 299 2454 οὒκ
314 2394 446 2468 ἤκουσαν,
468 2395 502 2454 ‘ll
518 2396 657 2474 οἰκουμένη
672 2396 719 2456 καὶ
736 2384 770 2455 τά
787 2395 839 2455 πί·
890 2418 955 2457 ram
966 2400 1057 2458 exivit
1071 2416 1160 2456 soniis
1174 2416 1284 2467 eorum,
1298 2407 1327 2453 et
1346 2399 1379 2454 in
1383 2395 1466 2478 fines
1487 2397 1566 2454 orbis
1577 2406 1635 2454 ter-

67 2509 135 2565 ματα
147 2489 194 2556 τῆς
206 2491 255 2565 γῆς
270 2487 400 2559 ἤκουσαν·
415 2488 460 2546 καλ
477 2490 565 2566 ὑμεῖς,
579 2492 644 2569 παρ’
662 2479 700 2555 οἷς
714 2494 838 2548 τοσοῦτον
891 2511 932 2549 roe
944 2492 1038 2549 verba
1056 2510 1167 2550 eorum.
1184 2485 1260 2563 Quid
1282 2486 1360 2563 dicis,
1387 2485 1494 2564 inquit?
1512 2506 1565 2546 non
1585 2507 1637 2546 au·

10 2640 14 2650 ¹
64 2581 89 2636 ol
104 2578 215 2659 κήρυκες
223 2578 358 2661 διέτριψαν
367 2579 528 2659 χρόνον,καί
540 2579 598 2639 ὅθεν
609 2572 749 2655 iocunde
761 2579 838 2651 ήκού-
890 2581 1019 2641 dierunt?
1040 2580 1124 2642 Orbis
1143 2593 1169 2640 et
1192 2581 1260 2640 siner
1274 2593 1351 2639 terra>
1365 2577 1522 2655 audierunt;
1543 2591 1569 2638 et
1590 2599 1638 2639 vos

64 2693 144 2742 σατε;
160 2668 206 2728 καλ
219 2672 275 2738 πῶς
287 2671 319 2728 ἂν
331 2671 388 2750 ἔχοι
400 2670 494 2751 λόγον,
506 2674 541 2732 Ei
559 2671 611 2751 γάρ
629 2671 663 2732 τά
678 2671 780 2752 πέρατα
791 2677 839 2744 τῆς
891 2673 982 2749 etiam,
991 2672 1154 2752 quibuscum
1164 2671 1353 2752 predicatores
1363 2685 1436 2731 tanto
1444 2685 1563 2752 tempore
1575 2692 1637 2733 ver-

65 2760 222 2840 οἰκουμένης
233 2760 348 2832 ἤκουσε,
361 2765 452 2841 πολλῷ
467 2765 567 2842 μᾶλλον
577 2766 662 2841 ὑμεῖς.
676 2753 746 2823 Εἶτα
757 2763 838 2824 πάλιν
890 2766 943 2825 sati
963 2778 1062 2826 suntet
1079 2777 1216 2839 vestrate,
1228 2784 1316 2823 annon
1340 2763 1475 2823 audietis?
1489 2783 1573 2841 eoque
1590 2784 1635 2822 ra·

65 2851 145 2934 ἑτέρα
165 2852 309 2920 ἀντίθεσις·
323 2851 405 2912 Ἀλλά
418 2854 505 2932 λέγω,
517 2853 555 2932 μὴ
571 2853 681 2936 Ἰσραήλ
693 2857 740 2915 οὐκ
751 2855 839 2933 ἔγνως
893 2859 965 2916 tione
983 2855 1056 2915 illud
1081 2870 1152 2916 stare
1169 2855 1276 2937 possit?
1297 2854 1328 2916 Si
1340 2854 1411 2914 enirn
1430 2853 1539 2914 termini
1561 2867 1638 2914 terrae

65 2944 105 3003 Τί
116 2944 183 3026 γάρ,
197 2947 220 3004 εἰ
230 2945 344 3017 ἥκουσαν
359 2945 416 3023 μὲν,
430 2948 477 3007 οὐκ
490 2946 599 3019 ἐνόησαν
614 2944 641 3006 δέ
654 2945 688 3005 τὰ
703 2948 839 3027 εἰρημένα,
892 2949 1044 3024 audierunt,
1056 2949 1143 3008 multo
1156 2947 1243 3028 magis
1254 2969 1311 3008 vos.
1335 2947 1440 3007 Deinde
1449 2946 1502 3006 alia
1516 2946 1640 3025 sequitur

64 3036 126 3095 οὐδὲ
137 3040 262 3109 συνῆκαν,
273 3035 312 3095 ότι
324 3039 418 3096 ἐκεῖνοι
429 3028 500 3097 οὗτοι
514 3029 582 3110 ἦσαν
597 3041 620 3096 οἱ
633 3037 840 3114 ἀποσταλέντες,
858 3054 875 3102 Β
892 3041 1026 3123 objectio:
1042 3042 1091 3101 19.
1114 3041 1173 3101 Sed
1189 3041 1267 3114 dico,
1292 3041 1444 3122 Numquid
1463 3039 1560 3100 Israel
1577 3059 1639 3098 ιιονι

64 3132 115 3187 οὐκ
127 3127 194 3196 ἄξιοι
207 3126 364 3207 συγγνώμης
377 3131 425 3198 τῆς
443 3129 548 3206 ἀγνοίας
560 3128 658 3201 ταύτης
669 3128 769 3203 ίνεκενς
784 3131 839 3191 Οὖ-
893 3138 1027 3217 cognorit
1037 3141 1050 3193 Ρ
1059 3133 1136 3210 Quid
1147 3133 1229 3204 enim,
1245 3134 1269 3192 si
1281 3132 1390 3192 audiere
1402 3131 1524 3212 quidem,
1537 3153 1585 3192 nec
1593 3130 1639 3192 di·

66 3222 168 3298 δαμῶς.
183 3220 236 3280 Καὶ
258 3219 311 3302 γάρ
331 3224 345 3278 θ
364 3219 477 3288 Ἡσαΐας
500 3221 710 3304 ἐχαρακτήρισεν
730 3221 838 3295 αὐτούς,
893 3240 937 3287 σεε
949 3227 1114 3304 intellexere,
1136 3247 1222 3306 neque
1235 3245 1333 3286 novere
1346 3225 1419 3304 qnod
1442 3224 1484 3284 illi
1498 3224 1573 3286 missi
1594 3243 1640 3284 er-

65 3311 159 3385 εἰπὼν,
179 3311 226 3380 Ὡς
246 3317 340 3391 ὡραῖοι
350 3316 374 3372 οἱ
386 3312 463 3380 πόδες
479 3316 530 3373 τῶν
551 3313 787 3394 εὐαγγελιζομένων
801 3319 840 3376 εί·
895 3320 974 3379 sent?
990 3340 1079 3379 annon
1099 3320 1135 3378 ob
1156 3317 1237 3377 talem
1261 3316 1440 3397 ignorantiam
1464 3316 1541 3376 venia
1563 3314 1641 3395 digni

66 3403 151 3485 ρήνην
163 3429 169 3443 ·
181 3405 227 3463 καλ
245 3404 298 3484 πρὸ
310 3404 401 3463 τούτου
415 3405 495 3465 πάλιν
510 3411 524 3466 θ
539 3406 681 3485 νομοθέτης
695 3408 785 3474 αὐτός·
801 3407 842 3468 διὸ
894 3412 978 3471 sunt?
992 3412 1115 3471 Minime.
1130 3411 1201 3471 Nam
1213 3410 1297 3470 lsaias
1307 3409 1369 3468 illos
1381 3407 1515 3489 depinxit,
1534 3407 1641 3468 diceus:

66 3496 115 3555 καὶ
126 3496 259 3575 ἐπήγαγε,
271 3497 381 3577 Πρῶτος
395 3499 512 3569 Μωϋσῆς
526 3498 610 3578 λέγει·
627 3497 701 3578 Ἐγὼ
717 3502 840 3580 παραζη-
898 3505 993 3582 Quam
1004 3506 1126 3582 speciosi
1135 3503 1225 3581 pedes
1236 3501 1505 3579 evangelizantium
1518 3497 1641 3580 pacem!

65 3586 148 3647 λώαω
156 3594 224 3666 ὑμᾶς
237 3591 278 3646 ἐπ’
287 3590 336 3646 οὐκ
345 3587 421 3662 ἔθνει,
437 3589 481 3647 ἐπὶ
492 3589 558 3650 ἔθνει
568 3590 685 3672 ἀσυνέτῳ
704 3597 841 3674 παροργιῶ
894 3606 919 3653 et
935 3606 997 3654 ante
1009 3594 1082 3654 hunc
1092 3592 1151 3674 ipse
1166 3592 1247 3651 σύειον
1256 3591 1394 3670 legislator
1404 3614 1410 3647 ι
1420 3603 1583 3670 quapropter
1593 3587 1643 3649 ad·

66 3679 236 3756 ὑμᾶς.“Ωοτε
244 3679 289 3738 καί
297 3683 412 3739 ἐντεῦθεν
424 3683 505 3762 ἐχρῆν
514 3681 708 3761 γνωρίσαιτοθς
715 3682 841 3765 κήρυκας,
893 3687 955 3748 dit:
970 3691 1088 3748 Primus
1109 3689 1230 3762 Moyses
1251 3689 1315 3744 erit:
1329 3686 1392 3764 Ego
1409 3686 1576 3763 provocabo
1593 3703 1643 3744 vos
1655 3715 1723 3758 pm,
1737 3714 1776 3761 32.

66 3775 118 3831 οὐκ
132 3775 176 3854 ἀφ’
190 3764 226 3831 ὧν
238 3770 390 3844 ἠπίστησαν
410 3766 481 3832 οὗτοι
496 3773 584 3852 μόνον,
596 3777 643 3836 οὒκ
658 3778 702 3857 ἀφ’
715 3767 753 3835 ὧν
769 3778 841 3859 εἰρή-
896 3785 927 3839 in
937 3801 981 3857 eo,
1005 3785 1058 3860 qui
1070 3799 1130 3838 non
1148 3791 1190 3837 est
1200 3778 1343 3856 populus;
1361 3780 1489 3855 ingente
1502 3777 1643 3836 stultair·
1654 3789 1695 3824 ²¹·

66 3888 118 3935 νην
136 3865 276 3944 ἐκήρυττον
290 3867 399 3935 ἐκεῖνοι,
413 3869 461 3925 οὐκ
480 3870 524 3946 ἀφ’
544 3860 579 3927 ὧν
601 3867 636 3928 τά
649 3867 736 3948 ἀγαθά
755 3873 843 3930 ἐκεῖνα
895 3876 1065 3932 ritnbovos.
1086 3871 1182 3948 'ltaque
1205 3868 1271 3927 binc
1290 3867 1430 3947 oportebat
1453 3866 1644 3946 predicatores

69 3957 284 4034 εὐηγγελίζοντο,
299 3959 345 4016 οὐκ
362 3955 408 4037 ἀφ’
423 3948 460 4015 ὧν
476 3967 613 4039 πανταχοῦ
628 3965 676 4031 τῆς
689 3962 843 4038 οἰκουμένης
896 3963 958 4022 illos
982 3981 1154 4042 cognoscer03
1174 3980 1227 4019 non
1247 3958 1335 4018 solum
1348 3979 1384 4018 ex
1402 3978 1443 4034 ευ,
1453 3956 1576 4036 quodilli
1591 3979 1645 4017 non

67 4053 85 4106 ό
97 4047 171 4125 λόγος
184 4047 337 4127 ἐσπείρετο,
350 4048 418 4107 άλλλ
429 4049 475 4108 καί
489 4053 533 4129 ἀφ’
549 4040 585 4109 ὧν
598 4050 657 4119 τοὺς
667 4052 843 4111 καταδεεστέ-
897 4052 1076 4132 crediderint,
1088 4073 1137 4111 nec
1151 4072 1186 4110 ex
1200 4072 1247 4125 eo,
1258 4049 1333 4128 qnod
1344 4069 1437 4129 pacem
1446 4048 1488 4107 illi
1501 4050 1645 4108 annuntia-

71 4163 134 4219 ρους
143 4140 229 4196 αὐτῶν
243 4138 303 4206 τοὺς
317 4139 343 4208 ἐξ
358 4143 438 4199 ἐθνῶν
450 4131 517 4201 εἶδον
528 4145 554 4201 ἐν
565 4141 667 4202 πλείονι
677 4142 754 4210 ὄντας
766 4149 842 4224 τιμῇ.
859 4168 879 4215 c
898 4147 1055 4224 rint,necex
1065 4165 1106 4221 eo,
1116 4142 1189 4222 quod
1195 4144 1267 4203 bona
1281 4142 1329 4200 illa
1339 4139 1646 4221 evangelizaverint,nec

68 4231 104 4290 Ἃ
120 4231 171 4311 γάρ
186 4231 317 4309 μηδέποτε
327 4231 441 4303 ἤκουσαν
453 4225 541 4307 οὗτοι,
552 4234 620 4312 μηδὲ
630 4234 730 4295 τούτων
742 4238 766 4295 οἱ
781 4236 844 4317 πρό·
898 4237 975 4316 quod
985 4237 1099 4298 verbum
1119 4256 1168 4317 per
1188 4235 1281 4296 orbem
1294 4246 1428 4293 terrarum
1440 4231 1645 4292 disseminatum

68 4347 160 4402 γονοι,
171 4332 254 4383 ταῦτα
268 4323 389 4403 ἐξαίφνης
401 4325 570 4406 ἐφιλοσόφουν
581 4329 676 4387 ἐκεῖνοι
686 4351 692 4363 ·
702 4328 768 4407 ὅπερ
783 4332 845 4389 ἔτι·
898 4331 944 4402 sit,
960 4329 1008 4391 sed
1019 4351 1054 4389 ex
1063 4349 1105 4404 co,
1119 4328 1194 4407 qnod
1216 4325 1321 4406 eosqui
1340 4347 1368 4385 se
1379 4324 1528 4402 inferiores,
1551 4345 1647 4406 nempe

68 4417 218 4494 τεταμένης
239 4407 271 4486 ip
286 4422 384 4494 τιμῆς,
399 4420 611 4498 παρακνιζούοης
624 4420 733 4493 αὐτούς,
748 4422 794 4481 καλ
809 4425 845 4491 εἰς
898 4423 945 4499 qui
959 4444 995 4482 ex
1009 4420 1135 4501 gentibus
1149 4434 1235 4497 erant,
1251 4420 1279 4478 in
1290 4418 1387 4499 majori
1397 4416 1501 4478 bonore
1515 4415 1648 4496 viderent

69 4508 151 4578 ζῆλον
175 4506 309 4586 ἀγούσης,
333 4509 379 4567 καὶ
408 4512 444 4576 εἷς
475 4511 583 4588 μνήμην
609 4517 657 4583 τῆς
684 4512 845 4593 προφητείας
898 4514 1047 4587 Quaenirn
1064 4534 1211 4592 numquam
1235 4512 1276 4571 vel
1290 4510 1342 4592 ipsi
1359 4511 1529 4590 velmajores
1542 4510 1646 4570 sui‘au·

71 4602 208 4667 Μωθσέως
220 4603 268 4670 τῆς
278 4601 421 4680 λεγούσης,
435 4602 628 4682 Παραζηλώσω
650 4609 720 4685 ὑμᾶς
738 4608 779 4666 ἐπ’
800 4609 847 4667 οὐκ
899 4607 1017 4682 dietant,
1028 4605 1087 4665 haec
1101 4619 1209 4686 repente
1217 4603 1479 4686 philosophabantur
1492 4601 1545 4682 ipsi
1558 4602 1648 4681 :quod
1752 4664 1754 4668 ς

71 4691 202 4750 ἔθνει.οὐ
216 4691 268 4772 γάρ
283 4693 314 4765 δὴ
330 4693 408 4771 μόνον
430 4693 460 4753 τὸ
479 4696 586 4774 μέγεθος
598 4700 647 4768 π’ής
660 4702 740 4774 τιμῆς
757 4699 846 4760 ἱκανὸν
903 4691 1650 4770 cumauctioriseesetbonoris,illosmordebat,adaemu·

72 4776 108 4855 ήν
120 4781 212 4850 αὐτούς
226 4787 263 4850 είς
272 4788 348 4855 ζῆλον
361 4785 497 4864 ἐμόαλεῖν,
514 4786 582 4846 ἀλλὰ
598 4789 643 4847 καὶ
657 4789 688 4847 τὸ
699 4789 784 4857 οὓτως
803 4793 846 4850 εὐ·
905 4792 1032 4850 lationem
1053 4789 1182 4867 ducebat,
1194 4801 1219 4848 ot
1237 4788 1264 4847 in
1287 4784 1555 4865 mentemrevocabat
1569 4784 1650 4846 istam

71 4875 147 4943 τελὲς
161 4866 227 4934 εἶναι
241 4877 271 4935 τὸ
285 4875 357 4944 ἔθνος
369 4876 400 4935 τὸ
414 4876 513 4937 τούτοιν
534 4880 698 4954 ἀπολαῦσαν,
722 4882 758 4949 ὣς
779 4882 848 4960 μηδὲ
905 4883 1010 4965 Moysis
1034 4880 1215 4964 prophetiam,
1231 4883 1403 4955 Provocabo
1418 4897 1473 4938 vos
1492 4881 1525 4935 in
1540 4897 1585 4950 eo,
1598 4881 1650 4960 φατ’

72 4969 145 5033 ἔθνος
163 4968 234 5037 ἄξιον
254 4957 320 5027 εἶναι
335 4970 493 5049 λογίζεσθαι.
508 4970 581 5050 Ἐγὼ
594 4970 647 5052 γὰρ
663 4972 850 5052 παραζηλώσω
906 4997 966 5034 ποτε
979 4987 1020 5033 σιν
1030 4974 1165 5054 populus.
1180 4973 1240 5032 Non
1251 4970 1331 5029 modo
1341 4968 1413 5028 enirn
1427 4967 1537 5028 honoris
1546 4967 1651 5048 magni-

74 5064 144 5136 ὑμᾶς
154 5062 195 5118 ἐπ’
211 5062 258 5119 ούκ
268 5060 350 5132 ἔθνει,
365 5061 453 5140 φησίν,
472 5062 516 5120 ἐπὶ
534 5063 601 5122 ἔθνει
616 5063 735 5145 ἀσυνέτῳ
749 5088 843 5144 ταρορ
867 5067 886 5112 ὓ
907 5066 974 5126 tudo
988 5065 1054 5124 illos
1063 5064 1099 5123 ad
1112 5061 1309 5123 enuntiarem
1330 5060 1462 5140 conjicere
1473 5072 1592 5140 poterat3
1603 5059 1651 5120 sed

75 5154 126 5227 γιῶ
145 5154 223 5229 ὑμᾶς.
238 5152 274 5211 Τί
287 5153 339 5234 γάρ
353 5153 488 5226 Ἑλλήνων
503 5154 696 5237 άσυνετώτερον
710 5148 742 5230 ip
750 5180 759 5233 ς
774 5157 800 5217 τί
822 5157 851 5218 δέ
906 5148 980 5237 quod
992 5177 1056 5236 gens
1069 5156 1188 5233 illaque
1200 5152 1243 5212 his
1256 5152 1408 5228 fruebatur,
1421 5152 1488 5210 adeo
1497 5150 1562 5211 vilis
1572 5165 1651 5227 esset,

76 5242 270 5324 εὐτελέστερονς
281 5244 353 5325 Ὅρα
367 5249 423 5314 πῶς
438 5245 481 5306 bd
495 5246 602 5307 πάντων
617 5248 790 5329 γνωρίσματα
805 5251 851 5311 καί
907 5251 944 5309 ita
959 5262 990 5309 ut
1013 5246 1168 5326 nequidem
1195 5265 1245 5325 pro
1260 5257 1337 5323 gente
1360 5242 1451 5322 aliqua
1474 5255 1652 5324 reputaretur.

78 5341 178 5411 σημεῖα
196 5339 267 5415 σαφῆ
289 5340 341 5396 τῶν
362 5342 461 5419 καιρῶν
480 5338 580 5400 τούτοιν
602 5340 701 5402 ἄνωθεν
726 5342 850 5403 ίδωκενθ
907 5344 971 5423 Ego
986 5344 1086 5420 enim,
1109 5337 1206 5416 inquit,
1218 5339 1384 5417 provocabo
1406 5357 1461 5397 αισι
1477 5340 1508 5396 in
1530 5357 1574 5415 eo,
1601 5339 1653 5418 qui
