<?xml version="1.0" encoding="UTF-8"?>
<!DOCTYPE html PUBLIC "-//W3C//DTD XHTML 1.0 Transitional//EN"
    "http://www.w3.org/TR/xhtml1/DTD/xhtml1-transitional.dtd">
<html xmlns="http://www.w3.org/1999/xhtml" xml:lang="en" lang="en">
 <head>
  <title>
</title>
<meta http-equiv="Content-Type" content="text/html;charset=utf-8" />
  <meta name='ocr-system' content='tesseract 3.04.00' />
  <meta name='ocr-capabilities' content='ocr_page ocr_carea ocr_par ocr_line ocrx_word'/>
</head>
<body>
  <div class='ocr_page' id='page_1' title='image "./sanctipatrisnos01chrygoog_0680.png"; bbox 0 0 3728 5978; ppageno 0'>
   <div class='ocr_carea' id='block_1_1' title="bbox 535 438 1622 532">
    <p class='ocr_par' dir='ltr' id='par_1_1' title="bbox 535 438 1622 532">
     <span class='ocr_line' id='line_1_1' title="bbox 535 438 1622 532; baseline -0.003 -18"><span class='ocrx_word' id='word_1_1' title='bbox 535 467 568 514; x_wconf 82' lang='grc' dir='ltr'>ικ</span> <span class='ocrx_word' id='word_1_2' title='bbox 594 465 702 514; x_wconf 78' lang='lat' dir='ltr'>unsa.</span> <span class='ocrx_word' id='word_1_3' title='bbox 732 463 777 511; x_wconf 78' lang='lat' dir='ltr'>sn</span> <span class='ocrx_word' id='word_1_4' title='bbox 804 464 888 511; x_wconf 82' lang='lat' dir='ltr'>nou.</span> <span class='ocrx_word' id='word_1_5' title='bbox 916 463 1034 512; x_wconf 79' lang='lat' dir='ltr'>nostin.</span> <span class='ocrx_word' id='word_1_6' title='bbox 1063 463 1136 512; x_wconf 82' lang='grc' dir='ltr'>κιν.</span> <span class='ocrx_word' id='word_1_7' title='bbox 1197 490 1201 498; x_wconf 85' lang='lat'>·</span> <span class='ocrx_word' id='word_1_8' title='bbox 1555 438 1622 532; x_wconf 74' lang='lat'>641</span> 
     </span>
    </p>
   </div>
   <div class='ocr_carea' id='block_1_2' title="bbox 53 585 1829 5037">
    <p class='ocr_par' dir='ltr' id='par_1_2' title="bbox 53 585 1829 5037">
     <span class='ocr_line' id='line_1_2' title="bbox 55 585 1765 679; baseline -0.002 -29"><span class='ocrx_word' id='word_1_9' title='bbox 55 589 140 650; x_wconf 81' lang='grc' dir='ltr'>δόσει.</span> <span class='ocrx_word' id='word_1_10' title='bbox 156 588 209 650; x_wconf 77' lang='grc' dir='ltr'>Καὶ</span> <span class='ocrx_word' id='word_1_11' title='bbox 224 591 341 670; x_wconf 75' lang='grc' dir='ltr'>ἀλλαχοῦ</span> <span class='ocrx_word' id='word_1_12' title='bbox 352 589 400 667; x_wconf 89' lang='grc' dir='ltr'>μίν</span> <span class='ocrx_word' id='word_1_13' title='bbox 408 613 483 670; x_wconf 86' lang='grc' dir='ltr'>φησι,</span> <span class='ocrx_word' id='word_1_14' title='bbox 493 590 534 651; x_wconf 83' lang='grc' dir='ltr'>Τὸ</span> <span class='ocrx_word' id='word_1_15' title='bbox 548 589 600 670; x_wconf 87' lang='grc' dir='ltr'>γδιρ</span> <span class='ocrx_word' id='word_1_16' title='bbox 608 586 760 672; x_wconf 86' lang='grc' dir='ltr'>παραυτίκα</span> <span class='ocrx_word' id='word_1_17' title='bbox 768 588 832 647; x_wconf 83' lang='grc' dir='ltr'>ἀλα-</span> <span class='ocrx_word' id='word_1_18' title='bbox 840 637 876 679; x_wconf 58' lang='lat'>53¹</span> <span class='ocrx_word' id='word_1_19' title='bbox 884 585 950 644; x_wconf 89' lang='lat' dir='ltr'>alibi</span> <span class='ocrx_word' id='word_1_20' title='bbox 966 586 1077 664; x_wconf 88' lang='lat' dir='ltr'>quidem</span> <span class='ocrx_word' id='word_1_21' title='bbox 1090 587 1148 645; x_wconf 89' lang='lat' dir='ltr'>ait:</span> <span class='ocrx_word' id='word_1_22' title='bbox 1168 588 1409 647; x_wconf 80' lang='lat' dir='ltr'>Momentaaeum</span> <span class='ocrx_word' id='word_1_23' title='bbox 1425 589 1505 646; x_wconf 83' lang='lat' dir='ltr'>enim</span> <span class='ocrx_word' id='word_1_24' title='bbox 1521 600 1549 646; x_wconf 84' lang='lat' dir='ltr'>et</span> <span class='ocrx_word' id='word_1_25' title='bbox 1566 588 1663 649; x_wconf 75' lang='lat' dir='ltr'>lovea.</span> <span class='ocrx_word' id='word_1_26' title='bbox 1675 594 1765 663; x_wconf 59' lang='lat' dir='ltr'>cont.</span> 
     </span>
     <span class='ocr_line' id='line_1_3' title="bbox 55 674 1676 764; baseline 0.002 -27"><span class='ocrx_word' id='word_1_27' title='bbox 55 681 125 760; x_wconf 83' lang='grc' dir='ltr'>ιρρδν</span> <span class='ocrx_word' id='word_1_28' title='bbox 139 684 186 752; x_wconf 80' lang='grc' dir='ltr'>τῆς</span> <span class='ocrx_word' id='word_1_29' title='bbox 200 681 311 761; x_wconf 76' lang='grc' dir='ltr'>θλίψεως</span> <span class='ocrx_word' id='word_1_30' title='bbox 325 684 383 741; x_wconf 90' lang='grc' dir='ltr'>καθ’</span> <span class='ocrx_word' id='word_1_31' title='bbox 399 681 592 764; x_wconf 76' lang='grc' dir='ltr'>ῦπερόολὴνείς</span> <span class='ocrx_word' id='word_1_32' title='bbox 605 680 752 762; x_wconf 78' lang='grc' dir='ltr'>ῦπερόολὴν</span> <span class='ocrx_word' id='word_1_33' title='bbox 768 678 832 739; x_wconf 79' lang='grc' dir='ltr'>αἰώ-</span> <span class='ocrx_word' id='word_1_34' title='bbox 849 692 869 738; x_wconf 83' lang='grc' dir='ltr'><strong>Α</strong></span> <span class='ocrx_word' id='word_1_35' title='bbox 885 679 1097 755; x_wconf 67' lang='lat' dir='ltr'><em>tribulationis,</em></span> <span class='ocrx_word' id='word_1_36' title='bbox 1129 699 1219 760; x_wconf 88' lang='lat' dir='ltr'>supra</span> <span class='ocrx_word' id='word_1_37' title='bbox 1243 680 1360 738; x_wconf 84' lang='lat' dir='ltr'>modum</span> <span class='ocrx_word' id='word_1_38' title='bbox 1389 680 1421 738; x_wconf 86' lang='lat' dir='ltr'>ia</span> <span class='ocrx_word' id='word_1_39' title='bbox 1449 674 1676 741; x_wconf 80' lang='lat' dir='ltr'>sublimitate¹⁷·</span> 
     </span>
     <span class='ocr_line' id='line_1_4' title="bbox 55 770 1628 856; baseline 0.001 -25"><span class='ocrx_word' id='word_1_40' title='bbox 55 795 115 831; x_wconf 90' lang='grc' dir='ltr'>νιον</span> <span class='ocrx_word' id='word_1_41' title='bbox 132 773 211 853; x_wconf 82' lang='grc' dir='ltr'>βάρος</span> <span class='ocrx_word' id='word_1_42' title='bbox 230 771 305 845; x_wconf 79' lang='grc' dir='ltr'>δόξης</span> <span class='ocrx_word' id='word_1_43' title='bbox 318 773 516 853; x_wconf 78' lang='grc' dir='ltr'>κατεργάζεται.</span> <span class='ocrx_word' id='word_1_44' title='bbox 538 772 674 856; x_wconf 81' lang='grc' dir='ltr'>Πρδςγδρ</span> <span class='ocrx_word' id='word_1_45' title='bbox 687 775 835 853; x_wconf 86' lang='grc' dir='ltr'>ριλοσορω-</span> <span class='ocrx_word' id='word_1_46' title='bbox 884 782 1024 829; x_wconf 81' lang='lat' dir='ltr'>aternum</span> <span class='ocrx_word' id='word_1_47' title='bbox 1040 773 1143 852; x_wconf 80' lang='lat' dir='ltr'>gloria</span> <span class='ocrx_word' id='word_1_48' title='bbox 1162 773 1278 853; x_wconf 82' lang='lat' dir='ltr'>pondus</span> <span class='ocrx_word' id='word_1_49' title='bbox 1301 785 1447 852; x_wconf 75' lang='lat' dir='ltr'><strong><em>operatur.</em></strong></span> <span class='ocrx_word' id='word_1_50' title='bbox 1463 770 1519 832; x_wconf 84' lang='lat' dir='ltr'>Eos</span> <span class='ocrx_word' id='word_1_51' title='bbox 1540 772 1628 850; x_wconf 86' lang='lat' dir='ltr'>enim,</span> 
     </span>
     <span class='ocr_line' id='line_1_5' title="bbox 54 857 1630 946; baseline 0.004 -24"><span class='ocrx_word' id='word_1_52' title='bbox 54 863 151 945; x_wconf 81' lang='grc' dir='ltr'>τάρους</span> <span class='ocrx_word' id='word_1_53' title='bbox 167 857 198 938; x_wconf 67' lang='grc' dir='ltr'>ἦν</span> <span class='ocrx_word' id='word_1_54' title='bbox 210 872 223 926; x_wconf 86' lang='grc' dir='ltr'>ό</span> <span class='ocrx_word' id='word_1_55' title='bbox 235 865 311 943; x_wconf 82' lang='grc' dir='ltr'>λόγος</span> <span class='ocrx_word' id='word_1_56' title='bbox 322 866 405 946; x_wconf 77' lang='grc' dir='ltr'>αὐτῷ·</span> <span class='ocrx_word' id='word_1_57' title='bbox 421 870 532 926; x_wconf 82' lang='grc' dir='ltr'>ἐνταῦθα</span> <span class='ocrx_word' id='word_1_58' title='bbox 553 864 580 925; x_wconf 79' lang='grc' dir='ltr'>δὲ</span> <span class='ocrx_word' id='word_1_59' title='bbox 604 870 689 945; x_wconf 81' lang='grc' dir='ltr'>κοῦφα</span> <span class='ocrx_word' id='word_1_60' title='bbox 704 863 751 943; x_wconf 83' lang='grc' dir='ltr'>μίν</span> <span class='ocrx_word' id='word_1_61' title='bbox 766 862 833 923; x_wconf 83' lang='grc' dir='ltr'>αὖτά</span> <span class='ocrx_word' id='word_1_62' title='bbox 885 862 933 940; x_wconf 87' lang='lat' dir='ltr'>qui</span> <span class='ocrx_word' id='word_1_63' title='bbox 948 863 975 921; x_wconf 91' lang='lat' dir='ltr'>in</span> <span class='ocrx_word' id='word_1_64' title='bbox 989 864 1160 946; x_wconf 81' lang='lat' dir='ltr'>philosophia</span> <span class='ocrx_word' id='word_1_65' title='bbox 1173 863 1332 945; x_wconf 84' lang='lat' dir='ltr'>praeoellnnt</span> <span class='ocrx_word' id='word_1_66' title='bbox 1339 909 1349 936; x_wconf 91' lang='lat'><em>,</em></span> <span class='ocrx_word' id='word_1_67' title='bbox 1366 864 1570 943; x_wconf 79' lang='lat' dir='ltr'>alloquebatur:</span> <span class='ocrx_word' id='word_1_68' title='bbox 1583 868 1630 929; x_wconf 86' lang='lat' dir='ltr'>hia</span> 
     </span>
     <span class='ocr_line' id='line_1_6' title="bbox 56 948 1630 1037; baseline 0.003 -23"><span class='ocrx_word' id='word_1_69' title='bbox 56 958 110 1015; x_wconf 85' lang='grc' dir='ltr'>οῦκ</span> <span class='ocrx_word' id='word_1_70' title='bbox 125 956 231 1037; x_wconf 81' lang='grc' dir='ltr'>ἀρίησιν</span> <span class='ocrx_word' id='word_1_71' title='bbox 253 948 334 1031; x_wconf 75' lang='grc' dir='ltr'>εἶναι,</span> <span class='ocrx_word' id='word_1_72' title='bbox 355 964 552 1036; x_wconf 85' lang='grc' dir='ltr'>παραμυθεῖται</span> <span class='ocrx_word' id='word_1_73' title='bbox 576 958 604 1018; x_wconf 80' lang='grc' dir='ltr'>δὲ</span> <span class='ocrx_word' id='word_1_74' title='bbox 633 955 699 1018; x_wconf 77' lang='grc' dir='ltr'>αὐτὰ</span> <span class='ocrx_word' id='word_1_75' title='bbox 721 959 755 1036; x_wconf 82' lang='grc' dir='ltr'>τῇ</span> <span class='ocrx_word' id='word_1_76' title='bbox 781 959 833 1015; x_wconf 84' lang='grc' dir='ltr'>τῶν</span> <span class='ocrx_word' id='word_1_77' title='bbox 886 952 940 1012; x_wconf 86' lang='lat' dir='ltr'>non</span> <span class='ocrx_word' id='word_1_78' title='bbox 954 953 1025 1014; x_wconf 84' lang='lat' dir='ltr'>levia</span> <span class='ocrx_word' id='word_1_79' title='bbox 1045 956 1093 1015; x_wconf 86' lang='lat' dir='ltr'>illa</span> <span class='ocrx_word' id='word_1_80' title='bbox 1111 956 1214 1037; x_wconf 83' lang='lat' dir='ltr'>patitur</span> <span class='ocrx_word' id='word_1_81' title='bbox 1231 976 1304 1030; x_wconf 76' lang='grc' dir='ltr'>εσσε,</span> <span class='ocrx_word' id='word_1_82' title='bbox 1318 955 1526 1029; x_wconf 69' lang='lat' dir='ltr'>consolationem</span> <span class='ocrx_word' id='word_1_83' title='bbox 1539 972 1630 1019; x_wconf 90' lang='lat' dir='ltr'>autem</span> 
     </span>
     <span class='ocr_line' id='line_1_7' title="bbox 56 1045 1629 1130; baseline 0.001 -22"><span class='ocrx_word' id='word_1_84' title='bbox 56 1047 212 1125; x_wconf 77' lang='grc' dir='ltr'>μελλόντων</span> <span class='ocrx_word' id='word_1_85' title='bbox 227 1048 374 1122; x_wconf 81' lang='grc' dir='ltr'>άντιδόσει,</span> <span class='ocrx_word' id='word_1_86' title='bbox 388 1049 488 1128; x_wconf 82' lang='grc' dir='ltr'>λέγων·</span> <span class='ocrx_word' id='word_1_87' title='bbox 500 1051 646 1129; x_wconf 77' lang='grc' dir='ltr'>Λογίζομαι</span> <span class='ocrx_word' id='word_1_88' title='bbox 658 1049 693 1130; x_wconf 71' lang='grc' dir='ltr'>γά</span> <span class='ocrx_word' id='word_1_89' title='bbox 718 1047 777 1119; x_wconf 83' lang='grc' dir='ltr'>,ὅτι</span> <span class='ocrx_word' id='word_1_90' title='bbox 788 1051 835 1108; x_wconf 80' lang='grc' dir='ltr'>οὐκ</span> <span class='ocrx_word' id='word_1_91' title='bbox 884 1045 962 1104; x_wconf 79' lang='lat' dir='ltr'>affert</span> <span class='ocrx_word' id='word_1_92' title='bbox 973 1061 1022 1127; x_wconf 85' lang='lat' dir='ltr'>per</span> <span class='ocrx_word' id='word_1_93' title='bbox 1033 1049 1155 1107; x_wconf 83' lang='lat' dir='ltr'>suturam</span> <span class='ocrx_word' id='word_1_94' title='bbox 1169 1046 1383 1123; x_wconf 72' lang='lat' dir='ltr'>retributionem,</span> <span class='ocrx_word' id='word_1_95' title='bbox 1394 1047 1501 1108; x_wconf 82' lang='lat' dir='ltr'>dicens:</span> <span class='ocrx_word' id='word_1_96' title='bbox 1518 1051 1629 1110; x_wconf 74' lang='lat' dir='ltr'>Existi-</span> 
     </span>
     <span class='ocr_line' id='line_1_8' title="bbox 56 1075 1629 1224; baseline 0.004 -26"><span class='ocrx_word' id='word_1_97' title='bbox 56 1138 122 1208; x_wconf 80' lang='grc' dir='ltr'>άξισι</span> <span class='ocrx_word' id='word_1_98' title='bbox 133 1139 167 1199; x_wconf 85' lang='grc' dir='ltr'>τδι</span> <span class='ocrx_word' id='word_1_99' title='bbox 179 1140 325 1219; x_wconf 74' lang='grc' dir='ltr'>παθήματα</span> <span class='ocrx_word' id='word_1_100' title='bbox 337 1145 383 1201; x_wconf 88' lang='grc' dir='ltr'>τοῦ</span> <span class='ocrx_word' id='word_1_101' title='bbox 392 1146 436 1200; x_wconf 91' lang='grc' dir='ltr'>νῦν</span> <span class='ocrx_word' id='word_1_102' title='bbox 448 1147 547 1224; x_wconf 79' lang='grc' dir='ltr'>καιροῦ.</span> <span class='ocrx_word' id='word_1_103' title='bbox 562 1141 614 1200; x_wconf 83' lang='grc' dir='ltr'>Καί</span> <span class='ocrx_word' id='word_1_104' title='bbox 626 1144 674 1201; x_wconf 83' lang='grc' dir='ltr'>οὐκ</span> <span class='ocrx_word' id='word_1_105' title='bbox 687 1075 744 1200; x_wconf 76' lang='lat' dir='ltr'>sias</span> <span class='ocrx_word' id='word_1_106' title='bbox 754 1139 835 1218; x_wconf 79' lang='grc' dir='ltr'>,πρὸς</span> <span class='ocrx_word' id='word_1_107' title='bbox 885 1160 933 1199; x_wconf 88' lang='lat' dir='ltr'>mo</span> <span class='ocrx_word' id='word_1_108' title='bbox 946 1145 1039 1212; x_wconf 81' lang='lat' dir='ltr'>enim,</span> <span class='ocrx_word' id='word_1_109' title='bbox 1056 1144 1135 1222; x_wconf 86' lang='lat' dir='ltr'>quod</span> <span class='ocrx_word' id='word_1_110' title='bbox 1151 1162 1208 1200; x_wconf 85' lang='lat' dir='ltr'>non</span> <span class='ocrx_word' id='word_1_111' title='bbox 1222 1152 1292 1200; x_wconf 86' lang='lat' dir='ltr'>sunt</span> <span class='ocrx_word' id='word_1_112' title='bbox 1311 1142 1464 1221; x_wconf 80' lang='lat' dir='ltr'>condigna</span> <span class='ocrx_word' id='word_1_113' title='bbox 1475 1148 1629 1223; x_wconf 78' lang='lat' dir='ltr'>passiones</span> 
     </span>
     <span class='ocr_line' id='line_1_9' title="bbox 54 1223 1627 1314; baseline 0.004 -25"><span class='ocrx_word' id='word_1_114' title='bbox 54 1231 109 1302; x_wconf 74' lang='grc' dir='ltr'>τὴν</span> <span class='ocrx_word' id='word_1_115' title='bbox 125 1231 270 1309; x_wconf 78' lang='grc' dir='ltr'>μέλλουσαν</span> <span class='ocrx_word' id='word_1_116' title='bbox 287 1232 384 1305; x_wconf 83' lang='grc' dir='ltr'>ἄνεσιν,</span> <span class='ocrx_word' id='word_1_117' title='bbox 400 1235 458 1292; x_wconf 82' lang='grc' dir='ltr'>ἀλλ’</span> <span class='ocrx_word' id='word_1_118' title='bbox 471 1234 485 1294; x_wconf 87' lang='grc' dir='ltr'>δ</span> <span class='ocrx_word' id='word_1_119' title='bbox 496 1235 587 1314; x_wconf 83' lang='grc' dir='ltr'>πολλῷ</span> <span class='ocrx_word' id='word_1_120' title='bbox 604 1237 689 1312; x_wconf 84' lang='grc' dir='ltr'>μεῖζον</span> <span class='ocrx_word' id='word_1_121' title='bbox 706 1223 748 1306; x_wconf 68' lang='grc' dir='ltr'>ἦν,</span> <span class='ocrx_word' id='word_1_122' title='bbox 761 1230 834 1311; x_wconf 75' lang='grc' dir='ltr'>Πρός</span> <span class='ocrx_word' id='word_1_123' title='bbox 884 1232 971 1312; x_wconf 73' lang='lat' dir='ltr'>liujus</span> <span class='ocrx_word' id='word_1_124' title='bbox 984 1241 1131 1311; x_wconf 78' lang='lat' dir='ltr'>temporis.</span> <span class='ocrx_word' id='word_1_125' title='bbox 1148 1233 1203 1293; x_wconf 86' lang='lat' dir='ltr'>Nec</span> <span class='ocrx_word' id='word_1_126' title='bbox 1213 1230 1296 1302; x_wconf 76' lang='lat' dir='ltr'>dixit,</span> <span class='ocrx_word' id='word_1_127' title='bbox 1308 1230 1353 1289; x_wconf 81' lang='lat' dir='ltr'>Ad</span> <span class='ocrx_word' id='word_1_128' title='bbox 1366 1231 1485 1291; x_wconf 80' lang='lat' dir='ltr'>suturam</span> <span class='ocrx_word' id='word_1_129' title='bbox 1497 1233 1627 1312; x_wconf 82' lang='lat' dir='ltr'>quietem,</span> 
     </span>
     <span class='ocr_line' id='line_1_10' title="bbox 55 1322 1626 1407; baseline 0.003 -26"><span class='ocrx_word' id='word_1_130' title='bbox 55 1323 111 1396; x_wconf 74' lang='grc' dir='ltr'>τὴν</span> <span class='ocrx_word' id='word_1_131' title='bbox 122 1325 267 1404; x_wconf 76' lang='grc' dir='ltr'>μέλλουσαν</span> <span class='ocrx_word' id='word_1_132' title='bbox 282 1324 367 1393; x_wconf 56' lang='grc' dir='ltr'>δόξαν.</span> <span class='ocrx_word' id='word_1_133' title='bbox 380 1324 470 1386; x_wconf 85' lang='grc' dir='ltr'>Ὅπου</span> <span class='ocrx_word' id='word_1_134' title='bbox 486 1325 534 1404; x_wconf 82' lang='grc' dir='ltr'>μὲν</span> <span class='ocrx_word' id='word_1_135' title='bbox 547 1322 599 1407; x_wconf 82' lang='grc' dir='ltr'>γδρ</span> <span class='ocrx_word' id='word_1_136' title='bbox 612 1325 714 1397; x_wconf 83' lang='grc' dir='ltr'>ἄνεσις,</span> <span class='ocrx_word' id='word_1_137' title='bbox 727 1324 756 1384; x_wconf 80' lang='grc' dir='ltr'>οὐ</span> <span class='ocrx_word' id='word_1_138' title='bbox 767 1323 833 1382; x_wconf 90' lang='grc' dir='ltr'>πάν·</span> <span class='ocrx_word' id='word_1_139' title='bbox 850 1334 868 1381; x_wconf 84' lang='grc' dir='ltr'><strong>Β</strong></span> <span class='ocrx_word' id='word_1_140' title='bbox 884 1322 930 1381; x_wconf 90' lang='lat' dir='ltr'>sed</span> <span class='ocrx_word' id='word_1_141' title='bbox 938 1323 1009 1403; x_wconf 91' lang='lat' dir='ltr'>quod</span> <span class='ocrx_word' id='word_1_142' title='bbox 1020 1324 1099 1404; x_wconf 87' lang='lat' dir='ltr'>longe</span> <span class='ocrx_word' id='word_1_143' title='bbox 1108 1324 1197 1405; x_wconf 89' lang='lat' dir='ltr'>majus</span> <span class='ocrx_word' id='word_1_144' title='bbox 1210 1337 1276 1399; x_wconf 83' lang='lat' dir='ltr'>erat,</span> <span class='ocrx_word' id='word_1_145' title='bbox 1288 1325 1479 1404; x_wconf 85' lang='lat' dir='ltr'>Adfaturam</span> <span class='ocrx_word' id='word_1_146' title='bbox 1487 1325 1626 1405; x_wconf 84' lang='lat' dir='ltr'>gloriam.</span> 
     </span>
     <span class='ocr_line' id='line_1_11' title="bbox 53 1407 1629 1497; baseline 0.001 -21"><span class='ocrx_word' id='word_1_147' title='bbox 53 1440 113 1485; x_wconf 83' lang='grc' dir='ltr'>τως</span> <span class='ocrx_word' id='word_1_148' title='bbox 123 1417 169 1477; x_wconf 85' lang='grc' dir='ltr'>καί</span> <span class='ocrx_word' id='word_1_149' title='bbox 180 1417 255 1487; x_wconf 81' lang='grc' dir='ltr'>δόξα·</span> <span class='ocrx_word' id='word_1_150' title='bbox 267 1416 332 1478; x_wconf 77' lang='grc' dir='ltr'>ὅπου</span> <span class='ocrx_word' id='word_1_151' title='bbox 344 1417 371 1479; x_wconf 75' lang='grc' dir='ltr'>δὲ</span> <span class='ocrx_word' id='word_1_152' title='bbox 383 1417 457 1492; x_wconf 69' lang='grc' dir='ltr'>δοἜιι,</span> <span class='ocrx_word' id='word_1_153' title='bbox 467 1417 573 1485; x_wconf 89' lang='grc' dir='ltr'>πάντως</span> <span class='ocrx_word' id='word_1_154' title='bbox 584 1418 631 1477; x_wconf 81' lang='grc' dir='ltr'>καί</span> <span class='ocrx_word' id='word_1_155' title='bbox 641 1418 737 1485; x_wconf 81' lang='grc' dir='ltr'>ἄνεσις.</span> <span class='ocrx_word' id='word_1_156' title='bbox 750 1407 832 1489; x_wconf 74' lang='grc' dir='ltr'>Εἶτα,</span> <span class='ocrx_word' id='word_1_157' title='bbox 885 1417 942 1476; x_wconf 89' lang='lat' dir='ltr'>Uhi</span> <span class='ocrx_word' id='word_1_158' title='bbox 951 1417 1023 1477; x_wconf 83' lang='lat' dir='ltr'>onim</span> <span class='ocrx_word' id='word_1_159' title='bbox 1035 1417 1110 1495; x_wconf 72' lang='lat' dir='ltr'>quiea</span> <span class='ocrx_word' id='word_1_160' title='bbox 1124 1430 1171 1493; x_wconf 86' lang='lat' dir='ltr'>est,</span> <span class='ocrx_word' id='word_1_161' title='bbox 1180 1438 1233 1476; x_wconf 93' lang='lat' dir='ltr'>non</span> <span class='ocrx_word' id='word_1_162' title='bbox 1246 1415 1356 1476; x_wconf 87' lang='lat' dir='ltr'>omnino</span> <span class='ocrx_word' id='word_1_163' title='bbox 1366 1416 1451 1497; x_wconf 87' lang='lat' dir='ltr'>gloria</span> <span class='ocrx_word' id='word_1_164' title='bbox 1458 1438 1467 1493; x_wconf 79' lang='lat'>3</span> <span class='ocrx_word' id='word_1_165' title='bbox 1478 1416 1525 1476; x_wconf 86' lang='lat' dir='ltr'>ubi</span> <span class='ocrx_word' id='word_1_166' title='bbox 1533 1417 1629 1497; x_wconf 82' lang='lat' dir='ltr'>gloria,</span> 
     </span>
     <span class='ocr_line' id='line_1_12' title="bbox 53 1502 1627 1589; baseline 0.001 -21"><span class='ocrx_word' id='word_1_167' title='bbox 53 1509 153 1583; x_wconf 71' lang='grc' dir='ltr'>ἐπειδὴ</span> <span class='ocrx_word' id='word_1_168' title='bbox 171 1509 318 1589; x_wconf 72' lang='grc' dir='ltr'>μέλλουσαν</span> <span class='ocrx_word' id='word_1_169' title='bbox 334 1510 414 1583; x_wconf 68' lang='grc' dir='ltr'>αὐτὴν</span> <span class='ocrx_word' id='word_1_170' title='bbox 440 1502 513 1585; x_wconf 81' lang='grc' dir='ltr'>εἷπε,</span> <span class='ocrx_word' id='word_1_171' title='bbox 528 1511 656 1572; x_wconf 85' lang='grc' dir='ltr'>δείκνυσιν</span> <span class='ocrx_word' id='word_1_172' title='bbox 677 1509 758 1583; x_wconf 78' lang='grc' dir='ltr'>αὐτὴν</span> <span class='ocrx_word' id='word_1_173' title='bbox 781 1510 833 1583; x_wconf 76' lang='grc' dir='ltr'>ἤδη</span> <span class='ocrx_word' id='word_1_174' title='bbox 884 1509 922 1568; x_wconf 83' lang='lat' dir='ltr'>ibi</span> <span class='ocrx_word' id='word_1_175' title='bbox 933 1523 1004 1568; x_wconf 79' lang='lat' dir='ltr'>cette</span> <span class='ocrx_word' id='word_1_176' title='bbox 1016 1508 1101 1588; x_wconf 88' lang='lat' dir='ltr'>quies.</span> <span class='ocrx_word' id='word_1_177' title='bbox 1116 1508 1221 1568; x_wconf 80' lang='lat' dir='ltr'>Deinde</span> <span class='ocrx_word' id='word_1_178' title='bbox 1229 1509 1295 1587; x_wconf 86' lang='lat' dir='ltr'>quia</span> <span class='ocrx_word' id='word_1_179' title='bbox 1307 1507 1427 1568; x_wconf 82' lang='lat' dir='ltr'>futuram</span> <span class='ocrx_word' id='word_1_180' title='bbox 1446 1507 1521 1567; x_wconf 88' lang='lat' dir='ltr'>illam</span> <span class='ocrx_word' id='word_1_181' title='bbox 1537 1508 1627 1589; x_wconf 80' lang='lat' dir='ltr'>dixit,</span> 
     </span>
     <span class='ocr_line' id='line_1_13' title="bbox 54 1592 1629 1685; baseline -0.001 -23"><span class='ocrx_word' id='word_1_182' title='bbox 54 1592 150 1662; x_wconf 68' lang='grc' dir='ltr'>οὖσαν.</span> <span class='ocrx_word' id='word_1_183' title='bbox 168 1605 209 1662; x_wconf 72' lang='lat' dir='ltr'>Oh</span> <span class='ocrx_word' id='word_1_184' title='bbox 225 1599 276 1681; x_wconf 74' lang='grc' dir='ltr'>γάρ</span> <span class='ocrx_word' id='word_1_185' title='bbox 291 1593 348 1663; x_wconf 77' lang='grc' dir='ltr'>εἴτε</span> <span class='ocrx_word' id='word_1_186' title='bbox 357 1649 366 1679; x_wconf 91' lang='grc'>,</span> <span class='ocrx_word' id='word_1_187' title='bbox 384 1603 450 1685; x_wconf 79' lang='grc' dir='ltr'>πρὸς</span> <span class='ocrx_word' id='word_1_188' title='bbox 473 1603 522 1676; x_wconf 69' lang='grc' dir='ltr'>τὴν</span> <span class='ocrx_word' id='word_1_189' title='bbox 544 1602 691 1682; x_wconf 73' lang='grc' dir='ltr'>μέλλουσαν</span> <span class='ocrx_word' id='word_1_190' title='bbox 713 1600 832 1674; x_wconf 91' lang='grc' dir='ltr'>ίσεσθαι,</span> <span class='ocrx_word' id='word_1_191' title='bbox 884 1600 1000 1661; x_wconf 79' lang='lat' dir='ltr'>ostendit</span> <span class='ocrx_word' id='word_1_192' title='bbox 1012 1601 1087 1660; x_wconf 87' lang='lat' dir='ltr'>illam</span> <span class='ocrx_word' id='word_1_193' title='bbox 1100 1602 1159 1682; x_wconf 86' lang='lat' dir='ltr'>jam</span> <span class='ocrx_word' id='word_1_194' title='bbox 1172 1621 1245 1661; x_wconf 83' lang='lat' dir='ltr'>esse:</span> <span class='ocrx_word' id='word_1_195' title='bbox 1259 1599 1398 1660; x_wconf 89' lang='lat' dir='ltr'>nonenim</span> <span class='ocrx_word' id='word_1_196' title='bbox 1411 1599 1498 1678; x_wconf 80' lang='lat' dir='ltr'>dixit,</span> <span class='ocrx_word' id='word_1_197' title='bbox 1512 1599 1556 1660; x_wconf 80' lang='lat' dir='ltr'>Ad</span> <span class='ocrx_word' id='word_1_198' title='bbox 1569 1621 1629 1661; x_wconf 91' lang='lat' dir='ltr'>eam</span> 
     </span>
     <span class='ocr_line' id='line_1_14' title="bbox 55 1693 1629 1776; baseline 0.001 -22"><span class='ocrx_word' id='word_1_199' title='bbox 55 1694 147 1766; x_wconf 75' lang='grc' dir='ltr'>ἀλλὰ,</span> <span class='ocrx_word' id='word_1_200' title='bbox 165 1695 235 1774; x_wconf 81' lang='grc' dir='ltr'>Πρὸς</span> <span class='ocrx_word' id='word_1_201' title='bbox 253 1693 301 1768; x_wconf 71' lang='grc' dir='ltr'>τὴν</span> <span class='ocrx_word' id='word_1_202' title='bbox 319 1694 466 1773; x_wconf 75' lang='grc' dir='ltr'>μέλλουσαν</span> <span class='ocrx_word' id='word_1_203' title='bbox 488 1696 717 1776; x_wconf 68' lang='grc' dir='ltr'>ἀποκαλυφθῆναι,</span> <span class='ocrx_word' id='word_1_204' title='bbox 738 1699 774 1763; x_wconf 83' lang='grc' dir='ltr'>ὡς</span> <span class='ocrx_word' id='word_1_205' title='bbox 788 1693 833 1755; x_wconf 85' lang='grc' dir='ltr'>καὶ</span> <span class='ocrx_word' id='word_1_206' title='bbox 884 1716 944 1773; x_wconf 82' lang='lat' dir='ltr'>quae</span> <span class='ocrx_word' id='word_1_207' title='bbox 953 1696 1043 1754; x_wconf 84' lang='lat' dir='ltr'>lutura</span> <span class='ocrx_word' id='word_1_208' title='bbox 1053 1709 1102 1773; x_wconf 85' lang='lat' dir='ltr'>ost,</span> <span class='ocrx_word' id='word_1_209' title='bbox 1113 1693 1170 1774; x_wconf 82' lang='lat' dir='ltr'>sed,</span> <span class='ocrx_word' id='word_1_210' title='bbox 1181 1693 1221 1753; x_wconf 75' lang='lat' dir='ltr'>hd</span> <span class='ocrx_word' id='word_1_211' title='bbox 1232 1695 1352 1754; x_wconf 79' lang='lat' dir='ltr'>suturam</span> <span class='ocrx_word' id='word_1_212' title='bbox 1360 1716 1420 1772; x_wconf 80' lang='lat' dir='ltr'>qua</span> <span class='ocrx_word' id='word_1_213' title='bbox 1429 1693 1629 1775; x_wconf 81' lang='lat' dir='ltr'>revelandaest,</span> 
     </span>
     <span class='ocr_line' id='line_1_15' title="bbox 54 1776 1829 1869; baseline 0.002 -24"><span class='ocrx_word' id='word_1_214' title='bbox 54 1793 105 1847; x_wconf 83' lang='grc' dir='ltr'>νῦν</span> <span class='ocrx_word' id='word_1_215' title='bbox 119 1776 198 1847; x_wconf 72' lang='grc' dir='ltr'>οὖσαν</span> <span class='ocrx_word' id='word_1_216' title='bbox 210 1788 270 1866; x_wconf 78' lang='grc' dir='ltr'>μὲν,</span> <span class='ocrx_word' id='word_1_217' title='bbox 286 1787 469 1867; x_wconf 83' lang='grc' dir='ltr'>κρυπτομένην</span> <span class='ocrx_word' id='word_1_218' title='bbox 488 1788 530 1848; x_wconf 94' lang='grc' dir='ltr'>δί·</span> <span class='ocrx_word' id='word_1_219' title='bbox 557 1786 623 1869; x_wconf 84' lang='grc' dir='ltr'>άπερ</span> <span class='ocrx_word' id='word_1_220' title='bbox 646 1788 692 1847; x_wconf 86' lang='grc' dir='ltr'>καί</span> <span class='ocrx_word' id='word_1_221' title='bbox 716 1790 834 1869; x_wconf 75' lang='grc' dir='ltr'>ἀλλαχοῦ</span> <span class='ocrx_word' id='word_1_222' title='bbox 883 1801 977 1869; x_wconf 87' lang='lat' dir='ltr'>utpote</span> <span class='ocrx_word' id='word_1_223' title='bbox 988 1809 1048 1867; x_wconf 85' lang='lat' dir='ltr'>quae</span> <span class='ocrx_word' id='word_1_224' title='bbox 1061 1808 1133 1847; x_wconf 87' lang='lat' dir='ltr'>nunc</span> <span class='ocrx_word' id='word_1_225' title='bbox 1143 1785 1253 1866; x_wconf 87' lang='lat' dir='ltr'>quidem</span> <span class='ocrx_word' id='word_1_226' title='bbox 1266 1786 1312 1861; x_wconf 85' lang='lat' dir='ltr'>sit,</span> <span class='ocrx_word' id='word_1_227' title='bbox 1323 1785 1372 1847; x_wconf 86' lang='lat' dir='ltr'>sed</span> <span class='ocrx_word' id='word_1_228' title='bbox 1384 1787 1488 1846; x_wconf 87' lang='lat' dir='ltr'>occulta</span> <span class='ocrx_word' id='word_1_229' title='bbox 1498 1810 1505 1848; x_wconf 75' lang='grc' dir='ltr'>ε</span> <span class='ocrx_word' id='word_1_230' title='bbox 1515 1786 1591 1866; x_wconf 89' lang='lat' dir='ltr'>quod</span> <span class='ocrx_word' id='word_1_231' title='bbox 1601 1798 1630 1849; x_wconf 63' lang='lat' dir='ltr'>a</span> <span class='ocrx_word' id='word_1_232' title='bbox 1825 1828 1829 1835; x_wconf 92' lang='lat'>-</span> 
     </span>
     <span class='ocr_line' id='line_1_16' title="bbox 57 1877 1763 1960; baseline 0.001 -22"><span class='ocrx_word' id='word_1_233' title='bbox 57 1878 219 1960; x_wconf 82' lang='grc' dir='ltr'>σαφέστερον</span> <span class='ocrx_word' id='word_1_234' title='bbox 234 1879 331 1959; x_wconf 77' lang='grc' dir='ltr'>ἔλεγεν,</span> <span class='ocrx_word' id='word_1_235' title='bbox 345 1878 385 1937; x_wconf 76' lang='grc' dir='ltr'>ότι</span> <span class='ocrx_word' id='word_1_236' title='bbox 399 1878 434 1938; x_wconf 85' lang='lat' dir='ltr'>‘ll</span> <span class='ocrx_word' id='word_1_237' title='bbox 454 1878 508 1952; x_wconf 78' lang='grc' dir='ltr'>ζωὴ</span> <span class='ocrx_word' id='word_1_238' title='bbox 529 1883 606 1958; x_wconf 75' lang='grc' dir='ltr'>ἡμῶν</span> <span class='ocrx_word' id='word_1_239' title='bbox 622 1878 769 1959; x_wconf 78' lang='grc' dir='ltr'>κέκρυπται</span> <span class='ocrx_word' id='word_1_240' title='bbox 787 1878 834 1938; x_wconf 80' lang='grc' dir='ltr'>σὺν</span> <span class='ocrx_word' id='word_1_241' title='bbox 883 1878 950 1939; x_wconf 78' lang='lat' dir='ltr'>alibi</span> <span class='ocrx_word' id='word_1_242' title='bbox 963 1878 1063 1938; x_wconf 86' lang='lat' dir='ltr'>clarius</span> <span class='ocrx_word' id='word_1_243' title='bbox 1071 1877 1196 1938; x_wconf 84' lang='lat' dir='ltr'>dicebat:</span> <span class='ocrx_word' id='word_1_244' title='bbox 1211 1878 1280 1938; x_wconf 76' lang='lat' dir='ltr'>Vita</span> <span class='ocrx_word' id='word_1_245' title='bbox 1291 1891 1393 1937; x_wconf 84' lang='lat' dir='ltr'>nostra</span> <span class='ocrx_word' id='word_1_246' title='bbox 1402 1881 1689 1945; x_wconf 65' lang='lat' dir='ltr'>absconditaostw.</span> <span class='ocrx_word' id='word_1_247' title='bbox 1701 1899 1725 1946; x_wconf 83' lang='grc'>3.</span> <span class='ocrx_word' id='word_1_248' title='bbox 1737 1898 1763 1949; x_wconf 72' lang='grc'>3.</span> 
     </span>
     <span class='ocr_line' id='line_1_17' title="bbox 56 1969 1628 2057; baseline 0.001 -27"><span class='ocrx_word' id='word_1_249' title='bbox 56 1975 100 2053; x_wconf 79' lang='grc' dir='ltr'>τῷ</span> <span class='ocrx_word' id='word_1_250' title='bbox 116 1972 222 2054; x_wconf 80' lang='grc' dir='ltr'>Χριστῷ</span> <span class='ocrx_word' id='word_1_251' title='bbox 233 1975 261 2031; x_wconf 79' lang='grc' dir='ltr'>ἐν</span> <span class='ocrx_word' id='word_1_252' title='bbox 275 1975 313 2051; x_wconf 84' lang='grc' dir='ltr'>τῷ</span> <span class='ocrx_word' id='word_1_253' title='bbox 332 1975 403 2053; x_wconf 82' lang='grc' dir='ltr'>Θεῷ.</span> <span class='ocrx_word' id='word_1_254' title='bbox 428 1971 530 2052; x_wconf 79' lang='grc' dir='ltr'>Θάρρει</span> <span class='ocrx_word' id='word_1_255' title='bbox 543 1970 628 2031; x_wconf 83' lang='grc' dir='ltr'>τοίνυν</span> <span class='ocrx_word' id='word_1_256' title='bbox 652 1971 717 2051; x_wconf 76' lang='grc' dir='ltr'>ὑπὲρ</span> <span class='ocrx_word' id='word_1_257' title='bbox 740 1974 834 2044; x_wconf 78' lang='grc' dir='ltr'>αὐτῆς·</span> <span class='ocrx_word' id='word_1_258' title='bbox 885 1992 952 2031; x_wconf 85' lang='lat' dir='ltr'>oum</span> <span class='ocrx_word' id='word_1_259' title='bbox 966 1972 1084 2031; x_wconf 70' lang='lat' dir='ltr'>Christo</span> <span class='ocrx_word' id='word_1_260' title='bbox 1097 1974 1131 2030; x_wconf 84' lang='lat' dir='ltr'>ia</span> <span class='ocrx_word' id='word_1_261' title='bbox 1144 1973 1217 2030; x_wconf 86' lang='lat' dir='ltr'>Deo.</span> <span class='ocrx_word' id='word_1_262' title='bbox 1231 1972 1273 2030; x_wconf 89' lang='lat' dir='ltr'>De</span> <span class='ocrx_word' id='word_1_263' title='bbox 1282 1971 1330 2030; x_wconf 88' lang='lat' dir='ltr'>illa</span> <span class='ocrx_word' id='word_1_264' title='bbox 1344 1970 1427 2051; x_wconf 87' lang='lat' dir='ltr'>igitur</span> <span class='ocrx_word' id='word_1_265' title='bbox 1437 1969 1561 2031; x_wconf 82' lang='lat' dir='ltr'>oonlide:</span> <span class='ocrx_word' id='word_1_266' title='bbox 1568 1972 1628 2057; x_wconf 81' lang='lat' dir='ltr'>jam</span> 
     </span>
     <span class='ocr_line' id='line_1_18' title="bbox 56 2063 1630 2147; baseline 0.003 -24"><span class='ocrx_word' id='word_1_267' title='bbox 56 2064 273 2145; x_wconf 82' lang='grc' dir='ltr'>παρεσκεύασται</span> <span class='ocrx_word' id='word_1_268' title='bbox 287 2066 338 2147; x_wconf 79' lang='grc' dir='ltr'>γὰρ</span> <span class='ocrx_word' id='word_1_269' title='bbox 349 2064 400 2137; x_wconf 79' lang='grc' dir='ltr'>ἤδη</span> <span class='ocrx_word' id='word_1_270' title='bbox 412 2064 471 2132; x_wconf 75' lang='grc' dir='ltr'>τοὺς</span> <span class='ocrx_word' id='word_1_271' title='bbox 483 2064 541 2132; x_wconf 79' lang='grc' dir='ltr'>σοὺς</span> <span class='ocrx_word' id='word_1_272' title='bbox 554 2064 720 2143; x_wconf 82' lang='grc' dir='ltr'>άναμίνυυσα</span> <span class='ocrx_word' id='word_1_273' title='bbox 731 2065 834 2132; x_wconf 86' lang='grc' dir='ltr'>πόνους.</span> <span class='ocrx_word' id='word_1_274' title='bbox 884 2066 957 2124; x_wconf 87' lang='lat' dir='ltr'>enim</span> <span class='ocrx_word' id='word_1_275' title='bbox 968 2079 1062 2146; x_wconf 85' lang='lat' dir='ltr'>parata</span> <span class='ocrx_word' id='word_1_276' title='bbox 1075 2079 1126 2142; x_wconf 87' lang='lat' dir='ltr'>est,</span> <span class='ocrx_word' id='word_1_277' title='bbox 1137 2078 1198 2124; x_wconf 89' lang='lat' dir='ltr'>tuos</span> <span class='ocrx_word' id='word_1_278' title='bbox 1211 2077 1368 2145; x_wconf 82' lang='lat' dir='ltr'>exspectans</span> <span class='ocrx_word' id='word_1_279' title='bbox 1382 2063 1495 2124; x_wconf 87' lang='lat' dir='ltr'>labores.</span> <span class='ocrx_word' id='word_1_280' title='bbox 1511 2063 1630 2138; x_wconf 72' lang='lat' dir='ltr'>Quodsi</span> 
     </span>
     <span class='ocr_line' id='line_1_19' title="bbox 59 2147 1629 2237; baseline 0.001 -20"><span class='ocrx_word' id='word_1_281' title='bbox 59 2159 97 2217; x_wconf 81' lang='lat' dir='ltr'>Et</span> <span class='ocrx_word' id='word_1_282' title='bbox 118 2157 189 2217; x_wconf 78' lang='grc' dir='ltr'>δὲτδ</span> <span class='ocrx_word' id='word_1_283' title='bbox 204 2157 309 2235; x_wconf 76' lang='grc' dir='ltr'>μέλλειν</span> <span class='ocrx_word' id='word_1_284' title='bbox 322 2180 353 2217; x_wconf 82' lang='grc' dir='ltr'>σε</span> <span class='ocrx_word' id='word_1_285' title='bbox 366 2160 458 2228; x_wconf 85' lang='grc' dir='ltr'>λυπεῖ,</span> <span class='ocrx_word' id='word_1_286' title='bbox 475 2156 539 2216; x_wconf 87' lang='grc' dir='ltr'>αῦτδ</span> <span class='ocrx_word' id='word_1_287' title='bbox 555 2157 603 2235; x_wconf 83' lang='grc' dir='ltr'>μὲν</span> <span class='ocrx_word' id='word_1_288' title='bbox 618 2147 662 2217; x_wconf 74' lang='grc' dir='ltr'>οὗν</span> <span class='ocrx_word' id='word_1_289' title='bbox 674 2156 835 2237; x_wconf 85' lang='grc' dir='ltr'>εῦρραινίτω</span> <span class='ocrx_word' id='word_1_290' title='bbox 885 2156 919 2216; x_wconf 85' lang='lat' dir='ltr'>da</span> <span class='ocrx_word' id='word_1_291' title='bbox 937 2177 1011 2216; x_wconf 85' lang='lat' dir='ltr'>mora</span> <span class='ocrx_word' id='word_1_292' title='bbox 1028 2155 1102 2215; x_wconf 89' lang='lat' dir='ltr'>dolet</span> <span class='ocrx_word' id='word_1_293' title='bbox 1124 2152 1190 2231; x_wconf 84' lang='lat' dir='ltr'>tihi,</span> <span class='ocrx_word' id='word_1_294' title='bbox 1208 2155 1260 2214; x_wconf 85' lang='lat' dir='ltr'>hoc</span> <span class='ocrx_word' id='word_1_295' title='bbox 1275 2155 1366 2235; x_wconf 90' lang='lat' dir='ltr'>ipsum</span> <span class='ocrx_word' id='word_1_296' title='bbox 1387 2168 1413 2214; x_wconf 88' lang='lat' dir='ltr'>te</span> <span class='ocrx_word' id='word_1_297' title='bbox 1421 2155 1550 2219; x_wconf 77' lang='lat' dir='ltr'>delettet:</span> <span class='ocrx_word' id='word_1_298' title='bbox 1566 2179 1629 2218; x_wconf 89' lang='lat' dir='ltr'>nam</span> 
     </span>
     <span class='ocr_line' id='line_1_20' title="bbox 58 2240 1681 2331; baseline 0.001 -23"><span class='ocrx_word' id='word_1_299' title='bbox 58 2272 92 2308; x_wconf 89' lang='grc' dir='ltr'>σε</span> <span class='ocrx_word' id='word_1_300' title='bbox 106 2253 247 2330; x_wconf 72' lang='grc' dir='ltr'>ταῦτατῷ</span> <span class='ocrx_word' id='word_1_301' title='bbox 262 2240 835 2331; x_wconf 80' lang='grc' dir='ltr'>γδρμεγαλητιςεῖναικαίάρραστος,καί</span> <span class='ocrx_word' id='word_1_302' title='bbox 886 2248 958 2328; x_wconf 91' lang='lat' dir='ltr'>quod</span> <span class='ocrx_word' id='word_1_303' title='bbox 969 2269 1066 2329; x_wconf 85' lang='lat' dir='ltr'>magna</span> <span class='ocrx_word' id='word_1_304' title='bbox 1082 2247 1154 2307; x_wconf 85' lang='lat' dir='ltr'>sitet</span> <span class='ocrx_word' id='word_1_305' title='bbox 1174 2247 1331 2324; x_wconf 84' lang='lat' dir='ltr'>ineffabilis,</span> <span class='ocrx_word' id='word_1_306' title='bbox 1347 2259 1373 2305; x_wconf 81' lang='lat' dir='ltr'>ct</span> <span class='ocrx_word' id='word_1_307' title='bbox 1387 2245 1459 2324; x_wconf 91' lang='lat' dir='ltr'>quod</span> <span class='ocrx_word' id='word_1_308' title='bbox 1473 2263 1630 2329; x_wconf 68' lang='lat' dir='ltr'>presentem</span> <span class='ocrx_word' id='word_1_309' title='bbox 1670 2301 1681 2311; x_wconf 89' lang='lat'>..</span> 
     </span>
     <span class='ocr_line' id='line_1_21' title="bbox 58 2337 1628 2424; baseline 0 -23"><span class='ocrx_word' id='word_1_310' title='bbox 58 2342 110 2416; x_wconf 73' lang='grc' dir='ltr'>τὴν</span> <span class='ocrx_word' id='word_1_311' title='bbox 125 2350 260 2424; x_wconf 84' lang='grc' dir='ltr'>παροῦσαν</span> <span class='ocrx_word' id='word_1_312' title='bbox 270 2343 437 2424; x_wconf 79' lang='grc' dir='ltr'>θπερῦαίνειν</span> <span class='ocrx_word' id='word_1_313' title='bbox 450 2343 621 2417; x_wconf 88' lang='grc' dir='ltr'>κατάστασιν,</span> <span class='ocrx_word' id='word_1_314' title='bbox 631 2347 685 2402; x_wconf 81' lang='grc' dir='ltr'>ἐκεῖ</span> <span class='ocrx_word' id='word_1_315' title='bbox 697 2341 835 2418; x_wconf 86' lang='grc' dir='ltr'>τεταμίευ-</span> <span class='ocrx_word' id='word_1_316' title='bbox 886 2354 985 2400; x_wconf 88' lang='lat' dir='ltr'>statum</span> <span class='ocrx_word' id='word_1_317' title='bbox 997 2341 1077 2421; x_wconf 73' lang='lat' dir='ltr'>longe</span> <span class='ocrx_word' id='word_1_318' title='bbox 1088 2352 1204 2420; x_wconf 81' lang='lat' dir='ltr'>superet,</span> <span class='ocrx_word' id='word_1_319' title='bbox 1214 2338 1272 2398; x_wconf 85' lang='lat' dir='ltr'>illic</span> <span class='ocrx_word' id='word_1_320' title='bbox 1285 2337 1423 2398; x_wconf 85' lang='lat' dir='ltr'>recondita</span> <span class='ocrx_word' id='word_1_321' title='bbox 1433 2353 1564 2399; x_wconf 84' lang='lat' dir='ltr'>servatur.</span> <span class='ocrx_word' id='word_1_322' title='bbox 1570 2342 1628 2401; x_wconf 88' lang='lat' dir='ltr'>Ne·</span> 
     </span>
     <span class='ocr_line' id='line_1_22' title="bbox 58 2431 1630 2516; baseline -0.001 -21"><span class='ocrx_word' id='word_1_323' title='bbox 58 2461 115 2495; x_wconf 89' lang='grc' dir='ltr'>ται.</span> <span class='ocrx_word' id='word_1_324' title='bbox 131 2437 199 2497; x_wconf 80' lang='grc' dir='ltr'>Οθδί</span> <span class='ocrx_word' id='word_1_325' title='bbox 217 2436 269 2516; x_wconf 87' lang='grc' dir='ltr'>γίιρ</span> <span class='ocrx_word' id='word_1_326' title='bbox 279 2439 370 2504; x_wconf 83' lang='grc' dir='ltr'>ἁπλῶς</span> <span class='ocrx_word' id='word_1_327' title='bbox 383 2436 553 2510; x_wconf 87' lang='grc' dir='ltr'>τέθεικε,Τά</span> <span class='ocrx_word' id='word_1_328' title='bbox 566 2436 715 2514; x_wconf 78' lang='grc' dir='ltr'>παθήματα</span> <span class='ocrx_word' id='word_1_329' title='bbox 729 2442 775 2496; x_wconf 89' lang='grc' dir='ltr'>τοῦ</span> <span class='ocrx_word' id='word_1_330' title='bbox 788 2440 833 2495; x_wconf 86' lang='grc' dir='ltr'>νῦν</span> <span class='ocrx_word' id='word_1_331' title='bbox 885 2454 937 2514; x_wconf 87' lang='lat' dir='ltr'>que</span> <span class='ocrx_word' id='word_1_332' title='bbox 944 2433 1015 2494; x_wconf 86' lang='lat' dir='ltr'>enim</span> <span class='ocrx_word' id='word_1_333' title='bbox 1026 2432 1083 2492; x_wconf 88' lang='lat' dir='ltr'>sine</span> <span class='ocrx_word' id='word_1_334' title='bbox 1092 2453 1172 2492; x_wconf 84' lang='lat' dir='ltr'>causa</span> <span class='ocrx_word' id='word_1_335' title='bbox 1181 2431 1283 2513; x_wconf 90' lang='lat' dir='ltr'>posuit,</span> <span class='ocrx_word' id='word_1_336' title='bbox 1295 2433 1453 2491; x_wconf 80' lang='lat' dir='ltr'>Passiones</span> <span class='ocrx_word' id='word_1_337' title='bbox 1459 2434 1547 2514; x_wconf 77' lang='lat' dir='ltr'>hujus</span> <span class='ocrx_word' id='word_1_338' title='bbox 1559 2446 1630 2495; x_wconf 84' lang='lat' dir='ltr'>tem-</span> 
     </span>
     <span class='ocr_line' id='line_1_23' title="bbox 58 2525 1630 2610; baseline -0.001 -22"><span class='ocrx_word' id='word_1_339' title='bbox 58 2534 169 2609; x_wconf 80' lang='grc' dir='ltr'>καιροῦ,</span> <span class='ocrx_word' id='word_1_340' title='bbox 184 2533 242 2590; x_wconf 78' lang='grc' dir='ltr'>ἀλλ’</span> <span class='ocrx_word' id='word_1_341' title='bbox 252 2529 296 2589; x_wconf 75' lang='grc' dir='ltr'>ἵνα</span> <span class='ocrx_word' id='word_1_342' title='bbox 309 2529 379 2610; x_wconf 80' lang='grc' dir='ltr'>δείξῃ</span> <span class='ocrx_word' id='word_1_343' title='bbox 391 2529 451 2609; x_wconf 79' lang='grc' dir='ltr'>οὐχί</span> <span class='ocrx_word' id='word_1_344' title='bbox 467 2528 588 2601; x_wconf 85' lang='grc' dir='ltr'>ποιότητι</span> <span class='ocrx_word' id='word_1_345' title='bbox 603 2527 691 2606; x_wconf 84' lang='grc' dir='ltr'>μόνον,</span> <span class='ocrx_word' id='word_1_346' title='bbox 706 2527 774 2588; x_wconf 81' lang='grc' dir='ltr'>ἀλλὰ</span> <span class='ocrx_word' id='word_1_347' title='bbox 789 2529 835 2589; x_wconf 85' lang='grc' dir='ltr'>καί</span> <span class='ocrx_word' id='word_1_348' title='bbox 884 2535 963 2610; x_wconf 87' lang='lat' dir='ltr'>poris</span> <span class='ocrx_word' id='word_1_349' title='bbox 974 2555 986 2600; x_wconf 94' lang='grc'>,·</span> <span class='ocrx_word' id='word_1_350' title='bbox 997 2529 1043 2589; x_wconf 85' lang='lat' dir='ltr'>sed</span> <span class='ocrx_word' id='word_1_351' title='bbox 1057 2542 1087 2587; x_wconf 89' lang='lat' dir='ltr'>ut</span> <span class='ocrx_word' id='word_1_352' title='bbox 1101 2527 1221 2587; x_wconf 86' lang='lat' dir='ltr'>ostendat</span> <span class='ocrx_word' id='word_1_353' title='bbox 1237 2526 1313 2586; x_wconf 88' lang='lat' dir='ltr'>illam</span> <span class='ocrx_word' id='word_1_354' title='bbox 1323 2546 1376 2586; x_wconf 87' lang='lat' dir='ltr'>non</span> <span class='ocrx_word' id='word_1_355' title='bbox 1392 2525 1521 2604; x_wconf 76' lang='lat' dir='ltr'>qualitate</span> <span class='ocrx_word' id='word_1_356' title='bbox 1533 2527 1630 2604; x_wconf 84' lang='lat' dir='ltr'>solum,</span> 
     </span>
     <span class='ocr_line' id='line_1_24' title="bbox 57 2610 1630 2700; baseline -0.002 -19"><span class='ocrx_word' id='word_1_357' title='bbox 57 2621 189 2694; x_wconf 85' lang='grc' dir='ltr'>ποσότητι</span> <span class='ocrx_word' id='word_1_358' title='bbox 200 2627 314 2683; x_wconf 82' lang='grc' dir='ltr'>νικῶσαν</span> <span class='ocrx_word' id='word_1_359' title='bbox 329 2621 442 2695; x_wconf 81' lang='grc' dir='ltr'>ἐκείνην.</span> <span class='ocrx_word' id='word_1_360' title='bbox 457 2623 551 2681; x_wconf 87' lang='grc' dir='ltr'>Ταῦτα</span> <span class='ocrx_word' id='word_1_361' title='bbox 564 2620 611 2699; x_wconf 80' lang='grc' dir='ltr'>μὲν</span> <span class='ocrx_word' id='word_1_362' title='bbox 622 2618 674 2700; x_wconf 77' lang='grc' dir='ltr'>γάρ</span> <span class='ocrx_word' id='word_1_363' title='bbox 683 2610 725 2682; x_wconf 78' lang='grc' dir='ltr'>οἷά</span> <span class='ocrx_word' id='word_1_364' title='bbox 741 2620 772 2681; x_wconf 80' lang='grc' dir='ltr'>δν</span> <span class='ocrx_word' id='word_1_365' title='bbox 793 2620 833 2696; x_wconf 79' lang='grc' dir='ltr'>είη</span> <span class='ocrx_word' id='word_1_366' title='bbox 850 2632 869 2681; x_wconf 85' lang='lat' dir='ltr'><strong>c</strong></span> <span class='ocrx_word' id='word_1_367' title='bbox 885 2621 932 2682; x_wconf 84' lang='lat' dir='ltr'>sed</span> <span class='ocrx_word' id='word_1_368' title='bbox 942 2621 1024 2680; x_wconf 86' lang='lat' dir='ltr'>etiam</span> <span class='ocrx_word' id='word_1_369' title='bbox 1030 2618 1179 2698; x_wconf 88' lang='lat' dir='ltr'>quantitate</span> <span class='ocrx_word' id='word_1_370' title='bbox 1188 2638 1324 2699; x_wconf 87' lang='lat' dir='ltr'>superare.</span> <span class='ocrx_word' id='word_1_371' title='bbox 1336 2617 1475 2676; x_wconf 79' lang='lat' dir='ltr'>Passiones</span> <span class='ocrx_word' id='word_1_372' title='bbox 1485 2617 1561 2677; x_wconf 87' lang='lat' dir='ltr'>enim</span> <span class='ocrx_word' id='word_1_373' title='bbox 1566 2618 1630 2692; x_wconf 76' lang='lat' dir='ltr'>illa,</span> 
     </span>
     <span class='ocr_line' id='line_1_25' title="bbox 58 2708 1631 2798; baseline -0.006 -20"><span class='ocrx_word' id='word_1_374' title='bbox 58 2719 96 2778; x_wconf 76' lang='grc' dir='ltr'>τὰ</span> <span class='ocrx_word' id='word_1_375' title='bbox 111 2719 271 2798; x_wconf 74' lang='grc' dir='ltr'>παθήματα,</span> <span class='ocrx_word' id='word_1_376' title='bbox 287 2720 324 2798; x_wconf 81' lang='grc' dir='ltr'>τῷ</span> <span class='ocrx_word' id='word_1_377' title='bbox 337 2717 447 2796; x_wconf 86' lang='grc' dir='ltr'>παρόντι</span> <span class='ocrx_word' id='word_1_378' title='bbox 457 2716 674 2797; x_wconf 76' lang='grc' dir='ltr'>συγκεκλήρωται</span> <span class='ocrx_word' id='word_1_379' title='bbox 687 2716 752 2798; x_wconf 84' lang='grc' dir='ltr'>βίῳ·</span> <span class='ocrx_word' id='word_1_380' title='bbox 762 2716 795 2776; x_wconf 78' lang='grc' dir='ltr'>τά</span> <span class='ocrx_word' id='word_1_381' title='bbox 807 2715 835 2778; x_wconf 76' lang='grc' dir='ltr'>δὲ</span> <span class='ocrx_word' id='word_1_382' title='bbox 885 2714 1092 2792; x_wconf 81' lang='lat' dir='ltr'>qualescumque</span> <span class='ocrx_word' id='word_1_383' title='bbox 1102 2710 1166 2787; x_wconf 87' lang='lat' dir='ltr'>sint,</span> <span class='ocrx_word' id='word_1_384' title='bbox 1175 2710 1232 2769; x_wconf 87' lang='lat' dir='ltr'>vita</span> <span class='ocrx_word' id='word_1_385' title='bbox 1248 2708 1371 2789; x_wconf 76' lang='lat' dir='ltr'>prasenti</span> <span class='ocrx_word' id='word_1_386' title='bbox 1383 2709 1561 2770; x_wconf 82' lang='lat' dir='ltr'>terminantur</span> <span class='ocrx_word' id='word_1_387' title='bbox 1566 2733 1576 2789; x_wconf 79' lang='lat'>3</span> <span class='ocrx_word' id='word_1_388' title='bbox 1585 2711 1631 2771; x_wconf 84' lang='lat' dir='ltr'>su-</span> 
     </span>
     <span class='ocr_line' id='line_1_26' title="bbox 60 2798 1629 2890; baseline -0.006 -20"><span class='ocrx_word' id='word_1_389' title='bbox 60 2810 192 2888; x_wconf 73' lang='grc' dir='ltr'>μελλοντα</span> <span class='ocrx_word' id='word_1_390' title='bbox 207 2808 293 2889; x_wconf 76' lang='grc' dir='ltr'>ἀγαθὰ</span> <span class='ocrx_word' id='word_1_391' title='bbox 317 2811 382 2890; x_wconf 82' lang='grc' dir='ltr'>πρὸς</span> <span class='ocrx_word' id='word_1_392' title='bbox 403 2808 463 2877; x_wconf 78' lang='grc' dir='ltr'>τοὺς</span> <span class='ocrx_word' id='word_1_393' title='bbox 479 2806 622 2875; x_wconf 78' lang='grc' dir='ltr'>ἀθανάτους</span> <span class='ocrx_word' id='word_1_394' title='bbox 635 2808 835 2888; x_wconf 83' lang='grc' dir='ltr'>παρεκτείνεται</span> <span class='ocrx_word' id='word_1_395' title='bbox 884 2817 1044 2864; x_wconf 84' lang='lat' dir='ltr'>turaautem</span> <span class='ocrx_word' id='word_1_396' title='bbox 1057 2803 1126 2862; x_wconf 89' lang='lat' dir='ltr'>bona</span> <span class='ocrx_word' id='word_1_397' title='bbox 1143 2800 1177 2859; x_wconf 91' lang='lat' dir='ltr'>ad</span> <span class='ocrx_word' id='word_1_398' title='bbox 1192 2798 1354 2859; x_wconf 76' lang='lat' dir='ltr'>immortalia</span> <span class='ocrx_word' id='word_1_399' title='bbox 1366 2800 1463 2859; x_wconf 77' lang='lat' dir='ltr'>saecula</span> <span class='ocrx_word' id='word_1_400' title='bbox 1477 2800 1629 2861; x_wconf 77' lang='lat' dir='ltr'>extendun-</span> 
     </span>
     <span class='ocr_line' id='line_1_27' title="bbox 60 2891 1630 2985; baseline -0.006 -22"><span class='ocrx_word' id='word_1_401' title='bbox 60 2907 168 2972; x_wconf 82' lang='grc' dir='ltr'>αἰῶνας.</span> <span class='ocrx_word' id='word_1_402' title='bbox 183 2902 267 2985; x_wconf 78' lang='grc' dir='ltr'>Ἅπερ</span> <span class='ocrx_word' id='word_1_403' title='bbox 280 2901 370 2975; x_wconf 78' lang='grc' dir='ltr'>ἐπειδὴ</span> <span class='ocrx_word' id='word_1_404' title='bbox 384 2899 453 2961; x_wconf 87' lang='grc' dir='ltr'>κατδι</span> <span class='ocrx_word' id='word_1_405' title='bbox 467 2900 545 2982; x_wconf 77' lang='grc' dir='ltr'>μέρος</span> <span class='ocrx_word' id='word_1_406' title='bbox 557 2905 622 2978; x_wconf 76' lang='grc' dir='ltr'>ἡμῖν</span> <span class='ocrx_word' id='word_1_407' title='bbox 636 2904 720 2961; x_wconf 78' lang='grc' dir='ltr'>εἰπεῖν</span> <span class='ocrx_word' id='word_1_408' title='bbox 732 2904 779 2962; x_wconf 90' lang='grc' dir='ltr'>οῦκ</span> <span class='ocrx_word' id='word_1_409' title='bbox 795 2891 834 2960; x_wconf 81' lang='grc' dir='ltr'>εί·</span> <span class='ocrx_word' id='word_1_410' title='bbox 884 2910 929 2957; x_wconf 84' lang='lat' dir='ltr'>tur</span> <span class='ocrx_word' id='word_1_411' title='bbox 941 2920 948 2954; x_wconf 88' lang='lat'>:</span> <span class='ocrx_word' id='word_1_412' title='bbox 961 2917 1020 2975; x_wconf 82' lang='lat' dir='ltr'>qnae</span> <span class='ocrx_word' id='word_1_413' title='bbox 1035 2895 1096 2972; x_wconf 87' lang='lat' dir='ltr'>qnia</span> <span class='ocrx_word' id='word_1_414' title='bbox 1108 2892 1248 2973; x_wconf 83' lang='lat' dir='ltr'>sigillatim</span> <span class='ocrx_word' id='word_1_415' title='bbox 1258 2892 1349 2952; x_wconf 85' lang='lat' dir='ltr'>dicere</span> <span class='ocrx_word' id='word_1_416' title='bbox 1362 2911 1415 2951; x_wconf 92' lang='lat' dir='ltr'>non</span> <span class='ocrx_word' id='word_1_417' title='bbox 1427 2891 1527 2972; x_wconf 83' lang='lat' dir='ltr'>potuit,</span> <span class='ocrx_word' id='word_1_418' title='bbox 1542 2912 1630 2973; x_wconf 82' lang='lat' dir='ltr'>neque</span> 
     </span>
     <span class='ocr_line' id='line_1_28' title="bbox 57 2982 1630 3077; baseline -0.004 -24"><span class='ocrx_word' id='word_1_419' title='bbox 57 3019 110 3077; x_wconf 78' lang='grc' dir='ltr'>χεν</span> <span class='ocrx_word' id='word_1_420' title='bbox 124 2996 181 3056; x_wconf 73' lang='grc' dir='ltr'>οὐδὲ</span> <span class='ocrx_word' id='word_1_421' title='bbox 204 3001 376 3076; x_wconf 70' lang='grc' dir='ltr'>παραστῆσαι</span> <span class='ocrx_word' id='word_1_422' title='bbox 390 2996 475 3075; x_wconf 79' lang='grc' dir='ltr'>λόγῳ,</span> <span class='ocrx_word' id='word_1_423' title='bbox 500 2993 553 3053; x_wconf 85' lang='grc' dir='ltr'>ἀπὸ</span> <span class='ocrx_word' id='word_1_424' title='bbox 577 2999 623 3053; x_wconf 93' lang='grc' dir='ltr'>τοῦ</span> <span class='ocrx_word' id='word_1_425' title='bbox 648 2992 764 3072; x_wconf 82' lang='grc' dir='ltr'>μάλιστα</span> <span class='ocrx_word' id='word_1_426' title='bbox 790 2995 835 3055; x_wconf 91' lang='grc' dir='ltr'>δο-</span> <span class='ocrx_word' id='word_1_427' title='bbox 885 3009 1006 3052; x_wconf 89' lang='lat' dir='ltr'>sermone</span> <span class='ocrx_word' id='word_1_428' title='bbox 1020 2986 1166 3069; x_wconf 82' lang='lat' dir='ltr'>explicare,</span> <span class='ocrx_word' id='word_1_429' title='bbox 1175 2985 1210 3044; x_wconf 90' lang='lat' dir='ltr'>ab</span> <span class='ocrx_word' id='word_1_430' title='bbox 1224 3006 1255 3045; x_wconf 91' lang='lat' dir='ltr'>eo</span> <span class='ocrx_word' id='word_1_431' title='bbox 1268 2982 1342 3063; x_wconf 91' lang='lat' dir='ltr'>qnod</span> <span class='ocrx_word' id='word_1_432' title='bbox 1352 2983 1426 3065; x_wconf 88' lang='lat' dir='ltr'>apud</span> <span class='ocrx_word' id='word_1_433' title='bbox 1434 2985 1482 3043; x_wconf 88' lang='lat' dir='ltr'>nos</span> <span class='ocrx_word' id='word_1_434' title='bbox 1494 2984 1630 3046; x_wconf 78' lang='lat' dir='ltr'>desidera·</span> 
     </span>
     <span class='ocr_line' id='line_1_29' title="bbox 59 3077 1628 3169; baseline -0.008 -19"><span class='ocrx_word' id='word_1_435' title='bbox 59 3096 169 3159; x_wconf 87' lang='grc' dir='ltr'>κοῦντος</span> <span class='ocrx_word' id='word_1_436' title='bbox 195 3080 261 3150; x_wconf 76' lang='grc' dir='ltr'>εἶναι</span> <span class='ocrx_word' id='word_1_437' title='bbox 292 3092 356 3169; x_wconf 85' lang='grc' dir='ltr'>παρ’</span> <span class='ocrx_word' id='word_1_438' title='bbox 383 3091 448 3165; x_wconf 75' lang='grc' dir='ltr'>ἡμῖν</span> <span class='ocrx_word' id='word_1_439' title='bbox 477 3085 640 3165; x_wconf 78' lang='grc' dir='ltr'>ἕπεράστου,</span> <span class='ocrx_word' id='word_1_440' title='bbox 662 3089 710 3158; x_wconf 79' lang='grc' dir='ltr'>τῆς</span> <span class='ocrx_word' id='word_1_441' title='bbox 739 3085 833 3162; x_wconf 79' lang='grc' dir='ltr'>δόξης,</span> <span class='ocrx_word' id='word_1_442' title='bbox 883 3085 967 3145; x_wconf 90' lang='lat' dir='ltr'>bilius</span> <span class='ocrx_word' id='word_1_443' title='bbox 989 3082 1114 3160; x_wconf 86' lang='lat' dir='ltr'>videtur,</span> <span class='ocrx_word' id='word_1_444' title='bbox 1131 3100 1228 3161; x_wconf 85' lang='lat' dir='ltr'>nempe</span> <span class='ocrx_word' id='word_1_445' title='bbox 1245 3099 1261 3137; x_wconf 87' lang='lat' dir='ltr'>a</span> <span class='ocrx_word' id='word_1_446' title='bbox 1281 3077 1379 3158; x_wconf 88' lang='lat' dir='ltr'>gloria,</span> <span class='ocrx_word' id='word_1_447' title='bbox 1401 3077 1460 3158; x_wconf 85' lang='lat' dir='ltr'>ipsa</span> <span class='ocrx_word' id='word_1_448' title='bbox 1477 3077 1628 3140; x_wconf 81' lang='lat' dir='ltr'>indicavit:</span> 
     </span>
     <span class='ocr_line' id='line_1_30' title="bbox 60 3168 1629 3261; baseline -0.008 -17"><span class='ocrx_word' id='word_1_449' title='bbox 60 3185 131 3245; x_wconf 74' lang='grc' dir='ltr'>αὐτὰ</span> <span class='ocrx_word' id='word_1_450' title='bbox 144 3183 327 3261; x_wconf 77' lang='grc' dir='ltr'>ὠνόμασεν·ἡ</span> <span class='ocrx_word' id='word_1_451' title='bbox 349 3179 401 3261; x_wconf 77' lang='grc' dir='ltr'>γάρ</span> <span class='ocrx_word' id='word_1_452' title='bbox 425 3177 525 3260; x_wconf 76' lang='grc' dir='ltr'>κορυφὴ</span> <span class='ocrx_word' id='word_1_453' title='bbox 541 3181 593 3236; x_wconf 83' lang='grc' dir='ltr'>τῶν</span> <span class='ocrx_word' id='word_1_454' title='bbox 614 3179 783 3256; x_wconf 71' lang='grc' dir='ltr'>ἀγαθῶνκαὶ</span> <span class='ocrx_word' id='word_1_455' title='bbox 806 3179 837 3239; x_wconf 88' lang='grc' dir='ltr'>τδ</span> <span class='ocrx_word' id='word_1_456' title='bbox 884 3168 1629 3254; x_wconf 84' lang='lat' dir='ltr'>culmennamqueetcaputbonorumhocvideturesse.</span> 
     </span>
     <span class='ocr_line' id='line_1_31' title="bbox 59 3261 1631 3359; baseline -0.008 -22"><span class='ocrx_word' id='word_1_457' title='bbox 59 3277 220 3359; x_wconf 83' lang='grc' dir='ltr'>κεφάλαιον,</span> <span class='ocrx_word' id='word_1_458' title='bbox 242 3280 318 3336; x_wconf 84' lang='grc' dir='ltr'>τοῦτο</span> <span class='ocrx_word' id='word_1_459' title='bbox 343 3264 409 3333; x_wconf 73' lang='grc' dir='ltr'>ε’ίναι</span> <span class='ocrx_word' id='word_1_460' title='bbox 428 3273 507 3332; x_wconf 86' lang='grc' dir='ltr'>δοκεῖ.</span> <span class='ocrx_word' id='word_1_461' title='bbox 524 3270 661 3350; x_wconf 86' lang='grc' dir='ltr'>Ἐπαίρων</span> <span class='ocrx_word' id='word_1_462' title='bbox 672 3269 700 3331; x_wconf 74' lang='grc' dir='ltr'>δὲ</span> <span class='ocrx_word' id='word_1_463' title='bbox 715 3270 761 3331; x_wconf 78' lang='grc' dir='ltr'>καί</span> <span class='ocrx_word' id='word_1_464' title='bbox 784 3272 837 3332; x_wconf 72' lang='lat' dir='ltr'>lti-</span> <span class='ocrx_word' id='word_1_465' title='bbox 885 3272 948 3333; x_wconf 81' lang='lat' dir='ltr'>Alio</span> <span class='ocrx_word' id='word_1_466' title='bbox 958 3270 1022 3330; x_wconf 83' lang='lat' dir='ltr'>item</span> <span class='ocrx_word' id='word_1_467' title='bbox 1031 3264 1272 3328; x_wconf 78' lang='lat' dir='ltr'>modoauditorem</span> <span class='ocrx_word' id='word_1_468' title='bbox 1281 3262 1395 3343; x_wconf 82' lang='lat' dir='ltr'>erigens,</span> <span class='ocrx_word' id='word_1_469' title='bbox 1403 3262 1439 3322; x_wconf 87' lang='lat' dir='ltr'>ab</span> <span class='ocrx_word' id='word_1_470' title='bbox 1452 3261 1511 3343; x_wconf 81' lang='lat' dir='ltr'>ipsa</span> <span class='ocrx_word' id='word_1_471' title='bbox 1521 3263 1631 3324; x_wconf 83' lang='lat' dir='ltr'>creatio·</span> 
     </span>
     <span class='ocr_line' id='line_1_32' title="bbox 62 3355 1631 3450; baseline -0.01 -21"><span class='ocrx_word' id='word_1_472' title='bbox 62 3369 170 3450; x_wconf 84' lang='grc' dir='ltr'>ρωςτδν</span> <span class='ocrx_word' id='word_1_473' title='bbox 184 3365 328 3448; x_wconf 72' lang='grc' dir='ltr'>ἀκροατὴν,</span> <span class='ocrx_word' id='word_1_474' title='bbox 350 3364 395 3424; x_wconf 84' lang='grc' dir='ltr'>καί</span> <span class='ocrx_word' id='word_1_475' title='bbox 413 3362 465 3424; x_wconf 84' lang='grc' dir='ltr'>ἀπὸ</span> <span class='ocrx_word' id='word_1_476' title='bbox 478 3365 526 3433; x_wconf 76' lang='grc' dir='ltr'>τῆς</span> <span class='ocrx_word' id='word_1_477' title='bbox 550 3361 659 3430; x_wconf 87' lang='grc' dir='ltr'>κτίσεως</span> <span class='ocrx_word' id='word_1_478' title='bbox 678 3361 779 3442; x_wconf 79' lang='grc' dir='ltr'>ἐξσγκοῑ</span> <span class='ocrx_word' id='word_1_479' title='bbox 792 3365 837 3425; x_wconf 83' lang='grc' dir='ltr'>τὸν</span> <span class='ocrx_word' id='word_1_480' title='bbox 885 3386 918 3425; x_wconf 87' lang='lat' dir='ltr'>ne</span> <span class='ocrx_word' id='word_1_481' title='bbox 937 3382 1086 3424; x_wconf 86' lang='lat' dir='ltr'>sermonem</span> <span class='ocrx_word' id='word_1_482' title='bbox 1104 3356 1222 3433; x_wconf 87' lang='lat' dir='ltr'>attollit,</span> <span class='ocrx_word' id='word_1_483' title='bbox 1240 3355 1296 3415; x_wconf 90' lang='lat' dir='ltr'>duo</span> <span class='ocrx_word' id='word_1_484' title='bbox 1315 3376 1449 3436; x_wconf 83' lang='lat' dir='ltr'>apparans</span> <span class='ocrx_word' id='word_1_485' title='bbox 1461 3375 1516 3435; x_wconf 82' lang='lat' dir='ltr'>per</span> <span class='ocrx_word' id='word_1_486' title='bbox 1527 3375 1557 3415; x_wconf 82' lang='lat' dir='ltr'>ea</span> <span class='ocrx_word' id='word_1_487' title='bbox 1570 3375 1631 3434; x_wconf 80' lang='lat' dir='ltr'>qnae</span> 
     </span>
     <span class='ocr_line' id='line_1_33' title="bbox 59 3445 1629 3542; baseline -0.009 -20"><span class='ocrx_word' id='word_1_488' title='bbox 59 3463 152 3542; x_wconf 89' lang='grc' dir='ltr'>λόγον,</span> <span class='ocrx_word' id='word_1_489' title='bbox 169 3460 215 3521; x_wconf 83' lang='grc' dir='ltr'>δύο</span> <span class='ocrx_word' id='word_1_490' title='bbox 229 3457 434 3526; x_wconf 82' lang='grc' dir='ltr'>κατασκευάζων</span> <span class='ocrx_word' id='word_1_491' title='bbox 450 3455 493 3515; x_wconf 88' lang='grc' dir='ltr'>διδι</span> <span class='ocrx_word' id='word_1_492' title='bbox 509 3460 562 3514; x_wconf 85' lang='grc' dir='ltr'>τῶν</span> <span class='ocrx_word' id='word_1_493' title='bbox 573 3454 749 3535; x_wconf 73' lang='grc' dir='ltr'>λεχθήσεσθαι</span> <span class='ocrx_word' id='word_1_494' title='bbox 768 3458 836 3533; x_wconf 85' lang='grc' dir='ltr'>μελ-</span> <span class='ocrx_word' id='word_1_495' title='bbox 884 3454 1076 3528; x_wconf 73' lang='grc' dir='ltr'>(ίίσσιιόαευτιῑ,</span> <span class='ocrx_word' id='word_1_496' title='bbox 1090 3464 1116 3511; x_wconf 89' lang='lat' dir='ltr'>et</span> <span class='ocrx_word' id='word_1_497' title='bbox 1129 3445 1629 3528; x_wconf 82' lang='lat' dir='ltr'>oontemtumptaesentium‚etdeside·</span> 
     </span>
     <span class='ocr_line' id='line_1_34' title="bbox 60 3538 1632 3631; baseline -0.011 -15"><span class='ocrx_word' id='word_1_498' title='bbox 60 3556 173 3631; x_wconf 86' lang='grc' dir='ltr'>λόντων,</span> <span class='ocrx_word' id='word_1_499' title='bbox 188 3553 233 3613; x_wconf 84' lang='grc' dir='ltr'>καί</span> <span class='ocrx_word' id='word_1_500' title='bbox 256 3550 401 3631; x_wconf 79' lang='grc' dir='ltr'>ὑπεροψίαν</span> <span class='ocrx_word' id='word_1_501' title='bbox 427 3554 479 3608; x_wconf 84' lang='grc' dir='ltr'>τῶν</span> <span class='ocrx_word' id='word_1_502' title='bbox 504 3547 655 3627; x_wconf 90' lang='grc' dir='ltr'>παρόντων,</span> <span class='ocrx_word' id='word_1_503' title='bbox 671 3547 717 3607; x_wconf 86' lang='grc' dir='ltr'>καί</span> <span class='ocrx_word' id='word_1_504' title='bbox 743 3551 837 3607; x_wconf 82' lang='grc' dir='ltr'>ἐπιθυ·</span> <span class='ocrx_word' id='word_1_505' title='bbox 886 3550 958 3609; x_wconf 87' lang='lat' dir='ltr'>rium</span> <span class='ocrx_word' id='word_1_506' title='bbox 969 3548 1124 3606; x_wconf 79' lang='lat' dir='ltr'>futurorum</span> <span class='ocrx_word' id='word_1_507' title='bbox 1137 3565 1144 3600; x_wconf 94' lang='lat'>:</span> <span class='ocrx_word' id='word_1_508' title='bbox 1158 3563 1189 3601; x_wconf 90' lang='lat' dir='ltr'>ac</span> <span class='ocrx_word' id='word_1_509' title='bbox 1203 3562 1264 3601; x_wconf 85' lang='lat' dir='ltr'>eum</span> <span class='ocrx_word' id='word_1_510' title='bbox 1275 3540 1318 3598; x_wconf 88' lang='lat' dir='ltr'>his</span> <span class='ocrx_word' id='word_1_511' title='bbox 1324 3539 1446 3614; x_wconf 87' lang='lat' dir='ltr'>tertium,</span> <span class='ocrx_word' id='word_1_512' title='bbox 1454 3539 1526 3618; x_wconf 88' lang='lat' dir='ltr'>quod</span> <span class='ocrx_word' id='word_1_513' title='bbox 1540 3538 1632 3621; x_wconf 87' lang='lat' dir='ltr'>potius</span> 
     </span>
     <span class='ocr_line' id='line_1_35' title="bbox 62 3630 1639 3726; baseline -0.011 -19"><span class='ocrx_word' id='word_1_514' title='bbox 62 3647 127 3726; x_wconf 86' lang='grc' dir='ltr'>μίαν</span> <span class='ocrx_word' id='word_1_515' title='bbox 141 3651 194 3706; x_wconf 82' lang='grc' dir='ltr'>τῶν</span> <span class='ocrx_word' id='word_1_516' title='bbox 209 3645 372 3726; x_wconf 79' lang='grc' dir='ltr'>μελλόντων·</span> <span class='ocrx_word' id='word_1_517' title='bbox 395 3641 441 3702; x_wconf 84' lang='grc' dir='ltr'>καί</span> <span class='ocrx_word' id='word_1_518' title='bbox 454 3639 541 3722; x_wconf 86' lang='grc' dir='ltr'>τρίτον</span> <span class='ocrx_word' id='word_1_519' title='bbox 560 3639 628 3716; x_wconf 81' lang='grc' dir='ltr'>μετδι</span> <span class='ocrx_word' id='word_1_520' title='bbox 641 3639 755 3716; x_wconf 76' lang='grc' dir='ltr'>τούτων,</span> <span class='ocrx_word' id='word_1_521' title='bbox 768 3643 839 3719; x_wconf 77' lang='grc' dir='ltr'>μᾶλ-</span> <span class='ocrx_word' id='word_1_522' title='bbox 886 3642 1006 3724; x_wconf 84' lang='lat' dir='ltr'>primum</span> <span class='ocrx_word' id='word_1_523' title='bbox 1023 3638 1123 3712; x_wconf 76' lang='lat' dir='ltr'>fuerit3</span> <span class='ocrx_word' id='word_1_524' title='bbox 1137 3647 1167 3693; x_wconf 85' lang='lat' dir='ltr'>ut</span> <span class='ocrx_word' id='word_1_525' title='bbox 1180 3630 1302 3694; x_wconf 84' lang='lat' dir='ltr'>ostendat</span> <span class='ocrx_word' id='word_1_526' title='bbox 1311 3645 1440 3709; x_wconf 83' lang='lat' dir='ltr'>quantam</span> <span class='ocrx_word' id='word_1_527' title='bbox 1452 3652 1545 3691; x_wconf 85' lang='lat' dir='ltr'>curam</span> <span class='ocrx_word' id='word_1_528' title='bbox 1558 3632 1639 3698; x_wconf 77' lang='lat' dir='ltr'>Deus,</span> 
     </span>
     <span class='ocr_line' id='line_1_36' title="bbox 60 3724 1632 3821; baseline -0.011 -21"><span class='ocrx_word' id='word_1_529' title='bbox 60 3744 108 3801; x_wconf 89' lang='grc' dir='ltr'>λον</span> <span class='ocrx_word' id='word_1_530' title='bbox 120 3738 148 3800; x_wconf 76' lang='grc' dir='ltr'>δὲ</span> <span class='ocrx_word' id='word_1_531' title='bbox 172 3743 291 3821; x_wconf 85' lang='grc' dir='ltr'>πρῶτον,</span> <span class='ocrx_word' id='word_1_532' title='bbox 311 3736 342 3795; x_wconf 85' lang='grc' dir='ltr'>τὸ</span> <span class='ocrx_word' id='word_1_533' title='bbox 361 3734 442 3803; x_wconf 77' lang='grc' dir='ltr'>δεῖξαι</span> <span class='ocrx_word' id='word_1_534' title='bbox 469 3737 525 3799; x_wconf 84' lang='grc' dir='ltr'>πῶς</span> <span class='ocrx_word' id='word_1_535' title='bbox 551 3732 777 3814; x_wconf 75' lang='grc' dir='ltr'>περισπούδαστον</span> <span class='ocrx_word' id='word_1_536' title='bbox 799 3736 837 3813; x_wconf 81' lang='grc' dir='ltr'>τῷ</span> <span class='ocrx_word' id='word_1_537' title='bbox 851 3761 871 3808; x_wconf 71' lang='grc' dir='ltr'>[ι</span> <span class='ocrx_word' id='word_1_538' title='bbox 885 3748 960 3818; x_wconf 82' lang='lat' dir='ltr'>gerat</span> <span class='ocrx_word' id='word_1_539' title='bbox 971 3726 1237 3815; x_wconf 84' lang='lat' dir='ltr'>generishumani,ot</span> <span class='ocrx_word' id='word_1_540' title='bbox 1248 3724 1276 3783; x_wconf 93' lang='lat' dir='ltr'>in</span> <span class='ocrx_word' id='word_1_541' title='bbox 1290 3724 1498 3803; x_wconf 88' lang='lat' dir='ltr'>quantohonore</span> <span class='ocrx_word' id='word_1_542' title='bbox 1506 3737 1632 3783; x_wconf 86' lang='lat' dir='ltr'>naturam</span> 
     </span>
     <span class='ocr_line' id='line_1_37' title="bbox 61 3816 1630 3914; baseline -0.013 -17"><span class='ocrx_word' id='word_1_543' title='bbox 61 3835 127 3914; x_wconf 80' lang='grc' dir='ltr'>Θεῷ</span> <span class='ocrx_word' id='word_1_544' title='bbox 143 3835 173 3894; x_wconf 83' lang='grc' dir='ltr'>τὸ</span> <span class='ocrx_word' id='word_1_545' title='bbox 186 3835 237 3891; x_wconf 80' lang='grc' dir='ltr'>τῶν</span> <span class='ocrx_word' id='word_1_546' title='bbox 248 3828 393 3910; x_wconf 80' lang='grc' dir='ltr'>ἀνθρώπων</span> <span class='ocrx_word' id='word_1_547' title='bbox 406 3826 479 3906; x_wconf 70' lang='grc' dir='ltr'>γένος</span> <span class='ocrx_word' id='word_1_548' title='bbox 491 3824 560 3895; x_wconf 67' lang='grc' dir='ltr'>ἐστὶ,</span> <span class='ocrx_word' id='word_1_549' title='bbox 573 3824 619 3883; x_wconf 72' lang='grc' dir='ltr'>καὶ</span> <span class='ocrx_word' id='word_1_550' title='bbox 630 3827 656 3883; x_wconf 75' lang='grc' dir='ltr'>ἓν</span> <span class='ocrx_word' id='word_1_551' title='bbox 667 3822 716 3902; x_wconf 73' lang='grc' dir='ltr'>ὅσῃ</span> <span class='ocrx_word' id='word_1_552' title='bbox 731 3823 779 3897; x_wconf 77' lang='grc' dir='ltr'>τὴν</span> <span class='ocrx_word' id='word_1_553' title='bbox 790 3823 837 3904; x_wconf 79' lang='grc' dir='ltr'>φῦ·</span> <span class='ocrx_word' id='word_1_554' title='bbox 886 3845 1004 3891; x_wconf 87' lang='lat' dir='ltr'>nostram</span> <span class='ocrx_word' id='word_1_555' title='bbox 1016 3826 1124 3885; x_wconf 87' lang='lat' dir='ltr'>habeat.</span> <span class='ocrx_word' id='word_1_556' title='bbox 1143 3821 1206 3880; x_wconf 85' lang='lat' dir='ltr'>Post</span> <span class='ocrx_word' id='word_1_557' title='bbox 1219 3818 1291 3892; x_wconf 81' lang='lat' dir='ltr'>hac,</span> <span class='ocrx_word' id='word_1_558' title='bbox 1308 3817 1435 3897; x_wconf 81' lang='lat' dir='ltr'>dogmata</span> <span class='ocrx_word' id='word_1_559' title='bbox 1450 3816 1630 3897; x_wconf 90' lang='lat' dir='ltr'>philosopho-</span> 
     </span>
     <span class='ocr_line' id='line_1_38' title="bbox 62 3908 1629 4005; baseline -0.015 -17"><span class='ocrx_word' id='word_1_560' title='bbox 62 3953 104 3989; x_wconf 92' lang='grc' dir='ltr'>σιν</span> <span class='ocrx_word' id='word_1_561' title='bbox 119 3925 168 3999; x_wconf 74' lang='grc' dir='ltr'>τὴν</span> <span class='ocrx_word' id='word_1_562' title='bbox 183 3922 315 4005; x_wconf 80' lang='grc' dir='ltr'>ἡμετέραν</span> <span class='ocrx_word' id='word_1_563' title='bbox 330 3919 390 4000; x_wconf 88' lang='grc' dir='ltr'>άγει</span> <span class='ocrx_word' id='word_1_564' title='bbox 402 3921 478 3997; x_wconf 79' lang='grc' dir='ltr'>τιμῇ.</span> <span class='ocrx_word' id='word_1_565' title='bbox 495 3913 572 3976; x_wconf 88' lang='grc' dir='ltr'>Μετδι</span> <span class='ocrx_word' id='word_1_566' title='bbox 583 3915 611 3973; x_wconf 81' lang='grc' dir='ltr'>δὲ</span> <span class='ocrx_word' id='word_1_567' title='bbox 624 3914 724 3974; x_wconf 82' lang='grc' dir='ltr'>τούτων</span> <span class='ocrx_word' id='word_1_568' title='bbox 744 3916 788 3974; x_wconf 87' lang='grc' dir='ltr'>καί</span> <span class='ocrx_word' id='word_1_569' title='bbox 804 3912 838 3974; x_wconf 88' lang='grc' dir='ltr'>τδι</span> <span class='ocrx_word' id='word_1_570' title='bbox 886 3945 947 3982; x_wconf 72' lang='lat' dir='ltr'>rum</span> <span class='ocrx_word' id='word_1_571' title='bbox 957 3919 1047 3981; x_wconf 78' lang='lat' dir='ltr'>omnia</span> <span class='ocrx_word' id='word_1_572' title='bbox 1057 3914 1091 3974; x_wconf 83' lang='lat' dir='ltr'>de</span> <span class='ocrx_word' id='word_1_573' title='bbox 1103 3908 1265 3972; x_wconf 79' lang='lat' dir='ltr'>hosmundo</span> <span class='ocrx_word' id='word_1_574' title='bbox 1276 3909 1357 3985; x_wconf 85' lang='lat' dir='ltr'>edita,</span> <span class='ocrx_word' id='word_1_575' title='bbox 1372 3924 1512 3987; x_wconf 89' lang='lat' dir='ltr'>tamquam</span> <span class='ocrx_word' id='word_1_576' title='bbox 1526 3929 1629 3968; x_wconf 73' lang='lat' dir='ltr'>aranea</span> 
     </span>
     <span class='ocr_line' id='line_1_39' title="bbox 65 4001 1629 4100; baseline -0.013 -19"><span class='ocrx_word' id='word_1_577' title='bbox 65 4025 119 4081; x_wconf 86' lang='grc' dir='ltr'>τῶν</span> <span class='ocrx_word' id='word_1_578' title='bbox 137 4012 403 4100; x_wconf 63' lang='grc' dir='ltr'>ριλοσόρωνζάπαντα</span> <span class='ocrx_word' id='word_1_579' title='bbox 422 4009 541 4088; x_wconf 83' lang='grc' dir='ltr'>δόγματα</span> <span class='ocrx_word' id='word_1_580' title='bbox 555 4004 589 4064; x_wconf 82' lang='grc' dir='ltr'>τδ</span> <span class='ocrx_word' id='word_1_581' title='bbox 605 4004 666 4086; x_wconf 86' lang='grc' dir='ltr'>περί</span> <span class='ocrx_word' id='word_1_582' title='bbox 679 4011 725 4064; x_wconf 89' lang='grc' dir='ltr'>τοῦ</span> <span class='ocrx_word' id='word_1_583' title='bbox 736 4005 837 4084; x_wconf 79' lang='grc' dir='ltr'>κόσμου</span> <span class='ocrx_word' id='word_1_584' title='bbox 887 4018 967 4077; x_wconf 77' lang='lat' dir='ltr'>telam</span> <span class='ocrx_word' id='word_1_585' title='bbox 978 4028 1004 4074; x_wconf 87' lang='lat' dir='ltr'>et</span> <span class='ocrx_word' id='word_1_586' title='bbox 1011 4003 1253 4093; x_wconf 83' lang='lat' dir='ltr'>puemrumlndos,</span> <span class='ocrx_word' id='word_1_587' title='bbox 1261 4003 1314 4062; x_wconf 84' lang='lat' dir='ltr'>hoa</span> <span class='ocrx_word' id='word_1_588' title='bbox 1324 4024 1378 4062; x_wconf 90' lang='lat' dir='ltr'>uno</span> <span class='ocrx_word' id='word_1_589' title='bbox 1389 4002 1516 4082; x_wconf 80' lang='lat' dir='ltr'>dogmate</span> <span class='ocrx_word' id='word_1_590' title='bbox 1527 4001 1629 4083; x_wconf 82' lang='lat' dir='ltr'>dejicit.</span> 
     </span>
     <span class='ocr_line' id='line_1_40' title="bbox 61 4093 1630 4178; baseline -0.013 -4"><span class='ocrx_word' id='word_1_591' title='bbox 61 4115 155 4175; x_wconf 80' lang='grc' dir='ltr'>τούτου</span> <span class='ocrx_word' id='word_1_592' title='bbox 172 4107 324 4170; x_wconf 74' lang='grc' dir='ltr'>συντεθέντα</span> <span class='ocrx_word' id='word_1_593' title='bbox 345 4105 447 4175; x_wconf 71' lang='grc' dir='ltr'>αὐτοῖς,</span> <span class='ocrx_word' id='word_1_594' title='bbox 461 4099 552 4178; x_wconf 64' lang='grc' dir='ltr'>ὥσπερ</span> <span class='ocrx_word' id='word_1_595' title='bbox 578 4098 697 4178; x_wconf 67' lang='grc' dir='ltr'>ἀράχνην</span> <span class='ocrx_word' id='word_1_596' title='bbox 711 4096 770 4157; x_wconf 60' lang='grc' dir='ltr'>τινὰ</span> <span class='ocrx_word' id='word_1_597' title='bbox 791 4097 836 4157; x_wconf 66' lang='grc' dir='ltr'>καί</span> <span class='ocrx_word' id='word_1_598' title='bbox 886 4107 940 4170; x_wconf 78' lang='lat' dir='ltr'>Sed</span> <span class='ocrx_word' id='word_1_599' title='bbox 949 4099 1151 4165; x_wconf 87' lang='lat' dir='ltr'>utclariorailla</span> <span class='ocrx_word' id='word_1_600' title='bbox 1160 4097 1223 4172; x_wconf 82' lang='lat' dir='ltr'>sint,</span> <span class='ocrx_word' id='word_1_601' title='bbox 1231 4094 1288 4176; x_wconf 88' lang='lat' dir='ltr'>ipsa</span> <span class='ocrx_word' id='word_1_602' title='bbox 1296 4094 1443 4176; x_wconf 76' lang='lat' dir='ltr'>apostoliea</span> <span class='ocrx_word' id='word_1_603' title='bbox 1451 4093 1524 4154; x_wconf 85' lang='lat' dir='ltr'>dieta</span> <span class='ocrx_word' id='word_1_604' title='bbox 1533 4093 1630 4154; x_wconf 88' lang='lat' dir='ltr'>audia-</span> 
     </span>
     <span class='ocr_line' id='line_1_41' title="bbox 61 4185 1630 4284; baseline -0.019 -9"><span class='ocrx_word' id='word_1_605' title='bbox 61 4209 165 4268; x_wconf 78' lang='grc' dir='ltr'>παίδων</span> <span class='ocrx_word' id='word_1_606' title='bbox 175 4202 330 4284; x_wconf 62' lang='grc' dir='ltr'>ἀθύρματα,</span> <span class='ocrx_word' id='word_1_607' title='bbox 345 4195 381 4255; x_wconf 64' lang='grc' dir='ltr'>ἑνί</span> <span class='ocrx_word' id='word_1_608' title='bbox 394 4192 478 4274; x_wconf 64' lang='grc' dir='ltr'>τῡίίῑθ)</span> <span class='ocrx_word' id='word_1_609' title='bbox 493 4189 701 4270; x_wconf 47' lang='lat' dir='ltr'>’‘uncinulis‘’</span> <span class='ocrx_word' id='word_1_610' title='bbox 714 4189 834 4269; x_wconf 63' lang='grc' dir='ltr'>δίῖθατῑ·</span> <span class='ocrx_word' id='word_1_611' title='bbox 885 4222 954 4263; x_wconf 89' lang='lat' dir='ltr'>mus.</span> <span class='ocrx_word' id='word_1_612' title='bbox 969 4198 1018 4257; x_wconf 87' lang='grc'>19.</span> <span class='ocrx_word' id='word_1_613' title='bbox 1029 4197 1112 4255; x_wconf 87' lang='lat' dir='ltr'>-Nam</span> <span class='ocrx_word' id='word_1_614' title='bbox 1122 4192 1297 4271; x_wconf 79' lang='lat' dir='ltr'>exspectatio</span> <span class='ocrx_word' id='word_1_615' title='bbox 1310 4199 1461 4259; x_wconf 79' lang='lat' dir='ltr'>creatura,</span> <span class='ocrx_word' id='word_1_616' title='bbox 1470 4185 1568 4265; x_wconf 87' lang='lat' dir='ltr'>inquit,</span> <span class='ocrx_word' id='word_1_617' title='bbox 1582 4208 1630 4246; x_wconf 81' lang='lat' dir='ltr'>re-</span> 
     </span>
     <span class='ocr_line' id='line_1_42' title="bbox 60 4279 1632 4374; baseline -0.014 -14"><span class='ocrx_word' id='word_1_618' title='bbox 60 4301 132 4362; x_wconf 71' lang='lat' dir='ltr'>&#39;atu</span> <span class='ocrx_word' id='word_1_619' title='bbox 144 4296 188 4357; x_wconf 78' lang='grc' dir='ltr'>ἵνα</span> <span class='ocrx_word' id='word_1_620' title='bbox 203 4292 352 4374; x_wconf 85' lang='grc' dir='ltr'>σαρέστερα</span> <span class='ocrx_word' id='word_1_621' title='bbox 367 4293 450 4346; x_wconf 85' lang='grc' dir='ltr'>ταῦτα</span> <span class='ocrx_word' id='word_1_622' title='bbox 465 4284 589 4363; x_wconf 83' lang='grc' dir='ltr'>γίνηται,</span> <span class='ocrx_word' id='word_1_623' title='bbox 605 4283 687 4354; x_wconf 79' lang='grc' dir='ltr'>αὐτῆς</span> <span class='ocrx_word' id='word_1_624' title='bbox 701 4288 747 4354; x_wconf 71' lang='grc' dir='ltr'>τῆς</span> <span class='ocrx_word' id='word_1_625' title='bbox 764 4287 835 4342; x_wconf 84' lang='grc' dir='ltr'>ἀπο·</span> <span class='ocrx_word' id='word_1_626' title='bbox 887 4294 1062 4354; x_wconf 67' lang='lat' dir='ltr'>velationem</span> <span class='ocrx_word' id='word_1_627' title='bbox 1070 4286 1201 4367; x_wconf 76' lang='lat' dir='ltr'>filiorum</span> <span class='ocrx_word' id='word_1_628' title='bbox 1211 4281 1270 4338; x_wconf 87' lang='lat' dir='ltr'>Dei</span> <span class='ocrx_word' id='word_1_629' title='bbox 1274 4279 1486 4359; x_wconf 62' lang='lat' dir='ltr'>exspectando.</span> <span class='ocrx_word' id='word_1_630' title='bbox 1496 4279 1632 4350; x_wconf 74' lang='lat' dir='ltr'>Vanitati</span> 
     </span>
     <span class='ocr_line' id='line_1_43' title="bbox 61 4362 1632 4460; baseline -0.02 0"><span class='ocrx_word' id='word_1_631' title='bbox 61 4393 187 4460; x_wconf 68' lang='grc' dir='ltr'>στολνκῆτ</span> <span class='ocrx_word' id='word_1_632' title='bbox 199 4382 387 4459; x_wconf 65' lang='grc' dir='ltr'>ἐπακούσωμεν</span> <span class='ocrx_word' id='word_1_633' title='bbox 403 4378 510 4460; x_wconf 59' lang='grc' dir='ltr'>ῥήσεων</span> <span class='ocrx_word' id='word_1_634' title='bbox 521 4374 555 4434; x_wconf 78' lang='grc' dir='ltr'><em>Ἥ</em></span> <span class='ocrx_word' id='word_1_635' title='bbox 570 4373 621 4452; x_wconf 69' lang='lat' dir='ltr'>th</span> <span class='ocrx_word' id='word_1_636' title='bbox 638 4372 836 4454; x_wconf 56' lang='grc' dir='ltr'>ἀποκαραδοκία</span> <span class='ocrx_word' id='word_1_637' title='bbox 885 4388 963 4446; x_wconf 84' lang='lat' dir='ltr'>enim</span> <span class='ocrx_word' id='word_1_638' title='bbox 969 4362 1107 4443; x_wconf 79' lang='lat' dir='ltr'>creatura</span> <span class='ocrx_word' id='word_1_639' title='bbox 1116 4376 1246 4454; x_wconf 73' lang='lat' dir='ltr'>subjecta</span> <span class='ocrx_word' id='word_1_640' title='bbox 1253 4382 1305 4445; x_wconf 82' lang='lat' dir='ltr'>est,</span> <span class='ocrx_word' id='word_1_641' title='bbox 1314 4389 1374 4429; x_wconf 83' lang='lat' dir='ltr'>noa</span> <span class='ocrx_word' id='word_1_642' title='bbox 1381 4369 1496 4444; x_wconf 77' lang='lat' dir='ltr'>nolens,</span> <span class='ocrx_word' id='word_1_643' title='bbox 1508 4370 1561 4428; x_wconf 86' lang='lat' dir='ltr'>sed</span> <span class='ocrx_word' id='word_1_644' title='bbox 1564 4390 1632 4448; x_wconf 68' lang='lat' dir='ltr'>pro·⁸</span> 
     </span>
     <span class='ocr_line' id='line_1_44' title="bbox 60 4458 1633 4559; baseline -0.013 -16"><span class='ocrx_word' id='word_1_645' title='bbox 60 4492 110 4559; x_wconf 76' lang='grc' dir='ltr'>τῆς</span> <span class='ocrx_word' id='word_1_646' title='bbox 128 4482 252 4552; x_wconf 86' lang='grc' dir='ltr'>κτίσεως,</span> <span class='ocrx_word' id='word_1_647' title='bbox 270 4474 351 4555; x_wconf 81' lang='grc' dir='ltr'>φησί,</span> <span class='ocrx_word' id='word_1_648' title='bbox 374 4471 422 4542; x_wconf 68' lang='grc' dir='ltr'>τὴν</span> <span class='ocrx_word' id='word_1_649' title='bbox 444 4468 608 4546; x_wconf 76' lang='grc' dir='ltr'>ἀποκάλυψιν</span> <span class='ocrx_word' id='word_1_650' title='bbox 629 4467 681 4523; x_wconf 83' lang='grc' dir='ltr'>τῶν</span> <span class='ocrx_word' id='word_1_651' title='bbox 704 4468 767 4523; x_wconf 83' lang='grc' dir='ltr'>υἱῶν</span> <span class='ocrx_word' id='word_1_652' title='bbox 789 4470 835 4525; x_wconf 74' lang='grc' dir='ltr'>τοῦ</span> <span class='ocrx_word' id='word_1_653' title='bbox 884 4491 950 4559; x_wconf 83' lang='lat' dir='ltr'>pter</span> <span class='ocrx_word' id='word_1_654' title='bbox 962 4473 1088 4551; x_wconf 80' lang='lat' dir='ltr'>eumqut&#39;</span> <span class='ocrx_word' id='word_1_655' title='bbox 1097 4469 1219 4548; x_wconf 77' lang='lat' dir='ltr'>subjecit</span> <span class='ocrx_word' id='word_1_656' title='bbox 1233 4483 1300 4522; x_wconf 86' lang='lat' dir='ltr'>eam</span> <span class='ocrx_word' id='word_1_657' title='bbox 1315 4465 1348 4520; x_wconf 82' lang='lat' dir='ltr'>ln</span> <span class='ocrx_word' id='word_1_658' title='bbox 1363 4480 1413 4542; x_wconf 84' lang='lat' dir='ltr'>spe</span> <span class='ocrx_word' id='word_1_659' title='bbox 1421 4485 1434 4532; x_wconf 92' lang='grc'>,·</span> <span class='ocrx_word' id='word_1_660' title='bbox 1448 4458 1478 4520; x_wconf 82' lang='lat' dir='ltr'>id</span> <span class='ocrx_word' id='word_1_661' title='bbox 1492 4475 1531 4521; x_wconf 71' lang='lat' dir='ltr'>eet</span> <span class='ocrx_word' id='word_1_662' title='bbox 1540 4505 1550 4539; x_wconf 88' lang='grc'>,</span> <span class='ocrx_word' id='word_1_663' title='bbox 1566 4461 1633 4522; x_wconf 76' lang='lat' dir='ltr'>Haeo</span> 
     </span>
     <span class='ocr_line' id='line_1_45' title="bbox 60 4553 1629 4650; baseline -0.018 -10"><span class='ocrx_word' id='word_1_664' title='bbox 60 4583 133 4641; x_wconf 85' lang='grc' dir='ltr'>Θεοῦ</span> <span class='ocrx_word' id='word_1_665' title='bbox 148 4569 333 4650; x_wconf 84' lang='grc' dir='ltr'>ἀπεκδίγεται.</span> <span class='ocrx_word' id='word_1_666' title='bbox 348 4567 392 4644; x_wconf 79' lang='grc' dir='ltr'>Τῇ</span> <span class='ocrx_word' id='word_1_667' title='bbox 407 4561 459 4643; x_wconf 67' lang='grc' dir='ltr'>γὰρ</span> <span class='ocrx_word' id='word_1_668' title='bbox 478 4558 663 4639; x_wconf 68' lang='grc' dir='ltr'>ματαῑότητῑθ</span> <span class='ocrx_word' id='word_1_669' title='bbox 676 4557 760 4626; x_wconf 58' lang='lat' dir='ltr'>mitt&lt;</span> <span class='ocrx_word' id='word_1_670' title='bbox 773 4563 837 4618; x_wconf 70' lang='grc' dir='ltr'>ὕπν-</span> <span class='ocrx_word' id='word_1_671' title='bbox 887 4582 1010 4629; x_wconf 71' lang='lat' dir='ltr'>assatura</span> <span class='ocrx_word' id='word_1_672' title='bbox 1030 4559 1176 4622; x_wconf 90' lang='lat' dir='ltr'>admodum</span> <span class='ocrx_word' id='word_1_673' title='bbox 1188 4555 1262 4616; x_wconf 89' lang='lat' dir='ltr'>dolet</span> <span class='ocrx_word' id='word_1_674' title='bbox 1270 4600 1279 4631; x_wconf 85' lang='lat'><strong><em>,</em></strong></span> <span class='ocrx_word' id='word_1_675' title='bbox 1292 4553 1352 4614; x_wconf 77' lang='lat' dir='ltr'>hac</span> <span class='ocrx_word' id='word_1_676' title='bbox 1364 4567 1521 4634; x_wconf 78' lang='lat' dir='ltr'>exspectans</span> <span class='ocrx_word' id='word_1_677' title='bbox 1538 4553 1629 4630; x_wconf 90' lang='lat' dir='ltr'>bona,</span> 
     </span>
     <span class='ocr_line' id='line_1_46' title="bbox 59 4637 1632 4751; baseline -0.013 -27"><span class='ocrx_word' id='word_1_678' title='bbox 59 4672 148 4751; x_wconf 68' lang='grc' dir='ltr'>τάγη,</span> <span class='ocrx_word' id='word_1_679' title='bbox 167 4671 218 4747; x_wconf 80' lang='grc' dir='ltr'>οὐχ</span> <span class='ocrx_word' id='word_1_680' title='bbox 229 4637 340 4732; x_wconf 77' lang='grc' dir='ltr'>ἑκοῦσα,</span> <span class='ocrx_word' id='word_1_681' title='bbox 353 4656 421 4718; x_wconf 75' lang='grc' dir='ltr'>ἀλλὰ</span> <span class='ocrx_word' id='word_1_682' title='bbox 436 4655 478 4714; x_wconf 81' lang='grc' dir='ltr'>διὰ</span> <span class='ocrx_word' id='word_1_683' title='bbox 494 4655 538 4713; x_wconf 85' lang='grc' dir='ltr'>τὸν</span> <span class='ocrx_word' id='word_1_684' title='bbox 549 4650 715 4720; x_wconf 77' lang='grc' dir='ltr'>ὑποτάξαντα</span> <span class='ocrx_word' id='word_1_685' title='bbox 729 4654 771 4711; x_wconf 71' lang='grc' dir='ltr'>ἐπ’</span> <span class='ocrx_word' id='word_1_686' title='bbox 790 4655 835 4712; x_wconf 68' lang='lat' dir='ltr'>ll·</span> <span class='ocrx_word' id='word_1_687' title='bbox 889 4654 1163 4740; x_wconf 82' lang='lat' dir='ltr'>qnaenuncdiximus:</span> <span class='ocrx_word' id='word_1_688' title='bbox 1172 4670 1233 4709; x_wconf 90' lang='lat' dir='ltr'>nam</span> <span class='ocrx_word' id='word_1_689' title='bbox 1240 4645 1481 4728; x_wconf 72' lang='lat' dir='ltr'>tmxapahoxlaest</span> <span class='ocrx_word' id='word_1_690' title='bbox 1489 4645 1632 4710; x_wconf 83' lang='lat' dir='ltr'>vehemens</span> 
     </span>
     <span class='ocr_line' id='line_1_47' title="bbox 59 4736 1631 4834; baseline -0.017 -10"><span class='ocrx_word' id='word_1_691' title='bbox 59 4764 128 4825; x_wconf 83' lang='grc' dir='ltr'>πίδι.</span> <span class='ocrx_word' id='word_1_692' title='bbox 141 4759 202 4819; x_wconf 76' lang='grc' dir='ltr'>’Ὃ</span> <span class='ocrx_word' id='word_1_693' title='bbox 225 4756 253 4817; x_wconf 78' lang='grc' dir='ltr'>δὲ</span> <span class='ocrx_word' id='word_1_694' title='bbox 268 4753 357 4833; x_wconf 74' lang='grc' dir='ltr'>λέγει,</span> <span class='ocrx_word' id='word_1_695' title='bbox 379 4744 493 4807; x_wconf 71' lang='lat' dir='ltr'>rotoisto&#39;t</span> <span class='ocrx_word' id='word_1_696' title='bbox 514 4749 601 4805; x_wconf 58' lang='grc' dir='ltr'>ἐστίν·</span> <span class='ocrx_word' id='word_1_697' title='bbox 622 4749 639 4815; x_wconf 74' lang='grc' dir='ltr'>’λ</span> <span class='ocrx_word' id='word_1_698' title='bbox 660 4744 745 4810; x_wconf 65' lang='grc' dir='ltr'>κτίσις</span> <span class='ocrx_word' id='word_1_699' title='bbox 768 4742 834 4816; x_wconf 63' lang='grc' dir='ltr'>αὕτη</span> <span class='ocrx_word' id='word_1_700' title='bbox 853 4767 871 4816; x_wconf 73' lang='grc' dir='ltr'>Ε</span> <span class='ocrx_word' id='word_1_701' title='bbox 889 4749 1062 4834; x_wconf 84' lang='lat' dir='ltr'>exspectatio.</span> <span class='ocrx_word' id='word_1_702' title='bbox 1073 4748 1168 4825; x_wconf 86' lang='lat' dir='ltr'>Itaque</span> <span class='ocrx_word' id='word_1_703' title='bbox 1183 4741 1229 4801; x_wconf 89' lang='lat' dir='ltr'>hic</span> <span class='ocrx_word' id='word_1_704' title='bbox 1242 4760 1304 4799; x_wconf 88' lang='lat' dir='ltr'>cum</span> <span class='ocrx_word' id='word_1_705' title='bbox 1320 4737 1441 4818; x_wconf 86' lang='lat' dir='ltr'>emphasi</span> <span class='ocrx_word' id='word_1_706' title='bbox 1459 4736 1594 4814; x_wconf 83' lang='lat' dir='ltr'>loquitur,</span> <span class='ocrx_word' id='word_1_707' title='bbox 1604 4748 1631 4799; x_wconf 87' lang='lat' dir='ltr'>et</span> 
     </span>
     <span class='ocr_line' id='line_1_48' title="bbox 59 4826 1631 4937; baseline -0.016 -21"><span class='ocrx_word' id='word_1_708' title='bbox 59 4857 163 4937; x_wconf 72' lang='grc' dir='ltr'>σφόδρα</span> <span class='ocrx_word' id='word_1_709' title='bbox 172 4849 275 4921; x_wconf 82' lang='grc' dir='ltr'>ὠδίνει,</span> <span class='ocrx_word' id='word_1_710' title='bbox 287 4852 370 4904; x_wconf 86' lang='grc' dir='ltr'>ταῦτα</span> <span class='ocrx_word' id='word_1_711' title='bbox 383 4838 549 4917; x_wconf 83' lang='grc' dir='ltr'>ἀναμάνσυσα</span> <span class='ocrx_word' id='word_1_712' title='bbox 560 4835 605 4894; x_wconf 87' lang='grc' dir='ltr'>καί</span> <span class='ocrx_word' id='word_1_713' title='bbox 615 4837 789 4917; x_wconf 81' lang='grc' dir='ltr'>προσδοκῶσα</span> <span class='ocrx_word' id='word_1_714' title='bbox 801 4834 835 4895; x_wconf 76' lang='grc' dir='ltr'>τίν</span> <span class='ocrx_word' id='word_1_715' title='bbox 890 4846 1024 4907; x_wconf 87' lang='lat' dir='ltr'>mundum</span> <span class='ocrx_word' id='word_1_716' title='bbox 1043 4855 1128 4900; x_wconf 86' lang='lat' dir='ltr'>totum</span> <span class='ocrx_word' id='word_1_717' title='bbox 1147 4837 1175 4896; x_wconf 92' lang='lat' dir='ltr'>in</span> <span class='ocrx_word' id='word_1_718' title='bbox 1193 4852 1333 4916; x_wconf 83' lang='lat' dir='ltr'>personam</span> <span class='ocrx_word' id='word_1_719' title='bbox 1354 4828 1501 4889; x_wconf 84' lang='lat' dir='ltr'>convertit:</span> <span class='ocrx_word' id='word_1_720' title='bbox 1514 4826 1589 4907; x_wconf 91' lang='lat' dir='ltr'>quod</span> <span class='ocrx_word' id='word_1_721' title='bbox 1605 4841 1631 4891; x_wconf 82' lang='lat' dir='ltr'>ot</span> 
     </span>
     <span class='ocr_line' id='line_1_49' title="bbox 60 4917 1631 5037; baseline -0.024 -22"><span class='ocrx_word' id='word_1_722' title='bbox 60 4955 162 5037; x_wconf 77' lang='grc' dir='ltr'>ἀγαθά,</span> <span class='ocrx_word' id='word_1_723' title='bbox 180 4953 247 5030; x_wconf 85' lang='grc' dir='ltr'>άπερ</span> <span class='ocrx_word' id='word_1_724' title='bbox 271 4946 415 5027; x_wconf 79' lang='grc' dir='ltr'>εἰρήκαμεν</span> <span class='ocrx_word' id='word_1_725' title='bbox 437 4945 496 4999; x_wconf 90' lang='grc' dir='ltr'>νῦν·</span> <span class='ocrx_word' id='word_1_726' title='bbox 522 4935 721 5017; x_wconf 87' lang='grc' dir='ltr'>ἀποκαραδοκία</span> <span class='ocrx_word' id='word_1_727' title='bbox 743 4935 794 5016; x_wconf 86' lang='grc' dir='ltr'>γδιρ</span> <span class='ocrx_word' id='word_1_728' title='bbox 817 4941 833 5008; x_wconf 78' lang='grc' dir='ltr'>ἡ</span> <span class='ocrx_word' id='word_1_729' title='bbox 889 4937 1025 5021; x_wconf 76' lang='lat' dir='ltr'>propheta</span> <span class='ocrx_word' id='word_1_730' title='bbox 1038 4931 1140 4992; x_wconf 78' lang='lat' dir='ltr'>faciunt</span> <span class='ocrx_word' id='word_1_731' title='bbox 1147 4925 1266 5006; x_wconf 87' lang='lat' dir='ltr'>,fluvios</span> <span class='ocrx_word' id='word_1_732' title='bbox 1280 4920 1404 4980; x_wconf 86' lang='lat' dir='ltr'>manibus</span> <span class='ocrx_word' id='word_1_733' title='bbox 1420 4917 1576 5000; x_wconf 86' lang='lat' dir='ltr'>plaudentes</span> <span class='ocrx_word' id='word_1_734' title='bbox 1586 4919 1631 4978; x_wconf 88' lang='lat' dir='ltr'>&#39;in-</span> 
     </span>
    </p>
   </div>
   <div class='ocr_carea' id='block_1_3' title="bbox 60 5011 1632 5140">
    <p class='ocr_par' dir='ltr' id='par_1_3' title="bbox 60 5011 1632 5140">
     <span class='ocr_line' id='line_1_50' title="bbox 60 5011 1632 5140; baseline -0.026 -27"><span class='ocrx_word' id='word_1_735' title='bbox 60 5057 165 5140; x_wconf 70' lang='grc' dir='ltr'>σροδρίε</span> <span class='ocrx_word' id='word_1_736' title='bbox 191 5048 336 5133; x_wconf 85' lang='grc' dir='ltr'>προσδοκία</span> <span class='ocrx_word' id='word_1_737' title='bbox 362 5043 441 5121; x_wconf 73' lang='grc' dir='ltr'>ἐστίν,</span> <span class='ocrx_word' id='word_1_738' title='bbox 460 5041 544 5101; x_wconf 81' lang='grc' dir='ltr'>Ὥστε</span> <span class='ocrx_word' id='word_1_739' title='bbox 560 5035 586 5096; x_wconf 73' lang='grc' dir='ltr'>δὲ</span> <span class='ocrx_word' id='word_1_740' title='bbox 608 5037 833 5120; x_wconf 71' lang='grc' dir='ltr'>ἐμφαντικώτερον</span> <span class='ocrx_word' id='word_1_741' title='bbox 889 5034 1001 5106; x_wconf 72' lang='lat' dir='ltr'>ducunt,</span> <span class='ocrx_word' id='word_1_742' title='bbox 1022 5042 1046 5088; x_wconf 81' lang='lat' dir='ltr'>ot</span> <span class='ocrx_word' id='word_1_743' title='bbox 1066 5025 1145 5087; x_wconf 85' lang='lat' dir='ltr'>colles</span> <span class='ocrx_word' id='word_1_744' title='bbox 1157 5020 1280 5083; x_wconf 79' lang='lat' dir='ltr'>salientes</span> <span class='ocrx_word' id='word_1_745' title='bbox 1290 5027 1445 5090; x_wconf 79' lang='lat' dir='ltr'>montesque</span> <span class='ocrx_word' id='word_1_746' title='bbox 1456 5011 1632 5091; x_wconf 45' lang='lat' dir='ltr'>exsultantem</span> 
     </span>
    </p>
   </div>
   <div class='ocr_carea' id='block_1_4' title="bbox 96 5264 375 5329">
    <p class='ocr_par' dir='ltr' id='par_1_4' title="bbox 96 5264 375 5329">
     <span class='ocr_line' id='line_1_51' title="bbox 96 5264 375 5329; baseline -0.007 -13"><span class='ocrx_word' id='word_1_747' title='bbox 96 5285 107 5308; x_wconf 69' lang='grc' dir='ltr'>Ι</span> <span class='ocrx_word' id='word_1_748' title='bbox 126 5264 213 5316; x_wconf 79' lang='lat' dir='ltr'>Motel-</span> <span class='ocrx_word' id='word_1_749' title='bbox 228 5269 239 5315; x_wconf 72' lang='grc' dir='ltr'><em>ὃ</em></span> <span class='ocrx_word' id='word_1_750' title='bbox 252 5271 294 5329; x_wconf 79' lang='grc' dir='ltr'>γὰρ</span> <span class='ocrx_word' id='word_1_751' title='bbox 309 5268 375 5328; x_wconf 72' lang='grc' dir='ltr'>λίγα.</span> 
     </span>
    </p>
   </div>
   <div class='ocr_carea' id='block_1_5' title="bbox 0 0 1870 5978">
    <p class='ocr_par' dir='ltr' id='par_1_5' title="bbox 0 0 1870 5978">
     <span class='ocr_line' id='line_1_52' title="bbox 0 0 1870 5978; baseline 0 0"><span class='ocrx_word' id='word_1_752' title='bbox 0 0 1870 5978; x_wconf 95' lang='lat' dir='ltr'> </span> 
     </span>
    </p>
   </div>
  </div>
 </body>
</html>
