3728 5978
103 413 172 483 218
444 432 473 478 S.
501 431 642 480 Jotuuts
659 423 852 479 'crtutsosu
882 398 1040 480 AllClllEl’.
1067 427 1342 482 cousraurtuou.

99 558 272 635 nomaehum,
285 556 320 617 ad
334 557 446 633 leonem,
459 555 545 614 nescio
560 553 627 632 qnid
638 553 744 613 dicam:
759 552 840 630 quid·
902 552 974 623 ἀξίας
987 559 1033 615 τοῦ
1047 556 1157 617 Παύλου
1170 559 1231 640 ἐρῶ.
1242 546 1343 615 Ἦλθον
1358 554 1402 614 ίπί
1425 554 1470 613 τὸν
1483 553 1550 613 κύνα
1563 553 1607 613 τὸν
1621 558 1669 624 δη-

99 651 167 732 qnid
179 650 252 711 enim
263 649 393 726 dixerim,
407 647 537 728 dignitate
555 645 667 705 inferius
679 645 765 706 Paulo
780 643 840 702 erit.
903 648 1018 726 ρατικὸν,
1030 651 1075 709 τὸν
1086 649 1194 718 λέοντας
1207 654 1381 730 ἀναιροῦντα,
1394 648 1440 708 ἐπὶ
1458 648 1504 707 τὸν
1518 653 1615 728 ταῦρον
1626 648 1670 706 τὀν

101 743 185 804 Venit
196 741 233 802 ad
239 741 392 801 venaticum
406 761 509 813 canem,
524 739 612 799 leones
622 736 796 812 occidentem,
805 735 842 795 ad
904 741 1020 822 ἰσχυρὸν,
1032 742 1076 802 ἐπί
1087 740 1136 813 viv
1144 743 1273 820 λαμπάδα
1286 741 1334 813 riv
1349 738 1471 822 φαιδρδν,
1486 739 1530 799 ἐπί
1541 740 1573 798 τὸ
1587 740 1688 819 στόμα.

101 848 209 894 taurum
229 834 334 910 fortem,
354 831 390 891 ad
407 832 545 891 lucernam
562 827 750 910 splendidam,
766 826 801 886 ad
814 848 844 886 os
900 832 974 911 τὸτῇ
986 833 1241 914 οἰκουμένηάριιοῦν.
1254 830 1358 900 Ὄντως
1372 830 1416 891 διὰ
1435 837 1512 891 τοῦτο
1533 833 1562 890 ἐν
1574 830 1669 890 ’Arete

102 925 162 984 orbi
187 925 333 985 sufficiens.
349 927 421 985 Vere
433 921 494 982 ideo
509 921 657 981 Antiochiae
677 919 766 981 vocati
783 933 846 978 sunt
899 925 959 1006 χείρ
971 926 1205 1007 ίχρηματίσθησαν
1215 927 1354 984 καλεῖσθαι
1364 922 1585 1007 Χριστιανυλ,ὄτι
1598 925 1670 981 Παῦ-

104 1017 260 1093 Christiani,
274 1016 338 1095 quia
348 1016 449 1075 Paulus
460 1013 499 1074 ibi
510 1028 584 1073 tanto
597 1027 716 1095 tempore
735 1012 843 1071 mansit.
864 1032 883 1077 n
898 1019 942 1085 λος
965 1019 992 1076 έν
1006 1014 1089 1098 ταίτη
1103 1024 1226 1078 τοσοῦτον
1245 1017 1362 1097 διέτριψε
1380 1015 1485 1098 χρόνον.
1508 1014 1670 1094 Ἐγένετοδί

104 1112 154 1170 26.
191 1111 318 1170 Factum
356 1122 398 1168 est
421 1119 521 1167 autem
554 1119 585 1165 ut
613 1124 725 1164 annum
754 1117 847 1163 totum
900 1107 992 1175 αὐτοῦς
1002 1107 1235 1187 ἓνιαυτὸνἿδλυν]
1250 1112 1413 1188 συναχθῆναι
1423 1106 1669 1186 ἑνπῇἘκκληοίρ,

104 1214 351 1282 congregarentur
368 1205 400 1258 in
415 1200 561 1275 Ecclesia,
584 1211 612 1268 et
627 1198 763 1257 docerent
788 1210 846 1256 tur·
899 1202 945 1261 καὶ
956 1201 1058 1270 διδάξαι
1075 1202 1154 1282 ὄχλον
1168 1202 1269 1275 ίκανδν,
1290 1199 1457 1282 χρηματίσαι
1474 1222 1505 1258 τε
1526 1202 1632 1278 πρῶτον
1644 1202 1669 1258 έν

106 1298 174 1354 bam
193 1294 318 1352 multam
330 1317 342 1362 ;
369 1297 413 1351 ita
440 1304 472 1350 ut
493 1295 769 1372 cognominarentur
787 1293 847 1369 pri·
900 1295 1045 1376 Ἀντιοχείᾳ
1062 1295 1121 1362 τοὺς
1136 1296 1256 1375 μαθητὰς
1272 1293 1452 1374 Χριστιανούς.
1466 1291 1614 1374 Οῦμικρδν
1626 1296 1670 1365 τῆς

104 1409 185 1447 mum
194 1387 226 1446 A
229 1389 364 1446 ntiocltioe
375 1384 511 1464 discipuli
524 1384 696 1442 Christiani.
708 1383 769 1442 Non
781 1404 847 1463 par-
900 1386 1001 1453 πέλιως
1023 1387 1054 1446 τὸ
1079 1386 1220 1466 ἐγκώμιον.
1240 1389 1328 1446 Τοῦτο
1348 1385 1414 1466 πρὸς
1438 1386 1561 1451 ἅπαντας
1581 1389 1669 1463 ατῆναι

106 1500 141 1538 va
154 1479 272 1539 civitatis
285 1477 344 1536 lans
353 1475 420 1535 hac.
444 1474 501 1533 lloc
520 1487 611 1534 contra
638 1493 730 1532 omnes
748 1471 849 1532 adduci
902 1477 1023 1551 δύναται,
1036 1477 1077 1538 ὅτι
1086 1483 1132 1538 τοῦ
1147 1478 1277 1556 στόματος
1289 1477 1387 1537 ἐκείνου
1401 1481 1526 1536 τοσοῦτον
1540 1475 1668 1535 ἀπέλαυσα

105 1584 202 1652 potest,
212 1567 287 1650 quod
299 1568 386 1649 prima
398 1567 520 1627 omnium
529 1587 574 1627 ore
585 1565 633 1624 tali
644 1579 719 1624 tanto
731 1577 850 1646 tempore
901 1569 996 1650 χρόνον
1009 1570 1103 1651 πρώτη
1117 1573 1170 1628 τῶν
1192 1571 1279 1629 ἄλλων
1299 1570 1445 1628 ι’ἁπασῶν
1459 1567 1519 1629 ὅθεν
1536 1567 1582 1626 καὶ
1599 1567 1669 1647 arph-

105 1664 251 1722 frueretur:
263 1659 335 1720 unde
345 1674 372 1718 et
380 1659 469 1740 primo
480 1657 558 1717 isthic
568 1657 621 1716 boc
630 1656 738 1716 nomine
745 1656 850 1735 dignati
902 1685 953 1729 τως
966 1664 1079 1722 ἐνταῦθα
1090 1665 1137 1721 τοῦ
1152 1661 1279 1740 ὀνόματος
1290 1659 1449 1733 ἠξιώθησαν.
1462 1659 1548 1740 Ὁρᾷς
1565 1663 1603 1730 εἷς
1614 1657 1668 1721 ὅσον

106 1769 178 1815 sunt.
204 1753 302 1816 Viden’
332 1754 360 1811 in
395 1764 526 1830 qnantum
550 1749 688 1829 fastigium
714 1748 849 1809 civitatem
903 1753 965 1834 ὕψος
983 1752 1128 1836 incipet-ln
1148 1753 1224 1812 πόλιν
1239 1753 1284 1812 καί
1308 1750 1536 1833 πιριφανιατέραν
1556 1751 1670 1824 ἐποίησας

106 1846 252 1917 extulerit,
270 1845 462 1922 clarioremque
474 1841 595 1900 lecerit?
618 1840 675 1899 lloc
688 1840 770 1899 Pauli
782 1860 850 1921 opus
901 1847 988 1906 Τοῦτο
1009 1844 1117 1906 flachan
1137 1846 1306 1926 κατόρθωμα.
1329 1844 1414 1904 Ἔνθα
1432 1843 1667 1927 epra-gilimiri&

106 1952 154 1998 est.
170 1931 226 1999 Ubi
238 1937 291 1996 tria
305 1935 413 2008 millia,
432 1933 480 1992 ubi
493 1933 614 2012 quinque
627 1931 713 1991 millia
728 1931 850 1991 credide-
900 1937 1111 2023 πεντακισχίλιοι
1134 1937 1301 2012 ἐπίστευσαν,
1324 1936 1386 1996 ένδα
1413 1941 1538 1997 τοσοῦτον
1557 1939 1667 2008 πλῆθος,

105 2044 189 2107 runi,
204 2030 251 2089 ubi
265 2042 338 2089 lania
353 2025 518 2098 mullitudo,
534 2024 573 2084 lbl
592 2023 663 2083 nihil
679 2023 731 2083 lale
749 2024 850 2083 facium
901 2029 973 2090 οὐδὲν
999 2035 1114 2090 τοιοῦτον
1139 2029 1253 2110 γέγονεν,
1281 2031 1339 2089 ἀλλ’
1368 2030 1408 2090 ἔτι
1438 2033 1487 2102 τῆς
1512 2031 1573 2089 ὁδοῦ
1596 2028 1669 2107 μόνον

104 2120 214 2198 θῦίξῦδιλ
223 2120 313 2180 adhuc
326 2118 360 2177 tle
372 2117 419 2178 ria
432 2116 479 2175 lllr‘l
495 2129 600 2202 ldllllllll
613 2135 669 2174 esse
677 2113 847 2175 dicebanturr
869 2121 1013 2193 Βῆχουον·
1035 2125 1146 2182 ἐνταῦθα
1172 2121 1199 2182 δὲ
1220 2122 1374 2203 Χριστιανοὶ
1398 2119 1602 2198 ὠνομάσθησαν,
1625 2119 1669 2180 Ἐν

104 2208 588 2291 hicveroChristianiappellatisunt.
598 2205 851 2267 amathuntem
904 2213 1049 2281 rainaudi
1063 2211 1175 2294 ἡμέραις
1193 2214 1322 2284 κατῆλθον
1335 2212 1388 2272 ἀπὸ
1400 2211 1594 2296 Ἱεροσολύμων
1612 2235 1669 2293 προ-

104 2308 205 2367 diebus
220 2304 431 2379 descenderunt
443 2305 483 2360 ah
495 2297 690 2374 lerosolymis
703 2301 851 2379 propbeta
902 2308 984 2382 φῆται
1000 2306 1036 2374 είς
1052 2302 1221 2383 Ἀντιόχειαν.
1231 2300 1309 2362 Ἐπεί
1323 2300 1369 2360 καί
1382 2301 1426 2360 rho
1436 2307 1484 2374 τῆς
1494 2302 1671 2380 ἐλεημοσύνας

103 2395 450 2468 ΑιιιίοοίιίαιηΩυοιιὶαω
461 2392 540 2452 isthic
549 2392 667 2451 lructurn
676 2391 852 2472 eleemosynae
902 2400 1013 2455 ἐνταῦθα
1025 2395 1127 2477 καρπὸν
1136 2397 1293 2474 φυτευθῆναι
1307 2393 1359 2453 ἔδει
1367 2391 1591 2474 ,4ουμφερόντως
1601 2397 1668 2454 olno-

102 2489 221 2571 plantari
234 2487 383 2569 oportebat,
399 2484 501 2543 utiliter
516 2481 674 2563 providetur
691 2494 721 2540 ιιι
733 2482 851 2563 prophe·
902 2486 1085 2565 υοραῑπαιποὺς
1096 2485 1233 2568 προφήτας
1243 2487 1387 2545 κατελθεῖν,
1400 2484 1440 2544 Σὺ
1456 2484 1484 2544 δέ
1497 2507 1543 2562 μοι
1555 2485 1671 2567 mml-

104 2595 136 2640 ιω
150 2577 443 2640 illodescendant.·Tu
462 2595 528 2637 vero
541 2574 609 2633 milri
637 2573 789 2634 consideres
804 2595 850 2634 re·
904 2602 942 2660 ρει
955 2581 1012 2648 πῶς
1032 2579 1114 2646 οὐδείς
1137 2583 1190 2638 τῶν
1211 2582 1362 2660 περιφανῶν
1385 2576 1432 2637 καὶ
1450 2576 1553 2646 τούτοις
1574 2578 1671 2657 γίνεται

102 2673 168 2751 lim,
192 2668 328 2735 neminem
343 2693 378 2732 ex
401 2668 564 2730 clarioribus
588 2666 686 2727 borum
711 2665 849 2728 doctorem
903 2671 1071 2740 διδάσκαλος·
1095 2671 1230 2753 Κυπρίους
1256 2669 1308 2751 γὰρ
1329 2670 1407 2752 ἔσχον
1431 2670 1608 2736 διδαακιίλωτ
1628 2670 1671 2730 καί

102 2767 201 2828 luisse:
217 2767 336 2849 Cyprios
351 2763 424 2824 enim
434 2763 552 2824 habuere
561 2760 694 2837 doctores,
708 2759 850 2842 Cyrenaeos
902 2763 1079 2846 Κυρηναίους,
1092 2764 1138 2825 καί
1153 2765 1261 2823 Παῦλον
1275 2763 1317 2844 (τί
1337 2761 1383 2822 καλ
1406 2754 1482 2829 οὗτος
1503 2763 1670 2843 ῦπιρέὸαινιν

101 2874 127 2918 et
142 2860 277 2933 Paulum(
289 2857 394 2918 etiamsi
414 2856 460 2915 bic
483 2855 545 2914 illos
567 2852 764 2934 superaverit),
780 2854 850 2916 sicut
902 2857 1027 2936 αὐτούς),
1056 2855 1146 2937 ὥσπερ
1172 2859 1279 2923 Παῦλος
1303 2854 1442 2940 Βαρνάῦαν
1469 2855 1517 2915 καί
1538 2855 1672 2915 Ἀνανίαν·

101 2951 202 3010 Paulus
215 2951 337 3010 doctores
350 2948 448 3007 habuit
464 2946 617 3006 Barnabam
645 2960 671 3004 et
695 2947 846 3024 Ananiam,
903 2952 960 3008 ἀλλ’
975 2950 1049 3010 ὠδίν
1060 2949 1133 3032 παρὰ
1144 2956 1220 3010 τοῦτο
1238 2948 1480 3029 lidecumb-ge
1497 2949 1527 3010 δέ
1544 2948 1619 3028 ὅμως
1628 2951 1670 3011 καί

100 3041 148 3102 ned
159 3041 229 3102 nihil
242 3040 305 3101 inde
318 3040 406 3100 minor
415 3039 467 3098 luit
476 3061 485 3094 ι
495 3037 611 3096 habebat
628 3050 716 3096 tamen
730 3051 756 3095 et
770 3038 849 3097 Chri·
901 3043 945 3102 τὸν
959 3042 1082 3123 Χριστόν.
1092 3040 1218 3109 Ἀναατίις
1237 3039 1265 3100 δέ
1277 3064 1317 3110 τις
1331 3039 1359 3109 ἐξ
1372 3042 1458 3099 αὐτῶν
1468 3041 1583 3115 ὀνόματι
1597 3038 1672 3122 Ἄγα-

100 3146 181 3192 stum.
195 3133 243 3194 28
257 3133 382 3212 Surgeru
397 3141 495 3188 autem
518 3147 594 3187 unus
610 3149 647 3186 ex
668 3132 709 3187 eis
731 3131 849 3188 nomine
859 3177 894 3216 „2
902 3134 965 3207 6ος,
980 3132 1095 3211 ἐσήμανε
1106 3132 1184 3210 λιμὸν
1200 3132 1282 3212 μέγαν
1297 3131 1403 3210 μίλλιιν
1420 3131 1526 3192 ἔσεσθαι
1548 3131 1592 3213 ἐφ’
1609 3131 1670 3205 dn

99 3226 234 3306 Agabus,
247 3223 432 3306 significabat
441 3224 552 3300 samem
564 3221 848 3304 magnamsuturam
866 3233 886 3278 Δ
902 3225 949 3299 τὴν
960 3225 1124 3304 οἰκουμένην.
1133 3221 1229 3291 Ὅστις
1239 3223 1285 3283 καί
1296 3223 1397 3300 ἐγένετο
1406 3224 1450 3284 ἐπὶ
1461 3225 1597 3284 Κλαυδίου
1607 3224 1671 3284 Καί-

100 3322 132 3375 ia
151 3320 285 3376 universo
300 3318 379 3392 orbe,
403 3315 562 3394 quaefacta
581 3325 624 3371 est
647 3315 701 3371 suh
722 3313 848 3373 Claudio
900 3315 1155 3399 οαρος.ἰλναγκαίως
1163 3318 1274 3378 ἐνταῦθα
1282 3317 1360 3395 λιμὸν
1367 3315 1672 3396 μίγανψίλλονιαέαι-

101 3412 229 3471 Caesare.
244 3407 398 3469 Necessario
411 3406 456 3466 hic
471 3406 569 3465 lamen]
579 3424 705 3484 magnam
728 3405 847 3464 futuram
900 3416 961 3471 σθαι
971 3409 1138 3488 οημαίνει,ὃς
1149 3409 1181 3482 δὴ
1191 3408 1236 3469 καί
1244 3408 1357 3489 ἐγένετο,
1365 3408 1435 3469 καθὰ
1442 3408 1504 3490 περὶ
1515 3412 1669 3491 αῦτοῦπρο-

99 3504 255 3584 significat,
272 3501 435 3581 quantiam,
453 3513 481 3558 ut
497 3497 626 3580 predicta
636 3499 734 3576 luerat,
756 3501 843 3560 conti-
899 3502 1071 3584 εῤῥίδη.”ίνα
1083 3503 1134 3585 γὰρ
1142 3501 1179 3580 μὴ
1187 3499 1315 3579 νομίσωσί
1324 3524 1393 3569 τινες
1400 3499 1443 3559 διὰ
1451 3502 1585 3561 τοῦτοτδν
1595 3502 1670 3581 λιμὸν

98 3598 196 3677 gitNe
204 3609 330 3679 putarent
341 3594 411 3654 enim
424 3592 534 3675 quidam
545 3591 606 3652 ideo
619 3593 718 3652 lumem
732 3595 846 3672 venisse,
897 3596 1045 3676 γεγονέναι,
1058 3595 1099 3653 ὅτι
1119 3593 1319 3676 χριστιανιαμὸς
1339 3596 1467 3666 εἰσῆλθεν,
1487 3592 1529 3653 ὅτι
1549 3594 1669 3674 δαίμονος

98 3690 171 3769 quod
188 3688 410 3749 Christianismus
419 3686 555 3765 ingressus
568 3699 644 3760 esset,
661 3684 736 3764 quod
744 3685 846 3747 daemo-
898 3688 1061 3761 ἀπέστησαν,
1074 3687 1196 3767 προλέγει
1216 3685 1248 3745 τδ
1267 3687 1378 3764 Πνεῦμα
1399 3685 1431 3746 τδ
1443 3686 1519 3767 ἅγιον
1542 3686 1558 3748 δ
1580 3686 1669 3766 pitu:

98 3804 145 3842 nes
158 3783 363 3843 abscessissent:
380 3779 505 3861 praedicit
520 3777 638 3858 Spiritus
649 3792 757 3838 sanetus
771 3782 844 3858 quod
898 3780 1067 3860 ουμῦαίνειν·
1081 3777 1171 3858 ὥσπερ
1184 3778 1229 3837 καί
1241 3782 1255 3837 ὁ
1266 3779 1381 3860 Χριοτδς
1389 3787 1501 3858 προεῖπε
1510 3778 1613 3854 πολλὰ,
1625 3780 1668 3840 καί

15 3876 219 3947 ,mutaturum
237 3889 294 3948 est,
317 3873 434 3934 sicutet
456 3871 581 3930 Christus
601 3870 688 3930 multa
717 3871 845 3953 predixit
897 3868 1368 3946 ἔξέῦη.οῦτοίνυνδιίιτοῦτο,έπιί
1384 3868 1668 3951 έδειέξᾰρχῆςτοῦτυ

1 3952 40 3981 ”’
96 3990 155 4048 qua
171 3980 325 4030 evenerunt.
344 3966 405 4025 Non
424 3962 485 4022 ideo
501 3962 603 4042 igitur,
618 3963 681 4042 qnia
708 3963 743 4022 ab
767 3963 845 4024 initio
896 3959 1110 4047 γενέσθαι,δλλδ
1130 3961 1173 4021 διδ
1190 3961 1224 4020 τὰ
1238 3960 1309 4021 κακὰ
1328 3961 1413 4030 eheie
1432 3960 1493 4028 roh<
1508 3962 1668 4031 ἀποστολυος

96 4060 133 4118 ita
161 4081 218 4118 rern
238 4056 360 4129 accidere
382 4052 541 4136 oportebat,
570 4052 619 4112 scd
638 4066 748 4134 propter
771 4055 844 4115 mala
895 4057 1039 4135 γενόμενα
1063 4049 1100 4114 ὧν
1124 4056 1169 4114 καὶ
1187 4053 1342 4133 γενομένων,
1362 4053 1428 4120 τέως
1450 4055 1667 4137 ίμακροίιίμαιδ

94 4151 222 4231 apostolis
245 4150 321 4208 illata
335 4172 343 4204 ι
356 4169 415 4226 qnae
432 4166 517 4226 quum
541 4158 567 4204 et
590 4144 705 4221 fierent,
718 4145 843 4228 aliquan·
895 4148 976 4215 Θεός·
992 4150 1029 4215 ὡς
1050 4146 1078 4206 δί
1099 4146 1242 4217 ἐνέκειντο,
1255 4145 1333 4221 tat<
1355 4144 1475 4224 γίνεται,
1492 4145 1602 4222 μηνίων
1616 4155 1666 4212 τοῖς

95 4243 178 4322 tisper
187 4243 260 4300 Deus
269 4240 402 4322 patienter
411 4238 511 4296 ferebat
517 4261 526 4311 ;
538 4257 601 4296 etun
616 4249 706 4296 autem
721 4236 763 4295 illi
783 4259 842 4319 per·
859 4257 877 4304 Β
895 4239 1032 4306 Ἰουδαίοις
1047 4239 1081 4297 τὰ
1094 4236 1206 4314 ἐσόμενα
1230 4235 1309 4295 κακοί.
1323 4235 1392 4296 Ἀλλ’
1406 4239 1431 4294 τί
1451 4236 1498 4295 καί
1517 4237 1552 4296 δι’
1577 4228 1666 4302 αὐτοῦς

95 4348 207 4415 gerent,
223 4334 305 4391 larnes
325 4329 435 4406 accidit,
452 4350 513 4406 quae
527 4328 632 4389 ludaeis
653 4328 746 4387 lutura
771 4330 841 4388 mala
893 4324 936 4404 ἦν,
951 4331 995 4392 διὰ
1007 4329 1067 4398 τοὺς
1083 4329 1177 4396 ἄλλους
1191 4326 1243 4386 ίδει
1255 4328 1300 4386 κοιλ
1313 4327 1377 4387 ίίντα
1390 4326 1555 4389 παύσασθαι.
1568 4327 1606 4389 Τί
1616 4328 1664 4409 γὰρ

92 4424 302 4510 praenuntiabat.
320 4422 374 4482 Sed
403 4421 450 4479 etsi
459 4433 569 4502 propter
580 4418 690 4480 Judaeos
708 4420 790 4478 lames
800 4441 841 4479 es-
894 4422 1022 4495 ἠδίκηαιιν
1034 4421 1177 4493 Ἕλληνες,
1195 4418 1237 4478 ίνα
1249 4419 1294 4476 καί
1306 4419 1388 4496 μηδὲν
1404 4419 1581 4491 ἀδικήσαντες
1595 4419 1662 4480 αὐτοὶ

94 4533 133 4578 set
147 4564 157 4596 ,
178 4529 289 4598 propter
309 4514 376 4572 alios
389 4511 529 4591 oportebat
548 4510 623 4569 illam
636 4531 746 4570 cessare.
766 4511 840 4584 Quid
893 4519 945 4574 τῶν
954 4518 1043 4575 κακῶν
1056 4512 1280 4593 perogiarum
1292 4511 1319 4570 δὲ
1329 4511 1368 4591 μὴ
1380 4509 1423 4572 διδ
1433 4511 1494 4580 τοὺς
1504 4511 1659 4582 Ἰουδαίους,

93 4611 165 4671 enim
179 4609 285 4692 injuria>
300 4606 445 4666 intulerant
463 4603 574 4674 Graeci,
600 4617 630 4660 ut
648 4603 783 4662 malorum
798 4627 841 4664 es·
891 4607 937 4667 καί
951 4608 1122 4684 εὐδοκιμῆσαι
1137 4604 1168 4674 δὴ
1182 4603 1276 4670 αὐτοὺς
1291 4605 1390 4680 μᾶλλον
1405 4607 1498 4683 ἐχρῆν,
1516 4603 1558 4663 ὅτι
1573 4607 1603 4665 τὸ
1616 4609 1656 4663 ni·

93 4719 151 4766 sent
173 4700 340 4785 participes?
363 4698 393 4758 Si
411 4710 565 4756 autemnon
591 4710 701 4777 propter
718 4698 837 4775 iudaeos,
891 4706 943 4760 τῶν
969 4698 1082 4772 ἐποίουν,
1105 4696 1145 4755 ὅτι
1175 4695 1296 4776 ἀνῄρουν,
1318 4696 1449 4767 έκολαζον,
1472 4700 1659 4779 ἐτιμωροῦντο,

126 4925 154 4987 ¹¹[
167 4929 218 4976 δλον
230 4919 352 4970 inclusum
365 4921 390 4968 in
404 4915 538 4977 Commel.‚
550 4915 620 4966 abest
633 4915 665 4966 ab
677 4915 854 4970 Coddnostris
904 4922 963 4969 riem
978 4930 1084 4979 tantum,
1094 4929 1228 4967 narrantur
1239 4917 1263 4966 in
1277 4932 1350 4981 supra
1362 4913 1433 4964 dicto
1445 4914 1548 4979 Codice,
1559 4918 1624 4981 [imo
1635 4913 1657 4963 in

93 4999 218 5052 (inanibus.
231 5001 315 5062 Quare
328 5015 374 5049 nos
386 5012 486 5064 qtroque
497 4994 665 5061 seclusimus]
903 4995 985 5047 Codd.
998 5001 1026 5047 Α.
1041 4998 1069 5045 B.
1081 4996 1133 5059 C.].

122 5097 132 5117 ε
145 5079 211 5128 Alius
221 5087 321 5131 ἀπατῶν.
335 5083 368 5129 διο
384 5084 420 5129 καί
432 5089 535 5146 πρώτως.
936 5081 950 5111 ¹*
962 5076 970 5138 [
983 5081 1106 5140 petiam,
1115 5090 1164 5138 quo
1176 5084 1262 5122 carent
1276 5069 1352 5133 Editi,
1363 5069 1502 5136 adjecimus
1511 5088 1524 5120 e
1534 5072 1566 5121 D.
1573 5076 1658 5136 μίλλυι

121 5159 133 5195 1¹
148 5159 206 5207 ttae
225 5155 321 5210 diverse
341 5172 451 5220 prorsus,
465 5166 586 5221 quantum
604 5154 635 5205 ad
648 5152 763 5205 ordinem
775 5167 800 5205 et
811 5173 850 5205 se·
902 5162 988 5208 ἰτεοιαι
1000 5154 1041 5217 C.]
