3728 5978
100 537 167 626 ιιι

96 694 175 740 vocat
190 681 270 739 ctiam
281 702 334 756 eos,
347 679 392 757 qui
408 694 546 738 nouerant
559 680 586 738 in
606 680 687 747 choro
698 679 841 739 duodecim
899 683 1029 754 Μαθητὰς
1042 682 1070 743 δέ
1086 684 1161 741 καλοῖ
1180 681 1226 740 καὶ
1241 679 1300 745 τούς
1317 680 1355 756 μὴ
1369 682 1509 745 τελοῦντας
1521 681 1558 745 εἰς
1568 678 1613 737 τδν
1625 702 1671 758 χο

97 773 208 832 illorum
219 796 225 830 :
236 772 300 852 quia
312 786 375 831 tuuc
388 793 479 831 omnes
490 771 525 830 ob
535 771 643 831 virtutis
656 772 842 831 excellentiam
899 774 942 855 pin
964 778 1017 833 τῶν
1040 771 1158 832 δώδεκα·
1186 771 1253 830 διότι
1274 770 1393 849 μαθηταὶ
1411 769 1507 836 πάντες
1531 771 1672 828 ἐκαλοῦντο

98 864 226 946 discipuli
245 865 430 924 vocabantur:
451 863 591 923 manifesta
610 864 681 923 enim
702 877 758 923 erat
782 863 843 922 illo·
862 875 880 919 c
901 865 960 925 τότε
971 863 1183 938 διδιτὴνπολλήν
1200 863 1311 943 ἀρετήν·
1323 855 1355 936 ήν
1366 863 1445 942 γδιρὴ
1461 860 1539 921 εἰκὼν
1553 866 1608 920 τῶν
1623 885 1672 937 μοι·

468 559 497 603 5.
524 559 662 604 ioannis
688 557 873 604 cuut'sosT.
904 559 1057 605 ARCHIEP.
1085 557 1358 605 consummor).

98 979 161 1016 rum
174 956 273 1035 imago.
296 956 336 1015 Et
357 976 456 1015 omnes
480 959 623 1014 timebant
644 975 728 1030 eum,
744 957 841 1035 inquit.

99 1047 188 1125 Vide,
204 1044 339 1125 quomodo
355 1047 445 1105 adhue
463 1047 583 1127 pericula
598 1061 744 1107 metuerent
753 1093 761 1124 ,
777 1069 844 1126 quo·

99 1143 179 1201 modo
193 1141 375 1200 adhuetimor
385 1141 497 1220 vigeret.
509 1144 666 1202 Barnabas
679 1156 777 1202 aretem
792 1165 843 1224 np-

97 1237 271 1314 prehensum
286 1235 370 1292 iilum
382 1235 467 1291 drmit
481 1233 523 1291 ari
533 1235 688 1312 apostolos,
699 1248 728 1292 et
740 1255 844 1293 narra-

101 1331 141 1385 vit
169 1327 237 1384 iltis.
264 1325 383 1386 Videtur
407 1317 500 1383 autem'
520 1324 571 1404 ipsi
603 1325 741 1385 Barnabas
768 1341 843 1385 antea

100 1421 182 1480 fuisse
201 1422 323 1495 amicus,
354 1418 467 1498 ideoque
489 1433 580 1478 narrat
605 1420 704 1495 omnia,
727 1443 786 1500 quae
810 1420 844 1479 ad

100 1513 190 1592 ipsum
211 1512 375 1592 spectabant.
394 1510 469 1569 Nihil
491 1524 581 1569 autern
594 1510 691 1570 horum
706 1512 752 1571 ille
762 1511 842 1571 dicit:

99 1617 166 1683 puto
182 1625 230 1663 nec
247 1602 282 1661 ad
295 1603 362 1661 alios
386 1616 476 1681 postea
500 1601 637 1674 extulisse,
652 1603 703 1662 nisi
723 1604 845 1682 qrraedam

99 1695 180 1755 fuerit
201 1695 350 1777 necessitas.
368 1697 409 1753 Et
429 1708 492 1753 erat
511 1715 577 1753 cnm
598 1696 660 1753 iliis
677 1699 792 1777 intrans
814 1702 846 1754 in

901 963 988 1027 θητῶν
1011 957 1088 1031 δήλη.
1114 957 1168 1017 Καὶ
1188 954 1284 1023 πάντες
1304 955 1442 1035 έροόοῧντο
1468 952 1564 1023 αὐτὸν,
1584 953 1670 1032 ρησίν.

899 1049 984 1130 Ὅρα,
998 1056 1054 1119 πῶς
1067 1050 1209 1131 έροόοῦντο
1219 1048 1279 1115 τοὺς
1291 1047 1433 1120 κινδύνους,
1451 1048 1509 1133 πῶς
1523 1045 1563 1104 ἔτι
1576 1044 1608 1103 τδ
1619 1045 1671 1110 δέος

901 1141 1041 1222 ἐνήκμαζε.
1066 1141 1207 1220 Βαρνάόος
1222 1138 1249 1198 δὲ
1267 1137 1457 1217 έπιλοόόμενος
1469 1139 1566 1210 αὐτοῦ,
1589 1136 1670 1216 ήγογε

901 1235 967 1315 πρδς
987 1234 1046 1302 τοὺς
1061 1233 1238 1302 ἀποστόλους,
1255 1232 1301 1291 καὶ
1315 1231 1461 1311 διηγήσατο
1474 1227 1572 1296 αὐτοῖς.
1595 1229 1671 1304 Ἐμοί

903 1329 972 1387 δοκεῖ
993 1334 1006 1388 δ
1028 1325 1169 1407 Βαρνάόος
1186 1324 1283 1384 ἀνωθεν
1305 1326 1376 1403 αὐτῷ
1394 1313 1462 1395 εἶναι
1475 1321 1562 1402 φίλος·
1576 1319 1616 1379 διὸ
1630 1321 1671 1377 καὶ

903 1421 990 1480 πάντα
1005 1423 1136 1498 διηγεῖται
1149 1418 1184 1478 τὰ
1195 1421 1254 1477 κατ’
1270 1415 1357 1476 αὐτόν.
1380 1414 1465 1474 Οὐδὲν
1480 1413 1508 1474 δὲ
1522 1412 1622 1473 τούτων
1633 1414 1672 1471 αθ·

902 1514 946 1580 τδς
964 1513 1048 1590 λέγει·
1070 1502 1144 1589 οἶμαι
1168 1509 1210 1584 δὲ,
1225 1508 1266 1570 δτι
1281 1507 1327 1567 καί
1342 1510 1380 1573 εἰς
1395 1504 1456 1573 noire
1471 1506 1568 1571 ἀλλους
1585 1507 1632 1565 οὔκ
1644 1508 1672 1562 ἂν

903 1607 976 1679 έξήνε
1012 1628 1038 1662 εν
1052 1603 1178 1682 ὕστερον,
1195 1605 1218 1661 εἰ
1236 1599 1273 1677 μή
1291 1623 1331 1667 τις
1347 1599 1457 1687 ςἀνάγκη
1474 1597 1582 1678 γέγονεν
1594 1601 1672 1676 αὐτῷ.

903 1696 957 1756 Καί
976 1720 1008 1767 ην
1031 1694 1089 1773 μετ’
1109 1697 1195 1753 αὐτῶν
1211 1690 1425 1768 εἰσπορευόμενος
1438 1693 1474 1758 εἰς
1488 1688 1672 1770 Ἰερουσαλήμ,

99 1789 287 1863 Jerusalem,
314 1799 341 1844 et
353 1788 541 1866 fiducialiter
566 1809 655 1866 agens
674 1792 707 1844 in
731 1793 847 1848 nomine
866 1805 881 1846 ιι
902 1788 947 1848 καί
957 1783 1201 1869 παρρησιαζόμενος
1210 1789 1237 1845 ἐν
1246 1783 1402 1864 τῷόνόματι
1410 1781 1565 1862 τοθΚορίου
1575 1783 1671 1853 Ἰησοῦ.

100 1883 224 1939 Domini
235 1883 318 1939 lesu.
332 1879 389 1938 Hoc
405 1893 431 1938 et
439 1880 501 1938 aliis
512 1878 594 1938 dabat
608 1878 745 1940 fiduciam.
760 1882 846 1942 Vides

101 1986 126 2031 et
139 1972 185 2031 hic
198 1986 224 2032 et
235 1971 293 2031 illic
306 1971 373 2031 alios
390 1971 561 2052 providentes
578 1985 603 2031 ct
622 1987 744 2032 curantes
758 1987 787 2032 ut
801 1975 847 2034 ille

99 2064 188 2123 abiret
200 2110 208 2141 ,
233 2086 295 2125 cunr
322 2063 443 2123 nondum
463 2065 513 2124 Dei
536 2064 651 2143 gratiam
678 2066 846 2146 accepisset?

98 2158 194 2238 ltaque
204 2157 243 2216 sic
254 2157 328 2217 illius
347 2159 438 2217 servor
454 2154 611 2216 ostenditur.
631 2158 724 2236 Neque
734 2159 792 2238 jann
805 2157 847 2217 vi-

99 2247 178 2306 detur
200 2247 267 2306 mihi
290 2248 337 2306 itte
352 2269 400 2328 per
419 2261 517 2306 terram
533 2247 584 2305 iter
602 2248 716 2325 habere,
736 2247 784 2307 sed
800 2248 846 2307 de·

99 2339 163 2399 inde
180 2341 335 2421 navigabat.
353 2341 411 2399 Hoc
427 2360 533 2418 quoque
552 2340 583 2398 fit
601 2362 650 2420 per
663 2340 845 2422 dispensatio-

98 2456 169 2509 nem,
193 2447 224 2493 ut
238 2435 277 2493 ibi
290 2435 373 2493 etiam
384 2433 550 2516 praedicaret.
564 2433 628 2493 ldeo
641 2434 725 2514 igitur
742 2434 846 2496 insidiae

100 2526 244 2606 contigere,
255 2541 280 2586 ct
292 2527 545 2608 iterJerosolymam
556 2548 604 2607 per
611 2526 846 2608 dispensationem,

80 2682 83 2687 ,
98 2631 129 2676 οι
138 2637 172 2676 ne
184 2618 255 2679 ultra
266 2632 405 2699 suspectus
415 2632 491 2677 esset.
504 2621 690 2698 loquebatur
706 2633 804 2678 antam
818 2635 845 2679 et

99 2712 268 2790 disputabat
286 2731 353 2769 eum
369 2712 488 2770 Graecis.
501 2711 542 2770 Et
558 2711 720 2783 Ecclesia,
737 2711 844 2792 inquit,

99 2805 247 2862 habebant
266 2824 380 2883 pacem,
409 2803 636 2884 aedificabantur
659 2816 687 2861 et
708 2807 844 2864 ambatia-

100 2898 171 2953 bant
185 2899 217 2952 in
232 2899 335 2953 timore
351 2897 474 2953 Domini
482 2918 493 2963 ;
507 2892 604 2970 idest,
625 2895 798 2970 crescebant,
819 2911 845 2955 et

902 1882 1010 1941 *Τοῦτο
1022 1878 1066 1938 καί
1077 1888 1131 1946 τοῖς
1141 1879 1230 1945 ἀλλοις
1242 1875 1326 1938 ἐδίδου
1340 1878 1456 1958 θαρρεῖν.
1465 1873 1550 1956 Ὁρᾷς
1564 1873 1610 1932 καί
1622 1875 1673 1932 ἐκεῖ

902 1973 947 2032 καὶ
963 1977 1074 2033 ἐνταῦθα
1083 1970 1143 2038 τοδς
1156 1971 1250 2037 ἄλλους
1263 1967 1515 2050 προμηθωμένους,
1534 1964 1581 2026 κοιλ
1595 1989 1672 2024 κατα-

902 2068 1076 2136 σκευάζοντας
1088 2064 1157 2125 ύιστε
1171 2063 1250 2123 οθτδν
1265 2065 1406 2135 ἀπελθεῖν,
1420 2061 1467 2121 καί
1479 2060 1598 2137 οὐδαμοῦ
1610 2058 1673 2126 τέως

903 2157 1069 2219 ἀπολαύοντα
1091 2157 1170 2217 αάτδν
1187 2152 1257 2225 θείας
1280 2158 1378 2236 ῥοπῆς
1402 2152 1485 2214 Οὕτω
1506 2156 1572 2227 γοῦν
1596 2153 1673 2211 emet

902 2251 1033 2311 δείκνυται
1052 2251 1098 2310 καί
1118 2251 1148 2310 τδ
1165 2244 1283 2330 σφοδρόν.
1305 2245 1389 2307 Ὥστε
1400 2249 1429 2305 οὗ
1440 2244 1485 2305 διά
1495 2249 1547 2324 γῆς
1559 2244 1618 2322 ἐμοὶ
1629 2244 1671 2302 δο-

902 2355 942 2404 κεῖ
956 2341 1005 2417 τήν
1019 2342 1126 2425 πορείαν
1141 2341 1219 2400 αθτδν
1233 2344 1380 2413 ποιεῖσθαι,
1395 2339 1464 2398 ἀλλά
1474 2336 1521 2396 καί
1536 2336 1612 2396 ἔπλει
1620 2338 1672 2394 λοι·

901 2438 959 2497 πόν.
983 2436 1037 2496 Καί
1055 2431 1174 2494 τοῦτοδὲ
1194 2435 1366 2510 οἰκονομικῶς
1379 2428 1490 2510 γίνεται,
1505 2432 1543 2498 εἰς
1552 2429 1584 2489 τδ
1595 2428 1671 2488 αὐτὸν

901 2532 946 2590 καὶ
961 2533 1015 2589 ἐκεῖ
1029 2527 1148 2609 κηρῦξαι.
1172 2524 1239 2606 Ἄρα
1250 2524 1295 2585 καλ
1309 2529 1336 2585 οἰ
1349 2521 1564 2604 ἐπεόουλαίθπέρ
1578 2524 1671 2606 αθτῶγ,

902 2623 946 2681 καί
957 2623 987 2681 τδ
1001 2625 1036 2688 εἰς
1050 2618 1220 2700 Ἱεροσολυμα
1235 2619 1319 2677 ἐλθεῖν
1329 2615 1511 2694 οἰκονομικῶς,
1521 2614 1568 2673 ἵνα
1579 2613 1670 2693 μηκέτι

902 2716 1046 2786 ἀπιστῆται
1060 2710 1094 2771 τά
1114 2709 1174 2769 κατ’
1196 2708 1282 2769 αὐτόν.
1304 2707 1413 2768 Ἐλάλει
1432 2729 1463 2765 τι
1476 2704 1523 2766 καί
1538 2704 1670 2776 πινεζήτει

901 2805 966 2886 πρδς
983 2803 1042 2870 τοὺς
1063 2801 1249 2874 Ἑλληνιστάς.
1279 2799 1332 2860 Καί
1346 2788 1430 2878 εἰχον,
1451 2797 1534 2879 φησὶν
1545 2843 1554 2871 ,
1567 2796 1670 2877 εἰρήνην

902 2899 929 2954 οἱ
950 2894 1109 2966 Ἐκκλησίαι
1120 2891 1353 2972 οἰκοδομούμενοι,
1374 2891 1420 2950 καί
1436 2889 1616 2974 πορευόμεναι
1634 2893 1668 2968 τῷ

99 3006 210 3064 pacem,
228 3007 322 3046 reram
335 2985 428 3065 utique
443 3006 554 3064 paoem,
568 2985 639 3044 inter
654 3007 682 3044 se
697 2986 841 3047 habebant.
863 3001 881 3046 Ε
897 2982 975 3070 ’ρόόῳ
991 2995 1037 3048 τοῦ
1052 2987 1169 3070 Κυρίου·
1185 2985 1336 3057 τουτέστιν,
1349 2982 1467 3057 ηύξησαν
1481 2983 1528 3042 καλ
1541 2981 1591 3056 τήν
1603 2982 1668 3063 εἰρή-

98 3077 197 3136 Merito
211 3122 218 3150 ,
236 3098 299 3135 nam
310 3076 392 3137 valde
404 3077 539 3136 afflixerat
553 3077 614 3135 ilios
628 3091 769 3137 externum
786 3078 845 3139 bel-

97 3169 164 3226 lum.
180 3171 221 3227 Et
232 3168 433 3227 consolatione
450 3172 546 3226 saneti
555 3168 680 3247 Spiritus
691 3170 843 3248 replebun-

99 3273 155 3318 tur.
176 3259 370 3318 Consolabator
392 3259 453 3317 iilos
467 3259 584 3339 Spiritus
604 3273 733 3337 sanctus,
752 3275 777 3319 et
796 3284 844 3343 per

98 3351 230 3410 miracula
241 3365 266 3409 et
276 3372 324 3431 per
337 3371 428 3430 opera:
445 3349 549 3408 adhaec
563 3371 647 3427 vero,
662 3349 782 3431 idipsum
791 3354 845 3413 sin-

99 3443 170 3522 gulis
192 3442 286 3501 inerat.
301 3444 429 3499 Factum
444 3454 487 3500 est
500 3453 599 3499 aretem
613 3451 645 3499 nt
657 3444 764 3502 Petrus
774 3445 843 3503 ditm

96 3539 298 3613 pertransiret,
321 3536 485 3611 perveniret
505 3534 547 3590 nd
564 3534 712 3607 Ly‘ddnm.
727 3538 845 3595 Invenit

99 3627 198 3686 nnt'em
219 3629 260 3683 ibi
280 3626 428 3684 nominem
456 3626 690 3699 decumbentem,
717 3640 744 3685 et
769 3628 844 3686 dixit

98 3720 168 3776 tttt:
202 3721 306 3793 AEnen,
331 3731 420 3777 sanat
450 3729 478 3776 te
501 3717 587 3776 Jesns
614 3718 756 3779 Christus.
784 3721 844 3779 Non

97 3812 254 3872 ostentantis
268 3811 372 3870 dictum
389 3825 447 3888 cst,
471 3808 517 3869 sed
534 3807 642 3869 fidentis
659 3832 715 3870 rem
735 3833 790 3872 esse
802 3815 844 3873 fu-

900 3104 946 3154 νην
968 3078 1048 3152 αὐτὴν
1070 3080 1154 3152 δήπου
1174 3079 1241 3159 πρδς
1262 3075 1374 3150 ἑαυτήν,
1396 3074 1444 3149 τήν
1458 3075 1542 3144 ὄντως
1558 3073 1667 3157 εἰρήνην.

900 3172 1032 3239 Εἰκότως·
1053 3172 1154 3253 σφόδρα
1177 3168 1228 3249 γὰρ
1247 3167 1340 3236 αὐτοὺς
1358 3167 1501 3246 δπολεμος
1516 3167 1667 3227 ἐκάκωσενό

900 3264 1002 3334 ἔξωθεν.
1041 3264 1093 3324 Καὶ
1111 3288 1145 3342 τη
1167 3261 1334 3343 παρακλήσει
1353 3265 1399 3320 τοῦ
1420 3260 1495 3340 όιγίοο
1517 3258 1666 3338 Πνεύμαιοτ

901 3358 1086 3430 ἕπληθύνοντο.
1100 3355 1269 3437 εΠοιρεκοίλει
1293 3352 1386 3420 αὐτοὺς
1399 3353 1429 3414 εδ
1442 3354 1558 3431 Πνεῦμα
1571 3350 1615 3412 καλ
1627 3350 1665 3409 διδ

900 3455 952 3510 τῶν
964 3449 1116 3528 θαυμάτιον,
1130 3448 1176 3507 καὶ
1188 3447 1229 3506 διδι
1241 3451 1293 3506 τῶν
1305 3446 1402 3526 ἔργων·
1419 3446 1466 3505 καὶ
1478 3445 1563 3526 χωρίς
1576 3443 1602 3504 δέ
1613 3442 1665 3502 τοί

900 3568 970 3612 των,
994 3541 1038 3601 καί
1057 3540 1117 3600 καθ’
1141 3541 1232 3600 ἑαυτὸν
1252 3537 1371 3598 ἕκαστον.
1396 3537 1521 3616 Ἐγένετο
1531 3535 1559 3598 δὲ
1570 3537 1664 3615 Πέτρον

901 3634 1067 3717 διερχόμενον
1089 3636 1223 3692 κατελθεῖν
1246 3653 1311 3711 προς
1331 3629 1444 3692 Λύδδαν.
1451 3620 1586 3738 ,Εὗρε
1571 3627 1599 3688 οδ
1618 3632 1664 3688 ἐκεῖ

901 3729 1038 3809 ἄνθρωπον
1050 3725 1250 3801 κατακείμενον,
1262 3722 1308 3782 καί
1322 3713 1484 3801 ἰπεναυτω
1499 3721 1591 3789 Αἰνέα,
1601 3719 1664 3778 ἰῖταί

865 3844 930 3915 73σε
952 3821 1054 3893 Ἰησους
1074 3815 1224 3898 όΧριστός.
1250 3817 1309 3874 Οἰικ
1322 3813 1663 3892 ἔπιδεικνυμένουτδρῆμα,

98 3920 195 3964 turam.
216 3905 288 3966 Mihi
309 3926 373 3965 vero
397 3924 507 3985 prorsus
525 3903 633 3963 videtur
656 3926 760 3986 aegrum
779 3878 876 3968 huic¹⁷
862 3933 882 3978 ,ι
878 3879 970 3972 ἀλλά
985 3914 1139 3992 θαρροῦντος
1156 3908 1196 3967 δτι
1217 3906 1300 3967 ἔσται.
1330 3905 1409 3984 Ἐμοί
1431 3905 1459 3964 δὲ
1476 3904 1579 3986 σφόδρα
1593 3905 1664 3974 δοκεῖ,

96 3998 244 4058 credidisse
260 3997 360 4075 verbo,
375 4011 401 4057 ct
419 4018 515 4056 sanum
527 3997 628 4056 facturn
648 3997 739 4057 fuisse
762 3999 844 4070 Quod

96 4106 186 4150 auitam
202 4091 338 4150 sinefastu
358 4103 442 4164 esset,
458 4111 491 4148 ex
506 4089 676 4168 sequentibus
687 4090 776 4170 palam
790 4107 839 4152 est

96 4187 155 4245 Non
170 4188 241 4246 enim
252 4186 344 4259 dixit,
359 4188 389 4245 ln
404 4186 512 4245 nomine
524 4189 587 4247 Jesu
595 4231 604 4262 ,
619 4185 666 4246 sed
680 4201 709 4245 ut
720 4188 839 4268 signum,

96 4278 182 4356 magis
192 4280 243 4337 hoc
254 4291 368 4337 enarrat.
389 4280 529 4336 Wdernm
543 4283 706 4358 contempni
725 4281 841 4340 dabita-

96 4372 168 4427 bnnt
182 4371 330 4445 Lyddnm,
346 4382 373 4427 et
388 4373 520 4428 conversi
535 4372 657 4428 suntad
672 4373 838 4430 Dominum.

95 4461 189 4538 ltaque
202 4481 254 4518 ιιοιι
273 4460 371 4518 frustra
390 4459 449 4517 dixi
466 4459 597 4518 miracula
616 4460 685 4519 sacta
703 4461 787 4520 foisse
805 4464 840 4522 ad

95 4552 294 4632 persuasionem
321 4565 347 4609 et
373 4550 590 4610 consolationem.
613 4556 650 4609 ln
675 4555 768 4633 Ioppe
788 4576 840 4613 an-

95 4659 152 4703 tem
173 4658 236 4703 erat
254 4646 389 4724 precedam
408 4645 570 4723 discipula,
591 4645 700 4723 inquit,
724 4652 840 4707 nomine

98 4739 234 4796 Tabitirn.
248 4739 375 4795 Factum
386 4750 429 4795 est
442 4749 541 4794 nutem
555 4740 586 4793 in
597 4738 697 4796 diebus
712 4739 772 4797 iliis
780 4784 789 4810 ,
806 4754 837 4799 nt

92 4833 246 4913 infirmata
266 4843 433 4889 moreretur.
448 4828 534 4889 Vides
544 4828 644 4907 ubique
658 4830 732 4910 signa
746 4831 837 4891 edita?

93 4925 150 4981 Non
166 4922 324 5003 simpliciter
346 4935 505 4980 mortuaest
521 4920 657 4993 Tabitha,
680 4922 727 4980 sed
749 4924 776 4982 in
793 4925 836 4983 in-

899 4004 939 4064 ότι
955 4003 1039 4084 τούτῳ
1032 4001 1236 4063 ι”έπίστευσε
1201 4025 1239 4081 τῳ
1255 3999 1354 4081 ῥήματι
1367 4003 1382 4058 δ
1396 4002 1524 4070 ἀσθενῶν,
1538 3997 1585 4057 καί
1598 3997 1663 4076 γέγο

898 4122 940 4156 νεν
957 4096 1041 4175 θγιής.
1067 4094 1132 4154 Ὅτι
1152 4093 1179 4152 δὲ
1198 4093 1310 4172 άτυρος,
1331 4091 1377 4150 καί
1396 4093 1475 4149 ἐκ
1439 4115 1492 4149 των
1509 4088 1570 4160 ἑξῆς
1584 4091 1663 4161 δῆλον.

898 4190 1030 4269 Ούγάρε
1018 4178 1100 4260 εἶπεν,
1115 4189 1140 4246 ἐν
1155 4183 1313 4267 τῷόνόμοτι
1327 4187 1430 4254 Ἰησοο·
1442 4184 1531 4241 ἀλλ’
1516 4205 1553 4248 ως
1563 4202 1663 4259 σνμειον

899 4281 1042 4356 μαλλον’
1013 4278 1076 4338 amir
1086 4279 1224 4356 διηγεῖται.
1242 4266 1361 4335 isidorii
1349 4273 1400 4335 oi
1409 4296 1594 4339 κοτοικουντες
1602 4271 1664 4331 duo

897 4373 954 4442 δαν,
968 4370 1040 4430 καλέ
1027 4369 1218 4449 έπέστρεψανέ
1205 4367 1248 4427 ἐπὶ
1262 4366 1372 4446 Κύριον.
1386 4363 1495 4445 Αραοδ
1512 4365 1601 4444 μάτην
1614 4364 1664 4424 tu-

896 4486 951 4540 γον,
969 4462 1034 4520 *ότι
1051 4464 1089 4528 εἰς
1102 4461 1133 4520 τὸ
1146 4468 1237 4519 πεῖσαι
1246 4458 1291 4517 καὶ
1301 4457 1489 4538 παρακαλέσαι
1503 4457 1537 4517 τδι
1549 4455 1664 4535 θαύματα

896 4557 1017 4614 ἐτελεῖτο.
1034 4553 1080 4613 Ἐν
1091 4552 1189 4632 Ἰόππη
1208 4552 1236 4612 δέ
1247 4575 1288 4619 τις
1300 4541 1333 4622 ἦν
1348 4550 1492 4631 μαθήτρια,
1510 4550 1601 4630 φησὶν,
1613 4549 1663 4610 toi

897 4671 962 4723 ματι
974 4645 1098 4716 Tatnos.
1130 4643 1252 4723 Ἐγένετο
1275 4642 1301 4703 δὲ
1316 4647 1342 4703 ἐν
1357 4652 1416 4708 ταῖς
1434 4642 1548 4723 ἡμέραις
1561 4642 1665 4704 ἐκείνοις

895 4737 1078 4810 ἀσθενήσασαν
1103 4735 1186 4807 αὐτήν
1210 4738 1358 4795 ἀποθανεῖν.
1384 4725 1462 4798 Εἶδες
1479 4740 1619 4814 πανταχοῦ
1638 4731 1665 4789 τά

894 4839 993 4908 σημεῖα
1012 4829 1154 4909 γινόμενος
1176 4830 1237 4908 Οὐχ
1258 4829 1348 4895 ἁπλῶς
1362 4825 1492 4886 ἀπέθανεν
1516 4824 1665 4898 ἡΤαόηθδ,

896 4923 955 4981 ἀλλ’
970 4927 996 4981 ἐν
1012 4920 1146 5003 ἀρρωστίᾳ
1160 4920 1296 5000 γενομένη.
1320 4920 1368 4980 Διὸ
1383 4919 1429 4978 καί
1446 4923 1475 4979 οἰι
1495 4922 1606 4978 καλοῦσι
1618 4915 1664 4976 Πέ-

94 5016 247 5073 firmitatem
261 5015 345 5094 lapsa.
371 5013 434 5072 ldeo
449 5016 558 5072 Petrum
572 5034 624 5073 ιιοιι
639 5029 768 5073 vocarunt
786 5013 833 5075 do·
856 5031 872 5075 n
894 5039 964 5095 τρον,
979 5014 1027 5081 ἕως
1040 5013 1083 5072 ότε
1094 5012 1271 5084 ἐτελεύτησεν.
1284 5011 1453 5078 Ἀκούσαντες
1465 5011 1492 5072 δὲ
1505 5016 1528 5071 oi
1543 5009 1663 5088 μαθηταὶ,

127 5226 136 5246 “
152 5225 201 5287 [ita
214 5223 355 5287 commen,
370 5225 446 5277 Soril.
467 5237 492 5276 et
505 5224 589 5277 codd.
609 5228 698 5276 nostri.
713 5224 855 5293 Legebantur

90 5308 155 5354 οὗτοι
170 5304 177 5365 J

939 5239 948 5261 ⁶
962 5221 1007 5272 Ᾰίίί
1022 5227 1145 5291 παρεκάλει
1155 5226 1178 5273 di
1191 5226 1277 5279 αὐτοὺς.

937 5304 948 5324 ¹
962 5303 1011 5365 [ἑτι
1024 5318 1073 5368 quo
1085 5295 1172 5350 care'nt
1184 5297 1261 5361 Ειίῖιῖ,
1273 5296 1418 5348 addidimus
1429 5315 1441 5348 e
1452 5299 1497 5362 lt]
