<?xml version="1.0" encoding="UTF-8"?>
<!DOCTYPE html PUBLIC "-//W3C//DTD XHTML 1.0 Transitional//EN"
    "http://www.w3.org/TR/xhtml1/DTD/xhtml1-transitional.dtd">
<html xmlns="http://www.w3.org/1999/xhtml" xml:lang="en" lang="en">
 <head>
  <title>
</title>
<meta http-equiv="Content-Type" content="text/html;charset=utf-8" />
  <meta name='ocr-system' content='tesseract 3.04.00' />
  <meta name='ocr-capabilities' content='ocr_page ocr_carea ocr_par ocr_line ocrx_word'/>
</head>
<body>
  <div class='ocr_page' id='page_1' title='image "./sanctipatrisnos01chrygoog/sanctipatrisnos01chrygoog_0401.png"; bbox 0 0 3728 5978; ppageno 0'>
   <div class='ocr_carea' id='block_1_1' title="bbox 221 420 1446 516">
    <p class='ocr_par' dir='ltr' id='par_1_1' title="bbox 221 420 1446 516">
     <span class='ocr_line' id='line_1_1' title="bbox 221 420 1446 516; baseline -0.006 -26"><span class='ocrx_word' id='word_1_1' title='bbox 221 420 290 516; x_wconf 73' lang='grc' dir='ltr'>δην</span> <span class='ocrx_word' id='word_1_2' title='bbox 556 438 585 485; x_wconf 90' lang='lat' dir='ltr'>s.</span> <span class='ocrx_word' id='word_1_3' title='bbox 612 432 754 485; x_wconf 75' lang='lat' dir='ltr'>sossius</span> <span class='ocrx_word' id='word_1_4' title='bbox 779 429 964 491; x_wconf 76' lang='lat' dir='ltr'>cmrsosn.</span> <span class='ocrx_word' id='word_1_5' title='bbox 992 435 1149 485; x_wconf 77' lang='lat' dir='ltr'>incuruo.</span> <span class='ocrx_word' id='word_1_6' title='bbox 1176 435 1446 488; x_wconf 73' lang='lat' dir='ltr'>consulumuor.</span> 
     </span>
    </p>
   </div>
   <div class='ocr_carea' id='block_1_2' title="bbox 219 556 1790 735">
    <p class='ocr_par' dir='ltr' id='par_1_2' title="bbox 219 556 1790 735">
     <span class='ocr_line' id='line_1_2' title="bbox 219 556 1788 641; baseline -0.003 -16"><span class='ocrx_word' id='word_1_7' title='bbox 219 565 281 624; x_wconf 90' lang='lat' dir='ltr'>Non</span> <span class='ocrx_word' id='word_1_8' title='bbox 295 562 377 638; x_wconf 87' lang='lat' dir='ltr'>dixit,</span> <span class='ocrx_word' id='word_1_9' title='bbox 402 560 547 640; x_wconf 77' lang='lat' dir='ltr'>Angimm,</span> <span class='ocrx_word' id='word_1_10' title='bbox 563 559 609 619; x_wconf 80' lang='lat' dir='ltr'>sed</span> <span class='ocrx_word' id='word_1_11' title='bbox 629 559 698 618; x_wconf 80' lang='lat' dir='ltr'>ferro</span> <span class='ocrx_word' id='word_1_12' title='bbox 713 577 818 617; x_wconf 88' lang='lat' dir='ltr'>necesse</span> <span class='ocrx_word' id='word_1_13' title='bbox 837 569 895 633; x_wconf 80' lang='lat' dir='ltr'>est;</span> <span class='ocrx_word' id='word_1_14' title='bbox 914 556 962 617; x_wconf 86' lang='lat' dir='ltr'>sod</span> <span class='ocrx_word' id='word_1_15' title='bbox 1014 559 1131 641; x_wconf 85' lang='grc' dir='ltr'>ίπαίρονν</span> <span class='ocrx_word' id='word_1_16' title='bbox 1145 559 1247 632; x_wconf 63' lang='lat' dir='ltr'>tauros,</span> <span class='ocrx_word' id='word_1_17' title='bbox 1258 563 1318 620; x_wconf 79' lang='grc' dir='ltr'>ἀλλ’</span> <span class='ocrx_word' id='word_1_18' title='bbox 1332 560 1444 627; x_wconf 80' lang='grc' dir='ltr'>ἐκείνους</span> <span class='ocrx_word' id='word_1_19' title='bbox 1458 559 1600 630; x_wconf 76' lang='grc' dir='ltr'>διδάσκων,</span> <span class='ocrx_word' id='word_1_20' title='bbox 1611 558 1656 619; x_wconf 79' lang='grc' dir='ltr'>διά</span> <span class='ocrx_word' id='word_1_21' title='bbox 1673 556 1722 637; x_wconf 78' lang='grc' dir='ltr'>μίν</span> <span class='ocrx_word' id='word_1_22' title='bbox 1737 562 1788 620; x_wconf 81' lang='grc' dir='ltr'>τῶν</span> 
     </span>
     <span class='ocr_line' id='line_1_3' title="bbox 220 648 1790 735; baseline -0.003 -20"><span class='ocrx_word' id='word_1_23' title='bbox 220 677 317 735; x_wconf 83' lang='grc' dir='ltr'>νιοιμιε,</span> <span class='ocrx_word' id='word_1_24' title='bbox 329 657 436 714; x_wconf 79' lang='lat' dir='ltr'>(lonseo.</span> <span class='ocrx_word' id='word_1_25' title='bbox 450 652 509 712; x_wconf 91' lang='lat' dir='ltr'>Hoc</span> <span class='ocrx_word' id='word_1_26' title='bbox 522 652 588 710; x_wconf 91' lang='lat' dir='ltr'>item</span> <span class='ocrx_word' id='word_1_27' title='bbox 597 650 674 726; x_wconf 88' lang='lat' dir='ltr'>dicit,</span> <span class='ocrx_word' id='word_1_28' title='bbox 688 648 961 725; x_wconf 80' lang='lat' dir='ltr'>nonseseextollens,</span> <span class='ocrx_word' id='word_1_29' title='bbox 1016 650 1150 734; x_wconf 75' lang='grc' dir='ltr'>προτέρων</span> <span class='ocrx_word' id='word_1_30' title='bbox 1162 650 1212 724; x_wconf 73' lang='grc' dir='ltr'>τὴν</span> <span class='ocrx_word' id='word_1_31' title='bbox 1233 651 1484 732; x_wconf 76' lang='grc' dir='ltr'>ταπεινοφροσύνην,</span> <span class='ocrx_word' id='word_1_32' title='bbox 1497 650 1541 711; x_wconf 80' lang='grc' dir='ltr'>διά</span> <span class='ocrx_word' id='word_1_33' title='bbox 1562 650 1591 710; x_wconf 81' lang='grc' dir='ltr'>δέ</span> <span class='ocrx_word' id='word_1_34' title='bbox 1615 651 1718 711; x_wconf 82' lang='grc' dir='ltr'>τούτοιν</span> <span class='ocrx_word' id='word_1_35' title='bbox 1742 651 1790 725; x_wconf 69' lang='grc' dir='ltr'>τὴν</span> 
     </span>
    </p>
   </div>
   <div class='ocr_carea' id='block_1_3' title="bbox 220 740 1792 1291">
    <p class='ocr_par' dir='ltr' id='par_1_3' title="bbox 220 740 1792 1291">
     <span class='ocr_line' id='line_1_4' title="bbox 220 740 1790 825; baseline -0.004 -18"><span class='ocrx_word' id='word_1_36' title='bbox 220 745 266 807; x_wconf 91' lang='lat' dir='ltr'>sed</span> <span class='ocrx_word' id='word_1_37' title='bbox 277 746 339 806; x_wconf 91' lang='lat' dir='ltr'>illos</span> <span class='ocrx_word' id='word_1_38' title='bbox 353 745 459 819; x_wconf 87' lang='lat' dir='ltr'>docens,</span> <span class='ocrx_word' id='word_1_39' title='bbox 473 764 523 824; x_wconf 85' lang='lat' dir='ltr'>per</span> <span class='ocrx_word' id='word_1_40' title='bbox 535 742 626 823; x_wconf 87' lang='lat' dir='ltr'>priora</span> <span class='ocrx_word' id='word_1_41' title='bbox 642 740 752 821; x_wconf 89' lang='lat' dir='ltr'>quidem</span> <span class='ocrx_word' id='word_1_42' title='bbox 771 740 963 817; x_wconf 76' lang='lat' dir='ltr'><strong>humilitatem,</strong></span> <span class='ocrx_word' id='word_1_43' title='bbox 1017 742 1154 825; x_wconf 80' lang='grc' dir='ltr'>ἀνδρείαν,</span> <span class='ocrx_word' id='word_1_44' title='bbox 1165 741 1214 816; x_wconf 69' lang='grc' dir='ltr'>τὴν</span> <span class='ocrx_word' id='word_1_45' title='bbox 1227 742 1392 825; x_wconf 77' lang='grc' dir='ltr'>παρρησίαν·</span> <span class='ocrx_word' id='word_1_46' title='bbox 1406 743 1469 803; x_wconf 80' lang='grc' dir='ltr'>ιῦσελ</span> <span class='ocrx_word' id='word_1_47' title='bbox 1484 741 1591 824; x_wconf 76' lang='grc' dir='ltr'>ἔλεγεν·</span> <span class='ocrx_word' id='word_1_48' title='bbox 1606 743 1637 802; x_wconf 81' lang='grc' dir='ltr'>οδ</span> <span class='ocrx_word' id='word_1_49' title='bbox 1658 744 1729 822; x_wconf 62' lang='lat' dir='ltr'>pile}</span> <span class='ocrx_word' id='word_1_50' title='bbox 1743 745 1790 801; x_wconf 80' lang='grc' dir='ltr'>αύ-</span> 
     </span>
     <span class='ocr_line' id='line_1_5' title="bbox 220 831 1790 920; baseline -0.001 -24"><span class='ocrx_word' id='word_1_51' title='bbox 220 860 270 920; x_wconf 83' lang='grc' dir='ltr'>ρεν</span> <span class='ocrx_word' id='word_1_52' title='bbox 282 838 339 897; x_wconf 84' lang='lat' dir='ltr'>haec</span> <span class='ocrx_word' id='word_1_53' title='bbox 353 856 417 896; x_wconf 84' lang='lat' dir='ltr'>vero</span> <span class='ocrx_word' id='word_1_54' title='bbox 429 833 615 895; x_wconf 82' lang='lat' dir='ltr'>fortitudinem</span> <span class='ocrx_word' id='word_1_55' title='bbox 626 847 652 894; x_wconf 88' lang='lat' dir='ltr'>et</span> <span class='ocrx_word' id='word_1_56' title='bbox 662 831 790 913; x_wconf 89' lang='lat' dir='ltr'>loquendi</span> <span class='ocrx_word' id='word_1_57' title='bbox 798 832 964 892; x_wconf 76' lang='lat' dir='ltr'>libertatemr</span> <span class='ocrx_word' id='word_1_58' title='bbox 1016 833 1066 906; x_wconf 82' lang='grc' dir='ltr'>τὴν</span> <span class='ocrx_word' id='word_1_59' title='bbox 1074 834 1128 916; x_wconf 78' lang='grc' dir='ltr'>πρὸ</span> <span class='ocrx_word' id='word_1_60' title='bbox 1137 834 1250 907; x_wconf 77' lang='grc' dir='ltr'>ταύτης·</span> <span class='ocrx_word' id='word_1_61' title='bbox 1260 833 1450 916; x_wconf 64' lang='grc' dir='ltr'>προτιμότερον</span> <span class='ocrx_word' id='word_1_62' title='bbox 1460 838 1577 913; x_wconf 81' lang='grc' dir='ltr'>ἡγοῦμαι</span> <span class='ocrx_word' id='word_1_63' title='bbox 1587 835 1619 895; x_wconf 86' lang='grc' dir='ltr'>τδ</span> <span class='ocrx_word' id='word_1_64' title='bbox 1628 835 1737 895; x_wconf 77' lang='grc' dir='ltr'>τελέσαι</span> <span class='ocrx_word' id='word_1_65' title='bbox 1746 835 1790 895; x_wconf 82' lang='grc' dir='ltr'>τὸν</span> 
     </span>
     <span class='ocr_line' id='line_1_6' title="bbox 220 917 1791 1009; baseline -0.003 -20"><span class='ocrx_word' id='word_1_66' title='bbox 220 951 253 989; x_wconf 82' lang='lat' dir='ltr'>ac</span> <span class='ocrx_word' id='word_1_67' title='bbox 264 929 287 988; x_wconf 87' lang='lat' dir='ltr'>si</span> <span class='ocrx_word' id='word_1_68' title='bbox 299 927 401 987; x_wconf 84' lang='lat' dir='ltr'>diceret</span> <span class='ocrx_word' id='word_1_69' title='bbox 414 950 420 984; x_wconf 81' lang='grc' dir='ltr'>ι</span> <span class='ocrx_word' id='word_1_70' title='bbox 433 928 495 987; x_wconf 87' lang='lat' dir='ltr'>Non</span> <span class='ocrx_word' id='word_1_71' title='bbox 510 947 571 987; x_wconf 80' lang='lat' dir='ltr'>nmo</span> <span class='ocrx_word' id='word_1_72' title='bbox 580 926 657 985; x_wconf 80' lang='lat' dir='ltr'>illum</span> <span class='ocrx_word' id='word_1_73' title='bbox 667 945 724 1006; x_wconf 74' lang='lat' dir='ltr'>pre</span> <span class='ocrx_word' id='word_1_74' title='bbox 737 926 807 985; x_wconf 84' lang='lat' dir='ltr'>hnc:</span> <span class='ocrx_word' id='word_1_75' title='bbox 821 925 965 1007; x_wconf 80' lang='lat' dir='ltr'>pretiosius</span> <span class='ocrx_word' id='word_1_76' title='bbox 1018 926 1124 1007; x_wconf 78' lang='grc' dir='ltr'>δρόμον,</span> <span class='ocrx_word' id='word_1_77' title='bbox 1138 925 1169 986; x_wconf 86' lang='grc' dir='ltr'>τὸ</span> <span class='ocrx_word' id='word_1_78' title='bbox 1187 925 1426 1009; x_wconf 79' lang='grc' dir='ltr'>διαμαρτύρασθαι.</span> <span class='ocrx_word' id='word_1_79' title='bbox 1440 926 1495 986; x_wconf 73' lang='grc' dir='ltr'>Καὶ</span> <span class='ocrx_word' id='word_1_80' title='bbox 1513 928 1561 986; x_wconf 82' lang='grc' dir='ltr'>οῦκ</span> <span class='ocrx_word' id='word_1_81' title='bbox 1582 917 1650 998; x_wconf 79' lang='grc' dir='ltr'>εἶπε,</span> <span class='ocrx_word' id='word_1_82' title='bbox 1665 925 1791 1006; x_wconf 82' lang='grc' dir='ltr'>κηρῦξαι,</span> 
     </span>
     <span class='ocr_line' id='line_1_7' title="bbox 220 1016 1791 1099; baseline -0.003 -18"><span class='ocrx_word' id='word_1_83' title='bbox 220 1021 307 1081; x_wconf 81' lang='lat' dir='ltr'>habeo</span> <span class='ocrx_word' id='word_1_84' title='bbox 321 1040 507 1080; x_wconf 80' lang='lat' dir='ltr'>consummare</span> <span class='ocrx_word' id='word_1_85' title='bbox 519 1040 627 1079; x_wconf 89' lang='lat' dir='ltr'>cursum</span> <span class='ocrx_word' id='word_1_86' title='bbox 645 1033 671 1078; x_wconf 91' lang='lat' dir='ltr'>et</span> <span class='ocrx_word' id='word_1_87' title='bbox 685 1017 834 1078; x_wconf 74' lang='lat' dir='ltr'>testificari.</span> <span class='ocrx_word' id='word_1_88' title='bbox 847 1017 904 1077; x_wconf 84' lang='lat' dir='ltr'>Nec</span> <span class='ocrx_word' id='word_1_89' title='bbox 916 1016 964 1077; x_wconf 87' lang='lat' dir='ltr'>di-</span> <span class='ocrx_word' id='word_1_90' title='bbox 1018 1016 1134 1086; x_wconf 77' lang='grc' dir='ltr'>διδάξαι·</span> <span class='ocrx_word' id='word_1_91' title='bbox 1144 1019 1213 1078; x_wconf 75' lang='grc' dir='ltr'>ἀλλὰ</span> <span class='ocrx_word' id='word_1_92' title='bbox 1229 1017 1271 1091; x_wconf 75' lang='grc' dir='ltr'>τίς</span> <span class='ocrx_word' id='word_1_93' title='bbox 1283 1016 1520 1099; x_wconf 82' lang='grc' dir='ltr'>Διαμαρτύροσθαι</span> <span class='ocrx_word' id='word_1_94' title='bbox 1534 1017 1565 1078; x_wconf 82' lang='grc' dir='ltr'>εδ</span> <span class='ocrx_word' id='word_1_95' title='bbox 1575 1018 1731 1098; x_wconf 79' lang='grc' dir='ltr'>εὐαγγέλιον</span> <span class='ocrx_word' id='word_1_96' title='bbox 1743 1023 1791 1090; x_wconf 78' lang='grc' dir='ltr'>τῆς</span> 
     </span>
     <span class='ocr_line' id='line_1_8' title="bbox 220 1107 1790 1193; baseline -0.004 -19"><span class='ocrx_word' id='word_1_97' title='bbox 220 1114 273 1190; x_wconf 84' lang='lat' dir='ltr'>xit,</span> <span class='ocrx_word' id='word_1_98' title='bbox 299 1113 459 1190; x_wconf 67' lang='lat' dir='ltr'>Praedicare,</span> <span class='ocrx_word' id='word_1_99' title='bbox 482 1113 603 1188; x_wconf 81' lang='lat' dir='ltr'>Docere3</span> <span class='ocrx_word' id='word_1_100' title='bbox 624 1110 673 1170; x_wconf 86' lang='lat' dir='ltr'>sed</span> <span class='ocrx_word' id='word_1_101' title='bbox 688 1109 779 1189; x_wconf 76' lang='lat' dir='ltr'>quid?</span> <span class='ocrx_word' id='word_1_102' title='bbox 801 1111 967 1193; x_wconf 81' lang='lat' dir='ltr'>Testifioari</span> <span class='ocrx_word' id='word_1_103' title='bbox 1017 1107 1126 1189; x_wconf 83' lang='grc' dir='ltr'>χάριτος</span> <span class='ocrx_word' id='word_1_104' title='bbox 1142 1115 1188 1169; x_wconf 88' lang='grc' dir='ltr'>τοῦ</span> <span class='ocrx_word' id='word_1_105' title='bbox 1211 1112 1292 1171; x_wconf 85' lang='grc' dir='ltr'>Θεοῦ.</span> <span class='ocrx_word' id='word_1_106' title='bbox 1308 1109 1409 1169; x_wconf 78' lang='grc' dir='ltr'>Μέλλει</span> <span class='ocrx_word' id='word_1_107' title='bbox 1427 1132 1455 1168; x_wconf 89' lang='grc' dir='ltr'>τι</span> <span class='ocrx_word' id='word_1_108' title='bbox 1476 1108 1669 1190; x_wconf 71' lang='grc' dir='ltr'>φορτικώτερον</span> <span class='ocrx_word' id='word_1_109' title='bbox 1692 1109 1790 1187; x_wconf 86' lang='grc' dir='ltr'>λέγειν,</span> 
     </span>
     <span class='ocr_line' id='line_1_9' title="bbox 220 1197 1792 1291; baseline -0.003 -22"><span class='ocrx_word' id='word_1_110' title='bbox 220 1209 406 1291; x_wconf 81' lang='lat' dir='ltr'>evangelium</span> <span class='ocrx_word' id='word_1_111' title='bbox 412 1212 518 1289; x_wconf 77' lang='lat' dir='ltr'>gratioe</span> <span class='ocrx_word' id='word_1_112' title='bbox 528 1210 596 1268; x_wconf 84' lang='lat' dir='ltr'>Dei.</span> <span class='ocrx_word' id='word_1_113' title='bbox 608 1206 684 1280; x_wconf 91' lang='lat' dir='ltr'>Quid</span> <span class='ocrx_word' id='word_1_114' title='bbox 697 1204 835 1266; x_wconf 88' lang='lat' dir='ltr'>molestius</span> <span class='ocrx_word' id='word_1_115' title='bbox 841 1206 965 1266; x_wconf 88' lang='lat' dir='ltr'>dicturus</span> <span class='ocrx_word' id='word_1_116' title='bbox 1018 1197 1059 1258; x_wconf 77' lang='grc' dir='ltr'>ὅτι</span> <span class='ocrx_word' id='word_1_117' title='bbox 1071 1199 1192 1281; x_wconf 83' lang='grc' dir='ltr'>Καθαρδς</span> <span class='ocrx_word' id='word_1_118' title='bbox 1205 1200 1258 1281; x_wconf 58' lang='lat' dir='ltr'>ent</span> <span class='ocrx_word' id='word_1_119' title='bbox 1271 1200 1325 1261; x_wconf 86' lang='grc' dir='ltr'>ιἰπδ</span> <span class='ocrx_word' id='word_1_120' title='bbox 1339 1206 1385 1260; x_wconf 89' lang='grc' dir='ltr'>τοῦ</span> <span class='ocrx_word' id='word_1_121' title='bbox 1399 1199 1510 1278; x_wconf 77' lang='grc' dir='ltr'>αἵματος</span> <span class='ocrx_word' id='word_1_122' title='bbox 1524 1200 1646 1260; x_wconf 65' lang='grc' dir='ltr'>πάντων·</span> <span class='ocrx_word' id='word_1_123' title='bbox 1657 1200 1702 1261; x_wconf 65' lang='grc' dir='ltr'>διὰ</span> <span class='ocrx_word' id='word_1_124' title='bbox 1715 1207 1792 1261; x_wconf 61' lang='lat' dir='ltr'>wito</span> 
     </span>
    </p>
   </div>
   <div class='ocr_carea' id='block_1_4' title="bbox 80 1292 1805 5051">
    <p class='ocr_par' dir='ltr' id='par_1_4' title="bbox 219 1292 1793 1659">
     <span class='ocr_line' id='line_1_10' title="bbox 220 1292 1790 1380; baseline -0.006 -19"><span class='ocrx_word' id='word_1_125' title='bbox 220 1313 260 1361; x_wconf 78' lang='lat' dir='ltr'>est</span> <span class='ocrx_word' id='word_1_126' title='bbox 272 1325 279 1358; x_wconf 79' lang='grc' dir='ltr'>ε</span> <span class='ocrx_word' id='word_1_127' title='bbox 291 1302 422 1360; x_wconf 86' lang='lat' dir='ltr'>Mundus</span> <span class='ocrx_word' id='word_1_128' title='bbox 446 1320 499 1380; x_wconf 81' lang='lat' dir='ltr'>ego</span> <span class='ocrx_word' id='word_1_129' title='bbox 517 1320 582 1360; x_wconf 89' lang='lat' dir='ltr'>sum</span> <span class='ocrx_word' id='word_1_130' title='bbox 600 1320 621 1359; x_wconf 87' lang='lat' dir='ltr'><em>a</em></span> <span class='ocrx_word' id='word_1_131' title='bbox 641 1300 786 1379; x_wconf 76' lang='lat' dir='ltr'>sanguiue</span> <span class='ocrx_word' id='word_1_132' title='bbox 808 1300 963 1357; x_wconf 84' lang='lat' dir='ltr'>omnium:</span> <span class='ocrx_word' id='word_1_133' title='bbox 983 1294 1276 1374; x_wconf 77' lang='grc' dir='ltr'>Επροκατεσκευάζει,</span> <span class='ocrx_word' id='word_1_134' title='bbox 1290 1292 1336 1353; x_wconf 80' lang='grc' dir='ltr'>καί</span> <span class='ocrx_word' id='word_1_135' title='bbox 1356 1293 1495 1372; x_wconf 86' lang='grc' dir='ltr'>δείκνυσιν,</span> <span class='ocrx_word' id='word_1_136' title='bbox 1513 1293 1555 1353; x_wconf 77' lang='grc' dir='ltr'>δτι</span> <span class='ocrx_word' id='word_1_137' title='bbox 1574 1292 1650 1353; x_wconf 77' lang='grc' dir='ltr'>οὐδέν</span> <span class='ocrx_word' id='word_1_138' title='bbox 1669 1292 1790 1353; x_wconf 76' lang='grc' dir='ltr'>ἐλλείπε-</span> 
     </span>
     <span class='ocr_line' id='line_1_11' title="bbox 219 1376 1793 1475; baseline -0.006 -21"><span class='ocrx_word' id='word_1_139' title='bbox 219 1392 281 1454; x_wconf 89' lang='lat' dir='ltr'>ideo</span> <span class='ocrx_word' id='word_1_140' title='bbox 293 1405 425 1475; x_wconf 71' lang='lat' dir='ltr'>preparat</span> <span class='ocrx_word' id='word_1_141' title='bbox 434 1405 461 1452; x_wconf 85' lang='lat' dir='ltr'>et</span> <span class='ocrx_word' id='word_1_142' title='bbox 474 1391 591 1452; x_wconf 88' lang='lat' dir='ltr'>ostendit</span> <span class='ocrx_word' id='word_1_143' title='bbox 600 1390 669 1450; x_wconf 90' lang='lat' dir='ltr'>nihil</span> <span class='ocrx_word' id='word_1_144' title='bbox 679 1389 815 1468; x_wconf 84' lang='lat' dir='ltr'>reliquum</span> <span class='ocrx_word' id='word_1_145' title='bbox 825 1390 964 1463; x_wconf 81' lang='lat' dir='ltr'>esseQuia</span> <span class='ocrx_word' id='word_1_146' title='bbox 1017 1408 1071 1445; x_wconf 90' lang='grc' dir='ltr'>ται.</span> <span class='ocrx_word' id='word_1_147' title='bbox 1084 1385 1163 1446; x_wconf 78' lang='grc' dir='ltr'>Ἐπεὶ</span> <span class='ocrx_word' id='word_1_148' title='bbox 1183 1376 1227 1446; x_wconf 80' lang='grc' dir='ltr'>σύν</span> <span class='ocrx_word' id='word_1_149' title='bbox 1251 1386 1361 1465; x_wconf 81' lang='grc' dir='ltr'>έμελλεν</span> <span class='ocrx_word' id='word_1_150' title='bbox 1383 1389 1471 1454; x_wconf 80' lang='grc' dir='ltr'>αὐτοῖς</span> <span class='ocrx_word' id='word_1_151' title='bbox 1492 1385 1637 1446; x_wconf 70' lang='grc' dir='ltr'>ἐπιτιθέναι</span> <span class='ocrx_word' id='word_1_152' title='bbox 1656 1385 1689 1445; x_wconf 88' lang='grc' dir='ltr'>τδ</span> <span class='ocrx_word' id='word_1_153' title='bbox 1713 1386 1793 1465; x_wconf 81' lang='grc' dir='ltr'>βάρος</span> 
     </span>
     <span class='ocr_line' id='line_1_12' title="bbox 220 1474 1792 1565; baseline -0.006 -21"><span class='ocrx_word' id='word_1_154' title='bbox 220 1485 306 1565; x_wconf 78' lang='lat' dir='ltr'>igitur</span> <span class='ocrx_word' id='word_1_155' title='bbox 328 1485 384 1544; x_wconf 91' lang='lat' dir='ltr'>illis</span> <span class='ocrx_word' id='word_1_156' title='bbox 405 1497 493 1544; x_wconf 89' lang='lat' dir='ltr'>totum</span> <span class='ocrx_word' id='word_1_157' title='bbox 508 1503 577 1542; x_wconf 92' lang='lat' dir='ltr'>onus</span> <span class='ocrx_word' id='word_1_158' title='bbox 596 1496 623 1542; x_wconf 87' lang='lat' dir='ltr'>ct</span> <span class='ocrx_word' id='word_1_159' title='bbox 636 1481 769 1542; x_wconf 84' lang='lat' dir='ltr'>sarcinam</span> <span class='ocrx_word' id='word_1_160' title='bbox 788 1481 965 1563; x_wconf 79' lang='lat' dir='ltr'><strong>impositurus</strong></span> <span class='ocrx_word' id='word_1_161' title='bbox 1019 1476 1090 1536; x_wconf 80' lang='grc' dir='ltr'>ἅπαν</span> <span class='ocrx_word' id='word_1_162' title='bbox 1110 1476 1205 1536; x_wconf 77' lang='grc' dir='ltr'>καὶτὸ</span> <span class='ocrx_word' id='word_1_163' title='bbox 1220 1476 1340 1558; x_wconf 83' lang='grc' dir='ltr'>ρορτίον,</span> <span class='ocrx_word' id='word_1_164' title='bbox 1355 1475 1481 1559; x_wconf 79' lang='grc' dir='ltr'>πρότερον</span> <span class='ocrx_word' id='word_1_165' title='bbox 1502 1474 1685 1554; x_wconf 78' lang='grc' dir='ltr'>κατεμάλαέεν</span> <span class='ocrx_word' id='word_1_166' title='bbox 1707 1479 1792 1535; x_wconf 76' lang='grc' dir='ltr'>αὐτῶν</span> 
     </span>
     <span class='ocr_line' id='line_1_13' title="bbox 220 1559 1792 1659; baseline -0.006 -21"><span class='ocrx_word' id='word_1_167' title='bbox 220 1590 293 1648; x_wconf 80' lang='lat' dir='ltr'>erat,</span> <span class='ocrx_word' id='word_1_168' title='bbox 312 1577 390 1659; x_wconf 89' lang='lat' dir='ltr'>prius</span> <span class='ocrx_word' id='word_1_169' title='bbox 413 1576 525 1635; x_wconf 89' lang='lat' dir='ltr'>illorum</span> <span class='ocrx_word' id='word_1_170' title='bbox 547 1575 670 1635; x_wconf 86' lang='lat' dir='ltr'>animum</span> <span class='ocrx_word' id='word_1_171' title='bbox 687 1573 839 1650; x_wconf 79' lang='lat' dir='ltr'>emollivit,</span> <span class='ocrx_word' id='word_1_172' title='bbox 853 1572 965 1633; x_wconf 82' lang='lat' dir='ltr'>dicens=</span> <span class='ocrx_word' id='word_1_173' title='bbox 1018 1568 1068 1643; x_wconf 79' lang='grc' dir='ltr'>τὴν</span> <span class='ocrx_word' id='word_1_174' title='bbox 1082 1568 1317 1650; x_wconf 82' lang='grc' dir='ltr'>δτάνοιαν,λέγων·</span> <span class='ocrx_word' id='word_1_175' title='bbox 1330 1570 1384 1629; x_wconf 81' lang='grc' dir='ltr'>Καὶ</span> <span class='ocrx_word' id='word_1_176' title='bbox 1403 1577 1447 1629; x_wconf 89' lang='grc' dir='ltr'>νῦν</span> <span class='ocrx_word' id='word_1_177' title='bbox 1468 1567 1523 1629; x_wconf 79' lang='grc' dir='ltr'>ἰδοῦ</span> <span class='ocrx_word' id='word_1_178' title='bbox 1544 1567 1596 1648; x_wconf 69' lang='grc' dir='ltr'>ἐγὼ</span> <span class='ocrx_word' id='word_1_179' title='bbox 1610 1559 1680 1643; x_wconf 75' lang='grc' dir='ltr'>οἶδα,</span> <span class='ocrx_word' id='word_1_180' title='bbox 1691 1567 1732 1627; x_wconf 77' lang='grc' dir='ltr'>δτι</span> <span class='ocrx_word' id='word_1_181' title='bbox 1746 1569 1792 1629; x_wconf 76' lang='grc' dir='ltr'>οὔκ</span> 
     </span>
    </p>

    <p class='ocr_par' dir='ltr' id='par_1_5' title="bbox 164 1650 1793 1934">
     <span class='ocr_line' id='line_1_14' title="bbox 164 1650 1793 1749; baseline -0.006 -19"><span class='ocrx_word' id='word_1_182' title='bbox 164 1653 169 1672; x_wconf 58' lang='lat'>⁸</span> <span class='ocrx_word' id='word_1_183' title='bbox 220 1671 269 1730; x_wconf 69' lang='lat'>25.</span> <span class='ocrx_word' id='word_1_184' title='bbox 280 1672 370 1731; x_wconf 84' lang='lat' dir='ltr'>Nunc</span> <span class='ocrx_word' id='word_1_185' title='bbox 388 1688 454 1729; x_wconf 86' lang='lat' dir='ltr'>ecce</span> <span class='ocrx_word' id='word_1_186' title='bbox 467 1688 520 1749; x_wconf 80' lang='lat' dir='ltr'>ego</span> <span class='ocrx_word' id='word_1_187' title='bbox 530 1670 600 1739; x_wconf 87' lang='lat' dir='ltr'>scio,</span> <span class='ocrx_word' id='word_1_188' title='bbox 613 1666 693 1747; x_wconf 83' lang='lat' dir='ltr'>quod</span> <span class='ocrx_word' id='word_1_189' title='bbox 704 1686 764 1725; x_wconf 91' lang='lat' dir='ltr'>non</span> <span class='ocrx_word' id='word_1_190' title='bbox 779 1666 907 1745; x_wconf 85' lang='lat' dir='ltr'>amplius</span> <span class='ocrx_word' id='word_1_191' title='bbox 922 1667 967 1724; x_wconf 85' lang='lat' dir='ltr'>oi·</span> <span class='ocrx_word' id='word_1_192' title='bbox 1019 1661 1058 1722; x_wconf 90' lang='grc' dir='ltr'>έτι</span> <span class='ocrx_word' id='word_1_193' title='bbox 1076 1662 1170 1743; x_wconf 77' lang='grc' dir='ltr'>δψισδε</span> <span class='ocrx_word' id='word_1_194' title='bbox 1181 1662 1213 1721; x_wconf 87' lang='grc' dir='ltr'>τδ</span> <span class='ocrx_word' id='word_1_195' title='bbox 1230 1661 1371 1742; x_wconf 84' lang='grc' dir='ltr'>πράοτοπάν</span> <span class='ocrx_word' id='word_1_196' title='bbox 1386 1685 1446 1740; x_wconf 79' lang='grc' dir='ltr'>μαι.</span> <span class='ocrx_word' id='word_1_197' title='bbox 1464 1650 1532 1721; x_wconf 83' lang='grc' dir='ltr'>Ε’ίτα</span> <span class='ocrx_word' id='word_1_198' title='bbox 1545 1660 1606 1720; x_wconf 86' lang='grc' dir='ltr'>τότε</span> <span class='ocrx_word' id='word_1_199' title='bbox 1617 1659 1737 1742; x_wconf 78' lang='grc' dir='ltr'>έπιίγσγε</span> <span class='ocrx_word' id='word_1_200' title='bbox 1749 1662 1793 1734; x_wconf 78' lang='lat' dir='ltr'>ed,</span> 
     </span>
     <span class='ocr_line' id='line_1_15' title="bbox 222 1751 1791 1843; baseline -0.007 -22"><span class='ocrx_word' id='word_1_201' title='bbox 222 1763 328 1822; x_wconf 82' lang='lat' dir='ltr'>debitis</span> <span class='ocrx_word' id='word_1_202' title='bbox 340 1763 454 1843; x_wconf 76' lang='lat' dir='ltr'>faciem</span> <span class='ocrx_word' id='word_1_203' title='bbox 472 1780 577 1820; x_wconf 76' lang='lat' dir='ltr'>nocam.</span> <span class='ocrx_word' id='word_1_204' title='bbox 590 1758 696 1818; x_wconf 86' lang='lat' dir='ltr'>Deinde</span> <span class='ocrx_word' id='word_1_205' title='bbox 714 1756 840 1818; x_wconf 87' lang='lat' dir='ltr'>subdidit</span> <span class='ocrx_word' id='word_1_206' title='bbox 855 1781 864 1814; x_wconf 90' lang='grc'>.·</span> <span class='ocrx_word' id='word_1_207' title='bbox 877 1761 967 1818; x_wconf 86' lang='grc' dir='ltr'>Μιτνν-</span> <span class='ocrx_word' id='word_1_208' title='bbox 1020 1754 1142 1836; x_wconf 81' lang='grc' dir='ltr'>Καθαρδς</span> <span class='ocrx_word' id='word_1_209' title='bbox 1162 1751 1215 1834; x_wconf 75' lang='grc' dir='ltr'>ἐγὼ</span> <span class='ocrx_word' id='word_1_210' title='bbox 1239 1753 1293 1814; x_wconf 85' lang='grc' dir='ltr'>άπὸ</span> <span class='ocrx_word' id='word_1_211' title='bbox 1317 1761 1363 1842; x_wconf 78' lang='grc' dir='ltr'>τοῦ</span> <span class='ocrx_word' id='word_1_212' title='bbox 1383 1753 1495 1833; x_wconf 76' lang='grc' dir='ltr'>αἵματος</span> <span class='ocrx_word' id='word_1_213' title='bbox 1519 1752 1637 1813; x_wconf 89' lang='grc' dir='ltr'>πάντων.</span> <span class='ocrx_word' id='word_1_214' title='bbox 1660 1754 1752 1824; x_wconf 84' lang='grc' dir='ltr'>Διπλῆ</span> <span class='ocrx_word' id='word_1_215' title='bbox 1774 1759 1791 1825; x_wconf 82' lang='grc' dir='ltr'>ἡ</span> 
     </span>
     <span class='ocr_line' id='line_1_16' title="bbox 221 1845 1791 1934; baseline -0.005 -20"><span class='ocrx_word' id='word_1_216' title='bbox 221 1856 530 1934; x_wconf 72' lang='lat' dir='ltr'>duusumasanguine</span> <span class='ocrx_word' id='word_1_217' title='bbox 544 1855 684 1911; x_wconf 87' lang='lat' dir='ltr'>omniurn.</span> <span class='ocrx_word' id='word_1_218' title='bbox 699 1849 813 1931; x_wconf 84' lang='lat' dir='ltr'>Duplex</span> <span class='ocrx_word' id='word_1_219' title='bbox 825 1862 863 1909; x_wconf 91' lang='lat' dir='ltr'>est</span> <span class='ocrx_word' id='word_1_220' title='bbox 878 1848 965 1924; x_wconf 86' lang='lat' dir='ltr'>dolor,</span> <span class='ocrx_word' id='word_1_221' title='bbox 1018 1845 1107 1920; x_wconf 84' lang='grc' dir='ltr'>λύπη·</span> <span class='ocrx_word' id='word_1_222' title='bbox 1121 1847 1153 1907; x_wconf 90' lang='grc' dir='ltr'>τά</span> <span class='ocrx_word' id='word_1_223' title='bbox 1172 1846 1269 1921; x_wconf 80' lang='grc' dir='ltr'>τε,Τδ</span> <span class='ocrx_word' id='word_1_224' title='bbox 1288 1847 1430 1928; x_wconf 78' lang='grc' dir='ltr'>πρόσωπον</span> <span class='ocrx_word' id='word_1_225' title='bbox 1453 1850 1532 1906; x_wconf 79' lang='grc' dir='ltr'>αὐτοῦ</span> <span class='ocrx_word' id='word_1_226' title='bbox 1548 1848 1597 1907; x_wconf 81' lang='grc' dir='ltr'>οὐκ</span> <span class='ocrx_word' id='word_1_227' title='bbox 1619 1847 1660 1907; x_wconf 90' lang='grc' dir='ltr'>έτι</span> <span class='ocrx_word' id='word_1_228' title='bbox 1679 1846 1791 1927; x_wconf 54' lang='lat' dir='ltr'>ditate,</span> 
     </span>
    </p>

    <p class='ocr_par' dir='ltr' id='par_1_6' title="bbox 80 1936 1805 5051">
     <span class='ocr_line' id='line_1_17' title="bbox 195 1936 1793 2025; baseline -0.004 -21"><span class='ocrx_word' id='word_1_229' title='bbox 195 2000 196 2004; x_wconf 75' lang='grc'>,</span> <span class='ocrx_word' id='word_1_230' title='bbox 220 1960 249 2008; x_wconf 88' lang='lat' dir='ltr'>et</span> <span class='ocrx_word' id='word_1_231' title='bbox 262 1945 335 2025; x_wconf 88' lang='lat' dir='ltr'>qnod</span> <span class='ocrx_word' id='word_1_232' title='bbox 349 1945 511 2025; x_wconf 79' lang='lat' dir='ltr'>laciemejus</span> <span class='ocrx_word' id='word_1_233' title='bbox 525 1964 578 2004; x_wconf 92' lang='lat' dir='ltr'>non</span> <span class='ocrx_word' id='word_1_234' title='bbox 591 1956 678 2003; x_wconf 90' lang='lat' dir='ltr'>essent</span> <span class='ocrx_word' id='word_1_235' title='bbox 691 1941 787 2017; x_wconf 74' lang='lat' dir='ltr'>visun,</span> <span class='ocrx_word' id='word_1_236' title='bbox 801 1955 827 2001; x_wconf 87' lang='lat' dir='ltr'>et</span> <span class='ocrx_word' id='word_1_237' title='bbox 840 1940 914 2021; x_wconf 91' lang='lat' dir='ltr'>quod</span> <span class='ocrx_word' id='word_1_238' title='bbox 924 1941 967 2001; x_wconf 89' lang='lat' dir='ltr'>illi</span> <span class='ocrx_word' id='word_1_239' title='bbox 1018 1936 1064 1996; x_wconf 77' lang='lat' dir='ltr'>nol</span> <span class='ocrx_word' id='word_1_240' title='bbox 1077 1938 1123 2013; x_wconf 85' lang='grc' dir='ltr'>τδ,</span> <span class='ocrx_word' id='word_1_241' title='bbox 1138 1937 1240 2008; x_wconf 80' lang='grc' dir='ltr'>Αὐτοὺς</span> <span class='ocrx_word' id='word_1_242' title='bbox 1260 1938 1369 2007; x_wconf 83' lang='grc' dir='ltr'>πάντας.</span> <span class='ocrx_word' id='word_1_243' title='bbox 1384 1939 1443 1999; x_wconf 68' lang='lat' dir='ltr'>ote</span> <span class='ocrx_word' id='word_1_244' title='bbox 1456 1939 1495 1999; x_wconf 85' lang='grc' dir='ltr'>έττ</span> <span class='ocrx_word' id='word_1_245' title='bbox 1509 1937 1571 2018; x_wconf 77' lang='grc' dir='ltr'>γάρ,</span> <span class='ocrx_word' id='word_1_246' title='bbox 1594 1937 1685 2019; x_wconf 80' lang='grc' dir='ltr'>φησίν,</span> <span class='ocrx_word' id='word_1_247' title='bbox 1699 1939 1793 2018; x_wconf 53' lang='lat' dir='ltr'>diecto</span> 
     </span>
     <span class='ocr_line' id='line_1_18' title="bbox 100 2022 1792 2116; baseline -0.005 -18"><span class='ocrx_word' id='word_1_248' title='bbox 100 2054 105 2065; x_wconf 88' lang='lat'><strong><em>‘</em></strong></span> <span class='ocrx_word' id='word_1_249' title='bbox 221 2057 322 2097; x_wconf 88' lang='lat' dir='ltr'>omncs.</span> <span class='ocrx_word' id='word_1_250' title='bbox 337 2038 406 2097; x_wconf 88' lang='lat' dir='ltr'>Non</span> <span class='ocrx_word' id='word_1_251' title='bbox 421 2037 559 2116; x_wconf 85' lang='lat' dir='ltr'>amplius,</span> <span class='ocrx_word' id='word_1_252' title='bbox 584 2033 683 2113; x_wconf 90' lang='lat' dir='ltr'>inquit,</span> <span class='ocrx_word' id='word_1_253' title='bbox 698 2033 838 2094; x_wconf 80' lang='lat' dir='ltr'>videbitis</span> <span class='ocrx_word' id='word_1_254' title='bbox 848 2036 967 2116; x_wconf 84' lang='lat' dir='ltr'>sociem</span> <span class='ocrx_word' id='word_1_255' title='bbox 1018 2028 1203 2112; x_wconf 78' lang='grc' dir='ltr'>τὸπράσυιπάν</span> <span class='ocrx_word' id='word_1_256' title='bbox 1217 2031 1473 2109; x_wconf 83' lang='grc' dir='ltr'>μουύμεῑςπάντετ,</span> <span class='ocrx_word' id='word_1_257' title='bbox 1487 2022 1562 2096; x_wconf 82' lang='grc' dir='ltr'>ἐνοίς</span> <span class='ocrx_word' id='word_1_258' title='bbox 1576 2030 1681 2102; x_wconf 72' lang='grc' dir='ltr'>διῆλθον</span> <span class='ocrx_word' id='word_1_259' title='bbox 1696 2029 1792 2111; x_wconf 86' lang='grc' dir='ltr'>κηρύσ-</span> 
     </span>
     <span class='ocr_line' id='line_1_19' title="bbox 222 2120 1793 2208; baseline -0.006 -19"><span class='ocrx_word' id='word_1_260' title='bbox 222 2150 319 2189; x_wconf 89' lang='lat' dir='ltr'>meam</span> <span class='ocrx_word' id='word_1_261' title='bbox 329 2149 385 2188; x_wconf 84' lang='lat' dir='ltr'>vos</span> <span class='ocrx_word' id='word_1_262' title='bbox 398 2148 508 2200; x_wconf 87' lang='lat' dir='ltr'>omnes,</span> <span class='ocrx_word' id='word_1_263' title='bbox 520 2146 573 2208; x_wconf 86' lang='lat' dir='ltr'>per</span> <span class='ocrx_word' id='word_1_264' title='bbox 583 2146 654 2208; x_wconf 86' lang='lat' dir='ltr'>quos</span> <span class='ocrx_word' id='word_1_265' title='bbox 668 2128 794 2185; x_wconf 77' lang='lat' dir='ltr'>transivi</span> <span class='ocrx_word' id='word_1_266' title='bbox 800 2126 967 2206; x_wconf 73' lang='lat' dir='ltr'>predicans</span> <span class='ocrx_word' id='word_1_267' title='bbox 1020 2142 1073 2178; x_wconf 86' lang='grc' dir='ltr'>σων</span> <span class='ocrx_word' id='word_1_268' title='bbox 1091 2120 1140 2193; x_wconf 80' lang='grc' dir='ltr'>τὴν</span> <span class='ocrx_word' id='word_1_269' title='bbox 1162 2121 1310 2200; x_wconf 83' lang='grc' dir='ltr'>βασιλείαν.</span> <span class='ocrx_word' id='word_1_270' title='bbox 1332 2120 1418 2182; x_wconf 83' lang='grc' dir='ltr'>Ὥστε</span> <span class='ocrx_word' id='word_1_271' title='bbox 1443 2121 1551 2190; x_wconf 81' lang='grc' dir='ltr'>εἰκάσεις</span> <span class='ocrx_word' id='word_1_272' title='bbox 1578 2120 1793 2202; x_wconf 64' lang='grc' dir='ltr'>διαμαρτύρομαι</span> 
     </span>
     <span class='ocr_line' id='line_1_20' title="bbox 222 2211 1793 2301; baseline -0.006 -21"><span class='ocrx_word' id='word_1_273' title='bbox 222 2240 353 2301; x_wconf 78' lang='lat' dir='ltr'>regnum.</span> <span class='ocrx_word' id='word_1_274' title='bbox 370 2222 419 2279; x_wconf 73' lang='lat'>26.</span> <span class='ocrx_word' id='word_1_275' title='bbox 439 2220 533 2298; x_wconf 81' lang='lat' dir='ltr'>ltaque</span> <span class='ocrx_word' id='word_1_276' title='bbox 544 2218 608 2298; x_wconf 89' lang='lat' dir='ltr'>jure</span> <span class='ocrx_word' id='word_1_277' title='bbox 626 2217 756 2276; x_wconf 84' lang='lat' dir='ltr'>testificor</span> <span class='ocrx_word' id='word_1_278' title='bbox 767 2215 855 2291; x_wconf 82' lang='lat' dir='ltr'>vobis,</span> <span class='ocrx_word' id='word_1_279' title='bbox 874 2229 968 2298; x_wconf 78' lang='lat' dir='ltr'>utpote</span> <span class='ocrx_word' id='word_1_280' title='bbox 1019 2213 1092 2290; x_wconf 79' lang='grc' dir='ltr'>ύμῖν,</span> <span class='ocrx_word' id='word_1_281' title='bbox 1108 2211 1155 2272; x_wconf 84' lang='grc' dir='ltr'>άτε</span> <span class='ocrx_word' id='word_1_282' title='bbox 1173 2212 1271 2291; x_wconf 83' lang='grc' dir='ltr'>μηκέτι</span> <span class='ocrx_word' id='word_1_283' title='bbox 1292 2213 1510 2298; x_wconf 82' lang='grc' dir='ltr'>παραγινόμενος,</span> <span class='ocrx_word' id='word_1_284' title='bbox 1523 2212 1589 2274; x_wconf 80' lang='grc' dir='ltr'>Ὅτι</span> <span class='ocrx_word' id='word_1_285' title='bbox 1611 2213 1726 2296; x_wconf 84' lang='grc' dir='ltr'>καδαρδς</span> <span class='ocrx_word' id='word_1_286' title='bbox 1742 2213 1793 2292; x_wconf 81' lang='grc' dir='ltr'>ἐγὼ</span> 
     </span>
     <span class='ocr_line' id='line_1_21' title="bbox 222 2303 1793 2390; baseline -0.004 -19"><span class='ocrx_word' id='word_1_287' title='bbox 222 2332 276 2372; x_wconf 94' lang='lat' dir='ltr'>non</span> <span class='ocrx_word' id='word_1_288' title='bbox 291 2311 363 2370; x_wconf 79' lang='lat' dir='ltr'>ultre</span> <span class='ocrx_word' id='word_1_289' title='bbox 375 2309 527 2386; x_wconf 84' lang='lat' dir='ltr'>adfuturus,</span> <span class='ocrx_word' id='word_1_290' title='bbox 543 2309 620 2387; x_wconf 84' lang='lat' dir='ltr'>Quia</span> <span class='ocrx_word' id='word_1_291' title='bbox 642 2307 770 2366; x_wconf 83' lang='lat' dir='ltr'>mundus</span> <span class='ocrx_word' id='word_1_292' title='bbox 787 2325 852 2365; x_wconf 89' lang='lat' dir='ltr'>sum</span> <span class='ocrx_word' id='word_1_293' title='bbox 865 2327 885 2365; x_wconf 85' lang='lat' dir='ltr'><em>a</em></span> <span class='ocrx_word' id='word_1_294' title='bbox 899 2328 968 2367; x_wconf 86' lang='lat' dir='ltr'>san-</span> <span class='ocrx_word' id='word_1_295' title='bbox 977 2303 1075 2390; x_wconf 73' lang='lat' dir='ltr'>⁸³,dni</span> <span class='ocrx_word' id='word_1_296' title='bbox 1087 2310 1133 2363; x_wconf 92' lang='grc' dir='ltr'>τοῦ</span> <span class='ocrx_word' id='word_1_297' title='bbox 1147 2304 1259 2382; x_wconf 88' lang='grc' dir='ltr'>αίματος</span> <span class='ocrx_word' id='word_1_298' title='bbox 1276 2305 1448 2365; x_wconf 86' lang='grc' dir='ltr'>πάντων.ού</span> <span class='ocrx_word' id='word_1_299' title='bbox 1466 2305 1519 2386; x_wconf 73' lang='grc' dir='ltr'>γάρ</span> <span class='ocrx_word' id='word_1_300' title='bbox 1538 2304 1735 2383; x_wconf 76' lang='grc' dir='ltr'>ὑπεστειλάμην</span> <span class='ocrx_word' id='word_1_301' title='bbox 1748 2310 1793 2365; x_wconf 75' lang='grc' dir='ltr'>τοῦ</span> 
     </span>
     <span class='ocr_line' id='line_1_22' title="bbox 221 2393 1793 2483; baseline -0.004 -21"><span class='ocrx_word' id='word_1_302' title='bbox 221 2405 463 2483; x_wconf 79' lang='lat' dir='ltr'>guineomnium.</span> <span class='ocrx_word' id='word_1_303' title='bbox 475 2401 524 2460; x_wconf 68' lang='lat'>27.</span> <span class='ocrx_word' id='word_1_304' title='bbox 535 2400 693 2460; x_wconf 72' lang='grc' dir='ltr'>Νομαντίαν</span> <span class='ocrx_word' id='word_1_305' title='bbox 704 2398 878 2478; x_wconf 75' lang='lat' dir='ltr'>subterfugi,</span> <span class='ocrx_word' id='word_1_306' title='bbox 896 2419 968 2480; x_wconf 87' lang='lat' dir='ltr'>quo-</span> <span class='ocrx_word' id='word_1_307' title='bbox 986 2405 1006 2454; x_wconf 79' lang='grc' dir='ltr'><strong>Δ</strong></span> <span class='ocrx_word' id='word_1_308' title='bbox 1021 2393 1059 2474; x_wconf 82' lang='grc' dir='ltr'>μὴ</span> <span class='ocrx_word' id='word_1_309' title='bbox 1081 2399 1235 2477; x_wconf 84' lang='grc' dir='ltr'>ἀναγγεῖλαι</span> <span class='ocrx_word' id='word_1_310' title='bbox 1260 2400 1322 2476; x_wconf 82' lang='grc' dir='ltr'>ύμῖν</span> <span class='ocrx_word' id='word_1_311' title='bbox 1342 2407 1431 2458; x_wconf 76' lang='grc' dir='ltr'>πᾶσαν</span> <span class='ocrx_word' id='word_1_312' title='bbox 1453 2398 1502 2470; x_wconf 74' lang='grc' dir='ltr'>τὴν</span> <span class='ocrx_word' id='word_1_313' title='bbox 1526 2396 1624 2478; x_wconf 80' lang='grc' dir='ltr'>βουλὴν</span> <span class='ocrx_word' id='word_1_314' title='bbox 1646 2402 1694 2456; x_wconf 88' lang='grc' dir='ltr'>τοῦ</span> <span class='ocrx_word' id='word_1_315' title='bbox 1715 2400 1793 2457; x_wconf 87' lang='grc' dir='ltr'>Θεοῦ.</span> 
     </span>
     <span class='ocr_line' id='line_1_23' title="bbox 226 2487 1793 2571; baseline -0.005 -16"><span class='ocrx_word' id='word_1_316' title='bbox 226 2499 323 2555; x_wconf 85' lang='lat' dir='ltr'>minus</span> <span class='ocrx_word' id='word_1_317' title='bbox 337 2496 546 2554; x_wconf 83' lang='lat' dir='ltr'>annuntiarem</span> <span class='ocrx_word' id='word_1_318' title='bbox 554 2494 640 2551; x_wconf 81' lang='lat' dir='ltr'>vobis</span> <span class='ocrx_word' id='word_1_319' title='bbox 653 2510 767 2550; x_wconf 83' lang='lat' dir='ltr'>omnem</span> <span class='ocrx_word' id='word_1_320' title='bbox 780 2490 968 2551; x_wconf 81' lang='lat' dir='ltr'>uoluntatem</span> <span class='ocrx_word' id='word_1_321' title='bbox 1020 2487 1102 2571; x_wconf 68' lang='grc' dir='ltr'>Ὁρᾷς</span> <span class='ocrx_word' id='word_1_322' title='bbox 1115 2494 1172 2556; x_wconf 84' lang='grc' dir='ltr'>πῶς</span> <span class='ocrx_word' id='word_1_323' title='bbox 1184 2490 1274 2570; x_wconf 61' lang='lat' dir='ltr'>pter,</span> <span class='ocrx_word' id='word_1_324' title='bbox 1286 2489 1332 2549; x_wconf 81' lang='grc' dir='ltr'>καί</span> <span class='ocrx_word' id='word_1_325' title='bbox 1345 2489 1530 2568; x_wconf 85' lang='grc' dir='ltr'>πεπονημένας</span> <span class='ocrx_word' id='word_1_326' title='bbox 1543 2492 1630 2549; x_wconf 83' lang='grc' dir='ltr'>αὐτῶν</span> <span class='ocrx_word' id='word_1_327' title='bbox 1643 2489 1692 2556; x_wconf 77' lang='grc' dir='ltr'>τάς</span> <span class='ocrx_word' id='word_1_328' title='bbox 1707 2488 1793 2570; x_wconf 69' lang='grc' dir='ltr'>ψυχάς</span> 
     </span>
     <span class='ocr_line' id='line_1_24' title="bbox 223 2572 1791 2664; baseline -0.004 -15"><span class='ocrx_word' id='word_1_329' title='bbox 223 2589 291 2648; x_wconf 72' lang='grc' dir='ltr'>θεέ.</span> <span class='ocrx_word' id='word_1_330' title='bbox 304 2585 402 2658; x_wconf 73' lang='lat' dir='ltr'>Vich,</span> <span class='ocrx_word' id='word_1_331' title='bbox 417 2581 552 2663; x_wconf 88' lang='lat' dir='ltr'>quomodo</span> <span class='ocrx_word' id='word_1_332' title='bbox 562 2595 653 2656; x_wconf 83' lang='lat' dir='ltr'>terret,</span> <span class='ocrx_word' id='word_1_333' title='bbox 662 2580 847 2641; x_wconf 78' lang='lat' dir='ltr'>etlnbornntcs</span> <span class='ocrx_word' id='word_1_334' title='bbox 857 2579 968 2642; x_wconf 88' lang='lat' dir='ltr'>illorum</span> <span class='ocrx_word' id='word_1_335' title='bbox 1019 2579 1065 2639; x_wconf 82' lang='grc' dir='ltr'>καλ</span> <span class='ocrx_word' id='word_1_336' title='bbox 1078 2580 1254 2660; x_wconf 85' lang='grc' dir='ltr'>τεθλιμμένας</span> <span class='ocrx_word' id='word_1_337' title='bbox 1267 2580 1413 2664; x_wconf 78' lang='grc' dir='ltr'>έπιτρίύει;</span> <span class='ocrx_word' id='word_1_338' title='bbox 1424 2583 1529 2657; x_wconf 77' lang='grc' dir='ltr'>Καλῶς,</span> <span class='ocrx_word' id='word_1_339' title='bbox 1543 2584 1583 2640; x_wconf 79' lang='grc' dir='ltr'>ὅτι</span> <span class='ocrx_word' id='word_1_340' title='bbox 1593 2582 1736 2660; x_wconf 77' lang='grc' dir='ltr'>ἀναγκαῖον</span> <span class='ocrx_word' id='word_1_341' title='bbox 1749 2572 1791 2652; x_wconf 72' lang='grc' dir='ltr'>ἦν.</span> 
     </span>
     <span class='ocr_line' id='line_1_25' title="bbox 222 2670 1792 2755; baseline -0.006 -18"><span class='ocrx_word' id='word_1_342' title='bbox 222 2676 326 2738; x_wconf 73' lang='lat' dir='ltr'>animm</span> <span class='ocrx_word' id='word_1_343' title='bbox 338 2677 505 2755; x_wconf 76' lang='lat' dir='ltr'>afflictasque</span> <span class='ocrx_word' id='word_1_344' title='bbox 517 2674 633 2735; x_wconf 75' lang='lat' dir='ltr'>atterit?</span> <span class='ocrx_word' id='word_1_345' title='bbox 656 2673 738 2745; x_wconf 72' lang='lat' dir='ltr'>Bne,</span> <span class='ocrx_word' id='word_1_346' title='bbox 758 2671 823 2752; x_wconf 84' lang='lat' dir='ltr'>quin</span> <span class='ocrx_word' id='word_1_347' title='bbox 849 2693 968 2733; x_wconf 81' lang='lat' dir='ltr'>necesso·</span> <span class='ocrx_word' id='word_1_348' title='bbox 1020 2673 1062 2732; x_wconf 84' lang='grc' dir='ltr'>Ού</span> <span class='ocrx_word' id='word_1_349' title='bbox 1075 2672 1128 2751; x_wconf 76' lang='grc' dir='ltr'>γάρ</span> <span class='ocrx_word' id='word_1_350' title='bbox 1141 2672 1336 2751; x_wconf 74' lang='grc' dir='ltr'>ὑπεστειλάμην</span> <span class='ocrx_word' id='word_1_351' title='bbox 1346 2677 1392 2732; x_wconf 91' lang='grc' dir='ltr'>τοῦ</span> <span class='ocrx_word' id='word_1_352' title='bbox 1405 2670 1443 2749; x_wconf 74' lang='grc' dir='ltr'>μὴ</span> <span class='ocrx_word' id='word_1_353' title='bbox 1459 2673 1613 2752; x_wconf 76' lang='grc' dir='ltr'>ἀναγγεῖλαι</span> <span class='ocrx_word' id='word_1_354' title='bbox 1626 2674 1700 2749; x_wconf 81' lang='grc' dir='ltr'>ύμῖν,</span> <span class='ocrx_word' id='word_1_355' title='bbox 1714 2671 1792 2752; x_wconf 85' lang='grc' dir='ltr'>ρησί,</span> 
     </span>
     <span class='ocr_line' id='line_1_26' title="bbox 223 2761 1790 2847; baseline -0.003 -20"><span class='ocrx_word' id='word_1_356' title='bbox 223 2767 297 2829; x_wconf 85' lang='lat' dir='ltr'>rium</span> <span class='ocrx_word' id='word_1_357' title='bbox 323 2781 389 2828; x_wconf 77' lang='lat' dir='ltr'>erat.</span> <span class='ocrx_word' id='word_1_358' title='bbox 406 2769 476 2828; x_wconf 84' lang='lat' dir='ltr'>Non</span> <span class='ocrx_word' id='word_1_359' title='bbox 490 2769 568 2827; x_wconf 87' lang='lat' dir='ltr'>enirn</span> <span class='ocrx_word' id='word_1_360' title='bbox 581 2765 757 2846; x_wconf 72' lang='lat' dir='ltr'>subterfugi,</span> <span class='ocrx_word' id='word_1_361' title='bbox 780 2762 882 2843; x_wconf 91' lang='lat' dir='ltr'>inquit,</span> <span class='ocrx_word' id='word_1_362' title='bbox 899 2785 970 2847; x_wconf 84' lang='lat' dir='ltr'>quo·</span> <span class='ocrx_word' id='word_1_363' title='bbox 1019 2772 1109 2823; x_wconf 69' lang='grc' dir='ltr'>πᾶσαν</span> <span class='ocrx_word' id='word_1_364' title='bbox 1118 2764 1167 2838; x_wconf 75' lang='grc' dir='ltr'>τὴν</span> <span class='ocrx_word' id='word_1_365' title='bbox 1180 2761 1276 2844; x_wconf 76' lang='grc' dir='ltr'>βουλὴν</span> <span class='ocrx_word' id='word_1_366' title='bbox 1287 2771 1334 2824; x_wconf 91' lang='grc' dir='ltr'>τοῦ</span> <span class='ocrx_word' id='word_1_367' title='bbox 1347 2766 1428 2825; x_wconf 85' lang='grc' dir='ltr'>Θεοῦ.</span> <span class='ocrx_word' id='word_1_368' title='bbox 1441 2763 1508 2845; x_wconf 82' lang='grc' dir='ltr'>Ἄρα</span> <span class='ocrx_word' id='word_1_369' title='bbox 1521 2762 1583 2842; x_wconf 74' lang='grc' dir='ltr'>δμὴ</span> <span class='ocrx_word' id='word_1_370' title='bbox 1596 2762 1692 2842; x_wconf 82' lang='grc' dir='ltr'>λέγων,</span> <span class='ocrx_word' id='word_1_371' title='bbox 1708 2763 1790 2823; x_wconf 80' lang='grc' dir='ltr'>ὑπεύ-</span> 
     </span>
     <span class='ocr_line' id='line_1_27' title="bbox 225 2855 1793 2937; baseline -0.004 -17"><span class='ocrx_word' id='word_1_372' title='bbox 225 2864 323 2920; x_wconf 83' lang='grc' dir='ltr'>ννιίννιιε</span> <span class='ocrx_word' id='word_1_373' title='bbox 336 2863 546 2919; x_wconf 82' lang='lat' dir='ltr'>annuntiarem</span> <span class='ocrx_word' id='word_1_374' title='bbox 557 2860 641 2918; x_wconf 84' lang='lat' dir='ltr'>uobis</span> <span class='ocrx_word' id='word_1_375' title='bbox 655 2875 771 2916; x_wconf 88' lang='lat' dir='ltr'>omnem</span> <span class='ocrx_word' id='word_1_376' title='bbox 782 2857 969 2917; x_wconf 84' lang='lat' dir='ltr'>voluntatem</span> <span class='ocrx_word' id='word_1_377' title='bbox 1021 2855 1094 2925; x_wconf 82' lang='grc' dir='ltr'>δυνύς</span> <span class='ocrx_word' id='word_1_378' title='bbox 1107 2860 1164 2917; x_wconf 80' lang='grc' dir='ltr'>ἐστι</span> <span class='ocrx_word' id='word_1_379' title='bbox 1176 2861 1222 2916; x_wconf 88' lang='grc' dir='ltr'>τοῦ</span> <span class='ocrx_word' id='word_1_380' title='bbox 1235 2857 1360 2937; x_wconf 86' lang='grc' dir='ltr'>αίμαεος·</span> <span class='ocrx_word' id='word_1_381' title='bbox 1375 2856 1510 2930; x_wconf 85' lang='grc' dir='ltr'>τουτέστι,</span> <span class='ocrx_word' id='word_1_382' title='bbox 1524 2861 1573 2929; x_wconf 74' lang='grc' dir='ltr'>τῆς</span> <span class='ocrx_word' id='word_1_383' title='bbox 1582 2860 1695 2936; x_wconf 79' lang='grc' dir='ltr'>σραγῆς.</span> <span class='ocrx_word' id='word_1_384' title='bbox 1708 2855 1793 2915; x_wconf 79' lang='grc' dir='ltr'>Οὐδὲν</span> 
     </span>
     <span class='ocr_line' id='line_1_28' title="bbox 225 2946 1791 3030; baseline -0.003 -20"><span class='ocrx_word' id='word_1_385' title='bbox 225 2952 295 3011; x_wconf 85' lang='lat' dir='ltr'>Dei.</span> <span class='ocrx_word' id='word_1_386' title='bbox 318 2949 393 3030; x_wconf 76' lang='lat' dir='ltr'>Ergo</span> <span class='ocrx_word' id='word_1_387' title='bbox 406 2950 455 3029; x_wconf 90' lang='lat' dir='ltr'>qui</span> <span class='ocrx_word' id='word_1_388' title='bbox 478 2969 531 3008; x_wconf 90' lang='lat' dir='ltr'>non</span> <span class='ocrx_word' id='word_1_389' title='bbox 557 2947 646 3021; x_wconf 86' lang='lat' dir='ltr'>dicit,</span> <span class='ocrx_word' id='word_1_390' title='bbox 667 2967 729 3005; x_wconf 85' lang='lat' dir='ltr'>rcus</span> <span class='ocrx_word' id='word_1_391' title='bbox 751 2959 791 3006; x_wconf 88' lang='lat' dir='ltr'>cst</span> <span class='ocrx_word' id='word_1_392' title='bbox 814 2947 969 3026; x_wconf 78' lang='lat' dir='ltr'>sangninis3</span> <span class='ocrx_word' id='word_1_393' title='bbox 1020 2947 1112 3008; x_wconf 88' lang='grc' dir='ltr'>τούτου</span> <span class='ocrx_word' id='word_1_394' title='bbox 1133 2948 1322 3030; x_wconf 80' lang='grc' dir='ltr'>ροάεριίντερον.</span> <span class='ocrx_word' id='word_1_395' title='bbox 1336 2947 1538 3022; x_wconf 85' lang='grc' dir='ltr'>Δείκνυστν,ύτε</span> <span class='ocrx_word' id='word_1_396' title='bbox 1557 2953 1694 3024; x_wconf 80' lang='grc' dir='ltr'>κάκεῖνοι,</span> <span class='ocrx_word' id='word_1_397' title='bbox 1708 2946 1740 3006; x_wconf 79' lang='grc' dir='ltr'>δν</span> <span class='ocrx_word' id='word_1_398' title='bbox 1754 2947 1791 3025; x_wconf 78' lang='grc' dir='ltr'>μὴ</span> 
     </span>
     <span class='ocr_line' id='line_1_29' title="bbox 223 3037 1793 3119; baseline -0.003 -19"><span class='ocrx_word' id='word_1_399' title='bbox 223 3040 254 3100; x_wconf 93' lang='lat' dir='ltr'>id</span> <span class='ocrx_word' id='word_1_400' title='bbox 265 3053 316 3113; x_wconf 81' lang='lat' dir='ltr'>est,</span> <span class='ocrx_word' id='word_1_401' title='bbox 331 3040 422 3099; x_wconf 81' lang='lat' dir='ltr'>caedis.</span> <span class='ocrx_word' id='word_1_402' title='bbox 431 3039 508 3100; x_wconf 90' lang='lat' dir='ltr'>Nihil</span> <span class='ocrx_word' id='word_1_403' title='bbox 525 3039 578 3098; x_wconf 85' lang='lat' dir='ltr'>hoc</span> <span class='ocrx_word' id='word_1_404' title='bbox 593 3037 751 3097; x_wconf 84' lang='lat' dir='ltr'>terribilius.</span> <span class='ocrx_word' id='word_1_405' title='bbox 764 3037 892 3096; x_wconf 88' lang='lat' dir='ltr'>Ostendit</span> <span class='ocrx_word' id='word_1_406' title='bbox 911 3058 966 3110; x_wconf 85' lang='lat' dir='ltr'>eos,</span> <span class='ocrx_word' id='word_1_407' title='bbox 1021 3040 1356 3112; x_wconf 58' lang='lat' dir='ltr'>numerumnunerum</span> <span class='ocrx_word' id='word_1_408' title='bbox 1375 3047 1421 3101; x_wconf 76' lang='grc' dir='ltr'>τοῦ</span> <span class='ocrx_word' id='word_1_409' title='bbox 1443 3039 1563 3119; x_wconf 76' lang='grc' dir='ltr'>αίματός.</span> <span class='ocrx_word' id='word_1_410' title='bbox 1578 3039 1633 3101; x_wconf 81' lang='grc' dir='ltr'>Καί</span> <span class='ocrx_word' id='word_1_411' title='bbox 1654 3041 1728 3099; x_wconf 86' lang='grc' dir='ltr'>δοκεῖ</span> <span class='ocrx_word' id='word_1_412' title='bbox 1745 3037 1793 3116; x_wconf 78' lang='grc' dir='ltr'>μέν</span> 
     </span>
     <span class='ocr_line' id='line_1_30' title="bbox 224 3121 1792 3212; baseline -0.003 -20"><span class='ocrx_word' id='word_1_413' title='bbox 224 3132 247 3193; x_wconf 86' lang='lat' dir='ltr'>si</span> <span class='ocrx_word' id='word_1_414' title='bbox 262 3152 316 3191; x_wconf 94' lang='lat' dir='ltr'>non</span> <span class='ocrx_word' id='word_1_415' title='bbox 330 3131 360 3190; x_wconf 89' lang='lat' dir='ltr'>id</span> <span class='ocrx_word' id='word_1_416' title='bbox 380 3131 501 3204; x_wconf 79' lang='lat' dir='ltr'>iecerint,</span> <span class='ocrx_word' id='word_1_417' title='bbox 518 3151 577 3188; x_wconf 90' lang='lat' dir='ltr'>reos</span> <span class='ocrx_word' id='word_1_418' title='bbox 601 3149 658 3188; x_wconf 89' lang='lat' dir='ltr'>esse</span> <span class='ocrx_word' id='word_1_419' title='bbox 671 3127 821 3207; x_wconf 81' lang='lat' dir='ltr'>sanguinis.</span> <span class='ocrx_word' id='word_1_420' title='bbox 837 3127 874 3186; x_wconf 77' lang='lat' dir='ltr'>Et</span> <span class='ocrx_word' id='word_1_421' title='bbox 894 3128 969 3188; x_wconf 86' lang='lat' dir='ltr'>vide·</span> <span class='ocrx_word' id='word_1_422' title='bbox 1022 3133 1224 3208; x_wconf 79' lang='grc' dir='ltr'>ἀπολογεῖσθαι,</span> <span class='ocrx_word' id='word_1_423' title='bbox 1233 3128 1346 3200; x_wconf 78' lang='grc' dir='ltr'>ἐκείνως</span> <span class='ocrx_word' id='word_1_424' title='bbox 1361 3131 1389 3191; x_wconf 80' lang='grc' dir='ltr'>δέ</span> <span class='ocrx_word' id='word_1_425' title='bbox 1402 3131 1485 3212; x_wconf 66' lang='lat' dir='ltr'>pudet.</span> <span class='ocrx_word' id='word_1_426' title='bbox 1495 3131 1649 3212; x_wconf 64' lang='grc' dir='ltr'>Προσέρετε</span> <span class='ocrx_word' id='word_1_427' title='bbox 1662 3121 1708 3189; x_wconf 74' lang='lat' dir='ltr'>odo</span> <span class='ocrx_word' id='word_1_428' title='bbox 1729 3134 1792 3188; x_wconf 85' lang='grc' dir='ltr'>έαυ-</span> 
     </span>
     <span class='ocr_line' id='line_1_31' title="bbox 224 3215 1794 3305; baseline -0.002 -22"><span class='ocrx_word' id='word_1_429' title='bbox 224 3223 389 3304; x_wconf 84' lang='lat' dir='ltr'>turquidem</span> <span class='ocrx_word' id='word_1_430' title='bbox 408 3221 539 3281; x_wconf 81' lang='lat' dir='ltr'>rationem</span> <span class='ocrx_word' id='word_1_431' title='bbox 553 3219 674 3291; x_wconf 85' lang='lat' dir='ltr'>reddere,</span> <span class='ocrx_word' id='word_1_432' title='bbox 690 3217 752 3277; x_wconf 91' lang='lat' dir='ltr'>illos</span> <span class='ocrx_word' id='word_1_433' title='bbox 766 3229 857 3277; x_wconf 85' lang='lat' dir='ltr'>nutem</span> <span class='ocrx_word' id='word_1_434' title='bbox 876 3231 967 3278; x_wconf 86' lang='lat' dir='ltr'>terret.</span> <span class='ocrx_word' id='word_1_435' title='bbox 1021 3230 1075 3289; x_wconf 87' lang='grc' dir='ltr'>τοῖς</span> <span class='ocrx_word' id='word_1_436' title='bbox 1089 3221 1134 3281; x_wconf 81' lang='grc' dir='ltr'>καὶ</span> <span class='ocrx_word' id='word_1_437' title='bbox 1144 3222 1224 3282; x_wconf 80' lang='grc' dir='ltr'>παντί</span> <span class='ocrx_word' id='word_1_438' title='bbox 1236 3227 1274 3304; x_wconf 86' lang='grc' dir='ltr'>τῷ</span> <span class='ocrx_word' id='word_1_439' title='bbox 1287 3222 1418 3305; x_wconf 73' lang='grc' dir='ltr'>ποιμνίῳ,</span> <span class='ocrx_word' id='word_1_440' title='bbox 1433 3225 1460 3283; x_wconf 84' lang='grc' dir='ltr'>έν</span> <span class='ocrx_word' id='word_1_441' title='bbox 1474 3215 1497 3305; x_wconf 78' lang='grc' dir='ltr'>ᾧ</span> <span class='ocrx_word' id='word_1_442' title='bbox 1511 3226 1581 3302; x_wconf 73' lang='grc' dir='ltr'>ὑμᾶς</span> <span class='ocrx_word' id='word_1_443' title='bbox 1594 3221 1625 3282; x_wconf 88' lang='grc' dir='ltr'>τδ</span> <span class='ocrx_word' id='word_1_444' title='bbox 1638 3225 1753 3299; x_wconf 84' lang='grc' dir='ltr'>Πνεῦμα</span> <span class='ocrx_word' id='word_1_445' title='bbox 1764 3222 1794 3280; x_wconf 82' lang='grc' dir='ltr'>τὸ</span> 
     </span>
     <span class='ocr_line' id='line_1_32' title="bbox 225 3312 1794 3394; baseline -0.003 -17"><span class='ocrx_word' id='word_1_446' title='bbox 225 3316 275 3377; x_wconf 66' lang='lat'>28.</span> <span class='ocrx_word' id='word_1_447' title='bbox 284 3314 441 3375; x_wconf 82' lang='lat' dir='ltr'>Attendite</span> <span class='ocrx_word' id='word_1_448' title='bbox 448 3317 537 3393; x_wconf 81' lang='lat' dir='ltr'>igitur</span> <span class='ocrx_word' id='word_1_449' title='bbox 545 3313 631 3371; x_wconf 78' lang='lat' dir='ltr'>nobis</span> <span class='ocrx_word' id='word_1_450' title='bbox 642 3323 670 3369; x_wconf 87' lang='lat' dir='ltr'>et</span> <span class='ocrx_word' id='word_1_451' title='bbox 685 3312 820 3368; x_wconf 78' lang='lat' dir='ltr'>universo</span> <span class='ocrx_word' id='word_1_452' title='bbox 833 3314 924 3392; x_wconf 72' lang='lat' dir='ltr'>gregi,</span> <span class='ocrx_word' id='word_1_453' title='bbox 939 3314 971 3368; x_wconf 89' lang='lat' dir='ltr'>in</span> <span class='ocrx_word' id='word_1_454' title='bbox 1022 3312 1096 3392; x_wconf 88' lang='grc' dir='ltr'>άγιον</span> <span class='ocrx_word' id='word_1_455' title='bbox 1119 3312 1192 3372; x_wconf 83' lang='grc' dir='ltr'>έύετο</span> <span class='ocrx_word' id='word_1_456' title='bbox 1211 3314 1370 3382; x_wconf 81' lang='grc' dir='ltr'>ἐπισκόπους</span> <span class='ocrx_word' id='word_1_457' title='bbox 1392 3315 1542 3394; x_wconf 83' lang='grc' dir='ltr'>ποιμαίνειν</span> <span class='ocrx_word' id='word_1_458' title='bbox 1563 3313 1612 3386; x_wconf 76' lang='grc' dir='ltr'>τὴν</span> <span class='ocrx_word' id='word_1_459' title='bbox 1629 3313 1794 3386; x_wconf 85' lang='grc' dir='ltr'>Ἐκκλησίαν</span> 
     </span>
     <span class='ocr_line' id='line_1_33' title="bbox 226 3403 1794 3489; baseline -0.002 -22"><span class='ocrx_word' id='word_1_460' title='bbox 226 3426 285 3489; x_wconf 83' lang='lat' dir='ltr'>quo</span> <span class='ocrx_word' id='word_1_461' title='bbox 300 3428 355 3467; x_wconf 83' lang='lat' dir='ltr'>vos</span> <span class='ocrx_word' id='word_1_462' title='bbox 368 3407 492 3485; x_wconf 83' lang='lat' dir='ltr'>Spiritus</span> <span class='ocrx_word' id='word_1_463' title='bbox 509 3415 629 3462; x_wconf 81' lang='lat' dir='ltr'>sanctus</span> <span class='ocrx_word' id='word_1_464' title='bbox 644 3403 742 3480; x_wconf 85' lang='lat' dir='ltr'>posuit</span> <span class='ocrx_word' id='word_1_465' title='bbox 757 3403 915 3480; x_wconf 85' lang='lat' dir='ltr'>episcopos,</span> <span class='ocrx_word' id='word_1_466' title='bbox 938 3413 971 3461; x_wconf 92' lang='lat' dir='ltr'>ut</span> <span class='ocrx_word' id='word_1_467' title='bbox 1023 3409 1069 3464; x_wconf 88' lang='grc' dir='ltr'>τοῦ</span> <span class='ocrx_word' id='word_1_468' title='bbox 1084 3408 1167 3477; x_wconf 85' lang='grc' dir='ltr'>Θεοῦ,</span> <span class='ocrx_word' id='word_1_469' title='bbox 1180 3404 1214 3476; x_wconf 72' lang='grc' dir='ltr'>ἣν</span> <span class='ocrx_word' id='word_1_470' title='bbox 1234 3406 1442 3486; x_wconf 73' lang='grc' dir='ltr'>περιεποιήσατο</span> <span class='ocrx_word' id='word_1_471' title='bbox 1462 3407 1506 3467; x_wconf 74' lang='grc' dir='ltr'>διὰ</span> <span class='ocrx_word' id='word_1_472' title='bbox 1523 3411 1569 3466; x_wconf 93' lang='grc' dir='ltr'>τοῦ</span> <span class='ocrx_word' id='word_1_473' title='bbox 1592 3405 1658 3465; x_wconf 77' lang='grc' dir='ltr'>ἰδίου</span> <span class='ocrx_word' id='word_1_474' title='bbox 1673 3405 1794 3482; x_wconf 79' lang='grc' dir='ltr'>αἵματος.</span> 
     </span>
     <span class='ocr_line' id='line_1_34' title="bbox 225 3489 1795 3579; baseline -0.001 -22"><span class='ocrx_word' id='word_1_475' title='bbox 225 3500 384 3579; x_wconf 84' lang='lat' dir='ltr'>pasceretis</span> <span class='ocrx_word' id='word_1_476' title='bbox 393 3495 559 3555; x_wconf 81' lang='lat' dir='ltr'>Ecclesiam</span> <span class='ocrx_word' id='word_1_477' title='bbox 565 3494 633 3567; x_wconf 86' lang='lat' dir='ltr'>Dei,</span> <span class='ocrx_word' id='word_1_478' title='bbox 648 3510 738 3571; x_wconf 84' lang='lat' dir='ltr'>quam</span> <span class='ocrx_word' id='word_1_479' title='bbox 750 3495 907 3571; x_wconf 80' lang='lat' dir='ltr'>acquisivit</span> <span class='ocrx_word' id='word_1_480' title='bbox 919 3514 973 3574; x_wconf 86' lang='lat' dir='ltr'>per</span> <span class='ocrx_word' id='word_1_481' title='bbox 988 3510 1009 3557; x_wconf 73' lang='grc' dir='ltr'><strong><em>Β</em></strong></span> <span class='ocrx_word' id='word_1_482' title='bbox 1024 3494 1122 3579; x_wconf 57' lang='grc' dir='ltr'>Ὁρᾷς</span> <span class='ocrx_word' id='word_1_483' title='bbox 1137 3495 1183 3555; x_wconf 87' lang='grc' dir='ltr'>δύο</span> <span class='ocrx_word' id='word_1_484' title='bbox 1197 3497 1365 3576; x_wconf 82' lang='grc' dir='ltr'>προσέταξεν.</span> <span class='ocrx_word' id='word_1_485' title='bbox 1382 3499 1453 3559; x_wconf 88' lang='grc' dir='ltr'>Ούτε</span> <span class='ocrx_word' id='word_1_486' title='bbox 1469 3489 1514 3555; x_wconf 80' lang='grc' dir='ltr'>σύν</span> <span class='ocrx_word' id='word_1_487' title='bbox 1527 3497 1558 3557; x_wconf 80' lang='grc' dir='ltr'>τὸ</span> <span class='ocrx_word' id='word_1_488' title='bbox 1580 3496 1684 3577; x_wconf 76' lang='grc' dir='ltr'>ἑτέρους</span> <span class='ocrx_word' id='word_1_489' title='bbox 1697 3519 1795 3576; x_wconf 74' lang='grc' dir='ltr'>κατορ</span> 
     </span>
     <span class='ocr_line' id='line_1_35' title="bbox 225 3582 1794 3672; baseline -0.002 -23"><span class='ocrx_word' id='word_1_490' title='bbox 225 3594 361 3672; x_wconf 88' lang='lat' dir='ltr'>poprium</span> <span class='ocrx_word' id='word_1_491' title='bbox 373 3590 556 3667; x_wconf 80' lang='lat' dir='ltr'>sanguinem.</span> <span class='ocrx_word' id='word_1_492' title='bbox 568 3582 750 3646; x_wconf 81' lang='lat' dir='ltr'>Videsi&#39;Duo</span> <span class='ocrx_word' id='word_1_493' title='bbox 765 3585 900 3666; x_wconf 75' lang='lat' dir='ltr'>precepit.</span> <span class='ocrx_word' id='word_1_494' title='bbox 916 3586 973 3666; x_wconf 78' lang='lat' dir='ltr'>lgi-</span> <span class='ocrx_word' id='word_1_495' title='bbox 1025 3591 1083 3648; x_wconf 84' lang='grc' dir='ltr'>δοῦν</span> <span class='ocrx_word' id='word_1_496' title='bbox 1099 3587 1176 3666; x_wconf 81' lang='grc' dir='ltr'>μύνον</span> <span class='ocrx_word' id='word_1_497' title='bbox 1192 3587 1249 3668; x_wconf 88' lang='grc' dir='ltr'>έχει</span> <span class='ocrx_word' id='word_1_498' title='bbox 1262 3612 1289 3646; x_wconf 90' lang='grc' dir='ltr'>τι</span> <span class='ocrx_word' id='word_1_499' title='bbox 1304 3589 1394 3670; x_wconf 84' lang='grc' dir='ltr'>κέρδος</span> <span class='ocrx_word' id='word_1_500' title='bbox 1404 3591 1415 3669; x_wconf 86' lang='grc'>(</span> <span class='ocrx_word' id='word_1_501' title='bbox 1423 3589 1566 3667; x_wconf 80' lang='grc' dir='ltr'>Φοῦοῦμαι</span> <span class='ocrx_word' id='word_1_502' title='bbox 1582 3586 1649 3668; x_wconf 81' lang='grc' dir='ltr'>γάρ,</span> <span class='ocrx_word' id='word_1_503' title='bbox 1664 3587 1744 3669; x_wconf 77' lang='grc' dir='ltr'>φησί,</span> <span class='ocrx_word' id='word_1_504' title='bbox 1757 3587 1794 3666; x_wconf 77' lang='grc' dir='ltr'>μή</span> 
     </span>
     <span class='ocr_line' id='line_1_36' title="bbox 227 3676 1796 3762; baseline -0.003 -20"><span class='ocrx_word' id='word_1_505' title='bbox 227 3695 273 3742; x_wconf 90' lang='lat' dir='ltr'>tur</span> <span class='ocrx_word' id='word_1_506' title='bbox 288 3701 375 3759; x_wconf 87' lang='lat' dir='ltr'>neque</span> <span class='ocrx_word' id='word_1_507' title='bbox 387 3679 455 3737; x_wconf 79' lang='lat' dir='ltr'>alios</span> <span class='ocrx_word' id='word_1_508' title='bbox 467 3678 600 3757; x_wconf 76' lang='lat' dir='ltr'>corrigere</span> <span class='ocrx_word' id='word_1_509' title='bbox 614 3677 703 3736; x_wconf 89' lang='lat' dir='ltr'>solum</span> <span class='ocrx_word' id='word_1_510' title='bbox 724 3677 806 3736; x_wconf 80' lang='lat' dir='ltr'>habet</span> <span class='ocrx_word' id='word_1_511' title='bbox 830 3676 971 3758; x_wconf 87' lang='lat' dir='ltr'>quidpiam</span> <span class='ocrx_word' id='word_1_512' title='bbox 1024 3703 1081 3747; x_wconf 88' lang='grc' dir='ltr'>πως</span> <span class='ocrx_word' id='word_1_513' title='bbox 1096 3680 1185 3746; x_wconf 74' lang='grc' dir='ltr'>ἄλλοις</span> <span class='ocrx_word' id='word_1_514' title='bbox 1205 3678 1320 3762; x_wconf 80' lang='grc' dir='ltr'>κηρύξας</span> <span class='ocrx_word' id='word_1_515' title='bbox 1339 3680 1415 3747; x_wconf 76' lang='grc' dir='ltr'>αὐτὸς</span> <span class='ocrx_word' id='word_1_516' title='bbox 1436 3681 1560 3760; x_wconf 83' lang='grc' dir='ltr'>ἀδόκιμος</span> <span class='ocrx_word' id='word_1_517' title='bbox 1573 3679 1723 3758; x_wconf 82' lang='grc' dir='ltr'>γένωμαι),</span> <span class='ocrx_word' id='word_1_518' title='bbox 1737 3679 1796 3740; x_wconf 84' lang='grc' dir='ltr'>ούτε</span> 
     </span>
     <span class='ocr_line' id='line_1_37' title="bbox 80 3768 1795 3854; baseline -0.006 -16"><span class='ocrx_word' id='word_1_519' title='bbox 80 3805 101 3838; x_wconf 89' lang='grc' dir='ltr'>ι.</span> <span class='ocrx_word' id='word_1_520' title='bbox 114 3802 165 3842; x_wconf 74' lang='grc' dir='ltr'>σοι.</span> <span class='ocrx_word' id='word_1_521' title='bbox 178 3804 202 3854; x_wconf 84' lang='lat'>9.</span> <span class='ocrx_word' id='word_1_522' title='bbox 227 3773 296 3834; x_wconf 89' lang='lat' dir='ltr'>lnori</span> <span class='ocrx_word' id='word_1_523' title='bbox 309 3777 320 3847; x_wconf 91' lang='lat'>(</span> <span class='ocrx_word' id='word_1_524' title='bbox 329 3775 427 3831; x_wconf 82' lang='lat' dir='ltr'>Timeo</span> <span class='ocrx_word' id='word_1_525' title='bbox 440 3770 522 3842; x_wconf 88' lang='lat' dir='ltr'>enim,</span> <span class='ocrx_word' id='word_1_526' title='bbox 538 3768 638 3847; x_wconf 86' lang='lat' dir='ltr'>inquit,</span> <span class='ocrx_word' id='word_1_527' title='bbox 653 3789 691 3828; x_wconf 90' lang='lat' dir='ltr'>ne</span> <span class='ocrx_word' id='word_1_528' title='bbox 705 3769 774 3829; x_wconf 81' lang='lat' dir='ltr'>aliis</span> <span class='ocrx_word' id='word_1_529' title='bbox 790 3771 969 3848; x_wconf 73' lang='lat' dir='ltr'>predicans,</span> <span class='ocrx_word' id='word_1_530' title='bbox 1023 3770 1054 3831; x_wconf 80' lang='grc' dir='ltr'>τὸ</span> <span class='ocrx_word' id='word_1_531' title='bbox 1068 3775 1162 3833; x_wconf 76' lang='grc' dir='ltr'>ἑαυτοῦ</span> <span class='ocrx_word' id='word_1_532' title='bbox 1176 3771 1255 3850; x_wconf 86' lang='grc' dir='ltr'>μόνον</span> <span class='ocrx_word' id='word_1_533' title='bbox 1280 3774 1471 3850; x_wconf 79' lang='grc' dir='ltr'>ἐπιμελεῖσθαι.</span> <span class='ocrx_word' id='word_1_534' title='bbox 1485 3771 1520 3832; x_wconf 88' lang='grc' dir='ltr'>Ὁ</span> <span class='ocrx_word' id='word_1_535' title='bbox 1542 3771 1594 3853; x_wconf 79' lang='grc' dir='ltr'>γάρ</span> <span class='ocrx_word' id='word_1_536' title='bbox 1617 3775 1735 3839; x_wconf 87' lang='grc' dir='ltr'>τοιοῦτος</span> <span class='ocrx_word' id='word_1_537' title='bbox 1756 3770 1795 3851; x_wconf 82' lang='grc' dir='ltr'>ρί-</span> 
     </span>
     <span class='ocr_line' id='line_1_38' title="bbox 80 3861 1797 3949; baseline -0.003 -22"><span class='ocrx_word' id='word_1_538' title='bbox 80 3871 119 3918; x_wconf 78' lang='lat'>²⁷·</span> <span class='ocrx_word' id='word_1_539' title='bbox 227 3873 288 3949; x_wconf 81' lang='lat' dir='ltr'>ipse</span> <span class='ocrx_word' id='word_1_540' title='bbox 296 3866 435 3946; x_wconf 82' lang='lat' dir='ltr'>reprobus</span> <span class='ocrx_word' id='word_1_541' title='bbox 452 3862 607 3943; x_wconf 80' lang='lat' dir='ltr'>efficiar),·</span> <span class='ocrx_word' id='word_1_542' title='bbox 620 3881 706 3940; x_wconf 88' lang='lat' dir='ltr'>neque</span> <span class='ocrx_word' id='word_1_543' title='bbox 720 3861 763 3921; x_wconf 89' lang='lat' dir='ltr'>sui</span> <span class='ocrx_word' id='word_1_544' title='bbox 775 3861 859 3921; x_wconf 86' lang='lat' dir='ltr'>solius</span> <span class='ocrx_word' id='word_1_545' title='bbox 879 3882 973 3922; x_wconf 77' lang='lat' dir='ltr'>curam</span> <span class='ocrx_word' id='word_1_546' title='bbox 1023 3865 1118 3929; x_wconf 84' lang='grc' dir='ltr'>λαυεος</span> <span class='ocrx_word' id='word_1_547' title='bbox 1132 3863 1176 3922; x_wconf 78' lang='grc' dir='ltr'>καὶ</span> <span class='ocrx_word' id='word_1_548' title='bbox 1189 3862 1220 3923; x_wconf 78' lang='grc' dir='ltr'>τὸ</span> <span class='ocrx_word' id='word_1_549' title='bbox 1234 3866 1328 3924; x_wconf 75' lang='grc' dir='ltr'>ἑαυτοῦ</span> <span class='ocrx_word' id='word_1_550' title='bbox 1340 3867 1414 3933; x_wconf 81' lang='grc' dir='ltr'>ζητεῖ</span> <span class='ocrx_word' id='word_1_551' title='bbox 1427 3863 1515 3942; x_wconf 86' lang='grc' dir='ltr'>μύνον,</span> <span class='ocrx_word' id='word_1_552' title='bbox 1528 3865 1574 3924; x_wconf 79' lang='grc' dir='ltr'>καί</span> <span class='ocrx_word' id='word_1_553' title='bbox 1587 3867 1634 3924; x_wconf 78' lang='grc' dir='ltr'>τοῦ</span> <span class='ocrx_word' id='word_1_554' title='bbox 1649 3863 1680 3923; x_wconf 78' lang='grc' dir='ltr'>τὸ</span> <span class='ocrx_word' id='word_1_555' title='bbox 1700 3864 1797 3923; x_wconf 85' lang='grc' dir='ltr'>τάλαν·</span> 
     </span>
     <span class='ocr_line' id='line_1_39' title="bbox 201 3953 1795 4038; baseline -0.006 -15"><span class='ocrx_word' id='word_1_556' title='bbox 201 3962 336 4037; x_wconf 69' lang='lat' dir='ltr'>,habere</span> <span class='ocrx_word' id='word_1_557' title='bbox 359 3958 491 4037; x_wconf 77' lang='lat' dir='ltr'>Numqui</span> <span class='ocrx_word' id='word_1_558' title='bbox 515 3957 633 4038; x_wconf 86' lang='lat' dir='ltr'>scipsum</span> <span class='ocrx_word' id='word_1_559' title='bbox 655 3970 738 4031; x_wconf 80' lang='lat' dir='ltr'>amat,</span> <span class='ocrx_word' id='word_1_560' title='bbox 763 3977 885 4036; x_wconf 84' lang='lat' dir='ltr'>quaesun</span> <span class='ocrx_word' id='word_1_561' title='bbox 909 3970 972 4017; x_wconf 91' lang='lat' dir='ltr'>sunt</span> <span class='ocrx_word' id='word_1_562' title='bbox 1024 3953 1425 4036; x_wconf 77' lang='grc' dir='ltr'>τονκατσχύσαντυςίσοςέστί.</span> <span class='ocrx_word' id='word_1_563' title='bbox 1440 3958 1631 4034; x_wconf 89' lang='grc' dir='ltr'>Ταῦταλέγει,</span> <span class='ocrx_word' id='word_1_564' title='bbox 1644 3955 1795 4026; x_wconf 78' lang='grc' dir='ltr'>οὐκέπειδὴ</span> 
     </span>
     <span class='ocr_line' id='line_1_40' title="bbox 227 4044 1796 4130; baseline -0.005 -15"><span class='ocrx_word' id='word_1_565' title='bbox 227 4067 334 4116; x_wconf 79' lang='lat' dir='ltr'>tantum</span> <span class='ocrx_word' id='word_1_566' title='bbox 347 4050 453 4130; x_wconf 83' lang='lat' dir='ltr'>qnaerit,</span> <span class='ocrx_word' id='word_1_567' title='bbox 469 4062 495 4109; x_wconf 90' lang='lat' dir='ltr'>et</span> <span class='ocrx_word' id='word_1_568' title='bbox 505 4049 603 4109; x_wconf 89' lang='lat' dir='ltr'>similis</span> <span class='ocrx_word' id='word_1_569' title='bbox 617 4062 656 4109; x_wconf 82' lang='lat' dir='ltr'>est</span> <span class='ocrx_word' id='word_1_570' title='bbox 664 4049 700 4122; x_wconf 92' lang='lat' dir='ltr'>ci,</span> <span class='ocrx_word' id='word_1_571' title='bbox 713 4049 762 4130; x_wconf 85' lang='lat' dir='ltr'>qui</span> <span class='ocrx_word' id='word_1_572' title='bbox 771 4049 901 4109; x_wconf 80' lang='lat' dir='ltr'>talentum</span> <span class='ocrx_word' id='word_1_573' title='bbox 919 4049 971 4110; x_wconf 80' lang='lat' dir='ltr'>de·</span> <span class='ocrx_word' id='word_1_574' title='bbox 1022 4047 1202 4129; x_wconf 74' lang='grc' dir='ltr'>προτιμοτέραν</span> <span class='ocrx_word' id='word_1_575' title='bbox 1215 4051 1232 4119; x_wconf 79' lang='grc' dir='ltr'>ἡ</span> <span class='ocrx_word' id='word_1_576' title='bbox 1248 4044 1367 4128; x_wconf 73' lang='grc' dir='ltr'>ἡμετέρα</span> <span class='ocrx_word' id='word_1_577' title='bbox 1382 4046 1501 4128; x_wconf 80' lang='grc' dir='ltr'>σωτηρία</span> <span class='ocrx_word' id='word_1_578' title='bbox 1514 4054 1561 4108; x_wconf 91' lang='grc' dir='ltr'>τοῦ</span> <span class='ocrx_word' id='word_1_579' title='bbox 1579 4047 1720 4127; x_wconf 75' lang='grc' dir='ltr'>ποιμνίου,</span> <span class='ocrx_word' id='word_1_580' title='bbox 1737 4050 1796 4107; x_wconf 73' lang='grc' dir='ltr'>ἀλλ’</span> 
     </span>
     <span class='ocr_line' id='line_1_41' title="bbox 227 4136 1797 4222; baseline -0.001 -16"><span class='ocrx_word' id='word_1_581' title='bbox 227 4145 306 4209; x_wconf 82' lang='lat' dir='ltr'>fodit.</span> <span class='ocrx_word' id='word_1_582' title='bbox 316 4143 380 4203; x_wconf 85' lang='lat' dir='ltr'>llaec</span> <span class='ocrx_word' id='word_1_583' title='bbox 391 4142 467 4215; x_wconf 88' lang='lat' dir='ltr'>dicit,</span> <span class='ocrx_word' id='word_1_584' title='bbox 480 4162 532 4201; x_wconf 93' lang='lat' dir='ltr'>non</span> <span class='ocrx_word' id='word_1_585' title='bbox 544 4140 617 4221; x_wconf 89' lang='lat' dir='ltr'>quod</span> <span class='ocrx_word' id='word_1_586' title='bbox 627 4141 770 4222; x_wconf 87' lang='lat' dir='ltr'>pretiosior</span> <span class='ocrx_word' id='word_1_587' title='bbox 778 4141 815 4201; x_wconf 92' lang='lat' dir='ltr'>sit</span> <span class='ocrx_word' id='word_1_588' title='bbox 825 4155 914 4202; x_wconf 81' lang='lat' dir='ltr'>nostra</span> <span class='ocrx_word' id='word_1_589' title='bbox 924 4163 971 4202; x_wconf 84' lang='lat' dir='ltr'>sa-</span> <span class='ocrx_word' id='word_1_590' title='bbox 1026 4137 1133 4213; x_wconf 78' lang='grc' dir='ltr'>έπετδὴ,</span> <span class='ocrx_word' id='word_1_591' title='bbox 1148 4136 1210 4197; x_wconf 82' lang='grc' dir='ltr'>ὅταν</span> <span class='ocrx_word' id='word_1_592' title='bbox 1231 4141 1333 4206; x_wconf 65' lang='lat' dir='ltr'>louvois</span> <span class='ocrx_word' id='word_1_593' title='bbox 1347 4138 1602 4219; x_wconf 57' lang='lat' dir='ltr'>nmossxwvaevssdtt</span> <span class='ocrx_word' id='word_1_594' title='bbox 1616 4140 1662 4199; x_wconf 73' lang='lat' dir='ltr'>&gt;tol</span> <span class='ocrx_word' id='word_1_595' title='bbox 1681 4139 1713 4200; x_wconf 68' lang='lat' dir='ltr'>tl</span> <span class='ocrx_word' id='word_1_596' title='bbox 1734 4139 1797 4199; x_wconf 81' lang='grc' dir='ltr'>ποί·</span> 
     </span>
     <span class='ocr_line' id='line_1_42' title="bbox 229 4221 1799 4317; baseline -0.003 -23"><span class='ocrx_word' id='word_1_597' title='bbox 229 4239 273 4299; x_wconf 89' lang='lat' dir='ltr'>lus</span> <span class='ocrx_word' id='word_1_598' title='bbox 284 4256 366 4317; x_wconf 77' lang='lat' dir='ltr'>quam</span> <span class='ocrx_word' id='word_1_599' title='bbox 380 4234 492 4314; x_wconf 59' lang='grc' dir='ltr'>μισεῖν,</span> <span class='ocrx_word' id='word_1_600' title='bbox 515 4233 564 4292; x_wconf 85' lang='lat' dir='ltr'>scd</span> <span class='ocrx_word' id='word_1_601' title='bbox 582 4232 658 4311; x_wconf 81' lang='lat' dir='ltr'>quia,</span> <span class='ocrx_word' id='word_1_602' title='bbox 673 4233 697 4293; x_wconf 82' lang='lat' dir='ltr'>si</span> <span class='ocrx_word' id='word_1_603' title='bbox 712 4232 791 4292; x_wconf 86' lang='lat' dir='ltr'>nobis</span> <span class='ocrx_word' id='word_1_604' title='bbox 806 4232 873 4314; x_wconf 82' lang='lat' dir='ltr'>ipsis</span> <span class='ocrx_word' id='word_1_605' title='bbox 886 4247 972 4294; x_wconf 81' lang='lat' dir='ltr'>otten-</span> <span class='ocrx_word' id='word_1_606' title='bbox 1029 4252 1104 4309; x_wconf 85' lang='grc' dir='ltr'>μνιον</span> <span class='ocrx_word' id='word_1_607' title='bbox 1125 4228 1266 4311; x_wconf 85' lang='grc' dir='ltr'>κερδαίνει.</span> <span class='ocrx_word' id='word_1_608' title='bbox 1281 4229 1330 4288; x_wconf 86' lang='grc' dir='ltr'>Ἔν</span> <span class='ocrx_word' id='word_1_609' title='bbox 1352 4221 1375 4311; x_wconf 73' lang='grc' dir='ltr'><em>ᾧ</em></span> <span class='ocrx_word' id='word_1_610' title='bbox 1398 4235 1466 4310; x_wconf 78' lang='grc' dir='ltr'>ὑμᾶς</span> <span class='ocrx_word' id='word_1_611' title='bbox 1490 4230 1521 4289; x_wconf 80' lang='grc' dir='ltr'>τὸ</span> <span class='ocrx_word' id='word_1_612' title='bbox 1538 4233 1650 4310; x_wconf 88' lang='grc' dir='ltr'>Πνεῦμα</span> <span class='ocrx_word' id='word_1_613' title='bbox 1671 4232 1703 4291; x_wconf 73' lang='lat' dir='ltr'>sd</span> <span class='ocrx_word' id='word_1_614' title='bbox 1725 4232 1799 4311; x_wconf 78' lang='grc' dir='ltr'>ἅγιον</span> 
     </span>
     <span class='ocr_line' id='line_1_43' title="bbox 230 4321 1798 4406; baseline -0.003 -19"><span class='ocrx_word' id='word_1_615' title='bbox 230 4331 337 4401; x_wconf 69' lang='lat' dir='ltr'>domm,</span> <span class='ocrx_word' id='word_1_616' title='bbox 353 4340 417 4386; x_wconf 91' lang='lat' dir='ltr'>tunc</span> <span class='ocrx_word' id='word_1_617' title='bbox 430 4338 456 4384; x_wconf 91' lang='lat' dir='ltr'>et</span> <span class='ocrx_word' id='word_1_618' title='bbox 476 4345 543 4404; x_wconf 78' lang='lat' dir='ltr'>grox</span> <span class='ocrx_word' id='word_1_619' title='bbox 554 4323 660 4383; x_wconf 89' lang='lat' dir='ltr'>lucrum</span> <span class='ocrx_word' id='word_1_620' title='bbox 679 4323 770 4384; x_wconf 80' lang='lat' dir='ltr'>babet.</span> <span class='ocrx_word' id='word_1_621' title='bbox 785 4328 825 4382; x_wconf 93' lang='lat' dir='ltr'>In</span> <span class='ocrx_word' id='word_1_622' title='bbox 837 4344 895 4406; x_wconf 82' lang='lat' dir='ltr'>quo</span> <span class='ocrx_word' id='word_1_623' title='bbox 917 4347 972 4387; x_wconf 82' lang='lat' dir='ltr'>uos</span> <span class='ocrx_word' id='word_1_624' title='bbox 1028 4323 1101 4383; x_wconf 80' lang='grc' dir='ltr'>ἔθετο</span> <span class='ocrx_word' id='word_1_625' title='bbox 1129 4321 1287 4389; x_wconf 86' lang='grc' dir='ltr'>έπισκάπυυς</span> <span class='ocrx_word' id='word_1_626' title='bbox 1308 4322 1458 4401; x_wconf 85' lang='grc' dir='ltr'>ποιμαίνειν</span> <span class='ocrx_word' id='word_1_627' title='bbox 1489 4324 1537 4398; x_wconf 71' lang='grc' dir='ltr'>τὴν</span> <span class='ocrx_word' id='word_1_628' title='bbox 1561 4323 1725 4397; x_wconf 85' lang='grc' dir='ltr'>Ἐκκλησίαν</span> <span class='ocrx_word' id='word_1_629' title='bbox 1752 4329 1798 4382; x_wconf 85' lang='grc' dir='ltr'>τοῦ</span> 
     </span>
     <span class='ocr_line' id='line_1_44' title="bbox 230 4416 1801 4504; baseline -0.004 -22"><span class='ocrx_word' id='word_1_630' title='bbox 230 4423 353 4504; x_wconf 71' lang='lat' dir='ltr'>Spiritum</span> <span class='ocrx_word' id='word_1_631' title='bbox 366 4431 487 4479; x_wconf 81' lang='lat' dir='ltr'>sanctus</span> <span class='ocrx_word' id='word_1_632' title='bbox 500 4421 596 4496; x_wconf 88' lang='lat' dir='ltr'>posuit</span> <span class='ocrx_word' id='word_1_633' title='bbox 607 4419 763 4496; x_wconf 84' lang='lat' dir='ltr'>episcopos,</span> <span class='ocrx_word' id='word_1_634' title='bbox 775 4429 808 4475; x_wconf 90' lang='lat' dir='ltr'>ut</span> <span class='ocrx_word' id='word_1_635' title='bbox 818 4424 975 4496; x_wconf 85' lang='lat' dir='ltr'>pasceretis</span> <span class='ocrx_word' id='word_1_636' title='bbox 1028 4422 1108 4480; x_wconf 84' lang='grc' dir='ltr'>Θεοῦ.</span> <span class='ocrx_word' id='word_1_637' title='bbox 1121 4417 1195 4501; x_wconf 85' lang='grc' dir='ltr'>Ὅρα</span> <span class='ocrx_word' id='word_1_638' title='bbox 1211 4417 1309 4477; x_wconf 78' lang='grc' dir='ltr'>’πόσαι</span> <span class='ocrx_word' id='word_1_639' title='bbox 1332 4417 1457 4498; x_wconf 77' lang='grc' dir='ltr'>ἀνάγκαι.</span> <span class='ocrx_word' id='word_1_640' title='bbox 1476 4418 1558 4499; x_wconf 83' lang='grc' dir='ltr'>Παρά</span> <span class='ocrx_word' id='word_1_641' title='bbox 1577 4424 1623 4478; x_wconf 88' lang='grc' dir='ltr'>τοῦ</span> <span class='ocrx_word' id='word_1_642' title='bbox 1643 4416 1801 4496; x_wconf 85' lang='grc' dir='ltr'>Πνεύμοιτος</span> 
     </span>
     <span class='ocr_line' id='line_1_45' title="bbox 230 4508 1801 4591; baseline -0.004 -18"><span class='ocrx_word' id='word_1_643' title='bbox 230 4513 400 4580; x_wconf 81' lang='lat' dir='ltr'>Ecclesiam</span> <span class='ocrx_word' id='word_1_644' title='bbox 414 4508 678 4588; x_wconf 78' lang='lat' dir='ltr'>Deillidequnntae</span> <span class='ocrx_word' id='word_1_645' title='bbox 691 4508 974 4591; x_wconf 75' lang='lat' dir='ltr'>necessitatesllSpi-</span> <span class='ocrx_word' id='word_1_646' title='bbox 1027 4512 1077 4585; x_wconf 72' lang='grc' dir='ltr'>τὴν</span> <span class='ocrx_word' id='word_1_647' title='bbox 1099 4509 1262 4591; x_wconf 82' lang='grc' dir='ltr'>χειροτονίαν</span> <span class='ocrx_word' id='word_1_648' title='bbox 1289 4509 1377 4591; x_wconf 81' lang='grc' dir='ltr'>ἔχετε,</span> <span class='ocrx_word' id='word_1_649' title='bbox 1403 4508 1482 4590; x_wconf 80' lang='grc' dir='ltr'>φησί·</span> <span class='ocrx_word' id='word_1_650' title='bbox 1501 4516 1578 4570; x_wconf 88' lang='grc' dir='ltr'>τοῦτο</span> <span class='ocrx_word' id='word_1_651' title='bbox 1601 4508 1652 4589; x_wconf 90' lang='grc' dir='ltr'>γάρ</span> <span class='ocrx_word' id='word_1_652' title='bbox 1675 4512 1732 4568; x_wconf 87' lang='grc' dir='ltr'>έστι</span> <span class='ocrx_word' id='word_1_653' title='bbox 1753 4508 1801 4578; x_wconf 80' lang='grc' dir='ltr'>τὸ,</span> 
     </span>
     <span class='ocr_line' id='line_1_46' title="bbox 231 4593 1801 4681; baseline -0.005 -16"><span class='ocrx_word' id='word_1_654' title='bbox 231 4607 286 4668; x_wconf 88' lang='lat' dir='ltr'>ritu</span> <span class='ocrx_word' id='word_1_655' title='bbox 300 4601 498 4662; x_wconf 77' lang='lat' dir='ltr'>ordinationem</span> <span class='ocrx_word' id='word_1_656' title='bbox 517 4599 634 4673; x_wconf 80' lang='lat' dir='ltr'>habetis,</span> <span class='ocrx_word' id='word_1_657' title='bbox 649 4599 759 4678; x_wconf 79' lang='lat' dir='ltr'>inquit:</span> <span class='ocrx_word' id='word_1_658' title='bbox 779 4599 808 4658; x_wconf 88' lang='lat' dir='ltr'>id</span> <span class='ocrx_word' id='word_1_659' title='bbox 829 4600 900 4659; x_wconf 84' lang='lat' dir='ltr'>enim</span> <span class='ocrx_word' id='word_1_660' title='bbox 922 4601 975 4661; x_wconf 86' lang='lat' dir='ltr'>sibi</span> <span class='ocrx_word' id='word_1_661' title='bbox 991 4598 1010 4648; x_wconf 78' lang='lat' dir='ltr'><strong>c</strong></span> <span class='ocrx_word' id='word_1_662' title='bbox 1029 4604 1133 4664; x_wconf 81' lang='grc' dir='ltr'>Ἔθετο.</span> <span class='ocrx_word' id='word_1_663' title='bbox 1145 4601 1203 4660; x_wconf 86' lang='grc' dir='ltr'>Μία</span> <span class='ocrx_word' id='word_1_664' title='bbox 1214 4601 1281 4672; x_wconf 72' lang='grc' dir='ltr'>αὕτη</span> <span class='ocrx_word' id='word_1_665' title='bbox 1296 4602 1414 4681; x_wconf 80' lang='grc' dir='ltr'>ἀνάγκη·</span> <span class='ocrx_word' id='word_1_666' title='bbox 1426 4593 1496 4674; x_wconf 78' lang='grc' dir='ltr'>εἶτα,</span> <span class='ocrx_word' id='word_1_667' title='bbox 1508 4600 1665 4680; x_wconf 84' lang='grc' dir='ltr'>Ποιμαένειν</span> <span class='ocrx_word' id='word_1_668' title='bbox 1676 4599 1726 4672; x_wconf 76' lang='grc' dir='ltr'>τὴν</span> <span class='ocrx_word' id='word_1_669' title='bbox 1737 4598 1801 4657; x_wconf 81' lang='grc' dir='ltr'>Ἐκ-</span> 
     </span>
     <span class='ocr_line' id='line_1_47' title="bbox 232 4688 1801 4770; baseline -0.01 -8"><span class='ocrx_word' id='word_1_670' title='bbox 232 4700 293 4763; x_wconf 81' lang='lat' dir='ltr'>vult</span> <span class='ocrx_word' id='word_1_671' title='bbox 303 4697 383 4768; x_wconf 87' lang='lat' dir='ltr'>illud,</span> <span class='ocrx_word' id='word_1_672' title='bbox 397 4698 510 4757; x_wconf 83' lang='lat' dir='ltr'>Posuit.</span> <span class='ocrx_word' id='word_1_673' title='bbox 522 4695 584 4753; x_wconf 87' lang='lat' dir='ltr'>Una</span> <span class='ocrx_word' id='word_1_674' title='bbox 595 4692 654 4753; x_wconf 82' lang='lat' dir='ltr'>haec</span> <span class='ocrx_word' id='word_1_675' title='bbox 668 4708 707 4753; x_wconf 90' lang='lat' dir='ltr'>est</span> <span class='ocrx_word' id='word_1_676' title='bbox 719 4693 861 4754; x_wconf 81' lang='lat' dir='ltr'>necessitas</span> <span class='ocrx_word' id='word_1_677' title='bbox 877 4718 884 4751; x_wconf 75' lang='lat' dir='ltr'><strong><em>z</em></strong></span> <span class='ocrx_word' id='word_1_678' title='bbox 897 4693 974 4753; x_wconf 88' lang='lat' dir='ltr'>dein·</span> <span class='ocrx_word' id='word_1_679' title='bbox 1028 4693 1141 4768; x_wconf 85' lang='grc' dir='ltr'>κλησίαν</span> <span class='ocrx_word' id='word_1_680' title='bbox 1153 4699 1199 4754; x_wconf 87' lang='grc' dir='ltr'>τοῦ</span> <span class='ocrx_word' id='word_1_681' title='bbox 1212 4696 1291 4753; x_wconf 87' lang='grc' dir='ltr'>Θεοῦ.</span> <span class='ocrx_word' id='word_1_682' title='bbox 1306 4691 1374 4752; x_wconf 77' lang='grc' dir='ltr'>Ἰδοὺ</span> <span class='ocrx_word' id='word_1_683' title='bbox 1384 4692 1430 4751; x_wconf 79' lang='grc' dir='ltr'>καί</span> <span class='ocrx_word' id='word_1_684' title='bbox 1445 4691 1565 4770; x_wconf 84' lang='grc' dir='ltr'>δευτέρα·</span> <span class='ocrx_word' id='word_1_685' title='bbox 1581 4690 1628 4750; x_wconf 85' lang='grc' dir='ltr'>καί</span> <span class='ocrx_word' id='word_1_686' title='bbox 1637 4689 1732 4770; x_wconf 88' lang='grc' dir='ltr'>τρίτη,</span> <span class='ocrx_word' id='word_1_687' title='bbox 1746 4688 1801 4747; x_wconf 83' lang='grc' dir='ltr'>Ἤν</span> 
     </span>
     <span class='ocr_line' id='line_1_48' title="bbox 232 4779 1802 4870; baseline -0.01 -17"><span class='ocrx_word' id='word_1_688' title='bbox 232 4793 276 4866; x_wconf 84' lang='lat' dir='ltr'>dc,</span> <span class='ocrx_word' id='word_1_689' title='bbox 283 4793 322 4851; x_wconf 83' lang='lat' dir='ltr'>Ut</span> <span class='ocrx_word' id='word_1_690' title='bbox 327 4792 457 4870; x_wconf 85' lang='lat' dir='ltr'>pascatis</span> <span class='ocrx_word' id='word_1_691' title='bbox 466 4786 633 4846; x_wconf 83' lang='lat' dir='ltr'>Ecclesiam</span> <span class='ocrx_word' id='word_1_692' title='bbox 643 4787 712 4847; x_wconf 80' lang='lat' dir='ltr'>Det.</span> <span class='ocrx_word' id='word_1_693' title='bbox 724 4785 792 4845; x_wconf 84' lang='lat' dir='ltr'>Ecce</span> <span class='ocrx_word' id='word_1_694' title='bbox 803 4799 829 4846; x_wconf 86' lang='lat' dir='ltr'>et</span> <span class='ocrx_word' id='word_1_695' title='bbox 838 4785 972 4846; x_wconf 76' lang='lat' dir='ltr'>secunda:</span> <span class='ocrx_word' id='word_1_696' title='bbox 1028 4810 1107 4867; x_wconf 81' lang='grc' dir='ltr'>φησιν</span> <span class='ocrx_word' id='word_1_697' title='bbox 1118 4784 1159 4844; x_wconf 77' lang='grc' dir='ltr'>δτι</span> <span class='ocrx_word' id='word_1_698' title='bbox 1173 4783 1379 4864; x_wconf 75' lang='grc' dir='ltr'>περιεποιήσατο</span> <span class='ocrx_word' id='word_1_699' title='bbox 1392 4783 1434 4843; x_wconf 82' lang='grc' dir='ltr'>διά</span> <span class='ocrx_word' id='word_1_700' title='bbox 1449 4791 1496 4844; x_wconf 83' lang='grc' dir='ltr'>τοῦ</span> <span class='ocrx_word' id='word_1_701' title='bbox 1509 4783 1577 4843; x_wconf 86' lang='grc' dir='ltr'>ίδίυιν</span> <span class='ocrx_word' id='word_1_702' title='bbox 1588 4780 1710 4860; x_wconf 78' lang='grc' dir='ltr'>αἵματος.</span> <span class='ocrx_word' id='word_1_703' title='bbox 1726 4779 1802 4840; x_wconf 73' lang='grc' dir='ltr'>Πολὺ</span> 
     </span>
     <span class='ocr_line' id='line_1_49' title="bbox 232 4867 1805 4961; baseline -0.009 -17"><span class='ocrx_word' id='word_1_704' title='bbox 232 4900 259 4948; x_wconf 86' lang='lat' dir='ltr'>et</span> <span class='ocrx_word' id='word_1_705' title='bbox 270 4884 361 4954; x_wconf 80' lang='lat' dir='ltr'>tertia,</span> <span class='ocrx_word' id='word_1_706' title='bbox 377 4883 472 4959; x_wconf 84' lang='lat' dir='ltr'>Quam</span> <span class='ocrx_word' id='word_1_707' title='bbox 486 4882 641 4961; x_wconf 79' lang='lat' dir='ltr'>acquisivit</span> <span class='ocrx_word' id='word_1_708' title='bbox 651 4882 861 4959; x_wconf 68' lang='lat' dir='ltr'>sanguinem,</span> <span class='ocrx_word' id='word_1_709' title='bbox 875 4879 972 4957; x_wconf 82' lang='lat' dir='ltr'>inquit.</span> <span class='ocrx_word' id='word_1_710' title='bbox 1027 4878 1142 4937; x_wconf 88' lang='grc' dir='ltr'>δείκνυσι</span> <span class='ocrx_word' id='word_1_711' title='bbox 1153 4878 1186 4934; x_wconf 82' lang='grc' dir='ltr'>δι’</span> <span class='ocrx_word' id='word_1_712' title='bbox 1203 4867 1239 4935; x_wconf 70' lang='grc' dir='ltr'>ὧν</span> <span class='ocrx_word' id='word_1_713' title='bbox 1263 4867 1320 4934; x_wconf 75' lang='lat' dir='ltr'>elne</span> <span class='ocrx_word' id='word_1_714' title='bbox 1338 4875 1425 4952; x_wconf 87' lang='grc' dir='ltr'>τίμιον</span> <span class='ocrx_word' id='word_1_715' title='bbox 1439 4876 1469 4935; x_wconf 80' lang='grc' dir='ltr'>τὸ</span> <span class='ocrx_word' id='word_1_716' title='bbox 1484 4885 1612 4957; x_wconf 75' lang='grc' dir='ltr'>πρᾶγμα,</span> <span class='ocrx_word' id='word_1_717' title='bbox 1623 4874 1669 4933; x_wconf 81' lang='grc' dir='ltr'>καλ</span> <span class='ocrx_word' id='word_1_718' title='bbox 1690 4872 1732 4932; x_wconf 78' lang='grc' dir='ltr'>ὅτι</span> <span class='ocrx_word' id='word_1_719' title='bbox 1754 4875 1805 4950; x_wconf 78' lang='grc' dir='ltr'>οὐχ</span> 
     </span>
     <span class='ocr_line' id='line_1_50' title="bbox 231 4965 1803 5051; baseline -0.005 -16"><span class='ocrx_word' id='word_1_720' title='bbox 231 4978 351 5040; x_wconf 83' lang='lat' dir='ltr'>Multum</span> <span class='ocrx_word' id='word_1_721' title='bbox 360 4971 486 5043; x_wconf 86' lang='lat' dir='ltr'>ostendit,</span> <span class='ocrx_word' id='word_1_722' title='bbox 508 4971 576 5030; x_wconf 90' lang='lat' dir='ltr'>dnm</span> <span class='ocrx_word' id='word_1_723' title='bbox 592 4969 660 5030; x_wconf 89' lang='lat' dir='ltr'>dicit</span> <span class='ocrx_word' id='word_1_724' title='bbox 670 4970 813 5051; x_wconf 82' lang='lat' dir='ltr'>pretiosam</span> <span class='ocrx_word' id='word_1_725' title='bbox 834 4992 909 5048; x_wconf 74' lang='lat' dir='ltr'>rem,</span> <span class='ocrx_word' id='word_1_726' title='bbox 924 4991 973 5030; x_wconf 88' lang='lat' dir='ltr'>nco</span> <span class='ocrx_word' id='word_1_727' title='bbox 1026 4969 1094 5051; x_wconf 73' lang='grc' dir='ltr'>ὑπὲρ</span> <span class='ocrx_word' id='word_1_728' title='bbox 1109 4970 1234 5050; x_wconf 85' lang='grc' dir='ltr'>μικρῶνδ</span> <span class='ocrx_word' id='word_1_729' title='bbox 1250 4967 1383 5043; x_wconf 89' lang='grc' dir='ltr'>κίνδυνος,</span> <span class='ocrx_word' id='word_1_730' title='bbox 1396 4965 1508 5045; x_wconf 53' lang='grc' dir='ltr'>είγεδδ</span> <span class='ocrx_word' id='word_1_731' title='bbox 1522 4965 1740 5047; x_wconf 77' lang='grc' dir='ltr'>Δεσπύιηςύπὲρ</span> <span class='ocrx_word' id='word_1_732' title='bbox 1755 4969 1803 5032; x_wconf 74' lang='grc' dir='ltr'>τῆς</span> 
     </span>
    </p>
   </div>
   <div class='ocr_carea' id='block_1_5' title="bbox 263 5173 1799 5251">
    <p class='ocr_par' dir='ltr' id='par_1_7' title="bbox 263 5173 1799 5251">
     <span class='ocr_line' id='line_1_51' title="bbox 263 5173 1799 5251; baseline -0.01 -8"><span class='ocrx_word' id='word_1_733' title='bbox 263 5208 275 5234; x_wconf 78' lang='grc' dir='ltr'>ι</span> <span class='ocrx_word' id='word_1_734' title='bbox 290 5200 356 5246; x_wconf 80' lang='grc' dir='ltr'>πόσει</span> <span class='ocrx_word' id='word_1_735' title='bbox 370 5193 464 5251; x_wconf 74' lang='grc' dir='ltr'>ἀνάγκαι</span> <span class='ocrx_word' id='word_1_736' title='bbox 474 5182 544 5235; x_wconf 79' lang='lat' dir='ltr'>deest</span> <span class='ocrx_word' id='word_1_737' title='bbox 556 5184 582 5236; x_wconf 84' lang='lat' dir='ltr'>in</span> <span class='ocrx_word' id='word_1_738' title='bbox 593 5199 652 5234; x_wconf 91' lang='lat' dir='ltr'>uno.</span> <span class='ocrx_word' id='word_1_739' title='bbox 1070 5183 1084 5222; x_wconf 69' lang='lat'>¹³</span> <span class='ocrx_word' id='word_1_740' title='bbox 1101 5183 1209 5240; x_wconf 75' lang='grc' dir='ltr'>δεσπότις</span> <span class='ocrx_word' id='word_1_741' title='bbox 1218 5182 1274 5249; x_wconf 75' lang='grc' dir='ltr'>ὐπίρ</span> <span class='ocrx_word' id='word_1_742' title='bbox 1286 5190 1326 5241; x_wconf 71' lang='grc' dir='ltr'>τῆς</span> <span class='ocrx_word' id='word_1_743' title='bbox 1337 5176 1523 5246; x_wconf 54' lang='lat' dir='ltr'>lintwardum</span> <span class='ocrx_word' id='word_1_744' title='bbox 1533 5176 1625 5230; x_wconf 79' lang='lat' dir='ltr'>desunt</span> <span class='ocrx_word' id='word_1_745' title='bbox 1636 5176 1662 5229; x_wconf 89' lang='lat' dir='ltr'>in</span> <span class='ocrx_word' id='word_1_746' title='bbox 1671 5191 1724 5229; x_wconf 88' lang='lat' dir='ltr'>uno</span> <span class='ocrx_word' id='word_1_747' title='bbox 1732 5173 1799 5228; x_wconf 88' lang='lat' dir='ltr'>Cod.</span> 
     </span>
    </p>
   </div>
   <div class='ocr_carea' id='block_1_6' title="bbox 0 0 1882 5978">
    <p class='ocr_par' dir='ltr' id='par_1_8' title="bbox 0 0 1882 5978">
     <span class='ocr_line' id='line_1_52' title="bbox 0 0 1882 5978; baseline 0 0"><span class='ocrx_word' id='word_1_748' title='bbox 0 0 1882 5978; x_wconf 95' lang='lat' dir='ltr'> </span> 
     </span>
    </p>
   </div>
  </div>
 </body>
</html>
