3728 5978
114 455 118 466 1
202 362 273 465 490
557 385 587 432 s.
615 385 755 434 rotun-rs
781 385 963 434 eunrsosr.
991 385 1148 434 tncnrnr.
1176 387 1445 437 consu-tursum.

201 517 233 562 ut
245 502 308 563 illos
321 503 491 565 excusatione
499 505 792 587 privaret,doetrinam
799 520 903 568 tantum
914 509 942 567 in
996 508 1152 590 προύθηκεν,
1170 513 1229 571 ἀλλ’
1249 509 1293 570 ίνα
1316 513 1392 572 αὐτὸν
1414 515 1555 592 ἐπιγνῶσιν
1567 535 1573 547 ·
1587 509 1769 591 ’ἀγνωμονή-

202 591 321 653 medium
335 595 461 676 protulit,
474 595 523 655 sed
534 609 564 657 ut
577 597 667 678 ipsum
682 612 885 677 cognoscerent:
902 598 945 658 in·
998 623 1089 667 σαντες
1103 599 1147 673 δὲ,
1157 601 1246 676 πάσης
1255 603 1362 672 ἐαυτοὸς
1376 603 1520 684 ἐστέρησαν
1535 603 1688 685 ἀπολογίας.
1701 595 1770 663 Εἶτα

202 688 273 766 grati
291 703 380 748 antem
396 711 457 749 curn
467 703 567 768 essent,
585 711 614 750 se
624 691 675 772 ipsi
687 690 839 752 defensione
853 691 946 772 priva·
998 690 1114 766 ὸεικνὸς,
1126 696 1183 761 πῶς
1195 697 1259 754 εἰσιν
1279 696 1422 776 ἀπολογίας
1436 695 1659 775 ἀπεστερημένοι,
1674 694 1770 775 ρησίν·

201 793 273 842 runt.
295 780 400 841 Deinde
415 781 555 842 ostendens
576 783 711 862 quomodo
726 784 879 844 defensione
903 805 946 843 ea·
1000 782 1064 843 Ὅτι
1072 783 1176 862 γνόντες
1186 786 1230 845 τὸν
1242 785 1321 861 Θεὸν,
1332 789 1382 867 οὐχ
1394 791 1430 855 ὡς
1442 787 1510 847 Θεὸν
1521 786 1646 855 ἐδόξασαν
1659 785 1677 857 ἢ
1693 788 1772 866 εὐχα-

202 886 287 949 ιαειιι,
294 873 401 934 niteat.
411 874 489 953 Quia
495 895 560 935 cura
566 879 878 958 cognovissentlieum,
888 898 947 936 aon
1001 874 1136 955 ρίστησαν.
1151 875 1201 937 Ἕν
1216 883 1293 939 τοῦτο
1313 877 1435 956 ἔγκλημα
1450 877 1587 959 μέγιστον·
1602 877 1723 960 δεύτερον
1743 878 1773 935 δέ

203 976 235 1023 ιιι
249 965 346 1024 Deum
362 966 613 1048 glorificaverunt,
626 982 679 1029 aut
693 973 807 1050 gratias
815 981 945 1051 egerunt.
1000 970 1058 1045 μετ’
1073 970 1157 1028 ἐκεῖνο
1163 1013 1175 1047 ,
1186 969 1217 1028 τὸ
1229 968 1275 1029 καὶ
1286 969 1382 1029 εἴδωλα
1393 973 1575 1052 προσκυνῆσαι
1587 994 1593 1007 ·
1607 969 1621 1030 ὃ
1634 969 1680 1028 καί
1692 969 1773 1049 Ἱερε-

141 1090 149 1099 ·
202 1058 297 1118 Unum
312 1057 365 1119 hoc
378 1059 478 1120 crimen
502 1061 653 1121 maximum
672 1074 727 1137 est;
741 1061 859 1123 alterum
873 1061 947 1141 quod
1000 1061 1335 1142 μίιιςιιατηγορῦιιι,έλεγε·
1349 1060 1425 1122 bdio
1439 1062 1774 1144 sanctiminiatis&

203 1148 275 1210 idola
289 1149 478 1212 adoraverint:
491 1175 546 1233 qua
565 1155 642 1216 dere
655 1177 783 1217 acaunus
796 1156 946 1220 illos-Jeru-
999 1143 1088 1221 οὗτος·
1114 1152 1161 1232 ἐμὲ
1183 1153 1356 1234 ἐγκατέλιπον
1379 1153 1468 1233 πηγὴν
1488 1158 1583 1223 ζῶντος
1597 1153 1706 1228 ῦὸατος,
1725 1155 1773 1214 καί

51 1251 102 1294 ser.
115 1261 138 1294 2·
157 1248 192 1295 ¹3·
202 1241 282 1312 mias,
296 1242 405 1303 dicebat
415 1269 424 1301 :
434 1247 502 1318 Duo
516 1248 599 1306 maia
610 1249 683 1326 seuit
693 1249 818 1328 populus
832 1250 946 1319 isic:m0
999 1243 1099 1325 ὤρυξαν
1122 1249 1224 1314 έαυτοῖς
1245 1245 1359 1313 λάκκους
1373 1247 1616 1328 συντετριμμένους.
1637 1237 1706 1306 Eira
1725 1246 1771 1306 nai

204 1335 422 1416 dereliquerunt
428 1338 648 1419 sentemaquoe
662 1343 751 1411 uiua,
765 1341 946 1422 etsodcrunt
962 1345 981 1393 C
998 1346 1108 1414 σημεῖον
1118 1344 1165 1399 τοῦ
1176 1335 1272 1397 εἰδέναι
1282 1335 1326 1396 τὸν
1338 1337 1418 1411 Θεὸν,
1428 1339 1474 1397 καὶ
1489 1338 1527 1417 μὴ
1538 1343 1654 1420 χρῆσθαι
1664 1341 1702 1406 εἰς
1712 1337 1769 1398 δέον

202 1428 261 1485 sibi
272 1430 416 1487 cisternas
430 1430 598 1510 dissipatas.
611 1429 716 1490 Deinde
726 1430 835 1511 signnm
855 1432 945 1508 affert,
998 1433 1032 1508 τῇ
1045 1428 1160 1509 γνώσει,
1173 1429 1289 1511 παράγει
1302 1435 1380 1490 τοῦτο
1392 1431 1470 1503 αὐτὸ,
1484 1430 1516 1490 τὸ
1527 1430 1599 1497 θεοὸς
1612 1429 1770 1509 ἐγνωκέναι·

203 1518 278 1597 quod
289 1520 379 1580 Deum
391 1536 559 1601 cognoscant,
570 1543 618 1583 nec
629 1522 783 1603 cognitione
792 1544 841 1584 sua
854 1538 884 1584 ut
896 1546 948 1606 par
998 1520 1090 1604 διόπερ
1099 1521 1231 1602 ἐσάγαγε·
1245 1520 1320 1582 Διότι
1330 1522 1434 1602 γνόντες
1447 1523 1492 1583 τὸν
1501 1522 1581 1595 Θεὸν,
1593 1525 1643 1603 οὐχ
1653 1525 1689 1588 ὡς
1701 1522 1771 1582 Θοδν

204 1625 402 1689 εεσσιιιιαιιιυι,
412 1614 488 1693 quod
497 1614 597 1674 scilicet
606 1613 669 1674 deos
681 1616 855 1695 cognoverint
865 1638 947 1696 :qua
998 1611 1132 1682 ἐδόξασαν.
1144 1612 1251 1687 Καλτλν
1262 1615 1347 1673 αἰτίαν
1359 1614 1386 1674 δέ
1395 1615 1499 1687 τίθησι,
1511 1616 1543 1673 δι’
1551 1615 1583 1687 ἣν
1592 1618 1629 1681 εἰς
1638 1613 1770 1687 τοσαύτην

204 1726 234 1765 re
248 1705 359 1765 intulit:
375 1706 453 1784 Quia
471 1727 538 1766 cum
551 1710 752 1788 cognovissent
767 1709 873 1781 Deum,
888 1730 948 1768 non
998 1702 1088 1764 ἄνοιαν
1103 1703 1234 1772 ἐξέπεσον.
1245 1704 1294 1773 Τίς
1304 1694 1349 1763 οὗν
1361 1705 1427 1778 αῦτη
1437 1704 1510 1779 ἐστί,
1521 1708 1585 1775 Τοῖς
1593 1709 1731 1785 λογισμοῖς
1742 1707 1773 1766 τὸ

205 1811 238 1858 ut
256 1801 354 1859 Deum
376 1799 626 1880 glorificaverunt.
647 1799 816 1878 causamque
836 1802 948 1882 apponit
998 1805 1052 1855 πᾶν
1066 1794 1221 1877 ἐπέτρεψαν.
1239 1795 1308 1856 ’ἀλλ’
1333 1799 1380 1856 οὐκ
1392 1789 1464 1856 εἶπεν
1480 1797 1577 1870 οὕτως,
1592 1797 1661 1857 ἀλλά
1680 1800 1772 1879 πολλῷ

205 1909 255 1950 cur
267 1889 295 1950 in
308 1903 408 1950 tantam
417 1889 560 1950 amentiam
571 1888 675 1972 delapsi
685 1890 748 1952 sint.
758 1891 889 1963 Quaenam
900 1892 947 1953 iila
998 1888 1227 1969 πληκτικάτερον·
1248 1888 1473 1967 Ἐματαιώθησαν
1495 1889 1562 1969 γάρ,
1578 1889 1658 1970 φησὶ,
1677 1894 1704 1951 ἐν
1718 1899 1773 1958 τοῖς

205 1982 263 2043 asti
276 1982 435 2043 Ratiociniis
455 1984 512 2043 suis
525 1983 615 2043 omnia
630 1982 829 2044 commiserunt.
844 1987 880 2043 At
894 2006 947 2046 non
999 1982 1179 2060 διαλογισμοῖς
1193 1982 1288 2055 αὐτῶν,
1304 1981 1349 2040 καλ
1369 1981 1508 2054 ἐσκοτίσθη
1523 1987 1540 2054 ἡ
1554 1983 1676 2050 ἀσύνετος
1686 1985 1773 2042 αὐτῶν

203 2076 242 2136 ita
253 2075 332 2153 dicit,
346 2074 393 2157 sod
406 2075 485 2157 longe
496 2075 689 2139 vehementiori
701 2076 783 2137 modo
793 2080 946 2140 ιΕναιιιεε-
998 2072 1104 2153 καρδία.
1117 2069 1224 2154 ’Ὥσπερ
1237 2073 1289 2154 γὰρ
1311 2077 1337 2134 ἒν
1353 2074 1474 2155 ἀσελήνῳ
1489 2073 1563 2133 ννκτλ
1588 2074 1613 2135 οῖ
1634 2099 1676 2143 τις
1697 2074 1772 2148 ξένον

202 2182 273 2230 runt
282 2173 370 2240 erum,
383 2167 481 2246 inquit,
491 2171 524 2227 in
534 2171 761 2250 cogitationibus
771 2172 844 2241 suis,
852 2182 884 2228 at
894 2173 945 2229 cb·
997 2164 1185 2244 ‘intumuisti
1208 2164 1322 2244 βαδίζειν
1336 2166 1404 2238 ὁδὸν,
1416 2164 1434 2236 ἢ
1445 2165 1560 2244 astuto<
1572 2169 1659 2241 πλεῖν,
1678 2168 1707 2225 οὗ
1722 2168 1772 2245 μό-

202 2273 352 2322 scuratum
362 2273 404 2320 est
415 2263 555 2340 insipiens
566 2280 618 2318 cor
626 2279 735 2319 eorum.
747 2258 825 2321 Sicut
836 2260 907 2321 enim
918 2262 946 2320 in
998 2278 1040 2314 νον
1052 2258 1081 2316 οὐ
1093 2255 1188 2337 φθάσει
1201 2256 1267 2337 πρὸς
1280 2256 1311 2316 τὸ
1323 2256 1416 2331 τέλος,
1436 2256 1504 2317 ἀλλὰ
1517 2258 1563 2317 καλ
1573 2260 1712 2318 ἀπολεῖται
1722 2282 1771 2318 τοι·

202 2367 281 2415 notte
291 2351 383 2431 illuni,
393 2351 416 2411 si
428 2351 488 2430 quis
501 2351 672 2433 peregrinum
681 2351 732 2411 iter
747 2372 855 2432 carpere
868 2373 947 2414 cone·
962 2352 982 2398 Ῑ)
997 2345 1080 2428 χόοοτ·
1096 2345 1164 2408 uiso
1173 2347 1219 2408 καλ
1233 2339 1310 2412 οῦτοι,
1323 2347 1372 2420 τὸν
1385 2349 1451 2429 πρὸς
1462 2350 1505 2409 τὸν
1520 2350 1627 2431 οὐρανὸν
1639 2349 1770 2430 φέρουσαν

133 2480 137 2493 ι
203 2460 260 2526 mr,
274 2445 319 2506 vel
332 2443 441 2504 inmari
463 2442 601 2522 navigare,
617 2463 670 2502 non
685 2442 831 2503 modcnon
848 2465 945 2524 perve—
997 2439 1056 2499 ὸδὸν
1071 2439 1184 2519 βαδίζειν
1205 2443 1397 2522 ἐπιχειροῦντες
1413 2440 1459 2499 καί
1478 2440 1509 2500 τὸ
1534 2446 1588 2522 pii<
1602 2444 1646 2522 ἀρ’
1670 2445 1771 2503 ἑαυτῶν

191 2536 289 2600 ἰιῖιεά
300 2538 392 2616 tineam
403 2535 451 2597 scd
461 2535 515 2596 cito
527 2533 612 2616 perit:
622 2534 661 2593 sic
673 2549 700 2594 et
709 2534 754 2594 isti
767 2535 841 2596 uiam
851 2535 888 2597 ad
896 2558 946 2597 ca·
998 2529 1173 2611 ίοῖφελόντῑς,
1184 2522 1240 2591 εἶτα
1251 2535 1308 2592 ἄντ’
1321 2531 1420 2592 ἐκεῖνον
1430 2536 1468 2612 τῷ
1476 2532 1563 2612 σκότῳ
1572 2536 1625 2591 τῶν
1635 2535 1772 2613 λογισμῶν

199 2631 262 2692 tum
273 2632 400 2693 temptem
419 2626 550 2709 aggressi,
564 2625 671 2705 sibique
682 2626 771 2686 lucem
785 2626 944 2707 adimentes,
997 2620 1105 2690 ἑαυτοὸς
1125 2621 1327 2704 ἐπιτρέψαντες,
1339 2623 1384 2682 καὶ
1396 2627 1423 2682 ἐν
1438 2621 1545 2702 σώμασι
1560 2624 1605 2683 τὸν
1617 2623 1771 2701 ἀσώματον,

202 2739 229 2785 ct
241 2723 318 2786 illius
334 2724 394 2784 loco
414 2719 616 2784 ratiociniorum
636 2737 748 2779 suorum
761 2719 877 2780 tenebris
890 2743 947 2782 sese
996 2714 1075 2775 καὶέν
1084 2713 1207 2795 σχήμασι
1216 2716 1261 2775 τὸν
1273 2716 1472 2796 ἀσχημάτιστον
1484 2719 1682 2790 ἐπιζητοῦντες,
1692 2717 1772 2776 νσνοὶ·

196 2818 407 2896 committentes,
422 2817 450 2876 in
464 2814 598 2898 corporeis
612 2812 812 2894 incorporeum,
822 2813 851 2874 in
871 2805 944 2901 fign-¹
995 2830 1052 2886 γιον
1068 2806 1221 2880 ὑπέστησαν
1235 2807 1434 2887 χαλεπώτατον.
1449 2808 1526 2869 Meris
1544 2808 1571 2868 δὲ
1587 2811 1639 2868 τῶν
1657 2809 1770 2891 είρημέ··

200 2906 945 2991 „13figuraexpenemquaefentegnauffagiumgmis.
995 2923 1047 2959 νων
1060 2898 1105 2959 καὶ
1117 2898 1209 2981 ίτέραν
1222 2899 1325 2973 τίθησιν
1339 2900 1425 2959 αἰτίαν
1436 2906 1484 2973 τῆς
1497 2899 1600 2974 πλάνης
1611 2905 1707 2975 αὐτῶν,
1724 2906 1771 2964 λε-

199 3001 302 3062 simum
320 3000 530 3062 ἀποπεσοῦσαι
543 2999 577 3059 iis
595 3012 696 3077 autem,
711 3020 771 3078 qua
784 2999 942 3078 dictasunt,
995 3014 1063 3070 γον·
1074 2990 1229 3060 osanna
1239 2981 1305 3052 εῖναι
1315 2992 1403 3073 wad,
1418 2992 1617 3072 ἐμωράνθησαν·
1628 2993 1708 3072 Μέγα
1717 2994 1770 3075 ti?

120 3106 122 3112 ’
199 3092 284 3154 aliam
302 3092 400 3154 erroris
414 3092 525 3152 illorum
537 3110 644 3150 cauam
661 3090 736 3172 ponit
749 3111 812 3150 cum
828 3093 867 3152 ait
878 3096 943 3152 222,
994 3107 1022 3142 τι
1041 3082 1103 3165 περὶ
1115 3086 1215 3144 ίαυτιῦν
1234 3088 1441 3166 ρανταοθέντες,
1457 3085 1503 3144 καὶ
1523 3089 1571 3146 οὐκ
1590 3087 1770 3167 ἀνασχόμενοι

200 3187 341 3247 Dicentss
361 3204 472 3245 suessa
492 3187 648 3264 sapientes,
661 3183 746 3242 stulti
761 3184 840 3263 sacti
860 3197 939 3245 sunt.
994 3177 1093 3249 ταύτην
1109 3179 1203 3251 ἐλθεῖν,
1222 3177 1256 3250 ἣν
1271 3182 1286 3237 ό
1299 3177 1367 3245 θεὸς
1381 3176 1515 3237 ἓνελενσεν
1536 3180 1639 3252 αὐτοῖς,
1653 3179 1768 3239 {iomi-

199 3281 333 3359 Mngnum
355 3276 427 3336 enim
448 3274 589 3356 quidpiam
600 3272 636 3333 de
649 3294 678 3333 sc
693 3273 879 3354 imaginantes,
894 3298 942 3337 nec
957 3284 975 3331 E
994 3272 1094 3338 σθησσν
1118 3275 1173 3336 τοῖς
1192 3272 1240 3341 τῆς
1263 3268 1351 3336 ἀνοίας
1364 3270 1508 3350 λογισμοῖς.
1523 3261 1591 3329 Εἶτα
1607 3270 1707 3338 δεικνὺς
1722 3274 1768 3331 καλ

199 3370 357 3431 sustinentes
367 3369 448 3444 hanc,
464 3387 545 3445 quam
554 3367 669 3447 jusserat
680 3365 942 3449 DeuS‚viamingre·
994 3359 1153 3442 ὑπογράφειν
1171 3360 1203 3421 τὸ
1216 3360 1368 3434 κλυδώνιον,
1382 3366 1438 3428 πῶς
1452 3363 1569 3442 χαλεπὸν
1587 3362 1632 3422 καλ
1646 3364 1767 3442 συγγνώ-

197 3460 238 3539 di,
247 3461 275 3520 in
283 3459 405 3519 amentias
414 3456 621 3537 cogitationibus
632 3454 829 3517 demersisnnt.
838 3459 943 3520 Deinde
995 3475 1047 3528 μοι
1060 3452 1166 3526 iuriam
1186 3453 1371 3535 ἐστερημένον,
1380 3452 1513 3534 ἐσάγαγε,
1528 3453 1625 3534 λέγων·
1646 3456 1701 3515 Καὶ
1714 3458 1765 3528 ἤλ-

199 3565 382 3634 tempestatem
394 3551 471 3611 illam
484 3548 649 3623 describens,
666 3570 749 3628 quam
767 3551 859 3631 gravis
878 3554 940 3614 sue.
993 3543 1075 3613 λαξαν
1088 3543 1136 3617 τὸν
1160 3544 1235 3613 δόξαν
1249 3552 1295 3606 τοῦ
1321 3546 1454 3628 ἀρθάρτου
1478 3549 1547 3605 Θεοῦ
1567 3549 1593 3605 έν
1614 3548 1765 3628 ὁμοιώματι

198 3645 281 3720 rit‚et
291 3644 364 3704 omni
374 3643 453 3704 venia
464 3640 589 3722 indigna,
600 3641 755 3722 subjunxit:
767 3647 815 3705 23.
828 3647 869 3705 Et
879 3668 941 3707 mu·
993 3634 1091 3705 εἰκόνος
1100 3642 1215 3717 φθαρτοῦ
1226 3637 1377 3720 ἀνθρώπου,
1389 3638 1570 3698 itineranti
1581 3639 1627 3699 καὶ
1638 3643 1768 3724 τετραπά-

199 3750 335 3799 taverunt
347 3737 475 3818 gloriam
492 3735 723 3814 incorruptibilis
734 3737 802 3813 Dei,
814 3740 847 3794 in
856 3741 941 3796 simi·
994 3728 1046 3786 διον
1060 3727 1105 3787 κοιλ
1119 3729 1246 3810 ἑρπετῶν.

198 3834 354 3894 litudiaem
374 3833 513 3912 imaginis
535 3829 731 3909 conuptidilis
753 3831 891 3910 bominis,
913 3846 942 3893 et

198 3927 356 3988 columam
365 3937 393 3984 et
403 3920 625 4004 quadrupedum
636 3933 665 3980 et
675 3927 861 4002 serpentium.

237 4019 266 4078 5.
283 4018 375 4078 Prima
389 4014 533 4091 accusatio,
553 4011 628 4093 quod
649 4015 739 4074 Deum
759 4036 812 4074 non
826 4016 940 4078 invenc-
1032 4026 1143 4106 Πρῶτον
1154 4024 1473 4106 ἐγκλημα,άτιΘεὸνοιίρ
1485 4016 1715 4106 εὸρονθεύτερον,
1723 4027 1765 4084 ὅτι

197 4110 267 4188 rint;
280 4107 406 4181 md&
421 4106 496 4187 ΨΜ
508 4105 660 4166 00035ῖοῃὸ
675 4111 940 4192 1118ίίῙῙῖίῧῖίῐῦθλλῖίό·
993 4117 1038 4177 καλ
1048 4118 1170 4200 &poppis
1184 4119 1290 4199 ἔχοντες
1302 4119 1420 4198 μεγάλας
1434 4118 1480 4177 καί
1492 4126 1599 4198 σαφεῖς·
1613 4117 1713 4199 τρίτον,
1725 4118 1766 4178 dri

181 4202 185 4211 '
197 4223 262 4263 enas
269 4203 413 4278 habentem
426 4200 513 4274 tertia,
527 4198 604 4279 quod
614 4220 676 4258 cum
685 4221 712 4259 se
721 4201 854 4281 sapientes
863 4202 940 4263 dice-
992 4209 1068 4290 σορολ
1075 4208 1195 4290 λέγοντες
1203 4202 1283 4270 εἶναι·
1295 4211 1429 4292 τέταρτον,
1440 4210 1481 4268 ότι
1491 4212 1520 4269 οὗ
1530 4208 1607 4286 μόνον
1620 4212 1670 4290 οὐχ
1679 4200 1766 4289 εὗρον,

195 4308 272 4371 rent;
284 4307 378 4374 quana
386 4338 395 4370 ,
403 4291 477 4373 quod
490 4313 542 4352 nen
557 4290 638 4351 modo
647 4311 699 4351 non
711 4291 863 4353 invenerint
870 4339 879 4372 ‚
892 4295 940 4356 sed
992 4301 1061 4362 ἀλλά
1074 4300 1120 4361 καλ
1133 4304 1169 4368 εἰς
1183 4301 1309 4380 δαίμονας
1323 4302 1472 4383 κατήγαγον
1483 4300 1529 4361 καὶ
1541 4300 1627 4368 λίθους
1641 4302 1687 4361 καὶ
1701 4300 1767 4370 ξύλα

195 4385 277 4447 etiam
291 4385 396 4445 cultum
408 4385 487 4444 illum
500 4381 536 4442 ad
548 4381 695 4459 daemonas,
706 4382 741 4441 ad
753 4382 859 4464 lapides
869 4400 895 4447 et
905 4388 939 4449 li·
991 4393 1021 4454 τὸ
1040 4391 1121 4461 site<
1143 4395 1235 4453 ἐκεῖνο.
1256 4390 1385 4473 Καθαιρεῖ
1400 4391 1448 4470 μέν
1467 4384 1510 4451 οὖν
1533 4395 1617 4452 αὐτῶν
1632 4392 1678 4452 καί
1692 4395 1719 4451 ἐν
1731 4398 1765 4472 τῇ

195 4498 249 4560 gna
269 4476 429 4538 derivarint.
444 4474 559 4534 lllcmm
572 4493 637 4534 vero
651 4474 751 4533 tastum
764 4472 894 4557 deprimit
908 4479 937 4539 in
944 4531 980 4571 45¹
990 4484 1056 4567 πρὸς
1065 4484 1219 4565 Κορινθίους
1230 4487 1355 4564 ἐπιστολῇ
1369 4484 1414 4544 τὸν
1429 4488 1519 4564 τῦρον,
1535 4485 1593 4542 ἀλλ’
1608 4485 1658 4564 οὐχ
1668 4485 1767 4562 ὁμοίως

194 4568 318 4654 Epistola
331 4566 367 4629 ad
386 4565 556 4642 Corinthium
575 4563 623 4624 scd
644 4585 698 4624 non
712 4566 823 4649 perinde
835 4569 893 4630 illic
908 4587 937 4632 ut
954 4585 973 4632 A
991 4576 1045 4636 ἐκεῖ
1056 4575 1102 4637 καὶ
1116 4579 1236 4637 ἐνταῦθα.
1247 4575 1324 4636 Ἐκεῖ
1344 4575 1393 4653 μὲν
1408 4573 1460 4654 γάρ
1476 4575 1529 4635 άπὸ
1540 4579 1587 4635 τοῦ
1599 4582 1713 4656 σταυροῦ
1725 4578 1766 4636 δί-

193 4661 251 4724 hic.
267 4661 329 4724 Illic
342 4657 415 4720 enim
427 4678 444 4717 a
457 4676 536 4717 cruce
548 4656 657 4737 plagam
677 4655 744 4738 ipsis
764 4657 878 4741 infligit,
892 4662 937 4722 di·
991 4670 1070 4729 δαισιν
1082 4671 1169 4735 αὐτοῖς
1184 4667 1299 4747 πληγλν,
1309 4664 1405 4747 λέγων,
1418 4670 1458 4725 ότι
1469 4666 1510 4726 Τὸ
1522 4666 1611 4746 μοιρὸν
1624 4672 1671 4727 τοῦ
1693 4672 1764 4729 Θεοῦ

48 4782 69 4813 ι.
81 4766 135 4814 cor.
149 4779 170 4819 ι.
194 4776 274 4817 cens:
287 4755 366 4834 Quia
386 4751 466 4833 quod
484 4748 607 4809 stultum
626 4762 667 4809 est
686 4752 755 4823 Dei,
776 4758 938 4833 sapientius
992 4759 1139 4841 σοριίντερον
1151 4763 1203 4818 τῶν
1218 4758 1364 4842 ἀνθρώπων
1378 4757 1464 4818 ἐστίν·
1481 4760 1592 4818 ἐνταῦθα
1603 4758 1631 4817 δέ
1646 4758 1693 4819 καὶ
1704 4784 1765 4840 χω-

44 4830 83 4877 ¹5.

195 4861 238 4910 cst
249 4847 414 4907 hominibus
419 4841 484 4913 ,duic
491 4861 556 4903 uero
563 4840 620 4901 sinc
626 4844 823 4922 comparatione
832 4846 937 4927 sapien·
993 4853 1032 4931 ρίς
1038 4851 1198 4935 συγκρίσεως
1208 4850 1289 4924 αὐτὴν
1300 4852 1358 4912 καθ’
1369 4851 1465 4923 ἑαυτὴν
1478 4852 1600 4931 κωμῳδεῖ
1611 4850 1659 4923 τὴν
1672 4853 1767 4933 copias

225 5060 237 5086 ¹
253 5045 300 5109 μ’
313 5052 460 5109 diffluum?
468 5051 494 5091 θῑ
509 5055 569 5089 ¹⁰⁰¹
581 5041 759 5110 imminui-i
1040 5064 1051 5088 ν
1070 5048 1125 5097 Duo
1137 5047 1194 5097 diss.
1209 5053 1340 5116 insxstpoiu·
1354 5043 1407 5109 [Sic
1420 5047 1446 5092 A.
1459 5060 1474 5092 a
1486 5060 1506 5092 s.
1518 5044 1566 5107 m.]

225 5126 240 5165 ν
256 5125 317 5190 [Δύο
328 5129 364 5174 καί
375 5143 426 5177 πον.
439 5123 468 5171 Α.
482 5131 507 5170 et
519 5133 598 5186 marg.
611 5116 689 5168 sii-it.
701 5117 770 5169 loire
787 5122 816 5177 Α,
828 5135 956 5194 χρήσασθαι
1037 5128 1048 5158 ⁴¹
1064 5128 1195 5193 [ἀνελόντες
1205 5127 1234 5178 Α.
1246 5135 1273 5174 et
1284 5138 1364 5188 marg.
1375 5118 1466 5185 sivit]

191 5221 239 5273 pro
250 5208 349 5273 χρῆσθαι
361 5201 370 5266 ]
