<?xml version="1.0" encoding="UTF-8"?>
<!DOCTYPE html PUBLIC "-//W3C//DTD XHTML 1.0 Transitional//EN"
    "http://www.w3.org/TR/xhtml1/DTD/xhtml1-transitional.dtd">
<html xmlns="http://www.w3.org/1999/xhtml" xml:lang="en" lang="en">
 <head>
  <title>
</title>
<meta http-equiv="Content-Type" content="text/html;charset=utf-8" />
  <meta name='ocr-system' content='tesseract 3.04.00' />
  <meta name='ocr-capabilities' content='ocr_page ocr_carea ocr_par ocr_line ocrx_word'/>
</head>
<body>
  <div class='ocr_page' id='page_1' title='image "./sanctipatrisnos01chrygoog_0069.png"; bbox 0 0 3728 5978; ppageno 0'>
   <div class='ocr_carea' id='block_1_1' title="bbox 245 360 1508 445">
    <p class='ocr_par' dir='ltr' id='par_1_1' title="bbox 245 360 1508 445">
     <span class='ocr_line' id='line_1_1' title="bbox 245 360 1508 445; baseline 0.002 -8"><span class='ocrx_word' id='word_1_1' title='bbox 245 366 290 437; x_wconf 75' lang='lat'><strong>52</strong></span> <span class='ocrx_word' id='word_1_2' title='bbox 611 392 640 441; x_wconf 86' lang='lat' dir='ltr'><strong>s.</strong></span> <span class='ocrx_word' id='word_1_3' title='bbox 669 391 809 441; x_wconf 75' lang='lat' dir='ltr'><strong>sosuuis</strong></span> <span class='ocrx_word' id='word_1_4' title='bbox 835 388 1019 438; x_wconf 80' lang='lat' dir='ltr'><strong>eunusosr.</strong></span> <span class='ocrx_word' id='word_1_5' title='bbox 1050 392 1206 442; x_wconf 77' lang='lat' dir='ltr'><strong>nuenton.</strong></span> <span class='ocrx_word' id='word_1_6' title='bbox 1237 360 1508 445; x_wconf 75' lang='lat' dir='ltr'><strong>eousriurruor.</strong></span> 
     </span>
    </p>
   </div>
   <div class='ocr_carea' id='block_1_2' title="bbox 285 512 1814 600">
    <p class='ocr_par' dir='ltr' id='par_1_2' title="bbox 285 512 1814 600">
     <span class='ocr_line' id='line_1_2' title="bbox 285 512 1814 600; baseline 0.005 -27"><span class='ocrx_word' id='word_1_7' title='bbox 285 512 313 573; x_wconf 83' lang='lat'><strong>5.</strong></span> <span class='ocrx_word' id='word_1_8' title='bbox 335 512 419 589; x_wconf 86' lang='lat' dir='ltr'><strong>Quid,</strong></span> <span class='ocrx_word' id='word_1_9' title='bbox 434 534 536 592; x_wconf 84' lang='lat' dir='ltr'><strong>quaeso,</strong></span> <span class='ocrx_word' id='word_1_10' title='bbox 552 513 640 575; x_wconf 74' lang='lat' dir='ltr'><strong>dicis?</strong></span> <span class='ocrx_word' id='word_1_11' title='bbox 653 515 767 574; x_wconf 89' lang='lat' dir='ltr'><strong>salutem</strong></span> <span class='ocrx_word' id='word_1_12' title='bbox 782 534 915 573; x_wconf 86' lang='lat' dir='ltr'><strong>memoras</strong></span> <span class='ocrx_word' id='word_1_13' title='bbox 928 524 990 594; x_wconf 86' lang='lat' dir='ltr'><strong>pust</strong></span> <span class='ocrx_word' id='word_1_14' title='bbox 1082 515 1119 575; x_wconf 86' lang='grc' dir='ltr'>Τί</span> <span class='ocrx_word' id='word_1_15' title='bbox 1142 516 1240 596; x_wconf 78' lang='grc' dir='ltr'>λέγεις,</span> <span class='ocrx_word' id='word_1_16' title='bbox 1264 519 1324 580; x_wconf 79' lang='grc' dir='ltr'>τίτί</span> <span class='ocrx_word' id='word_1_17' title='bbox 1347 543 1409 598; x_wconf 71' lang='grc' dir='ltr'>μοις</span> <span class='ocrx_word' id='word_1_18' title='bbox 1436 518 1569 600; x_wconf 73' lang='grc' dir='ltr'><strong>σωτηρίας</strong></span> <span class='ocrx_word' id='word_1_19' title='bbox 1591 517 1727 598; x_wconf 84' lang='grc' dir='ltr'>μίμνησαι</span> <span class='ocrx_word' id='word_1_20' title='bbox 1749 519 1814 597; x_wconf 80' lang='grc' dir='ltr'>μετδ</span> 
     </span>
    </p>
   </div>
   <div class='ocr_carea' id='block_1_3' title="bbox 244 605 1815 972">
    <p class='ocr_par' dir='ltr' id='par_1_3' title="bbox 244 605 1815 972">
     <span class='ocr_line' id='line_1_3' title="bbox 245 605 1814 693; baseline 0.005 -29"><span class='ocrx_word' id='word_1_21' title='bbox 245 606 370 667; x_wconf 77' lang='lat' dir='ltr'><strong>eritcem?</strong></span> <span class='ocrx_word' id='word_1_22' title='bbox 390 606 524 688; x_wconf 83' lang='lat' dir='ltr'><strong>Exspecta</strong></span> <span class='ocrx_word' id='word_1_23' title='bbox 548 607 656 667; x_wconf 88' lang='lat' dir='ltr'><strong>interim</strong></span> <span class='ocrx_word' id='word_1_24' title='bbox 671 632 677 665; x_wconf 90' lang='lat'>:</span> <span class='ocrx_word' id='word_1_25' title='bbox 693 627 790 686; x_wconf 78' lang='lat' dir='ltr'><strong>magna</strong></span> <span class='ocrx_word' id='word_1_26' title='bbox 810 619 850 665; x_wconf 88' lang='lat' dir='ltr'><strong>est</strong></span> <span class='ocrx_word' id='word_1_27' title='bbox 868 607 918 667; x_wconf 90' lang='lat' dir='ltr'><strong>Dei</strong></span> <span class='ocrx_word' id='word_1_28' title='bbox 936 605 989 665; x_wconf 88' lang='lat' dir='ltr'><strong>ele·</strong></span> <span class='ocrx_word' id='word_1_29' title='bbox 1043 607 1168 691; x_wconf 71' lang='grc' dir='ltr'>σταορδνς</span> <span class='ocrx_word' id='word_1_30' title='bbox 1183 608 1310 692; x_wconf 80' lang='grc' dir='ltr'>Ἀνᾶσχου</span> <span class='ocrx_word' id='word_1_31' title='bbox 1328 611 1409 679; x_wconf 83' lang='grc' dir='ltr'>τίεις·</span> <span class='ocrx_word' id='word_1_32' title='bbox 1431 609 1518 684; x_wconf 79' lang='grc' dir='ltr'>πολλὴ</span> <span class='ocrx_word' id='word_1_33' title='bbox 1534 611 1616 693; x_wconf 80' lang='grc' dir='ltr'><strong>γδρή</strong></span> <span class='ocrx_word' id='word_1_34' title='bbox 1631 612 1814 692; x_wconf 72' lang='grc' dir='ltr'>φιλανθρωπία</span> 
     </span>
     <span class='ocr_line' id='line_1_4' title="bbox 245 677 1814 786; baseline 0.004 -30"><span class='ocrx_word' id='word_1_35' title='bbox 245 700 355 759; x_wconf 89' lang='lat' dir='ltr'><strong>mentia.</strong></span> <span class='ocrx_word' id='word_1_36' title='bbox 379 699 415 757; x_wconf 89' lang='lat' dir='ltr'><strong>Et</strong></span> <span class='ocrx_word' id='word_1_37' title='bbox 437 698 489 758; x_wconf 89' lang='lat' dir='ltr'><strong>hoe</strong></span> <span class='ocrx_word' id='word_1_38' title='bbox 508 720 561 758; x_wconf 93' lang='lat' dir='ltr'><strong>non</strong></span> <span class='ocrx_word' id='word_1_39' title='bbox 586 699 676 758; x_wconf 92' lang='lat' dir='ltr'><strong>minus</strong></span> <span class='ocrx_word' id='word_1_40' title='bbox 699 698 816 760; x_wconf 83' lang='lat' dir='ltr'>ostendit</span> <span class='ocrx_word' id='word_1_41' title='bbox 837 698 915 758; x_wconf 92' lang='lat' dir='ltr'><strong>illum</strong></span> <span class='ocrx_word' id='word_1_42' title='bbox 934 719 990 758; x_wconf 85' lang='lat' dir='ltr'><strong>esse</strong></span> <span class='ocrx_word' id='word_1_43' title='bbox 1006 677 1030 777; x_wconf 54' lang='lat'><strong>2⁶</strong></span> <span class='ocrx_word' id='word_1_44' title='bbox 1042 707 1088 761; x_wconf 83' lang='grc' dir='ltr'><strong>τοῦ</strong></span> <span class='ocrx_word' id='word_1_45' title='bbox 1103 705 1180 764; x_wconf 95' lang='grc' dir='ltr'>Θεοῦ.</span> <span class='ocrx_word' id='word_1_46' title='bbox 1190 705 1244 764; x_wconf 84' lang='grc' dir='ltr'><strong>Καὶ</strong></span> <span class='ocrx_word' id='word_1_47' title='bbox 1255 711 1333 765; x_wconf 85' lang='grc' dir='ltr'>τοῦτο</span> <span class='ocrx_word' id='word_1_48' title='bbox 1344 709 1394 786; x_wconf 83' lang='grc' dir='ltr'><strong>οὐχ</strong></span> <span class='ocrx_word' id='word_1_49' title='bbox 1402 695 1481 777; x_wconf 71' lang='grc' dir='ltr'>ἧττον</span> <span class='ocrx_word' id='word_1_50' title='bbox 1495 709 1543 777; x_wconf 80' lang='grc' dir='ltr'><strong>τῆς</strong></span> <span class='ocrx_word' id='word_1_51' title='bbox 1553 701 1723 772; x_wconf 77' lang='grc' dir='ltr'>ἀναστάσεως</span> <span class='ocrx_word' id='word_1_52' title='bbox 1737 703 1814 763; x_wconf 82' lang='grc' dir='ltr'>αὐτὸν</span> 
     </span>
     <span class='ocr_line' id='line_1_5' title="bbox 244 790 1813 878; baseline 0.004 -29"><span class='ocrx_word' id='word_1_53' title='bbox 244 791 343 868; x_wconf 87' lang='lat' dir='ltr'><strong>Deum,</strong></span> <span class='ocrx_word' id='word_1_54' title='bbox 355 813 436 870; x_wconf 89' lang='lat' dir='ltr'><strong>quam</strong></span> <span class='ocrx_word' id='word_1_55' title='bbox 449 792 606 851; x_wconf 86' lang='lat' dir='ltr'><strong>resurreetio</strong></span> <span class='ocrx_word' id='word_1_56' title='bbox 622 805 648 851; x_wconf 85' lang='lat' dir='ltr'><strong>et</strong></span> <span class='ocrx_word' id='word_1_57' title='bbox 659 791 747 872; x_wconf 81' lang='lat' dir='ltr'><strong>signa,</strong></span> <span class='ocrx_word' id='word_1_58' title='bbox 760 791 833 871; x_wconf 93' lang='lat' dir='ltr'><strong>quod</strong></span> <span class='ocrx_word' id='word_1_59' title='bbox 851 812 946 871; x_wconf 83' lang='lat' dir='ltr'>nempe</span> <span class='ocrx_word' id='word_1_60' title='bbox 956 790 990 850; x_wconf 91' lang='lat' dir='ltr'><strong>il-</strong></span> <span class='ocrx_word' id='word_1_61' title='bbox 1044 794 1159 857; x_wconf 85' lang='grc' dir='ltr'>δείκνυσι</span> <span class='ocrx_word' id='word_1_62' title='bbox 1174 797 1253 872; x_wconf 84' lang='grc' dir='ltr'>Θεδν,</span> <span class='ocrx_word' id='word_1_63' title='bbox 1268 797 1314 858; x_wconf 79' lang='grc' dir='ltr'>καὶ</span> <span class='ocrx_word' id='word_1_64' title='bbox 1328 803 1402 857; x_wconf 82' lang='grc' dir='ltr'>’τῶν</span> <span class='ocrx_word' id='word_1_65' title='bbox 1419 797 1550 877; x_wconf 75' lang='grc' dir='ltr'>σημείων,</span> <span class='ocrx_word' id='word_1_66' title='bbox 1567 798 1598 858; x_wconf 80' lang='grc' dir='ltr'>τὸ</span> <span class='ocrx_word' id='word_1_67' title='bbox 1610 795 1716 865; x_wconf 75' lang='grc' dir='ltr'>τούτους</span> <span class='ocrx_word' id='word_1_68' title='bbox 1728 819 1813 878; x_wconf 82' lang='grc' dir='ltr'>προσ-</span> 
     </span>
     <span class='ocr_line' id='line_1_6' title="bbox 244 880 1815 972; baseline 0.008 -34"><span class='ocrx_word' id='word_1_69' title='bbox 244 880 285 941; x_wconf 89' lang='lat' dir='ltr'><strong>los</strong></span> <span class='ocrx_word' id='word_1_70' title='bbox 305 883 427 943; x_wconf 81' lang='lat' dir='ltr'><strong>advocet.</strong></span> <span class='ocrx_word' id='word_1_71' title='bbox 446 884 514 941; x_wconf 90' lang='lat' dir='ltr'><strong>Nam</strong></span> <span class='ocrx_word' id='word_1_72' title='bbox 537 883 612 961; x_wconf 90' lang='lat' dir='ltr'><strong>quod</strong></span> <span class='ocrx_word' id='word_1_73' title='bbox 634 882 782 943; x_wconf 82' lang='lat' dir='ltr'><strong>admodum</strong></span> <span class='ocrx_word' id='word_1_74' title='bbox 798 885 918 958; x_wconf 90' lang='lat' dir='ltr'><strong>bonum,</strong></span> <span class='ocrx_word' id='word_1_75' title='bbox 933 885 990 943; x_wconf 85' lang='lat' dir='ltr'><strong>Deo</strong></span> <span class='ocrx_word' id='word_1_76' title='bbox 1043 889 1190 949; x_wconf 83' lang='grc' dir='ltr'>καλεῖσθαι.</span> <span class='ocrx_word' id='word_1_77' title='bbox 1206 891 1247 951; x_wconf 84' lang='grc' dir='ltr'><strong>Τὸ</strong></span> <span class='ocrx_word' id='word_1_78' title='bbox 1262 889 1315 971; x_wconf 78' lang='grc' dir='ltr'><strong>γὰρ</strong></span> <span class='ocrx_word' id='word_1_79' title='bbox 1337 891 1438 972; x_wconf 80' lang='grc' dir='ltr'>σφόδρα</span> <span class='ocrx_word' id='word_1_80' title='bbox 1458 889 1565 970; x_wconf 55' lang='lat' dir='ltr'><strong>oisella,</strong></span> <span class='ocrx_word' id='word_1_81' title='bbox 1578 894 1657 949; x_wconf 87' lang='grc' dir='ltr'>τοῦτο</span> <span class='ocrx_word' id='word_1_82' title='bbox 1672 891 1744 950; x_wconf 85' lang='grc' dir='ltr'>Θεοῦ</span> <span class='ocrx_word' id='word_1_83' title='bbox 1762 889 1815 967; x_wconf 81' lang='grc' dir='ltr'>μα’-</span> 
     </span>
    </p>
   </div>
   <div class='ocr_carea' id='block_1_4' title="bbox 114 974 1813 1062">
    <p class='ocr_par' dir='ltr' id='par_1_4' title="bbox 114 974 1813 1062">
     <span class='ocr_line' id='line_1_7' title="bbox 114 974 1813 1062; baseline 0.005 -32"><span class='ocrx_word' id='word_1_84' title='bbox 114 1004 151 1030; x_wconf 75' lang='lat' dir='ltr'><strong>a,</strong></span> <span class='ocrx_word' id='word_1_85' title='bbox 193 1018 198 1030; x_wconf 90' lang='lat'>.</span> <span class='ocrx_word' id='word_1_86' title='bbox 245 975 363 1034; x_wconf 80' lang='lat' dir='ltr'><strong>maxime</strong></span> <span class='ocrx_word' id='word_1_87' title='bbox 377 974 518 1055; x_wconf 89' lang='lat' dir='ltr'><strong>proprium</strong></span> <span class='ocrx_word' id='word_1_88' title='bbox 536 989 584 1036; x_wconf 88' lang='lat' dir='ltr'><strong>est.</strong></span> <span class='ocrx_word' id='word_1_89' title='bbox 609 975 679 1036; x_wconf 85' lang='lat' dir='ltr'><strong>Ideo</strong></span> <span class='ocrx_word' id='word_1_90' title='bbox 687 976 764 1051; x_wconf 88' lang='lat' dir='ltr'><strong>dicit,</strong></span> <span class='ocrx_word' id='word_1_91' title='bbox 777 979 870 1036; x_wconf 77' lang='lat' dir='ltr'><strong>Neruo</strong></span> <span class='ocrx_word' id='word_1_92' title='bbox 885 977 988 1048; x_wconf 82' lang='lat' dir='ltr'><strong>bonus,</strong></span> <span class='ocrx_word' id='word_1_93' title='bbox 1043 982 1121 1040; x_wconf 87' lang='grc' dir='ltr'>λιστα</span> <span class='ocrx_word' id='word_1_94' title='bbox 1133 981 1206 1041; x_wconf 85' lang='grc' dir='ltr'>ἴδιον.</span> <span class='ocrx_word' id='word_1_95' title='bbox 1218 981 1407 1042; x_wconf 65' lang='lat' dir='ltr'><strong>ditatura</strong></span> <span class='ocrx_word' id='word_1_96' title='bbox 1417 982 1498 1062; x_wconf 83' lang='grc' dir='ltr'>λέγει·</span> <span class='ocrx_word' id='word_1_97' title='bbox 1511 981 1606 1049; x_wconf 76' lang='grc' dir='ltr'>Οὐδείς</span> <span class='ocrx_word' id='word_1_98' title='bbox 1615 978 1723 1060; x_wconf 73' lang='grc' dir='ltr'>ἀγαθὸς,</span> <span class='ocrx_word' id='word_1_99' title='bbox 1739 982 1763 1039; x_wconf 82' lang='grc' dir='ltr'><strong>εἴ</strong></span> <span class='ocrx_word' id='word_1_100' title='bbox 1776 980 1813 1060; x_wconf 71' lang='grc' dir='ltr'><strong>μὴ</strong></span> 
     </span>
    </p>
   </div>
   <div class='ocr_carea' id='block_1_5' title="bbox 96 1605 216 1711">
    <p class='ocr_par' dir='ltr' id='par_1_5' title="bbox 96 1605 216 1710">
     <span class='ocr_line' id='line_1_8' title="bbox 96 1605 216 1649; baseline -0.019 0"><span class='ocrx_word' id='word_1_101' title='bbox 96 1605 164 1649; x_wconf 75' lang='lat' dir='ltr'><strong>tau</strong></span> <span class='ocrx_word' id='word_1_102' title='bbox 134 1606 216 1647; x_wconf 74' lang='lat' dir='ltr'><strong>resoni-</strong></span> 
     </span>
     <span class='ocr_line' id='line_1_9' title="bbox 97 1678 150 1711; baseline -0.047 -1"><span class='ocrx_word' id='word_1_103' title='bbox 97 1678 150 1711; x_wconf 80' lang='lat' dir='ltr'><strong>stas.</strong></span> 
     </span>
    </p>
   </div>
   <div class='ocr_carea' id='block_1_6' title="bbox 245 1063 1817 1523">
    <p class='ocr_par' dir='ltr' id='par_1_6' title="bbox 245 1063 1816 1523">
     <span class='ocr_line' id='line_1_10' title="bbox 246 1063 1815 1154; baseline 0.003 -29"><span class='ocrx_word' id='word_1_104' title='bbox 246 1070 304 1125; x_wconf 84' lang='lat' dir='ltr'><strong>nisi</strong></span> <span class='ocrx_word' id='word_1_105' title='bbox 322 1087 398 1125; x_wconf 81' lang='lat' dir='ltr'><strong>unus</strong></span> <span class='ocrx_word' id='word_1_106' title='bbox 415 1068 507 1126; x_wconf 83' lang='lat' dir='ltr'><strong>Deus.</strong></span> <span class='ocrx_word' id='word_1_107' title='bbox 533 1066 587 1127; x_wconf 89' lang='lat' dir='ltr'><strong>Sed</strong></span> <span class='ocrx_word' id='word_1_108' title='bbox 609 1088 642 1126; x_wconf 88' lang='lat' dir='ltr'><strong>ne</strong></span> <span class='ocrx_word' id='word_1_109' title='bbox 663 1068 838 1127; x_wconf 85' lang='lat' dir='ltr'><strong>bonitatem</strong></span> <span class='ocrx_word' id='word_1_110' title='bbox 830 1089 858 1127; x_wconf 93' lang='lat' dir='ltr'><strong>m</strong></span> <span class='ocrx_word' id='word_1_111' title='bbox 879 1067 991 1127; x_wconf 76' lang='lat' dir='ltr'><strong>desidite</strong></span> <span class='ocrx_word' id='word_1_112' title='bbox 1044 1063 1080 1138; x_wconf 82' lang='grc' dir='ltr'><strong>εἷς</strong></span> <span class='ocrx_word' id='word_1_113' title='bbox 1093 1076 1108 1131; x_wconf 82' lang='grc' dir='ltr'><strong>ὁ</strong></span> <span class='ocrx_word' id='word_1_114' title='bbox 1121 1071 1198 1139; x_wconf 85' lang='grc' dir='ltr'>Θεός</span> <span class='ocrx_word' id='word_1_115' title='bbox 1216 1072 1295 1133; x_wconf 79' lang='grc' dir='ltr'>Ἀλλὰ</span> <span class='ocrx_word' id='word_1_116' title='bbox 1310 1073 1570 1152; x_wconf 77' lang='grc' dir='ltr'>μὴτ-λνύγαθότητα</span> <span class='ocrx_word' id='word_1_117' title='bbox 1583 1071 1815 1154; x_wconf 76' lang='grc' dir='ltr'>είςδρορμὴνρρ-</span> 
     </span>
     <span class='ocr_line' id='line_1_11' title="bbox 245 1160 1814 1247; baseline 0.006 -32"><span class='ocrx_word' id='word_1_118' title='bbox 245 1177 411 1216; x_wconf 78' lang='lat' dir='ltr'><strong>occasionem</strong></span> <span class='ocrx_word' id='word_1_119' title='bbox 420 1178 601 1238; x_wconf 79' lang='lat' dir='ltr'><strong>arripiamus</strong></span> <span class='ocrx_word' id='word_1_120' title='bbox 613 1179 675 1217; x_wconf 88' lang='lat' dir='ltr'><strong>nam</strong></span> <span class='ocrx_word' id='word_1_121' title='bbox 684 1172 764 1240; x_wconf 85' lang='lat' dir='ltr'><strong>punit</strong></span> <span class='ocrx_word' id='word_1_122' title='bbox 776 1172 857 1218; x_wconf 83' lang='lat' dir='ltr'><strong>ettam</strong></span> <span class='ocrx_word' id='word_1_123' title='bbox 868 1173 897 1217; x_wconf 91' lang='lat' dir='ltr'><strong>ut</strong></span> <span class='ocrx_word' id='word_1_124' title='bbox 906 1160 991 1219; x_wconf 87' lang='lat' dir='ltr'><strong>Deus</strong></span> <span class='ocrx_word' id='word_1_125' title='bbox 1045 1163 1139 1242; x_wconf 83' lang='grc' dir='ltr'>θυμίας</span> <span class='ocrx_word' id='word_1_126' title='bbox 1153 1165 1294 1243; x_wconf 77' lang='grc' dir='ltr'>λοίύωμεν·</span> <span class='ocrx_word' id='word_1_127' title='bbox 1309 1167 1355 1226; x_wconf 81' lang='grc' dir='ltr'><strong>καλ</strong></span> <span class='ocrx_word' id='word_1_128' title='bbox 1364 1166 1417 1247; x_wconf 71' lang='grc' dir='ltr'><strong>γὰρ</strong></span> <span class='ocrx_word' id='word_1_129' title='bbox 1430 1165 1476 1225; x_wconf 77' lang='lat' dir='ltr'><strong>ael</strong></span> <span class='ocrx_word' id='word_1_130' title='bbox 1489 1167 1595 1234; x_wconf 77' lang='grc' dir='ltr'>αολαζει</span> <span class='ocrx_word' id='word_1_131' title='bbox 1603 1165 1725 1246; x_wconf 82' lang='grc' dir='ltr'>καθαπερ</span> <span class='ocrx_word' id='word_1_132' title='bbox 1738 1164 1814 1231; x_wconf 83' lang='grc' dir='ltr'>Θεός.</span> 
     </span>
     <span class='ocr_line' id='line_1_12' title="bbox 245 1246 1815 1339; baseline 0.005 -33"><span class='ocrx_word' id='word_1_133' title='bbox 245 1246 311 1306; x_wconf 85' lang='lat' dir='ltr'><strong>Haec</strong></span> <span class='ocrx_word' id='word_1_134' title='bbox 320 1268 385 1327; x_wconf 82' lang='lat' dir='ltr'><strong>ergo</strong></span> <span class='ocrx_word' id='word_1_135' title='bbox 400 1248 509 1326; x_wconf 78' lang='lat' dir='ltr'><strong>fecitis,</strong></span> <span class='ocrx_word' id='word_1_136' title='bbox 530 1270 577 1327; x_wconf 86' lang='lat' dir='ltr'><strong>qut</strong></span> <span class='ocrx_word' id='word_1_137' title='bbox 570 1248 686 1308; x_wconf 83' lang='lat' dir='ltr'><strong>dixit·</strong></span> <span class='ocrx_word' id='word_1_138' title='bbox 680 1252 804 1308; x_wconf 78' lang='lat' dir='ltr'><strong>Omnis</strong></span> <span class='ocrx_word' id='word_1_139' title='bbox 815 1271 993 1331; x_wconf 74' lang='lat' dir='ltr'><strong>quacumque</strong></span> <span class='ocrx_word' id='word_1_140' title='bbox 1046 1255 1121 1315; x_wconf 77' lang='grc' dir='ltr'>Αὐτδ</span> <span class='ocrx_word' id='word_1_141' title='bbox 1135 1264 1195 1336; x_wconf 84' lang='grc' dir='ltr'>γοῦν</span> <span class='ocrx_word' id='word_1_142' title='bbox 1219 1264 1302 1317; x_wconf 85' lang='grc' dir='ltr'>ταῦτα</span> <span class='ocrx_word' id='word_1_143' title='bbox 1326 1258 1404 1327; x_wconf 83' lang='grc' dir='ltr'>αὐτὸς</span> <span class='ocrx_word' id='word_1_144' title='bbox 1421 1257 1591 1339; x_wconf 79' lang='grc' dir='ltr'>εἰργάσατοδ</span> <span class='ocrx_word' id='word_1_145' title='bbox 1611 1255 1702 1330; x_wconf 79' lang='grc' dir='ltr'>εἰπὼν,</span> <span class='ocrx_word' id='word_1_146' title='bbox 1716 1254 1770 1323; x_wconf 86' lang='grc' dir='ltr'>Ὃς</span> <span class='ocrx_word' id='word_1_147' title='bbox 1785 1255 1815 1314; x_wconf 70' lang='grc' dir='ltr'>ἂν</span> 
     </span>
     <span class='ocr_line' id='line_1_13' title="bbox 246 1343 1816 1431; baseline 0.004 -33"><span class='ocrx_word' id='word_1_148' title='bbox 246 1343 428 1399; x_wconf 80' lang='lat' dir='ltr'><strong>invocaverit</strong></span> <span class='ocrx_word' id='word_1_149' title='bbox 448 1362 555 1400; x_wconf 85' lang='lat' dir='ltr'><strong>nomen</strong></span> <span class='ocrx_word' id='word_1_150' title='bbox 579 1343 718 1416; x_wconf 80' lang='lat' dir='ltr'><strong>Domini,</strong></span> <span class='ocrx_word' id='word_1_151' title='bbox 743 1344 844 1402; x_wconf 81' lang='lat' dir='ltr'><strong>salvus</strong></span> <span class='ocrx_word' id='word_1_152' title='bbox 864 1347 930 1402; x_wconf 86' lang='lat' dir='ltr'><strong>erit</strong></span> <span class='ocrx_word' id='word_1_153' title='bbox 952 1345 995 1403; x_wconf 90' lang='lat' dir='ltr'><strong>De</strong></span> <span class='ocrx_word' id='word_1_154' title='bbox 1046 1347 1236 1422; x_wconf 63' lang='grc' dir='ltr'>ἱπααλωηται</span> <span class='ocrx_word' id='word_1_155' title='bbox 1249 1348 1279 1408; x_wconf 73' lang='grc' dir='ltr'><strong>τὸ</strong></span> <span class='ocrx_word' id='word_1_156' title='bbox 1294 1348 1378 1427; x_wconf 78' lang='grc' dir='ltr'>ὄνομα</span> <span class='ocrx_word' id='word_1_157' title='bbox 1390 1349 1502 1431; x_wconf 78' lang='grc' dir='ltr'>Κυρίου</span> <span class='ocrx_word' id='word_1_158' title='bbox 1517 1348 1675 1421; x_wconf 81' lang='grc' dir='ltr'>σωθήσεται.</span> <span class='ocrx_word' id='word_1_159' title='bbox 1690 1346 1816 1407; x_wconf 71' lang='lat' dir='ltr'><strong>Tharria</strong></span> 
     </span>
     <span class='ocr_line' id='line_1_14' title="bbox 247 1387 1817 1523; baseline -0.001 -27"><span class='ocrx_word' id='word_1_160' title='bbox 247 1437 327 1496; x_wconf 85' lang='lat' dir='ltr'><strong>rebus</strong></span> <span class='ocrx_word' id='word_1_161' title='bbox 340 1437 515 1519; x_wconf 76' lang='lat' dir='ltr'><strong>lerosolymae</strong></span> <span class='ocrx_word' id='word_1_162' title='bbox 536 1438 643 1517; x_wconf 90' lang='lat' dir='ltr'><strong>loquor,</strong></span> <span class='ocrx_word' id='word_1_163' title='bbox 660 1437 695 1498; x_wconf 87' lang='lat' dir='ltr'><strong>de</strong></span> <span class='ocrx_word' id='word_1_164' title='bbox 708 1387 871 1498; x_wconf 83' lang='lat' dir='ltr'><strong>intolerabili</strong></span> <span class='ocrx_word' id='word_1_165' title='bbox 884 1439 933 1498; x_wconf 89' lang='lat' dir='ltr'><strong>illa</strong></span> <span class='ocrx_word' id='word_1_166' title='bbox 946 1439 994 1497; x_wconf 90' lang='lat' dir='ltr'><strong>ul·</strong></span> <span class='ocrx_word' id='word_1_167' title='bbox 1047 1437 1095 1511; x_wconf 75' lang='grc' dir='ltr'><strong>τὴν</strong></span> <span class='ocrx_word' id='word_1_168' title='bbox 1106 1438 1279 1518; x_wconf 70' lang='grc' dir='ltr'>Ἰερουσαλὴμ</span> <span class='ocrx_word' id='word_1_169' title='bbox 1300 1439 1385 1520; x_wconf 78' lang='grc' dir='ltr'>λέγω,</span> <span class='ocrx_word' id='word_1_170' title='bbox 1398 1440 1447 1513; x_wconf 74' lang='grc' dir='ltr'>τὴν</span> <span class='ocrx_word' id='word_1_171' title='bbox 1463 1440 1593 1523; x_wconf 79' lang='grc' dir='ltr'>δρόρητον</span> <span class='ocrx_word' id='word_1_172' title='bbox 1614 1438 1719 1509; x_wconf 77' lang='grc' dir='ltr'>ἐκείνην</span> <span class='ocrx_word' id='word_1_173' title='bbox 1737 1438 1817 1498; x_wconf 75' lang='grc' dir='ltr'>κολα·</span> 
     </span>
    </p>
   </div>
   <div class='ocr_carea' id='block_1_7' title="bbox 158 1522 1818 1613">
    <p class='ocr_par' dir='ltr' id='par_1_7' title="bbox 158 1522 1818 1613">
     <span class='ocr_line' id='line_1_15' title="bbox 158 1522 1818 1613; baseline 0.005 -31"><span class='ocrx_word' id='word_1_174' title='bbox 158 1540 240 1585; x_wconf 75' lang='lat' dir='ltr'><strong>cono·</strong></span> <span class='ocrx_word' id='word_1_175' title='bbox 248 1528 337 1589; x_wconf 84' lang='lat' dir='ltr'><strong>tione:</strong></span> <span class='ocrx_word' id='word_1_176' title='bbox 330 1529 386 1588; x_wconf 91' lang='lat' dir='ltr'><strong>de</strong></span> <span class='ocrx_word' id='word_1_177' title='bbox 397 1552 451 1609; x_wconf 89' lang='lat' dir='ltr'><strong>qua</strong></span> <span class='ocrx_word' id='word_1_178' title='bbox 461 1529 538 1591; x_wconf 80' lang='lat' dir='ltr'><strong>vohis</strong></span> <span class='ocrx_word' id='word_1_179' title='bbox 547 1551 619 1590; x_wconf 91' lang='lat' dir='ltr'><strong>nune</strong></span> <span class='ocrx_word' id='word_1_180' title='bbox 631 1551 715 1612; x_wconf 82' lang='lat' dir='ltr'><strong>paura</strong></span> <span class='ocrx_word' id='word_1_181' title='bbox 729 1530 825 1608; x_wconf 88' lang='lat' dir='ltr'><strong>loquar</strong></span> <span class='ocrx_word' id='word_1_182' title='bbox 835 1528 924 1607; x_wconf 84' lang='lat' dir='ltr'><strong>uttha,</strong></span> <span class='ocrx_word' id='word_1_183' title='bbox 935 1543 994 1589; x_wconf 88' lang='lat' dir='ltr'><strong>tum</strong></span> <span class='ocrx_word' id='word_1_184' title='bbox 1048 1553 1103 1591; x_wconf 89' lang='grc' dir='ltr'><strong>σιν</strong></span> <span class='ocrx_word' id='word_1_185' title='bbox 1129 1522 1160 1602; x_wconf 76' lang='grc' dir='ltr'>ἧς</span> <span class='ocrx_word' id='word_1_186' title='bbox 1183 1530 1313 1610; x_wconf 88' lang='grc' dir='ltr'>βουλομαι</span> <span class='ocrx_word' id='word_1_187' title='bbox 1334 1531 1411 1612; x_wconf 78' lang='grc' dir='ltr'>ὀλίγα</span> <span class='ocrx_word' id='word_1_188' title='bbox 1435 1533 1501 1613; x_wconf 84' lang='grc' dir='ltr'>πρὸς</span> <span class='ocrx_word' id='word_1_189' title='bbox 1519 1539 1588 1608; x_wconf 76' lang='grc' dir='ltr'>ὑμᾶς</span> <span class='ocrx_word' id='word_1_190' title='bbox 1610 1535 1703 1608; x_wconf 81' lang='grc' dir='ltr'>εἰπεῖν,</span> <span class='ocrx_word' id='word_1_191' title='bbox 1723 1554 1818 1612; x_wconf 76' lang='grc' dir='ltr'>χρησι-</span> 
     </span>
    </p>
   </div>
   <div class='ocr_carea' id='block_1_8' title="bbox 247 1621 1862 2258">
    <p class='ocr_par' dir='ltr' id='par_1_8' title="bbox 247 1621 1862 2258">
     <span class='ocr_line' id='line_1_16' title="bbox 247 1621 1819 1706; baseline 0 -25"><span class='ocrx_word' id='word_1_192' title='bbox 247 1635 340 1681; x_wconf 86' lang='lat' dir='ltr'><strong>eontra</strong></span> <span class='ocrx_word' id='word_1_193' title='bbox 353 1622 558 1698; x_wconf 90' lang='lat' dir='ltr'><strong>Marcionistas,</strong></span> <span class='ocrx_word' id='word_1_194' title='bbox 573 1637 631 1681; x_wconf 91' lang='lat' dir='ltr'><strong>tum</strong></span> <span class='ocrx_word' id='word_1_195' title='bbox 645 1636 736 1681; x_wconf 90' lang='lat' dir='ltr'><strong>contra</strong></span> <span class='ocrx_word' id='word_1_196' title='bbox 752 1621 819 1682; x_wconf 89' lang='lat' dir='ltr'><strong>ahos</strong></span> <span class='ocrx_word' id='word_1_197' title='bbox 829 1621 929 1681; x_wconf 89' lang='lat' dir='ltr'><strong>multos</strong></span> <span class='ocrx_word' id='word_1_198' title='bbox 939 1621 995 1681; x_wconf 74' lang='lat' dir='ltr'><strong>ha:</strong></span> <span class='ocrx_word' id='word_1_199' title='bbox 1049 1645 1163 1700; x_wconf 87' lang='grc' dir='ltr'>μευοντα</span> <span class='ocrx_word' id='word_1_200' title='bbox 1175 1627 1239 1701; x_wconf 76' lang='grc' dir='ltr'>ἧμιν</span> <span class='ocrx_word' id='word_1_201' title='bbox 1254 1624 1301 1683; x_wconf 78' lang='grc' dir='ltr'><strong>καὶ</strong></span> <span class='ocrx_word' id='word_1_202' title='bbox 1319 1623 1385 1704; x_wconf 79' lang='grc' dir='ltr'>πρὸς</span> <span class='ocrx_word' id='word_1_203' title='bbox 1406 1628 1454 1684; x_wconf 85' lang='grc' dir='ltr'><strong>Μαι</strong></span> <span class='ocrx_word' id='word_1_204' title='bbox 1456 1623 1609 1706; x_wconf 77' lang='grc' dir='ltr'>ρκιωνιστλς</span> <span class='ocrx_word' id='word_1_205' title='bbox 1622 1623 1669 1683; x_wconf 78' lang='grc' dir='ltr'><strong>καί</strong></span> <span class='ocrx_word' id='word_1_206' title='bbox 1688 1624 1755 1704; x_wconf 78' lang='grc' dir='ltr'>πρὸς</span> <span class='ocrx_word' id='word_1_207' title='bbox 1769 1621 1819 1681; x_wconf 77' lang='grc' dir='ltr'>ἄλ-</span> 
     </span>
     <span class='ocr_line' id='line_1_17' title="bbox 247 1649 1862 1798; baseline 0.001 -27"><span class='ocrx_word' id='word_1_208' title='bbox 247 1712 355 1772; x_wconf 88' lang='lat' dir='ltr'><strong>reticos.</strong></span> <span class='ocrx_word' id='word_1_209' title='bbox 365 1713 437 1785; x_wconf 88' lang='lat' dir='ltr'><strong>Quia</strong></span> <span class='ocrx_word' id='word_1_210' title='bbox 447 1713 518 1772; x_wconf 89' lang='lat' dir='ltr'><strong>onim</strong></span> <span class='ocrx_word' id='word_1_211' title='bbox 529 1669 624 1773; x_wconf 91' lang='lat' dir='ltr'><strong>dieunt</strong></span> <span class='ocrx_word' id='word_1_212' title='bbox 631 1714 733 1773; x_wconf 89' lang='lat' dir='ltr'><strong>bonum</strong></span> <span class='ocrx_word' id='word_1_213' title='bbox 744 1714 833 1773; x_wconf 87' lang='lat' dir='ltr'><strong>Deum</strong></span> <span class='ocrx_word' id='word_1_214' title='bbox 844 1712 995 1792; x_wconf 86' lang='lat' dir='ltr'><strong>Christum,</strong></span> <span class='ocrx_word' id='word_1_215' title='bbox 1012 1722 1030 1768; x_wconf 84' lang='grc' dir='ltr'><strong><em>Β</em></strong></span> <span class='ocrx_word' id='word_1_216' title='bbox 1048 1717 1108 1782; x_wconf 89' lang='grc' dir='ltr'>λους</span> <span class='ocrx_word' id='word_1_217' title='bbox 1127 1714 1239 1783; x_wconf 82' lang='grc' dir='ltr'>πολλοὺς</span> <span class='ocrx_word' id='word_1_218' title='bbox 1260 1721 1313 1775; x_wconf 90' lang='grc' dir='ltr'><strong>τῶν</strong></span> <span class='ocrx_word' id='word_1_219' title='bbox 1336 1649 1484 1797; x_wconf 67' lang='grc' dir='ltr'>αἱρετικῶρν.</span> <span class='ocrx_word' id='word_1_220' title='bbox 1496 1714 1609 1788; x_wconf 73' lang='grc' dir='ltr'>Ἐπειδὴ</span> <span class='ocrx_word' id='word_1_221' title='bbox 1626 1715 1679 1798; x_wconf 75' lang='grc' dir='ltr'><strong>γὰρ</strong></span> <span class='ocrx_word' id='word_1_222' title='bbox 1698 1714 1818 1796; x_wconf 76' lang='grc' dir='ltr'>λέγωσιν</span> <span class='ocrx_word' id='word_1_223' title='bbox 1860 1737 1862 1741; x_wconf 94' lang='grc'><strong><em>·</em></strong></span> 
     </span>
     <span class='ocr_line' id='line_1_18' title="bbox 248 1804 1818 1896; baseline 0.002 -34"><span class='ocrx_word' id='word_1_224' title='bbox 248 1804 328 1866; x_wconf 89' lang='lat' dir='ltr'><strong>illum</strong></span> <span class='ocrx_word' id='word_1_225' title='bbox 342 1826 407 1865; x_wconf 86' lang='lat' dir='ltr'><strong>vero</strong></span> <span class='ocrx_word' id='word_1_226' title='bbox 422 1805 544 1864; x_wconf 87' lang='lat' dir='ltr'><strong>malum:</strong></span> <span class='ocrx_word' id='word_1_227' title='bbox 565 1805 725 1883; x_wconf 82' lang='lat' dir='ltr'><strong>videamus,</strong></span> <span class='ocrx_word' id='word_1_228' title='bbox 749 1806 809 1886; x_wconf 89' lang='lat' dir='ltr'><strong>quis</strong></span> <span class='ocrx_word' id='word_1_229' title='bbox 820 1806 993 1896; x_wconf 26' lang='lat' dir='ltr'><strong>haeotseearit.</strong></span> <span class='ocrx_word' id='word_1_230' title='bbox 1049 1807 1144 1887; x_wconf 75' lang='grc' dir='ltr'>ἀγαθὸν</span> <span class='ocrx_word' id='word_1_231' title='bbox 1159 1807 1228 1867; x_wconf 83' lang='grc' dir='ltr'>Θεὸν</span> <span class='ocrx_word' id='word_1_232' title='bbox 1239 1808 1283 1868; x_wconf 84' lang='grc' dir='ltr'><strong>τὸν</strong></span> <span class='ocrx_word' id='word_1_233' title='bbox 1298 1809 1423 1888; x_wconf 79' lang='grc' dir='ltr'>Χριστὸν,</span> <span class='ocrx_word' id='word_1_234' title='bbox 1438 1811 1534 1869; x_wconf 74' lang='grc' dir='ltr'>ἐκεῖνον</span> <span class='ocrx_word' id='word_1_235' title='bbox 1548 1807 1576 1869; x_wconf 73' lang='lat' dir='ltr'><strong>il</strong></span> <span class='ocrx_word' id='word_1_236' title='bbox 1587 1807 1712 1889; x_wconf 75' lang='grc' dir='ltr'>πονηρὸν,</span> <span class='ocrx_word' id='word_1_237' title='bbox 1722 1805 1818 1885; x_wconf 77' lang='grc' dir='ltr'>ἴδωμεν</span> 
     </span>
     <span class='ocr_line' id='line_1_19' title="bbox 248 1896 1819 1979; baseline 0.001 -24"><span class='ocrx_word' id='word_1_238' title='bbox 248 1897 320 1970; x_wconf 89' lang='lat' dir='ltr'><strong>Quis</strong></span> <span class='ocrx_word' id='word_1_239' title='bbox 338 1898 397 1957; x_wconf 83' lang='lat' dir='ltr'><strong>haee</strong></span> <span class='ocrx_word' id='word_1_240' title='bbox 416 1918 480 1977; x_wconf 78' lang='lat' dir='ltr'><strong>ergo</strong></span> <span class='ocrx_word' id='word_1_241' title='bbox 500 1899 574 1977; x_wconf 83' lang='lat' dir='ltr'><strong>iecit,</strong></span> <span class='ocrx_word' id='word_1_242' title='bbox 596 1900 717 1959; x_wconf 87' lang='lat' dir='ltr'><strong>malusne</strong></span> <span class='ocrx_word' id='word_1_243' title='bbox 739 1899 818 1958; x_wconf 84' lang='lat' dir='ltr'><strong>ibam</strong></span> <span class='ocrx_word' id='word_1_244' title='bbox 841 1898 997 1958; x_wconf 76' lang='lat' dir='ltr'><strong>ulciscens?</strong></span> <span class='ocrx_word' id='word_1_245' title='bbox 1049 1898 1088 1965; x_wconf 90' lang='grc' dir='ltr'><strong>τίς</strong></span> <span class='ocrx_word' id='word_1_246' title='bbox 1107 1905 1190 1957; x_wconf 87' lang='grc' dir='ltr'>ταῦτα</span> <span class='ocrx_word' id='word_1_247' title='bbox 1210 1896 1326 1971; x_wconf 79' lang='grc' dir='ltr'>ἐποίησε.</span> <span class='ocrx_word' id='word_1_248' title='bbox 1345 1898 1394 1967; x_wconf 85' lang='grc' dir='ltr'><strong>Τίς</strong></span> <span class='ocrx_word' id='word_1_249' title='bbox 1414 1898 1500 1959; x_wconf 91' lang='grc' dir='ltr'>τοίνυν</span> <span class='ocrx_word' id='word_1_250' title='bbox 1525 1905 1609 1959; x_wconf 87' lang='grc' dir='ltr'>ταῦτα</span> <span class='ocrx_word' id='word_1_251' title='bbox 1634 1898 1819 1979; x_wconf 75' lang='grc' dir='ltr'>εἰργάσατοςδ</span> 
     </span>
     <span class='ocr_line' id='line_1_20' title="bbox 249 1981 1818 2072; baseline 0 -22"><span class='ocrx_word' id='word_1_252' title='bbox 249 1990 373 2050; x_wconf 90' lang='lat' dir='ltr'><strong>hlinime.</strong></span> <span class='ocrx_word' id='word_1_253' title='bbox 388 1991 531 2062; x_wconf 90' lang='lat' dir='ltr'><strong>Quomodo</strong></span> <span class='ocrx_word' id='word_1_254' title='bbox 547 1991 632 2072; x_wconf 83' lang='lat' dir='ltr'><strong>igitur</strong></span> <span class='ocrx_word' id='word_1_255' title='bbox 645 1993 741 2052; x_wconf 88' lang='lat' dir='ltr'><strong>abillo</strong></span> <span class='ocrx_word' id='word_1_256' title='bbox 757 1992 881 2052; x_wconf 80' lang='lat' dir='ltr'><strong>alienus?</strong></span> <span class='ocrx_word' id='word_1_257' title='bbox 893 1997 935 2051; x_wconf 80' lang='lat' dir='ltr'><strong>An</strong></span> <span class='ocrx_word' id='word_1_258' title='bbox 948 1991 996 2051; x_wconf 94' lang='lat' dir='ltr'><strong>bo·</strong></span> <span class='ocrx_word' id='word_1_259' title='bbox 1049 1990 1174 2070; x_wconf 85' lang='grc' dir='ltr'>τονηρύς,</span> <span class='ocrx_word' id='word_1_260' title='bbox 1188 1988 1271 2070; x_wconf 85' lang='grc' dir='ltr'>τούτιρ</span> <span class='ocrx_word' id='word_1_261' title='bbox 1291 1989 1413 2069; x_wconf 65' lang='grc' dir='ltr'>ἀμύνωνς</span> <span class='ocrx_word' id='word_1_262' title='bbox 1425 1992 1568 2070; x_wconf 77' lang='grc' dir='ltr'>Οὐδαμῶς.</span> <span class='ocrx_word' id='word_1_263' title='bbox 1588 1994 1653 2058; x_wconf 90' lang='grc' dir='ltr'>Πῶς</span> <span class='ocrx_word' id='word_1_264' title='bbox 1673 1981 1720 2051; x_wconf 83' lang='grc' dir='ltr'><strong>οὐν</strong></span> <span class='ocrx_word' id='word_1_265' title='bbox 1741 1993 1818 2050; x_wconf 67' lang='grc' dir='ltr'>αὐτοῦ</span> 
     </span>
     <span class='ocr_line' id='line_1_21' title="bbox 250 2081 1819 2165; baseline 0.001 -25"><span class='ocrx_word' id='word_1_266' title='bbox 250 2103 301 2140; x_wconf 90' lang='lat' dir='ltr'><strong>nus</strong></span> <span class='ocrx_word' id='word_1_267' title='bbox 320 2082 371 2142; x_wconf 92' lang='lat' dir='ltr'><strong>hoe</strong></span> <span class='ocrx_word' id='word_1_268' title='bbox 394 2083 475 2142; x_wconf 74' lang='lat' dir='ltr'><strong>feeit?</strong></span> <span class='ocrx_word' id='word_1_269' title='bbox 490 2082 545 2143; x_wconf 81' lang='lat' dir='ltr'><strong>sut</strong></span> <span class='ocrx_word' id='word_1_270' title='bbox 569 2083 770 2145; x_wconf 89' lang='lat' dir='ltr'><strong>demonstratur</strong></span> <span class='ocrx_word' id='word_1_271' title='bbox 794 2099 821 2144; x_wconf 87' lang='lat' dir='ltr'><strong>et</strong></span> <span class='ocrx_word' id='word_1_272' title='bbox 844 2089 951 2147; x_wconf 88' lang='lat' dir='ltr'><strong>Patrem</strong></span> <span class='ocrx_word' id='word_1_273' title='bbox 971 2100 997 2146; x_wconf 87' lang='lat' dir='ltr'><strong>et</strong></span> <span class='ocrx_word' id='word_1_274' title='bbox 1050 2081 1198 2165; x_wconf 67' lang='grc' dir='ltr'>ἀλλότριοςς</span> <span class='ocrx_word' id='word_1_275' title='bbox 1214 2081 1285 2141; x_wconf 82' lang='grc' dir='ltr'>Ἀλλ’</span> <span class='ocrx_word' id='word_1_276' title='bbox 1308 2087 1322 2141; x_wconf 79' lang='grc' dir='ltr'><strong>ὁ</strong></span> <span class='ocrx_word' id='word_1_277' title='bbox 1348 2083 1458 2162; x_wconf 56' lang='lat' dir='ltr'><strong>dyadis,</strong></span> <span class='ocrx_word' id='word_1_278' title='bbox 1478 2083 1559 2144; x_wconf 78' lang='grc' dir='ltr'>Ἀλλὰ</span> <span class='ocrx_word' id='word_1_279' title='bbox 1584 2084 1717 2143; x_wconf 74' lang='grc' dir='ltr'>δείκνυται</span> <span class='ocrx_word' id='word_1_280' title='bbox 1739 2081 1819 2142; x_wconf 79' lang='grc' dir='ltr'><strong>καὶὸ</strong></span> 
     </span>
     <span class='ocr_line' id='line_1_22' title="bbox 250 2173 1820 2258; baseline 0.008 -22"><span class='ocrx_word' id='word_1_281' title='bbox 250 2176 353 2237; x_wconf 88' lang='lat' dir='ltr'><strong>Filium</strong></span> <span class='ocrx_word' id='word_1_282' title='bbox 363 2177 415 2238; x_wconf 90' lang='lat' dir='ltr'><strong>hoe</strong></span> <span class='ocrx_word' id='word_1_283' title='bbox 427 2178 536 2238; x_wconf 81' lang='lat' dir='ltr'><strong>fecisse:</strong></span> <span class='ocrx_word' id='word_1_284' title='bbox 549 2181 656 2239; x_wconf 89' lang='lat' dir='ltr'><strong>Patrem</strong></span> <span class='ocrx_word' id='word_1_285' title='bbox 666 2180 760 2240; x_wconf 91' lang='lat' dir='ltr'><strong>multis</strong></span> <span class='ocrx_word' id='word_1_286' title='bbox 770 2181 797 2239; x_wconf 92' lang='lat' dir='ltr'><strong>in</strong></span> <span class='ocrx_word' id='word_1_287' title='bbox 807 2181 882 2258; x_wconf 87' lang='lat' dir='ltr'><strong>locis,</strong></span> <span class='ocrx_word' id='word_1_288' title='bbox 893 2196 923 2241; x_wconf 94' lang='lat' dir='ltr'><strong>ut</strong></span> <span class='ocrx_word' id='word_1_289' title='bbox 934 2202 996 2241; x_wconf 88' lang='lat' dir='ltr'><strong>cum</strong></span> <span class='ocrx_word' id='word_1_290' title='bbox 1051 2173 1147 2257; x_wconf 73' lang='grc' dir='ltr'>Ποιλρ</span> <span class='ocrx_word' id='word_1_291' title='bbox 1161 2175 1206 2233; x_wconf 74' lang='grc' dir='ltr'>ιιοιλ</span> <span class='ocrx_word' id='word_1_292' title='bbox 1225 2175 1316 2241; x_wconf 63' lang='lat' dir='ltr'><strong>iiio&lt;</strong></span> <span class='ocrx_word' id='word_1_293' title='bbox 1329 2174 1496 2248; x_wconf 66' lang='grc' dir='ltr'>πεποιηκώς·</span> <span class='ocrx_word' id='word_1_294' title='bbox 1512 2180 1527 2235; x_wconf 72' lang='grc' dir='ltr'><strong>ὃ</strong></span> <span class='ocrx_word' id='word_1_295' title='bbox 1544 2175 1592 2253; x_wconf 71' lang='grc' dir='ltr'><strong>μέν</strong></span> <span class='ocrx_word' id='word_1_296' title='bbox 1609 2175 1709 2257; x_wconf 68' lang='grc' dir='ltr'>Ποιῆρ</span> <span class='ocrx_word' id='word_1_297' title='bbox 1723 2175 1820 2235; x_wconf 59' lang='grc' dir='ltr'>πολλα·</span> 
     </span>
    </p>
   </div>
   <div class='ocr_carea' id='block_1_9' title="bbox 99 2265 1820 2350">
    <p class='ocr_par' dir='ltr' id='par_1_9' title="bbox 99 2265 1820 2350">
     <span class='ocr_line' id='line_1_23' title="bbox 99 2265 1820 2350; baseline -0.003 -18"><span class='ocrx_word' id='word_1_298' title='bbox 99 2284 186 2335; x_wconf 75' lang='lat' dir='ltr'><strong>Marta.</strong></span> <span class='ocrx_word' id='word_1_299' title='bbox 202 2293 242 2330; x_wconf 78' lang='grc' dir='ltr'><strong>ιο.</strong></span> <span class='ocrx_word' id='word_1_300' title='bbox 252 2269 519 2350; x_wconf 88' lang='lat' dir='ltr'><strong>dicitur,missurum</strong></span> <span class='ocrx_word' id='word_1_301' title='bbox 539 2294 602 2332; x_wconf 84' lang='lat' dir='ltr'><strong>eum</strong></span> <span class='ocrx_word' id='word_1_302' title='bbox 616 2294 672 2332; x_wconf 88' lang='lat' dir='ltr'><strong>esse</strong></span> <span class='ocrx_word' id='word_1_303' title='bbox 684 2273 818 2333; x_wconf 81' lang='lat' dir='ltr'><strong>exercitus</strong></span> <span class='ocrx_word' id='word_1_304' title='bbox 837 2295 899 2333; x_wconf 91' lang='lat' dir='ltr'><strong>suos</strong></span> <span class='ocrx_word' id='word_1_305' title='bbox 910 2274 938 2333; x_wconf 92' lang='lat' dir='ltr'><strong>in</strong></span> <span class='ocrx_word' id='word_1_306' title='bbox 949 2275 996 2335; x_wconf 79' lang='lat' dir='ltr'><strong>vi·</strong></span> <span class='ocrx_word' id='word_1_307' title='bbox 1050 2271 1157 2349; x_wconf 76' lang='grc' dir='ltr'>χοῦ9ὥς</span> <span class='ocrx_word' id='word_1_308' title='bbox 1166 2266 1227 2326; x_wconf 71' lang='grc' dir='ltr'>ὅταν</span> <span class='ocrx_word' id='word_1_309' title='bbox 1241 2265 1319 2347; x_wconf 83' lang='grc' dir='ltr'>λέγῃ,</span> <span class='ocrx_word' id='word_1_310' title='bbox 1332 2271 1359 2328; x_wconf 81' lang='grc' dir='ltr'>ἐν</span> <span class='ocrx_word' id='word_1_311' title='bbox 1369 2272 1408 2349; x_wconf 83' lang='grc' dir='ltr'>τῷ</span> <span class='ocrx_word' id='word_1_312' title='bbox 1419 2271 1556 2347; x_wconf 78' lang='grc' dir='ltr'>ἀμπελῶνι</span> <span class='ocrx_word' id='word_1_313' title='bbox 1568 2267 1684 2346; x_wconf 84' lang='grc' dir='ltr'>πέμπειν</span> <span class='ocrx_word' id='word_1_314' title='bbox 1699 2266 1735 2326; x_wconf 75' lang='grc' dir='ltr'>τὰ</span> <span class='ocrx_word' id='word_1_315' title='bbox 1745 2291 1820 2348; x_wconf 85' lang='grc' dir='ltr'>στρυ-</span> 
     </span>
    </p>
   </div>
   <div class='ocr_carea' id='block_1_10' title="bbox 99 2364 209 2532">
    <p class='ocr_par' dir='ltr' id='par_1_10' title="bbox 99 2364 209 2532">
     <span class='ocr_line' id='line_1_24' title="bbox 100 2364 209 2468; baseline -0.04 -12"><span class='ocrx_word' id='word_1_316' title='bbox 100 2364 157 2456; x_wconf 76' lang='grc' dir='ltr'><strong>ἲ...</strong></span> <span class='ocrx_word' id='word_1_317' title='bbox 137 2420 209 2468; x_wconf 70' lang='grc'><strong>,9</strong></span> 
     </span>
     <span class='ocr_line' id='line_1_25' title="bbox 99 2486 140 2532; baseline -0.024 -14"><span class='ocrx_word' id='word_1_318' title='bbox 99 2486 140 2532; x_wconf 76' lang='lat'><strong>²7·</strong></span> 
     </span>
    </p>
   </div>
   <div class='ocr_carea' id='block_1_11' title="bbox 251 2356 1822 2631">
    <p class='ocr_par' dir='ltr' id='par_1_11' title="bbox 251 2356 1822 2631">
     <span class='ocr_line' id='line_1_26' title="bbox 253 2356 1820 2444; baseline -0.001 -20"><span class='ocrx_word' id='word_1_319' title='bbox 253 2386 348 2441; x_wconf 73' lang='lat' dir='ltr'><strong>neam,</strong></span> <span class='ocrx_word' id='word_1_320' title='bbox 362 2365 472 2438; x_wconf 84' lang='lat' dir='ltr'><strong>Filium,</strong></span> <span class='ocrx_word' id='word_1_321' title='bbox 485 2379 515 2424; x_wconf 89' lang='lat' dir='ltr'><strong>ut</strong></span> <span class='ocrx_word' id='word_1_322' title='bbox 533 2364 642 2444; x_wconf 84' lang='lat' dir='ltr'><strong>quando</strong></span> <span class='ocrx_word' id='word_1_323' title='bbox 657 2364 738 2424; x_wconf 86' lang='lat' dir='ltr'><strong>dicit:</strong></span> <span class='ocrx_word' id='word_1_324' title='bbox 750 2368 888 2425; x_wconf 82' lang='lat' dir='ltr'><strong>inimicos</strong></span> <span class='ocrx_word' id='word_1_325' title='bbox 900 2379 999 2425; x_wconf 86' lang='lat' dir='ltr'><strong>autem</strong></span> <span class='ocrx_word' id='word_1_326' title='bbox 1050 2359 1169 2438; x_wconf 83' lang='grc' dir='ltr'>τείμοιτοι</span> <span class='ocrx_word' id='word_1_327' title='bbox 1183 2361 1295 2419; x_wconf 52' lang='lat' dir='ltr'><strong>oiseii</strong></span> <span class='ocrx_word' id='word_1_328' title='bbox 1309 2358 1488 2430; x_wconf 67' lang='grc' dir='ltr'>δλΥίδς95τον</span> <span class='ocrx_word' id='word_1_329' title='bbox 1495 2359 1656 2438; x_wconf 75' lang='grc' dir='ltr'>λέγῃ9Τυύς</span> <span class='ocrx_word' id='word_1_330' title='bbox 1670 2358 1698 2419; x_wconf 71' lang='grc' dir='ltr'><strong>δέ</strong></span> <span class='ocrx_word' id='word_1_331' title='bbox 1715 2356 1820 2440; x_wconf 70' lang='grc' dir='ltr'>ἐχθρούς</span> 
     </span>
     <span class='ocr_line' id='line_1_27' title="bbox 251 2448 1820 2538; baseline 0.001 -23"><span class='ocrx_word' id='word_1_332' title='bbox 251 2478 331 2516; x_wconf 83' lang='lat' dir='ltr'><strong>meos</strong></span> <span class='ocrx_word' id='word_1_333' title='bbox 350 2459 487 2516; x_wconf 81' lang='lat' dir='ltr'><strong>adducite</strong></span> <span class='ocrx_word' id='word_1_334' title='bbox 504 2471 533 2516; x_wconf 86' lang='lat' dir='ltr'><strong>et</strong></span> <span class='ocrx_word' id='word_1_335' title='bbox 546 2460 669 2517; x_wconf 83' lang='lat' dir='ltr'><strong>occidite</strong></span> <span class='ocrx_word' id='word_1_336' title='bbox 684 2478 783 2516; x_wconf 85' lang='lat' dir='ltr'><strong>coram</strong></span> <span class='ocrx_word' id='word_1_337' title='bbox 803 2479 859 2530; x_wconf 86' lang='lat' dir='ltr'><strong>me,</strong></span> <span class='ocrx_word' id='word_1_338' title='bbox 875 2479 923 2517; x_wconf 81' lang='lat' dir='ltr'><strong>eos</strong></span> <span class='ocrx_word' id='word_1_339' title='bbox 947 2462 999 2538; x_wconf 83' lang='lat' dir='ltr'><strong>qui</strong></span> <span class='ocrx_word' id='word_1_340' title='bbox 1053 2475 1103 2530; x_wconf 79' lang='grc' dir='ltr'><strong>μον</strong></span> <span class='ocrx_word' id='word_1_341' title='bbox 1118 2450 1229 2532; x_wconf 78' lang='grc' dir='ltr'>ἀγάγετε</span> <span class='ocrx_word' id='word_1_342' title='bbox 1240 2475 1284 2510; x_wconf 78' lang='grc' dir='ltr'><strong>κει</strong></span> <span class='ocrx_word' id='word_1_343' title='bbox 1274 2450 1608 2566; x_wconf 58' lang='grc' dir='ltr'>καρασρίίοτεένώπιίν</span> <span class='ocrx_word' id='word_1_344' title='bbox 1628 2475 1696 2530; x_wconf 78' lang='grc' dir='ltr'>μοο,</span> <span class='ocrx_word' id='word_1_345' title='bbox 1711 2448 1771 2516; x_wconf 81' lang='grc' dir='ltr'>τους</span> <span class='ocrx_word' id='word_1_346' title='bbox 1785 2448 1820 2527; x_wconf 76' lang='grc' dir='ltr'><strong>οὐ</strong></span> 
     </span>
     <span class='ocr_line' id='line_1_28' title="bbox 253 2541 1822 2631; baseline 0.001 -24"><span class='ocrx_word' id='word_1_347' title='bbox 253 2550 409 2617; x_wconf 78' lang='lat' dir='ltr'><strong>noluerunt</strong></span> <span class='ocrx_word' id='word_1_348' title='bbox 422 2572 468 2609; x_wconf 89' lang='lat' dir='ltr'><strong>me</strong></span> <span class='ocrx_word' id='word_1_349' title='bbox 481 2571 603 2631; x_wconf 79' lang='lat' dir='ltr'><strong>regnare</strong></span> <span class='ocrx_word' id='word_1_350' title='bbox 615 2571 769 2630; x_wconf 81' lang='lat' dir='ltr'><strong>supereos</strong></span> <span class='ocrx_word' id='word_1_351' title='bbox 788 2550 918 2629; x_wconf 81' lang='lat' dir='ltr'><strong>Alioquin</strong></span> <span class='ocrx_word' id='word_1_352' title='bbox 933 2572 997 2612; x_wconf 81' lang='lat' dir='ltr'><strong>vero</strong></span> <span class='ocrx_word' id='word_1_353' title='bbox 1053 2541 1213 2614; x_wconf 71' lang='grc' dir='ltr'>θελήσαντάς</span> <span class='ocrx_word' id='word_1_354' title='bbox 1226 2566 1261 2623; x_wconf 72' lang='grc' dir='ltr'>με</span> <span class='ocrx_word' id='word_1_355' title='bbox 1273 2545 1360 2602; x_wconf 74' lang='grc' dir='ltr'>οὔτῶν</span> <span class='ocrx_word' id='word_1_356' title='bbox 1378 2546 1543 2622; x_wconf 64' lang='grc' dir='ltr'>βασιλεῦσαί</span> <span class='ocrx_word' id='word_1_357' title='bbox 1558 2542 1661 2609; x_wconf 72' lang='grc' dir='ltr'>Ἄλλοι</span> <span class='ocrx_word' id='word_1_358' title='bbox 1678 2541 1708 2601; x_wconf 81' lang='grc' dir='ltr'><strong>δέ</strong></span> <span class='ocrx_word' id='word_1_359' title='bbox 1721 2541 1807 2601; x_wconf 78' lang='grc' dir='ltr'>κολ’</span> <span class='ocrx_word' id='word_1_360' title='bbox 1780 2565 1822 2599; x_wconf 65' lang='lat' dir='ltr'><em>w</em></span> 
     </span>
    </p>
   </div>
   <div class='ocr_carea' id='block_1_12' title="bbox 178 2627 1822 2749">
    <p class='ocr_par' dir='ltr' id='par_1_12' title="bbox 178 2627 1822 2749">
     <span class='ocr_line' id='line_1_29' title="bbox 178 2627 1822 2749; baseline 0 -46"><span class='ocrx_word' id='word_1_361' title='bbox 178 2685 192 2703; x_wconf 82' lang='lat'><strong>.</strong></span> <span class='ocrx_word' id='word_1_362' title='bbox 251 2655 277 2701; x_wconf 86' lang='lat' dir='ltr'><strong>et</strong></span> <span class='ocrx_word' id='word_1_363' title='bbox 297 2641 355 2721; x_wconf 84' lang='lat' dir='ltr'><strong>ipso</strong></span> <span class='ocrx_word' id='word_1_364' title='bbox 374 2655 464 2701; x_wconf 79' lang='lat' dir='ltr'><strong>narrat</strong></span> <span class='ocrx_word' id='word_1_365' title='bbox 480 2643 584 2702; x_wconf 82' lang='lat' dir='ltr'><strong>futuras</strong></span> <span class='ocrx_word' id='word_1_366' title='bbox 599 2642 796 2719; x_wconf 79' lang='lat' dir='ltr'><strong>tribulationes,</strong></span> <span class='ocrx_word' id='word_1_367' title='bbox 812 2642 911 2721; x_wconf 87' lang='lat' dir='ltr'><strong>quibus</strong></span> <span class='ocrx_word' id='word_1_368' title='bbox 925 2643 1001 2702; x_wconf 84' lang='lat' dir='ltr'><strong>nulla</strong></span> <span class='ocrx_word' id='word_1_369' title='bbox 1054 2634 1097 2701; x_wconf 81' lang='grc' dir='ltr'><strong>τὺτ</strong></span> <span class='ocrx_word' id='word_1_370' title='bbox 1112 2633 1183 2714; x_wconf 86' lang='grc' dir='ltr'>λέγει</span> <span class='ocrx_word' id='word_1_371' title='bbox 1198 2633 1246 2702; x_wconf 73' lang='grc' dir='ltr'>τίοι</span> <span class='ocrx_word' id='word_1_372' title='bbox 1259 2633 1360 2714; x_wconf 77' lang='grc' dir='ltr'>θλίψεις</span> <span class='ocrx_word' id='word_1_373' title='bbox 1379 2635 1428 2702; x_wconf 74' lang='grc' dir='ltr'><strong>τίς</strong></span> <span class='ocrx_word' id='word_1_374' title='bbox 1449 2627 1621 2712; x_wconf 72' lang='grc' dir='ltr'>ἐσομένας,</span> <span class='ocrx_word' id='word_1_375' title='bbox 1601 2660 1639 2695; x_wconf 84' lang='grc' dir='ltr'><strong>ον</strong></span> <span class='ocrx_word' id='word_1_376' title='bbox 1658 2632 1768 2695; x_wconf 77' lang='grc' dir='ltr'>οὐδέν’</span> <span class='ocrx_word' id='word_1_377' title='bbox 1752 2630 1822 2749; x_wconf 74' lang='grc' dir='ltr'>ορί·</span> 
     </span>
    </p>
   </div>
   <div class='ocr_carea' id='block_1_13' title="bbox 252 2723 1825 3275">
    <p class='ocr_par' dir='ltr' id='par_1_13' title="bbox 252 2723 1824 3002">
     <span class='ocr_line' id='line_1_30' title="bbox 252 2723 1824 2817; baseline 0.006 -23"><span class='ocrx_word' id='word_1_378' title='bbox 252 2757 382 2815; x_wconf 90' lang='lat' dir='ltr'><strong>umquam</strong></span> <span class='ocrx_word' id='word_1_379' title='bbox 396 2734 611 2810; x_wconf 84' lang='lat' dir='ltr'><strong>crudeliorluit,</strong></span> <span class='ocrx_word' id='word_1_380' title='bbox 626 2750 653 2795; x_wconf 91' lang='lat' dir='ltr'><strong>et</strong></span> <span class='ocrx_word' id='word_1_381' title='bbox 667 2736 725 2817; x_wconf 87' lang='lat' dir='ltr'><strong>ipse</strong></span> <span class='ocrx_word' id='word_1_382' title='bbox 741 2736 801 2795; x_wconf 89' lang='lat' dir='ltr'><strong>illas</strong></span> <span class='ocrx_word' id='word_1_383' title='bbox 814 2737 995 2798; x_wconf 84' lang='lat' dir='ltr'><strong>annuntiavit.</strong></span> <span class='ocrx_word' id='word_1_384' title='bbox 1053 2748 1127 2807; x_wconf 60' lang='grc' dir='ltr'>τερον</span> <span class='ocrx_word' id='word_1_385' title='bbox 1146 2724 1237 2804; x_wconf 57' lang='lat' dir='ltr'><strong>iiim</strong></span> <span class='ocrx_word' id='word_1_386' title='bbox 1261 2730 1314 2785; x_wconf 64' lang='grc' dir='ltr'><strong>τῶν</strong></span> <span class='ocrx_word' id='word_1_387' title='bbox 1329 2723 1439 2786; x_wconf 58' lang='grc' dir='ltr'>πώποτέ</span> <span class='ocrx_word' id='word_1_388' title='bbox 1459 2726 1665 2808; x_wconf 59' lang='lat' dir='ltr'><strong>miiiflll‘ilffli</strong></span> <span class='ocrx_word' id='word_1_389' title='bbox 1685 2726 1732 2785; x_wconf 61' lang='lat' dir='ltr'><strong>ml</strong></span> <span class='ocrx_word' id='word_1_390' title='bbox 1751 2724 1824 2789; x_wconf 63' lang='lat' dir='ltr'><strong>‘lm‘</strong></span> 
     </span>
     <span class='ocr_line' id='line_1_31' title="bbox 252 2780 1824 2905; baseline 0.001 -18"><span class='ocrx_word' id='word_1_391' title='bbox 252 2829 304 2888; x_wconf 90' lang='lat' dir='ltr'><strong>Vis</strong></span> <span class='ocrx_word' id='word_1_392' title='bbox 325 2828 438 2903; x_wconf 86' lang='lat' dir='ltr'><strong>audire,</strong></span> <span class='ocrx_word' id='word_1_393' title='bbox 464 2849 524 2905; x_wconf 66' lang='lat' dir='ltr'><strong>quae</strong></span> <span class='ocrx_word' id='word_1_394' title='bbox 547 2780 616 2887; x_wconf 77' lang='lat' dir='ltr'><strong>laeti</strong></span> <span class='ocrx_word' id='word_1_395' title='bbox 643 2828 764 2888; x_wconf 81' lang='lat' dir='ltr'><strong>fuerint?</strong></span> <span class='ocrx_word' id='word_1_396' title='bbox 789 2829 918 2890; x_wconf 87' lang='lat' dir='ltr'><strong>Verubus</strong></span> <span class='ocrx_word' id='word_1_397' title='bbox 940 2821 1084 2888; x_wconf 82' lang='lat' dir='ltr'><strong>ittosC’</strong></span> <span class='ocrx_word' id='word_1_398' title='bbox 1055 2818 1136 2885; x_wconf 74' lang='grc' dir='ltr'>οιοτίις</span> <span class='ocrx_word' id='word_1_399' title='bbox 1149 2816 1311 2899; x_wconf 65' lang='grc' dir='ltr'>ἀπεφήνατο·</span> <span class='ocrx_word' id='word_1_400' title='bbox 1304 2809 1824 2899; x_wconf 63' lang='grc' dir='ltr'>·θιλιιοοοιιοίιιοῧοοιιιᾶγογοιημένοί</span> 
     </span>
     <span class='ocr_line' id='line_1_32' title="bbox 252 2909 1824 3002; baseline 0.002 -23"><span class='ocrx_word' id='word_1_401' title='bbox 252 2921 454 2981; x_wconf 79' lang='lat' dir='ltr'><strong>transfixerunt</strong></span> <span class='ocrx_word' id='word_1_402' title='bbox 469 2920 544 2991; x_wconf 88' lang='lat' dir='ltr'><strong>Quid</strong></span> <span class='ocrx_word' id='word_1_403' title='bbox 560 2919 612 2979; x_wconf 88' lang='lat' dir='ltr'><strong>hoc</strong></span> <span class='ocrx_word' id='word_1_404' title='bbox 627 2922 779 3001; x_wconf 82' lang='lat' dir='ltr'><strong>spectaculo</strong></span> <span class='ocrx_word' id='word_1_405' title='bbox 798 2922 932 3002; x_wconf 76' lang='lat' dir='ltr'><strong>grai-ios?</strong></span> <span class='ocrx_word' id='word_1_406' title='bbox 948 2921 1001 2983; x_wconf 84' lang='lat' dir='ltr'><strong>sod</strong></span> <span class='ocrx_word' id='word_1_407' title='bbox 1055 2909 1260 2979; x_wconf 72' lang='lat' dir='ltr'><strong>&#39;Otitiouu&#39;</strong></span> <span class='ocrx_word' id='word_1_408' title='bbox 1232 2910 1324 2980; x_wconf 86' lang='grc' dir='ltr'>αντοος</span> <span class='ocrx_word' id='word_1_409' title='bbox 1338 2911 1482 2993; x_wconf 74' lang='grc' dir='ltr'>διέπειρον</span> <span class='ocrx_word' id='word_1_410' title='bbox 1493 2913 1530 2973; x_wconf 89' lang='grc' dir='ltr'>Τί</span> <span class='ocrx_word' id='word_1_411' title='bbox 1546 2912 1645 2973; x_wconf 79' lang='grc' dir='ltr'>τούτων</span> <span class='ocrx_word' id='word_1_412' title='bbox 1665 2911 1808 2992; x_wconf 49' lang='grc' dir='ltr'>ίδεῑνβοῦ</span> <span class='ocrx_word' id='word_1_413' title='bbox 1762 2936 1824 2991; x_wconf 77' lang='grc' dir='ltr'>οιοο·</span> 
     </span>
    </p>

    <p class='ocr_par' dir='ltr' id='par_1_14' title="bbox 252 3002 1825 3275">
     <span class='ocr_line' id='line_1_33' title="bbox 252 3002 1823 3091; baseline 0.004 -20"><span class='ocrx_word' id='word_1_414' title='bbox 252 3013 294 3072; x_wconf 87' lang='lat' dir='ltr'><strong>vis</strong></span> <span class='ocrx_word' id='word_1_415' title='bbox 308 3034 413 3071; x_wconf 85' lang='lat' dir='ltr'><strong>narrem</strong></span> <span class='ocrx_word' id='word_1_416' title='bbox 426 3011 503 3070; x_wconf 90' lang='lat' dir='ltr'><strong>illam</strong></span> <span class='ocrx_word' id='word_1_417' title='bbox 512 3011 634 3070; x_wconf 87' lang='lat' dir='ltr'><strong>moliens</strong></span> <span class='ocrx_word' id='word_1_418' title='bbox 642 3012 812 3090; x_wconf 79' lang='lat' dir='ltr'><strong>tragoediam,</strong></span> <span class='ocrx_word' id='word_1_419' title='bbox 822 3035 882 3091; x_wconf 79' lang='lat' dir='ltr'><strong>quae</strong></span> <span class='ocrx_word' id='word_1_420' title='bbox 896 3034 1002 3073; x_wconf 88' lang='lat' dir='ltr'><strong>omnem</strong></span> <span class='ocrx_word' id='word_1_421' title='bbox 1054 3025 1142 3083; x_wconf 68' lang='grc' dir='ltr'>τιοονὶ</span> <span class='ocrx_word' id='word_1_422' title='bbox 1156 3002 1236 3063; x_wconf 52' lang='lat' dir='ltr'><strong>illd&amp;</strong></span> <span class='ocrx_word' id='word_1_423' title='bbox 1257 3005 1334 3064; x_wconf 65' lang='grc' dir='ltr'>τί</span> <span class='ocrx_word' id='word_1_424' title='bbox 1301 3029 1349 3077; x_wconf 69' lang='grc' dir='ltr'><strong>της</strong></span> <span class='ocrx_word' id='word_1_425' title='bbox 1363 3006 1486 3085; x_wconf 76' lang='grc' dir='ltr'>γιιιοοιος</span> <span class='ocrx_word' id='word_1_426' title='bbox 1500 3005 1589 3084; x_wconf 72' lang='grc' dir='ltr'>βούλει</span> <span class='ocrx_word' id='word_1_427' title='bbox 1602 3006 1686 3073; x_wconf 71' lang='grc' dir='ltr'>πίθος</span> <span class='ocrx_word' id='word_1_428' title='bbox 1700 3005 1823 3085; x_wconf 48' lang='lat' dir='ltr'><strong>initia·</strong></span> 
     </span>
     <span class='ocr_line' id='line_1_34' title="bbox 252 3094 1825 3185; baseline 0.002 -22"><span class='ocrx_word' id='word_1_429' title='bbox 252 3117 362 3183; x_wconf 88' lang='lat' dir='ltr'><strong>superat</strong></span> <span class='ocrx_word' id='word_1_430' title='bbox 380 3102 579 3162; x_wconf 77' lang='lat' dir='ltr'><strong>calamitatem?</strong></span> <span class='ocrx_word' id='word_1_431' title='bbox 596 3102 638 3162; x_wconf 89' lang='lat' dir='ltr'><strong>vis</strong></span> <span class='ocrx_word' id='word_1_432' title='bbox 655 3104 753 3162; x_wconf 87' lang='lat' dir='ltr'><strong>samem</strong></span> <span class='ocrx_word' id='word_1_433' title='bbox 766 3118 792 3163; x_wconf 93' lang='lat' dir='ltr'><strong>et</strong></span> <span class='ocrx_word' id='word_1_434' title='bbox 812 3104 935 3185; x_wconf 80' lang='lat' dir='ltr'><strong>pestem?</strong></span> <span class='ocrx_word' id='word_1_435' title='bbox 953 3104 1003 3164; x_wconf 90' lang='lat' dir='ltr'><strong>His</strong></span> <span class='ocrx_word' id='word_1_436' title='bbox 1056 3119 1106 3173; x_wconf 74' lang='grc' dir='ltr'><strong>μοι</strong></span> <span class='ocrx_word' id='word_1_437' title='bbox 1119 3094 1163 3154; x_wconf 70' lang='grc' dir='ltr'>κοιλ</span> <span class='ocrx_word' id='word_1_438' title='bbox 1173 3096 1222 3168; x_wconf 55' lang='lat' dir='ltr'><strong>&#39;Vll</strong></span> <span class='ocrx_word' id='word_1_439' title='bbox 1236 3097 1385 3178; x_wconf 67' lang='grc' dir='ltr'>τραγῳδίαν</span> <span class='ocrx_word' id='word_1_440' title='bbox 1395 3099 1507 3171; x_wconf 52' lang='lat' dir='ltr'><strong>inlidis</strong></span> <span class='ocrx_word' id='word_1_441' title='bbox 1521 3097 1679 3171; x_wconf 72' lang='grc' dir='ltr'>ἥτιςιιᾶοοο</span> <span class='ocrx_word' id='word_1_442' title='bbox 1691 3097 1825 3178; x_wconf 52' lang='lat' dir='ltr'><strong>initiavit!</strong></span> 
     </span>
     <span class='ocr_line' id='line_1_35' title="bbox 254 3186 1825 3275; baseline 0.007 -23"><span class='ocrx_word' id='word_1_443' title='bbox 254 3193 1004 3275; x_wconf 73' lang='lat' dir='ltr'><strong>graviorapraetereolgnorabantillinaturamignora-</strong></span> <span class='ocrx_word' id='word_1_444' title='bbox 1055 3186 1209 3267; x_wconf 68' lang='grc' dir='ltr'>οομοοοιίνῐ</span> <span class='ocrx_word' id='word_1_445' title='bbox 1224 3188 1363 3256; x_wconf 69' lang='grc' dir='ltr'>ιἰλλίιοοῦς</span> <span class='ocrx_word' id='word_1_446' title='bbox 1383 3189 1477 3269; x_wconf 71' lang='grc' dir='ltr'>λιμοὺς</span> <span class='ocrx_word' id='word_1_447' title='bbox 1497 3191 1543 3250; x_wconf 80' lang='grc' dir='ltr'>ιιοιί</span> <span class='ocrx_word' id='word_1_448' title='bbox 1555 3190 1615 3260; x_wconf 72' lang='grc' dir='ltr'>τοίιο</span> <span class='ocrx_word' id='word_1_449' title='bbox 1635 3189 1761 3270; x_wconf 64' lang='grc' dir='ltr'>λοιμούιὶ</span> <span class='ocrx_word' id='word_1_450' title='bbox 1773 3191 1825 3250; x_wconf 53' lang='grc' dir='ltr'><strong>Καί</strong></span> 
     </span>
    </p>
   </div>
   <div class='ocr_carea' id='block_1_14' title="bbox 161 3279 1825 3374">
    <p class='ocr_par' dir='ltr' id='par_1_15' title="bbox 161 3279 1825 3374">
     <span class='ocr_line' id='line_1_36' title="bbox 161 3279 1825 3374; baseline 0.001 -28"><span class='ocrx_word' id='word_1_451' title='bbox 161 3370 164 3374; x_wconf 23' lang='grc'>1</span> <span class='ocrx_word' id='word_1_452' title='bbox 254 3286 320 3346; x_wconf 92' lang='lat' dir='ltr'><strong>bant</strong></span> <span class='ocrx_word' id='word_1_453' title='bbox 332 3287 431 3367; x_wconf 80' lang='lat' dir='ltr'><strong>legem,</strong></span> <span class='ocrx_word' id='word_1_454' title='bbox 445 3285 550 3345; x_wconf 87' lang='lat' dir='ltr'><strong>belluas</strong></span> <span class='ocrx_word' id='word_1_455' title='bbox 560 3286 664 3345; x_wconf 79' lang='lat' dir='ltr'><strong>feritate</strong></span> <span class='ocrx_word' id='word_1_456' title='bbox 677 3287 847 3367; x_wconf 87' lang='lat' dir='ltr'><strong>superabant.</strong></span> <span class='ocrx_word' id='word_1_457' title='bbox 863 3287 926 3345; x_wconf 77' lang='lat' dir='ltr'><strong>llaec</strong></span> <span class='ocrx_word' id='word_1_458' title='bbox 939 3309 1004 3368; x_wconf 86' lang='lat' dir='ltr'><strong>por-</strong></span> <span class='ocrx_word' id='word_1_459' title='bbox 1055 3279 1171 3359; x_wconf 72' lang='grc' dir='ltr'>παρίημι</span> <span class='ocrx_word' id='word_1_460' title='bbox 1197 3281 1230 3341; x_wconf 72' lang='lat' dir='ltr'><strong>td</strong></span> <span class='ocrx_word' id='word_1_461' title='bbox 1258 3279 1356 3342; x_wconf 76' lang='grc' dir='ltr'>τούτων</span> <span class='ocrx_word' id='word_1_462' title='bbox 1384 3282 1568 3364; x_wconf 78' lang='grc' dir='ltr'>χαλεπώτερα.</span> <span class='ocrx_word' id='word_1_463' title='bbox 1597 3283 1734 3363; x_wconf 78' lang='grc' dir='ltr'>’Πγνοήθη</span> <span class='ocrx_word' id='word_1_464' title='bbox 1764 3284 1825 3364; x_wconf 76' lang='grc' dir='ltr'>παρ’</span> 
     </span>
    </p>
   </div>
   <div class='ocr_carea' id='block_1_15' title="bbox 253 3373 1831 3924">
    <p class='ocr_par' dir='ltr' id='par_1_16' title="bbox 253 3373 1831 3924">
     <span class='ocr_line' id='line_1_37' title="bbox 253 3373 1828 3459; baseline 0 -19"><span class='ocrx_word' id='word_1_465' title='bbox 253 3402 286 3440; x_wconf 90' lang='lat' dir='ltr'><strong>ro</strong></span> <span class='ocrx_word' id='word_1_466' title='bbox 304 3381 394 3440; x_wconf 88' lang='lat' dir='ltr'><strong>omnia</strong></span> <span class='ocrx_word' id='word_1_467' title='bbox 408 3401 443 3438; x_wconf 83' lang='lat' dir='ltr'><strong>ex</strong></span> <span class='ocrx_word' id='word_1_468' title='bbox 464 3379 530 3438; x_wconf 88' lang='lat' dir='ltr'><strong>belli</strong></span> <span class='ocrx_word' id='word_1_469' title='bbox 554 3377 678 3438; x_wconf 87' lang='lat' dir='ltr'><strong>violentia</strong></span> <span class='ocrx_word' id='word_1_470' title='bbox 700 3379 846 3459; x_wconf 82' lang='lat' dir='ltr'><strong>contigere,</strong></span> <span class='ocrx_word' id='word_1_471' title='bbox 861 3393 888 3438; x_wconf 88' lang='lat' dir='ltr'><strong>et</strong></span> <span class='ocrx_word' id='word_1_472' title='bbox 908 3382 965 3439; x_wconf 88' lang='lat' dir='ltr'><strong>Deo</strong></span> <span class='ocrx_word' id='word_1_473' title='bbox 978 3395 1003 3440; x_wconf 86' lang='lat' dir='ltr'><strong>et</strong></span> <span class='ocrx_word' id='word_1_474' title='bbox 1056 3373 1194 3445; x_wconf 75' lang='grc' dir='ltr'>έιιοίιοιτὴ</span> <span class='ocrx_word' id='word_1_475' title='bbox 1213 3373 1303 3454; x_wconf 62' lang='lat' dir='ltr'><strong>eicit,</strong></span> <span class='ocrx_word' id='word_1_476' title='bbox 1317 3376 1433 3454; x_wconf 78' lang='grc' dir='ltr'>ἧγιοήίλη</span> <span class='ocrx_word' id='word_1_477' title='bbox 1455 3375 1576 3454; x_wconf 59' lang='lat' dir='ltr'><strong>ivibus·</strong></span> <span class='ocrx_word' id='word_1_478' title='bbox 1590 3376 1624 3436; x_wconf 76' lang='lat' dir='ltr'><strong>th</strong></span> <span class='ocrx_word' id='word_1_479' title='bbox 1645 3375 1725 3456; x_wconf 82' lang='grc' dir='ltr'>θηρία</span> <span class='ocrx_word' id='word_1_480' title='bbox 1743 3381 1828 3456; x_wconf 80' lang='grc' dir='ltr'>ὓπερ·</span> 
     </span>
     <span class='ocr_line' id='line_1_38' title="bbox 256 3465 1826 3549; baseline 0.003 -17"><span class='ocrx_word' id='word_1_481' title='bbox 256 3473 364 3532; x_wconf 86' lang='lat' dir='ltr'><strong>Christo</strong></span> <span class='ocrx_word' id='word_1_482' title='bbox 377 3471 491 3531; x_wconf 89' lang='lat' dir='ltr'><strong>volente.</strong></span> <span class='ocrx_word' id='word_1_483' title='bbox 510 3470 574 3529; x_wconf 74' lang='lat' dir='ltr'><strong>llaec</strong></span> <span class='ocrx_word' id='word_1_484' title='bbox 593 3484 618 3529; x_wconf 89' lang='lat' dir='ltr'><strong>et</strong></span> <span class='ocrx_word' id='word_1_485' title='bbox 639 3485 732 3530; x_wconf 86' lang='lat' dir='ltr'><strong>eontra</strong></span> <span class='ocrx_word' id='word_1_486' title='bbox 753 3472 942 3532; x_wconf 84' lang='lat' dir='ltr'><strong>Marcionistas</strong></span> <span class='ocrx_word' id='word_1_487' title='bbox 953 3517 962 3549; x_wconf 97' lang='lat'><strong>,</strong></span> <span class='ocrx_word' id='word_1_488' title='bbox 978 3487 1004 3532; x_wconf 90' lang='lat' dir='ltr'><strong>et</strong></span> <span class='ocrx_word' id='word_1_489' title='bbox 1056 3465 1207 3538; x_wconf 70' lang='grc' dir='ltr'>ηιιίοτιοίο-</span> <span class='ocrx_word' id='word_1_490' title='bbox 1220 3466 1316 3526; x_wconf 81' lang='grc' dir='ltr'>Πίντοι</span> <span class='ocrx_word' id='word_1_491' title='bbox 1330 3465 1357 3526; x_wconf 80' lang='grc' dir='ltr'><strong>δέ</strong></span> <span class='ocrx_word' id='word_1_492' title='bbox 1379 3473 1465 3526; x_wconf 73' lang='grc' dir='ltr'>τοῦτο</span> <span class='ocrx_word' id='word_1_493' title='bbox 1486 3468 1538 3526; x_wconf 70' lang='grc' dir='ltr'><strong>ὕπὸ</strong></span> <span class='ocrx_word' id='word_1_494' title='bbox 1561 3471 1610 3540; x_wconf 75' lang='grc' dir='ltr'><strong>τῆς</strong></span> <span class='ocrx_word' id='word_1_495' title='bbox 1634 3469 1754 3548; x_wconf 57' lang='lat' dir='ltr'><strong>&amp;vairans</strong></span> <span class='ocrx_word' id='word_1_496' title='bbox 1776 3470 1826 3526; x_wconf 68' lang='grc' dir='ltr'>οἷοι</span> 
     </span>
     <span class='ocr_line' id='line_1_39' title="bbox 257 3555 1827 3645; baseline -0.001 -22"><span class='ocrx_word' id='word_1_497' title='bbox 257 3578 414 3637; x_wconf 86' lang='lat' dir='ltr'><strong>contraeas,</strong></span> <span class='ocrx_word' id='word_1_498' title='bbox 429 3562 476 3641; x_wconf 91' lang='lat' dir='ltr'><strong>qui</strong></span> <span class='ocrx_word' id='word_1_499' title='bbox 492 3582 545 3620; x_wconf 93' lang='lat' dir='ltr'><strong>non</strong></span> <span class='ocrx_word' id='word_1_500' title='bbox 563 3561 676 3621; x_wconf 88' lang='lat' dir='ltr'><strong>credunt</strong></span> <span class='ocrx_word' id='word_1_501' title='bbox 696 3584 752 3622; x_wconf 89' lang='lat' dir='ltr'><strong>esse</strong></span> <span class='ocrx_word' id='word_1_502' title='bbox 765 3564 929 3642; x_wconf 78' lang='lat' dir='ltr'><strong>gehennam,</strong></span> <span class='ocrx_word' id='word_1_503' title='bbox 941 3577 1004 3645; x_wconf 86' lang='lat' dir='ltr'><strong>apta</strong></span> <span class='ocrx_word' id='word_1_504' title='bbox 1057 3555 1181 3636; x_wconf 84' lang='grc' dir='ltr'>πολέμιον</span> <span class='ocrx_word' id='word_1_505' title='bbox 1196 3558 1302 3638; x_wconf 81' lang='grc' dir='ltr'>γέγονε,</span> <span class='ocrx_word' id='word_1_506' title='bbox 1313 3563 1360 3617; x_wconf 75' lang='grc' dir='ltr'><strong>τοῦ</strong></span> <span class='ocrx_word' id='word_1_507' title='bbox 1371 3560 1441 3618; x_wconf 76' lang='grc' dir='ltr'>Θεοῦ</span> <span class='ocrx_word' id='word_1_508' title='bbox 1462 3557 1621 3638; x_wconf 78' lang='grc' dir='ltr'>βουλομένου</span> <span class='ocrx_word' id='word_1_509' title='bbox 1633 3559 1680 3618; x_wconf 78' lang='grc' dir='ltr'>καὶ</span> <span class='ocrx_word' id='word_1_510' title='bbox 1702 3567 1749 3620; x_wconf 83' lang='grc' dir='ltr'><strong>τοῦ</strong></span> <span class='ocrx_word' id='word_1_511' title='bbox 1762 3561 1827 3640; x_wconf 79' lang='grc' dir='ltr'>Χρι-</span> 
     </span>
     <span class='ocr_line' id='line_1_40' title="bbox 257 3647 1829 3737; baseline 0.001 -23"><span class='ocrx_word' id='word_1_512' title='bbox 257 3670 355 3732; x_wconf 81' lang='lat' dir='ltr'><strong>oront3</strong></span> <span class='ocrx_word' id='word_1_513' title='bbox 379 3654 489 3713; x_wconf 80' lang='lat' dir='ltr'><strong>illorum</strong></span> <span class='ocrx_word' id='word_1_514' title='bbox 507 3653 579 3712; x_wconf 82' lang='lat' dir='ltr'><strong>onim</strong></span> <span class='ocrx_word' id='word_1_515' title='bbox 607 3653 805 3735; x_wconf 87' lang='lat' dir='ltr'><strong>impudentiam</strong></span> <span class='ocrx_word' id='word_1_516' title='bbox 829 3656 1006 3737; x_wconf 80' lang='lat' dir='ltr'><strong>comprimere</strong></span> <span class='ocrx_word' id='word_1_517' title='bbox 1057 3655 1129 3709; x_wconf 70' lang='lat' dir='ltr'><strong>oroi-</strong></span> <span class='ocrx_word' id='word_1_518' title='bbox 1145 3651 1238 3709; x_wconf 81' lang='grc' dir='ltr'>Τοῦτο</span> <span class='ocrx_word' id='word_1_519' title='bbox 1254 3649 1299 3708; x_wconf 82' lang='grc' dir='ltr'>κοιλ</span> <span class='ocrx_word' id='word_1_520' title='bbox 1317 3650 1382 3730; x_wconf 82' lang='grc' dir='ltr'>πρὸς</span> <span class='ocrx_word' id='word_1_521' title='bbox 1395 3647 1620 3732; x_wconf 72' lang='grc' dir='ltr'><strong>1’ὐίοιριιιωιιοτλς</strong></span> <span class='ocrx_word' id='word_1_522' title='bbox 1641 3649 1771 3732; x_wconf 77' lang='grc' dir='ltr'>ἁρμόσει,</span> <span class='ocrx_word' id='word_1_523' title='bbox 1786 3649 1829 3709; x_wconf 79' lang='grc' dir='ltr'><strong>καί</strong></span> 
     </span>
     <span class='ocr_line' id='line_1_41' title="bbox 257 3740 1829 3829; baseline -0.004 -20"><span class='ocrx_word' id='word_1_524' title='bbox 257 3750 356 3809; x_wconf 82' lang='lat' dir='ltr'><strong>valent.</strong></span> <span class='ocrx_word' id='word_1_525' title='bbox 377 3751 470 3807; x_wconf 81' lang='lat' dir='ltr'><strong>Annon</strong></span> <span class='ocrx_word' id='word_1_526' title='bbox 494 3746 551 3806; x_wconf 89' lang='lat' dir='ltr'><strong>haee</strong></span> <span class='ocrx_word' id='word_1_527' title='bbox 577 3747 752 3828; x_wconf 81' lang='lat' dir='ltr'><strong>babylonicis</strong></span> <span class='ocrx_word' id='word_1_528' title='bbox 776 3749 855 3814; x_wconf 86' lang='lat' dir='ltr'><strong>malis</strong></span> <span class='ocrx_word' id='word_1_529' title='bbox 878 3747 1005 3829; x_wconf 76' lang='lat' dir='ltr'><strong>graviora</strong></span> <span class='ocrx_word' id='word_1_530' title='bbox 1020 3761 1040 3806; x_wconf 92' lang='lat' dir='ltr'><strong>n</strong></span> <span class='ocrx_word' id='word_1_531' title='bbox 1058 3742 1123 3824; x_wconf 76' lang='grc' dir='ltr'>πρὸς</span> <span class='ocrx_word' id='word_1_532' title='bbox 1136 3740 1195 3810; x_wconf 75' lang='grc' dir='ltr'><strong>τούς</strong></span> <span class='ocrx_word' id='word_1_533' title='bbox 1215 3746 1438 3822; x_wconf 77' lang='grc' dir='ltr'>ἀπιοτοῧντοιςτῇ</span> <span class='ocrx_word' id='word_1_534' title='bbox 1461 3742 1554 3823; x_wconf 77' lang='grc' dir='ltr'>γεέννῃ</span> <span class='ocrx_word' id='word_1_535' title='bbox 1566 3766 1572 3782; x_wconf 93' lang='grc'>·</span> <span class='ocrx_word' id='word_1_536' title='bbox 1583 3743 1663 3804; x_wconf 74' lang='lat' dir='ltr'><strong>iamir</strong></span> <span class='ocrx_word' id='word_1_537' title='bbox 1676 3743 1729 3825; x_wconf 81' lang='grc' dir='ltr'><strong>γδρ</strong></span> <span class='ocrx_word' id='word_1_538' title='bbox 1745 3745 1829 3804; x_wconf 80' lang='grc' dir='ltr'>αὐτῶν</span> 
     </span>
     <span class='ocr_line' id='line_1_42' title="bbox 258 3835 1831 3924; baseline -0.003 -23"><span class='ocrx_word' id='word_1_539' title='bbox 258 3843 340 3901; x_wconf 75' lang='lat' dir='ltr'><strong>sunt?</strong></span> <span class='ocrx_word' id='word_1_540' title='bbox 351 3861 438 3899; x_wconf 91' lang='lat' dir='ltr'><strong>annon</strong></span> <span class='ocrx_word' id='word_1_541' title='bbox 456 3840 513 3899; x_wconf 82' lang='lat' dir='ltr'><strong>lraee</strong></span> <span class='ocrx_word' id='word_1_542' title='bbox 523 3840 606 3899; x_wconf 83' lang='lat' dir='ltr'><strong>sames</strong></span> <span class='ocrx_word' id='word_1_543' title='bbox 618 3840 664 3899; x_wconf 86' lang='lat' dir='ltr'><strong>illa</strong></span> <span class='ocrx_word' id='word_1_544' title='bbox 676 3840 832 3900; x_wconf 76' lang='lat' dir='ltr'><strong>crudelior?</strong></span> <span class='ocrx_word' id='word_1_545' title='bbox 841 3844 882 3901; x_wconf 86' lang='lat' dir='ltr'><strong>De</strong></span> <span class='ocrx_word' id='word_1_546' title='bbox 893 3843 935 3902; x_wconf 90' lang='lat' dir='ltr'><strong>his</strong></span> <span class='ocrx_word' id='word_1_547' title='bbox 948 3844 1006 3924; x_wconf 84' lang='lat' dir='ltr'><strong>ipse</strong></span> <span class='ocrx_word' id='word_1_548' title='bbox 1059 3835 1230 3914; x_wconf 74' lang='grc' dir='ltr'>ἐπιστομίσαι</span> <span class='ocrx_word' id='word_1_549' title='bbox 1243 3835 1291 3910; x_wconf 76' lang='grc' dir='ltr'><strong>τὴν</strong></span> <span class='ocrx_word' id='word_1_550' title='bbox 1304 3837 1502 3917; x_wconf 83' lang='grc' dir='ltr'>ἀναισχυντίαν.</span> <span class='ocrx_word' id='word_1_551' title='bbox 1514 3839 1577 3898; x_wconf 89' lang='grc' dir='ltr'>Τῶν</span> <span class='ocrx_word' id='word_1_552' title='bbox 1594 3840 1622 3898; x_wconf 82' lang='grc' dir='ltr'>ἐν</span> <span class='ocrx_word' id='word_1_553' title='bbox 1633 3837 1777 3898; x_wconf 63' lang='lat' dir='ltr'><strong>bodelini</strong></span> <span class='ocrx_word' id='word_1_554' title='bbox 1785 3862 1831 3897; x_wconf 88' lang='grc' dir='ltr'>ιια-</span> 
     </span>
    </p>
   </div>
   <div class='ocr_carea' id='block_1_16' title="bbox 108 3928 1831 4014">
    <p class='ocr_par' dir='ltr' id='par_1_17' title="bbox 108 3928 1831 4014">
     <span class='ocr_line' id='line_1_43' title="bbox 108 3928 1831 4014; baseline 0.001 -22"><span class='ocrx_word' id='word_1_555' title='bbox 108 3947 193 3992; x_wconf 75' lang='lat' dir='ltr'><strong>aratra.</strong></span> <span class='ocrx_word' id='word_1_556' title='bbox 209 3941 248 4007; x_wconf 69' lang='lat' dir='ltr'><strong>oi.</strong></span> <span class='ocrx_word' id='word_1_557' title='bbox 259 3956 364 4014; x_wconf 90' lang='lat' dir='ltr'><strong>qnoque</strong></span> <span class='ocrx_word' id='word_1_558' title='bbox 379 3933 503 3993; x_wconf 89' lang='lat' dir='ltr'><strong>Christus</strong></span> <span class='ocrx_word' id='word_1_559' title='bbox 528 3933 732 4013; x_wconf 81' lang='lat' dir='ltr'><strong>pronuntiavit:</strong></span> <span class='ocrx_word' id='word_1_560' title='bbox 750 3936 817 3993; x_wconf 84' lang='lat' dir='ltr'><strong>Erit</strong></span> <span class='ocrx_word' id='word_1_561' title='bbox 838 3936 1000 4008; x_wconf 84' lang='lat' dir='ltr'><strong>tribulatio,</strong></span> <span class='ocrx_word' id='word_1_562' title='bbox 1060 3933 1112 3987; x_wconf 79' lang='grc' dir='ltr'><strong>κῶν</strong></span> <span class='ocrx_word' id='word_1_563' title='bbox 1125 3928 1183 4007; x_wconf 80' lang='grc' dir='ltr'>οὖχλ</span> <span class='ocrx_word' id='word_1_564' title='bbox 1194 3934 1276 3987; x_wconf 75' lang='grc' dir='ltr'>τοῦτο</span> <span class='ocrx_word' id='word_1_565' title='bbox 1288 3929 1465 4010; x_wconf 80' lang='grc' dir='ltr'>χαλεπώτεροι</span> <span class='ocrx_word' id='word_1_566' title='bbox 1475 3953 1482 4002; x_wconf 81' lang='grc'><strong>;</strong></span> <span class='ocrx_word' id='word_1_567' title='bbox 1492 3935 1545 4003; x_wconf 71' lang='grc' dir='ltr'>,τῶν</span> <span class='ocrx_word' id='word_1_568' title='bbox 1559 3932 1644 4008; x_wconf 73' lang='grc' dir='ltr'>λιμῶν</span> <span class='ocrx_word' id='word_1_569' title='bbox 1655 3930 1764 3990; x_wconf 70' lang='grc' dir='ltr'>ἐκείνων</span> <span class='ocrx_word' id='word_1_570' title='bbox 1773 3928 1831 4010; x_wconf 77' lang='grc' dir='ltr'>οὐχί</span> 
     </span>
    </p>
   </div>
   <div class='ocr_carea' id='block_1_17' title="bbox 258 4020 1832 4474">
    <p class='ocr_par' dir='ltr' id='par_1_18' title="bbox 258 4020 1832 4474">
     <span class='ocr_line' id='line_1_44' title="bbox 258 4020 1831 4107; baseline 0.003 -20"><span class='ocrx_word' id='word_1_571' title='bbox 258 4020 355 4107; x_wconf 79' lang='lat' dir='ltr'><strong>qualis</strong></span> <span class='ocrx_word' id='word_1_572' title='bbox 377 4026 631 4107; x_wconf 70' lang='lat' dir='ltr'><strong>numnquamsuit,</strong></span> <span class='ocrx_word' id='word_1_573' title='bbox 655 4045 748 4106; x_wconf 76' lang='lat' dir='ltr'><strong>neque</strong></span> <span class='ocrx_word' id='word_1_574' title='bbox 767 4029 832 4086; x_wconf 84' lang='lat' dir='ltr'><strong>erit.</strong></span> <span class='ocrx_word' id='word_1_575' title='bbox 860 4027 1004 4099; x_wconf 91' lang='lat' dir='ltr'><strong>Quomodo</strong></span> <span class='ocrx_word' id='word_1_576' title='bbox 1060 4029 1143 4082; x_wconf 86' lang='grc' dir='ltr'>ταῦτα</span> <span class='ocrx_word' id='word_1_577' title='bbox 1157 4021 1330 4102; x_wconf 86' lang='grc' dir='ltr'>πολλῶβα’</span> <span class='ocrx_word' id='word_1_578' title='bbox 1284 4046 1411 4104; x_wconf 76' lang='grc' dir='ltr'>αρν-υτερα</span> <span class='ocrx_word' id='word_1_579' title='bbox 1423 4023 1491 4104; x_wconf 82' lang='grc' dir='ltr'>Περὶ</span> <span class='ocrx_word' id='word_1_580' title='bbox 1504 4022 1604 4083; x_wconf 77' lang='grc' dir='ltr'>τούτων</span> <span class='ocrx_word' id='word_1_581' title='bbox 1619 4022 1666 4083; x_wconf 79' lang='grc' dir='ltr'>κοιλ</span> <span class='ocrx_word' id='word_1_582' title='bbox 1680 4024 1831 4091; x_wconf 56' lang='lat' dir='ltr'><strong>umatu-</strong></span> 
     </span>
     <span class='ocr_line' id='line_1_45' title="bbox 258 4113 1831 4202; baseline 0.003 -24"><span class='ocrx_word' id='word_1_583' title='bbox 258 4141 322 4200; x_wconf 80' lang='lat' dir='ltr'><strong>ergo</strong></span> <span class='ocrx_word' id='word_1_584' title='bbox 335 4117 562 4197; x_wconf 88' lang='lat' dir='ltr'><strong>dicuntquidam,</strong></span> <span class='ocrx_word' id='word_1_585' title='bbox 575 4117 714 4176; x_wconf 88' lang='lat' dir='ltr'><strong>Christum</strong></span> <span class='ocrx_word' id='word_1_586' title='bbox 730 4118 862 4179; x_wconf 87' lang='lat' dir='ltr'><strong>remisisse</strong></span> <span class='ocrx_word' id='word_1_587' title='bbox 877 4120 932 4180; x_wconf 91' lang='lat' dir='ltr'><strong>illis</strong></span> <span class='ocrx_word' id='word_1_588' title='bbox 944 4143 1005 4202; x_wconf 84' lang='lat' dir='ltr'><strong>pec·</strong></span> <span class='ocrx_word' id='word_1_589' title='bbox 1061 4114 1245 4195; x_wconf 71' lang='grc' dir='ltr'>φίνοιτοίΧρ</span> <span class='ocrx_word' id='word_1_590' title='bbox 1248 4114 1331 4187; x_wconf 79' lang='grc' dir='ltr'>ιοτύς,</span> <span class='ocrx_word' id='word_1_591' title='bbox 1347 4115 1444 4194; x_wconf 82' lang='grc' dir='ltr'>λέγων</span> <span class='ocrx_word' id='word_1_592' title='bbox 1459 4113 1558 4175; x_wconf 82' lang='grc' dir='ltr'>Εσται</span> <span class='ocrx_word' id='word_1_593' title='bbox 1573 4114 1718 4198; x_wconf 73' lang='grc' dir='ltr'>ὐλίριςοέο</span> <span class='ocrx_word' id='word_1_594' title='bbox 1741 4114 1831 4195; x_wconf 75' lang='grc' dir='ltr'>οιλγί·</span> 
     </span>
     <span class='ocr_line' id='line_1_46' title="bbox 258 4198 1832 4291; baseline 0.005 -22"><span class='ocrx_word' id='word_1_595' title='bbox 258 4210 370 4270; x_wconf 82' lang='lat' dir='ltr'><strong>catum?</strong></span> <span class='ocrx_word' id='word_1_596' title='bbox 385 4211 465 4268; x_wconf 87' lang='lat' dir='ltr'><strong>Forte</strong></span> <span class='ocrx_word' id='word_1_597' title='bbox 487 4208 609 4288; x_wconf 73' lang='lat' dir='ltr'><strong>vulgaris</strong></span> <span class='ocrx_word' id='word_1_598' title='bbox 624 4208 733 4267; x_wconf 89' lang='lat' dir='ltr'><strong>videtur</strong></span> <span class='ocrx_word' id='word_1_599' title='bbox 746 4231 803 4269; x_wconf 92' lang='lat' dir='ltr'><strong>esse</strong></span> <span class='ocrx_word' id='word_1_600' title='bbox 816 4212 942 4291; x_wconf 84' lang='lat' dir='ltr'><strong>quaestio,</strong></span> <span class='ocrx_word' id='word_1_601' title='bbox 959 4213 1007 4273; x_wconf 75' lang='lat' dir='ltr'><strong>sol</strong></span> <span class='ocrx_word' id='word_1_602' title='bbox 1059 4207 1211 4287; x_wconf 77' lang='grc' dir='ltr'>γονεν,οὐδὲ</span> <span class='ocrx_word' id='word_1_603' title='bbox 1229 4206 1311 4287; x_wconf 80' lang='grc' dir='ltr'><strong>μὴ’</strong></span> <span class='ocrx_word' id='word_1_604' title='bbox 1281 4231 1310 4284; x_wconf 84' lang='grc' dir='ltr'><strong>γε</strong></span> <span class='ocrx_word' id='word_1_605' title='bbox 1299 4230 1399 4278; x_wconf 65' lang='grc' dir='ltr'>ετνητοιι</span> <span class='ocrx_word' id='word_1_606' title='bbox 1415 4198 1522 4276; x_wconf 78' lang='grc' dir='ltr'><strong>Πῶς</strong></span> <span class='ocrx_word' id='word_1_607' title='bbox 1492 4231 1536 4268; x_wconf 86' lang='grc' dir='ltr'><strong>οον</strong></span> <span class='ocrx_word' id='word_1_608' title='bbox 1558 4207 1665 4288; x_wconf 82' lang='grc' dir='ltr'>λίγοοσί</span> <span class='ocrx_word' id='word_1_609' title='bbox 1686 4232 1772 4281; x_wconf 71' lang='grc' dir='ltr'>τινος,</span> <span class='ocrx_word' id='word_1_610' title='bbox 1792 4208 1832 4268; x_wconf 71' lang='grc' dir='ltr'><strong>ὅτι</strong></span> 
     </span>
     <span class='ocr_line' id='line_1_47' title="bbox 259 4298 1832 4384; baseline -0.003 -22"><span class='ocrx_word' id='word_1_611' title='bbox 259 4324 308 4362; x_wconf 90' lang='lat' dir='ltr'><strong>vos</strong></span> <span class='ocrx_word' id='word_1_612' title='bbox 320 4300 431 4383; x_wconf 87' lang='lat' dir='ltr'><strong>potestis</strong></span> <span class='ocrx_word' id='word_1_613' title='bbox 443 4300 519 4358; x_wconf 88' lang='lat' dir='ltr'><strong>illam</strong></span> <span class='ocrx_word' id='word_1_614' title='bbox 529 4299 642 4358; x_wconf 50' lang='lat' dir='ltr'><strong>solimere</strong></span> <span class='ocrx_word' id='word_1_615' title='bbox 655 4302 740 4359; x_wconf 89' lang='lat' dir='ltr'><strong>Nemo</strong></span> <span class='ocrx_word' id='word_1_616' title='bbox 759 4322 891 4379; x_wconf 89' lang='lat' dir='ltr'><strong>umquam</strong></span> <span class='ocrx_word' id='word_1_617' title='bbox 910 4304 1009 4384; x_wconf 90' lang='lat' dir='ltr'><strong>poterit</strong></span> <span class='ocrx_word' id='word_1_618' title='bbox 1060 4301 1188 4360; x_wconf 79' lang='grc' dir='ltr'>είασεν’</span> <span class='ocrx_word' id='word_1_619' title='bbox 1160 4309 1247 4367; x_wconf 86' lang='grc' dir='ltr'>αυτοῖς</span> <span class='ocrx_word' id='word_1_620' title='bbox 1266 4299 1409 4379; x_wconf 82' lang='grc' dir='ltr'>δΧριστδς</span> <span class='ocrx_word' id='word_1_621' title='bbox 1431 4298 1480 4371; x_wconf 80' lang='grc' dir='ltr'><strong>τὴν</strong></span> <span class='ocrx_word' id='word_1_622' title='bbox 1494 4302 1568 4383; x_wconf 82' lang='grc' dir='ltr'>ἁμαρ</span> <span class='ocrx_word' id='word_1_623' title='bbox 1569 4299 1643 4374; x_wconf 71' lang='grc' dir='ltr'>τίσις</span> <span class='ocrx_word' id='word_1_624' title='bbox 1657 4300 1742 4381; x_wconf 80' lang='grc' dir='ltr'>Τάχα</span> <span class='ocrx_word' id='word_1_625' title='bbox 1763 4302 1832 4359; x_wconf 75' lang='grc' dir='ltr'>δοκεῖ</span> 
     </span>
     <span class='ocr_line' id='line_1_48' title="bbox 258 4385 1831 4474; baseline -0.003 -19"><span class='ocrx_word' id='word_1_626' title='bbox 258 4397 314 4456; x_wconf 85' lang='lat' dir='ltr'><strong>tale</strong></span> <span class='ocrx_word' id='word_1_627' title='bbox 325 4397 483 4474; x_wconf 81' lang='lat' dir='ltr'><strong>figmentum</strong></span> <span class='ocrx_word' id='word_1_628' title='bbox 496 4391 646 4469; x_wconf 84' lang='lat' dir='ltr'><strong>ostendere,</strong></span> <span class='ocrx_word' id='word_1_629' title='bbox 659 4393 739 4471; x_wconf 87' lang='lat' dir='ltr'><strong>quale</strong></span> <span class='ocrx_word' id='word_1_630' title='bbox 747 4408 786 4452; x_wconf 85' lang='lat' dir='ltr'><strong>est</strong></span> <span class='ocrx_word' id='word_1_631' title='bbox 798 4393 827 4452; x_wconf 93' lang='lat' dir='ltr'><strong>id</strong></span> <span class='ocrx_word' id='word_1_632' title='bbox 836 4393 909 4472; x_wconf 91' lang='lat' dir='ltr'><strong>quod</strong></span> <span class='ocrx_word' id='word_1_633' title='bbox 918 4417 1009 4456; x_wconf 87' lang='lat' dir='ltr'><strong>revera</strong></span> <span class='ocrx_word' id='word_1_634' title='bbox 1059 4394 1144 4452; x_wconf 82' lang='grc' dir='ltr'>κοινὸν</span> <span class='ocrx_word' id='word_1_635' title='bbox 1155 4385 1256 4453; x_wconf 78' lang='grc' dir='ltr'>εἶναι</span> <span class='ocrx_word' id='word_1_636' title='bbox 1232 4417 1263 4453; x_wconf 89' lang='grc' dir='ltr'><strong>το</strong></span> <span class='ocrx_word' id='word_1_637' title='bbox 1276 4392 1397 4469; x_wconf 78' lang='grc' dir='ltr'>ζήτημα·</span> <span class='ocrx_word' id='word_1_638' title='bbox 1414 4395 1472 4451; x_wconf 81' lang='grc' dir='ltr'>ἀλλ’</span> <span class='ocrx_word' id='word_1_639' title='bbox 1486 4397 1601 4471; x_wconf 74' lang='grc' dir='ltr'>ὑμεῖς’</span> <span class='ocrx_word' id='word_1_640' title='bbox 1573 4416 1636 4454; x_wconf 89' lang='grc' dir='ltr'>αυτο</span> <span class='ocrx_word' id='word_1_641' title='bbox 1622 4392 1731 4454; x_wconf 78' lang='grc' dir='ltr'>ἱκανοί</span> <span class='ocrx_word' id='word_1_642' title='bbox 1744 4396 1831 4454; x_wconf 84' lang='grc' dir='ltr'>λῦσαι.</span> 
     </span>
    </p>
   </div>
   <div class='ocr_carea' id='block_1_18' title="bbox 232 4476 1832 4573">
    <p class='ocr_par' dir='ltr' id='par_1_19' title="bbox 232 4476 1832 4573">
     <span class='ocr_line' id='line_1_49' title="bbox 232 4476 1832 4573; baseline -0.001 -25"><span class='ocrx_word' id='word_1_643' title='bbox 232 4557 234 4560; x_wconf 7' lang='grc' dir='ltr'><em>Α</em></span> <span class='ocrx_word' id='word_1_644' title='bbox 257 4487 369 4548; x_wconf 85' lang='lat' dir='ltr'><strong>accidit.</strong></span> <span class='ocrx_word' id='word_1_645' title='bbox 384 4489 420 4546; x_wconf 86' lang='lat' dir='ltr'><strong>Et</strong></span> <span class='ocrx_word' id='word_1_646' title='bbox 434 4486 456 4544; x_wconf 91' lang='lat' dir='ltr'><strong>si</strong></span> <span class='ocrx_word' id='word_1_647' title='bbox 475 4483 587 4563; x_wconf 90' lang='lat' dir='ltr'><strong>quidem</strong></span> <span class='ocrx_word' id='word_1_648' title='bbox 601 4483 773 4544; x_wconf 84' lang='lat' dir='ltr'><strong>Christianus</strong></span> <span class='ocrx_word' id='word_1_649' title='bbox 784 4487 930 4573; x_wconf 45' lang='lat' dir='ltr'><strong>estestqui</strong></span> <span class='ocrx_word' id='word_1_650' title='bbox 950 4488 1009 4548; x_wconf 77' lang='lat' dir='ltr'><strong>haee</strong></span> <span class='ocrx_word' id='word_1_651' title='bbox 1060 4487 1156 4554; x_wconf 84' lang='grc' dir='ltr'>Οὐδεὶς</span> <span class='ocrx_word' id='word_1_652' title='bbox 1177 4486 1292 4564; x_wconf 81' lang='grc' dir='ltr'>οὐδαμοῦ</span> <span class='ocrx_word' id='word_1_653' title='bbox 1307 4486 1421 4562; x_wconf 77' lang='grc' dir='ltr'>πλάσμα</span> <span class='ocrx_word' id='word_1_654' title='bbox 1442 4490 1558 4546; x_wconf 88' lang='grc' dir='ltr'>τοιοῦτον</span> <span class='ocrx_word' id='word_1_655' title='bbox 1581 4485 1638 4567; x_wconf 76' lang='grc' dir='ltr'>ἔχει</span> <span class='ocrx_word' id='word_1_656' title='bbox 1658 4484 1757 4562; x_wconf 80' lang='grc' dir='ltr'>δεῖξαι,</span> <span class='ocrx_word' id='word_1_657' title='bbox 1779 4476 1832 4546; x_wconf 79' lang='grc' dir='ltr'>οἷον</span> 
     </span>
    </p>
   </div>
   <div class='ocr_carea' id='block_1_19' title="bbox 259 4576 1835 4937">
    <p class='ocr_par' dir='ltr' id='par_1_20' title="bbox 259 4576 1835 4937">
     <span class='ocr_line' id='line_1_50' title="bbox 259 4576 1833 4662; baseline -0.003 -21"><span class='ocrx_word' id='word_1_658' title='bbox 259 4579 377 4662; x_wconf 85' lang='lat' dir='ltr'><strong>scripsit,</strong></span> <span class='ocrx_word' id='word_1_659' title='bbox 384 4600 426 4637; x_wconf 89' lang='lat' dir='ltr'><strong>res</strong></span> <span class='ocrx_word' id='word_1_660' title='bbox 438 4592 505 4636; x_wconf 89' lang='lat' dir='ltr'><strong>esset</strong></span> <span class='ocrx_word' id='word_1_661' title='bbox 516 4577 583 4635; x_wconf 83' lang='lat' dir='ltr'><strong>sorte</strong></span> <span class='ocrx_word' id='word_1_662' title='bbox 596 4590 736 4657; x_wconf 86' lang='lat' dir='ltr'><strong>suspecta:</strong></span> <span class='ocrx_word' id='word_1_663' title='bbox 751 4599 813 4637; x_wconf 88' lang='lat' dir='ltr'><strong>cum</strong></span> <span class='ocrx_word' id='word_1_664' title='bbox 823 4600 889 4638; x_wconf 81' lang='lat' dir='ltr'><strong>vero</strong></span> <span class='ocrx_word' id='word_1_665' title='bbox 897 4578 1008 4641; x_wconf 77' lang='lat' dir='ltr'><strong>iudaeus</strong></span> <span class='ocrx_word' id='word_1_666' title='bbox 1060 4577 1105 4638; x_wconf 79' lang='lat' dir='ltr'><strong>tut</strong></span> <span class='ocrx_word' id='word_1_667' title='bbox 1118 4582 1166 4650; x_wconf 82' lang='grc' dir='ltr'><strong>τῆς</strong></span> <span class='ocrx_word' id='word_1_668' title='bbox 1181 4576 1305 4650; x_wconf 77' lang='grc' dir='ltr'>ἀληθείας</span> <span class='ocrx_word' id='word_1_669' title='bbox 1326 4576 1425 4657; x_wconf 83' lang='grc' dir='ltr'>γέγονε.</span> <span class='ocrx_word' id='word_1_670' title='bbox 1445 4579 1498 4638; x_wconf 81' lang='grc' dir='ltr'><strong>Καὶ</strong></span> <span class='ocrx_word' id='word_1_671' title='bbox 1523 4581 1546 4638; x_wconf 78' lang='grc' dir='ltr'><strong>εἰ</strong></span> <span class='ocrx_word' id='word_1_672' title='bbox 1565 4579 1613 4656; x_wconf 77' lang='grc' dir='ltr'>μὲν</span> <span class='ocrx_word' id='word_1_673' title='bbox 1638 4577 1798 4659; x_wconf 78' lang='grc' dir='ltr'>Χριστιανὸς</span> <span class='ocrx_word' id='word_1_674' title='bbox 1818 4582 1833 4637; x_wconf 81' lang='grc' dir='ltr'>ὁ</span> 
     </span>
     <span class='ocr_line' id='line_1_51' title="bbox 259 4662 1833 4752; baseline -0.003 -18"><span class='ocrx_word' id='word_1_675' title='bbox 259 4675 341 4734; x_wconf 82' lang='lat' dir='ltr'><strong>fuerit</strong></span> <span class='ocrx_word' id='word_1_676' title='bbox 359 4686 384 4731; x_wconf 89' lang='lat' dir='ltr'><strong>et</strong></span> <span class='ocrx_word' id='word_1_677' title='bbox 404 4669 580 4733; x_wconf 86' lang='lat' dir='ltr'><strong>Judaioorum</strong></span> <span class='ocrx_word' id='word_1_678' title='bbox 603 4667 755 4745; x_wconf 88' lang='lat' dir='ltr'><strong>studiosus,</strong></span> <span class='ocrx_word' id='word_1_679' title='bbox 775 4669 822 4747; x_wconf 88' lang='lat' dir='ltr'><strong>qui</strong></span> <span class='ocrx_word' id='word_1_680' title='bbox 846 4685 906 4750; x_wconf 82' lang='lat' dir='ltr'><strong>post</strong></span> <span class='ocrx_word' id='word_1_681' title='bbox 924 4693 1008 4730; x_wconf 89' lang='lat' dir='ltr'><strong>evan·</strong></span> <span class='ocrx_word' id='word_1_682' title='bbox 1061 4678 1145 4730; x_wconf 88' lang='grc' dir='ltr'>ταῦτα</span> <span class='ocrx_word' id='word_1_683' title='bbox 1164 4671 1271 4751; x_wconf 84' lang='grc' dir='ltr'>γροίρων</span> <span class='ocrx_word' id='word_1_684' title='bbox 1298 4662 1340 4744; x_wconf 68' lang='grc' dir='ltr'>ἦν,</span> <span class='ocrx_word' id='word_1_685' title='bbox 1366 4671 1414 4730; x_wconf 76' lang='grc' dir='ltr'>κᾶν</span> <span class='ocrx_word' id='word_1_686' title='bbox 1434 4670 1548 4738; x_wconf 73' lang='grc' dir='ltr'>ὕποπτος</span> <span class='ocrx_word' id='word_1_687' title='bbox 1568 4671 1673 4752; x_wconf 83' lang='grc' dir='ltr'>ὁλόγος</span> <span class='ocrx_word' id='word_1_688' title='bbox 1696 4662 1747 4743; x_wconf 77' lang='grc' dir='ltr'>ἧν·</span> <span class='ocrx_word' id='word_1_689' title='bbox 1764 4672 1833 4730; x_wconf 76' lang='grc' dir='ltr'>εἶδέ</span> 
     </span>
     <span class='ocr_line' id='line_1_52' title="bbox 260 4760 1833 4849; baseline -0.004 -22"><span class='ocrx_word' id='word_1_690' title='bbox 260 4768 363 4849; x_wconf 77' lang='lat' dir='ltr'><strong>galium</strong></span> <span class='ocrx_word' id='word_1_691' title='bbox 385 4764 476 4841; x_wconf 85' lang='lat' dir='ltr'><strong>venit,</strong></span> <span class='ocrx_word' id='word_1_692' title='bbox 492 4760 627 4841; x_wconf 87' lang='lat' dir='ltr'><strong>quomodo</strong></span> <span class='ocrx_word' id='word_1_693' title='bbox 646 4782 698 4821; x_wconf 93' lang='lat' dir='ltr'><strong>non</strong></span> <span class='ocrx_word' id='word_1_694' title='bbox 719 4764 845 4822; x_wconf 89' lang='lat' dir='ltr'><strong>omnibus</strong></span> <span class='ocrx_word' id='word_1_695' title='bbox 868 4765 1008 4824; x_wconf 84' lang='lat' dir='ltr'><strong>inanifesta</strong></span> <span class='ocrx_word' id='word_1_696' title='bbox 1062 4765 1201 4837; x_wconf 85' lang='grc' dir='ltr'>Ἰουδαῖος,</span> <span class='ocrx_word' id='word_1_697' title='bbox 1212 4763 1257 4821; x_wconf 81' lang='grc' dir='ltr'><strong>καὶ</strong></span> <span class='ocrx_word' id='word_1_698' title='bbox 1271 4762 1396 4832; x_wconf 86' lang='grc' dir='ltr'>Ἰουδαῖος</span> <span class='ocrx_word' id='word_1_699' title='bbox 1409 4763 1543 4836; x_wconf 75' lang='grc' dir='ltr'>ζηλωτὴς,</span> <span class='ocrx_word' id='word_1_700' title='bbox 1555 4763 1622 4840; x_wconf 75' lang='grc' dir='ltr'>μετὰ</span> <span class='ocrx_word' id='word_1_701' title='bbox 1637 4765 1668 4824; x_wconf 86' lang='grc' dir='ltr'>τὸ</span> <span class='ocrx_word' id='word_1_702' title='bbox 1683 4763 1833 4844; x_wconf 82' lang='grc' dir='ltr'>εὐαγγέλιον</span> 
     </span>
     <span class='ocr_line' id='line_1_53' title="bbox 260 4854 1835 4937; baseline -0.005 -17"><span class='ocrx_word' id='word_1_703' title='bbox 260 4862 313 4920; x_wconf 88' lang='lat' dir='ltr'><strong>sint</strong></span> <span class='ocrx_word' id='word_1_704' title='bbox 327 4882 373 4931; x_wconf 87' lang='lat' dir='ltr'><strong>en,</strong></span> <span class='ocrx_word' id='word_1_705' title='bbox 393 4869 542 4937; x_wconf 69' lang='lat' dir='ltr'><strong>quaegesta</strong></span> <span class='ocrx_word' id='word_1_706' title='bbox 562 4854 772 4917; x_wconf 69' lang='lat' dir='ltr'><strong>suntiliidebis</strong></span> <span class='ocrx_word' id='word_1_707' title='bbox 793 4878 907 4935; x_wconf 81' lang='lat' dir='ltr'><strong>namque</strong></span> <span class='ocrx_word' id='word_1_708' title='bbox 928 4857 1005 4915; x_wconf 90' lang='lat' dir='ltr'><strong>illum</strong></span> <span class='ocrx_word' id='word_1_709' title='bbox 1026 4872 1045 4918; x_wconf 79' lang='grc' dir='ltr'>Ε</span> <span class='ocrx_word' id='word_1_710' title='bbox 1063 4855 1153 4928; x_wconf 79' lang='grc' dir='ltr'>ἐλθὼν,</span> <span class='ocrx_word' id='word_1_711' title='bbox 1168 4861 1224 4924; x_wconf 83' lang='grc' dir='ltr'>πῶς</span> <span class='ocrx_word' id='word_1_712' title='bbox 1239 4858 1267 4914; x_wconf 92' lang='grc' dir='ltr'><strong>οὐ</strong></span> <span class='ocrx_word' id='word_1_713' title='bbox 1288 4866 1356 4915; x_wconf 73' lang='grc' dir='ltr'>πᾶσι</span> <span class='ocrx_word' id='word_1_714' title='bbox 1375 4857 1514 4929; x_wconf 81' lang='grc' dir='ltr'>κατάδηλα</span> <span class='ocrx_word' id='word_1_715' title='bbox 1537 4855 1571 4915; x_wconf 76' lang='lat' dir='ltr'><strong>ria</strong></span> <span class='ocrx_word' id='word_1_716' title='bbox 1587 4855 1734 4935; x_wconf 81' lang='grc' dir='ltr'>γενόμενα;</span> <span class='ocrx_word' id='word_1_717' title='bbox 1753 4857 1835 4936; x_wconf 75' lang='grc' dir='ltr'>Ὁψει</span> 
     </span>
    </p>
   </div>
   <div class='ocr_carea' id='block_1_20' title="bbox 263 5046 1837 5272">
    <p class='ocr_par' dir='ltr' id='par_1_21' title="bbox 263 5046 1837 5272">
     <span class='ocr_line' id='line_1_54' title="bbox 295 5046 1835 5114; baseline -0.001 -16"><span class='ocrx_word' id='word_1_718' title='bbox 295 5048 393 5099; x_wconf 72' lang='lat' dir='ltr'><strong>⁸Idem</strong></span> <span class='ocrx_word' id='word_1_719' title='bbox 406 5061 450 5101; x_wconf 79' lang='grc' dir='ltr'>τῶν</span> <span class='ocrx_word' id='word_1_720' title='bbox 462 5055 559 5113; x_wconf 71' lang='grc' dir='ltr'>σημείων</span> <span class='ocrx_word' id='word_1_721' title='bbox 570 5053 611 5114; x_wconf 81' lang='grc' dir='ltr'><strong>οὐχ</strong></span> <span class='ocrx_word' id='word_1_722' title='bbox 625 5051 694 5106; x_wconf 78' lang='grc' dir='ltr'>ἦττον</span> <span class='ocrx_word' id='word_1_723' title='bbox 707 5057 732 5102; x_wconf 83' lang='grc' dir='ltr'>τὸ</span> <span class='ocrx_word' id='word_1_724' title='bbox 744 5052 843 5107; x_wconf 75' lang='grc' dir='ltr'>τούτους.</span> <span class='ocrx_word' id='word_1_725' title='bbox 1074 5047 1133 5098; x_wconf 91' lang='lat' dir='ltr'><strong>hine</strong></span> <span class='ocrx_word' id='word_1_726' title='bbox 1161 5046 1302 5113; x_wconf 78' lang='lat' dir='ltr'><strong>gehennam</strong></span> <span class='ocrx_word' id='word_1_727' title='bbox 1328 5046 1503 5099; x_wconf 82' lang='lat' dir='ltr'><strong>excludebant.</strong></span> <span class='ocrx_word' id='word_1_728' title='bbox 1524 5049 1649 5100; x_wconf 74' lang='lat' dir='ltr'><strong>Craterum</strong></span> <span class='ocrx_word' id='word_1_729' title='bbox 1668 5046 1835 5099; x_wconf 77' lang='lat' dir='ltr'><strong>Marcionista</strong></span> 
     </span>
     <span class='ocr_line' id='line_1_55' title="bbox 296 5124 1837 5194; baseline 0.002 -18"><span class='ocrx_word' id='word_1_730' title='bbox 296 5130 308 5165; x_wconf 81' lang='lat' dir='ltr'><strong>b</strong></span> <span class='ocrx_word' id='word_1_731' title='bbox 326 5129 438 5176; x_wconf 81' lang='lat' dir='ltr'><strong>Marcion</strong></span> <span class='ocrx_word' id='word_1_732' title='bbox 456 5125 559 5176; x_wconf 86' lang='lat' dir='ltr'><strong>dicebat</strong></span> <span class='ocrx_word' id='word_1_733' title='bbox 572 5125 700 5177; x_wconf 84' lang='lat' dir='ltr'><strong>Christum</strong></span> <span class='ocrx_word' id='word_1_734' title='bbox 711 5144 763 5178; x_wconf 92' lang='lat' dir='ltr'><strong>non</strong></span> <span class='ocrx_word' id='word_1_735' title='bbox 773 5125 827 5177; x_wconf 85' lang='lat' dir='ltr'><strong>iore</strong></span> <span class='ocrx_word' id='word_1_736' title='bbox 836 5124 945 5194; x_wconf 80' lang='lat' dir='ltr'><strong>judicem</strong></span> <span class='ocrx_word' id='word_1_737' title='bbox 957 5144 1025 5177; x_wconf 89' lang='lat' dir='ltr'><strong>mor.</strong></span> <span class='ocrx_word' id='word_1_738' title='bbox 1075 5145 1126 5178; x_wconf 93' lang='lat' dir='ltr'><strong>non</strong></span> <span class='ocrx_word' id='word_1_739' title='bbox 1140 5143 1227 5178; x_wconf 86' lang='lat' dir='ltr'><strong>omnes</strong></span> <span class='ocrx_word' id='word_1_740' title='bbox 1239 5130 1303 5178; x_wconf 85' lang='lat' dir='ltr'><strong>inter</strong></span> <span class='ocrx_word' id='word_1_741' title='bbox 1315 5146 1339 5177; x_wconf 80' lang='lat' dir='ltr'><strong>se</strong></span> <span class='ocrx_word' id='word_1_742' title='bbox 1352 5126 1554 5181; x_wconf 82' lang='lat' dir='ltr'><strong>consentiebant:</strong></span> <span class='ocrx_word' id='word_1_743' title='bbox 1566 5128 1610 5183; x_wconf 84' lang='lat' dir='ltr'><strong>sed</strong></span> <span class='ocrx_word' id='word_1_744' title='bbox 1621 5131 1686 5183; x_wconf 86' lang='lat' dir='ltr'><strong>inter</strong></span> <span class='ocrx_word' id='word_1_745' title='bbox 1697 5127 1754 5181; x_wconf 80' lang='lat' dir='ltr'><strong>titos</strong></span> <span class='ocrx_word' id='word_1_746' title='bbox 1765 5140 1837 5180; x_wconf 85' lang='lat' dir='ltr'><strong>erant</strong></span> 
     </span>
     <span class='ocr_line' id='line_1_56' title="bbox 263 5202 1352 5272; baseline -0.002 -16"><span class='ocrx_word' id='word_1_747' title='bbox 263 5218 378 5270; x_wconf 87' lang='lat' dir='ltr'><strong>tuorum,</strong></span> <span class='ocrx_word' id='word_1_748' title='bbox 390 5205 472 5271; x_wconf 82' lang='lat' dir='ltr'><strong>inquit</strong></span> <span class='ocrx_word' id='word_1_749' title='bbox 484 5202 632 5257; x_wconf 84' lang='lat' dir='ltr'><strong>Plrilaatrius</strong></span> <span class='ocrx_word' id='word_1_750' title='bbox 648 5207 674 5256; x_wconf 91' lang='lat' dir='ltr'><strong>in</strong></span> <span class='ocrx_word' id='word_1_751' title='bbox 688 5206 782 5256; x_wconf 79' lang='lat' dir='ltr'><strong>llaeresi</strong></span> <span class='ocrx_word' id='word_1_752' title='bbox 791 5203 1023 5256; x_wconf 77' lang='lat' dir='ltr'><strong>ttarcionianrnm:</strong></span> <span class='ocrx_word' id='word_1_753' title='bbox 1075 5205 1221 5272; x_wconf 78' lang='lat' dir='ltr'><strong>opinionum</strong></span> <span class='ocrx_word' id='word_1_754' title='bbox 1235 5205 1352 5259; x_wconf 81' lang='lat' dir='ltr'><strong>divortia.</strong></span> 
     </span>
    </p>
   </div>
   <div class='ocr_carea' id='block_1_21' title="bbox 0 0 1888 5978">
    <p class='ocr_par' dir='ltr' id='par_1_22' title="bbox 0 0 1888 5978">
     <span class='ocr_line' id='line_1_57' title="bbox 0 0 1888 5978; baseline 0 0"><span class='ocrx_word' id='word_1_755' title='bbox 0 0 1888 5978; x_wconf 95' lang='lat' dir='ltr'><strong> </strong></span> 
     </span>
    </p>
   </div>
  </div>
 </body>
</html>
