3728 5978
234 413 304 504 5⁰4
580 435 610 483 s.
638 431 779 483 ioannis
803 426 986 479 cuursosr.
1016 426 1173 475 incuruo.
1201 426 1470 473 consummor.

183 576 185 580 ’
233 563 292 622 nei
303 565 317 618 i
330 559 402 632 Quia
415 559 486 617 enim
499 555 615 618 ostendit
627 556 721 638 ingens
742 566 881 637 pareatum
903 549 977 611 orbis
1028 549 1138 633 ἐκφεύξῃ
1160 553 1191 613 τδ
1211 552 1295 632 κρίμα
1318 557 1364 612 τοῦ
1383 555 1470 624 Θεοῦς
1494 550 1606 624 Ἐπειδὴ
1628 550 1681 631 γάρ
1700 548 1801 621 πολλὴν

233 666 260 714 et
272 674 288 713 a
302 649 475 732 dogmatibus
485 664 511 711 et
521 641 836 726 alacinoribus,etquod·
844 643 977 726 sapientes
1030 641 1111 712 ίδειξε
1124 647 1171 715 τῆς
1188 643 1342 723 οἰκουμένης
1351 643 1401 715 τὴν
1413 641 1557 723 ἁμαρτίαν,
1572 643 1626 702 άπδ
1638 645 1691 701 τῶν
1703 643 1803 720 δογμά-

233 741 977 822 cumessennetquodcumlraberentcreaturamsema·
993 740 1013 788 Β
1030 757 1099 807 των,
1121 735 1175 795 οἰπδ
1195 739 1247 794 τῶν
1268 734 1451 815 πραγμάτων,
1469 734 1514 793 καί
1541 732 1582 792 ότι
1611 734 1686 815 σοφοί
1712 734 1803 807 ὄντες,

234 857 272 896 uu
283 834 437 912 ducentem,
450 834 523 914 quod
538 854 591 894 uon
600 831 681 893 modo
694 834 784 891 Deum
794 827 976 908 reliquissent,
1031 823 1076 883 κοιλ
1095 824 1137 886 ότι
1158 824 1205 897 τὴν
1227 825 1313 887 κτίσιν
1328 826 1431 906 ἔχοντες
1455 833 1687 906 χειραγωγοῦσαν,
1704 823 1751 884 καί
1764 824 1804 883 ὅτι

232 925 368 988 sedetiam
377 925 516 1007 elegissent
525 925 655 1006 imagines
664 922 812 1006 reptilium,
817 919 889 1000 quod
897 918 978 979 etiam
1031 920 1112 998 οἰστῷ
1132 917 1177 979 τὸν
1198 919 1267 980 Θεδν
1283 922 1388 1000 ἀφεῖναι
1412 916 1500 996 μόνον,
1527 918 1595 977 άλλδι
1618 917 1664 976 καί
1686 919 1727 997 τῷ
1742 917 1802 976 ἑλί-

234 1019 363 1081 virtutem
372 1033 543 1101 spernerent
557 1034 584 1080 et
595 1016 670 1099 quod
682 1016 817 1078 alliciente
831 1028 928 1074 natura
943 1012 979 1072 ad
1031 1016 1091 1071 σθαι
1102 1009 1138 1070 τδι
1151 1010 1363 1090 θμοιώματα”
1328 1035 1381 1070 των
1403 1014 1530 1123 ἑρπετῶν,
1551 1009 1596 1068 καί
1615 1034 1654 1090 τῳ
1634 1008 1754 1082 ”τλν’
1739 1033 1801 1090 αφε-

233 1111 423 1193 οηιιίῐίοωεο
436 1127 530 1195 sponte
552 1113 720 1185 conferrent,
742 1108 870 1192 quodque
886 1119 979 1167 contra
1029 1101 1078 1178 τὴν
1100 1103 1247 1184 ἀτιμάσαι,
1268 1103 1371 1165 καί”
1335 1128 1374 1184 τῳ
1393 1108 1441 1176 τῆς
1454 1102 1555 1218 φύσεως
1569 1069 1745 1174 ἀνθελκσύσης
1759 1102 1803 1161 ἐπί

235 1217 360 1263 naturam
384 1217 512 1285 agerem.
531 1202 567 1264 ad
587 1202 658 1264 illud
669 1200 769 1275 deinde
789 1221 818 1260 se
833 1199 935 1259 conlert
949 1209 979 1257 ut
1030 1195 1078 1270 τλν
1091 1197 1186 1258 κακίαν
1206 1200 1404 1277 αὐτομολῆσαι,
1429 1196 1474 1256 καί
1488 1220 1527 1277 τῳ
1507 1194 1665 1278 ‘cept'
1632 1219 1736 1273 φυσινε
1725 1186 1802 1268 ε,Ῑναι

233 1291 355 1354 ostendat
366 1315 420 1372 eos,
432 1294 729 1376 quitaliaperpetrant,
744 1291 878 1373 supplicio
896 1288 979 1350 tradi.
1030 1288 1135 1374 πρόεισι
1144 1290 1236 1351 λοιιισν
1251 1292 1329 1359 είςτθ
1343 1289 1436 1363 δεῖξαι,
1449 1290 1491 1349 θτι
1504 1313 1539 1349 κα
1539 1288 1645 1357 λκσλσίζ
1630 1292 1720 1357 ζοντσι
1733 1291 1758 1347 ot
1768 1289 1803 1349 τὰ

233 1387 296 1448 lam
309 1400 470 1446 muneravit
482 1385 648 1469 supplicium
661 1405 723 1445 cum
736 1384 771 1445 de
785 1382 903 1443 facinore
917 1401 979 1461 age·
1030 1388 1140 1443 τοιαῦτα
1153 1407 1191 1465 πρ
1193 1383 1325 1451 άσσοντες.
1349 1382 1385 1443 F
1386 1381 1453 1451 δειξε
1474 1373 1567 1461 μὲιί
1537 1405 1580 1442 ουν
1594 1381 1645 1454 ἤδη
1659 1380 1804 1461 τιμωρίαν,

234 1491 295 1538 rect
314 1479 384 1538 Nam
407 1481 590 1552 Mercedem,
617 1477 723 1558 iuquit,
746 1473 977 1557 quamoportuit,
1030 1474 1113 1536 εἰπὼν
1135 1474 1184 1548 τλν
1203 1474 1298 1556 πρᾶξιν
1320 1475 1418 1589 piens·
1440 1474 1498 1548 Τνὴ
1512 1472 1564 1556 γὰρ
1579 1473 1758 1552 ἀντιμισθίαν,
1771 1474 1804 1545 ἣν

232 1574 339 1632 erroris
352 1575 400 1631 sui
420 1576 454 1630 in
476 1575 579 1653 seipsis
603 1574 770 1651 recipiunt:
793 1589 889 1630 verum
914 1567 980 1646 quia
1029 1566 1149 1640 ίδει,“’
1115 1592 1163 1640 της
1181 1568 1284 1641 πλάνης
1307 1569 1392 1626 αἰτῶν
1410 1570 1437 1628 ἐν
1462 1570 1551 1635 αὐτοῖς
1573 1563 1804 1643 ἀπολαμὸάνουσι,

231 1682 286 1725 non
299 1664 418 1725 sentiunt
437 1665 524 1742 illam,
542 1663 621 1725 addit
635 1678 663 1726 et
682 1664 775 1740 aliam,
793 1683 877 1743 quam
891 1662 979 1722 maxi·
1029 1658 1124 1741 φησίν·
1137 1662 1195 1721 ἀλλ’
1211 1659 1306 1734 ἐπειδὴ
1315 1661 1363 1720 οὐκ
1374 1660 1542 1720 αἰσθάνονται
1554 1657 1672 1731 ἐκείνης,
1687 1648 1747 1717 εἰπε
1759 1657 1804 1716 καί

232 1776 276 1817 me
287 1755 429 1826 timebant.
446 1757 597 1837 Sanquam
612 1770 639 1817 et
652 1756 723 1816 banc
732 1757 791 1837 jam
803 1753 953 1816 ostenderat
969 1778 977 1812 .·
994 1745 1013 1796 (ἶ
1029 1751 1132 1835 ἁτέραν,
1146 1750 1179 1824 ἣν
1200 1751 1317 1831 μαλίστα
1328 1753 1470 1812 δεδοίκασι.
1493 1751 1618 1811 Μαλιστα
1631 1750 1680 1827 μίν
1690 1750 1744 1823 ἤδη
1758 1749 1804 1809 καί

199 1835 295 1907 'cum
305 1846 378 1908 euim
394 1846 472 1921 dicit,
488 1846 625 1928 judicium
640 1846 692 1907 nei
713 1845 864 1907 secundum
878 1845 979 1906 verita·
1028 1844 1128 1920 ταύτην
1142 1845 1253 1916 ἔθιιξεν·
1274 1847 1336 1908 όταν
1358 1846 1410 1929 γθιρ
1429 1845 1513 1961 llyn,
1534 1845 1576 1906 ότι
1594 1845 1635 1905 Τὸ
1655 1844 1742 1924 κρίμα
1756 1850 1802 1904 τσῦ

237 1937 451 2015 temesse‚n1bil
460 1937 537 1999 ahud
549 1958 631 2018 quam
645 1936 697 1998 boc
709 1936 847 1997 declarat:
861 1949 978 1996 adaman
1028 1940 1109 1999 Θεοῦ
1116 1938 1186 1999 κατδ
1200 1939 1352 2011 ἁλήθειάνέ
1353 1961 1426 2012 στιν,
1442 1939 1487 1998 οὐδ
1474 1936 1515 1998 δὲν
1532 1937 1592 2017 ἔτερ
1593 1960 1620 1997 ον
1633 1935 1651 2007 ἢ
1664 1935 1804 1996 τοῦτολέ-

231 2027 613 2112 illudbicpluribusprobat,
629 2028 789 2091 sicdicens.
814 2031 980 2090 Existimas
1028 2054 1085 2111 γει·
1101 2029 1169 2104 πλὴν
1189 2031 1259 2092 ἀλλὰ
1272 2033 1371 2115 καλὶφ’
1388 2031 1526 2114 ἑτίρων’
1498 2053 1562 2090 αυτσ
1548 2029 1701 2089 πλειόνων
1716 2052 1802 2089 κατα-

230 2133 330 2182 aeutem
343 2123 409 2195 lice,
426 2123 554 2195 ohomo,
568 2143 620 2202 ραι
615 2122 748 2203 judicas
762 2121 979 2201 illosqeitalia
1029 2123 1250 2198 σκευάζειπάλιν,
1264 2123 1331 2184 οῦτω
1344 2123 1437 2202 λέγων,
1453 2123 1552 2203 Λογίζη
1568 2119 1595 2182 δὲ
1606 2144 1699 2196 τουτο
1714 2144 1736 2178 ω
1751 2119 1802 2179 σίν-

231 2226 335 2295 agunt,
352 2227 380 2275 et
391 2215 537 2297 sacisea,
552 2215 674 2296 quodtu
694 2214 821 2296 effugies
831 2213 978 2295 judicium
1029 2220 1137 2297 θρωπε,
1158 2220 1173 2275 ὁ
1194 2215 1290 2298 κρίνων
1311 2215 1369 2284 τοῦς
1387 2217 1545 2276 τὰτοιαῦτα
1559 2210 1803 2296 πράσσοντας,καί

128 2379 132 2385 Ι
232 2304 636 2385 DeiiTuumnoneffugisti,
651 2317 677 2365 et
690 2303 830 2387 judicium
843 2302 896 2364 nei
911 2303 980 2363 οίίιι-
1028 2311 1110 2367 ποιῶν
1126 2306 1307 2384 αύτδ,ότι
1281 2333 1313 2368 συ
1331 2307 1482 2390 ἐκφεύξῃ
1458 2332 1488 2368 το
1499 2307 1584 2390 κρίμα
1594 2331 1639 2366 του
1622 2306 1738 2365 Θεου
1730 2348 1739 2377 ,
1762 2303 1803 2362 Τὸ

230 2397 311 2478 pies?
323 2410 349 2458 et
363 2397 426 2477 quis
445 2397 500 2458 hoc
511 2397 637 2457 dixerit?
651 2396 735 2475 niqui
755 2409 787 2456 tu
801 2396 917 2479 teipsum
928 2397 977 2477 ju·
1028 2397 1073 2459 οδν
1087 2402 1134 2459 οὐκ
1148 2398 1267 2482 ίξίφυγες
1289 2400 1383 2483 κρίμα,
1403 2400 1450 2460 καί
1466 2400 1496 2460 τδ
1510 2403 1556 2459 τοῦ
1571 2402 1643 2461 Θεοῦ
1658 2394 1803 2476 διαφιύξη;

230 2487 338 2550 dicasti.
346 2488 737 2572 Verumpostquamtantaluit
743 2488 826 2570 hujus
833 2487 979 2549 uibunalis
1027 2490 1073 2549 καί
1093 2489 1132 2559 τίς
1149 2489 1180 2550 ἁν
1194 2496 1271 2552 τοῦτο
1283 2492 1367 2564 εἴποις
1382 2492 1477 2553 Καίτοι
1487 2515 1518 2570 γε
1533 2489 1564 2551 σίν
1577 2488 1672 2550 σαυτδν
1687 2488 1801 2570 ἔκρινας.

230 2581 386 2661 auctoritas,
405 2602 455 2642 nec
467 2595 498 2642 tu
517 2581 568 2642 tibi
581 2600 692 2664 parcere
703 2581 828 2663 potuisti,
841 2580 978 2661 quomodo
1027 2581 1097 2643 Ἀλλ’
1107 2582 1199 2656 ἐπειδὴ
1212 2583 1329 2656 τοσαύτη
1344 2575 1401 2658 nvn
1412 2607 1552 2665 περιουσια
1562 2589 1608 2642 τοῦ
1620 2579 1801 2660 δικαστηρίου,

229 2671 316 2749 Deus,
329 2672 378 2753 qui
396 2672 581 2755 impeccabilis
602 2685 652 2747 est,
672 2693 777 2734 summe
797 2673 899 2755 justus,
924 2694 978 2733 non
1027 2675 1074 2735 καί
1092 2674 1152 2736 uu
1168 2683 1265 2737 σαυτοῦ
1284 2675 1425 2758 φείσασθαι
1439 2676 1587 2750 ηθονήθης,
1601 2674 1679 2742 Ι’πῶς
1695 2674 1799 2744 θΘιθς,

230 2764 317 2826 molto
327 2764 415 2847 magia
422 2765 475 2828 boe
483 2765 648 2827 faciet?Sed
659 2779 690 2826 tu
702 2766 821 2848 teipsum
829 2765 975 2840 damnasti,
1027 2772 1042 2827 ὁ
1058 2767 1258 2849 ἀναμάρτητος
1276 2772 1291 2827 ὁ
1310 2767 1368 2848 μεθ’
1383 2770 1531 2887 θπερῦρλῆς
1544 2766 1653 2840 δίκαιος,
1664 2770 1694 2827 οὗ
1708 2768 1800 2845 πολλῷ

170 2886 178 2893 =
229 2872 256 2920 et
268 2860 344 2921 Deus
353 2872 380 2920 te
392 2859 556 2942 approbabit
567 2873 594 2921 et
605 2858 752 2921 laudabit?
767 2859 862 2940 Ecqua
875 2859 978 2920 ratione
993 2873 1012 2922 n
1028 2861 1130 2938 μᾶλλον
1135 2883 1212 2921 τουτο
1219 2860 1284 2932 τοι
1287 2884 1343 2935 σοις
1355 2859 1472 2921 aut
1447 2886 1479 2921 συ
1490 2859 1537 2939 μὲν
1549 2883 1644 2920 σαυτσο
1627 2824 1798 2936 κατίγνωί

207 2949 290 3018 ,Βίου
308 2950 458 3012 dicantur?
478 2951 563 3031 Atqui
578 2965 608 3012 tu
621 2951 703 3032 longe
723 2951 858 3034 supplicio
871 2964 899 3012 et
917 2951 979 3032 qui·
1028 2957 1044 3012 ό
1054 2951 1161 3022 δίΘιδς
1178 2953 1333 3022 ἀποδέξεται
1345 2954 1390 3013 καί
1402 2952 1551 3026 ίπαινεσει
1565 2952 1673 3013 Καί
1632 2976 1689 3018 πως
1701 2975 1732 3010 οιν
1744 2950 1802 3030 ἔχοι

230 3030 293 3116 dein
316 3043 417 3124 majore
431 3042 540 3123 dignior
560 3042 621 3121 illo,
645 3064 726 3124 quem
746 3043 893 3105 damnasti.
917 3046 978 3105 Non
1028 3069 1106 3107 τουτο
1117 3045 1213 3127 λόγον
1228 3046 1323 3106 Καίτοι
1334 3071 1365 3127 γε
1377 3044 1476 3106 ἐκείνω
1489 3069 1535 3105 του
1518 3044 1677 3126 παρὰσου
1690 3044 1801 3103 καταδι-

230 3136 303 3196 enim
316 3135 436 3217 idipsum
447 3135 784 3241 estsimpliciterpeccare,
798 3150 978 3243 etpostquam
1029 3137 1173 3218 σιαζσμίνσυ
1187 3139 1341 3207 κολάσεωςο
1349 3139 1466 3217 μείζονος
1481 3135 1676 3206 σθάΕιώτατσς.
1699 3134 1785 3195 Ob
1749 3158 1801 3214 γαρ

231 3227 317 3288 alium
328 3241 482 3310 peccantem
493 3227 638 3310 punivisti,
648 3229 678 3288 iu
688 3228 783 3290 eadem
793 3243 902 3311 peccata
910 3231 978 3291 inci·
1029 3233 1086 3292 ἐστι
1099 3230 1193 3292 ταίτδν
1207 3231 1369 3313 ἁμαρτάνειν
1388 3232 1488 3303 ἁπλῶς,
1509 3229 1554 3290 καί
1572 3228 1689 3310 ἕτερον
1675 3228 1800 3308 αμαρτά-

179 3364 184 3372 ·
228 3318 304 3380 dere.
319 3317 418 3382 Viden'
434 3319 570 3399 quomodo
590 3320 692 3380 crimen
705 3321 839 3381 auxerit?
860 3322 891 3384 Si
904 3323 978 3382 enim
1026 3348 1106 3385 νοντα
1120 3323 1272 3385 κολάσαντα
1285 3334 1338 3392 τοῖς
1352 3326 1439 3392 αὐτοῖς
1449 3331 1600 3405 περιπεσεῖν
1612 3322 1703 3381 πάλιν.
1718 3319 1800 3403 Ὁρᾷς

231 3412 507 3493 tu,inquit,eumqui
518 3412 607 3473 minus
618 3413 740 3495 peccavit
755 3413 860 3497 plectis,
871 3415 978 3477 etiamsi
1028 3422 1085 3484 πῶς
1104 3417 1136 3477 τδ
1151 3417 1273 3497 ἔγκλημα
1292 3416 1424 3489 ηὔξησεν,
1448 3419 1482 3476 Et
1506 3415 1558 3496 γὰρ
1578 3412 1625 3488 σὺ,
1650 3413 1733 3494 φησί,
1757 3412 1800 3470 τὸν

231 3504 348 3586 teipsum
369 3503 563 3586 deturpatums
586 3504 634 3581 sis,
647 3505 783 3584 quomodo
796 3507 870 3567 Deus
880 3521 906 3567 te
920 3530 979 3568 ma·
1028 3511 1156 3571 ἐλάττονα
1174 3511 1328 3590 ἁμαρτόντα
1347 3510 1475 3580 κολάζεις,
1495 3507 1582 3568 καίτοι
1594 3531 1625 3586 γε
1641 3506 1746 3584 μέλλων
1760 3505 1799 3563 αἰ-

228 3597 289 3678 jora
297 3609 464 3678 peccantem,
475 3612 562 3676 neque
571 3595 624 3656 sibi
635 3595 767 3678 pudorem
776 3597 913 3677 illaturuS,
925 3621 978 3660 non
1029 3601 1133 3683 σχύνειν
1147 3601 1257 3676 σαυτὸν,
1279 3606 1336 3669 πῶς
1349 3606 1363 3661 δ
1376 3601 1443 3668 Θεὸς
1457 3601 1501 3660 τδν
1518 3600 1625 3678 μείζονα
1638 3597 1800 3677 πλημμελή-

128 3704 135 3711 “
232 3689 320 3771 magis
337 3703 364 3750 et
376 3687 487 3769 gravius
500 3687 640 3750 damnabit
655 3703 691 3767 te,
704 3691 753 3770 qui
761 3691 821 3772 jam
834 3713 851 3752 a
866 3693 979 3754 tuisco-
1029 3694 1112 3756 σαντά
1127 3719 1170 3768 σε,
1185 3696 1329 3755 καὶταῦτα
1343 3697 1372 3754 σύ
1385 3693 1489 3772 μελλων
1506 3693 1597 3753 ἑαυτὸν
1612 3691 1757 3772 αἰσχύνειν,
1771 3692 1800 3748 οὐ

232 3781 408 3863 gitatiouibus
417 3781 562 3842 damnatus
575 3783 627 3843 es?
642 3781 757 3856 Quodsi
771 3782 891 3846 dixeris:
885 3787 978 3848 ·Novi
1028 3787 1200 3847 καταδικάσει
1218 3786 1431 3896 ael-xampwst
1453 3784 1593 3863 μειζόνως,
1615 3784 1666 3857 ἤδη
1681 3806 1798 3842 κατακε-

231 3876 344 3957 quidem
357 3899 401 3937 me
422 3876 556 3959 supplicio
573 3875 689 3958 dignum
707 3897 776 3955 asse,
799 3876 847 3938 sed
869 3886 978 3962 propter
993 3905 1012 3953 n
1027 3879 1149 3959 κριμίνον
1173 3877 1281 3937 dub*
1245 3902 1297 3937 των
1318 3876 1421 3937 οἰκείων
1436 3880 1591 3955 λσγιομῶ;ν
1611 3878 1645 3935 Εἰ
1663 3875 1690 3934 δὲ
1705 3876 1801 3954 λέγεις,

231 3968 284 4029 Der
294 3983 452 4052 patientiam
464 3967 590 4051 despuis
604 3983 706 4049 etquia
715 3990 769 4031 noo
781 3984 873 4033 staum
884 3993 977 4053 poenas
1024 3960 1138 4029 ότιοίδα
1152 3968 1211 4048 μίν,
1226 3969 1266 4028 ότι
1279 3968 1567 4047 άξιόςείμικσλάσεως,
1582 3966 1626 4026 διδ
1642 3966 1710 4027 θὲ
1683 3991 1731 4040 την
1744 3989 1800 4044 μα-

231 4061 291 4143 das,
314 4062 445 4124 confidis.
471 4063 535 4122 hinc
548 4075 620 4123 certe
629 4084 692 4144 μετα
704 4063 800 4124 umere
811 4085 843 4125 ac
864 4078 978 4127 uerum
1026 4085 1074 4142 κρο
1075 4060 1171 4141 θυμίαν
1192 4069 1381 4144 καταφρονεῖς,
1396 4060 1442 4120 καί
1456 4058 1539 4118 διδ
1515 4058 1594 4137 τομὴ
1607 4061 1697 4118 δοῦναι
1711 4081 1801 4137 παρα·

231 4153 366 4215 debueris.
382 4157 443 4216 Non
456 4154 529 4214 enim
542 4168 637 4215 utnon
653 4176 744 4236 poeuas
755 4155 814 4229 des,
827 4154 874 4218 sed
889 4157 978 4219 utdcs
1026 4155 1108 4232 πόδας
1130 4155 1223 4231 δίκην,
1248 4158 1365 4238 θαρρεῖς·
1388 4151 1588 4212 δεδοικέναιὲ
1556 4176 1603 4230 μ.ν
1627 4150 1673 4210 καί
1693 4151 1801 4230 τρέμειν

230 4246 376 4327 graviores,
383 4245 764 4323 differtur,siinemendabilis
774 4268 881 4309 maneas
886 4249 976 4330 3quod
1027 4245 1070 4308 διδ
1087 4253 1165 4309 τοῦτο
1178 4247 1210 4308 ἁν
1229 4247 1285 4319 είης
1305 4247 1413 4314 δίκαιος.
1438 4249 1478 4306 Οὐ
1497 4245 1549 4325 γδρ
1563 4248 1600 4312 εἰς
1613 4244 1644 4303 τὸ
1659 4242 1697 4322 μὴ
1712 4244 1802 4303 δοῦναι

230 4338 335 4398 utinam
345 4359 380 4398 ne
395 4338 445 4398 tibi
461 4337 613 4418 contingat!
626 4337 689 4399 Ideo
704 4338 863 4420 subjungit:
877 4344 906 4402 t.
921 4343 977 4401 An
1026 4340 1112 4415 δίκην,
1133 4343 1192 4401 ἀλλ’
1219 4345 1254 4409 εἰς
1272 4340 1304 4400 τὸ
1327 4341 1417 4399 δοῦναι
1440 4336 1641 4422 χαλεπωτέραν,
1658 4336 1698 4395 “ei
1715 4336 1802 4416 μένοις

231 4433 350 4494 divitias
365 4435 505 4491 bonitatis
518 4435 581 4514 epus
594 4445 623 4492 et
633 4436 786 4512 patientie
797 4446 825 4493 et
840 4434 976 4516 longani-
1026 4432 1183 4514 άδιόρθωτος
1193 4432 1240 4509 ὧν,
1250 4432 1441 4494 άναύάλλεται·
1457 4432 1472 4492 ὃ
1483 4429 1616 4511 μηδέποτε
1627 4427 1801 4507 συμὸήσηταί

231 4527 343 4585 micatis
355 4526 529 4599 contemnis,
555 4528 695 4606 ignorum
716 4526 799 4605 quod
809 4528 976 4608 benignitas
1027 4550 1078 4587 σοι.
1106 4528 1157 4588 Διθ
1179 4527 1225 4586 καί
1247 4525 1340 4608 ἐπάγει
1364 4524 1465 4604 λέγων·
1492 4524 1532 4584 Ἦ
1545 4529 1592 4584 τσῦ
1612 4521 1728 4582 πλούτου
1754 4525 1802 4590 τῆς

232 4618 291 4677 Dei
301 4617 344 4676 ad
348 4619 550 4697 penitentiam
560 4616 908 4698 teaddecattPostquam
923 4620 975 4680 Dei
1026 4618 1208 4701 χρηστότητος
1239 4622 1318 4681 αὐτοῦ
1342 4627 1530 4700 καταφρονεῖς,
1559 4616 1605 4676 καί
1629 4619 1678 4687 τῆς
1705 4619 1804 4694 ἀνοχῆς

230 4707 387 4790 patientiam
409 4706 541 4782 laudavit,
557 4720 583 4767 et
596 4704 711 4767 ostendit
730 4730 765 4769 ex
781 4729 812 4768 ea
825 4709 976 4771 maximum
1027 4712 1072 4774 καί
1098 4717 1145 4786 τῆς
1164 4712 1357 4795 μακροθυμίας,
1381 4715 1494 4792 ἀγνοῶν,
1515 4708 1597 4769 ότιτδ
1617 4707 1735 4789 χρηστὸν
1758 4712 1803 4765 τοῦ

230 4803 339 4863 lucrum
358 4800 558 4863 attendentibus
578 4800 705 4861 accedere
726 4801 800 4876 (hoe
817 4817 908 4863 autem
920 4820 977 4865 erat
1027 4809 1098 4868 Θεοῦ
1113 4809 1149 4875 εἰς
1161 4805 1301 4885 μετάνοιάν
1312 4830 1342 4866 σε
1355 4804 1428 4884 ἄγεις
1443 4803 1603 4870 Ἐπαινέσας
1613 4801 1665 4882 γὰρ
1675 4805 1722 4859 τοῦ
1733 4801 1802 4859 Θεοῦ

263 4983 608 5053 batnneyonaeeinsie
625 4984 761 5036 nemisse
779 5002 854 5052 supra
871 4992 993 5042 ευιοοῦθε
1040 4989 1239 5055 recidamus
1230 4991 1341 5049 ursei-d
1343 4990 1490 5053 ητθμηθθπ
1461 4990 1584 5039 θπωσθῦνσι
1586 4990 1735 5050 ‘compen
1694 4990 1786 5035 mani

229 5063 398 5131 copulam]
936 5108 952 5120 .
1039 5064 1275 5118 hauddubierecte
1285 5066 1395 5134 Recepta
1407 5063 1635 5116 enimlectonon
1626 5079 1676 5113 σε
1686 5059 1773 5112 deca
1775 5075 1800 5108 sa

260 5159 271 5182 ⁶
283 5143 404 5208 [μείζονος
412 5149 472 5204 dite.-
483 5149 513 5194 σῦν
523 5143 552 5190 Λ.
565 5152 592 5191 et
600 5158 659 5192 mox
669 5150 707 5196 καί
716 5149 853 5198 κολάσαντα.
863 5146 872 5210 ]
1039 5143 1099 5196 ferri
1110 5146 1219 5214 nequit]

261 5222 271 5253 ¹
289 5230 309 5274 εί
318 5230 409 5288 μόνοις,
424 5218 533 5272 alcides.
545 5218 623 5273 Sevll.
637 5231 719 5287 paduan.
731 5221 789 5273 llo!
799 5221 859 5274 blan.
874 5229 989 5290 συμῦήση-
