3728 5978
235 404 306 496 sae

233 549 269 609 Et
283 563 371 607 tamen
383 546 452 605 nihil
463 545 581 626 amplius
592 546 752 619 factumest,
768 543 858 606 sedad
869 559 975 626 tempus
1025 547 1130 618 λαῦεῖς,
1154 547 1234 607 πάλιν
1256 552 1404 622 ἐπανῆλθον
1427 549 1485 609 ὅθεν
1511 551 1649 630 γεγόνασιν
1672 554 1802 622 εύλαῦεῖς.

232 644 272 724 pii
279 639 377 715 effecti,
388 659 419 697 eo
428 636 529 697 reversi
539 650 612 709 sunt,
625 636 699 696 unde
713 636 840 717 pietatem
850 635 975 695 inierant.
1027 641 1114 699 Τοῦτο
1128 639 1173 699 καὶ
1186 639 1229 700 ἐπὶ
1238 646 1292 700 τῶν
1301 640 1434 722 Ἓύραίων
1445 642 1504 702 τότε
1516 641 1627 715 συνέῦη·
1641 643 1682 704 διὸ
1692 646 1739 704 καὶ
1749 648 1804 705 tte·

233 736 293 795 lloc
316 734 397 793 etiarn
415 730 536 789 Hebraeis
553 743 618 788 tunc
639 729 751 809 contigit
766 753 773 786 :
786 728 847 788 ideo
867 727 976 787 dicebat
991 735 1010 781 B
1025 753 1072 811 γεν
1082 735 1096 790 ὁ
1106 733 1354 812 ,popm-ww,
1368 734 1520 794 gm'mm,
1531 733 1634 806 αὐτοὺς,
1645 735 1706 795 τότε
1715 737 1803 810 ἐξεζή-

234 825 383 908 propheta:
398 825 472 882 Cum
487 821 629 880 occideret
640 841 700 897 eos,
716 823 886 900 quaerebant
896 839 973 892 eum,
1028 845 1090 881 τουν
1108 824 1196 899 αὐτὸν,
1208 826 1254 884 καλ
1274 825 1432 906 ἐπέστρεφον
1455 826 1499 885 καλ
1520 825 1646 906 ὤρθριζον
1669 828 1736 907 πρὸς
1755 827 1802 886 τὸν

569 425 598 471 S.
624 423 764 471 toannts
789 423 971 471 CHRYSOST.
1003 424 1161 472 Ancurae.
1189 425 1458 476 consummor.

233 932 262 977 et
286 918 508 976 revertebuntur
532 926 560 971 et
591 913 721 970 diluculo
751 914 912 970 ueniebant
937 912 979 969 ud

233 1011 340 1069 Deum.
364 1002 470 1085 Ecquid
490 1017 596 1084 oportet
615 1004 746 1083 generalia
765 1003 812 1062 illa
834 991 977 1083 prolerre?

232 1117 300 1182 quot
315 1102 343 1161 in
356 1100 465 1159 morbos
485 1098 655 1157 inciderunt?
670 1111 735 1176 quot
745 1109 882 1175 surgentes
895 1096 978 1177 polli-

232 1196 280 1255 citi
293 1207 356 1254 sunt
365 1214 392 1252 se
406 1213 494 1252 mores
509 1191 537 1249 in
551 1190 648 1249 melius
667 1203 828 1266 mutaturos,
839 1203 867 1247 et
887 1202 978 1248 tamen

232 1287 316 1347 iidem
327 1286 379 1367 ipsi
389 1283 560 1344 manserunt?
573 1283 630 1341 Hoc
646 1282 765 1340 maxime
775 1279 891 1340 ostendit
901 1279 979 1339 nobis

231 1379 382 1439 naturalem
397 1391 515 1437 nostram
532 1374 639 1434 arbitrii
648 1374 821 1450 libertatern,
842 1372 979 1454 repentina

204 1496 208 1506 ’
229 1494 328 1554 nempe
354 1471 476 1530 mutatio.
494 1448 564 1529 Naui
591 1468 613 1526 si
636 1467 769 1527 naturalia
788 1466 859 1526 mala
883 1478 980 1542 essent,

232 1563 343 1628 libertas
360 1583 412 1622 non
425 1574 492 1620 essct
505 1584 512 1616 z
524 1581 584 1638 qnae
598 1558 671 1617 enim
684 1579 719 1617 ex
739 1571 834 1616 natura
846 1572 872 1618 et
887 1579 981 1617 neces-

235 1656 315 1716 sitate
327 1657 406 1729 fiunt,
428 1666 533 1711 mutare
546 1672 598 1710 uon
612 1671 767 1731 possumus.
784 1650 869 1727 Atqui
893 1663 982 1709 muta·

1029 914 1108 975 Θεύν.
1123 916 1175 976 Καὶ
1184 917 1211 976 τί
1225 920 1263 983 δεῖ
1273 918 1358 997 λέγειν
1368 918 1402 978 τδ
1414 919 1555 993 καθολικά,
1563 919 1642 979 πόσοι
1650 917 1738 986 νόσοις
1748 942 1801 979 πε-

1032 1005 1168 1089 ριέπεσονς
1182 1009 1260 1070 πόσοι
1269 1010 1459 1090 ἐπηγγείλαντο
1472 1011 1630 1077 ἀναστάντες
1637 1010 1740 1081 πολλὴν
1753 1010 1802 1082 πλν

1031 1097 1181 1175 μεταύολὴν
1190 1101 1371 1182 ἐργάσασθαι,
1383 1102 1428 1161 καλ
1442 1100 1522 1162 πόλιν
1535 1106 1559 1162 οἱ
1574 1101 1649 1161 αύτολ
1661 1101 1802 1180 γεγόνασι,

1032 1191 1058 1248 Τ
1059 1195 1119 1250 οῦτο
1136 1191 1253 1270 μάλιστα
1267 1192 1396 1252 δείκνυσιν
1420 1200 1486 1273 ἡμῖν
1500 1193 1549 1266 τὴν
1571 1192 1742 1274 προαίρεσεν,
1757 1193 1803 1252 καὶ

1031 1281 1080 1354 τὴν
1094 1284 1241 1364 ἐλευθερίαν
1254 1289 1302 1356 τῆς
1315 1285 1445 1368 ἡμετέρας
1461 1284 1576 1364 φύσεως,
1589 1290 1606 1357 ἦ
1624 1286 1707 1365 ἀθρόα
1723 1307 1804 1363 μετα-

1032 1374 1108 1447 dolel.
1123 1377 1157 1435 El
1167 1376 1218 1456 γδρ
1229 1376 1326 1457 φυσικὰ
1336 1370 1410 1450 ἦντά
1418 1377 1501 1452 κακὰ,
1511 1381 1565 1436 οὐδ’
1577 1377 1607 1436 ἀν
1619 1376 1687 1449 αῦτη
1699 1375 1803 1456 γέγονε·

1033 1471 1086 1526 τῶν
1099 1464 1150 1549 γδρ
1164 1468 1234 1527 κατδ
1245 1469 1320 1549 φύσιν
1341 1471 1386 1529 καὶ
1401 1469 1518 1548 ἀνάγκην
1538 1472 1568 1530 οὐ
1582 1469 1715 1546 δυναίμεθα
1730 1467 1804 1547 μεθί-

1033 1563 1155 1619 στασθαι.
1171 1561 1223 1620 Καί
1240 1561 1293 1640 μὴν
1312 1561 1507 1640 μεθισταίμεθα,
1519 1560 1593 1642 φησί.
1608 1561 1654 1641 ΟὐΙ
1670 1559 1804 1639 βλέπομεν

1033 1649 1085 1734 γσίρ
1095 1675 1169 1721 τινας
1182 1653 1257 1733 φύσει
1268 1653 1316 1732 μὲν
1333 1653 1443 1734 ἔχοντας
1463 1653 1579 1732 βλέπειν,
1590 1653 1643 1712 ὑπὸ
1661 1657 1709 1712 τοῦ
1721 1651 1804 1731 ploos

234 1768 304 1822 mur,
317 1744 433 1824 inquies.
452 1746 549 1801 Annon
565 1741 690 1800 videmus
704 1740 841 1799 interdum
855 1761 910 1815 eos,
932 1741 1015 1820 quic
1035 1743 1062 1803 δὲ
1072 1745 1276 1825 τυφλουμένους,
1293 1745 1404 1818 Ἐπειδὴ
1424 1745 1558 1805 καὶτοῦτο
1571 1742 1673 1824 φύσεώς
1684 1746 1743 1803 ἐστι
1760 1766 1804 1802 συ-

233 1860 249 1897 a
263 1851 360 1898 natura
371 1835 472 1895 habent
485 1849 515 1894 ut
525 1832 645 1910 videant,
662 1853 717 1913 prae
726 1847 799 1891 metu
810 1833 980 1892 excaecatos?

234 1932 374 2008 Quoniam
399 1930 467 1990 illud
489 1944 592 1989 natura·
612 1941 660 2004 est,
683 1942 714 1987 ut
727 1927 898 2009 reprimatur,
918 1948 981 1987 cum

233 2038 329 2085 natura
354 2024 437 2082 altera
464 2021 573 2081 advenit
598 2044 604 2078 :
628 2021 665 2079 ita
683 2019 831 2080 secundum
857 2033 982 2080 naturam

233 2134 353 2178 nostram
368 2129 418 2190 est,
434 2129 464 2186 ut
478 2114 612 2195 perterriti
639 2133 692 2172 non
710 2111 861 2172 videamus.
877 2113 982 2171 Secun-

233 2211 303 2270 dum
326 2223 449 2268 naturam
467 2210 531 2266 item
554 2219 617 2282 est,
647 2218 678 2264 ut
698 2206 800 2285 majore
826 2203 984 2264 adveniente

196 2360 203 2367 ,
234 2315 318 2378 metu,
334 2300 401 2358 alter
416 2311 503 2357 metus
526 2296 641 2356 recedat.
660 2294 735 2368 Quid
747 2295 843 2375 igitur,
865 2294 981 2372 inquies,

234 2395 257 2454 si
279 2392 452 2475 temperantia
468 2391 615 2451 secundum
639 2403 763 2448 naturam
778 2388 833 2464 sit,
849 2401 874 2446 et
895 2401 983 2445 metus

234 2487 398 2549 invalescens
412 2485 488 2543 illam
498 2484 606 2565 ejiciat?
625 2481 701 2554 Quid
714 2481 811 2560 igitur,
827 2480 848 2538 si
862 2479 984 2539 osteude-

1034 1835 1203 1909 στέλλεσθαι,
1219 1836 1281 1896 ὅταν
1292 1838 1373 1918 ,φύσις
1387 1837 1465 1917 ἑτέρα
1481 1837 1627 1916 προσελθῃ·
1644 1834 1715 1895 ὥστε
1735 1833 1805 1894 κατδ

1034 1926 1110 2008 φύσιν
1130 1934 1195 2008 ἡμῖν
1211 1929 1266 1989 teet
1291 1930 1321 1989 τδ
1336 1929 1529 2012 πεφοβημένοις
1544 1928 1581 2008 μὴ
1597 1926 1713 2007 βλέπειν,
1736 1926 1803 1986 nael

1034 2019 1149 2100 φύσινδδ
1167 2021 1213 2081 καὶ
1229 2021 1274 2096 εδ,
1287 2023 1402 2100 μείζονος
1415 2021 1629 2102 παραγενομένου
1646 2019 1746 2100 φόύαο,
1760 2019 1804 2079 τδν

1034 2110 1122 2193 ἕτερον
1142 2111 1338 2181 ὑπεξίστασθαι.
1354 2113 1390 2174 Τί
1406 2106 1460 2187 ούν,
1482 2114 1513 2171 ἀν
1531 2113 1575 2172 καί
1596 2117 1613 2184 ἡ
1633 2112 1803 2193 σωφροσύνη,

1035 2204 1115 2283 φησὶ,
1129 2204 1198 2264 κατὰ
1217 2205 1264 2283 μὲν
1280 2207 1357 2287 φύσιν
1371 2197 1403 2285 ᾗ,
1421 2205 1477 2266 δδέ
1491 2207 1570 2286 φόύος
1587 2205 1724 2286 κρατήσας
1740 2203 1804 2263 ταύ-

1034 2319 1083 2366 την
1093 2296 1211 2377 έκόοίλῃ,
1227 2298 1263 2357 Τί
1274 2291 1328 2372 σύν,
1341 2297 1371 2356 ἀν
1383 2297 1459 2366 δείξω
1470 2299 1543 2365 τινδς
1553 2296 1621 2376 μηδέ
1631 2298 1692 2356 τότε
1704 2319 1805 2378 suppo

1035 2389 1198 2465 νιζομένοος,
1208 2389 1331 2455 ἀλλὰκαὶ
1342 2393 1367 2450 έν
1380 2390 1480 2456 τούτοις
1490 2399 1544 2458 τοῖς
1558 2388 1647 2470 φόβοις
1662 2389 1739 2455 ὄντας
1750 2392 1805 2447 ἰτα-

1036 2479 1112 2556 μούς;
1139 2483 1186 2540 ὀὐ
1210 2481 1317 2561 φυσικδν
1337 2482 1414 2541 τοῦτό
1431 2484 1511 2541 ἐστιν.
1535 2479 1614 2541 Εἴπω
1634 2479 1669 2539 τά
1688 2480 1804 2553 παλαιά;

234 2600 275 2657 ro,
289 2600 322 2638 ne
331 2577 441 2657 quidem
454 2592 518 2636 tunc
527 2574 659 2655 quosdam
674 2595 730 2633 esse
741 2585 925 2653 temperantes,
938 2570 985 2631 sed
1035 2571 1105 2632 ἀλλδι
1115 2572 1149 2632 τὰ
1162 2571 1221 2647 νέα;
1233 2572 1317 2636 Πόσοι
1336 2573 1367 2646 δὴ
1381 2576 1408 2632 ἐν
1423 2574 1510 2640 αὐτοῖς
1527 2573 1634 2638 ἐκείνοις
1651 2582 1705 2638 τοῖς
1717 2573 1806 2650 φόῦοις

234 2673 263 2732 in
279 2686 352 2731 metu
373 2671 454 2729 etiarn
475 2670 624 2750 petulantes
635 2666 712 2727 esse?
727 2665 779 2724 hoc
794 2663 917 2723 naturale
928 2683 981 2722 non
999 2682 1019 2728 n
1034 2663 1207 2743 ἐναπίμειναν
1219 2668 1359 2745 γελῶντες,
1376 2667 1559 2746 χλευάζοντες,
1568 2665 1614 2724 καὶ
1624 2665 1699 2726 οὐδὲν
1710 2664 1806 2724 ἔπαθον

235 2777 283 2822 σοι.
303 2766 347 2822 An
368 2776 458 2823 vetera
482 2760 595 2819 diram?
611 2780 646 2818 an
670 2757 761 2818 nova?
775 2757 848 2829 Quot
870 2755 897 2813 in
925 2755 984 2836 ipso
1034 2764 1164 2832 τοιοῦτον,
1178 2758 1248 2818 Etru
1277 2783 1337 2837 μοι,
1366 2764 1381 2818 δ
1408 2758 1517 2840 Φαραὼ
1541 2761 1589 2818 οὐκ
1615 2758 1711 2825 εὐθέως
1729 2757 1805 2835 μεθί-

235 2854 333 2914 timore
356 2868 512 2914 manserunt
536 2851 664 2927 ridentes,
693 2864 718 2909 et
738 2848 807 2909 nihil
835 2849 889 2908 tale
910 2847 985 2930 passi
1035 2873 1130 2927 στατο,
1144 2851 1189 2909 καὶ
1203 2851 1247 2910 ἐπὶ
1264 2852 1311 2925 πλν
1327 2851 1457 2933 προτέραν
1472 2851 1569 2911 κακίαν
1591 2849 1736 2931 ἀνέτρεχε;
1749 2850 1806 2908 Ἐν-

236 2961 299 3006 ειιοι
311 2948 326 3006 ί)
339 2946 403 3025 Dic,
420 2964 521 3024 quaeso,
534 2943 641 3003 Pharao
659 2961 747 3000 nonne
762 2940 853 2999 statim
866 2953 985 2999 mutatus
1036 2945 1120 3000 ταῦθα
1133 2940 1177 3016 δὲ,
1199 2941 1242 3002 ἐπὶ
1263 2948 1316 3002 τῶν
1330 2943 1363 3002 ed
1381 2944 1505 3023 δαιμόνια
1525 2943 1648 3022 ἐχόντων,
1660 2942 1749 3002 καίτοι
1761 2943 1807 3001 οὐκ

236 3055 287 3119 est,
303 3041 377 3102 etad
392 3039 534 3120 pristinam
544 3035 657 3096 recurrit
669 3033 840 3112 nequitiam?
863 3033 921 3092 Hoc
932 3055 984 3092 au·
1036 3033 1197 3114 ἀγνοούντων
1211 3037 1306 3109 αύτιῦν,
1320 3035 1508 3119 προσετίθεσαν
1529 3038 1621 3102 ἁπλῶς
1635 3039 1659 3095 ol
1674 3034 1806 3114 λέγοντες,

183 3132 188 3140 ’
235 3146 291 3191 tem
300 3130 549 3205 loeodaemoniacis,
558 3127 685 3207 quamvis
693 3126 744 3207 ipsi
757 3146 810 3184 non
820 3124 984 3203 ignorarent,
1036 3126 1092 3188 Τδν
1103 3127 1206 3201 Ἰησοῦν
1219 3128 1355 3208 δρκίζομεν
1367 3133 1436 3207 ὑμᾶς
1443 3176 1451 3204 ,
1461 3130 1489 3189 δν
1500 3131 1608 3197 Παῦλος
1618 3127 1760 3209 κηρύσσει·
1774 3129 1806 3186 δι’

237 3227 368 3289 dixerunt
390 3225 548 3306 simpliciter
566 3246 573 3279 ι
596 3226 656 3282 Per
681 3223 786 3282 Jesum
812 3221 986 3300 adjuramus
1037 3212 1074 3280 dtr
1087 3220 1140 3300 γδρ
1158 3223 1362 3298 ἀπολογοῦνται,
1375 3221 1522 3294 δείκνυται,
1539 3220 1581 3281 δτι
1594 3222 1677 3281 ἴσασι.
1690 3218 1808 3292 ΤὸνἸη·

237 3341 302 3392 uos,
319 3339 404 3401 quem
418 3319 560 3398 praedicat
575 3316 691 3374 Paulus
703 3338 712 3370 .·
724 3334 773 3394 per
786 3333 817 3370 ea
830 3310 911 3380 enirn,
927 3331 987 3388 quae
1038 3318 1099 3375 σοῦν
1113 3313 1141 3373 δὲ
1161 3314 1282 3393 λέγουσιν
1296 3317 1390 3375 ἐκεῖνοι
1408 3316 1512 3389 ἁπλῶς,
1525 3315 1580 3376 δέον
1601 3317 1683 3375 εἰπεῖν
1700 3314 1745 3373 τδν
1761 3317 1808 3385 τῆς

236 3410 408 3492 respondent,
424 3410 497 3490 ipsos
510 3408 578 3468 scire
593 3407 733 3488 probatur.
753 3407 848 3466 lesum
865 3424 929 3463 tero
939 3402 987 3460 di·
1039 3407 1193 3485 οἰκουμένης
1203 3409 1334 3490 Σωτῆρα,
1350 3407 1394 3467 τὸν
1406 3407 1568 3467 ἀναστάντα·
1584 3409 1642 3466 ἀλλ’
1657 3406 1705 3466 οὐχ
1717 3405 1808 3476 ἤθελον

236 3517 301 3562 cunt
312 3503 356 3561 illi
370 3502 542 3582 simpliciter,
555 3522 617 3560 cnm
628 3497 790 3580 oportuisset
800 3496 909 3572 dicere,
923 3495 988 3554 ser-
1039 3503 1203 3579 ὁμολογῆσαι
1215 3500 1264 3573 τὴν
1275 3500 1351 3568 δόξαν
1365 3504 1454 3560 αὐτοῦ.
1469 3500 1517 3559 Διὸ
1529 3503 1575 3558 καὶ
1593 3497 1697 3579 ἐλέγχει
1718 3496 1809 3562 αὐτούς

236 3609 359 3655 vaterem
368 3593 478 3669 mundi,
490 3592 535 3669 qui
546 3590 692 3650 resurrexit
705 3614 711 3647 :
723 3588 919 3648 sednoluerunt
929 3608 988 3646 con·
1039 3596 1054 3650 δ
1068 3591 1169 3669 δαίμων
1186 3592 1353 3664 ἐπιπηδήσας
1373 3595 1461 3658 αὐτοῖς
1467 3638 1475 3667 ,
1490 3591 1536 3650 καὶ
1556 3590 1654 3651 εἷπύν·
1673 3590 1729 3651 Τὸν
1753 3590 1809 3664 Ἰη-

236 3688 306 3748 fiteri
322 3687 437 3767 gloriam
459 3686 526 3766 ejus.
545 3684 610 3743 ldeo
632 3682 771 3762 redarguit
786 3681 848 3740 illos
869 3680 985 3756 daemon,
1002 3690 1022 3736 B
1040 3691 1100 3744 σοῦν
1115 3682 1255 3762 γινώσκω,
1268 3684 1312 3744 καὶ
1325 3685 1369 3745 τδν
1381 3687 1487 3744 Παῦλον
1499 3685 1654 3763 ἐπίσταμαι.
1669 3684 1745 3745 Ὡσελ
1758 3683 1812 3744 ἔλε·

1040 3799 1100 3854 γεν·
1123 3781 1198 3854 ῦμεῐς
1217 3778 1246 3836 οὗ
1271 3776 1424 3851 πιστεύετε,
1451 3769 1508 3835 ἀλλ’
1535 3777 1750 3857 ἀποκεχρημένοι
1772 3781 1809 3857 τῷ

1040 3866 1149 3944 ὀνόματι
1163 3869 1248 3928 ταῦτοί
1262 3892 1337 3948 φατε.
1353 3872 1456 3927 Οὐκοῦν
1470 3868 1566 3951 ἔρημος
1580 3873 1594 3927 ὁ
1610 3869 1687 3943 ναὸς,
1700 3873 1810 3928 etaeru-

1041 3957 1166 4037 γύννιστον
1176 3959 1207 4019 τὸ
1215 3966 1306 4026 σκεῦος
1314 3983 1320 3996 ·
1328 3959 1397 4018 ὥστε
1407 3963 1452 4019 οὐκ
1462 3959 1520 4019 ἐστὲ
1530 3960 1657 4038 κήρυκες,
1668 3961 1730 4020 ἀλλ’
1739 3959 1810 4039 ἐμοὶ,

235 3783 357 3841 insiliens
370 3781 399 3840 in
413 3801 457 3839 eos
472 3779 618 3856 dicensque
631 3801 637 3834 z
648 3779 750 3836 Jesum
763 3779 832 3834 novi
841 3820 850 3847 ,
863 3788 891 3833 et
905 3777 986 3832 Pau·

237 3877 298 3934 lum
309 3879 393 3943 scio;
420 3871 488 3930 acsi
505 3870 616 3942 diceret,
631 3871 688 3930 Vos
708 3890 761 3928 non
785 3866 915 3942 creditis,
940 3864 988 3924 sed

235 3966 284 4026 illo
300 3966 439 4025 abutentes
453 3959 622 4022 nominehoc
635 3959 735 4018 dicitis.
747 3960 836 4039 Igitur
847 3958 983 4016 desertum

236 4058 368 4140 templum
378 4071 429 4133 est,
445 4061 601 4137 expugnatu
612 4053 701 4111 facilia
712 4073 807 4111 arma:
822 4052 916 4130 itaque
930 4071 987 4110 non

235 4151 299 4208 estis
313 4172 458 4230 praeconcS,
474 4147 572 4225 inquit,
589 4145 633 4204 sed
646 4145 698 4205 mei
715 4144 788 4203 estis.
803 4147 923 4222 Magnus
944 4143 988 4201 su-

237 4263 281 4300 ror
291 4242 431 4300 daemonis.
447 4240 599 4299 Potuissent
612 4238 670 4296 haec
684 4236 800 4319 apostoli
820 4236 924 4311 facere3
941 4234 988 4294 sed

236 4333 345 4392 interim
359 4354 411 4390 nou
435 4331 660 4390 faciebantNam
672 4330 720 4409 qui
736 4328 906 4410 imperabant
922 4326 987 4397 illis,

236 4423 285 4503 qui
298 4423 362 4482 talia
378 4423 404 4480 in
416 4423 489 4502 ipsos
503 4420 694 4502 operabantur,
716 4421 802 4479 multo
817 4420 904 4498 magis
920 4419 987 4500 ipsis

1040 4049 1130 4129 φησίν,
1146 4050 1213 4110 έστέ.
1228 4050 1315 4118 Πολὺς
1332 4053 1439 4130 δθυμδς
1457 4057 1502 4111 τοῦ
1518 4052 1649 4130 δαίμονος.
1666 4050 1812 4111 ’Πδύναντο

1041 4151 1124 4204 ταῦτα
1149 4146 1242 4214 αὐτούς
1265 4147 1425 4227 ἐργάσασθαι
1450 4153 1475 4207 οί
1499 4149 1654 4222 ἀπόστολοι,
1682 4149 1741 4226 ἀλλ’
1765 4151 1811 4206 οὐκ

1041 4238 1146 4297 ἐποίουν
1157 4237 1232 4305 τέως.
1247 4242 1283 4298 Οἱ
1298 4239 1350 4321 γάρ
1364 4246 1417 4300 τῶν
1429 4240 1610 4321 ἐργαζομένων
1624 4239 1717 4307 αὐτούς
1728 4245 1811 4298 ταῦτα

1041 4336 1213 4412 κρατοῦντες,
1228 4333 1319 4413 πολλῷ
1344 4333 1445 4410 μᾶλλον
1468 4335 1562 4392 αὐτῶν.
1578 4331 1652 4412 ‘Ope
1672 4336 1731 4399 πῶς
1760 4331 1811 4390 δεί-

1040 4446 1133 4481 κνυται
1156 4426 1241 4482 αὐτῶν
1267 4428 1283 4495 ἡ
1302 4424 1429 4483 ἐπιείκεια
1436 4469 1444 4497 ,
1463 4422 1504 4482 δτι
1527 4428 1551 4482 οἱ
1560 4423 1619 4504 Ιμέν
1643 4423 1812 4501 ἐλαυνόμενοι

237 4517 421 4596 imperassent.
441 4513 515 4572 Vide
525 4513 662 4590 quomodo
676 4513 787 4571 illorum
808 4511 985 4571 mansuetudo
991 4561 1030 4600 Μ,
1040 4521 1149 4575 τοιαῦτα
1160 4521 1289 4589 ποιοῦσιν,
1301 4521 1325 4575 οί
1336 4515 1363 4576 δὲ
1375 4516 1577 4596 θεραπευόμενοι
1588 4515 1711 4593 δαίμονες
1719 4519 1812 4574 τάναν-

237 4620 415 4679 monstratur,
428 4603 502 4682 quod
522 4604 574 4680 illi,
590 4604 638 4682 qui
652 4603 832 4684 pellebantur,
859 4603 923 4661 talia
945 4604 985 4662 fa·
1003 4615 1023 4661 A
1040 4608 1093 4669 ele.
1114 4608 1168 4668 Τδν
1185 4608 1296 4682 Ἰησοῦν,
1325 4609 1405 4689 φησὶ,
1422 4608 1553 4687 γινώσκω,
1577 4612 1681 4668 Οὐκοῦν
1706 4609 1813 4690 ,aqna

238 4699 362 4775 cieban13
393 4698 528 4756 daemones
558 4717 645 4772 vero,
678 4695 778 4773 quibus
815 4695 985 4772 serviebant,
1041 4705 1102 4773 θητε
1113 4705 1138 4761 οἱ
1153 4707 1303 4778 ἀγνοοῦντες
1316 4705 1399 4778 ὑμεῖς.
1414 4701 1468 4760 Καὶ
1482 4702 1526 4760 τὸν
1540 4704 1646 4762 Παῦλον
1656 4700 1811 4778 ἐπίσταμαι.

238 4793 383 4852 contraria.
400 4793 513 4865 Jesum,
537 4788 634 4867 inquit,
652 4792 728 4846 novi.
751 4788 824 4868 Ergo
837 4788 986 4848 erubescite
1042 4795 1137 4860 Καλῶς
1151 4792 1196 4851 καλ
1209 4798 1299 4852 τοῦτο·
1313 4793 1372 4869 ᾔδει
1390 4792 1441 4874 γδρ
1458 4795 1528 4853 Θεοῦ
1539 4793 1602 4852 ὄντα
1615 4793 1730 4876 κήρυκα.
1745 4783 1812 4852 Εἶτα

238 4907 298 4962 vos,
322 4886 369 4964 qui
392 4884 472 4942 illum
487 4881 625 4962 ignoratis.
648 4883 688 4940 Et
714 4882 844 4939 Paulum
864 4885 933 4941 scio.
949 4882 985 4941 Et
1042 4885 1182 4965 ἓφάλλεται
1196 4885 1238 4943 ἐπ’
1250 4884 1356 4959 αὐτοὺς,
1379 4886 1423 4944 καὶ
1435 4885 1605 4967 διαρβήγνυσι
1617 4886 1651 4945 τὰ
1661 4885 1810 4963 [palera-81⁸

238 4979 288 5039 lroc
298 4980 379 5054 bene,
392 4990 503 5037 noverat
515 4974 587 5034 enirn
601 4974 651 5033 Dei
664 4996 719 5034 esse
732 4995 889 5055 praeconem.
904 4975 985 5033 Dein·
1040 4966 1076 5038 ὧν
1091 4975 1172 5035 ἐποίει
1190 4981 1290 5050 αὐτοῖς,
1306 4984 1381 5036 τοῦτο
1399 4976 1536 5056 μονονουχὶ
1552 4976 1655 5055 *λέγων
1666 4999 1672 5013 ·
1684 4975 1722 5054 μὴ
1735 4976 1810 5053 νομί-

272 5152 283 5176 ¹
303 5134 371 5183 Alius
383 5143 416 5199 μὴ
428 5145 524 5203 φυσικόν.
1049 5139 1125 5201 λέγων.
1139 5136 1226 5186 Caetcrl
1240 5135 1281 5187 hie
1294 5135 1437 5202 deficiunt]

271 5215 283 5238 ⁸
303 5211 392 5278 [Edit'r
414 5219 484 5280 tepet,
498 5210 566 5279 qnod
586 5214 737 5263 anctoritate
755 5213 785 5262 D.
806 5213 955 5262 mutavimus
975 5212 999 5261 in
