3728 5978
93 450 163 538 loa

92 600 221 660 rationem
243 600 332 680 ipsum
353 600 598 680 persequebantur;
621 612 647 659 et
668 596 740 676 quod
763 599 835 655 Deus

94 706 162 751 esset
187 691 321 762 Christus,
348 712 378 749 ea
405 714 465 770 quae
484 704 583 772 prater
610 688 836 769 exspectationem

93 796 167 841 eraut
184 781 381 862 prophetizans,
390 802 439 841 nee
451 803 481 840 ea
492 802 552 859 quae
564 795 628 839 tnnc
641 779 740 838 fiebant
751 778 835 858 respi-

92 872 174 944 ciens,
185 872 234 932 scd
243 872 331 931 lutura
343 872 504 952 praevidens.
512 870 655 943 Quomodo
666 868 833 948 igiturdicit,

93 965 201 1023 Coram
214 967 349 1043 gentibus
360 976 387 1023 et
401 967 515 1042 regibus
526 976 554 1021 et
561 964 640 1043 filiis
659 962 757 1019 Israel
767 981 835 1039 por-

92 1058 167 1114 tabit
181 1077 287 1114 nomen
297 1058 566 1125 meumPPortabit,
581 1052 678 1131 inquit,
693 1052 835 1112 necomni·

91 1165 127 1205 no
138 1145 308 1226 persuadebit
319 1170 325 1203 :
336 1145 456 1223 alioquin
468 1144 641 1205 etiamJudaei
652 1143 720 1201 alibi
729 1164 836 1222 persna-

91 1235 237 1314 debentur,
254 1237 300 1295 hic
316 1259 378 1296 vero
392 1236 512 1298 minime.
527 1238 595 1295 Cum
606 1235 766 1315 oportuisset
774 1256 833 1293 ma·

92 1328 167 1388 xime
180 1328 345 1409 persuaderi,
363 1327 484 1387 ridentes
501 1329 559 1408 ejus
579 1326 724 1408 pristinum
748 1328 835 1385 servo·

91 1440 158 1494 rem,
172 1431 237 1477 tunc
246 1439 298 1477 non
308 1418 547 1499 persuadebantur.
560 1421 601 1477 Et
615 1439 681 1477 aum
687 1419 834 1497 fundere-

426 472 455 518 S.
485 470 625 519 ioannis
651 466 831 516 CHRYSOST·
862 465 1017 515 leonine.
1046 463 1316 514 consnnn'rtnoe.

888 596 956 662 Θεὸς
966 587 998 667 ἦν
1012 600 1027 655 ό
1042 595 1156 677 Χριστός
1168 594 1203 655 sd
1217 593 1291 674 παρθι
1304 590 1465 672 προσδοκίαν
1479 591 1655 673 προφητείαν,

888 685 934 743 καί
948 687 1077 768 οθχόρῶν
1098 690 1135 753 εἰς
1158 685 1192 745 τὰ
1211 682 1356 763 γενόμενα,
1380 681 1452 742 ἀλλά
1474 681 1511 763 τά
1535 683 1657 762 μέλλοντα

887 777 1024 857 προειδώς.
1041 780 1105 845 Πῶς
1125 769 1169 837 οὖν
1184 776 1271 857 λε’γει,
1285 774 1417 835 'Eudami
1432 777 1516 834 ἐθνῶν
1531 774 1578 835 καί
1592 778 1658 853 βασι-

887 871 953 930 λέων
966 877 1030 931 υίῶν
1050 896 1080 931 τε
1102 871 1212 952 Ἰσραὴλ
1233 869 1361 950 βαστάσει
1375 868 1406 928 τὸ
1420 867 1507 946 όνομά
1533 891 1598 946 pam
1614 871 1659 927 Bu-

887 962 995 1036 στάοει,
1016 955 1098 1035 εἶπεν,
1112 967 1140 1023 οὗ
1155 963 1262 1028 πάντως
1276 960 1375 1019 πείσει·
1398 961 1488 1026 ἄλλως
1502 957 1531 1020 δέ
1547 959 1659 1018 Ἰουδαῖοι

887 1057 1004 1134 ἀλλαχοῦ
1019 1055 1066 1134 μὲν
1081 1054 1225 1128 ἐπείθοντο,
1239 1056 1350 1113 ἐνταῦθα
1369 1051 1398 1111 δὲ
1411 1051 1483 1133 οθχί.
1501 1049 1595 1112 Ὅπου
1610 1053 1658 1129 μά-

886 1147 965 1204 λιστα
977 1145 1029 1205 ἔδει
1038 1151 1191 1220 πεισθῆναι,
1199 1144 1300 1212 εἰδότας
1307 1146 1388 1203 αὐτοῦ
1399 1143 1448 1215 τὴν
1455 1143 1590 1225 προτέραν
1601 1165 1657 1223 προ

888 1237 993 1315 θυμίαν,
1008 1242 1120 1297 ἐνταῦθα
1134 1240 1181 1297 οὐκ
1194 1236 1336 1297 ἐπείθοντο.
1355 1233 1410 1295 Καί
1428 1234 1476 1295 ὅτε
1496 1234 1613 1315 ἐξεχεῖτο
1630 1235 1656 1294 τό

888 1321 956 1407 αἷμα
975 1330 1110 1410 Στεφάνου
1125 1335 1170 1390 τοῦ
1185 1328 1317 1410 μάρτυρός
1332 1350 1395 1399 σου,
1416 1326 1463 1385 καί
1491 1326 1571 1394 αθτδς
1595 1326 1659 1404 ἥμην

890 1419 1019 1500 ἐφεστὼς,
1038 1421 1083 1479 καί
1100 1422 1309 1499 συνευδοκῶντῇ
1331 1416 1470 1497 ἀναιρέσει
1489 1419 1582 1478 aaut.
1595 1417 1661 1498 Ὅρα

92 1524 141 1570 tar
149 1513 270 1590 sanguis
282 1510 423 1588 Stephani
438 1513 517 1568 testis
529 1513 583 1586 tui,
594 1529 646 1588 ego
667 1510 833 1579 aristolaum,
854 1520 872 1567 c
890 1516 940 1570 τοῦ
952 1511 1031 1571 πάλιν
1044 1512 1145 1590 ὁλόγος
1159 1514 1285 1591 τελευτᾷ,
1300 1512 1336 1577 εἷς
1349 1509 1380 1567 τὸ
1394 1509 1504 1589 ἰσχυρὸν
1515 1509 1660 1589 κεφαλαια.

92 1615 121 1661 et
134 1604 350 1660 consentiebam
362 1604 426 1659 neci
438 1605 510 1680 ejus,
522 1599 593 1661 Vide
602 1620 708 1657 rursum
719 1620 771 1676 quo
781 1619 836 1657 ser-

93 1714 138 1751 mo
151 1692 270 1769 desinat,
289 1712 385 1771 nempe
408 1691 435 1749 in
456 1689 579 1750 validum
600 1703 688 1769 caput.
703 1691 836 1748 Monstrat

93 1784 165 1844 enim
179 1783 252 1861 quod
273 1783 330 1862 ipse
343 1797 398 1840 erat
411 1783 459 1859 qui
473 1782 691 1862 persequebatur,
708 1801 756 1839 nec
777 1803 836 1861 pcr-

92 1876 252 1954 sequebatur
260 1875 352 1952 modo,
368 1875 450 1933 sedet
470 1874 542 1933 mille
556 1874 680 1933 manibus
699 1873 836 1933 occidebat

93 1967 269 2046 Stephanum.
285 1967 402 2025 Gravcm
413 1965 514 2025 eaedem
528 1964 582 2023 illis
591 1965 617 2023 in
630 1965 836 2024 memoriamre·

93 2071 179 2117 vocat.
194 2060 273 2116 Tunc
288 2079 351 2116 vero
368 2057 479 2116 minime
490 2056 620 2128 ferebant,
637 2057 700 2134 quia
721 2056 773 2115 hoc
795 2079 836 2115 rc-

93 2147 311 2228 dargttebatillos
321 2173 330 2225 ;
341 2150 429 2229 etjam
445 2148 586 2229 prophetia
600 2148 771 2228 implebatur.
787 2149 838 2207 Ze-

93 2242 137 2300 lus
149 2241 234 2321 igitur
246 2263 369 2322 magnus,
388 2255 414 2300 ct
425 2241 560 2301 accusatio
578 2241 721 2300 vehemens
731 2254 798 2313 erat,
811 2255 837 2300 et

92 2347 172 2394 testes
192 2335 312 2395 veritatis
327 2333 427 2392 Christi
441 2333 555 2392 fidenter
574 2333 760 2411 loquebantur.
783 2335 837 2395 Sed

889 1602 1084 1685 Δείκνυσιγάρ,
1096 1604 1139 1665 ότι
1149 1605 1226 1672 αὐτὸς
1239 1595 1271 1674 ἦν
1285 1600 1439 1670 δέλαόνων,
1454 1600 1522 1660 1’καί
1531 1605 1580 1662 οὐκ
1591 1605 1660 1662 ἐλαί-

888 1719 939 1754 νων
951 1695 1039 1773 μόνον,
1053 1695 1121 1755 ἀλλὰ
1136 1696 1181 1755 καὶ
1190 1693 1296 1775 μυρίαις
1308 1692 1399 1774 χερσίν
1416 1696 1535 1774 ἀναιρῶν
1546 1693 1590 1752 τὀν
1603 1693 1662 1752 Eet-

889 1809 978 1866 ρανον.
989 1787 1157 1864 ’λ’πέμνηαεν
1178 1785 1271 1853 αὐτοὺς
1286 1783 1438 1865 μιαιφονίας
1452 1787 1586 1864 χαλεπῆς.
1599 1786 1662 1843 Τότε

890 1878 922 1949 δὴ
943 1878 1059 1955 μάλιστα
1073 1882 1120 1936 οὐκ
1142 1878 1265 1957 ἤνεγκαν,
1286 1875 1377 1947 ἐπειδὴ
1394 1883 1474 1936 τοῦτο
1488 1876 1605 1956 ἤλεγχεν
1618 1881 1662 1937 αθ-

889 1970 962 2036 τοός·
977 1969 1023 2029 καί
1034 1971 1085 2042 ἤδη
1100 1974 1117 2041 ἡ
1134 1968 1282 2050 προρητεία
1296 1970 1452 2048 ἐπληροῦτο.
1466 1967 1502 2028 Ὀ
1517 1970 1596 2038 ζῆλος
1608 1971 1662 2029 τοί-

888 2084 933 2118 νυν
944 2061 1042 2134 πολθς,
1057 2061 1103 2119 καί
1116 2065 1133 2132 ἡ
1149 2060 1295 2141 κατηγορία
1309 2059 1427 2142 προδρδι,
1439 2059 1485 2119 καί
1497 2063 1524 2119 ol
1537 2058 1661 2141 μάρτυρες

888 2156 937 2223 τῆς
957 2153 1080 2226 ἀληθείας
1105 2160 1151 2212 τοῦ
1174 2154 1290 2231 Χριστοῦ
1313 2151 1451 2231 παρρησίᾳ
1475 2151 1663 2229 διαλεγόμενοι.

891 2243 962 2305 Ἀλλ’
969 2247 993 2305 οἱ
1005 2245 1127 2304 Ἰουδαῖοι
1138 2247 1185 2303 οὐκ
1195 2244 1338 2323 ἠνέσχοντο
1347 2243 1440 2302 λοιπὸν
1450 2241 1542 2313 πάσης
1548 2245 1661 2327 οάιιοῶσιιι

890 2339 938 2407 τῆς
952 2337 1133 2416 δημηγορίας,
1146 2338 1204 2394 ἀλλ’
1220 2334 1270 2393 ὑπὸ
1280 2341 1325 2395 τοῦ
1340 2341 1422 2413 θυμοῦ
1436 2333 1539 2416 σφόδρα
1549 2336 1664 2416 οἔμπρα-

92 2427 182 2489 Judaei
194 2448 247 2486 uon
261 2427 382 2490 tulerunt
393 2425 519 2505 deinceps
530 2439 613 2483 totam
625 2425 721 2484 audire
731 2425 837 2485 concio·
855 2429 876 2477 1)
891 2428 994 2496 σθέντες
1016 2427 1109 2487 ttius
1124 2427 1178 2487 Καὶ
1194 2418 1252 2486 εἶπε
1265 2425 1331 2508 πρός
1347 2448 1397 2503 μι,
1412 2425 1527 2505 πορεύου
1531 2476 1544 2513 ,
1562 2425 1603 2485 δτι
1617 2426 1664 2505 ἐγὼ

92 2538 164 2593 nem,
174 2539 206 2576 ac
215 2516 598 2577 suroresuccensiolarnabant.
611 2519 643 2575 hl
652 2519 707 2576 ‚Et
714 2518 789 2575 dixit
799 2518 840 2575 ad

93 2631 158 2669 me:
176 2610 267 2680 Vade,
285 2612 355 2690 quia
369 2628 421 2687 ego
440 2608 481 2665 ad
493 2619 593 2686 gentes
604 2608 709 2686 procul
724 2611 839 2665 mittam

94 2706 188 2762 ταθθ.
203 2701 377 2760 Audiebant
389 2714 487 2759 autem
505 2720 571 2758 eum
583 2718 674 2779 usque
697 2702 739 2758 ad
761 2701 839 2758 hunc

94 2813 264 2866 sermonem,
275 2804 303 2850 et
313 2793 482 2850 levaverunt
493 2811 594 2849 vocem
605 2811 689 2849 suam
700 2793 838 2849 dieentes:

99 2886 183 2944 Tolle
203 2887 239 2944 de
257 2897 336 2943 terra
351 2885 519 2964 hujusmodi
535 2906 543 2938 .·
561 2903 620 2941 non
644 2885 784 2962 enimsas
798 2896 841 2941 est

96 2999 163 3036 eum
185 2981 293 3036 vivere.
309 2978 357 3035 95.
376 2977 581 3034 Clamantibas
602 2975 795 3051 autemillis,
813 2986 840 3033 et

93 3071 314 3148 projicientibus
323 3070 500 3125 vestimenta
515 3087 579 3137 saa,
597 3080 624 3124 et
632 3067 779 3144 pulverem
786 3069 840 3145 ja-

94 3163 244 3220 ctantibus
256 3165 287 3218 in
303 3180 410 3229 amem,
425 3160 473 3217 θί.
484 3161 572 3237 jussit
586 3161 719 3217 tribunus
741 3158 842 3214 induci

96 3275 162 3314 eum
171 3257 202 3311 in
210 3264 318 3319 castra,
326 3263 353 3308 et
350 3249 488 3334 flagellis
498 3250 581 3318 cadi,
594 3261 620 3306 et
629 3252 756 3329 torqueri
763 3269 839 3320 eam,

19 3371 22 3377 ’
98 3358 132 3405 at
141 3349 227 3404 sciret
237 3356 355 3423 propter
364 3361 582 3422 quamcausam
591 3344 744 3399 siaeontra
758 3341 843 3398 illum

891 2523 929 2588 είς
941 2518 1001 2592 ἔθνη
1017 2519 1122 2598 μακράν
1138 2521 1276 2578 ἀποστελῶ
1286 2542 1325 2577 σε.
1336 2517 1451 2577 Ἤκουον
1468 2518 1496 2578 δὲ
1512 2520 1593 2579 absos*
1606 2519 1664 2597 άχρι

891 2616 937 2671 τοῦ
956 2610 1034 2690 λόγον
1048 2609 1155 2683 τούτου,
1168 2609 1214 2668 καί
1228 2613 1328 2688 ἐπῆραν
1341 2608 1391 2682 τὴν
1404 2607 1495 2689 ρωνὴν
1509 2614 1608 2680 αὐτῶν,
1625 2610 1664 2667 λε’·

891 2726 996 2783 γοντες·
1009 2693 1067 2781 αἶρε
1082 2702 1135 2762 ἀπὸ
1148 2707 1197 2773 τῆς
1210 2705 1258 2781 γῆς
1271 2701 1315 2762 τὸν
1329 2705 1463 2760 τοιοῦτον·
1477 2706 1509 2761 οὗ
1521 2700 1574 2781 γάρ
1588 2706 1664 2771 καθῆ-

891 2818 936 2853 κεν
951 2794 1026 2854 αὐτὸν
1041 2797 1096 2872 ζῇν.
1117 2792 1273 2872 Κραζόντων
1288 2792 1316 2850 δὲ
1330 2795 1417 2851 αὐτῶν
1438 2791 1485 2851 καί
1507 2792 1664 2873 ῥιπτούντων

891 2886 926 2945 τδι
941 2884 1049 2962 ἱμάτια,
1073 2884 1118 2943 καὶ
1132 2884 1264 2964 κονιορτὸν
1280 2883 1430 2963 βαλλόντων
1458 2887 1496 2952 είς
1518 2884 1564 2944 τὸν
1589 2885 1665 2964 ἀέρα,

893 2976 1027 3038 ἐκέλευσεν
1046 2975 1213 3056 ὃχιλίαρχος
1235 2975 1387 3057 εἰσάγεσθαι
1400 2976 1479 3035 αὐτὸν
1495 2979 1533 3044 είς
1551 2976 1601 3049 τὴν
1619 3001 1665 3035 πα·

895 3064 1036 3145 ρεμόολὴν,
1058 3064 1138 3124 εἰπὼν
1163 3063 1285 3142 μάστιξιν
1313 3065 1486 3133 ἀνετάζεσθαι
1513 3066 1604 3137 αθτδν,
1628 3065 1666 3123 ἵνα

893 3161 964 3236 γνῷ,
979 3157 1012 3215 δι’
1024 3157 1056 3228 ἣν
1068 3155 1154 3214 αἰτίαν
1168 3154 1236 3215 οὕτω
1250 3154 1384 3214 κατιόόων
1400 3159 1489 3216 αὐτοῦ.
1504 3157 1558 3216 Καὶ
1567 3158 1613 3217 τὸν
1626 3181 1666 3236 χι-

894 3248 1003 3330 λίαρχον
1025 3248 1082 3308 δέον
1107 3248 1246 3321 ἐξετάσαι,
1268 3251 1291 3307 εί
1314 3254 1399 3308 ταῦτα
1413 3248 1496 3316 οὕτως
1511 3249 1584 3330 ἔχοι,
1597 3249 1614 3320 ἢ
1627 3250 1667 3308 καὶ

894 3340 988 3407 αὐτοὺς
999 3340 1126 3406 ἐκείνους·
1142 3344 1156 3398 ὁ
1171 3339 1198 3397 δὲ
1212 3338 1294 3416 μηδὲν
1306 3338 1384 3398 πλέον
1399 3341 1532 3413 ποιήσας,
1551 3341 1666 3417 μάστιξιν

98 3438 273 3496 clamarent.
290 3435 360 3493 Cum
373 3434 532 3514 oportuisset
546 3446 575 3491 ut
589 3432 715 3491 tribunus
737 3433 841 3491 exami-
860 3442 878 3487 E
895 3433 1026 3502 ἀνετάζειν
1046 3433 1121 3490 αὐτὸν
1143 3431 1341 3510 ἐπαγγέλλεται.
1351 3431 1492 3492 Ἔκέλευσι
1515 3432 1569 3513 γὰρ
1585 3434 1665 3498 αὐτὸν,

97 3542 183 3600 naret,
195 3549 228 3586 an
241 3550 282 3586 res
297 3547 325 3586 se
335 3526 371 3584 ita
382 3526 500 3597 baberet,
518 3523 630 3603 illosque
642 3524 714 3604 ipsos
730 3524 842 3583 interro-

97 3635 174 3701 garet
185 3645 191 3678 ι
202 3620 224 3679 is
238 3620 308 3679 nihil
328 3619 426 3677 horum
439 3617 548 3689 faciens,
561 3617 639 3697 jubet
654 3617 732 3675 illum
751 3616 843 3696 flagel-

97 3713 133 3772 lis
147 3711 223 3772 caedi.
238 3714 343 3782 Iussit,
363 3711 461 3788 iuquit,
486 3709 571 3767 illam
585 3709 685 3766 induci
698 3712 730 3764 in
744 3722 844 3766 eastra

96 3819 127 3864 et
127 3805 263 3888 flagellis
276 3804 360 3874 cadi,
377 3814 409 3860 ut
422 3804 507 3860 sciret
530 3813 647 3880 propter
667 3821 755 3880 qream
768 3821 842 3863 catt-

97 3920 163 3959 sam
180 3901 223 3956 sie
239 3909 344 3955 contra
355 3896 441 3953 illam
457 3895 629 3952 clamarent.
644 3893 726 3971 Atqui
742 3894 843 3952 abillis

895 3524 984 3606 φησίν,
999 3524 1149 3601 εἰσάγεσθαι
1162 3525 1199 3588 είς
1212 3520 1259 3592 τὴν
1274 3521 1456 3600 παρεμόολὴν,
1475 3523 1560 3582 εἰπὼν
1576 3523 1667 3600 μάστι-

895 3613 933 3683 ξιν
946 3615 1115 3684 ἀνετάζεσθαι
1131 3613 1218 3685 αὐτὸν,
1229 3611 1273 3670 ἵνα
1292 3617 1362 3694 γνῷ,
1387 3613 1420 3670 δι’
1444 3613 1477 3684 ἣν
1492 3613 1584 3673 αἰτίαν
1607 3614 1667 3672 οὕτω

895 3706 1048 3767 “exisoten
1064 3708 1153 3764 αὐτοῦ.
1171 3703 1224 3763 Καὶ
1239 3702 1293 3782 μὴν
1308 3704 1372 3784 παρ’
1391 3704 1499 3764 ἐκείνοιν
1513 3705 1568 3765 ἔδει
1583 3712 1667 3783 μαθεῖν

895 3803 947 3857 τῶν
961 3795 1165 3870 καταόοῶντων,
1180 3797 1225 3855 καὶ
1239 3800 1372 3875 ἐρωτῆσαι
1381 3796 1407 3855 εί
1415 3819 1486 3863 τινος
1501 3803 1555 3857 τῶν
1568 3798 1667 3880 εἰρημέ-

896 3915 947 3949 νων
962 3887 1177 3966 ἐπελαμὸάνοντο
1189 3911 1195 3923 ·
1207 3890 1266 3946 ἀλλ’
1281 3888 1371 3955 ἁπλῶς
1386 3890 1420 3967 τῇ
1439 3887 1546 3971 ἐξουσία
1559 3900 1667 3970 χρᾶται,

97 3987 270 4049 ediscendum
283 4000 339 4046 erat
354 3986 401 4065 qui
416 3985 609 4057 occlamabant,
634 3999 660 4044 et
678 3986 843 4063 interrogan·
898 3981 943 4041 καί
962 3980 1070 4047 ἐκείνοις
1084 3981 1150 4060 πρὸς
1170 3980 1248 4059 χάριν
1263 3988 1348 4038 ποιεῖ·
1363 3979 1458 4058 οὐγὰρ
1479 3985 1561 4039 τοῦτο
1574 3981 1669 4052 ἐζήτει,

97 4080 176 4152 dum,
191 4101 257 4140 num
273 4077 377 4156 aliquid
385 4099 420 4135 ex
433 4077 491 4157 ejus
502 4077 584 4136 dictis
603 4076 780 4135 incusandum
796 4075 844 4133 ha·
898 4074 969 4139 ὅπως
992 4072 1099 4138 δικαίως
1122 4095 1148 4129 τι
1169 4069 1300 4149 πράξειεν,
1321 4072 1378 4129 ἀλλ’
1402 4069 1475 4137 ὅπως
1498 4071 1612 4132 παύσειε
1630 4072 1668 4130 τὸν

99 4171 318 4232 ἐπικαθίσταται
334 4169 380 4227 ille
394 4183 491 4226 temere
505 4181 632 4248 potestate
645 4189 692 4226 sua
709 4167 805 4239 utitur,
819 4181 845 4225 et
855 4206 892 4244 35,
900 4164 1004 4224 ἐκείνων
1017 4165 1098 4241 θυμὸν
1112 4163 1202 4222 ἄδικον
1215 4161 1286 4221 ὄντα.
1302 4161 1349 4229 Ὡς
1364 4160 1391 4219 δὲ
1405 4163 1577 4242 προσέτεινυν
1597 4161 1668 4223 αὐτὸν

99 4262 209 4321 illorum
222 4262 337 4340 gratiam
349 4274 452 4340 captat:
462 4281 513 4318 non
527 4260 599 4318 enim
610 4260 722 4317 curabat
735 4274 763 4317 ut
774 4261 846 4339 juste
864 4262 883 4306 Λ
898 4265 952 4322 τοῖς
974 4260 1075 4332 ἱμᾶσιν,
1090 4245 1147 4313 εἶπε
1165 4254 1229 4334 πρὸς
1247 4254 1291 4314 τὸν
1306 4255 1408 4313 ἑστῶτα
1424 4253 1637 4334 ἑκατόνταρχον·
1649 4256 1668 4312 τί

99 4367 199 4431 ageret,
217 4354 264 4411 scd
282 4365 311 4409 ut
325 4351 433 4408 illorum
444 4351 576 4428 injustum
589 4351 708 4408 furorem
720 4349 844 4428 placaret.
899 4351 1034 4429 ἄνθρωπον
1058 4348 1190 4424 Ῥωμαῖον
1217 4346 1262 4404 καί
1287 4345 1464 4426 ἀκατάκριτον
1491 4345 1595 4414 ἔξεστιν
1614 4350 1669 4423 ὑμῖν

100 4449 149 4506 95.
164 4447 205 4503 Et
219 4465 286 4503 curn
297 4444 523 4500 adstrinxissent
534 4464 599 4500 eum
613 4443 694 4512 loris,
706 4444 781 4499 dixit
793 4443 844 4499 ad-

100 4543 194 4601 stanti
209 4542 266 4599 sibi
280 4540 444 4596 centurioni
458 4559 465 4592 ε
477 4536 508 4595 Si
520 4539 668 4594 hominem
680 4538 845 4594 Romanum

99 4649 128 4693 et
141 4633 343 4691 indemnatum
360 4629 426 4686 licet
444 4631 529 4686 vobis
536 4628 693 4707 flagellare
706 4635 719 4685 ?
734 4629 794 4686 Non
807 4642 846 4687 est

101 4724 348 4797 mentitusPaulus,
366 4744 392 4780 se
407 4720 500 4780 dicens
514 4722 666 4779 Romanum
685 4721 819 4779 hominem
835 4745 843 4795 ;

100 4818 185 4890 absit;
205 4819 341 4875 Romanus
359 4813 430 4871 enim
453 4826 524 4871 erat:
538 4811 598 4870 ideo
612 4813 738 4870 tribunus
757 4835 787 4871 re
798 4835 845 4870 au-

100 4911 157 4969 dita
171 4909 269 4968 timuit.
282 4907 317 4964 Et
329 4927 387 4975 cur,
396 4905 510 4982 inquies,
524 4904 694 4962 timuirttusi
705 4905 779 4961 nulla
793 4904 845 4962 alia

99 5005 135 5062 de
145 5024 243 5073 causa,
259 4999 361 5076 timuit,
374 5020 407 5056 ne
420 4998 664 5078 deprehenderetur
679 5011 704 5056 et
716 5000 843 5078 majorem

899 4443 1047 4522 μαστίζειν,
1069 4443 1128 4498 Οὐκ
1144 4438 1271 4518 ἐψεύσατο
1283 4439 1403 4506 Παῦλος,
1419 4435 1456 4515 μὴ
1478 4436 1594 4516 γίνοιτο,
1608 4438 1669 4496 Ῥω

900 4543 976 4614 μαῖον
993 4533 1084 4593 ἑαυτὸν
1098 4531 1194 4591 είπόιν·
1210 4530 1344 4607 Ῥωμαῖος
1356 4530 1408 4609 γάρ
1422 4520 1455 4602 ἦν
1467 4553 1474 4566 ·
1493 4530 1535 4588 διδ
1547 4531 1597 4589 καί
1607 4535 1621 4589 ό
1633 4554 1669 4609 χι-

898 4627 1009 4706 λίαρχος
1023 4624 1137 4690 ἀκούσας
1154 4622 1282 4701 ροόεῖται.
1305 4621 1358 4681 Καὶ
1377 4620 1465 4692 τίνος,
1486 4621 1579 4700 φησίν,
1591 4621 1670 4680 ἕνεκεν

899 4721 1029 4801 ἐροόήθη,
1044 4720 1077 4776 Ei
1090 4717 1135 4775 καὶ
1146 4715 1227 4792 μηδὲν
1240 4714 1338 4795 ἕτερον,
1349 4711 1446 4772 ἔδεισεν
1458 4712 1501 4787 ἀν,
1513 4712 1551 4789 μὴ
1565 4715 1621 4793 ἁλῷ
1631 4712 1671 4772 καί

900 4812 1007 4890 μείζονα
1022 4809 1097 4881 δίκην
1111 4804 1158 4886 δῷ
1178 4806 1232 4866 Καὶ
1247 4803 1310 4886 δρα,
1328 4808 1378 4883 οὐχ
1391 4806 1482 4871 ἁπλῶς
1500 4828 1592 4884 φησιν,
1606 4808 1670 4871 ἀλλ’,

899 4907 933 4964 Ei
950 4904 1048 4972 ἔξεστιν
1061 4905 1138 4978 ipim
1149 4896 1203 4957 Δύο
1214 4897 1248 4956 τὰ
1266 4896 1434 4974 ἐγκλήματα,
1448 4896 1495 4953 καὶ
1511 4895 1542 4953 τὸ
1559 4897 1620 4955 ἄνευ
1632 4897 1672 4954 λό-

899 5020 962 5076 γου,
978 4993 1023 5052 καί
1037 4993 1066 5051 τί)
1080 4991 1214 5068 Ῥωμαῖον
1239 4988 1311 5047 όντα.
1336 4986 1464 5064 Μεγαλην
1478 4979 1551 5066 εἶχον
1575 4988 1668 5058 ταύτην

943 5165 955 5202 (Ι
974 5162 1022 5212 llic
1040 5161 1155 5228 quadam
1173 5159 1277 5210 deerunt
1298 5159 1323 5208 in
1338 5154 1438 5217 Mosei„
1451 5174 1508 5224 quae
1528 5174 1558 5209 ex
1577 5159 1669 5208 caeteris

909 5241 1065 5309 suqqdentur.

135 5175 148 5210 ¹·
166 5181 202 5224 καί
215 5179 252 5224 οὐκ
265 5177 361 5224 eluitur
371 5169 441 5221 deest
455 5168 478 5220 in
492 5169 652 5237 quibusdam.

133 5267 145 5288 e
165 5251 233 5300 Unus
246 5255 418 5312 ἐμπλησθέντες.
