3728 5978
554 517 588 563 ru
615 517 719 564 nursr.
746 514 793 562 an
819 512 901 561 nou.
930 511 1048 561 uouit.
1076 515 1146 563 xiv.
1576 496 1647 595 653

77 633 188 693 πώποτε
202 635 346 713 γενομένων
361 635 517 717 ἀνθρώπων,
533 637 558 706 ἐξ
577 630 606 698 ού
620 637 725 718 γίγσνεν
737 643 751 698 ό
765 634 849 713 Ἀδὰμ
902 633 981 692 illum
996 635 1166 717 splendorem
1181 651 1206 697 et
1223 635 1357 717 gloriam?
1371 637 1421 698 llei
1435 639 1529 700 mihin
1541 641 1645 706 anima!
1738 649 1743 658 '

78 727 161 806 pipp
174 732 222 799 τῆς
234 727 335 808 ἡμέρας
347 728 464 802 ἐκείνης,
479 730 531 788 ἀπὸ
544 733 593 809 γῆς
608 730 801 802 &wewam
820 753 849 789 τι
901 722 980 782 Nune
990 722 1061 782 enim
1073 723 1220 806 lacrymari
1233 725 1319 805 subit,
1329 727 1445 883 effe
1453 728 1645 808 ingemiscere,

77 819 124 876 καὶ
141 818 329 899 ἁρπαζομένων
344 821 478 893 ἁπάντων,
495 825 572 880 αἰετοῦ
583 821 652 899 μετδ
663 827 710 894 τῆς
722 822 851 894 τοσαύτης
901 812 1182 895 ὓθὸἷῑᾶθῑίθῐθῦἃῦῑίδ
1192 815 1271 883 b0¹1l⁵
1282 818 1340 880 θῐῦί
1421 841 1462 899 ⁵7³
1471 842 1525 900 (λθίι
1536 820 1647 882 seneli-t·

75 908 235 988 φαινομένου
250 909 334 985 δοίης,
347 915 383 978 ὡς
400 911 447 972 καί
463 911 511 986 clu
532 913 644 985 σελήνην
658 914 705 974 καί
716 913 760 974 τὸν
774 912 848 986 ἥλιον
902 917 926 964 ἰε
938 905 1019 966 alieni
1030 907 1257 972 evadimusanam
1270 910 1350 972 alieni
1365 932 1459 971 sumus
1472 911 1524 987 (de
1543 913 1646 994 meipso

77 1002 124 1060 καί
143 1000 213 1061 ἅπαν
234 1000 396 1082 κρύπτεσθαι
408 1009 462 1084 φῶς
472 1005 522 1066 tet
533 1011 580 1078 τῆς
592 1010 673 1086 αὐγῆς
683 1005 784 1080 ἐκείνης
796 1029 848 1065 κα·
900 996 1021 1077 Ῑθθῦθί),
1038 999 1092 1060 Πίὸί
1104 1022 1232 1083 mgnum
1254 1003 1395 1085 quidpiam
1405 1019 1431 1064 θῑ
1443 1005 1568 1066 mirabile
1582 1027 1647 1103 ⁰Pe

76 1093 294 1171 ταλαμπόμενον,
315 1094 365 1163 Τίς
379 1096 546 1177 παραστήσει
560 1096 636 1176 λόγος
648 1096 698 1170 τὴν
713 1096 847 1177 mapa.
901 1109 1001 1150 remur.
1014 1092 1055 1151 Ne
1071 1089 1160 1172 itaque
1170 1093 1239 1154 mihi
1249 1095 1311 1174 quis
1325 1096 1370 1155 hic
1385 1097 1535 1176 gehennam
1548 1119 1647 1159 merno-

77 1207 148 1252 τητα
167 1184 280 1260 ἐκείνην,
296 1184 345 1259 τὴν
367 1186 563 1269 λαμπρότητα,
586 1188 633 1261 τὴν
648 1188 742 1264 δόξανγ
764 1189 847 1268 οἶμαι
901 1196 942 1242 ret
955 1183 1044 1245 :omni
1058 1185 1159 1267 quippe
1171 1186 1293 1267 gehenna
1304 1188 1413 1269 gravius
1427 1202 1468 1249 est
1478 1211 1493 1248 a
1504 1203 1577 1270 tanta
1588 1190 1647 1271 glo-

77 1274 170 1354 ψυχή·
188 1275 233 1336 καί
246 1274 298 1359 γὰρ
311 1279 440 1359 δακρῦσαί
454 1303 500 1358 μοι
514 1287 558 1340 νῦν
573 1278 659 1341 ἔπεισι
670 1281 715 1341 καὶ
726 1280 848 1350 στενάξαι
866 1289 887 1338 n
901 1275 942 1335 ria
956 1275 1094 1356 excidere,
1106 1278 1183 1339 mille
1193 1280 1335 1363 suppliciis
1343 1283 1454 1362 gravius
1463 1296 1503 1343 est
1515 1296 1586 1344 sorte
1599 1284 1647 1344 illa

81 1369 169 1448 μέγα,
184 1371 312 1429 ἐννοοῦντι
324 1369 571 1451 minutissimum
584 1376 698 1452 ἀγαθῶν,
713 1373 770 1442 σίας
780 1381 792 1406 ·
801 1375 849 1433 ἀλ-
902 1366 1016 1448 privari.
1037 1370 1161 1430 Attamen
1184 1371 1274 1433 adbuc
1287 1373 1323 1434 ad
1340 1375 1480 1456 presentia
1498 1375 1645 1448 inhiamus,

79 1457 254 1538 λοτριούμεθα
275 1463 483 1542 μακαριότητος·
506 1463 551 1522 καί
570 1465 621 1543 γδρ
642 1465 849 1545 ἀλλοτριούμεθα
902 1479 952 1518 ncc
964 1459 1113 1540 cogitamus
1134 1460 1236 1523 diaboli
1258 1465 1400 1544 malitiam,
1419 1467 1467 1546 qui
1480 1490 1528 1548 per
1540 1467 1646 1529 modica

80 1549 123 1620 (τό
134 1574 163 1628 γε
175 1554 289 1627 ἐμαυτοῦ
299 1551 369 1632 λέγω
381 1552 474 1631 τέως),
489 1553 533 1614 etv
552 1555 589 1632 μή
605 1579 632 1615 τι
643 1553 713 1637 μίγα
727 1557 773 1616 καί
785 1562 849 1617 tuo·
902 1573 1000 1633 magna
1010 1554 1086 1613 nobis
1097 1555 1223 1638 subripit,
1236 1573 1261 1619 et
1269 1560 1358 1619 lutum
1366 1559 1425 1640 dat,
1435 1574 1464 1620 ut
1472 1561 1590 1643 abripiat
1599 1584 1646 1621 nu·

81 1641 182 1716 μαστὸν
196 1640 380 1723 ἐργασαίμεθα.
403 1645 450 1718 Μὴ
462 1645 547 1705 τοίνυν
563 1671 608 1726 μοι
616 1646 716 1725 λεγέτω
727 1671 766 1714 τις
776 1645 850 1725 γίεν-
902 1666 977 1722 rum,
991 1645 1047 1706 imo
1070 1648 1160 1727 potius
1183 1664 1213 1710 ut
1231 1651 1349 1732 abripiat
1370 1654 1477 1732 ciclum,
1492 1668 1518 1713 et
1531 1654 1647 1715 ostendit

80 1755 127 1790 ναν
147 1735 272 1794 ἐνταῦθα·
294 1735 339 1794 καί
353 1735 404 1817 γδιρ
426 1737 532 1810 ἁπάσης
545 1737 651 1816 γεέννης
663 1737 849 1821 χαλεπώτερον
903 1736 1039 1813 umbram,
1051 1753 1081 1797 ut
1095 1760 1142 1799 nos
1155 1741 1267 1822 abjiciat
1284 1766 1299 1802 a
1314 1745 1439 1823 veritate,
1454 1760 1479 1806 ct
1493 1746 1646 1807 insomniis

79 1824 111 1882 τδ
133 1824 262 1897 τοσαύτης
281 1831 400 1886 ἐκπεσεῖν
422 1833 470 1902 τῆς
487 1827 579 1905 δόξης,
597 1830 643 1890 καί
659 1830 758 1911 μορίοιν
772 1831 850 1891 καλεί-
903 1828 1088 1909 imaginationi
1105 1830 1199 1893 illudit
1204 1857 1215 1911 3
1227 1834 1279 1894 hoc
1292 1835 1363 1895 enim
1374 1851 1436 1894 suut
1450 1851 1591 1918 presentes
1603 1837 1647 1897 di·

79 1939 149 1975 σεων
172 1926 261 1997 χεῖρον
281 1920 312 1979 τδ
333 1924 380 1991 τῆς
401 1919 499 1994 λη’ξεως
515 1925 725 2003 ἀλλοτριωθῆναι
738 1923 850 1996 ἐκείνης.
904 1920 993 1998 vitiae,
1015 1936 1045 1982 ut
1068 1922 1229 1986 adveniente
1251 1927 1297 1990 die
1318 1928 1440 1989 omnium
1462 1929 1647 2010 pauperrimos
1696 1973 1697 1977 =

80 2008 152 2068 Ἀλλ’
172 2009 244 2088 ὅμως
261 2010 301 2070 ἔτι
315 2013 380 2094 πρὸς
396 2011 430 2071 rt
443 2014 562 2094 παρόντα
575 2014 737 2096 κεχήναμεν,
751 2014 796 2074 καί
807 2016 854 2074 οὐκ
905 2013 1035 2074 ostendat.

81 2105 218 2179 ἐννοοῦμεν
238 2110 284 2164 τοῦ
305 2105 427 2165 διαθόλου
446 2105 494 2179 τὴν
513 2107 725 2188 κακουργίαν,θς
744 2107 787 2167 διδ
800 2111 854 2168 τῶν

80 2199 184 2275 μικρῶν
203 2195 237 2255 τὰ
253 2196 356 2275 μεγσίλα
373 2203 445 2276 ἡμᾶς
458 2201 623 2280 ἀφαιρεῖται,
637 2200 683 2260 καί
697 2200 788 2261 δίδωσι
801 2225 854 2272 πη-

79 2288 127 2346 λδν
146 2287 190 2347 ίνα
208 2283 314 2368 ἁρπάσῃ
337 2289 446 2371 χρυσὸν,
469 2291 611 2369 μᾶλλονδὲ
627 2293 852 2374 ίναθρπόσητδν
871 2311 891 2358 Ε

79 2381 202 2463 οὐρανὸν,
215 2381 259 2440 καί
274 2381 389 2443 δείκνυσι
400 2382 478 2444 σκιδν
491 2383 535 2443 ίνα
548 2384 649 2464 ἐκύσίλῃ
661 2387 710 2456 τῆς
719 2382 854 2458 ἀληθείας,

79 2473 128 2532 καί
140 2477 166 2532 ἐν
178 2473 292 2557 ὀνείρασι
303 2475 521 2556 ραντιίζειίτοῦτο
532 2474 582 2557 γδρ
591 2480 606 2535 δ
616 2475 708 2557 παρὼν
719 2477 854 2551 πλοῦτος),

79 2566 124 2623 ἰ’να
137 2566 239 2647 ἡμέρας
255 2566 396 2646 γενομένης
412 2568 518 2627 πόντων
533 2566 658 2648 ἀποδείξῃ
671 2567 853 2649 πενεστέρους.
1644 2622 1648 2627 .

123 2659 206 2717 Ταῦτ’
217 2651 261 2717 edu
272 2657 451 2733 ἐννοησσιντες,
464 2659 512 2740 θερί
523 2664 584 2739 γοῦν
596 2683 660 2721 ποτε
672 2659 797 2741 φύγωμεν
808 2658 853 2719 τδν
947 2657 1068 2717 ίί.Ηεεο
1077 2657 1170 2738 itaque
1183 2660 1338 2741 cogitantes,
1350 2662 1394 2722 vel
1410 2684 1468 2724 tero
1481 2665 1589 2726 tandem
1599 2667 1651 2729 dn·
1663 2670 1666 2680 '

79 2750 168 2821 δολον,
190 2750 236 2810 καί
250 2752 314 2833 πρὸς
332 2749 367 2810 τδι
391 2754 522 2830 μέλλοντα
544 2755 725 2832 μεταστῶμεν.
747 2755 788 2812 Οὐ
802 2752 854 2834 γὰρ
906 2748 962 2807 lum
971 2750 1119 2829 fugiamus,
1130 2764 1156 2811 et
1166 2750 1202 2812 ad
1214 2753 1304 2813 sutura
1318 2775 1367 2815 nos
1381 2757 1580 2820 transieramus.
1591 2762 1651 2821 Non

78 2843 152 2901 ἔστιν
174 2845 266 2913 εἰπεῖν,
288 2842 329 2903 θοι
351 2842 520 2922 ’λγνοίσαμεν
543 2849 589 2902 τσῦ
608 2843 737 2924 παρόντος
752 2842 810 2923 βίου
824 2845 854 2906 τδ
904 2861 1049 2920 possumus
1068 2841 1170 2923 quippe
1190 2842 1289 2923 dicere,
1306 2866 1355 2904 nos
1368 2846 1471 2907 lluxam
1491 2847 1574 2931 liujus
1587 2850 1651 2913 vitae

76 2922 216 3014 ἐπίκηρον,
226 2939 279 2995 τῶν
289 2935 455 3014 πραγμάτων
466 2934 525 2994 καθ’
535 2936 651 3007 ἑκάστην
659 2933 763 3018 ἡμέραν
775 2934 853 3014 βοών·
904 2931 1084 2992 conditionem
1104 2933 1279 3015 ignoravisse,
1301 2959 1365 2997 cum
1388 2959 1429 2998 res
1444 2938 1509 3020 ipse
1531 2941 1653 3019 quotidie

78 3050 134 3085 των
148 3028 292 3107 σάλπιγγος
302 3026 484 3108 λαμπρότερον
496 3027 544 3100 riu
558 3034 694 3107 παροῦσαν
709 3025 853 3104 εὐτέλειαν,
904 3024 970 3083 tuba
983 3023 1082 3085 clarius
1097 3026 1156 3105 ejus
1169 3026 1303 3087 uilitatem
1315 3028 1461 3106 declarent,
1483 3031 1579 3109 risum,
1594 3048 1651 3094 tur·

78 3120 126 3180 τδν
139 3119 256 3199 γέλωτα,
270 3119 318 3191 τὴν
334 3119 472 3200 αἰσχύνην,
484 3119 543 3187 τοὺς
558 3119 703 3197 κινδύνους,
720 3118 755 3179 τί
769 3119 853 3200 βόρα·
904 3114 1067 3198 pitndincm,
1081 3114 1211 3197 pericula,
1224 3117 1361 3179 barathra.
1376 3121 1466 3192 Quam
1479 3143 1541 3203 ergo
1555 3121 1650 3184 deien-

78 3221 141 3296 θρα.
164 3200 248 3274 Ποίαν
262 3205 306 3274 οθν
317 3213 407 3292 ίςομεν
423 3213 577 3292 ἀπολογίαν,
590 3214 624 3273 τὰ
639 3212 687 3292 μίν
700 3206 1193 3305 teuledummsionemltabebimus,
1215 3209 1262 3287 qui
1276 3211 1424 3291 periculosa
1438 3227 1466 3273 et
1478 3213 1653 3296 turpitudine

77 3307 128 3366 καί
150 3305 277 3387 αἰσχύνης
298 3305 413 3386 γέμοντα
434 3305 503 3384 μετὰ
526 3308 627 3377 πολλῆς
648 3303 786 3374 διώκοντες
803 3310 852 3379 τῆς
866 3318 887 3366 Α
903 3299 982 3381 plena
997 3320 1058 3360 cnm
1080 3298 1171 3360 studio
1192 3301 1278 3360 multo
1297 3302 1479 3383 insequimur,
1503 3318 1560 3366 tuta
1574 3301 1665 3386 vero,¹
1735 3346 1740 3352 -

79 3400 215 3472 σπουδῆς,
229 3398 263 3458 τὰ
277 3397 305 3458 δὲ
320 3399 426 3478 ἀσφαλῆ
441 3397 487 3456 καλ
504 3395 620 3466 ἐνδόξους
639 3400 712 3476 ἡμᾶς
725 3403 850 3458 ποιοῦντα
903 3406 964 3472 quae
984 3390 1100 3474 gloriam
1122 3393 1200 3452 nobis
1223 3408 1248 3453 et
1273 3395 1444 3476 splendorem
1462 3398 1593 3480 pariunt,
1607 3402 1650 3461 iu-

79 3491 127 3549 καί
141 3489 277 3570 λαμπροὺς
293 3488 446 3570 φεύγοντες,
463 3489 509 3548 καί
534 3487 608 3556 ὁλους
624 3487 732 3558 ἑαυτούς
748 3493 849 3569 τῇτῶν
902 3485 1011 3567 glomos,
1025 3506 1057 3546 ac
1075 3484 1251 3568 pecuniarum
1273 3488 1410 3570 tyrannidi
1432 3511 1479 3550 nos
1498 3490 1650 3554 dedentes?

78 3582 228 3664 χρημάτων
249 3580 392 3648 ἐκδιδόντες
405 3579 550 3664 τοραννίδι;
571 3581 624 3641 Καί
638 3579 851 3663 γδρτυραννίδος
902 3578 973 3640 Nam
985 3578 1130 3661 tyrannide
1152 3579 1261 3659 gravior
1281 3593 1321 3640 est
1343 3581 1503 3662 hujusmodi
1521 3585 1647 3666 servitus,

79 3673 186 3744 ἁπάσης
208 3671 381 3753 χαλεπωτέρα
398 3677 415 3744 ἡ
437 3671 536 3731 τούτων
556 3671 674 3732 δουλεία·
695 3672 741 3734 χαλ
762 3672 851 3734 [caetu
903 3680 933 3728 ul
947 3668 1035 3729 sciunt
1047 3688 1151 3750 omnes,
1165 3672 1213 3750 qul
1225 3670 1402 3755 diguihebiti
1417 3689 1491 3750 sunt,
1506 3690 1537 3736 lli
1551 3678 1586 3737 ab
1598 3679 1649 3739 ltdc

78 3764 137 3824 ὅσοι
150 3768 231 3835 αὐτῆς
244 3765 432 3841 ἀπαλλαγῆναι
450 3761 659 3836 κατηξιώθησαν.
680 3762 730 3824 ‘lv'
746 3753 790 3824 σύν
804 3764 850 3824 καί
902 3759 1092 3832 liberarentur.
1109 3764 1149 3823 Ut
1163 3783 1211 3824 ros
1225 3762 1309 3842 igitur
1321 3764 1466 3844 pulchram
1477 3768 1548 3827 lianc
1560 3769 1648 3830 liber-

79 3861 155 3934 ῦμεῖς
168 3856 269 3934 μάθητε
279 3854 328 3929 τὴν
342 3854 425 3928 καλην
438 3854 536 3928 ταύτην
551 3854 708 3938 ἐλευθερίαν,
721 3854 849 3935 *διαρρη-
902 3863 984 3910 tatem
997 3851 1133 3929 ediscatis,
1150 3852 1261 3912 vincula
1275 3855 1403 3935 rumpite,
1418 3877 1433 3916 a
1448 3857 1543 3936 laqueo
1555 3861 1647 3920 resili-

80 3947 142 4015 ξατε
156 3949 190 4008 τδι
210 3946 311 4026 δεσμθ,
330 3946 521 4020 demittente
541 3949 588 4017 τῆς
603 3947 727 4027 παγίδος·
750 3947 795 4006 καλ
810 3947 848 4026 μὴ
902 3955 947 4021 te3
962 3963 1017 4002 uon
1029 3943 1110 4005 vobis
1120 3964 1217 4003 aurum
1234 3944 1311 4004 domi
1325 3946 1423 4026 jaceat,
1445 3948 1494 4008 sed
1507 3949 1580 4029 quod
1595 3942 1665 4012 int-2

80 4040 177 4099 κείσθω
196 4040 305 4121 χρυσίον
323 4045 383 4118 ὑμῖν
405 4039 448 4099 ἐπὶ
468 4042 516 4110 τῆς
529 4038 622 4110 οἰκίας,
640 4038 850 4119 αλλ’,δμυρίων
904 4033 1003 4092 mensis
1026 4032 1124 4113 opibus
1158 4034 1300 4115 pretiosius
1336 4048 1386 4114 est,
1415 4037 1597 4100 misericordia
1621 4056 1647 4102 et

80 4132 227 4213 χρημάτων
249 4131 305 4191 ἐστὶ
323 4130 489 4213 τιμιώτερον,
508 4127 671 4207 ἐλεημοσύνη
692 4131 738 4190 καί
759 4132 850 4212 φιλαν-
903 4124 1054 4205 benignitas
1067 4146 1116 4206 pro
1131 4147 1205 4186 autu.
1225 4127 1290 4186 llaec
1303 4128 1404 4210 quippe
1419 4130 1498 4191 nobis
1516 4131 1646 4194 fiduciam

80 4224 185 4303 θρωπία
196 4225 254 4282 ἀντὶ
269 4223 388 4304 χρυσίω.
405 4222 478 4295 Αύτη
494 4222 542 4301 μὲν
557 4221 609 4304 γὰρ
623 4222 772 4303 παρρησίαν
785 4223 850 4303 πρὸς
902 4238 965 4298 erga
977 4220 1066 4277 Deum
1076 4217 1142 4294 dat;
1157 4217 1331 4279 illudentem
1346 4242 1471 4301 magnam
1490 4223 1518 4286 in
1541 4242 1589 4287 nos
1603 4227 1645 4288 in-

79 4317 124 4375 τδν
139 4316 207 4376 Θεδν
219 4321 283 4394 ἡμῖν
297 4314 412 4388 δίδωσιν,
423 4319 507 4376 ἐκεῖνο
520 4313 547 4373 δὲ
562 4311 678 4386 ’πολλὴν
690 4317 755 4392 ἡμῖν
767 4338 849 4374 κατα·
902 4307 994 4369 fundit
1007 4307 1213 4390 turpitudinem,
1224 4309 1304 4390 idque
1316 4312 1399 4372 elficit
1413 4327 1443 4373 ut
1453 4314 1646 4379 diaheltisma'·

79 4408 137 4488 Ιγεέν
150 4406 198 4480 τὴν
210 4406 348 4487 αἰσχύνην,
363 4407 407 4466 καί
428 4406 539 4489 σφοδρὸν
559 4413 629 4465 ποιεῖ
642 4411 715 4465 πνεῖν
730 4405 774 4465 τδν
788 4404 848 4464 διό·
866 4425 884 4472 n
903 4423 968 4483 gnos
998 4399 1141 4463 adversum
1168 4423 1216 4464 nos
1230 4403 1341 4485 spiritus
1359 4421 1487 4469 assumat.
1504 4410 1561 4472 Cur
1580 4433 1645 4493 ergo

80 4501 158 4559 θόλον
181 4502 239 4558 καθ’
259 4502 346 4578 ἡμῶν.
378 4498 414 4559 Τί
436 4498 521 4559 τοίνυν
542 4496 708 4567 καθυπλίζεις
732 4523 778 4560 σου
803 4499 848 4559 τδν
901 4494 1006 4555 hostem
1017 4505 1095 4552 tuum
1109 4506 1202 4555 contra
1213 4507 1239 4555 te
1247 4517 1336 4556 armas
1347 4511 1372 4557 et
1381 4497 1518 4560 fortiorem
1530 4501 1643 4563 reddis?
1690 4536 1696 4551 ι

79 4593 183 4671 ἐχθρὸν,
198 4592 243 4652 καί
263 4590 430 4673 ίοχυρότερον
445 4597 529 4658 ποιεῖς
538 4616 547 4665 ;
562 4589 694 4650 Ὅπλισον
707 4590 755 4664 τὴν
770 4614 848 4650 σεαυ-
900 4591 983 4649 Arma
1001 4585 1141 4647 dexteram
1164 4599 1239 4648 tuam
1259 4587 1389 4650 adversus
1402 4592 1490 4670 illum,
1506 4607 1644 4674 totamque

78 4689 125 4743 τοῦ
150 4682 236 4751 δεξιὰν
255 4686 315 4743 κατ’
338 4681 452 4750 ἐκείνου,
472 4682 518 4741 καί
536 4681 566 4741 εδ
586 4681 682 4751 κᾶλλος
698 4688 746 4756 τῆς
763 4682 849 4754 οἰκίας
900 4676 998 4736 domus
1016 4673 1249 4757 pulchritudinem
1270 4676 1298 4736 in
1323 4677 1441 4739 animam
1455 4680 1575 4742 inducito
1585 4728 1595 4760 ,
1617 4697 1643 4742 et

79 4777 151 4835 ἅπαν
165 4779 202 4843 είς
216 4774 263 4848 τὴν
275 4772 363 4855 ψυχὴν
379 4774 519 4853 είσσίγαγε,
535 4772 580 4833 καί
592 4773 636 4833 τδν
650 4776 763 4836 πλοῦτον
774 4778 847 4856 dea-'p'
899 4765 1012 4831 divilias
1034 4786 1126 4826 omnes
1143 4765 1172 4825 ln
1198 4782 1287 4835 mente
1310 4769 1433 4850 depone3
1458 4794 1571 4849 aurum,
1583 4775 1643 4836 vice

80 4867 182 4947 διανοίᾳ
194 4867 292 4927 ἀπόθου
302 4866 421 4941 ἅπαντα,
432 4866 477 4924 καί
489 4865 519 4924 τδ
529 4863 636 4946 χρυσίον
649 4865 708 4924 ἀντὶ
723 4865 847 4925 κιθωτίου
900 4880 968 4919 areae
980 4871 1007 4919 ct
1019 4857 1131 4935 aedium,
1147 4857 1243 4917 caelum
1261 4860 1403 4939 custodiat,
1417 4876 1442 4922 ct
1457 4884 1505 4924 nos
1518 4869 1644 4932 omnibus
1671 4912 1672 4916 =

80 4959 127 5018 καί
141 4959 225 5028 οἰκίας
238 4963 252 5018 t
267 4959 372 5040 οὐρανδς
384 4957 548 5038 φυλαττέτω,
559 4955 604 5016 καὶ
615 4955 703 5016 πσίντα
713 4961 791 5036 ἡμεῖς
800 4981 848 5017 ττι-
902 4953 1000 5015 nostris
1021 4951 1196 5013 amiciantur:
1220 4974 1268 5013 nos
1279 4954 1351 5035 enim
1375 4957 1461 5019 mutis
1479 4959 1559 5042 longe
1571 4984 1642 5045 pre·
1750 5014 1751 5017 ,

114 5183 124 5207 ⁸
143 5168 242 5232 [Iidem
254 5167 294 5218 hic
306 5179 331 5219 et
348 5166 461 5234 proxime
478 5170 704 5236 υῖπαλλοτριούμεθα.
718 5166 751 5217 Et
766 5184 840 5234 supra
925 5164 937 5192 ⁸
956 5164 995 5228 [t.
1009 5157 1191 5232 διαρρήξαντες]

81 5252 109 5297 A.
123 5249 195 5312 otuu]
925 5258 936 5282 Ι
953 5238 1041 5292 Μοῐθί.
1055 5246 1140 5301 πολλὴν
1152 5247 1225 5306 ἡμῶν,
1239 5238 1320 5290 minus
1333 5249 1409 5294 tecle.
