3728 5978
370 321 444 417 918
1098 332 1235 381 sruura.

368 486 441 546 enta,
453 464 477 527 si
488 463 549 544 quis
559 448 657 542 aarum
667 461 762 523 vivam
776 458 953 540 concupiscit,
964 455 1059 549 ⁸siquis
1070 474 1112 546 ss·
1130 464 1151 511 t>
1165 482 1206 527 τις
1215 482 1239 518 π
1291 457 1341 531 τὴν
1356 457 1456 530 ἀληθῆ
1469 454 1784 533 commaneat
1793 460 1863 525 ,ω

369 547 490 610 eumdum
502 563 637 603 vcrameo
657 541 785 600 ultionem
799 538 932 616 loquitur,
949 558 971 595 st
1003 556 1045 593 urs
1055 535 1115 595 sitit

370 629 506 710 pietatem.
515 624 587 681 Nam
597 624 633 682 lu
671 619 779 679 ssitivit
787 616 980 707 proditionem,
1019 613 1114 675 erodes

370 706 459 767 sitivit
469 722 616 784 puerorum
629 698 756 775 exitium,
772 696 860 757 sitivit
875 715 1014 776 synagoga
1027 692 1115 754 cades

371 778 577 867 prophetarum,
600 779 688 838 sitivit
708 776 814 838 lezabel
836 774 971 834 Nabuthae
992 773 1113 850 vineam,

371 863 460 924 sitivit
466 858 568 920 Dalida
578 857 717 917 Samsunis
725 853 922 928 infirmitatem,
934 853 1021 912 sitivit
1032 852 1115 911 llesu·

372 942 433 1002 dias
447 938 606 1018 sauguinem
613 933 801 1008 Praecursoris,
808 931 933 991 sitierunt
944 934 1115 991 Servatorem

372 1019 463 1084 Judaei
471 1042 480 1094 ς
500 1015 547 1077 sed
561 1015 687 1075 sitierunt
701 1013 745 1072 siti
763 1011 908 1092 pernicicm
921 1011 1058 1083 afferente,
1074 1009 1115 1069 si·

374 1098 477 1159 tierunt
491 1093 536 1155 siti
547 1092 645 1152 febrim
658 1092 826 1162 conciliante,
839 1092 963 1150 sitierunt
976 1090 1022 1148 siti
1035 1088 1116 1148 ultio·

375 1177 418 1237 uis
433 1195 522 1235 causa.
536 1171 626 1262 Scd'si
640 1172 701 1262 quis
719 1171 786 1239 sitit,
796 1183 827 1227 ut
841 1170 985 1229 Zacchaeus
1003 1189 1116 1248 conspe-

1167 540 1227 598 εθσε
1262 538 1302 606 ίας
1331 536 1364 596 τθ
1388 537 1485 616 δίψος.
1506 534 1655 614 Ἐδίψησε
1681 534 1734 615 γθρ
1751 537 1791 594 καί
1806 530 1863 599 ’δείδι’

1167 616 1309 698 προδοσίας
1321 616 1353 675 τὸ
1369 616 1473 696 δίψος·
1496 614 1625 694 ίδίψησε
1649 613 1702 693 γάρ
1719 614 1762 673 καί
1781 615 1860 694 ‘llpiin

1166 696 1270 794 νιρπίων
1279 696 1325 757 τὸν
1334 697 1464 795 ὄλεθρομρ,
1475 693 1623 793 ἐδίψηρεν
1633 697 1652 791 ip
1668 694 1799 793 σμναφειγί
1807 698 1858 763 τίς·

1166 798 1295 913 hierii
1313 772 1700 933 ‚hlaissilibllifil
1710 780 1852 929 ἶς’,

1167 955 1250 1005 νειαν,
1269 933 1392 1011 ἐδίψησεν
1413 930 1573 1012 Ἥρωδιθς
1599 935 1652 989 τοῦ
1673 933 1812 1011 προδρδμω
1826 957 1864 982 *1

1168 1011 1297 1111 ίδίφησαν
1312 1011 1356 1069 τὸν
1370 1012 1499 1090 Σωτῆρα
1511 1010 1672 1070 Ἰουδαῖοι·
1691 1011 1750 1068 ἀλλ’
1763 1012 1854 1089 ἐδίφςττι

1167 1090 1291 1172 προξενον
1305 1087 1463 1162 ἀπωλείας,
1475 1089 1627 1190 idipsam
1638 1087 1717 1168 δίψος
1727 1094 1851 1167 παραιτοῦ

1168 1175 1223 1244 τοῦ,
1232 1169 1359 1249 ε’δίψησαν
1369 1168 1447 1248 δίψος
1460 1171 1616 1235 κολάσεως
1628 1168 1727 1227 σίτων.
1738 1168 1800 1227 Ἀλλ’
1807 1172 1853 1229 cir:

376 1270 451 1316 ctum
470 1273 560 1313 meum
582 1263 679 1324 sttrvrt,
692 1264 723 1308 ut
741 1249 928 1307 haemorroissa
950 1248 1117 1307 curationem
1133 1256 1153 1303 u
1168 1251 1205 1316 ὡς
1216 1248 1326 1328 ἐδίψησε
1336 1250 1479 1326 Ζακχαῖος
1500 1248 1557 1319 τὴν
1583 1246 1660 1324 ἐμὴν
1682 1248 1799 1343 θεωρίαρ,
1810 1252 1858 1313 hei

376 1334 473 1410 sitivit,
488 1346 519 1390 ut
531 1330 618 1395 sitivit
633 1328 762 1388 meretrix
776 1328 944 1386 ablutionem
958 1327 1071 1407 pcccati,
1086 1337 1117 1385 ut

376 1413 464 1472 sitivit
474 1409 621 1470 hlatthaeus
629 1407 798 1487 evangelistae
807 1406 980 1485 dignitatem,
991 1419 1021 1463 ut
1029 1405 1118 1465 sitivit

376 1492 445 1551 latro
469 1480 646 1571 paradisum}
664 1502 694 1546 ut
709 1486 795 1547 sitivit
809 1487 930 1545 Thomas
943 1485 1118 1545 vivificorum

377 1571 522 1630 vulnerum
536 1581 637 1626 tactum
641 1612 651 1643 ,
666 1581 696 1625 ut
715 1565 803 1625 sitivit
815 1563 954 1625 cunuchus
972 1563 1117 1643 AEthiopitr

376 1649 522 1730 baptisma,
540 1646 610 1705 circa
629 1645 702 1724 quod
717 1645 814 1703 ardeus
827 1644 948 1724 apostolo
961 1643 1114 1701 clamabat:

1168 1327 1217 1401 τὴν
1231 1325 1372 1407 θεραπείαν
1382 1327 1558 1426 αἱμόρρους,
1571 1330 1614 1392 ὡς
1626 1324 1741 1406 ἐδίψησε
1749 1350 1821 1405 πορπ,
1830 1330 1856 1385 τί·

1169 1405 1217 1474 τὰς
1231 1405 1377 1503 ἁμαρτίας,
1388 1409 1424 1471 ὡς
1438 1405 1565 1485 ici-pauc
1577 1408 1726 1471 Ματθκῖος
1736 1412 1780 1465 τοῦ
1790 1409 1858 1484 είτῃὲ

1169 1483 1200 1543 τδ
1214 1484 1334 1563 ἀξίωμα,
1347 1487 1383 1550 ὡς
1398 1483 1535 1564 ίδίψησεν
1552 1485 1693 1562 ὁλῃστὴς
1706 1483 1752 1541 τδν
1761 1486 1857 1563 ταράξω

1170 1564 1280 1645 ίδίψοσε
1291 1566 1393 1639 Θωμᾶς
1403 1561 1455 1634 τὴν
1472 1564 1620 1629 ζωοποιδν
1635 1562 1796 1642 τραυμάτων
1808 1567 1842 1643 'l'
1855 1597 1864 1610 -

1170 1646 1206 1709 ὡς
1218 1643 1340 1723 ἐδίψησεν
1351 1646 1366 1700 θ
1378 1644 1427 1711 τῆς
1443 1641 1606 1709 Αἰθιοπίας
1628 1648 1756 1721 εὐνοῦχος
1774 1645 1802 1701 τδ
1814 1646 1861 1720 β..

227 1732 315 1798 Auis.
328 1744 366 1796 36.
377 1732 456 1787 Ecce
476 1746 605 1806 aquam,
635 1726 708 1805 quid
723 1726 857 1813 prohibet
879 1743 925 1781 rrae
948 1724 986 1779 ba
1007 1723 1211 1821 tisorilmip’
1226 1718 1465 1821 θπυρακτούρενος
1483 1719 1556 1780 ἐύοά
1573 1720 1649 1801 πρὸς
1662 1723 1711 1780 τὸν
1725 1722 1858 1782 ἀπόστολον·

378 1806 463 1873 lludi,
479 1804 687 1863 catechumene:
703 1803 764 1860 suns
783 1814 846 1860 vitae
860 1821 912 1859 nou
926 1821 954 1859 ru
991 1813 1116 1877 ovocat,
1135 1816 1157 1860 A
1171 1798 1259 1879 ῦοωρ,
1275 1800 1302 1859 τί
1318 1802 1415 1859 κωλυει
1429 1822 1467 1876 με
1482 1802 1703 1878 βαπτισθῆναις
1718 1798 1822 1867 Ἄκουε,
1856 1847 1862 1857 .

376 1883 519 1944 sedetiam
534 1894 629 1961 rogat:
648 1884 760 1952 Venite,
777 1880 877 1958 inquit,
894 1899 993 1938 omncs
1007 1882 1059 1957 qui
1068 1880 1118 1938 la·

378 1967 488 2023 horatio
497 1965 647 2021 etonerati
660 1965 740 2031 estis,
753 1973 782 2018 et
792 1979 844 2039 ego
854 1960 987 2038 reficiam
995 1979 1060 2018 vos.
1076 1958 1119 2017 nd

372 2044 460 2103 'totius
473 2042 576 2121 generis
585 2041 638 2099 mci
648 2040 811 2100 beneficium
821 2051 930 2119 paratus
941 2059 1001 2096 sum
1008 2060 1018 2113 ;
1033 2037 1119 2097 imbre

376 2121 440 2183 volo
451 2122 644 2180 charismatum
657 2120 757 2178 fontem
767 2120 895 2177 emittere.
903 2111 1002 2177 Venite
1012 2137 1118 2193 omues;

376 2201 480 2261 etiarnsi
496 2200 583 2258 multa
606 2199 657 2257 sint
680 2198 767 2256 millia
785 2197 967 2271 infirmorum,
978 2196 1116 2255 accedant.

378 2282 464 2339 Nemo
488 2278 623 2337 medicum
652 2298 696 2336 me
714 2290 790 2359 putet
813 2276 945 2347 delicere,
970 2275 1037 2334 duur
1064 2289 1119 2334 toto

377 2359 438 2418 orbi
446 2356 588 2436 ,medelam
609 2356 713 2415 allero:
735 2377 787 2414 uon
800 2353 932 2433 defatigor
946 2352 973 2412 iu
986 2355 1116 2431 curando,

377 2436 531 2515 siquidem
556 2456 608 2494 uon
630 2434 719 2513 segnis
741 2434 782 2492 tui
806 2434 833 2492 in
858 2432 973 2491 creando
988 2456 994 2495 ;
1012 2434 1119 2514 copiam

378 2536 467 2576 meam
481 2512 782 2585 uoumiuuitmuudus,
796 2510 863 2570 dum
875 2533 933 2570 mea
946 2510 1017 2570 dona
1034 2514 1118 2593 parti·

378 2608 441 2654 tur:
454 2615 507 2654 uon
517 2615 622 2675 pauper
631 2592 718 2651 evado
728 2613 790 2651 rum
801 2591 918 2670 largior:
929 2612 992 2649 eum
1003 2588 1119 2672 diripior

377 2671 493 2753 gaudeo,
508 2695 570 2732 eum
585 2672 693 2731 aufertor
706 2670 834 2731 delectur:
850 2670 917 2729 dum
930 2669 1056 2729 effundor
1065 2690 1118 2730 nou

379 2753 488 2812 miuuor
500 2775 506 2809 :
520 2753 593 2812 fricto
608 2749 768 2826 subductus,
783 2748 851 2809 mihi
863 2748 975 2829 placeo,
989 2748 1065 2829 cujus
1078 2748 1118 2809 rei

378 2830 454 2891 testis
475 2845 515 2890 est
535 2830 721 2889 hemorroissa
743 2850 803 2907 quar
820 2829 909 2885 furata
930 2841 988 2901 est;
1009 2826 1070 2886 ideo
1091 2841 1118 2887 et

1172 1902 1247 1957 parvo·
1259 1878 1332 1957 πηγὴ
1347 1882 1455 1950 ζωῆςοῦ
1474 1878 1564 1955 μόνον
1578 1882 1687 1952 καλεῖ,
1704 1880 1774 1939 alal
1790 1882 1829 1938 καὶ

1170 1961 1224 2018 lai·
1240 1961 1322 2017 Δεῦτε
1334 1957 1399 2037 vlup,
1420 1956 1507 2059 φησὶ,
1523 1958 1638 2025 πάντες
1653 1964 1680 2019 οἱ
1699 1964 1833 2023 κοπιῶντες

1171 2037 1352 2119 φορτισμίνοι,
1367 2040 1443 2115 scipio
1465 2037 1634 2097 ἀναπαύσω
1649 2042 1734 2114 ὑμᾶς.
1755 2040 1820 2119 Πρδς
1829 2038 1863 2105 διε,

1169 2123 1216 2175 τοῦ
1230 2119 1319 2194 γένους
1329 2115 1376 2187 τίν
1391 2115 1554 2196 εὐεργεσίαν
1570 2116 1858 2199 ηύτρίτεισμιιι·ίμθΙ

1170 2196 1344 2295 χαρισμάτων
1357 2196 1462 2275 ἀφεῖναι
1479 2195 1593 2274 πηγήν.
1622 2201 1715 2256 Δεῦτε
1731 2198 1834 2261 πάντες

1172 2276 1258 2356 ριαδες
1284 2278 1429 2346 οίσθενῶσι,
1458 2274 1665 2353 προσίτωσαν.
1688 2276 1793 2348 Μηδεὶς
1816 2279 1864 2332 ’.ι

1169 2354 1213 2412 τὸν
1239 2352 1326 2432 ίατρδν
1351 2351 1481 2427 νομιζέτω
1511 2353 1566 2427 τὴν
1596 2355 1768 2433 οἰκουμένην
1794 2354 1848 2429 hin

1170 2432 1265 2511 κάμνω
1279 2429 1446 2511 θεραπεύων,
1460 2435 1488 2490 εί
1500 2433 1610 2502 κτίζων
1626 2437 1681 2492 οὐκ
1697 2434 1819 2506 ὤκνησα·
1834 2466 1838 2482 .

1169 2534 1213 2591 χει
1234 2535 1284 2588 μου
1298 2510 1345 2584 ἣν
1359 2509 1485 2589 εὐπορίαν
1500 2516 1517 2570 θ
1537 2512 1653 2589 κόσμος
1668 2514 1705 2572 τὰ
1720 2514 1775 2591 ἐμὰ
1791 2512 1862 2591 pap*¹

1169 2588 1250 2662 πίνης
1260 2590 1384 2672 παρέχων
1400 2592 1430 2648 ού
1443 2589 1580 2669 γίνομαί,
1600 2593 1796 2672 ἁρπαζόμενος
1810 2590 1856 2689 pai

1168 2668 1325 2750 φορούμενος
1335 2667 1475 2747 τέρπομαι·
1489 2672 1542 2729 οῦκ
1553 2673 1736 2750 ἐλαττοῦμαι
1746 2695 1819 2730 κενου

1168 2749 1344 2825 κλεπτόμενος
1363 2748 1478 2823 ἥδομαι·
1501 2748 1551 2807 καί
1572 2754 1691 2833 μάρτυς
1712 2757 1733 2824 ἡ
1754 2750 1841 2833 αίμόρρ
1863 2787 1864 2792 =

1168 2828 1256 2907 ψασα,
1271 2827 1316 2885 καί
1327 2825 1371 2886 δεδι
1385 2834 1460 2886 τοῦτο
1473 2827 1571 2907 ψυχὴν
1587 2829 1657 2895 ἅμα
1668 2831 1808 2905 καὶσῶμα
1838 2872 1846 2887 .

378 2911 469 2971 anima
488 2923 514 2969 et
538 2930 649 2999 corpore
667 2922 800 2967 coronata.
817 2909 920 2965 Venite
941 2927 1050 2979 omnes,
1066 2912 1118 2986 qui
1134 2909 1153 2955 B
1168 2909 1250 2965 Δεῦτε
1261 2906 1357 2973 πάντες
1366 2908 1391 2964 oi
1402 2909 1562 2974 κοπιῶντες.
1585 2900 1695 2983 Εἶδες,
1709 2910 1854 2992 φιλόγριττε

379 2990 531 3049 laboratis.
555 2987 648 3063 Vides,
667 3010 683 3046 ο
705 2985 807 3047 Christi
827 3006 937 3062 amaus,
962 3001 1062 3064 quanta
1083 2987 1119 3046 sit

379 3068 514 3129 Creatoris
535 3088 600 3147 erga
624 3087 708 3145 genus
728 3078 849 3124 nostrum
867 3064 1043 3124 liberalitas?
1063 3065 1120 3125 Cur

379 3168 443 3227 crgo
455 3146 579 3226 negligis,
593 3169 609 3205 o
620 3144 828 3204 catechumene?
842 3164 891 3203 cur
903 3144 1020 3203 differs?
1035 3148 1119 3204 Acce-

378 3226 413 3286 de
424 3226 459 3285 ad
470 3227 618 3286 Dominum
629 3238 654 3283 te
672 3239 823 3283 vorantem.
846 3224 904 3282 Nun
920 3223 1000 3282 audis
1014 3224 1118 3303 sapien·

229 3340 303 3384 mu,
313 3339 369 3389 5.8.
380 3321 434 3366 tem
454 3320 479 3365 te
491 3307 643 3365 hortantem
657 3326 688 3362 ac
702 3303 836 3362 dicentem
850 3327 856 3359 τ
874 3306 919 3363 Ne
933 3304 1030 3361 tardes
1045 3324 1117 3361 con-

227 3416 252 3461 9.

382 3389 454 3446 verti
470 3386 511 3443 ad
525 3387 698 3453 Dominum,
714 3395 745 3440 et
760 3405 796 3440 nc
817 3383 945 3462 disseras
964 3382 1000 3439 de
1021 3383 1069 3439 die
1086 3387 1118 3440 in

378 3466 478 3522 diem:
493 3476 609 3542 repente
623 3466 699 3521 euim
714 3465 866 3519 verrietira
875 3463 1021 3519 Domini?
1035 3460 1118 3519 Tern-

401 3542 509 3601 uscnim
528 3538 755 3609 ›raesciudit‚tlurn
765 3539 836 3597 videt
844 3539 984 3596 huminum
994 3552 1117 3599 naturam

379 3565 459 3681 heile
472 3642 503 3679 ac
515 3564 594 3680 hrevi
607 3634 726 3700 tempore
739 3618 815 3677 verti.
830 3616 913 3676 hlulti
930 3618 1002 3676 eninr
1021 3618 1068 3696 qui
1082 3618 1118 3678 ad

379 3700 570 3761 brevissimum
578 3698 861 3780 tempusdistuleruut,
871 3697 927 3777 spei
937 3718 991 3756 suae
999 3699 1117 3757 tutandas

379 3781 511 3863 putabant
526 3802 553 3839 se
566 3780 691 3858 utrinque
704 3777 837 3859 sapienter
851 3776 1013 3859 providisse,
1034 3799 1118 3868 neque

379 3883 408 3920 sc
421 3861 479 3920 ahs
499 3861 644 3940 elapsurus
655 3858 853 3939 exspectabant,
867 3870 892 3916 et
904 3878 931 3916 se
942 3856 1048 3915 iuterim
1056 3871 1118 3915 vitm

380 3962 459 3999 usum
480 3883 582 3998 lucrari
605 3938 775 4014 arbitrantes,
800 3950 943 4014 antequam
965 3935 1118 3995 necessariis

379 4019 531 4079 [viserentur
544 4017 615 4098 rapti
631 4031 703 4088 sunt,
720 4030 801 4094 atquc
816 4016 921 4075 {eternis
939 4015 1080 4096 suppliciis
1093 4028 1119 4074 ct

379 4098 543 4158 eruciatibus
554 4097 660 4156 traditi:
680 4110 777 4155 etcum
808 4109 950 4154 utarentse
960 4095 1042 4155 breve
1051 4109 1119 4154 tcm-

380 4200 432 4259 pus
446 4177 584 4250 suffurari,
597 4189 681 4234 totam
693 4175 747 4234 sihi
760 4118 873 4233 salhtcm
887 4173 992 4254 subripi
1004 4196 1056 4233 nun
1074 4196 1119 4233 co-

1168 2989 1185 3057 ἡ
1197 2991 1243 3045 τοῦ
1252 2986 1390 3052 κτίσαντος
1400 2984 1462 3065 περὶ
1473 2984 1506 3044 τὸ
1518 2985 1602 3065 γένος
1613 2992 1766 3068 φιλοτιμία
1777 3016 1785 3060 ;
1806 2991 1823 3046 l'
1824 2988 1833 3045 i
1846 3019 1852 3033 r

1168 3068 1240 3137 λεῖς,
1262 3052 1285 3123 ὦ
1310 3063 1510 3143 κατηχπίμενες
1537 3066 1566 3125 τί
1591 3068 1766 3147 βραδύνειςς
1786 3068 1812 3126 ll
1830 3066 1850 3124 ¹.

1168 3141 1292 3221 Δεσπότῃ
1305 3144 1429 3202 καλοῦντί
1442 3165 1481 3202 σε.
1498 3146 1565 3203 Οὐκ
1581 3147 1703 3216 ἀκούεις
1718 3153 1767 3207 τοῦ
1777 3152 1848 3225 τοροῦ

1168 3227 1273 3289 νοῦντος
1286 3224 1331 3281 καὶ
1346 3222 1482 3298 λέγοντος·
1509 3223 1560 3296 Μὴ
1579 3226 1713 3303 ἀνάμενε
1736 3225 1855 3302 {zvarai}

1169 3300 1276 3381 Κύριον,
1288 3302 1334 3360 καὶ
1347 3301 1386 3402 μὴ
1399 3301 1544 3383 ὑπερτίθου
1560 3304 1683 3384 ἡμέραν
1702 3306 1732 3373 ἐξ
1748 3306 1857 3383 ἡμέρας·

1168 3404 1214 3452 νης
1233 3381 1284 3462 γδιρ
1299 3385 1458 3451 ἐλευσεταιή
1473 3381 1543 3459 ὀργὴ
1565 3384 1698 3464 Κυρίου,
1722 3383 1858 3461 Συντέμνει

1168 3459 1272 3541 χρόνον,
1284 3460 1344 3518 ἰδὼν
1360 3459 1472 3532 τὴντῶν
1488 3460 1653 3540 ἀνθρώπιον
1672 3464 1756 3544 φύσιν
1769 3466 1855 3543 ῥαδίως

1171 3546 1265 3621 βραχεῖ
1278 3541 1449 3620 τρεπομένην.
1473 3540 1581 3598 Πολλοὶ
1605 3542 1668 3621 γὰρ
1687 3544 1781 3609 δόντες
1793 3530 1861 3600 ’ἕπετ’

1170 3619 1306 3698 προτέραις
1319 3619 1491 3698 ὑπερθέσεσι,
1501 3618 1554 3690 τὴν
1573 3618 1606 3687 ἐξ
1632 3622 1804 3702 ἀμφοτέρων
1820 3623 1862 3680 it·-

1169 3703 1224 3779 φῶς
1237 3699 1359 3774 ἐνόμισαν
1373 3697 1601 3775 ταμιευσάμενοι,
1623 3703 1704 3777 μήτε
1716 3707 1772 3761 τῶν
1785 3720 1859 3780 προσ

1170 3801 1221 3837 νων
1247 3777 1387 3856 δμοίρςσιν
1413 3776 1583 3850 ἐλπίζοντες,
1610 3781 1665 3839 καὶ
1691 3780 1725 3839 τδ
1749 3801 1863 3856 καταχρτ

1169 3856 1235 3922 τέως
1245 3860 1283 3936 τῷ
1299 3857 1349 3937 βίῳ
1364 3854 1454 3936 κέρδος
1467 3854 1617 3933 ἡγούμενοι
1630 3903 1640 3931 ,
1668 3858 1697 3918 οἳ
1719 3862 1776 3939 πρὸ
1788 3863 1834 3928 τῆς
1848 3861 1862 3914 i

1170 3959 1234 4001 σεως
1245 3938 1297 3993 τῶν
1313 3935 1462 4015 ἀναγκαίων
1477 3935 1666 4013 ἡρπάγησαν,
1680 3949 1745 4006 ταῖς
1759 3940 1857 3998 uic-ruia!

1170 4014 1287 4082 δοθέντες
1311 4014 1434 4093 βασάνοις
1457 4014 1502 4072 καὶ
1527 4015 1687 4075 κολάσεσι·
1714 4018 1764 4077 καὶ
1790 4020 1853 4082 ὡςὲ

1170 4092 1264 4175 χρόνον
1277 4093 1400 4154 κλέπτειν
1415 4093 1528 4173 βραχὺν,
1545 4094 1615 4166 δ’λην
1633 4098 1691 4156 οῦκ
1705 4098 1821 4168 ἐνόησαν
1843 4095 1861 4152 .'

1170 4174 1264 4255 τηρίαν
1279 4173 1469 4249 κλεπτόμενοι,
1491 4171 1622 4252 ἐξαίφνης
1647 4177 1825 4257 ἅνοίρπαστοι
1846 4198 1860 4231 κ

381 4256 513 4335 gitaruut,
528 4254 618 4313 subito
631 4254 701 4333 rapti
712 4266 773 4312 ante
784 4254 898 4312 senium.
912 4252 976 4312 ldeu
986 4255 1119 4312 Dominus
1136 4269 1155 4317 c
1171 4260 1216 4314 τοῦ
1236 4254 1323 4335 γήρως
1335 4251 1479 4333 γενόμενοι.
1497 4251 1551 4310 Διὰ
1566 4257 1655 4311 τοῦτο
1671 4258 1841 4325 δΔεσπότςς
1857 4306 1863 4311 .

234 4357 371 4403 «νοω.
382 4334 505 4394 Christus
518 4348 632 4391 mortem
654 4332 771 4390 hominis
784 4333 872 4390 iurem
893 4332 1001 4391 vocavit
1017 4357 1024 4393 ι
1040 4333 1119 4390 Sicut
1322 4335 1330 4353 '
1361 4332 1367 4349 ¹

378 4417 442 4497 sur,
458 4412 557 4492 inquit,
573 4416 605 4469 in
616 4425 710 4486 nocte,
726 4414 768 4468 sic
781 4414 903 4479 vertiam
919 4425 948 4468 ut
963 4432 1010 4469 uos
1024 4410 1058 4469 de
1076 4410 1118 4468 in-

380 4493 500 4555 delinitis
509 4491 563 4550 illis
575 4488 681 4550 insidiis
692 4488 803 4561 turbati,
815 4487 970 4547 diuturnius
982 4489 1059 4547 nohis
1068 4503 1121 4547 sta-

381 4590 470 4636 tutum
489 4588 594 4652 tempus
614 4590 666 4628 uon
689 4588 864 4649 speraremus.
878 4569 938 4626 Non
954 4569 1025 4627 enirn
1042 4590 1122 4649 penes

382 4677 430 4715 uos
444 4669 482 4714 est
495 4653 542 4712 illa
555 4649 710 4710 diuturnior
723 4647 827 4725 dilatio,
841 4668 892 4705 non
908 4669 1051 4728 possumus
1059 4662 1122 4708 tau-

382 4750 440 4795 tum
451 4734 545 4793 vivere
558 4743 688 4810 quantum
698 4728 836 4788 vellemus.
848 4725 913 4786 ltlco
925 4727 997 4785 horae
1009 4728 1121 4787 transla-

382 4814 463 4873 tionis
478 4826 574 4870 nostrae
592 4809 687 4869 notitia
706 4809 783 4868 nohis
807 4807 908 4866 credita
933 4828 985 4865 nou
1008 4807 1071 4883 luit,
1092 4820 1122 4865 ut

382 4891 586 4953 immoderatam
596 4888 723 4969 peccandi
730 4885 1033 4959 licentiamminuamus,
1042 4887 1120 4945 timu·

382 4995 411 5032 re
426 4970 519 5030 mortis
536 4968 572 5027 ad
591 4967 793 5049 temperantiam
810 4965 924 5026 inducti.
941 4968 1119 5026 Numeremus

382 5072 435 5123 cos,
445 5050 490 5128 qui
502 5046 623 5128 quotidie
634 5047 670 5106 ad
682 5047 804 5127 sepulcra
822 5046 978 5121 efferuntur,
991 5045 1119 5107 observe-

383 5152 444 5190 mus
455 5125 589 5208 quomodo
601 5126 672 5186 iuter
681 5146 755 5185 senes
765 5146 878 5206 magnus
885 5125 1018 5206 juvenum
1028 5147 1118 5187 uume-

1174 4333 1290 4405 κλέπτην
1315 4356 1437 4410 ωνομασε
1460 4335 1505 4390 τοῦ
1529 4330 1686 4412 ἀνθρώπου
1711 4337 1758 4395 τὸν
1781 4338 1857 4395 θένα.

1175 4413 1291 4486 κλέπτης
1311 4411 1379 4491 γάρ,
1398 4411 1487 4490 φησίν,
1500 4412 1527 4468 ἐν
1541 4411 1641 4484 νυκτί,
1671 4413 1764 4482 οὕτως
1793 4416 1862 4494 ἔρρε.

1175 4496 1192 4563 ἡ
1217 4502 1252 4559 εἰς
1263 4493 1327 4573 πρὸς
1338 4489 1368 4548 τὸ
1382 4491 1503 4569 ἀόριστον
1516 4494 1564 4560 τῆς
1581 4491 1745 4566 ἐπεύουλῆς
1766 4484 1862 4574 τερα..

1175 4516 1222 4644 rii
1237 4569 1399 4649 προθεσμίαν
1424 4576 1468 4628 τοῦ
1490 4567 1613 4637 πλείονος
1631 4573 1744 4652 χρόνον
1768 4573 1807 4651 μδ,
1825 4576 1864 4630 ἐ.

1176 4673 1234 4728 μεν.
1250 4654 1290 4710 Οὐ
1303 4650 1355 4731 γθρ
1367 4649 1548 4725 ἐξουσιάζομεν
1566 4653 1618 4720 τῆς
1635 4658 1780 4731 γρονικῆς
1794 4657 1864 4731 ὅπερ

1175 4731 1203 4788 οὐ
1214 4729 1365 4808 κυριεύομεν
1380 4735 1424 4787 τοῦ
1434 4732 1511 4798 ζῆσαι
1523 4728 1620 4807 καιρδν
1638 4715 1711 4790 door
1723 4734 1860 4809 ἐθέλομεν.

1174 4807 1225 4888 γδρ
1239 4810 1319 4888 χάριν
1333 4808 1381 4880 τὴν
1394 4812 1490 4887 γνῶσιν
1506 4808 1554 4863 οὐκ
1571 4809 1787 4890 ἐπιστεύθημεν
1806 4816 1852 4881 τῆς

1174 4889 1369 4965 μεταστάσεως,
1378 4886 1475 4956 ίνατὴν
1484 4884 1617 4963 ἀμετρίαν
1626 4892 1689 4947 τῶν
1699 4891 1844 4971 ἁμαρτιῶν
1863 4922 1864 4927 ’

1174 4989 1272 5045 σωμεν,
1283 4972 1315 5046 τῇ
1325 4965 1409 5045 δειλίᾳ
1417 4971 1462 5024 τοῦ
1474 4963 1589 5023 θανάτου
1603 4980 1767 5050 σωφρονεῖν
1777 4972 1862 5031 mair

1173 5045 1373 5125 Ἀριθμήσωμεν
1384 5044 1443 5113 τοὺς
1453 5046 1511 5102 καθ’
1521 5042 1646 5119 ἑκάστην
1654 5050 1776 5131 ἡμέραν
1783 5075 1838 5132 προ
1848 5092 1855 5106 .

1173 5149 1231 5193 νους
1249 5126 1292 5185 ivri
1301 5125 1335 5186 τδι
1344 5125 1480 5202 μνήματα,
1491 5123 1683 5203 σκοπήσωμεν
1692 5133 1735 5198 ὡς
1745 5140 1804 5198 τοῖς
1850 5190 1856 5211 ⁸
