3728 5978
253 395 322 475 156
576 421 608 469 s.
634 417 774 469 ιοινιιιε
798 415 984 467 cunusosr.
1014 416 1169 467 aucune.
1197 419 1469 471 cousrtunnoe.

238 557 298 616 tur,
315 542 412 602 frustra
431 539 520 603 morbi
541 556 750 603 enumerantur:
764 541 888 600 infirmor
907 559 975 618 ego,
1031 540 1091 610 ἄξια
1105 549 1189 603 ταῦτα
1203 542 1237 603 τδι
1258 546 1373 628 ῥήματα.
1387 543 1457 613 tet<
1474 543 1502 605 δὲ
1516 544 1736 624 ’ποδσλγοῦντας,
1749 541 1809 610 τοῦς

236 634 339 695 laceror
347 648 373 693 et
381 634 495 716 turpiter
503 656 564 715 ago,
572 634 618 713 qui
630 654 682 695 non
696 633 783 694 habeo
795 631 870 712 quod
879 630 958 691 edam
969 654 976 688 ι
1031 634 1075 694 cut
1089 635 1186 717 δίφρων
1198 639 1363 720 φερομέναις,
1376 637 1435 708 τοῦς
1445 637 1718 717 καταδισμαυμένους,
1729 634 1808 696 τόθεν

237 727 288 787 hos
300 741 390 788 autem
403 729 433 786 in
448 724 554 788 deliciis
567 741 675 808 agentes
690 723 786 786 videre
799 738 837 784 est
852 724 920 783 beno
932 723 977 781 af·
1030 728 1143 807 θρῶμεν,
1157 728 1217 789 εἰπέ
1230 752 1293 808 μοις
1308 730 1396 792 Καδεί
1408 729 1488 808 μὴτὸ
1503 739 1615 812 πρᾶγμα
1629 727 1707 808 όὸριν
1717 727 1807 805 ἐνόμι-

236 821 319 881 fectos
326 865 336 898 ,
349 821 477 903 pingues,
490 820 652 902 gaudentes,
662 820 739 899 equis
751 833 851 881 tectos.
866 819 916 878 Vae
927 816 977 875 mi-
1032 819 1084 889 ζον,
1097 817 1163 879 teet
1176 823 1352 891 θνειδιστικῦς
1365 845 1399 900 με
1416 827 1502 883 ταῦτα
1511 820 1597 900 λέγειν
1612 827 1742 901 ἡγοῦντο,
1755 818 1807 891 ἤδη

237 911 286 974 hit
301 913 429 993 lacrymis
442 913 514 973 enim
524 911 607 993 digna
616 912 673 972 haec
684 911 766 972 verba
780 924 852 970 sunt.
864 909 920 968 Eos
929 931 978 970 au·
1033 908 1063 968 δν
1084 910 1130 970 καί
1143 913 1269 992 ὀνομαστὶ
1288 913 1443 996 παρήγαγον
1456 910 1640 982 «leole-dlix
1652 910 1706 972 εἰσί
1725 934 1807 980 τινες,

236 1016 292 1063 tem
305 1004 352 1082 qui
365 1004 487 1085 podagra
500 1004 637 1081 laborant,
651 1004 724 1064 sellis
738 1015 864 1083 gestatos,
878 1002 978 1080 alliga·
1031 1000 1058 1060 ot
1081 1004 1126 1063 καὶ
1148 1005 1307 1084 ὑγιαίνουσι,
1329 1006 1418 1087 φησίν.
1437 1005 1549 1076 Ἐπειδὴ
1567 1003 1605 1083 μὴ
1627 1002 1707 1080 μόνον
1722 1006 1806 1082 τρυφῇ

237 1109 296 1172 tos,
313 1118 367 1176 qua
387 1118 423 1157 ex
440 1111 526 1179 parte,
544 1119 645 1177 quaeso,
666 1095 858 1177 respiciemus?
872 1095 909 1154 Et
926 1093 979 1154 nisi
1032 1095 1252 1176 προσανίχουσιν,
1269 1096 1338 1157 etto
1360 1097 1406 1158 καλ
1426 1097 1525 1165 πόνοις.
1545 1093 1625 1175 Ἐπεί
1642 1094 1687 1163 δός
1704 1117 1749 1172 μοι
1763 1094 1808 1152 σίν-

236 1208 295 1247 rem
315 1187 358 1247 illi
380 1202 506 1268 putarent
527 1186 747 1248 contumeliosam
760 1207 792 1245 ao
805 1186 979 1267 probrosam,
1034 1190 1136 1266 θρωπον
1151 1189 1293 1255 διαπαντός
1302 1190 1481 1268 πιαινόμενον,
1492 1187 1665 1269 ἀνενίργητον
1677 1185 1807 1264 κείμενον,

237 1280 300 1341 illos
309 1282 368 1362 jam
379 1281 486 1340 nomine
496 1302 545 1341 suo
556 1280 764 1362 compellassem.
777 1277 831 1339 Sed
844 1291 907 1338 sunt
918 1277 981 1356 qui·
1034 1279 1116 1358 μηδὲν
1126 1286 1256 1342 πονοῦντα
1265 1324 1273 1354 ,
1283 1283 1345 1343 ῖδιῖν
1356 1281 1515 1361 ὑγιαίνοντα.
1526 1280 1596 1342 Ἀλλ’
1609 1280 1658 1339 οὐκ
1672 1280 1705 1337 ἂν
1716 1277 1807 1359 εὕροις.

238 1369 1808 1456 ωΜΜψΜωΜψΜΜΜΚΜΜώΜώΜΜΜΜΜώ

238 1461 344 1524 deliciis
358 1462 425 1522 dant
436 1483 559 1543 operam,
575 1460 717 1522 sedetiam
729 1461 861 1520 laborant.
875 1463 981 1521 Verum
996 1484 1016 1533 ις
1033 1465 1077 1525 τδν
1091 1468 1121 1526 οῦ
1137 1464 1173 1544 μὴ
1188 1466 1284 1545 δυνηθῇ
1299 1471 1352 1527 τῶν
1367 1466 1542 1545 νοσημάτων,
1553 1467 1681 1540 διηνεκῶς
1699 1486 1809 1545 γαστρι-

237 1555 273 1617 da
294 1553 363 1613 mihi
378 1553 515 1629 hominem
538 1573 642 1634 semper
658 1553 894 1634 pinguescentem,
912 1551 982 1613 otio·
1035 1557 1157 1635 ζόμινον·
1171 1556 1525 1639 οθδδγδιρίχειτδπρᾶγμα
1538 1556 1624 1638 plote.
1635 1555 1713 1634 Ἐγὼ
1724 1554 1752 1615 δὲ
1763 1555 1806 1614 καὶ

238 1668 316 1723 sum,
328 1646 457 1721 inertem,
471 1644 519 1724 qui
531 1645 599 1705 bene
611 1645 709 1707 valeat.
720 1642 775 1704 Sed
785 1664 837 1703 nou
851 1643 980 1703 invenies.
1036 1651 1151 1731 ἰατρικὸν
1168 1656 1229 1729 ὑμῖν
1243 1652 1294 1731 ἐρῶ
1304 1649 1392 1729 λόγον.
1409 1651 1472 1710 Τῶν
1488 1653 1526 1715 εἰς
1536 1648 1583 1721 τὴν
1596 1650 1717 1728 γαστέρα
1729 1670 1809 1708 κατα·

238 1738 354 1799 Etiamsi
372 1735 444 1796 euim
461 1736 601 1796 innumera
622 1735 788 1796 medicorum
801 1734 882 1793 turba
895 1733 982 1811 adsit,
1036 1741 1216 1821 θαλλιρλιιιι,
1232 1743 1261 1802 ιδ
1271 1742 1302 1802 τὸ
1315 1751 1368 1800 πᾶν
1385 1739 1487 1820 γίιιιαι
1499 1741 1600 1822 apopl-
1614 1740 1674 1800 ἐπεὶ
1699 1738 1809 1818 μηδδὶι

237 1831 318 1890 illum
340 1829 429 1892 ventri
458 1849 562 1909 semper
583 1849 691 1908 operam
713 1828 823 1887 dantem
845 1826 983 1888 amorbis
1037 1835 1104 1913 αὐτῇ
1117 1836 1315 1914 ιῇιῆςιριρῆς
1329 1831 1446 1913 poscere
1460 1841 1514 1892 πᾶν
1528 1830 1736 1913 ἐπιτρίριμσν,
1750 1832 1807 1893 ἀλλ’

238 1941 332 1982 mucre
348 1939 401 1980 non
420 1931 546 2001 poterunt
562 1942 568 1975 ι
584 1939 670 1997 neque
689 1917 763 1978 euim
779 1915 810 1977 id
831 1930 927 1977 natura
944 1917 982 1976 rei
1037 1923 1093 1988 lm.
1108 1925 1139 1984 τὸ
1153 1923 1201 2004 μὲν
1220 1927 1301 1996 eost<
1314 1927 1351 1993 ιίς
1364 1921 1526 2005 διαχώρησιν
1544 1923 1731 2005 μιριζόριισν,
1741 1921 1810 1985 rell

238 2011 378 2094 permittit.
389 2012 450 2092 Ego
460 2032 525 2072 vero
540 2010 708 2072 medicorum
728 2009 833 2070 dietum
850 2007 930 2071 vobis
940 2010 983 2068 as·
1037 2020 1074 2090 ιις
1090 2016 1198 2098 τροφήν.
1218 2014 1266 2078 Ἂν
1280 2016 1328 2095 μίν
1343 2007 1386 2077 τόν
1398 2014 1538 2095 σόμμιτρα
1550 2013 1610 2084 δοδις
1620 2015 1711 2076 ettae
1720 2038 1812 2097 κατιμ·

238 2104 333 2163 leram
356 2102 402 2166 Ex
423 2103 472 2178 iis,
486 2124 546 2182 quae
568 2101 597 2162 in
618 2116 740 2164 ventrem
757 2102 914 2179 mittuntur,
928 2122 983 2162 non
1037 2114 1140 2189 γασθῇ,
1153 2113 1231 2170 τοῦτο
1242 2108 1358 2192 γίνεται,
1375 2107 1421 2166 καὶ
1440 2106 1489 2179 τὴν
1503 2107 1601 2169 οἰκείαν
1615 2106 1811 2188 θιαόιχιίιραν,

240 2199 331 2261 omnia
344 2199 413 2259 liunt
425 2199 601 2259 alimentum:
613 2198 784 2279 namiuipsa
800 2196 924 2258 ciborum
937 2219 984 2260 ne·
1037 2202 1084 2262 eal
1093 2202 1124 2262 τδ
1134 2199 1182 2280 μὲν
1195 2199 1265 2280 ὑγιὲς
1282 2199 1329 2260 καὶ
1341 2200 1457 2282 χρηστδν
1469 2202 1505 2269 τίς
1515 2201 1560 2262 τδν
1575 2203 1672 2262 οἰκεῖον
1682 2199 1813 2279 ἀνίδραμι

240 2305 301 2351 tura
323 2313 377 2353 non
398 2305 486 2351 totum
508 2289 596 2350 alendi
614 2291 672 2351 vim
694 2290 789 2367 habet,
803 2287 851 2349 sed
871 2310 935 2371 pars
956 2289 983 2347 in
992 2325 1029 2366 ,γι
1038 2292 1132 2368 πόποι,
1148 2294 1179 2357 ιλ
1201 2293 1228 2353 δὲ
1249 2293 1371 2375 περιττὸν
1385 2290 1432 2352 καὶ
1451 2290 1585 2372 ἄχρηστον
1606 2291 1739 2364 θπιξὴλθι
1753 2292 1813 2352 ‘nel

241 2396 373 2443 secessum
387 2382 544 2457 secernitur,
557 2403 620 2464 pars
637 2382 665 2441 in
679 2382 837 2441 alimentum
858 2380 938 2440 cedit.
955 2380 985 2441 Si
1003 2383 1023 2428 Α
1040 2383 1216 2466 ἐξεχώρησαν·
1230 2382 1262 2443 δν
1277 2382 1305 2443 δὲ
1318 2385 1431 2456 πλῆθος,
1445 2383 1491 2442 καὶ
1505 2381 1565 2443 ὅσον
1579 2385 1661 2443 αὐτοῦ
1679 2380 1813 2463 τρόφιμον,

241 2496 306 2556 ergo
331 2473 468 2534 moderate
491 2473 583 2533 cibum
609 2494 716 2533 sumens
743 2485 829 2532 totum
849 2472 984 2553 perficias,
1040 2477 1173 2537 καὶτοῦτο
1186 2474 1288 2554 γίνεται
1304 2472 1442 2554 βλαόιρόν.
1455 2471 1503 2543 Ὡς
1517 2472 1562 2534 lael
1581 2471 1812 2552 θααδείγματοςδδ

242 2564 349 2647 singula
372 2565 400 2624 in
418 2564 508 2624 locum
529 2584 611 2624 suum
624 2576 784 2645 pergunt,et
801 2562 877 2641 quod
892 2582 988 2622 sanum
1039 2573 1155 2628 τοιοῦτον
1167 2570 1235 2648 ἐρῶ,
1251 2565 1294 2627 ίνα
1307 2564 1484 2648 σαφέστερον,
1500 2565 1608 2644 θλίγοι,
1622 2569 1688 2644 ὑμῖν
1701 2565 1810 2646 γίνηται

243 2659 363 2737 utileque
378 2655 460 2717 estin
478 2677 558 2716 suum
576 2677 605 2716 se
622 2655 712 2716 locum
725 2656 826 2716 confert
832 2653 925 2736 ;quod
940 2677 989 2715 au·
1041 2661 1097 2718 Τοῦ
1111 2658 1184 2721 σίτου
1198 2658 1227 2718 τδ
1240 2657 1287 2738 μίν
1300 2660 1357 2719 ἐστι
1371 2657 1560 2736 οεμίδαλις,τδ
1571 2655 1601 2716 &l
1614 2655 1810 2740 όλωρον,ιδδί

242 2764 298 2810 tem
308 2749 475 2831 superfluum
485 2762 524 2809 est
537 2761 563 2807 et
575 2747 687 2823 inutile,
699 2747 798 2808 secedit
808 2761 834 2808 et
848 2748 976 2827 egeriturc
1042 2750 1159 2831 πίτυρον.
1177 2748 1223 2811 Ἂν
1235 2748 1283 2829 μὲν
1295 2739 1339 2810 σόν
1356 2753 1374 2822 ἡ
1393 2747 1463 2828 μόλη
1474 2747 1562 2829 λοίῦη,
1576 2747 1595 2808 δ
1614 2746 1728 2808 δύναται
1738 2751 1810 2823 osu,

243 2843 286 2902 sin
297 2862 363 2901 vero
374 2839 459 2900 nimia
475 2828 510 2899 sit
526 2840 650 2899 ciborum
664 2838 755 2921 copia,
767 2839 848 2898 etiam
861 2838 901 2910 id,
916 2837 992 2918 quod
1044 2840 1169 2923 ἀπέκρινε
1181 2847 1267 2902 ταῦτα
1278 2839 1380 2902 πάντα·
1397 2838 1429 2899 δν
1442 2838 1560 2901 δίπλόον
1574 2838 1810 2920 ίπιόοίλης,πόνττ

243 2932 333 2993 alendi
347 2932 405 2992 vim
416 2932 511 3009 habet,
525 2930 638 2991 noxium
652 2943 702 3008 est,
714 2930 798 3010 idque
810 2929 989 3012 perspicuita-
1043 2933 1211 3014 συγκέχυται.
1225 2932 1313 2993 Πόλιν
1330 2935 1345 2991 θ
1365 2921 1433 2998 οἶνος
1452 2930 1484 2991 δν
1500 2936 1548 3003 τῆς
1565 2929 1754 3016 προσηκαίσης
1764 2954 1810 2991 κα·

244 3028 280 3086 tis
291 3047 371 3099 causa
384 3024 509 3105 exemplo
519 3024 701 3104 proferamln
714 3025 849 3082 frumento
864 3021 943 3082 aliud
952 3033 992 3082 est
1042 3025 1182 3106 τεργασίας
1192 3022 1271 3105 τύχῃ,
1283 3022 1329 3083 καί
1338 3027 1386 3095 τῆς
1395 3026 1449 3082 τῶν
1458 3024 1534 3102 ὡρῶν
1545 3022 1682 3106 κρόσαας,
1692 3021 1810 3104 πρότερον

245 3102 1820 3197 ΜΜΜΜῌΜΜΗἯΜὼψώψΜΜΜῌώΜώΜ’

246 3210 360 3290 accipiet
369 3231 413 3287 ea,
428 3230 488 3289 quae
500 3221 588 3289 potest
599 3206 711 3282 molere,
723 3205 782 3264 haee
793 3205 884 3265 omnia
893 3204 993 3265 discer-
1044 3212 1081 3276 εἰς
1094 3207 1178 3289 τρόγσ
1192 3207 1307 3289 θριζόνει
1314 3208 1361 3282 ,τδ
1369 3206 1397 3267 δὲ
1409 3209 1447 3275 ιίς
1458 3207 1538 3287 ἁρρδν
1552 3204 1734 3286 ’δνατρόχτμ
1749 3202 1812 3266 coll

247 3302 306 3381 nit;
330 3302 371 3361 sin
393 3303 474 3383 plura
500 3299 644 3381 conjicias,
667 3298 757 3358 omnia
778 3296 990 3357 confunduntur.
1010 3309 1028 3355 u
1047 3300 1120 3380 μένει
1138 3298 1283 3366 ἀπόλαυσις
1302 3303 1354 3357 τῶν
1374 3297 1549 3378 μετεχόντων,
1561 3297 1609 3357 καὶ
1628 3296 1709 3358 τοῦτό
1721 3295 1813 3358 ἔστιτὸ

248 3395 353 3454 Rursus
365 3393 471 3464 vinum,
489 3390 512 3451 si
531 3403 720 3471 congruentem
740 3387 855 3470 accipiat
871 3409 992 3468 operam,
1046 3390 1171 3475 χρηστὸν,
1185 3390 1232 3450 καί
1242 3393 1289 3450 σῦκ
1299 3389 1331 3449 ἄν
1341 3412 1406 3449 ποτε
1416 3389 1519 3470 παγίως
1526 3394 1605 3449 τοῦτο
1613 3386 1814 3469 τραπαίη·πρό-

248 3486 272 3547 si
287 3508 337 3546 suo
357 3499 477 3566 tempore
501 3483 674 3561 conficiatur,
696 3482 784 3564 primo
806 3482 895 3541 omnia
913 3477 995 3541 simul
1046 3506 1121 3564 τερον
1132 3482 1160 3542 δὲ
1173 3480 1233 3540 οὔτε
1250 3471 1316 3554 οἶνός
1326 3484 1413 3555 ἐστιν,
1426 3481 1486 3540 olea
1499 3479 1574 3562 τρθξ,
1586 3479 1694 3541 πόντων
1709 3479 1814 3561 μιχθίν-

249 3579 406 3654 miscentur,
417 3589 509 3657 postca
521 3598 586 3636 uero
598 3576 674 3635 alind
686 3576 714 3635 in
728 3576 819 3634 faecem
833 3575 906 3651 abit,
919 3573 995 3633 aliud
1048 3598 1110 3635 των.
1124 3576 1212 3635 Τοῦτο
1228 3571 1274 3632 καὶ
1291 3572 1336 3633 cut
1355 3577 1403 3645 τῆς
1422 3571 1553 3645 θαλάττης
1577 3571 1630 3631 ίδοι
1643 3595 1687 3639 τις
1702 3571 1747 3644 δν,
1759 3573 1814 3632 όταν

249 3670 279 3730 iu
292 3689 429 3751 spumam,
444 3666 519 3727 aliud
533 3681 622 3726 manet
639 3666 673 3726 ad
691 3687 771 3726 usum
784 3664 933 3725 fruentium
951 3677 996 3724 :et
1048 3664 1181 3746 δπερόολῆ
1196 3667 1327 3745 χειμῶνος
1342 3663 1458 3743 γίνηται.
1478 3664 1607 3746 Καθάπερ
1620 3653 1667 3721 ode
1683 3660 1817 3730 τότε-τοία
1851 3744 1854 3749 Ι

249 3763 309 3823 haec
321 3761 391 3821 bona
406 3781 467 3841 pars
478 3772 535 3834 est,
551 3779 599 3818 nec
610 3758 689 3818 facile
701 3771 831 3817 mutatur.
851 3758 920 3816 Nam
933 3770 995 3816 ante
1049 3757 1141 3840 ἰχθύας
1153 3760 1256 3837 δρῶμεν
1270 3753 1376 3834 νεκροὺς
1387 3752 1558 3821 ἐπιπλέοντας
1573 3753 1634 3823 τοὺς
1648 3753 1702 3814 ῦπδ
1713 3759 1761 3814 τοῦ
1772 3751 1817 3835 pl·

250 3877 336 3935 neque
357 3853 453 3913 vinum
469 3871 554 3930 neque
570 3849 624 3909 faex
644 3864 698 3925 est,
712 3869 775 3909 cum
792 3848 891 3908 scilicet
906 3848 996 3908 omnia
1049 3874 1112 3931 χους
1125 3851 1162 3915 είς
1173 3847 1218 3907 τδν
1235 3848 1311 3927 βυθὸν
1327 3847 1401 3906 δῦναι
1413 3846 1451 3925 μὴ
1465 3845 1634 3918 δυνηθέντας·
1651 3844 1723 3906 οὗτοι
1736 3843 1818 3919 delui

251 3948 404 4008 miscentur.
419 3944 478 4003 Hoc
492 3943 520 4003 in
532 3943 601 4003 mari
614 3963 721 4022 quoque
733 3941 825 4000 videre
839 3954 878 4000 est
891 3939 920 4000 iu
933 3962 996 3999 nta-
1050 3946 1089 4023 ἐρ’
1103 3945 1179 4019 ἡμῶν
1191 3939 1302 4018 γίνεται.
1316 3938 1403 3999 Ὅταν
1413 3937 1465 4017 γδιρ
1475 3936 1556 4006 πολὺς
1568 3938 1668 3999 ἄνωθεν
1682 3938 1820 4022 (stuppeis,

252 4062 304 4120 gna
317 4051 481 4120 tempestate.
492 4038 532 4096 Ut
542 4055 605 4115 ergo
617 4049 681 4095 tunc
691 4034 777 4115 pisces
790 4027 915 4101 videmus
924 4054 998 4093 mor·
1050 4039 1097 4105 τῆς
1111 4030 1273 4114 λαιμαργίας
1290 4037 1305 4090 θ
1318 4030 1410 4103 ὑετὸς,
1429 4030 1517 4090 πάντα
1526 4029 1706 4105 ἀνακινήσας,
1720 4029 1820 4112 νικροόι

253 4151 314 4196 tuos
323 4134 519 4216 superfluitare,
531 4132 579 4210 qui
593 4153 649 4212 prae
662 4131 762 4211 frigore
774 4151 826 4189 non
846 4144 957 4211 possunt
968 4128 997 4188 in
1050 4123 1184 4186 ἐπιπλέειν
1194 4131 1265 4182 ποιεῖ
1274 4120 1335 4190 τοὺς
1345 4120 1487 4202 λογισμοὺς
1500 4120 1560 4189 τοὺς
1569 4121 1636 4190 τίονς
1649 4123 1820 4203 ὑγιαίνοντας,

255 4226 370 4286 fundum
392 4224 511 4302 demergi
526 4247 533 4281 ι
548 4224 585 4281 ita
603 4237 627 4281 et
649 4222 726 4281 nobis
749 4221 856 4280 accidit.
881 4220 998 4293 Quando
1052 4217 1097 4279 καὶ
1113 4219 1141 4275 ἐν
1154 4220 1219 4294 ἡμῖν
1230 4219 1401 4294 ἠρεμοῦντας.
1415 4213 1495 4273 Ἐπεὶ
1513 4205 1557 4272 οὖν
1570 4216 1601 4273 lu
1615 4213 1820 4276 τοσαίτιυνῦαο·

256 4304 1823 4398 fflmmwmmwmwwwfflmffiffim

256 4410 347 4470 omnia
373 4428 559 4481 commovens,
577 4405 749 4484 cogitationes
766 4417 843 4463 autea
863 4426 954 4477 sanas,
973 4419 1000 4464 et
1016 4417 1035 4465 c
1054 4388 1824 4480 σιόμιθαμακαριῖοντιςτοόταις,ἐρὀίςταλανίζεινίγρῇ,

256 4501 372 4581 quietas,
388 4522 434 4559 ceu
450 4512 570 4558 mortuas
584 4494 757 4577 supernatare
770 4496 850 4574 cogit.
866 4498 934 4557 Cum
950 4496 1001 4575 igi·
1055 4493 1209 4573 δακρύοντες
1225 4492 1252 4550 δὲ
1266 4489 1387 4565 ἑαυτοὺς,
1401 4493 1442 4570 ἐφ’
1464 4481 1502 4558 οἷς
1523 4487 1680 4567 μακαρίζειν
1694 4488 1764 4564 ἔδει,
1783 4489 1825 4549 καλ

258 4607 303 4654 tur
320 4613 356 4652 ox
375 4589 530 4671 hujusmodi
549 4587 680 4668 exemplis
700 4586 912 4646 demonstratum
926 4586 1002 4645 nobis
1055 4585 1104 4657 τὴν
1116 4583 1273 4663 αὐτάρκειαν
1284 4587 1440 4661 ἀγαπῶμεν.
1452 4580 1491 4642 Ἢ
1504 4582 1552 4640 οὐκ
1562 4579 1671 4640 ἀκούετε
1678 4582 1727 4642 καὶ
1734 4585 1827 4662 ἰατρῦν

259 4670 1829 4769 mmmmfflmmmfflmmmmlfflwfflmmmfflfflfflfflmQffi

135 4827 137 4832 -
259 4803 318 4842 cere
328 4781 403 4854 illos,
418 4798 485 4857 quos
498 4775 609 4835 miseros
624 4773 772 4855 praedicare
782 4786 930 4854 oporteret,
943 4794 1003 4831 nos·
1058 4773 1212 4847 σωματικῆς
1223 4765 1312 4845 ὑγείας
1322 4766 1425 4848 μητέρα
1434 4765 1482 4838 τλν
1496 4765 1595 4824 ἔνδειαν
1608 4755 1690 4837 εἶναι,
1705 4764 1829 4826 ἀλλὰκαὶ

260 4896 313 4952 que
327 4872 467 4953 deplorare
478 4890 514 4928 ex
526 4868 576 4943 iis,
591 4867 626 4926 ob
637 4887 697 4944 quae
712 4865 802 4925 beatos
820 4865 909 4924 dicere
924 4886 1002 4944 opor·
1058 4866 1105 4933 τῆς
1118 4862 1254 4940 *ψυχικῆς
1267 4858 1345 4937 λέγω.
1360 4861 1455 4918 Ταῦτα
1475 4857 1520 4916 καλ
1533 4858 1639 4924 Παῦλος
1655 4860 1708 4938 βοᾷ
1723 4862 1738 4917 ὁ
1753 4856 1831 4923 ὄντως

296 5052 309 5090 d
322 5049 368 5099 Alii
379 5058 416 5103 καὶ
427 5056 556 5104 terrorem&
565 5056 662 5119 ῥήματα
672 5055 777 5113 ἡγοῦντο,
789 5049 831 5104 ἤδη
842 5054 878 5098 σίν.
1101 5055 1112 5079 ·
1124 5046 1259 5108 ἀνατρέχει·
1277 5045 1304 5089 rb
1325 5041 1348 5089 δὲ
1365 5045 1395 5094 τίς
1413 5041 1536 5090 ἀπόλαυσιν
1552 5048 1597 5087 τῶν
1616 5044 1779 5100 μετεχόντων,
1796 5034 1831 5083 sic

295 5142 305 5166 e
316 5126 425 5190 Quidem
436 5129 494 5180 ttss.
503 5135 538 5181 καί
548 5137 717 5198 παρεχώρησεν·
725 5133 753 5177 νίν
763 5127 785 5175 δὲ
795 5127 878 5182 πλῆθος
890 5127 1019 5185 ἐγγίνηται,
1069 5134 1141 5168 unut·

1104 5192 1187 5259 etsta
1200 5195 1227 5242 ι.
1237 5194 1265 5242 n.
1275 5193 1306 5243 n,
1318 5189 1386 5242 nasu
1401 5193 1493 5258 paee]
