3728 5978
97 382 167 455 282
430 404 462 451 S.
487 404 628 454 torturus
653 403 840 452 CHRYSOST.
868 404 1024 455 Anctttnt’.
1052 404 1323 456 constituntur.

94 527 255 607 loquuntur,
269 525 316 586 sed
330 539 428 604 tacent,
444 547 493 587 nec
506 525 683 608 indignantur
696 550 703 584 τ
715 527 837 588 sictona
891 529 1062 612 φθέγγονται,
1088 531 1157 594 ἀλλὰ
1179 535 1289 613 σιγῶσι,
1314 528 1361 590 καὶ
1382 531 1430 589 obt
1455 529 1667 607 ἀγανακτοῦσιν·

94 619 182 701 gloria
194 619 274 681 vacui
288 618 373 680 animi
386 633 469 681 erant.
491 620 548 683 Sed
560 621 706 703 superiore
728 634 837 703 repeta-
891 622 960 684 ούτοι
972 622 1165 704 καθαρδδοῖης
1184 615 1217 696 ἦν
1236 625 1322 683 αὐτῶν
1341 625 1360 694 ἡ
1380 619 1465 702 ψυχή.
1482 619 1555 680 Ἀλλ’
1569 618 1666 696 ῖδοιμιν

94 735 165 776 mus.
191 717 355 796 Postquam
377 728 541 790 tacuerunt,
568 715 663 797 inquit,
688 718 838 798 respondit
892 716 990 776 titubet
1003 714 1039 776 τδι
1055 714 1192 796 εἰρημένα.
1202 713 1279 774 Mat
1292 711 1321 773 δέ
1333 712 1488 792 τδσιγῆσαι
1501 707 1606 783 adroic,
1619 732 1666 790 ρη·

94 807 235 880 Jaoobus,
260 809 378 867 diceus:
401 808 517 870 Simeon
537 812 672 869 narravit
693 809 838 890 quomodo
891 808 942 883 σλν,
964 808 1094 890 δπεκρίθη
1110 804 1372 885 ’1άκοιδος,’λέγοιν·
1387 801 1502 882 Συμεὼν
1521 801 1665 882 ἐξηρέσατο

91 903 220 979 primum
233 901 316 960 Deus
327 904 471 960 visitavit.
487 901 569 962 Initio
591 902 774 963 vehementius
787 904 838 963 Pe·
891 898 978 968 καθὼς
990 903 1096 980 πρῶτον
1110 897 1301 980 έπισκέψστοδ
1315 896 1397 964 Θιύτ·
1411 895 1439 965 ἐξ
1452 897 1538 975 δρχῆς
1553 891 1661 974 σφοδρά

94 1005 152 1049 trus
167 989 338 1070 loquebatur,
353 991 399 1051 hie
411 1013 475 1052 vem
489 993 662 1053 mansuetius.
676 994 718 1053 lta
732 1016 837 1077 semper
890 1015 965 1072 τερον
984 991 1031 1072 μέν
1043 997 1058 1053 δ
1072 990 1173 1074 Πέτρος
1187 988 1332 1070 διελέγετο,
1353 978 1428 1054 οὗτος
1442 985 1472 1046 δέ
1486 982 1660 1066 ἡμερώτεροι.

94 1079 248 1141 iaciendum
258 1095 298 1142 est
311 1082 346 1151 ei,
359 1083 405 1162 qui
419 1082 447 1143 in
458 1105 555 1164 magna
566 1099 695 1166 potestate
707 1101 747 1146 est
757 1111 764 1144 τ
773 1106 837 1147 one·
890 1084 1006 1153 Ὀὕτως
1019 1083 1062 1145 δελ
1072 1084 1126 1168 χρὴ
1140 1085 1187 1145 τὀν
1206 1085 1235 1143 iu
1248 1083 1353 1163 μεγάλη
1365 1081 1508 1161 δυναστείρ
1522 1086 1617 1152 ποιεῖν,
1629 1077 1658 1138 οδ

94 1173 380 1250 restoliismittendo,
394 1175 546 1257 ipseautem
557 1177 834 1259 mitiusageredebet.
853 1194 872 1242 c
891 1177 938 1256 μὲν
952 1177 1065 1260 φορτικά
1086 1176 1183 1260 έτέροις
1201 1183 1385 1256 παραχωρεῖν,
1405 1173 1484 1233 αὐτὸν
1503 1170 1533 1232 ii
1549 1169 1657 1230 δτδτιῖν

94 1267 177 1326 Recte
197 1264 289 1326 dixit:
306 1267 424 1326 Simeon
444 1274 588 1347 narravit,
611 1271 688 1350 qumi
707 1272 754 1332 ille
770 1273 838 1333 olio-
889 1270 1065 1353 ἡμερωτέρων
1078 1269 1253 1349 διαλέγεσθαι.
1270 1269 1367 1334 Καλῶς
1380 1256 1457 1340 δῖθῑν
1474 1262 1587 1342 DJiu‘d’i
1601 1261 1654 1336 ‘ib‘

94 1381 157 1419 rum
172 1359 268 1419 referat
283 1359 451 1421 senteutiam.
470 1361 544 1425 Vide
556 1363 754 1443 quomodoboc
766 1366 837 1427 anti·
890 1365 1007 1445 γήσατο,
1026 1361 1080 1432 'itt
1093 1367 1213 1423 κάκεῖνον
1235 1359 1332 1440 έτέροιν
1349 1358 1437 1438 λέγω
1453 1355 1576 1437 γνώμην·
1590 1352 1654 1435 ’011

95 1472 181 1531 quum
194 1473 251 1517 esse
261 1451 391 1512 ostendat.
412 1457 452 1514 Ut
464 1469 601 1529 sumeret,
614 1455 712 1536 inquit,
722 1479 759 1517 er
768 1479 837 1538 gen·
890 1460 946 1526 πῶς
956 1455 1073 1517 δείκνυσι
1082 1453 1195 1515 παλαιὸν
1206 1454 1235 1515 δν
1248 1458 1335 1515 τοῦτο.
1346 1451 1447 1512 neten
1459 1449 1487 1519 ἐξ
1501 1451 1581 1509 ἐθνῶν
1590 1446 1652 1518 iob,

95 1547 173 1604 tibus
188 1544 329 1624 populum
346 1549 458 1625 nomini
475 1567 537 1606 suo.
564 1547 626 1608 Non
643 1547 732 1608 solum
748 1548 838 1629 elegit,
890 1549 971 1630 ρησῖ,
981 1552 1020 1631 τῷ
1030 1547 1140 1628 ὀνόματι
1152 1550 1240 1608 αὐτοῦ.
1253 1548 1315 1626 Οὐχ
1327 1546 1419 1611 ἅπλῶς
1432 1541 1581 1616 ἱίῑλίὶατθν
1593 1538 1651 1600 md

94 1634 238 1696 sedetiam
256 1636 359 1697 nomini
375 1658 443 1717 suo;
468 1637 499 1698 id
516 1653 566 1714 est,
584 1639 676 1719 gloriae
694 1662 760 1700 suae.
776 1643 837 1702 Non
889 1645 928 1722 τῷ
951 1640 1062 1720 δνύματι
1086 1642 1181 1700 αὐταῖ-
1202 1639 1387 1717 τουτίστι,τῇ
1412 1635 1473 1713 δόξῃ
1493 1636 1583 1695 αὐτοῦ·
1600 1634 1648 1694 0ὖθ

93 1728 179 1810 pudet
196 1749 294 1789 nomen
307 1751 387 1789 suum
409 1752 443 1791 ex
464 1732 629 1792 assumtione
640 1732 761 1814 gentium
775 1733 836 1815 glo·
891 1732 1042 1816 αἰσχύνεται
1055 1733 1088 1794 eb
1103 1733 1187 1811 ὄνομα
1209 1733 1289 1793 αὐτοῦ
1306 1735 1340 1811 τῇ
1355 1728 1489 1811 προλήψει
1511 1729 1564 1787 τῶν
1582 1729 1650 1787 tute

94 1821 167 1882 rium
180 1842 299 1881 vocare:
327 1820 386 1881 baeo
405 1821 478 1882 enim
493 1824 580 1905 major
601 1837 641 1883 est
662 1824 758 1905 gloria.
786 1825 838 1886 Hie
890 1825 966 1895 δόξαν
986 1827 1084 1887 καλῶν.
1101 1828 1188 1887 Τοῦτο
1210 1824 1264 1905 γὰρ
1285 1821 1380 1903 μείζων
1400 1819 1473 1891 δόξα.
1487 1818 1614 1882 Ἐντσῦθιί
1627 1843 1650 1879 τι

93 1935 159 1974 vero
173 1912 241 1992 quid
258 1933 387 1994 magnum
402 1913 566 1975 subindicat.
583 1915 729 1991 Quodnam
743 1917 837 1979 illud?
890 1920 935 1982 καλ
957 1919 1026 2000 μέγα
1043 1919 1195 1980 αἰνίττεται.
1213 1919 1296 1978 Ποῖον
1310 1921 1389 1977 τοῦτο
1393 1937 1403 1992 3
1418 1913 1499 1989 Ὅτι,
1511 1912 1589 1994 φησὶ,
1606 1913 1650 1994 τρδ

93 2005 142 2085 Hi,
158 2006 255 2085 inquit,
269 2020 331 2066 ante
343 2027 443 2067 omnes.
466 2010 576 2068 Postea
589 2029 653 2069 vero
668 2023 837 2070 convertam
889 2013 995 2074 πάντων
1007 2001 1088 2074 odron.
1102 2008 1180 2072 Μετδ
1191 2014 1278 2070 ταῦτα
1287 2007 1458 2090 ἀναστρέψω,
1472 2005 1519 2066 καλ
1532 2006 1649 2067 ἀνοικοδο-

95 2120 141 2159 me
154 2112 181 2159 et
195 2099 379 2180 reedificata
395 2100 618 2160 tabernaculum
634 2102 745 2179 David,
759 2104 839 2183 ραοιί
890 2106 969 2185 μήσω
979 2151 987 2180 ,
997 2105 1081 2188 ρησλ,
1096 2103 1144 2178 riu
1160 2102 1261 2176 σκηνὴν
1276 2102 1361 2164 Δαυλδ
1373 2099 1423 2174 τὴν
1435 2096 1649 2160 remotioni]

93 2191 210 2251 decidit.
221 2189 319 2269 Siquis
328 2204 450 2250 accurate
461 2191 592 2273 exploret,
600 2192 716 2253 Davidis
722 2215 836 2274 regnum
852 2217 872 2264 [ι
888 2223 929 2267 τις
945 2197 1063 2281 ἀκριδῶς
1083 2195 1214 2269 σκοποίη,
1236 2202 1281 2255 νῦν
1293 2195 1342 2269 τὴν
1365 2191 1504 2274 βασιλείαν
1519 2190 1649 2270 ἱσταμένην

93 2302 166 2342 nune
179 2294 251 2342 stare
271 2281 398 2343 inveniet.
421 2284 495 2344 <Nam
516 2304 577 2343 oum
594 2305 629 2343 en
644 2306 675 2344 eo
688 2301 836 2366 prognatus
888 2297 934 2351 τοῦ
953 2290 1037 2352 Δαυλδ
1049 2290 1129 2370 εύροι.
1144 2292 1200 2352 Τοῦ
1221 2288 1328 2368 ἐκγόνου
1348 2285 1403 2368 γδρ
1418 2287 1499 2346 αὐτοῦ
1511 2283 1649 2365 βασιλεύοι

92 2389 194 2456 regnet,
215 2387 266 2435 stat
288 2374 389 2454 ubique
408 2396 522 2455 regnum
539 2377 606 2457 ejus.
633 2377 708 2451 Quid
722 2395 836 2459 prosunt
887 2410 947 2460 σσς,
963 2391 1100 2466 amq&
1115 2384 1224 2455 έστηκεν
1241 2381 1318 2454 obre.
1332 2380 1369 2441 Τί
1382 2377 1437 2461 γδρ
1450 2377 1544 2459 δρελος
1556 2379 1604 2436 τῶν
1615 2377 1648 2434 οἱ·

93 2468 165 2528 enim
180 2466 320 2528 domicilia
340 2480 366 2528 et
384 2468 458 2546 urbs,
485 2468 507 2528 si
527 2469 631 2529 subditi
645 2491 698 2529 uon
712 2470 790 2531 sint?
809 2487 836 2532 et
888 2476 1016 2557 νημάτων
1030 2476 1076 2537 καὶ
1088 2479 1137 2547 τῆς
1147 2475 1265 2546 πόλεως,
1284 2477 1336 2532 τῶν
1353 2469 1543 2531 ὑπακουόντων
1555 2471 1599 2528 οὒκ
1612 2466 1649 2527 θι-

93 2564 161 2643 quid
175 2562 267 2623 domni
284 2584 319 2623 eu
332 2563 409 2623 urbis
427 2561 546 2638 excidio,
570 2585 633 2625 cum
649 2585 740 2625 omnes
753 2565 835 2626 etium
888 2591 955 2642 τοις
977 2576 1052 2630 ποῖον
1067 2566 1095 2630 δέ
1116 2567 1214 2648 βλάδος
1232 2569 1263 2628 ἐκ
1278 2569 1327 2639 τῆς
1343 2561 1521 2644 καθαιρέσεως
1538 2566 1584 2633 τῆῖ
1603 2559 1648 2619 11·

93 2656 196 2717 animas
209 2676 272 2716 suas
285 2654 439 2738 impendere
452 2655 558 2717 velint?
580 2657 675 2737 Itaque
690 2677 743 2718 non
754 2658 835 2719 medo
888 2665 970 2737 λεως,
986 2662 1097 2723 πάντων
1107 2659 1153 2721 καλ
1168 2658 1215 2728 τδς
1229 2656 1316 2740 ψιχδς
1333 2653 1500 2737 βουλομένων
1511 2654 1649 2723 ἕπτδοῖναις

91 2762 155 2825 etet,
169 2747 217 2808 sed
230 2761 257 2808 et
266 2748 388 2808 omnium
402 2747 652 2829 splendidissimum
665 2749 766 2809 iactum
775 2764 834 2811 est:
888 2755 975 2816 Ὥστε
987 2757 1017 2815 οὐ
1039 2753 1118 2834 μόνον
1129 2752 1251 2825 έστηκεν,
1262 2749 1332 2811 ἀλλὰ
1348 2747 1395 2809 καλ
1405 2745 1578 2828 λαμπροτέρα
1589 2745 1649 2805 καί·

92 2862 153 2900 num
169 2861 218 2922 per
231 2853 317 2900 totum
328 2861 400 2900 nune
410 2840 505 2900 orbem
514 2840 673 2901 celebratur.
687 2841 762 2903 lllud
771 2863 835 2904 eve-
886 2872 940 2910 σων
950 2848 1058 2930 γέγονε·
1072 2850 1209 2927 πανταχοῦ
1216 2841 1269 2925 γδιρ
1278 2847 1323 2902 νῦν
1333 2845 1382 2913 τῆς
1391 2837 1549 2918 οἰκουμένης
1559 2837 1649 2919 ᾄδεται

91 2932 147 3011 nit3
163 2945 262 3012 ergoet
273 2932 325 2992 boc
334 2932 440 2992 evenire
446 2946 561 3014 oportet.
576 2934 632 2994 Ubi
646 2947 736 2995 autem
749 2934 834 3014 dixit,
887 2941 993 3002 Ἐκεῖνο
1012 2938 1104 3014 iiiia·
1119 2940 1212 2999 οὐκοῦν
1226 2934 1277 2996 καὶ
1286 2939 1362 2994 τοῦτο
1377 2931 1490 3003 έκδῆναι
1503 2931 1553 2990 δεῖ.
1568 2927 1651 2990 Eleius

92 3026 297 3107 Reoedijieobo,
311 3045 422 3084 causam
434 3025 513 3086 addit
525 3050 531 3083 :
554 3029 593 3088 Ut
606 3032 760 3109 requirant
780 3050 835 3090 οιτ-
887 3033 929 3108 ii,
943 3033 997 3093 11αὶ
1008 3029 1221 3108 ἀνοικοδομήσω,
1232 3025 1326 3106 ἐπάγει
1338 3023 1384 3086 καὶ
1393 3022 1442 3098 τὴν
1458 3023 1547 3084 αἰτίαν
1560 3029 1604 3084 τοῦ
1613 3020 1651 3082 διδ

92 3124 147 3180 teri
163 3121 294 3178 homines
308 3119 478 3178 Dominum.
497 3119 528 3178 Si
540 3140 605 3199 ergo
618 3119 680 3180 ideo
695 3135 781 3182 erecta
796 3135 835 3183 est
880 3126 929 3199 ·τί,
953 3125 1052 3205 λέγων·
1067 3122 1164 3191 Ὅπως
1183 3120 1363 3195 ἐκζητήσωσιν
1387 3120 1412 3178 οἱ
1433 3116 1592 3177 κατάλοιποι
1604 3117 1652 3175 ὦ

91 3209 187 3271 civitas
211 3223 322 3291 propter
344 3231 417 3283 utrm,
445 3210 492 3288 qui
513 3231 549 3269 ex
576 3210 652 3291 ipsis,
678 3211 770 3293 palam
796 3227 836 3274 est
888 3218 1032 3300 ἀνθρώπων
1051 3216 1095 3276 τὸν
1110 3215 1217 3296 Κύριον.
1237 3216 1271 3275 Ei
1283 3211 1369 3273 τοίνυν
1383 3208 1428 3270 διδ
1440 3214 1520 3270 τοῦτο
1534 3208 1651 3279 ἐξανέστη

91 3301 259 3362 πσευδίίιοιθοε
269 3301 389 3362 civitatis
399 3323 508 3362 causam
520 3302 604 3362 fuisse
616 3305 738 3383 gentium
750 3327 834 3366 vocn-
849 3318 868 3364 E
886 3316 903 3384 ἡ
915 3311 990 3379 πόλις
999 3309 1042 3370 διδ
1049 3309 1097 3369 τὸν
1107 3308 1135 3378 ἐξ
1149 3311 1245 3380 αὐτῶν,
1260 3306 1337 3378 δῆλον
1351 3303 1449 3376 ὅτιτῆς
1461 3301 1602 3379 οἰκοδομῆς
1610 3301 1653 3370 τῆς

91 3397 202 3456 tionem.
217 3395 338 3468 Quinam
357 3409 419 3455 sunt
432 3397 573 3477 Reliqui?
588 3396 632 3456 Illi
648 3397 699 3476 qui
710 3411 775 3459 tunc
789 3421 834 3460 re-
887 3403 988 3470 πολεινς
999 3402 1081 3462 αίτιον
1095 3401 1186 3483 γέγονε
1197 3399 1274 3461 τδτδι
1281 3397 1341 3470 ἔθνη
1353 3399 1495 3470 κληθῆναι
1503 3393 1582 3462 Τίνες
1594 3392 1653 3453 είσίν

90 3490 291 3569 linquebantur.
317 3487 373 3549 Sed
392 3487 456 3548 tide
475 3489 554 3548 illum
568 3503 595 3549 et
608 3489 731 3550 ordinem
747 3505 836 3552 custo·
887 3499 923 3557 01
935 3493 1106 3567 κατάλοιποις
1118 3495 1155 3554 Oi
1168 3490 1372 3569 ὑπολειπόμενοι
1384 3487 1456 3549 τότε.
1467 3486 1539 3548 Ἀλλ’
1553 3485 1602 3568 ὅρα
1612 3487 1652 3545 αὖ·

91 3581 160 3658 dire,
172 3594 198 3640 et
210 3579 341 3641 secundos
353 3579 414 3639 ilios
426 3579 562 3639 inducere.
576 3581 662 3640 Dixit
676 3583 833 3658 Dominus,
888 3590 931 3650 τὸν
949 3589 994 3650 καί
1007 3587 1056 3661 τὴν
1068 3586 1141 3656 τάξιν
1153 3586 1317 3668 φυλάττοντα
1324 3631 1333 3660 ,
1345 3583 1391 3644 καί
1414 3581 1550 3661 δευτέρους
1571 3578 1654 3648 rimie

92 3679 145 3755 qui
156 3676 240 3756 facil
256 3676 318 3732 11Φο
332 3677 440 3732 Omnia·
462 3674 523 3734 Νθθ
537 3672 617 3733 ¹1²⁰d⁰
636 3672 716 3754 didi,
741 3674 789 3735 sed
808 3691 836 3736 θί
889 3682 1038 3761 εἰσάγοντα.
1065 3679 1146 3761 Λέγει
1174 3679 1287 3759 Κύριος,
1310 3682 1325 3738 ὁ
1347 3679 1447 3750 ποιῶν,
1475 3674 1558 3756 ρησλ,
1577 3678 1654 3732 ταῦτα

90 3767 173 3826 facite
194 3786 258 3846 ergo
272 3764 324 3824 Dei
339 3785 408 3845 opus
421 3778 461 3824 est
481 3764 587 3825 vocatio
602 3765 732 3845 gentium.
754 3766 837 3827 Aliud
888 3774 985 3835 πάντα.
999 3775 1041 3836 Οὐ
1059 3771 1132 3852 λέγει
1153 3771 1243 3851 μάνου,
1257 3769 1328 3830 ἀλλὰ
1347 3768 1394 3829 καί
1407 3776 1493 3828 ποιεῖ·
1514 3767 1568 3847 ἄρα
1589 3768 1654 3827 Θεῶ

90 3874 147 3921 erat
160 3858 233 3939 quod
247 3858 427 3939 querebatur,
441 3855 515 3937 quod
532 3856 633 3917 elarius
652 3859 759 3919 dieebut
781 3862 836 3920 Pe-
888 3868 994 3949 ἔργσνη
1011 3866 1105 3938 κλῆσις
1123 3868 1175 3923 τῶν
1190 3867 1281 3924 ἐθνῶν.
1302 3860 1383 3923 Ἄλλο
1395 3852 1429 3934 ἦν
1441 3859 1473 3920 τὸ
1493 3858 1654 3937 ζητούμενα,

91 3969 171 4015 trust
196 3953 256 4012 Non
284 3964 387 4033 oportet
415 3950 476 4010 illos
501 3949 667 4011 eircumcidi.
695 3953 751 4012 Cur
772 3972 837 4032 ergo
888 3957 953 4042 ὅπερ
972 3958 1132 4040 σαφέστερον
1148 3956 1193 4017 καὶ
1210 3954 1311 4036 Πέτρος
1330 3954 1438 4034 ἔλεγεν·
1460 3954 1492 4013 αὖ
1514 3953 1554 4012 δεῖ
1568 3948 1655 4020 ottob<

91 4048 149 4106 huc
173 4046 363 4107 concionaris?
386 4046 455 4105 Sane
480 4065 533 4103 non
557 4044 610 4104 hoc
632 4044 760 4105 dicebant
782 4046 881 4135 illi,²⁵⁸
889 4049 1169 4134 περιτέμνεσθαι.“1”ί
1179 4049 1264 4110 τοίνυν
1278 4054 1362 4108 ταῦτα
1373 4044 1656 4129 δημηγοριῖςςίλίιγθρ

91 4139 165 4218 quod
179 4138 315 4199 credontes
329 4159 382 4198 non
398 4136 560 4198 admittendi
583 4152 677 4215 essent,
700 4139 748 4199 sod
762 4138 836 4218 quod
850 4153 870 4198 Α
888 4142 919 4215 δὴ
933 4149 1008 4204 τοῦτο
1021 4143 1121 4223 ἔλεγον,
1136 4142 1177 4202 ὅτι
1189 4145 1217 4200 οὗ
1232 4144 1270 4200 δεῖ
1285 4139 1377 4207 αὐτούς
1392 4138 1518 4218 δέχεσθαι
1526 4137 1657 4198 πιστεύον·

91 4253 153 4290 cum
167 4232 225 4310 iege
239 4229 409 4289 admittendi.
427 4230 463 4287 Et
483 4230 535 4289 boc
559 4231 640 4290 etiam
654 4232 749 4291 Petrus
768 4232 837 4293 bene
888 4261 947 4311 τας,
962 4238 1020 4296 ἀλλ’
1031 4235 1072 4295 ὅτι
1089 4234 1157 4315 μετὰ
1167 4235 1256 4312 νόμου.
1274 4232 1327 4292 Καὶ
1341 4238 1417 4292 τοῦτο
1431 4236 1445 4291 δ
1457 4231 1562 4312 Πέτρος
1574 4232 1657 4296 καλῶς

94 4322 268 4402 concionatus
285 4334 339 4394 est;
359 4320 403 4378 sed
420 4319 566 4398 quiaillud
582 4322 700 4381 manime
714 4322 837 4384 omnium
888 4328 1103 4408 ἐδημηγόρησεν·
1118 4329 1177 4388 ἀλλ’
1201 4324 1292 4397 ἐπειδὴ
1306 4329 1384 4384 τοῦτο
1407 4323 1528 4404 tupiter
1544 4323 1658 4403 μάλιστα

92 4415 228 4476 auditores
242 4415 380 4490 turbabat,
404 4413 456 4472 boc
469 4413 551 4472 etium
565 4415 682 4475 incubus
693 4431 778 4476 τουτί.
800 4418 836 4478 Et
887 4423 993 4483 πάντων
1015 4420 1074 4488 τοὺς
1096 4418 1240 4500 ἀκροατὰς,
1254 4418 1300 4478 καλ
1320 4423 1398 4477 τοῦτο
1413 4416 1553 4499 θεραπεύει
1572 4416 1659 4477 πολιν.

92 4508 164 4583 vide,
173 4506 203 4566 id
213 4505 285 4585 quod
293 4507 434 4586 oportebat
443 4505 502 4584 lege
511 4506 603 4583 statui,
615 4528 668 4566 non
675 4508 835 4569 seruandam
888 4516 941 4576 Καὶ
957 4513 1005 4596 δρα
1013 4561 1022 4590 ‚
1035 4513 1100 4594 ὅπερ
1122 4516 1203 4594 ἐχρῆν
1216 4514 1438 4590 νομοθετηθῆναι,
1451 4507 1495 4569 δτι
1511 4511 1543 4568 ού
1557 4510 1598 4568 δεῖ
1616 4531 1661 4588 ριν

90 4626 147 4664 csse
157 4603 255 4683 legent,
271 4600 300 4660 id
310 4601 405 4658 Petrus
415 4598 541 4658 induxit:
556 4599 629 4678 quod
641 4623 705 4661 vero
712 4596 834 4662 nostrum
888 4606 994 4666 λάττειν
1009 4607 1052 4666 τδν
1065 4605 1155 4684 νόμον,
1171 4609 1185 4664 θ
1207 4603 1308 4683 Πέτρος
1322 4600 1461 4681 εἰσήγαγε·
1474 4600 1506 4660 τὸ
1521 4599 1550 4660 δὲ
1564 4601 1664 4678 ἡμέτε-

90 4713 140 4774 ost,
156 4697 282 4777 quodque
293 4696 351 4775 jam
365 4692 430 4752 olim
445 4705 597 4772 susceptum
616 4694 678 4768 suit,
699 4695 752 4756 hoc
768 4696 835 4755 dicit
888 4722 940 4778 ρον,
955 4699 1000 4758 καί
1014 4700 1099 4759 πάλαι
1113 4696 1288 4778 παραδεχθὲν,
1299 4702 1377 4755 τοῦτο
1386 4684 1460 4760 οὗτός
1473 4715 1554 4774 ρησι,
1565 4694 1664 4753 καὶέν-

90 4793 149 4866 isto,
163 4805 189 4848 ot
203 4802 325 4848 versatur
339 4786 365 4845 in
377 4807 419 4859 oo,
432 4784 467 4844 de
480 4804 535 4863 quo
544 4785 613 4844 nihil
625 4786 832 4867 scriptumerot3
887 4790 1016 4868 διατρίύει
1031 4793 1136 4871 ἐκείνην,
1154 4788 1221 4870 ὑπὲρ
1239 4779 1269 4848 ού
1289 4786 1362 4847 οὐδὲν
1378 4786 1548 4866 γέγραπται,
1561 4784 1608 4845 ἵνα
1620 4789 1666 4847 αὖ·

91 4900 121 4943 ut
136 4904 252 4964 portem
266 4902 418 4941 concessam
435 4877 543 4937 illorum
557 4893 649 4938 ctuotu
664 4896 761 4956 mento,
782 4884 833 4944 hoc
886 4889 938 4943 τῶν
952 4883 1114 4964 θεραπεύσας
1124 4881 1171 4955 τὴν
1185 4882 1300 4941 διάνοιαν
1317 4882 1355 4958 τῷ
1369 4877 1617 4958 συγκεχοιρημένιρ,
1627 4880 1667 4937 εύ-

90 4975 170 5035 etiam
185 4988 333 5055 opportune
351 4972 497 5032 induceret.
515 4972 585 5030 Ideo
598 4993 651 5052 ego
657 4976 757 5053 judico
773 4997 831 5034 non
886 4978 983 5059 καίριος
995 4977 1123 5056 εἰσαγάγῃ
1136 4975 1180 5034 καὶ
1191 4981 1275 5035 τοῦτο.
1286 4973 1334 5033 dub
1352 4971 1405 5052 ἐγὼ
1422 4972 1504 5052 κρίνω
1517 4971 1557 5049 μὴ
1571 4995 1670 5051 παρεν·

122 5169 131 5189 ι
154 5151 196 5200 Πῖῖ
214 5156 281 5208 σύτο,-
293 5159 337 5219 νὰρ
348 5164 401 5218 χιι.
897 5152 967 5213 dice,
980 5152 1021 5220 qui
1034 5154 1121 5204 sctiem
1134 5162 1246 5216 tautum,
1259 5167 1310 5204 uon
1322 5166 1382 5203 tcto
1393 5165 1494 5201 sensum
1507 5160 1605 5202 mutat.

121 5235 135 5276 b
154 5229 200 5282 ttic
216 5227 299 5280 omn³o
316 5228 494 5294 perturbantur
505 5229 530 5280 in
545 5245 618 5296 supro
637 5243 776 5285 memorato
794 5232 846 5285 Co·
928 5248 938 5272 ο
955 5231 1040 5283 Ποτολ
1055 5237 1197 5300 δημηγορεῖν.
