3728 5978
102 512 167 584 186
450 532 479 577 s,
507 529 642 577 ioannis
667 526 1035 581 cnnrsosrqancnrnr.
1062 534 1326 583 consrrnrnion.

96 682 145 720 eur
156 633 402 740 tugesittumt‘cur
416 675 507 712 recens
521 651 723 728 illuminatum?
736 671 798 709 nam
812 662 839 708 et
892 650 964 731 ἔχοις
983 654 1015 714 δν
1032 664 1079 718 τοῦ
1102 663 1212 740 μικροῧ;
1226 658 1295 728 τίνας
1319 659 1406 720 ἕνεκεν
1428 665 1533 727 πενθεῖς
1549 661 1629 734 αι’πό,
1643 662 1667 718 τί

96 754 143 813 ille
156 746 567 835 ejusdemeonditionisest.Cur
576 765 639 825 ergo
651 746 727 824 luges
736 741 839 801 illum?
892 751 939 806 τοῦ
959 749 1147 830 »asperiorem
1169 750 1215 811 καί
1233 749 1285 832 γὰρ
1307 752 1353 812 καί
1375 754 1473 822 ἐκεῖνος
1495 756 1533 821 τίς
1555 751 1588 812 τὸ
1608 753 1667 812 αὐτὸ

98 848 183 906 noscis
197 841 348 923 quodsicnt
359 839 397 898 sol
407 860 494 920 purus
509 836 641 914 ascendit,
657 835 730 893 itaet
750 833 840 892 anima
894 839 1029 921 περιέστη.
1043 841 1122 911 Τίνος
1139 834 1183 904 σίν
1197 843 1284 904 ἕνεκεν
1294 850 1398 913 πενθεῖς
1412 844 1507 920 αύσόνς
1523 849 1572 906 οὐκ
1583 837 1667 918 οἶδας,

98 938 241 999 cumbona
254 931 414 994 conscientia
442 951 540 1011 corpus
563 928 728 1006 relinquens,
747 926 840 1006 splen-
893 931 934 993 ὅτι
950 934 1070 1017 καθάπερ
1089 934 1164 1008 ἥλως
1182 937 1297 1018 μωρὸς
1313 937 1428 998 hm„-
1448 936 1520 998 οὕτω
1537 937 1584 998 καὶ
1597 936 1666 1018 ψυχὴ

98 1030 162 1091 dide
173 1028 280 1109 fulget?
294 1029 354 1087 Non
367 1047 428 1084 cum
446 1037 520 1083 tanto
542 1020 648 1082 silentio
669 1019 761 1082 videas
782 1019 840 1077 lm·
894 1028 973 1101 σῶμα
988 1025 1168 1088 ἀπολείπουσα
1180 1027 1250 1106 μετὰ
1263 1034 1379 1109 καθαροῦ
1392 1030 1557 1104 συνειδότος,
1566 1028 1667 1106 λα’μπει

98 1136 247 1204 peratorem
256 1119 407 1179 venientem
418 1117 445 1176 in
455 1116 602 1190 civitatem,
617 1125 716 1192 quanto
724 1111 842 1171 animam
894 1116 1018 1199 φαιδρόν,
1028 1119 1089 1199 Οὐχ
1103 1119 1171 1178 ούτω
1183 1114 1294 1198 βασιλέα
1304 1120 1474 1182 ίπιόαίνοντα
1486 1121 1592 1188 πόλεως
1603 1120 1667 1200 μετὰ

92 1236 198 1300 ‘corpus
218 1217 422 1296 relinquentem,
437 1225 463 1272 et
484 1232 547 1270 eum
567 1209 670 1290 angelis
691 1207 841 1267 abeuntem.
893 1208 1024 1280 τοσαύτης
1035 1211 1091 1269 ἐστὶ
1108 1215 1185 1290 σιγῆς
1205 1211 1280 1283 ἰδεῖν,
1294 1215 1330 1279 ὣς
1342 1211 1432 1293 ψυχὴν
1443 1217 1560 1294 ,ἀφεῖσαν
1575 1216 1667 1291 σῶμα,

100 1310 196 1389 Cogita
208 1330 267 1387 qnae
280 1308 315 1366 sit
334 1320 397 1365 tunc
420 1300 521 1381 anima,
549 1302 647 1381 inquo
666 1314 785 1381 stupore,
814 1297 841 1355 in
862 1300 939 1364 Βκαλ
956 1300 1025 1378 μετὰ
1039 1301 1158 1382 ἀγγέλων
1177 1306 1314 1364 ἀπιοῦσαν.
1334 1304 1476 1377 Ἐννόησον
1499 1305 1540 1375 τίς
1565 1309 1665 1376 ἐστινὴ

99 1425 151 1482 qua
166 1400 354 1474 admiratione,
368 1398 460 1476 inqua
476 1395 624 1476 voluptate.
647 1395 714 1471 Cur,
740 1413 841 1472 queso,
895 1393 984 1474 ψυχὴ,
998 1396 1025 1453 ἐν
1039 1393 1082 1477 σία
1091 1393 1150 1454 τότε
1162 1394 1287 1468 ἐκπλήξει
1300 1395 1418 1476 γίνεται,
1433 1399 1462 1456 lv
1472 1397 1521 1479 οίιρ
1534 1397 1666 1476 θαύματι,

99 1494 197 1574 luges?
211 1514 277 1552 num
303 1492 331 1550 in
347 1489 534 1571 peccatoribus
560 1500 666 1546 tantum
683 1487 735 1545 hoc
758 1483 842 1544 lacis?
884 1475 921 1546 ’ἐν
933 1485 977 1566 σία
990 1486 1081 1564 ἡδονῇ.
1104 1484 1142 1545 Τί
1160 1491 1278 1559 πενθεῖς;
1304 1488 1381 1549 ἐἰπέ
1402 1512 1467 1567 μοι·
1494 1490 1531 1569 μὴ
1554 1488 1607 1570 γὰρ
1627 1491 1668 1550 ἐπὶ

101 1587 213 1647 Utinam
227 1585 266 1644 sic
280 1598 358 1660 esset,
371 1603 424 1642 non
451 1581 555 1640 luctum
570 1579 744 1661 prohiberem
761 1601 768 1635 ι
784 1577 839 1636 uti-
895 1579 1060 1657 ἁμαρτωλῶν
1075 1578 1241 1657 τοῦτομόνον
1261 1588 1360 1656 ποιεῖς,
1381 1581 1445 1642 Είθε
1464 1589 1546 1643 τοῦτο
1564 1575 1606 1656 ἦν,
1624 1583 1667 1642 καὶ

100 1700 164 1737 nam
187 1678 248 1737 talis
268 1691 335 1735 esset
358 1695 465 1754 scopus.
483 1672 534 1732 Hic
552 1673 643 1731 luctus
667 1670 840 1752 apostolicus,
894 1673 942 1730 odie
954 1670 986 1729 ἂν
1002 1670 1123 1731 ἐκώλυσα
1137 1669 1172 1730 τὰ
1186 1670 1284 1743 πένθη·
1297 1674 1350 1732 εἴθε
1363 1679 1478 1743 τοιοῦτος
1491 1678 1506 1734 θ
1517 1666 1645 1748 mothel
1660 1720 1665 1731 .

99 1772 145 1832 hie
154 1771 234 1831 etiam
248 1769 408 1830 Dominicus
419 1781 459 1826 ost
473 1790 479 1823 :
493 1765 611 1847 ploravit
622 1766 694 1825 enim
707 1766 786 1826 tesus
796 1765 842 1825 le·
895 1756 980 1832 Ούτος
994 1768 1112 1844 δθρῆνος
1122 1765 1311 1836 ἀποστολικδς,
1329 1757 1403 1834 οὗτος
1417 1767 1431 1826 ὁ
1446 1771 1541 1848 θρῆνος
1559 1767 1605 1826 καλ
1624 1769 1666 1826 δε-

99 1864 273 1943 rosolymam.
292 1859 400 1920 Vellem
423 1858 475 1917 hae
501 1858 559 1936 lege
590 1855 708 1916 discerni
744 1857 842 1916 luctus.
895 1856 1155 1924 σπστικός·ἔκλαυσε
1175 1857 1228 1937 γὰρ
1241 1858 1287 1918 καλ
1300 1861 1401 1933 Ἰησοῦς
1417 1860 1466 1933 τὴν
1485 1860 1665 1940 Ἰερουσαλήμ

100 1953 216 2026 Quando
229 1963 467 2011 autemrevocatns
479 1949 562 2008 verba
579 1946 714 2024 obtendis,
734 1968 844 2007 consue·
897 1947 1064 2027 Ἐόουλόμην
1087 1947 1171 2029 τούτῳ
1194 1950 1336 2028 διῃρῆσθαι
1359 1955 1398 2033 τῷ
1418 1952 1494 2035 νόμῳ
1521 1952 1557 2013 τὰ
1578 1952 1665 2025 πένθη.

100 2046 234 2123 tudinem,
245 2064 351 2118 euram;
369 2062 422 2100 non
432 2062 462 2100 ea
477 2039 512 2099 de
522 2060 602 2099 eausa
616 2039 701 2119 luges,
725 2038 773 2098 sod
796 2039 844 2097 ob·
895 2041 985 2102 Ὅταν
1001 2040 1029 2101 δὲ
1040 2039 1250 2120 ἀνακαλούμενος
1261 2041 1368 2122 ῥήματα
1377 2041 1458 2124 λέγῃς
1467 2045 1515 2105 καί
1534 2045 1667 2117 συνήθειαν

99 2155 203 2201 tentum
212 2140 324 2220 profers.
339 2138 415 2216 Luge
429 2149 604 2216 peccatorem,
612 2148 638 2193 et
651 2155 701 2214 ego
711 2132 845 2216 lacrymas
898 2133 942 2193 καί
950 2131 1123 2213 προστασίαν,
1133 2133 1192 2214 οθχλ
1203 2129 1247 2192 διδ
1256 2139 1334 2194 τοῦτο
1343 2141 1460 2208 πενθεῖς,
1471 2133 1542 2196 ἀλλὰ
1556 2136 1666 2216 σκήνει-η.

99 2232 227 2308 fundam;
243 2231 299 2290 imo
311 2243 385 2289 tanto
399 2228 485 2309 magis
501 2249 583 2307 quam
605 2240 651 2303 tu,
665 2240 766 2306 quanto
788 2247 845 2286 ma·
899 2225 1044 2299 Πίνθησον,
1058 2224 1179 2294 στέναξον
1193 2225 1237 2286 τθν
1250 2227 1418 2308 ἁμαρτωλὸν,
1435 2227 1481 2287 καὶ
1495 2226 1550 2307 ἐγὼ
1568 2227 1667 2297 κατάξει

98 2325 158 2406 jore
173 2324 220 2385 ille
233 2321 367 2404 supplicio
380 2320 562 2380 obnoxiusest
577 2342 583 2375 ι
596 2338 645 2398 ego
655 2339 762 2398 quoqne
772 2319 846 2378 hune
898 2317 998 2398 δάκρυα
1011 2341 1018 2354 ·
1032 2316 1077 2376 καὶ
1091 2315 1144 2397 ἐγὼ
1163 2323 1208 2378 σού
1222 2319 1334 2397 μᾶλλον,
1347 2317 1401 2399 ὅσῳ
1411 2319 1458 2379 καί
1474 2318 1577 2399 μείζονι
1587 2344 1667 2399 τιμον·

100 2417 203 2478 habens
219 2435 342 2496 scopum,
360 2412 472 2492 lugebo.
487 2410 584 2469 Talem
595 2423 735 2470 mortuum
755 2431 807 2470 non
821 2424 847 2470 te
865 2429 884 2477 c
900 2411 944 2492 ρίρ
967 2409 1105 2477 ὑπεύθυνος
1121 2414 1136 2469 ὁ
1152 2415 1280 2477 τοιοῦτος·
1303 2410 1350 2470 καί
1374 2409 1427 2490 ἐγὼ
1453 2411 1581 2493 θρηνήσω
1606 2411 1667 2490 pasl

99 2511 198 2581 solnm,
209 2508 255 2568 sod
264 2520 349 2566 totam
358 2505 496 2564 civitatem
506 2503 600 2581 lugere
612 2515 729 2582 oportet,
744 2524 845 2563 necnon
898 2501 1014 2563 τοιούτου
1025 2507 1135 2562 σκοποῦ.
1149 2504 1190 2561 oo
1204 2501 1233 2565 σὲ
1244 2501 1271 2562 δὲ
1284 2503 1363 2580 μόνον
1374 2503 1419 2563 τδν
1430 2512 1550 2565 τοιοῦτον
1562 2506 1601 2564 δεῖ
1610 2509 1667 2585 θρη·

100 2625 191 2665 omnes
198 2613 378 2677 occurrentes,
389 2618 486 2677 nempe
497 2596 574 2674 qnasi
587 2618 642 2671 eos,
657 2596 703 2673 qui
718 2594 753 2655 ad
770 2618 846 2656 mor·
898 2603 961 2662 νεῖν,
975 2592 1044 2652 ἀλλὰ
1055 2592 1102 2652 καλ
1115 2592 1163 2665 τὴν
1175 2593 1251 2652 πόλιν
1266 2593 1373 2655 ἅπασαν
1391 2594 1437 2655 καὶ
1455 2594 1516 2663 πούς
1534 2598 1667 2656 ἀπαντῶν·

16 2756 20 2762 ,
100 2710 155 2756 tem
170 2694 318 2754 ducuntur.
339 2693 412 2752 Vere
424 2709 540 2767 namque
551 2688 608 2747 hac
625 2687 696 2749 mala
708 2709 780 2748 mors
794 2703 844 2767 est,
898 2712 960 2763 τας,
974 2685 1093 2768 καθάπερ
1104 2684 1164 2753 τούς
1177 2685 1221 2745 ἐπὶ
1234 2685 1345 2748 θάνατον
1362 2686 1556 2766 ἀπαγομένως.
1570 2685 1667 2754 Ὄντως

99 2809 172 2846 mors
180 2797 360 2867 peccatorum.
369 2779 619 2858 Sedressusdeque
631 2781 846 2842 versaesnnt.Hic
898 2781 951 2862 γὰρ
963 2778 1073 2846 θάνατος
1088 2769 1162 2846 οὗτός
1176 2782 1231 2839 ἐστι
1249 2777 1379 2858 πονηρὸς,
1397 2784 1479 2839 ὁτῶν
1494 2780 1665 2860 ἅμαρτονλῖνν.

99 2879 190 2938 luctus
213 2891 240 2937 et
261 2873 467 2958 philosophicus
492 2886 530 2931 est
552 2886 578 2931 et
597 2870 749 2931 doctrinam
765 2872 846 2932 habet
898 2870 978 2934 Ἀλλδι
1000 2870 1035 2932 τὰ
1052 2872 1106 2931 ἄνω
1127 2870 1201 2931 κάτω
1213 2871 1362 2950 γεγένηται.
1378 2862 1466 2939 Οὗτος
1480 2876 1495 2931 θ
1510 2875 1605 2954 θρῆνος
1624 2871 1665 2931 καί

100 2971 214 3029 multam
221 2969 285 3045 ,ille
298 2988 364 3029 vero
373 2987 408 3024 ex
416 2962 641 3046 pusillanimitate
651 2963 843 3044 proficiscitur.
899 2965 1052 3045 φιλοσοφίας
1067 2962 1138 3037 ἐστὶ,
1151 2962 1197 3022 καλ
1206 2962 1382 3035 διδασκαλίαν
1396 2963 1454 3043 ἔχει
1469 2963 1572 3036 πολλήν
1584 2987 1592 3001 ·
1605 2965 1666 3023 ἐκεῖ·

100 3061 132 3121 Si
142 3061 180 3120 ita
190 3061 344 3139 lugeremus
358 3076 460 3130 omnes,
472 3054 534 3115 illos
546 3054 668 3114 viventes
677 3054 847 3116 emendasse⁴
898 3082 941 3126 νος
952 3058 981 3118 δὲ
995 3055 1180 3140 μικροψυχίας.
1196 3057 1230 3116 Εἰ
1243 3058 1400 3136 ἑθρηνοθμεν
1414 3062 1507 3116 τοῦτον
1520 3056 1567 3116 etv
1580 3061 1666 3139 θρῆνον

102 3173 174 3210 mus.
198 3146 437 3224 Quemadmodum
453 3147 476 3204 si
500 3166 592 3227 posses
605 3145 751 3225 pharmaca
769 3146 845 3207 adhi·
899 3152 1026 3225 ἅπαντας,
1046 3154 1144 3219 ζῶντας
1165 3147 1196 3206 ἂν
1217 3146 1311 3215 αὐτοὺς
1335 3147 1536 3230 διωρθώσαμεν.
1550 3146 1668 3230 ὴὭσπερ

101 3244 173 3318 here,
197 3264 256 3321 qua
285 3254 400 3299 mortem
425 3238 502 3297 illam
528 3237 694 3319 corporalem
715 3255 845 3316 arcerent,
900 3236 944 3304 ούν
960 3248 982 3304 el
998 3244 1086 3324 κύριος
1104 3235 1137 3316 ἧς
1159 3242 1289 3324 φάρμακα
1309 3243 1458 3320 ἐπενεγκεῖν
1481 3239 1669 3301 κωλύοντατθι

103 3333 247 3394 adhiberes
272 3332 365 3410 ntique
381 3331 437 3390 :ita
454 3345 479 3390 et
492 3352 576 3408 nune,
602 3329 625 3388 si
645 3330 715 3390 hanc
741 3331 846 3412 lugeres
865 3348 883 3393 tr
899 3336 1009 3397 θάνατον
1023 3339 1120 3396 ἐκεῖνον
1139 3336 1184 3394 τὸν
1204 3333 1369 3412 σωματικὸν,
1392 3331 1524 3403 ἐποίησας
1547 3333 1595 3392 ἄν·
1606 3331 1668 3393 οὕτω

27 3482 29 3487 .
101 3440 224 3502 mortem,
236 3439 262 3484 et
277 3437 329 3484 ate
338 3437 364 3482 et
374 3422 464 3482 abillo
475 3443 534 3483 eam
546 3422 634 3504 ipsam
645 3445 756 3484 arceres.
767 3426 846 3485 Nune
899 3429 944 3488 καὶ
959 3434 1013 3502 νῦν,
1028 3427 1052 3487 εί
1064 3451 1094 3505 γε
1109 3432 1202 3486 τοῦτον
1218 3425 1333 3507 ἐθρήνεις
1345 3424 1390 3484 τόν
1404 3425 1530 3497 θάνατον,
1541 3423 1668 3490 θκῶλυσας

101 3517 311 3596 autemanigma
323 3529 361 3575 est
367 3513 551 3594 quodaccidit,
559 3514 629 3594 quod
639 3537 702 3574 cum
711 3518 846 3598 possimus
899 3522 931 3581 ἂν
947 3520 992 3581 καλ
1010 3521 1054 3580 ἐπὶ
1068 3527 1129 3594 σοῦ,
1141 3521 1188 3579 καθ’
1200 3522 1242 3580 ἐπ’
1256 3517 1356 3579 ἐκείνου
1376 3522 1455 3577 ταῦτα
1468 3517 1601 3596 γενέσθαι.
1621 3519 1669 3579 Νῦν

102 3609 233 3689 impedire
246 3607 389 3687 quominus
405 3628 477 3667 mors
487 3607 534 3666 illa
558 3607 672 3683 accidat,
686 3630 740 3668 non
761 3610 846 3692 impe·
899 3611 926 3671 δὲ
942 3611 1052 3690 αίνιγμοί
1065 3613 1121 3672 ἐστι
1139 3611 1170 3671 τδ
1181 3609 1329 3691 γινόμενον·
1342 3608 1447 3690 κυρίους
1461 3608 1511 3688 pls
1535 3609 1614 3677 ὄντας
1635 3607 1667 3687 μὴ

101 3699 209 3759 diamus
216 3724 226 3777 3
238 3698 353 3759 seticum
362 3698 471 3777 accidit,
481 3699 705 3778 lugeamusllere
716 3701 846 3783 lacrymis
898 3709 1069 3787 συγχωρῆσαι
1083 3709 1174 3764 τοῦτον
1188 3697 1436 3782 ἐπελθεῖναριῖναι
1446 3701 1586 3780 γενέσθαι,
1603 3700 1669 3780 γετό·

102 3790 179 3871 digni
190 3806 251 3851 sunt
266 3816 273 3849 τ
289 3812 350 3851 cum
364 3790 510 3851 adstabunt
523 3805 584 3851 ante
598 3792 719 3852 tribunal
733 3794 844 3872 Christi,
899 3823 975 3875 μενον
990 3799 1018 3858 δὲ
1030 3802 1142 3857 πενθεῖν.
1156 3795 1259 3863 Ὄντως
1273 3794 1375 3875 θρήνων
1397 3792 1481 3866 ἄξιοι,
1501 3792 1566 3853 ὅταν
1590 3816 1668 3874 παρα·

101 3885 193 3963 qualia
208 3885 290 3947 verba
309 3884 428 3961 audient,
445 3884 536 3963 qualia
556 3884 712 3965 patientur?
733 3888 844 3948 Frustra
898 3897 981 3951 στῶσι
995 3893 1033 3970 τῷ
1049 3888 1150 3969 βήματι
1162 3893 1207 3948 τοῦ
1222 3889 1356 3970 Χριστοῦ,
1380 3877 1424 3946 οἷα
1447 3886 1609 3947 ἀκούσονται
1624 3883 1667 3967 ρή-

101 3978 230 4037 vixerunt
240 3977 281 4053 hi,
293 3977 348 4037 imo
359 3998 412 4036 non
424 3978 533 4054 frustra,
544 3977 627 4037 sedin
639 3978 751 4039 malum.
763 3982 804 4040 De
812 3981 844 4040 il·
899 4007 987 4063 ματα,
1002 3974 1044 4042 οἶα
1055 3982 1191 4041 πείσονται
1202 3979 1364 4060 πράγματα,
1378 3979 1448 4058 hlefi
1469 3977 1568 4053 ἔζησαν
1586 3968 1666 4038 οἶτον

1 4110 25 4137 ρ,
41 4090 76 4138 μ,
101 4068 134 4128 lis
148 4070 239 4129 dicere
251 4092 299 4151 par
316 4071 490 4130 esttllonum
518 4086 574 4132 erat
596 4073 660 4150 illis,
681 4072 705 4133 si
721 4074 842 4134 natinon
898 4079 998 4155 μᾶλλον
1018 4074 1046 4135 δὲ
1066 4078 1113 4135 οὐκ
1128 4076 1202 4152 εἰκῇ,
1225 4071 1359 4132 ἀλλὰκαὶ
1379 4071 1523 4152 ἐπίκακῷ.
1545 4069 1602 4132 Καὶ
1627 4069 1666 4129 ἐπὶ

100 4165 221 4223 luissent.
238 4166 305 4237 Qnae
332 4165 445 4240 utilitas,
465 4187 565 4243 quaeso,
587 4180 693 4226 tantum
711 4167 844 4229 insumere
896 4169 993 4230 τούτων
1015 4167 1134 4248 εὔκαιρον
1149 4170 1246 4226 εἰπεῖν·
1265 4163 1395 4246 συμφίρον
1409 4154 1442 4236 ἦν
1457 4163 1561 4232 αὐτοῖς,
1583 4164 1606 4221 εἰ
1625 4163 1667 4222 οὐκ

100 4272 206 4338 tempus
219 4260 247 4316 in
261 4258 355 4338 capitis
367 4259 408 4318 sui
421 4259 543 4319 malum?
557 4260 587 4321 Si
597 4261 697 4321 frustra
706 4262 843 4323 solumin-
897 4260 1082 4340 ἐγεννήθησαν.
1093 4259 1130 4319 Τί
1141 4258 1192 4340 γὰρ
1206 4256 1310 4337 ὄφελος,
1324 4253 1383 4316 ῑίπῖ
1391 4275 1456 4335 ΙΑθῑν
1470 4258 1596 4312 ‘mm
1608 4253 1667 4311 ἄη·

99 4362 220 4406 sumtum
230 4349 335 4424 snisset,
351 4369 404 4407 non
414 4363 519 4409 tantum
532 4351 627 4410 inisset
638 4351 777 4411 damnum.
791 4354 844 4414 Dic
854 4369 880 4415 'n
897 4356 982 4413 λῶσαι
993 4351 1087 4435 χρόνον
1104 4350 1148 4410 ἐπὶ
1159 4352 1234 4429 κακῷ
1245 4351 1292 4420 τῆς
1306 4346 1407 4407 terem
1422 4347 1558 4425 κεφαλῆςῐ
1572 4345 1608 4404 El
1620 4342 1667 4422 tl?

99 4437 178 4514 mihi,
189 4438 211 4496 si
223 4438 284 4516 quis
294 4439 473 4497 mercenarius
485 4440 580 4518 viginti
589 4462 672 4501 annos
680 4443 781 4503 frustra
788 4464 845 4524 per·
899 4447 957 4524 εἰκῇ
980 4443 1058 4523 μόνον
1076 4440 1209 4511 ἀναλωτο,
1223 4443 1271 4499 οὐκ
1288 4437 1320 4497 ἂν
1332 4436 1443 4518 ἤρασσεν
1458 4440 1476 4508 ἡ
1491 4431 1585 4514 ζημία.
1602 4432 1667 4494 Εἰσί

99 4529 157 4607 dat,
168 4551 255 4588 annon
272 4530 392 4610 plorabit
405 4545 431 4588 et
444 4531 529 4605 flebit,
540 4534 717 4613 omniumque
727 4535 845 4596 miserri-
899 4562 960 4617 μοι,
976 4536 1002 4598 εί
1015 4562 1055 4605 τις
1073 4535 1201 4616 μισθωτὸς
1220 4531 1359 4614 γενόμενος
1376 4530 1474 4591 είκοσιν
1494 4528 1543 4603 ἔτη
1557 4525 1667 4588 καταιθ

100 4623 739 4686 musessevidebitur?Athictotamvitamsnam
748 4629 844 4689 trustra
897 4655 989 4693 πτοιτο
1008 4633 1083 4708 εἰκῇ,
1099 4632 1128 4687 οὗ
1149 4625 1292 4687 κλαύσεται
1305 4624 1351 4684 καλ
1365 4623 1510 4705 θρηνησει,
1534 4621 1581 4682 καλ
1604 4619 1666 4689 δόξαι

99 4716 227 4797 perdidit,
241 4737 326 4794 neque
338 4717 379 4775 rel
391 4737 444 4775 uno
455 4715 500 4777 die
510 4716 649 4795 sihivixit,
658 4719 706 4778 sed
725 4718 841 4801 deliciis,
897 4726 1003 4785 πάντων
1031 4721 1200 4801 ἐλεεινότερος
1223 4710 1306 4792 εἶναις
1336 4716 1389 4778 Καὶ
1410 4706 1485 4784 οὗτος
1509 4725 1600 4774 πᾶσαν
1622 4711 1666 4785 τὴν

98 4810 225 4886 luxuriae,
246 4808 379 4886 avaritia,
391 4809 633 4889 peccato,diobolo.
646 4816 754 4892 Annon,
771 4837 843 4893 quae-
898 4817 966 4891 ζωὴν
977 4821 1035 4896 εἰκῇ
1046 4812 1195 4884 κατεκόπη,
1207 4810 1265 4871 οὐδὲ
1279 4809 1342 4888 μίαν
1352 4807 1455 4890 ἡμέραν
1469 4806 1561 4880 ἔζησεν
1575 4807 1666 4884 ἑαυτῷ,

98 4926 136 4977 so,
150 4905 222 4962 hune
244 4903 418 4982 lugebimus?
440 4925 527 4962 atinon
551 4906 743 4967 conabimura
767 4910 841 4988 peri-
897 4910 966 4970 ἀλλὰ
990 4914 1023 4988 τῇ
1046 4910 1146 4989 τρυρῇ,
1172 4909 1205 4983 τῇ
1233 4901 1371 4982 ἀσελγείᾳ,
1397 4903 1430 4978 τῇ
1457 4898 1610 4980 πλῑῡνῑξῖᾳν
1635 4900 1665 4973 τῇ

99 4998 283 5057 νιιίιοοιιισιεθ
298 4999 455 5073 Possumus,
469 5011 540 5056 certe
552 5019 705 5079 possumus,
732 5000 754 5058 si
773 5003 841 5063 veli·
897 5001 1034 5084 ἁμαρτίᾳ,
1055 5003 1093 5079 τῷ
1110 4994 1233 5074 διαύόλῳ.
1253 4997 1354 5054 Τοῦτον
1377 4983 1422 5051 σύν
1436 4993 1466 5052 οὗ
1486 4990 1666 5074 θρηνόσομῑνῖ

98 5092 231 5168 rntts,ejtts
242 5090 406 5171 supplicium
415 5090 503 5150 levius
513 5092 626 5151 efficere.
644 5094 673 5153 Si
686 5094 838 5172 frequenter
896 5095 954 5155 εἰπέ
968 5118 1026 5172 μοι·
1048 5095 1077 5151 οὐ
1099 5088 1278 5171 πειρασόμεθα
1292 5091 1344 5147 τῶν
1360 5084 1486 5146 κινδύνων
1508 5081 1666 5165 ἐξαρπάσαι,

129 5306 139 5323 -·
155 5285 226 5335 idem
240 5295 287 5340 steri
296 5309 349 5351 μοις
361 5295 413 5341 ἀλλ’
427 5295 463 5342 ἰπὶ
477 5296 622 5359 ἁμαρτωλῶν
634 5299 785 5357 τοῦτομόνον.
904 5289 1082 5361 ὖιυρθώοκρεεν.]

129 5367 142 5402 l>
155 5362 287 5431 :illidentes
307 5375 350 5432 γὰρ
364 5382 383 5417 εί
403 5371 483 5434 κύριος.
498 5364 587 5434 [Paulo
607 5379 665 5420 ante
684 5371 714 5420 D.
729 5381 815 5433 ζῶντας
827 5377 854 5422 ἂν
1026 5385 1030 5391 ’
