3728 5978
90 458 138 531 60
442 486 473 535 s.
499 487 639 536 ιοιιιιιιιε
664 487 849 535 crmrsosr.
877 489 1032 537 sucrum.
1059 482 1329 538 cousrsumsor.

91 627 153 666 nem
164 605 253 678 dicere
266 620 327 666 ante
340 609 490 689 passionem
509 609 612 668 datam.
635 607 707 671 Vide
726 623 832 683 autem,
848 607 872 708 γ’
887 608 984 690 ἐξέχεε,
1005 610 1066 691 περὶ
1077 614 1156 672 αὐτοῦ
1168 615 1182 670 ὁ
1195 612 1332 691 προφήτης
1345 610 1449 689 είρηκεν
1462 608 1658 691 &somariis

91 697 227 778 quomodo
239 711 328 758 totum
340 701 397 780 jam
412 699 453 759 illi
473 699 608 759 adscribat
626 721 694 778 rem,
708 721 834 781 magnam
888 709 944 770 ταῖς
957 702 1083 782 έσχάταις
1095 705 1208 785 ἡμέραις
1222 705 1307 782 ἐκχεῶ
1317 701 1371 761 ἀπδ
1383 705 1429 761 τοῦ
1440 700 1598 780 Πνεύματύς
1609 723 1660 780 μοι

92 789 196 849 occulte
208 790 314 848 faciens.
329 793 398 850 Nam
411 791 434 850 si
450 792 506 872 ipse
522 791 629 865 effudit,
642 791 678 851 de
688 791 737 852 illa
753 812 834 873 supra
887 790 932 851 lul
953 792 1013 861 τοὺς
1037 792 1143 862 δούλους
1165 793 1275 873 pecual
1297 793 1342 853 ἐπὶ
1364 791 1411 860 τδς
1424 791 1520 860 δούλας
1533 816 1597 870 μου,
1615 792 1661 851 καὶ

92 882 223 964 propbeta
236 882 405 962 loquebatur,
419 882 512 944 dicens
524 908 531 941 :
542 888 580 942 In
597 888 761 944 novissimis
776 886 834 943 die-
887 882 964 943 δύσω
977 883 1075 963 τέρατα
1087 889 1113 945 ἐν
1127 889 1166 965 τῷ
1177 887 1279 966 οθρανῷ
1294 885 1357 944 ἄνω.
1368 882 1443 966 Ὅρα
1456 874 1500 943 οἶα
1511 882 1661 962 κεκρυμμέ-

93 979 146 1035 bus
155 977 310 1056 effutuiam
320 975 471 1055 deSpiritu
481 997 544 1035 mco
555 997 640 1057 super
648 996 745 1035 servos
756 996 833 1035 meos
887 1000 937 1044 νιος
951 977 1091 1050 ἐντίθησιν.
1112 977 1182 1038 Ἀλλ’
1198 975 1289 1049 ἐπειδὴ
1305 977 1374 1055 μέγα
1385 967 1427 1051 iis,
1441 976 1523 1036 πάλιν
1535 973 1601 1034 αὐτὸ
1610 997 1660 1033 ου-

92 1081 120 1125 ε1
140 1088 225 1147 super
240 1067 369 1127 ancillas
391 1088 487 1138 ιιιεαες
505 1081 535 1128 et
553 1069 630 1127 dabo
645 1069 781 1149 prodigia
802 1073 835 1127 iu
888 1067 989 1137 σκιάζει
1001 1073 1040 1150 τῷ
1054 1068 1128 1152 παρὰ
1140 1076 1187 1130 τοῦ
1200 1068 1306 1150 Πατρδς
1326 1069 1427 1129 λαθεῖν.
1448 1057 1519 1128 blara
1533 1066 1569 1125 rb
1580 1089 1660 1146 γεγι-

91 1160 162 1218 coelo
172 1179 296 1218 sursum.
310 1158 392 1235 Vide,
403 1159 493 1238 qualia
506 1160 608 1220 occuhe
621 1161 768 1221 interserat.
780 1159 833 1220 Sed
888 1161 990 1240 νημένα
1001 1161 1097 1242 ἀγαθά,
1111 1159 1145 1222 ab
1155 1171 1269 1239 σημεῖα·
1279 1151 1363 1233 εἶπεν,
1373 1160 1415 1221 ὅτι
1425 1158 1548 1239 βασιλεύς
1557 1160 1661 1218 *ἐστιν’

90 1251 154 1329 quia
164 1271 261 1330 magna
273 1265 389 1326 reserat,
400 1273 494 1311 rursus
505 1252 581 1312 illam
592 1253 745 1328 obumbrat,
755 1253 833 1332 quasi
888 1253 929 1311 ὅτι
943 1255 979 1322 εἰς
996 1251 1090 1321 αὐτοὺς
1108 1245 1187 1325 ἧκεν·
1208 1243 1291 1325 εἶπεν,
1305 1252 1346 1311 ὅτι
1358 1252 1436 1320 abab<
1448 1251 1479 1311 τὸ
1492 1252 1606 1329 Πνεῦμα
1618 1249 1661 1309 δί-

90 1347 195 1403 aPatre
203 1343 342 1423 acceperit.
353 1342 427 1402 Dicit
436 1345 506 1404 bona
517 1345 647 1426 praestita,
659 1345 748 1424 signa,
758 1344 834 1424 quod
887 1346 976 1406 δωσιν.
989 1343 1064 1407 Ὅσα
1074 1344 1126 1429 γδρ
1140 1345 1171 1405 θν
1186 1345 1247 1425 eia-p
1262 1368 1318 1414 τις,
1334 1347 1357 1404 εὶ
1373 1343 1410 1422 μὴ
1426 1346 1463 1411 εἰς
1476 1343 1517 1404 τὸ·
1526 1341 1660 1423 συμφέρον

90 1436 127 1495 sit
137 1437 213 1511 Rex,
225 1435 297 1513 quod
314 1434 350 1494 ad
366 1436 440 1516 ipsos
459 1437 562 1496 venerit
573 1461 580 1497 :
591 1437 664 1496 dixit
684 1436 757 1515 quod
775 1437 833 1518 ipse
887 1437 1054 1510 τελευτήσει,
1068 1439 1126 1516 εἰκῇ
1140 1436 1220 1516 λέγει.
1239 1436 1344 1518 Ὠσπερ
1361 1434 1407 1494 καὶ
1422 1434 1549 1507 Ἰωάννης
1568 1443 1660 1506 ποιεῖ,

89 1526 136 1585 det
145 1528 277 1608 Spiritum
291 1541 422 1586 sanctum.
434 1528 618 1607 Quacumque
631 1529 702 1588 enim
715 1528 777 1607 quis
789 1527 832 1587 di·
887 1519 972 1596 Οὗτος
982 1532 1065 1606 ὑμᾶς,
1078 1527 1173 1609 λέγων,
1190 1527 1350 1607 βαπτίσειέν
1365 1525 1505 1604 Πνεύματι
1516 1524 1595 1606 ἂγίςρ.
1608 1526 1661 1586 Kal

89 1620 170 1694 xerit,
181 1620 233 1678 nisi
244 1619 280 1678 ad
294 1620 438 1678 utilitatem
447 1619 549 1697 tendat,
560 1635 659 1680 temere
667 1619 744 1679 dicit
756 1619 833 1680 Sicut
851 1632 868 1678 B
887 1619 1025 1691 δείκνυσιν,
1038 1619 1104 1680 ὅτιὸ
1117 1619 1229 1700 σταυρὸς
1242 1622 1271 1678 ot
1290 1620 1369 1697 μόνον
1384 1617 1463 1678 αθτδν
1474 1618 1523 1676 οῦκ
1535 1616 1660 1688 ήλάττω·

1 1700 26 1735 ”
56 1722 63 1735 ·
89 1725 114 1771 et
129 1714 245 1774 ioannes
262 1711 335 1785 facit,
348 1710 536 1792 dicenszlpse
549 1733 604 1771 aas
625 1715 785 1792 baptizabit
800 1716 832 1770 ι’νι
887 1735 940 1784 σιν,
961 1710 1031 1771 etit
1051 1711 1096 1770 καὶ
1115 1710 1297 1791 λαμπρότερον
1318 1708 1475 1788 εἰργάσατο,
1488 1707 1557 1787 εἴγε
1576 1707 1662 1767 πάλαι

89 1806 197 1885 Spiritu
215 1816 328 1862 sancto.
349 1801 387 1861 Et
408 1802 541 1878 ostendit,
555 1825 664 1863 crucem
676 1823 729 1863 non
750 1802 832 1862 moda
887 1799 934 1878 μέν
956 1802 1133 1880 ἐπηγγέλλετο
1151 1805 1165 1860 θ
1186 1801 1254 1868 Θεδς
1275 1803 1363 1880 αὐτῷ,
1377 1799 1436 1858 τότε
1454 1800 1483 1859 δὲ
1497 1798 1605 1858 ἔδωκεν.
1622 1794 1660 1858 Ἢ

54 1940 57 1947 .
89 1898 179 1977 ipsum
199 1915 252 1959 non
273 1891 418 1970 minuisse,
440 1893 487 1953 sed
513 1893 595 1954 etiam
621 1893 835 1975 splendidiorem
884 1893 1055 1974 ἐπαγγελίαν,
1066 1894 1156 1974 φησίν,
1170 1893 1203 1965 ἣν
1212 1896 1278 1972 ἡμῖν
1288 1889 1661 1972 ἐπηγγείλατο.ούτωπροή-

88 1984 254 2063 reddidisse,
271 1978 403 2063 siquidem
421 1984 495 2063 quod
515 1985 558 2044 illi
577 1986 644 2045 olim
667 1988 741 2046 Deus
762 2009 829 2068 pro-
885 1986 924 2045 δει
943 1985 1080 2064 ἐσομένην,
1099 1986 1143 2044 καὶ
1168 1985 1274 2064 μείζονα
1297 1989 1361 2063 ἡμῖν
1389 1972 1457 2061 μετὰ
1478 1982 1523 2042 τδν
1548 1982 1660 2061 σταυρδν

88 2079 208 2152 miserat,
228 2089 293 2136 tunc
309 2075 394 2135 dedit.
416 2075 469 2138 Vel
494 2077 709 2157 promissionem,
723 2077 828 2156 inquit,
884 2076 1039 2160 ἐχαρίσατο.
1052 2078 1120 2152 Καί,
1130 2076 1255 2158 Ἐξέχεε,
1268 2074 1355 2157 φησίν.
1367 2073 1500 2135 Ἐνταῦθα
1513 2072 1545 2133 rb
1556 2072 1661 2152 ἀξίωμα

88 2191 171 2250 quam
189 2168 267 2228 nobis
289 2167 423 2248 promisit.
447 2167 493 2227 Sic
512 2169 632 2228 futuram
658 2169 828 2250 presciebat,
884 2168 1019 2251 ἐμφαίνει·
1042 2170 1087 2229 καί
1100 2169 1142 2230 ὅτι
1155 2172 1204 2249 οὐχ
1223 2169 1327 2242 ἁπλῶς,
1348 2166 1417 2241 ἀλλὰ
1432 2166 1478 2226 καί
1498 2164 1569 2245 μετὰ
1584 2167 1661 2247 δαψι-

88 2277 114 2322 ει
127 2263 256 2354 majorem
275 2260 435 2341 nobisepost
455 2281 563 2319 crucem
582 2259 697 2340 largitus
718 2275 765 2321 est.
780 2261 826 2333 Et,
882 2261 963 2328 λείας.
982 2263 1031 2321 Διὸ
1051 2262 1096 2321 καλ
1120 2259 1185 2320 αὐτὸ
1199 2267 1275 2320 τοῦτο
1299 2261 1378 2331 δῆλον
1401 2261 1495 2332 ποιῶν,
1519 2257 1614 2337 ἐπάγει
1626 2257 1660 2317 τά

42 2432 45 2436 .
88 2355 221 2436 Effudit,
248 2351 344 2430 inquit.
369 2351 422 2409 llic
441 2350 602 2430 dignitatem
622 2351 759 2427 declarat,
782 2375 830 2413 nec
884 2352 951 2424 έξῆς.
967 2353 1066 2414 Λοιπὸν
1075 2353 1127 2432 γὰρ
1140 2353 1302 2434 θαρρούντως
1318 2351 1386 2430 μετὰ
1396 2350 1445 2423 τὴν
1464 2357 1511 2411 τοῦ
1528 2349 1659 2430 Πνεύμα-

86 2445 253 2525 simpliciter,
264 2443 311 2503 scd
323 2463 383 2502 cum
396 2442 525 2502 ubertate.
536 2443 600 2503 ldeo
614 2445 667 2503 boc
679 2444 769 2525 ipsum
782 2466 830 2526 pa-
884 2469 927 2513 τος
941 2445 1022 2518 δύσιν,
1037 2444 1156 2524 καὶπερὶ
1168 2449 1217 2515 τῆς
1235 2446 1273 2510 εἰς
1289 2441 1349 2509 τοὺς
1363 2441 1487 2522 οὐρανούς
1504 2441 1659 2522 ἀναλήψεως

86 2537 143 2597 lam
156 2536 266 2613 faciens,
277 2535 414 2612 sequentia
426 2533 541 2593 inducit.
555 2537 649 2594 Postea
661 2534 732 2594 enim
744 2534 830 2594 liden-
884 2537 1049 2616 διαλέγεται·
1062 2536 1107 2596 καλ
1120 2539 1170 2615 οὐχ
1183 2535 1287 2608 ἁπλῶς,
1304 2532 1375 2594 ἀλλά
1385 2533 1465 2593 πάλιν
1481 2533 1526 2593 τὸν
1538 2534 1660 2615 μάρτυρα

86 2643 134 2704 ter,
150 2640 211 2708 post
222 2625 342 2706 Spiritus
354 2625 440 2684 sancti
451 2646 550 2685 munus
562 2624 666 2702 datum,
679 2624 714 2684 de
728 2647 829 2685 assum·
884 2628 1021 2708 παράγων,
1037 2628 1083 2687 καλ
1096 2625 1194 2686 ἐκείνω
1217 2625 1428 2703 ἀναμιμνήσκων
1443 2623 1505 2704 περὶ
1525 2614 1582 2684 aba
1596 2626 1660 2704 Χρι-

86 2721 158 2780 tione
181 2719 209 2778 in
232 2716 310 2777 caelos
330 2717 451 2796 loquitur
464 2740 471 2773 ε
484 2738 571 2795 neque
593 2717 752 2798 simpliciter
757 2741 766 2792 ρ
784 2717 831 2776 sed
848 2737 867 2784 s:
885 2720 945 2787 στὸς
959 2711 1039 2781 εἶπεν.
1058 2721 1100 2779 Ob
1111 2717 1164 2797 γάρ
1179 2718 1265 2778 dauid
1280 2717 1378 2790 ἀνέθη,
1392 2716 1480 2797 φησὶν,
1496 2719 1534 2783 εἰς
1546 2715 1607 2784 τοὺς
1617 2717 1659 2775 ab

85 2825 180 2870 testem
193 2831 304 2869 rursum
316 2808 478 2890 producens,
492 2821 518 2868 et
533 2808 614 2867 illum
634 2829 784 2868 memorans
797 2807 832 2868 de
886 2811 989 2892 parade.

87 2923 140 2982 quo
156 2902 280 2962 Christus
292 2900 373 2961 dixit.
388 2901 437 2961 δέ.
453 2902 521 2961 Non
536 2904 625 2972 enim,
642 2899 741 2979 inquit,
765 2903 831 2961 Da-

90 3001 139 3057 vid
148 3000 281 3057 aseendit
296 3001 329 3056 ia
342 2996 457 3056 caelum.

128 3092 156 3147 5.
177 3088 229 3146 Hic
237 3089 296 3168 jam
312 3109 364 3147 nou
383 3087 498 3147 demisse
510 3088 641 3165 loquitur,
660 3102 779 3150 assumta
798 3112 832 3150 ex
928 3092 1059 3153 Ἐνταῦθα
1087 3094 1134 3151 οὐκ
1161 3092 1200 3152 έτι
1224 3086 1303 3171 ”peti
1333 3093 1480 3161 ὑποστολῆς
1499 3090 1661 3170 δημηγορεῖ,

88 3182 169 3242 dictis
184 3179 286 3238 fiducia
303 3203 310 3235 ι
327 3199 413 3257 neque
432 3178 520 3255 dicit,
541 3179 633 3239 Liceat
665 3179 765 3258 dicere,
786 3185 832 3242 vel
889 3185 958 3265 ἔχων
969 3184 1007 3243 ἐδ
1018 3184 1073 3243 ert
1086 3186 1138 3242 τῶν
1153 3183 1297 3262 εἰρημένων
1312 3181 1420 3261 θάρσος,
1432 3179 1490 3242 οὐδὲ
1499 3180 1584 3261 λέγει,
1608 3179 1663 3249 ἐξὸν

19 3273 70 3320 ’σθ’
91 3273 209 3348 similia,
231 3271 279 3330 sed
304 3272 412 3352 palam:
434 3273 521 3330 Dixit
543 3266 689 3332 Domiuus
704 3276 833 3336 Domino
888 3279 984 3345 εἰπεῖν,
999 3273 1057 3334 οὐδὲ
1073 3274 1123 3334 ὅσα
1137 3280 1260 3345 τοιαῦτα,
1273 3273 1344 3353 λέγει
1361 3273 1389 3334 δὲ
1403 3276 1535 3354 φανερῶς,
1550 3262 1662 3332 Είπενθ

92 3389 166 3446 νιιεο,
181 3368 253 3428 Sede
269 3387 289 3425 a
306 3367 418 3425 dextris
440 3370 521 3437 meis,
538 3367 632 3424 donee
649 3387 759 3446 ponam
774 3374 832 3428 ini·
889 3365 985 3446 Κύριος
1006 3370 1044 3447 τῷ
1060 3365 1151 3448 Κυρίῳ
1165 3390 1232 3443 μου,
1247 3365 1327 3425 κάθου
1338 3369 1368 3425 ἐκ
1382 3363 1472 3433 δεξιῶν
1484 3387 1552 3442 μου,
1566 3362 1616 3430 έως
1629 3362 1661 3420 ds

93 3466 182 3520 micas
192 3472 256 3518 tuos
267 3457 430 3517 scabellum
441 3457 548 3536 pedum
565 3469 690 3516 tuorum.
700 3458 730 3518 si
744 3461 832 3520 Davi·
889 3463 927 3518 θῶ
941 3458 1001 3526 τούς
1020 3457 1126 3539 ἐχθρούς
1140 3479 1186 3516 σου
1197 3454 1343 3516 irraditur.
1351 3460 1402 3515 τῶν
1415 3457 1502 3516 ποδῶν
1515 3477 1572 3514 σου.
1587 3455 1622 3514 Ei
1633 3452 1662 3514 δέ

92 3554 135 3613 dis
146 3551 280 3612 Dominus
299 3563 373 3625 erat,
385 3547 471 3608 multo
492 3548 579 3628 magis
593 3548 713 3609 illorum.
728 3552 801 3612 Sede
815 3575 835 3613 a
889 3556 935 3612 τοῦ
955 3551 1039 3611 Δαυλδ
1052 3550 1161 3632 Κύριος,
1174 3551 1266 3629 πολλῷ
1289 3550 1388 3626 μᾶλλον
1407 3551 1502 3607 αὐτῶν.
1521 3547 1610 3607 Κάθου
1631 3548 1663 3604 ἐκ

93 3648 296 3706 dextrismeis.
313 3644 415 3702 Totum
429 3641 476 3700 bic
489 3641 586 3723 posuit.
602 3641 649 3700 55.
665 3643 768 3703 Donec
781 3666 834 3725 po·
891 3644 981 3713 δεξιῶν
996 3669 1056 3722 μου.
1071 3645 1112 3704 Τὸ
1132 3651 1185 3702 πᾶν
1199 3645 1312 3701 ἐνταῦθα
1334 3641 1459 3701 τέθεικεν.
1475 3638 1549 3707 “Eme
1571 3637 1602 3696 δν
1624 3643 1664 3696 θῶ

96 3760 165 3798 nam
190 3740 323 3796 inimicos
341 3748 405 3794 tuos
418 3733 578 3794 scabellum
590 3734 696 3813 pedum
708 3747 833 3796 tuorum.
890 3735 949 3804 τοὺς
965 3733 1074 3816 ἐχθρούς
1088 3731 1286 3793 «ostreatum
1301 3735 1353 3791 τῶν
1364 3732 1452 3791 ποδῶν
1463 3754 1519 3791 σου.
1529 3729 1664 3790 Ἐνταῦθα

97 3831 146 3890 uic
158 3843 260 3888 metum
269 3846 398 3906 magnum
413 3824 519 3898 incutit,
530 3837 560 3882 nt
571 3823 648 3883 initio
662 3827 836 3905 monstravit3
891 3827 936 3889 xci
949 3828 1030 3908 φόὸον
1040 3826 1169 3898 ἐπέστησε
1180 3825 1275 3904 μέγαν,
1287 3823 1406 3901 καθάπερ
1421 3826 1447 3883 έν
1461 3827 1495 3902 τῇ
1510 3823 1582 3901 ἀρχῇ
1593 3820 1665 3880 έδει-

95 3922 186 4002 qualia
205 3941 302 4001 nempe
318 3917 430 3994 amicis,
445 3915 536 3995 qualia
554 3914 673 3975 inimicis
692 3916 783 3978 iaciat.
800 3923 839 3978 Ac
857 3940 875 3986 1)
893 3921 943 3992 ξεν,
957 3910 1000 3980 οἷα
1011 3917 1070 3985 τούς
1086 3915 1176 3998 φίλους
1187 3916 1338 3998 ἐργάζεται,
1354 3907 1397 3974 οἶα
1409 3913 1469 3981 τοὺς
1480 3912 1597 3995 ἐχθρούς.
1610 3913 1666 3972 Καὶ

97 4036 190 4074 rursus
203 4011 358 4094 imperium,
372 4029 405 4069 ne
418 4029 471 4068 non
484 4007 626 4083 credatur,
640 4007 715 4067 Patri
732 4008 838 4069 adscri-
892 4011 973 4071 πάλιν
985 4009 1034 4083 τήν
1050 4008 1191 4091 κράτησιν,
1204 4008 1248 4066 ἵνα
1265 4007 1303 4086 μή
1324 4011 1488 4080 άπιστήται,
1511 4008 1550 4084 τῷ
1575 4004 1666 4084 Πατρλ

96 4109 146 4167 bit.
162 4107 234 4180 Quia
253 4107 343 4184 itaque
361 4122 458 4182 magna
477 4100 607 4178 loquutus
620 4113 675 4177 est,
692 4121 787 4162 rursus
803 4103 840 4162 ad
893 4103 1056 4176 ἀνατίθησιν.
1070 4101 1148 4161 Ἐπεί
1165 4091 1208 4159 adu
1225 4099 1328 4178 μεγάλα
1341 4096 1498 4179 ἐφθέγξατο,
1525 4094 1606 4157 πάλιν
1619 4097 1666 4154 ἐπὶ

98 4199 212 4257 humilia
219 4216 369 4256 sermonem
377 4193 496 4252 deducit.
504 4192 553 4252 ae.
560 4192 645 4251 Certo
655 4195 745 4272 igitur
752 4198 837 4267 sciat,
893 4196 927 4256 τά
937 4193 1049 4255 ταπεινὰ
1058 4193 1102 4252 τδν
1115 4194 1192 4273 λύγον
1206 4190 1325 4271 κατάγει.
1334 4191 1469 4272 ’Λσφαλῶς
1479 4180 1524 4250 σύν
1537 4189 1667 4266 γινωσκέ-

99 4293 306 4370 inquinamus
327 4289 428 4346 domus
440 4284 536 4345 lsrael
544 4308 556 4353 ;
573 4283 625 4344 hoc
639 4297 693 4361 est,
704 4286 745 4344 Ne
760 4286 841 4346 dubi·
893 4312 946 4362 τω,
960 4287 1042 4367 φησί,
1059 4295 1111 4353 πᾶς
1129 4275 1198 4350 οἶκος
1215 4283 1339 4363 Ἰσραήλ·
1366 4281 1503 4354 τουτέστι,
1527 4279 1565 4358 μή
1582 4283 1666 4360 ἀμφι-

100 4387 171 4461 tctis,
185 4405 218 4443 ne
228 4380 380 4462 ambigatis.
396 4383 490 4438 Postea
501 4397 564 4436 cum
576 4375 709 4456 imperio:
726 4378 803 4455 Quia
811 4373 840 4437 ¹et
894 4380 1031 4453 σθητεῖτε,
1051 4377 1119 4456 μηδὲ
1137 4374 1327 4454 ἀμφιῦάλλετι.
1351 4363 1417 4433 Εἶτα
1431 4373 1476 4432 καί
1487 4372 1666 4438 ἐπιτακτικῶς

101 4482 260 4539 Dominum
274 4495 340 4533 eum
353 4486 380 4532 et
400 4471 630 4551 Cbristumsecit
642 4471 733 4529 Deus.
749 4470 808 4530 Hoc
824 4494 840 4530 a
893 4471 996 4531 λοιπόν·
1010 4470 1078 4531 Ὅτι
1099 4468 1144 4528 καί
1164 4466 1261 4546 Κύριον
1283 4466 1360 4525 αύτδν
1375 4463 1420 4524 καί
1442 4462 1557 4541 Χριστὸν
1571 4467 1585 4522 θ
1597 4461 1668 4528 Θεθς

102 4570 207 4630 Davicle
228 4581 253 4627 et
272 4590 288 4625 a
312 4565 419 4626 Psalmo
440 4560 668 4622 commemoravit.
688 4563 759 4620 Nam
779 4585 840 4622 cum
895 4564 1011 4635 ἐποίησε.
1025 4565 1111 4623 Τοῦτο
1126 4559 1179 4619 άπὸ
1196 4565 1241 4618 τοῦ
1258 4557 1399 4617 Δαυλδκαί
1414 4555 1527 4616 ἀπὸτοῦ
1545 4554 1667 4632 Ψαλμοῦ

101 4663 239 4722 videretur
251 4656 505 4719 dicendumzsserto
517 4653 601 4733 igitur
614 4653 678 4712 sciat
692 4654 778 4713 omnis
791 4655 840 4714 dc·
895 4656 1081 4736 ἐμνημόνευσε.
1105 4652 1170 4712 Δέον
1185 4650 1236 4731 γθρ
1253 4653 1349 4722 εἰπεῖν,
1374 4650 1498 4729 ἀσφαλῶς
1525 4636 1569 4705 adu
1583 4669 1666 4726 γινω-

100 4777 160 4815 mus
182 4753 274 4828 lsrael,
287 4746 504 4830 qiiodadextris
517 4743 627 4820 sedeat,
646 4744 674 4805 id
696 4745 769 4823 qnod
784 4769 840 4806 ma·
895 4750 980 4809 σκέτω
1007 4757 1060 4814 πᾶς
1082 4736 1151 4809 οἶκος
1174 4742 1296 4821 Ἰσραὴλ,
1318 4741 1358 4800 ὅτι
1378 4745 1407 4801 ἐκ
1422 4739 1512 4808 διξῶν
1537 4739 1665 4809 κάθηται,

101 4871 183 4927 guum
197 4862 252 4907 erat
266 4871 271 4903 :
285 4867 316 4904 co
330 4843 422 4902 relicta
435 4837 510 4899 aliud
531 4837 634 4897 inducit
648 4839 734 4898 multo
749 4840 840 4900 11111111-
894 4841 958 4921 ύπερ
970 4833 1002 4912 ἦν
1018 4839 1096 4917 μέγα,
1109 4841 1186 4896 τοῦτο
1197 4835 1280 4915 ἀφεὶς,
1297 4834 1385 4914 ἕτερον
1394 4832 1488 4911 ἐπάγει
1499 4831 1530 4890 τὸ
1541 4829 1608 4890 πολὺ
1619 4853 1666 4889 τα-

100 4944 162 5012 lius,
186 4964 246 5001 curn
264 4940 340 5012 dicit,
362 4922 454 5007 Fecit,
469 4931 497 4991 id
515 4946 568 5008 est,
586 4931 730 4991 constituit.
748 4934 839 5012 ltaque
859 4949 875 4994 Ε
895 4931 1041 5011 πεινότερον
1056 4927 1151 4995 εἰπὼν,
1174 4925 1313 4997 Ἐποίησε,
1338 4924 1472 4996 τουτέστι,
1489 4922 1663 4992 κατέστησεν.

99 5034 167 5092 nihil
181 5033 266 5091 hicde
287 5027 445 5103 substantia,
453 5024 500 5085 scd
516 5037 601 5082 tutum
617 5024 667 5082 bac
678 5023 712 5083 dc
723 5047 750 5084 rc
763 5025 836 5085 (licit.
894 5025 977 5084 Ὥστε
991 5019 1063 5081 οὐδὲν
1075 5019 1135 5098 περὶ
1149 5016 1295 5082 οθτιύισεως
1310 5020 1435 5087 ἐνταῦθα,
1449 5013 1517 5075 ἀλλὰ
1532 5020 1584 5072 πᾶν
1600 5035 1665 5090 φησι

130 5238 139 5261 ¹
159 5220 224 5271 Alius
237 5228 296 5275 lari.
309 5229 333 5270 sb
347 5229 374 5277 είς
387 5221 522 5281 aurisinae,
537 5214 610 5266 mule.
938 5218 950 5254 b
970 5211 1042 5263 idem
1058 5218 1110 5277 μεθ’
1123 5214 1261 5278 impetiit·
1273 5222 1411 5272 perpurum.
