3728 5978
494 443 528 490 11
555 442 643 490 εστι
670 441 926 493 most-omnum.
954 441 1072 490 1101111.
1101 443 1194 491 xum
1552 422 1621 516 373

59 564 225 637 Ἐκκλησίας
243 564 302 628 ούδί
326 569 373 625 τοῖῖ
396 565 508 645 αίματος
525 566 648 648 ἐφείσατο
660 572 706 628 τῶ
725 569 833 641 ίαυτοῶ,
884 562 1021 644 depastis
1030 549 1342 646 rehusesseperiodlnm,
1354 563 1625 644 siquidenltominus

58 662 137 734 ἡμεῖς
156 656 184 716 δὲ
197 663 245 730 τῆς
266 663 318 718 τῶν
333 660 451 740 ἀδελφῶν
465 658 598 742 σωτηρίας
611 666 833 743 καταφρονῶμεν.
885 677 935 737 pro
947 653 1067 716 Ecclesia
1080 677 1165 735 noque
1177 655 1301 736 sanguini
1314 677 1363 716 suo
1372 657 1501 738 pepercit,
1517 678 1626 719 noean-

61 748 115 807 Καί
128 751 228 818 ἐκεῖνος
239 750 287 829 μέν
300 751 343 811 ίνα
357 751 467 832 ἐχθρούς
480 750 649 831 καταλλύξῃ,
661 752 706 813 καί
722 753 753 812 τὸ
767 744 835 831 αἷμα
886 762 940 808 tem
949 748 1064 811 fratrum
1072 749 1187 809 salutem
1197 748 1400 809 contemnimus.
1406 749 1442 809 Et
1449 749 1496 809 ille
1502 750 1625 829 quidem,

61 840 164 921 ἐξέχεε·
186 841 219 902 σίν
237 844 265 903 δέ
285 845 343 904 οὐδὲ
357 838 447 926 φίλους
464 845 617 924 γενομένους
638 844 737 925 ίσχύεις
750 869 835 906 κατα-
887 853 918 899 ut
932 838 1057 901 inimioos
1068 840 1270 914 reconciliaret,
1288 841 1445 920 sanguinem
1457 840 1575 918 effudit-3
1597 854 1628 901 tu

63 933 146 1012 ὀχεῖν.
161 932 235 1014 Ἐγὼ
252 932 303 1016 γὰρ
318 927 376 995 οῖδα
389 942 478 1009 τοῦτο,
493 936 534 995 ότι
556 937 746 998 εἰσελεύσονται
768 935 836 1016 μετδ
886 952 1051 1013 venenoque
1068 933 1169 994 «11111001
1181 935 1296 995 retinere
1305 949 1388 1016 potes.
1406 936 1455 994 29.
1471 938 1537 1016 Ego
1550 940 1630 995 em'm

63 1023 112 1096 τὴν
123 1024 210 1105 ἄφιξίν
223 1050 273 1104 μου
285 1026 361 1087 λύκοι
379 1031 468 1111 βαρεῖς
481 1031 517 1095 είς
530 1032 598 1106 ὑμᾶς
605 1073 614 1102 ,
636 1028 675 1107 μὴ
689 1031 837 1110 φειδόμενοι
887 1030 949 1087 scio
959 1027 1025 1098 boc,
1035 1029 1115 1108 quod
1126 1029 1327 1108 ingredientia·
1341 1040 1408 1108 post
1426 1029 1632 1090 discessionem

63 1123 110 1176 τοῦ
124 1116 256 1195 ποιμνίου.
269 1117 357 1178 Πόλιν
369 1119 477 1179 ἄλλοθεν
496 1116 587 1186 αὐτούς
610 1122 762 1203 ἐπιστρέφει
784 1120 839 1182 ἀπὸ
853 1123 874 1170 1)
889 1137 985 1192 meam
995 1120 1058 1200 tupi
1071 1124 1217 1201 μαντεία
1228 1141 1295 1199 uos,
1310 1141 1371 1180 non
1377 1134 1530 1202 parcentes
1540 1124 1629 1203 gregi.

64 1212 118 1267 τῶν
133 1209 275 1286 ἐωμένων·
288 1208 379 1291 ὥσπερ
394 1209 458 1270 ὅταν
473 1212 592 1292 ἀλλαχοῦ
603 1211 683 1292 λίγη·
698 1215 757 1272 Ούκ
766 1213 839 1274 ἐστιν
890 1212 1057 1273 Rursusalio
1069 1213 1151 1289 modo
1164 1214 1226 1276 illos
1233 1229 1333 1288 versat,
1343 1237 1359 1274 ε
1369 1215 1467 1276 futuris
1482 1230 1534 1275 zut
1546 1237 1631 1295 quau·

65 1303 130 1378 ήμῖν
145 1306 165 1373 ἡ
178 1300 252 1374 πύλη
266 1302 332 1382 πρὸς
345 1293 411 1381 αἷμα
424 1300 470 1360 καὶ
480 1301 577 1383 σύρκα.
592 1301 659 1363 Ὅτι
676 1304 839 1365 εἰσιλιύσον·
889 1302 925 1364 (10
939 1304 1007 1364 alibi
1032 1304 1119 1365 dicit:
1133 1309 1203 1367 Non
1224 1319 1266 1368 est
1284 1310 1367 1368 nobis
1388 1307 1475 1367 ncra-
1491 1309 1632 1379 adversns
1641 1319 1755 1382 nutent.

66 1411 127 1462 ταί,
136 1388 217 1469 φησὶ,
228 1386 297 1467 tm&
309 1387 358 1458 mv
369 1388 456 1470 ὄφῑξίν
466 1415 516 1467 μου
527 1391 602 1452 λύκοι
612 1396 703 1474 βαρεῖς
714 1397 751 1463 εἷς
761 1399 839 1473 ὑμᾶς.
891 1405 1062 1481 sangm'nem
1073 1415 1102 1460 et
1111 1417 1239 1462 earnem.
1254 1405 1333 1482 Quia
1352 1403 1572 1484 ingredientur,
1586 1403 1633 1463 in·
1645 1397 1684 1432 ¹²·

66 1480 185 1539 Διπλοῦν
201 1480 232 1539 τὸ
250 1479 342 1553 κακὸν,
353 1480 394 1542 ότι
407 1507 436 1541 τε
458 1482 534 1551 αὐτὸς
548 1486 577 1544 ού
592 1484 721 1565 πάρεστι,
738 1486 785 1546 καί
799 1486 841 1548 ότι
892 1492 962 1571 quit,
978 1506 1045 1572 post
1059 1496 1262 1554 discessionem
1281 1516 1376 1555 meam
1393 1496 1456 1578 lupi
1480 1517 1584 1577 graves
1603 1502 1637 1557 ι’τι

66 1571 153 1651 ἕτεροι
171 1572 351 1644 ἐπιθήσονται.
362 1573 400 1661 Τί
413 1564 457 1634 σύν
478 1574 601 1658 ἀπέρχῃ,
615 1579 638 1637 εί
659 1582 737 1639 τοῦτο
749 1589 842 1662 προοῑ-
893 1604 959 1644 vos.
967 1585 1185 1667 Duplexmalum
1196 1611 1203 1644 ε
1216 1588 1289 1667 quod
1299 1588 1355 1669 ipse
1365 1608 1419 1648 nou
1430 1587 1511 1660 adsit,
1524 1601 1550 1648 et
1562 1588 1638 1668 quod

68 1665 116 1732 δας
122 1687 132 1738 ;
147 1665 188 1726 Τὸ
201 1668 314 1745 Πνεῦμιί
325 1691 359 1744 με
371 1666 462 1743 ἴλκει,
474 1668 548 1749 φησί.
893 1675 1017 1735 futurum
1030 1677 1066 1736 sit
1079 1691 1110 1737 ut
1118 1677 1166 1736 alii
1178 1677 1284 1740 instent.
1296 1680 1353 1738 Gur
1373 1700 1437 1759 ergo
1449 1680 1520 1754 abis,
1539 1680 1563 1741 si
1584 1680 1638 1742 hoo

894 1768 1044 1849 praevidisti
1056 1770 1071 1828 ἱ)
1085 1769 1203 1850 Spiritus
1215 1792 1259 1830 me
1270 1771 1364 1843 trahit,
1377 1772 1473 1851 inquit.

112 1858 166 1919 Καὶ
177 1857 226 1941 δρα
233 1882 240 1897 ·
247 1861 298 1940 οὔχ
308 1861 399 1929 ἅπλῶς
408 1851 467 1921 είπε
478 1906 486 1937 ,
496 1860 579 1923 Λύκοι
586 1907 594 1938 ,
602 1863 671 1924 ἀλλὰ
680 1864 842 1945 προσέθηκε,
936 1861 965 1920 5.
976 1859 1014 1920 Et
1026 1860 1100 1936 vide,
1110 1882 1163 1921 nou
1176 1862 1337 1944 simpliciter
1343 1862 1425 1931 dixit,
1437 1866 1524 1946 Lupi,
1534 1863 1582 1924 sed
1591 1863 1640 1924 ad·

71 1953 181 2032 Βαρεῖς,
197 1952 228 2012 τὸ
241 1955 350 2033 σφοδρὸν
375 1958 460 2014 αὐτῶν
474 1954 519 2014 καί
539 1955 632 2035 ίταμδν
653 1956 844 2036 αἰνιττόμενος·
894 1950 976 2027 didit,
992 1951 1117 2023 Graves,
1129 1951 1239 2012 illorum
1252 1953 1451 2014 vehementiam
1469 1968 1496 2014 et
1514 1957 1642 2036 petulan-

71 2043 164 2103 καὶτὸ
185 2045 381 2126 χαλεπώτερον,
397 2050 437 2106 ὅτι
463 2047 554 2114 αὐτοὺς
578 2047 682 2116 τούτους
706 2050 733 2119 ἐξ
758 2052 844 2110 αὐτῶν
896 2041 962 2102 tiam
971 2040 1294 2121 subindimus3quodque
1303 2044 1472 2124 graviusest‚
1484 2045 1644 2105 hosexillie

72 2136 267 2208 ἀναστήσεσθαι
284 2137 370 2218 λέγει·
387 2137 461 2198 δκαὶ
484 2139 585 2220 σφόδρα
604 2141 660 2201 ἐστί
683 2139 765 2221 βαρύ,
781 2141 844 2202 ὅταν
896 2133 964 2215 ipsis
976 2147 1143 2194 surrecturos
1156 2155 1213 2194 esse
1229 2134 1315 2194 dicit:
1327 2134 1401 2213 quod
1421 2151 1493 2196 certe
1513 2137 1644 2217 gravissi-

72 2227 119 2287 κοί
132 2227 259 2308 ἐμφύλοος
272 2233 286 2288 ο
299 2229 414 2308 nomene<
437 2221 465 2309 ᾖ
480 2230 533 2291 Καὶ
555 2233 644 2300 καλῶς
659 2223 716 2292 {im
725 2277 733 2307 ¹
750 2235 845 2316 Προο-
862 2251 881 2301 Ε
898 2246 975 2286 mum
989 2238 1045 2301 est,
1060 2245 1123 2285 oum
1141 2225 1223 2285 civile
1235 2226 1370 2286 excitatur
1382 2227 1496 2287 bellum.
1513 2228 1550 2288 Et
1573 2244 1645 2290 reete

73 2319 161 2399 έρετε,
181 2318 284 2388 δεικνύς
307 2321 533 2403 περισπούδαστον
556 2323 658 2406 ορόδρο
681 2323 713 2384 ολ
733 2336 847 2407 πρᾶγμα
897 2316 976 2392 dicit,
989 2317 1156 2389 Attendite,
1173 2315 1315 2377 ostendens
1331 2339 1389 2378 rem
1403 2320 1522 2379 maxime
1542 2340 1643 2381 curan-

73 2410 245 2484 (Ἐκκλησία
257 2413 309 2492 γάρ
324 2414 411 2492 ἐστι),
425 2414 471 2473 καί
484 2413 525 2474 ότι
542 2415 625 2494 μέγας
639 2421 653 2475 ὁ
665 2414 783 2484 κίνδενος
792 2415 848 2491 (αί-
898 2412 964 2472 dam
975 2410 1176 2486 esseOEeelesia
1186 2431 1304 2490 namque
1317 2418 1380 2487 est),
1391 2426 1417 2472 et
1430 2434 1560 2493 maguum
1573 2413 1646 2494 peri-

73 2501 203 2583 ματιγὰρ
217 2504 299 2577 αύτλν
314 2503 571 2586 ἐλυτρῶσατο),κα1
584 2507 625 2567 ότι
638 2506 720 2574 πολύς
739 2512 754 2567 δ
771 2508 848 2569 πόλι·
899 2503 993 2563 1111111111
1004 2502 1150 2582 (sanguine
1165 2501 1239 2562 enim
1262 2503 1340 2563 illam
1362 2503 1501 2582 tedemit),
1516 2527 1548 2565 ac
1570 2506 1645 2565 111111-

75 2619 124 2673 μος
135 2595 182 2653 καλ
196 2596 312 2663 διπλοῦς.
326 2598 420 2656 Ταῦτα
432 2597 517 2656 τοίνυν
532 2598 672 2672 ἐδήλωσεν,
687 2597 782 2659 είπιύν·
794 2600 848 2659 Καί
900 2607 959 2654 tum
970 2593 1127 2675 duplexque
1136 2592 1249 2653 bellum.
1261 2594 1326 2655 Haec
1337 2616 1403 2675 ergo
1418 2597 1647 2676 significavit,di-

74 2687 101 2755 ἐξ
113 2691 189 2766 ύμῶν
205 2689 290 2747 αὐτῶν
308 2687 503 2759 ἀναστήσονται
523 2690 615 2769 ἄνδρες
634 2692 774 2758 λαλοῦντες
791 2693 848 2751 διε-
901 2688 1030 2747 οοιιοιὸθ.
1041 2688 1083 2747 Et
1093 2690 1225 2746 exoobis
1239 2689 1309 2766 ipsis
1322 2701 1440 2767 surgent
1450 2691 1647 2769 oiri-loquen-

75 2777 249 2860 στραμμένα,
260 2786 306 2838 τοῦ
318 2783 442 2860 ἀποσπᾷν
454 2779 514 2848 τοὺς
522 2781 642 2859 μαύητίις
654 2781 740 2840 ὀπίσω
753 2784 849 2842 αὐτῶν.
902 2792 945 2841 tes
957 2800 1105 2861 perversa,
1126 2793 1160 2840 nt
1172 2782 1322 2841 obducant
1342 2782 1499 2863 discipulos
1516 2796 1582 2863 post
1602 2804 1644 2842 se.

76 2863 146 2931 Εἶτα
161 2869 252 2943 ἐπειδὴ
264 2870 365 2951 σφόδρα
377 2870 591 2953 αὐτοὺςὲφόύησε
602 2878 641 2956 τῷ
654 2877 737 2934 εἰπεῖν
747 2873 850 2941 Λύκαυς
902 2870 1097 2950 Deinde,quia
1110 2870 1263 2931 admodum
1279 2871 1342 2932 illos
1355 2872 1463 2948 terruit,
1475 2894 1537 2932 oum
1550 2876 1647 2955 Luper

76 2967 183 3043 βαρεῖς,
194 2963 241 3023 καί
256 2960 282 3031 ἐξ
298 2964 383 3022 αὐτῶν
407 2968 552 3036 ἀναστῆναι
570 2963 630 3033 τοὺς
651 2964 686 3024 τὰ
709 2967 852 3046 διεστραμ·
901 2981 1006 3045 graves
1023 2961 1113 3042 dixit,
1124 2977 1152 3023 et
1164 2984 1200 3023 ex
1215 2962 1282 3044 ipsis
1294 2977 1462 3028 surrecturos
1472 2986 1530 3026 esse
1541 2964 1591 3044 qui
1603 2966 1646 3025 lo-

77 3053 144 3132 μένα
163 3054 425 3133 λαλοῦντας,ὥσπερ
443 3056 495 3115 ύπό
513 3081 582 3123 τινος
596 3057 780 3140 διαπορηθελς,
794 3062 852 3125 πῶς
902 3068 1049 3134 querentur
1073 3076 1200 3136 perversa
1221 3079 1229 3115 1
1249 3057 1328 3135 quasi
1354 3056 1473 3138 quodam
1496 3072 1647 3138 quaerente,

76 3136 138 3219 ούν,
150 3145 284 3220 εἰπόντος,
298 3146 344 3207 καί
355 3146 395 3215 τίς
410 3147 485 3207 ἐσται
496 3148 601 3229 φυλακή
607 3171 617 3225 3
631 3150 850 3231 ἐπύγει,λέγων·
904 3147 1049 3220 Quomodo
1064 3147 1171 3228 igitur?
1185 3162 1212 3209 et
1226 3170 1287 3228 qua}
1307 3150 1429 3210 custodia
1447 3151 1523 3211 erit?
1537 3151 1648 3232 adjicit:
1707 3166 1712 3175 '

77 3239 250 3318 Γρηγορεῖτε,
271 3239 490 3318 μνημονεύοντες,
505 3240 545 3300 ότι
566 3241 681 3321 τριετίαν
702 3241 784 3303 νύκτα
805 3241 852 3303 καί
904 3240 954 3300 59.
986 3240 1131 3320 mgitan,
1156 3260 1296 3300 memores
1318 3243 1400 3322 qnod
1418 3262 1471 3322 per
1489 3245 1651 3301 triennium

76 3328 181 3412 ἡμέραν
195 3332 243 3389 ούκ
259 3330 419 3408 ἐπαυσάμην
434 3330 503 3410 μετὰ
518 3332 637 3412 δακρύων
661 3338 789 3394 νουθετῶν
807 3335 967 3421 [nomnen
986 3333 1161 3390 cessaverim
1181 3343 1266 3391 noete
1287 3334 1393 3414 dieque
1416 3353 1484 3392 enm
1508 3334 1651 3408 lacrymis

78 3418 200 3481 ἕκαστον.
212 3418 286 3499 Ὅρα
296 3421 378 3480 πόσαι
388 3423 549 3502 ὓπερόολαί·
562 3423 653 3502 ιμετὰ
667 3424 797 3507 δακρύων,
807 3425 854 3487 καί
871 3434 891 3480 Α
906 3442 1024 3482 monere
1033 3441 1269 3503 unumquemque
1281 3435 1421 3483 vestrum.
1432 3422 1506 3487 Vide
1515 3444 1599 3502 quam
1609 3421 1651 3482 in·

78 3511 160 3571 νύκτα
174 3511 219 3570 καί
236 3512 349 3595 ἡμέραν,
367 3514 412 3572 καί
434 3512 481 3573 ἕνα
496 3512 616 3575 ἕκαστον.
630 3517 671 3575 Οὗ
687 3515 739 3598 γὰρ
752 3519 776 3578 εἰ
788 3520 854 3577 πολ·
906 3513 985 3574 solita
998 3511 1087 3573 dicat:
1100 3533 1163 3571 cum
1177 3511 1316 3594 lamis,
1331 3526 1409 3573 nocte
1421 3513 1530 3594 dieque,
1547 3513 1652 3577 111111111-

78 3601 140 3669 λοιλς
161 3594 229 3679 είδε,
252 3603 312 3664 τότε
332 3605 465 3685 ἐφείδετο,
480 3608 539 3665 ἀλλ’
557 3605 615 3684 ᾔδει
637 3608 683 3666 καί
697 3607 764 3690 ὑπὲρ
791 3618 854 3687 μιδίς
907 3625 1050 3685 quemque.
1064 3605 1125 3664 Non
1139 3603 1212 3664 enim
1222 3604 1246 3664 si
1258 3604 1359 3665 multos
1369 3605 1495 3685 vidisset,
1507 3606 1546 3666 eis
1556 3627 1652 3688 peper-

77 3696 166 3774 μεγῆς
179 3694 267 3754 πάντα
281 3705 373 3778 ποιεῖν.
386 3695 467 3756 otro
480 3705 541 3776 γοῦν
563 3696 656 3767 αὐτούς
672 3699 718 3758 καί
734 3699 856 3783 συνεκρό-
908 3697 997 3770 eisset,
1012 3695 1062 3756 sed
1071 3695 1171 3755 sciebat
1180 3696 1262 3756 etiam
1273 3718 1323 3778 pro
1330 3719 1384 3757 una
1392 3698 1483 3758 anima
1495 3698 1586 3758 omnia
1595 3717 1651 3759 esse
1660 3719 1806 3765 Ρωεοιεοί-

80 3808 170 3858 τησεν.
184 3785 222 3846 Ὃ
234 3785 262 3847 δὲ
276 3787 365 3866 λέγει,
375 3788 451 3849 τοῦτό
465 3792 551 3849 ἐστιν·
565 3793 641 3871 αἰρκεῖ
651 3789 686 3849 τύ
699 3792 765 3873 παρ’
776 3794 855 3869 ἐμοῦ·
909 3785 1041 3852 facienda.
1056 3787 1103 3847 Sic
1115 3808 1180 3867 ergo
1189 3787 1250 3847 illos
1257 3787 1340 3848 etiam
1353 3789 1506 3870 onnJ'unxit.
1517 3789 1576 3849 Hoc
1586 3808 1651 3849 vero
1660 3782 1806 3889 Εέἰωῗρῗὴ

83 3876 199 3957 τριετίαν
211 3877 319 3958 ἔμεινα,
334 3885 431 3947 ίκανῶς
446 3875 643 3962 ἐστερεώθησαν
654 3927 662 3956 ,
674 3885 770 3951 ἱκανῶς
785 3887 858 3965 ἐρρι-
909 3878 1138 3961 significatzsmis
1151 3891 1214 3938 sunt
1231 3900 1272 3954 ea,
1291 3900 1351 3958 quae
1363 3879 1415 3939 feci
1422 3903 1432 3957 ;
1446 3901 1494 3961 per
1506 3880 1653 3941 triennium

83 3967 217 4040 ζῶύησαν.
231 3969 309 4031 Μετὰ
319 3971 452 4053 δακρύων,
466 3972 554 4053 φησίν.
567 3973 649 4056 Ὁρᾷς
658 3973 699 4034 ότι
711 3973 746 4035 τὰ
758 3974 859 4058 δείκρυα
910 3970 1013 4047 1111111115
1026 3969 1178 4030 confirmati
1198 3981 1272 4047 sunt,
1286 3970 1453 4030 sufficienter
1467 3969 1571 4031 radioes
1585 3971 1655 4032 fixe·

85 4059 130 4119 διδ
146 4067 238 4135 eoum
252 4065 278 4122 Τ
280 4068 346 4123 αῶτα
363 4067 481 4142 ποιῶμεν
502 4065 548 4124 καί
566 4071 654 4144 ἡμεῖς.
668 4068 727 4126 Ούκ
749 4068 824 4146 ἀλγεῖ
844 4069 859 4125 ό
912 4075 984 4124 111111.
1003 4065 1076 4124 Cum
1101 4063 1254 4139 lacrymis,
1276 4061 1374 4141 inquit.
1399 4061 1499 4124 Viden’
1520 4063 1656 4145 lacrymas

83 4151 182 4219 κακός·
203 4153 320 4232 ἄλγησον
343 4153 392 4227 σὺ,
406 4155 468 4223 ἴσως
487 4157 597 4237 ἀλγήσει
619 4161 747 4225 κάκεῖνος.
770 4156 860 4218 Knoe-
913 4154 974 4216 ideo
987 4152 1137 4214 tundendas
1159 4154 1238 4215 sese?
1252 4153 1317 4213 Hac
1330 4167 1357 4214 et
1377 4174 1426 4215 nos
1439 4155 1578 4217 nciamm.
1596 4158 1657 4216 Nou

85 4267 136 4324 περ
147 4244 211 4305 όταν
222 4245 266 4324 ἴδῃ
278 4245 410 4324 δκοίμνων
418 4247 464 4306 τὸν
474 4250 562 4328 ἰατρὸν
575 4248 748 4326 λαμύιίνοντα
761 4247 859 4319 σιτίον,
913 4247 987 4309 dolet
1000 4247 1158 4329 improbus:
1169 4245 1231 4307 dole
1243 4260 1289 4325 tu;
1301 4248 1371 4308 sorte
1383 4261 1410 4308 et
1423 4249 1482 4331 ipse
1491 4249 1603 4312 dolebit.
1619 4253 1659 4312 Ut

85 4334 133 4395 καί
149 4336 225 4403 αὐτὸς
238 4336 433 4417 προτρέπεται·
453 4338 522 4398 ούτω
537 4339 568 4413 δὴ
585 4341 631 4400 καί
643 4344 755 4401 ἐνταῦθα
769 4340 860 4401 ἐσται·
915 4361 978 4402 cum
987 4340 1065 4402 videt
1078 4360 1149 4420 aeger
1156 4339 1294 4400 medicum
1305 4340 1399 4401 nstrum
1409 4356 1568 4421 sumentem,
1578 4345 1659 4405 etiam

87 4427 119 4486 ἂν
134 4426 178 4507 ἴδῃ
200 4452 231 4488 σι
249 4428 414 4509 ὀδυρόμενον,
429 4431 648 4511 μαλαρθήσεται,
662 4432 779 4514 χρηστδς
793 4431 861 4514 ἀνὴρ
877 4439 896 4486 Β
915 4433 974 4515 ipse
986 4431 1133 4493 incitatur:
1145 4431 1184 4493 ita
1194 4446 1220 4492 et
1232 4431 1279 4491 hic
1292 4431 1343 4492 erit
1347 4455 1358 4512 3
1372 4433 1395 4493 si
1409 4447 1436 4494 te
1448 4434 1550 4496 viderit
1562 4436 1659 4517 lugen-

86 4519 133 4580 καί
147 4529 230 4600 πρᾶος
243 4522 392 4600 γενήσεται.
403 4525 462 4582 nox
477 4523 568 4599 εἰδὼς,
584 4524 664 4604 φησί,
683 4523 718 4583 τὰ
734 4524 861 4597 συναντή-
915 4536 980 4599 tem,
990 4522 1255 4596 emollietur3bonus
1266 4522 1311 4586 vir
1320 4524 1429 4584 etmitin
1439 4525 1499 4585 erit.
1510 4527 1658 4602 Mesciens,

86 4610 169 4672 σοντύ
193 4635 248 4690 μοι.
264 4611 300 4673 Τί
322 4604 383 4687 ούν,
402 4612 446 4672 διὰ
468 4619 546 4674 τοῦτο
571 4615 677 4696 ἀπέρχῃ
686 4636 696 4691 ;
712 4617 860 4693 Οὐδαμῶς·
916 4607 1014 4695 inquit,
1025 4635 1091 4696 quoe
1100 4615 1173 4673 mihi
1184 4627 1324 4675 eventum
1334 4618 1403 4675 sint.
1411 4615 1488 4690 Quid
1496 4615 1661 4696 ergn?ideo·

86 4704 159 4765 ἀλλὰ
171 4707 217 4766 καί
232 4704 332 4786 σφόδρα
342 4703 481 4786 γινώσκω,
495 4706 537 4768 ότι
548 4705 634 4786 δεσμδ
653 4707 699 4767 καί
714 4709 814 4790 θλίψεις
828 4732 861 4789 με
916 4728 950 4768 ne
967 4706 1047 4767 abis?
1061 4707 1191 4782 Minime;
1205 4706 1253 4768 sed
1266 4706 1352 4789 probe
1373 4707 1439 4783 scio,
1453 4708 1530 4788 quod
1552 4709 1662 4770 vincula

88 4795 222 4875 μένουσιν.
239 4796 303 4857 Ὀτι
326 4797 374 4876 μὲν
400 4790 444 4857 οὖν
469 4797 613 4879 πειρασμοί
636 4799 791 4881 ἐκδέχονταί
811 4825 861 4880 με,
916 4800 1139 4862 ettribulatioues
1152 4822 1196 4861 me
1206 4813 1341 4861 maneant.
1352 4800 1435 4874 Quod
1447 4799 1663 4861 tentationes'me

87 4877 164 4963 οἶδα,
178 4892 263 4948 ὁποῖοι
290 4889 331 4963 n,
357 4891 404 4948 οὐκ
420 4880 495 4948 οίδα·
518 4889 584 4970 ὅπερ
608 4881 640 4961 ἦν
661 4890 860 4973 χαλεπώτερον.
916 4907 1072 4976 exspectent
1093 4893 1157 4954 novi
1168 4917 1178 4970 ;
1199 4893 1292 4971 quales
1317 4912 1393 4964 vem,
1419 4894 1520 4971 neseio,
1540 4893 1571 4953 id
1590 4893 1663 4975 quod

89 4980 138 5053 Μὴ
169 4979 253 5039 τοίνυν
275 4979 402 5059 νομίσητέ
426 5005 460 5060 με
488 4981 683 5061 ἀποδυρόμενον
707 4987 792 5045 ταῦτα
818 4984 861 5045 λί-
918 4986 1029 5067 gravius
1040 4998 1106 5046 erat.
1117 4986 1158 5044 Ne
1169 4983 1268 5065 putetis
1279 5003 1343 5063 ergo
1353 5004 1397 5043 me
1406 4982 1594 5066 deplorantem
1606 4987 1666 5046 haee

129 5175 140 5197 ¹
158 5167 221 5225 μετὰ
232 5165 333 5231 δακρύων
344 5160 414 5214 deeat
427 5162 452 5214 in
465 5180 524 5217 un0.

1456 5230 1514 5308 ad.
1568 5214 1573 5221 ⁵
