3728 5978
366 348 440 445 932
1090 360 1222 413 sauata.

365 488 482 553 motu'itl
494 485 799 580 perficiunt(siquidem
813 483 898 576 probe
908 496 1037 543 mraruut
1050 496 1107 543 uta
1164 490 1209 568 ἀρ’
1226 489 1327 547 ἑαυτῶν
1343 493 1423 548 τοῦτο
1441 483 1613 565 πράττουσι
1624 482 1733 563 (καλῶς
1745 480 1791 561 γὰρ
1801 483 1862 559 ipsi..

363 572 466 633 talibus
479 569 546 629 viris
566 581 592 628 et
605 565 759 646 magistris,
773 585 820 643 qui
835 585 884 623 nos
903 578 1107 644 praecesserunt,
1119 602 1157 640 m
1165 565 1178 599 θ
1187 569 1345 647 ἀρδιυθῆναι
1357 565 1436 650 παρὰ
1452 570 1514 625 τῶν
1525 561 1667 624 τοιούτων
1679 564 1787 642 ἀνδρῶν.
1796 565 1837 622 ἐπ’

366 651 543 730 irrigarentur
555 647 589 707 ad
603 647 722 706 lmetum
732 643 888 719 serendum)
899 656 1030 703 :attamen
1041 664 1110 721 quo·
1129 657 1147 704 Α
1164 670 1186 707 π
1228 646 1502 726 ἡμῶνδιδασκύλων,
1512 647 1733 725 καρποφορεῖν)·
1748 640 1802 701 ἀλλ’
1813 644 1862 720 ὅμως

367 727 441 790 uiam
450 728 492 788 illi
503 739 633 809 expetunt
647 739 680 784 ut
690 725 724 785 de
737 724 900 806 pauperibus
911 744 999 783 sermo
1009 723 1112 783 anobis
1166 727 1187 785 δ’
1216 727 1328 786 καὶτῶν
1342 729 1407 806 παρ’
1417 733 1492 805 ἡμῖν
1508 729 1643 804 πτωχῶν
1661 723 1739 803 λόγον
1753 727 1810 821 ica

367 810 510 885 habetitur,
524 829 577 867 non
590 805 693 888 pigebit
706 805 768 864 illus
780 803 936 878 admonere,
952 817 979 863 et
992 803 1028 863 ad
1040 802 1111 863 elee-
1167 805 1519 887 ἀποκνήσονπαρακαλέσαι
1530 803 1656 875 αὐτοὺς,
1668 804 1716 862 καὶ
1722 826 1784 883 προς
1791 824 1859 861 cmc

368 909 510 971 rnosynam
531 887 646 961 hortari,
661 883 839 964 haequeduo
857 883 969 955 cavebo,
984 896 1014 942 ut
1027 904 1113 962 neque
1166 890 1381 966 χιιραγωγῆσαι,
1403 887 1453 948 δύο
1476 891 1575 945 ταῦτα
1605 884 1855 963 παραρυλαττίμενς

368 969 509 1029 illiaDoo
523 966 689 1041 incusentur,
701 983 846 1053 nequeego
859 963 895 1022 ab
907 962 1010 1042 angelis
1023 984 1114 1044 repre-
1168 964 1238 1044 μήτε
1251 964 1344 1032 αὐτοὺς
1356 965 1431 1046 παρὰ
1447 968 1520 1045 Θεῷ
1540 966 1736 1043 ἐγκληθῆναι,
1753 962 1813 1039 μήτε
1828 966 1860 1037 ἐμὲ

369 1047 489 1123 heudar;
502 1059 528 1106 et
541 1068 593 1126 qua
607 1045 720 1122 ratione,
736 1065 751 1102 e
770 1042 898 1103 edicam.
914 1043 972 1103 Nisi
984 1045 1056 1103 enim
1070 1043 1113 1111 di·
1167 1050 1221 1105 τῶν
1287 1043 1353 1104 ι’λων
1367 1044 1645 1118 διαύληθῆναι·καθ
1659 1047 1733 1113 πῶς,
1749 1043 1798 1120 ἐγῶ
1812 1043 1861 1121 >ip

370 1128 441 1187 vina
450 1122 747 1207 Scripturaeeloquiain
794 1144 857 1182 nam
867 1126 1114 1183 inensamvestram
1168 1124 1252 1205 γδρμ
1281 1125 1480 1185 καταύύλωτὰ
1494 1128 1550 1195 τῆς
1563 1123 1648 1189 θείας
1664 1123 1863 1202 Γραιρῆςλέμιι

371 1207 576 1289 injecero,sicut
588 1217 730 1343 arpentum
743 1203 770 1263 in
784 1202 953 1284 trapezitam,
967 1201 1059 1263 statim
1070 1223 1115 1262 ao-
1169 1202 1300 1283 θμετέραν
1315 1206 1419 1284 ἀγαθὴν
1431 1203 1598 1287 τράπεζαν,
1615 1202 1715 1283 ὥσπερ
1738 1201 1861 1283 oipyipo'

223 1319 309 1366 Mam„
323 1314 363 1363 25,
373 1306 480 1347 cusona
498 1287 556 1345 Deo
568 1298 623 1350 eta
661 1283 709 1343 illo
726 1282 966 1363 audiozoportoit
984 1294 1013 1342 to
1028 1303 1116 1363 pecu-
1169 1282 1340 1366 τραπεζίτην,
1353 1283 1452 1350 εὐθέως
1467 1287 1658 1364 ἐγκαλοῦμαι
1677 1281 1756 1363 παρὰ
1767 1289 1811 1340 τα]
1828 1321 1834 1335 .

223 1397 262 1442 ²7·
374 1370 456 1427 niam
469 1386 566 1425 meam
587 1367 767 1429 committere
786 1362 1003 1434 nummulariis,
1019 1374 1049 1421 et
1063 1382 1116 1443 ego
1171 1363 1260 1423 ἀκούω
1270 1364 1558 1444 ταράὐτσῦἜχρῆν
1570 1387 1607 1423 σε
1618 1362 1684 1422 eisd
1727 1363 1839 1440 'pinpo

373 1450 498 1507 ueniens
507 1445 586 1526 qood
596 1465 692 1503 meum
702 1455 766 1503 erat
772 1445 931 1522 exegissem
940 1461 1007 1500 com
1016 1461 1115 1501 usuro.
1169 1444 1226 1502 λαῐν
1236 1449 1289 1510 τοῖς
1302 1443 1486 1522 τραπεζίταις,
1497 1466 1549 1502 και
1562 1441 1724 1521 έγέυέλθων
1736 1442 1846 1521 ideam

375 1526 433 1585 llac
442 1524 515 1584 enim
525 1524 560 1584 de
573 1544 601 1583 re
614 1522 748 1583 incusavit
757 1521 785 1581 in
794 1520 878 1581 sacris
889 1519 1045 1599 Evangeliis
1054 1540 1119 1581 eum
1171 1520 1305 1601 σθντύκῳ.
1320 1524 1368 1590 Et<
1380 1528 1461 1585 τοῦτο
1475 1521 1535 1604 γὰρ
1547 1523 1604 1581 καλ
1620 1522 1782 1594 ἐνεκάλεσεν
1793 1525 1863 1587 ίνττῐς

375 1605 420 1665 cni
435 1604 605 1665 concreditus
618 1604 705 1663 iuerat
718 1601 855 1672 denarius,
867 1600 916 1680 qui
928 1621 991 1660 eum
1003 1599 1118 1661 abscon-
1172 1601 1344 1682 Εθαγγιλίοις
1352 1603 1583 1682 τῷπιστευθέντι
1591 1601 1627 1661 τὸ
1639 1603 1780 1684 δηνάριον,
1790 1604 1829 1659 καὶ

374 1684 461 1744 derat.
481 1682 624 1757 Quomodo
646 1695 736 1743 autem
751 1680 786 1740 de
801 1693 910 1759 argento
926 1679 1055 1759 propbeta
1074 1680 1117 1741 lc·
1226 1704 1261 1740 τι.
1274 1681 1327 1741 Καὶ
1339 1685 1397 1748 πῶς
1406 1682 1540 1782 ἀργύριον
1557 1687 1576 1743 ὁ
1591 1684 1744 1763 προφήτης
1754 1681 1835 1758 λέγει,
1846 1684 1864 1727 ὀ

225 1758 556 1843 P³“²·¹¹·7·qnatur,audi
569 1762 715 1841 :Eloquia
733 1762 865 1830 Domini,
887 1760 1118 1838 eloquiacnstm
1173 1759 1306 1839 ’δλόγια
1323 1761 1422 1841 Κυρίου
1446 1764 1533 1841 λογια
1550 1762 1647 1840 ἁγναί·
1666 1760 1794 1863 ἀρρύρισν
1814 1784 1860 1818 eit

374 1847 606 1923 argentumigne
621 1843 836 1911 exnrninatum,
866 1841 1002 1897 robotum
1022 1851 1117 1910 terroe,
1173 1862 1217 1901 νον
1238 1839 1357 1919 δοκίμιον
1383 1846 1417 1920 τῇ
1441 1846 1479 1928 γῇ
1507 1846 1761 1923 κικαθαρισμενον
1807 1879 1829 1898 =

373 1935 529 2002 prmgotum
538 1918 759 2000 septupiumlta
767 1860 1120 1998 Deuslisquiturpmpbetae:
1138 1923 1156 1970 B
1174 1920 1255 1993 Οθτω
1264 1929 1266 1933 ’
1276 1920 1322 1981 καὶ
1345 1924 1384 2001 τῷ
1398 1943 1419 1978 π
1472 1921 1529 2002 alep
1544 1920 1662 2001 λέγειθ
1678 1921 1764 1998 Θεὸς,
1778 1920 1841 1980 lil'

227 1986 439 2061 ¹¹⁶¹·l⁰·¹·Fttt
448 1999 750 2082 dominis,testifiearo
758 1999 867 2078 popolo
879 2000 1000 2066 itnimet
1011 2019 1120 2059 rursum
1175 1999 1352 2082 διαμαρτύρου
1365 2003 1403 2079 τῷ
1421 1943 1484 2099 λίαφμ
1499 2000 1616 2082 τούτῳ·
1635 2002 1689 2063 καὶ
1708 2002 1791 2061 πολιν
1835 2002 1861 2050 Ὺ

374 2080 459 2157 alibi:
471 2080 637 2155 Advortite,
651 2080 825 2149 sacerdotes,
844 2077 984 2158 populum
1003 2098 1118 2139 meum.-
1192 2081 1315 2139 ακαλεῖτε
1326 2083 1352 2140 οἱ
1367 2083 1390 2138 ἱι
1407 2089 1443 2147 εἰς
1453 2102 1503 2139 τον
1514 2079 1590 2140 λαόν
1610 2105 1686 2160 μου·
1699 2083 1807 2141 λαλεῖτε
1820 2084 1849 2148 εἰς

376 2161 584 2243 loquiminiad
600 2179 685 2219 aures
701 2158 878 2221 Jerusalem.
897 2158 967 2224 Gom
980 2156 1039 2215 liaec
1052 2179 1121 2238 pim-
1184 2159 1359 2239 Ιερουσαλήμ.
1385 2102 1526 2231 iomisit(
1553 2150 1610 2220 ούν
1633 2162 1822 2244 παραγγελίας
1853 2191 1864 2210 ¹1

376 2255 452 2322 cepta
466 2240 628 2322 acceperim,
644 2260 693 2298 vos
704 2258 874 2317 omnesrogo
885 2236 960 2297 utad
973 2236 1120 2318 eleemosy-
1173 2241 1324 2321 παρακαλῶ
1333 2237 1435 2307 πάντας
1445 2240 1521 2319 ὑμᾶς
1534 2241 1613 2320 πρὸς
1630 2241 1818 2315 ἐλεημοσύνην
1858 2276 1859 2286 1

376 2342 441 2382 nam
453 2342 503 2383 vos
515 2318 667 2399 conseratis,
677 2331 707 2377 ut
721 2339 755 2377 ne
773 2318 878 2378 anobis
892 2316 920 2376 in
933 2316 981 2375 illa
992 2317 1059 2377 hora
1070 2338 1121 2375 ae·
1176 2317 1214 2397 μὴ
1228 2317 1274 2378 καὶ
1290 2321 1353 2398 παρ’
1367 2320 1441 2396 ὑμῶν
1455 2323 1521 2379 κατ’
1543 2321 1666 2394 ἐκείνην
1682 2302 1736 2394 cip
1750 2321 1819 2404 ὥραν
1829 2322 1864 2380 δι-

378 2422 466 2472 cuser,
482 2400 505 2459 si
538 2400 590 2473 uis,
603 2396 677 2478 quod
690 2397 772 2471 absit,
793 2397 821 2456 in
834 2397 882 2457 illa
894 2396 1032 2456 metuenda
1044 2395 1122 2458 dica
1173 2397 1232 2472 tto,
1245 2398 1311 2478 ὅπερ
1326 2396 1363 2476 μὴ
1395 2397 1503 2471 ίνοιτο,
1525 2399 1646 2480 ἀκούσῃ
1669 2427 1714 2470 τις
1735 2401 1808 2484 παρὰ
1823 2406 1860 2460 τῶ

378 2479 475 2543 iudice
484 2422 579 2539 audiat
589 2502 595 2534 :
607 2481 690 2541 Serve
703 2497 835 2556 nequam,
850 2498 901 2537 cur
920 2497 974 2536 non
996 2476 1123 2536 misertus
1176 2480 1236 2537 κατ’
1252 2478 1355 2550 ἐκείνην
1366 2422 1415 2549 vis
1427 2477 1548 2581 φούιρδν
1558 2481 1699 2562 ἡμέραν·
1712 2480 1836 2563 mpii·

378 2582 407 2627 es
425 2559 548 2620 conserui
562 2558 626 2618 tui?
639 2571 666 2617 et
678 2555 814 2636 quomodo
824 2577 896 2616 nune
907 2570 938 2616 tu
955 2554 998 2614 vis
1017 2556 1125 2616 miseri-
1176 2556 1204 2617 τί
1216 2560 1264 2618 οθκ
1276 2557 1394 2631 ἠλέησας
1405 2555 1450 2617 τδν
1464 2559 1625 2620 συνδουλύν
1638 2585 1710 2633 σσυ;
1723 2562 1772 2621 καὶ
1782 2561 1858 2621 vno

379 2640 501 2700 cordiam
514 2638 661 2718 consequi?
671 2658 703 2696 ac
716 2658 827 2696 rursum
836 2660 843 2694 τ
853 2635 1041 2697 Paenitentiam
1054 2636 1127 2717 agite
1177 2640 1232 2704 λιις
1242 2638 1396 2711 ἐλιηθῆναις
1407 2637 1453 2697 καὶ
1462 2638 1562 2713 πάλιν,
1577 2650 1752 2717 μετανοεῖτε
1762 2647 1815 2713 νῦν,
1823 2640 1857 2701 δτι

380 2742 463 2798 nunc,
477 2720 542 2799 quia
562 2719 620 2778 illic
641 2738 694 2778 non
715 2730 755 2776 est
778 2730 832 2775 tem
852 2737 884 2775 us
901 2715 1127 2798 punitentiaeme
1177 2716 1233 2777 ίστι
1248 2717 1339 2800 καιρὸς
1349 2716 1508 2796 μετανοίας·
1521 2719 1644 2798 μήποτε
1659 2720 1850 2801 instassent

380 2800 450 2860 forte
459 2801 521 2879 quis
543 2799 571 2859 in
586 2798 633 2857 illa
653 2795 823 2856 formidanda
832 2738 903 2855 iona
917 2807 1068 2872 accusatus,
1080 2795 1127 2855 di·
1177 2796 1279 2870 ἐκείνην
1286 2797 1332 2869 την
1341 2796 1453 2879 ρρικτλν
1460 2796 1538 2877 ὥραν
1546 2799 1634 2880 εἴπῃ,
1645 2801 1692 2860 ὅτι
1701 2805 1753 2861 οιάι
1765 2801 1856 2879 ἐδιδέ,

382 2882 505 2941 caenon
518 2879 628 2939 edoctus
636 2898 697 2937 sum
707 2898 723 2935 a
735 2879 854 2953 Pastore,
868 2896 921 2935 non
934 2874 1032 2951 didici,
1043 2896 1125 2955 quam
1178 2881 1225 2936 τοῦ
1236 2876 1377 2956 ποιμένος,
1392 2878 1439 2937 οὐκ
1450 2876 1555 2954 ἔμαθον
1570 2878 1603 2937 τί
1620 2879 1712 2940 δύσει
1738 2882 1863 2961 ἄνθρωποι

382 2960 460 3020 dabit
473 2961 555 3023 homo
568 2956 804 3029 cummutationem
824 2976 874 3037 pro
897 2956 989 3017 anima
1003 2976 1064 3028 sua;
1078 2977 1124 3016 ne·
1176 2959 1268 3035 λαγμα
1281 2960 1329 3027 τῆς
1348 2958 1436 3036 ψυχῆς
1449 2958 1552 3032 αὐτοῦ,
1567 2958 1639 3019 οὐδὲ
1663 2952 1744 3021 εἶπεν
1758 2967 1830 3039 ἡμῖν,
1845 2975 1849 3009 ;

231 3062 436 3120 3,.,1,33·33,qne
446 3039 520 3099 dixit
541 3037 590 3098 ille
603 3037 681 3098 nobis
694 3035 890 3118 eleemosynam
903 3049 1011 3119 peccata
1032 3035 1127 3096 ablue·
1141 3042 1161 3091 C
1179 3037 1281 3114 μοσύνη
1294 3036 1459 3106 ἐξελέσκεται
1474 3037 1644 3117 ἁμαρτίας,
1661 3044 1717 3121 οὐχ
1738 3042 1828 3122 ἡρμνζν
1855 3078 1859 3088 »

383 3142 425 3197 re;
439 3141 493 3179 uon
516 3119 707 3200 interpretatus
729 3130 768 3175 est
786 3117 864 3176 nobis
883 3115 1053 3199 Scriptorum
1067 3137 1083 3175 a
1101 3129 1128 3175 te
1178 3114 1228 3187 τὴν
1242 3116 1316 3198 παρδ
1339 3123 1386 3183 σοῦ
1408 3117 1531 3177 δοθεῖσαν
1547 3121 1633 3200 αὐτῷ
1649 3120 1770 3201 Γραρὴν
1788 3123 1864 3193 ais*

232 3224 373 3282 pourton.
384 3198 486 3274 datam,
498 3220 559 3278 quae
570 3201 622 3257 nit:
631 3200 742 3256 Beatus
754 3199 805 3277 qui
816 3197 956 3275 intelligit
969 3216 1056 3275 super
1065 3218 1129 3276 ege·
1180 3195 1319 3277 Μακάριος
1333 3202 1347 3257 δ
1361 3194 1455 3255 συνιὼν
1467 3197 1513 3255 ἐπὶ
1528 3200 1653 3281 πτωγδν
1666 3202 1717 3260 καὶ
1732 3201 1863 3272 πένητ’

386 3302 456 3340 num
475 3294 503 3339 et
520 3282 733 3359 paauperemmn
752 3278 799 3335 die
820 3278 903 3335 malo
917 3278 1054 3334 liberabit
1064 3297 1130 3335 eum
1179 3287 1283 3357 πονηρᾷ
1297 3277 1403 3357 ῥύσεται
1415 3277 1489 3335 αὐτὸν
1504 3268 1653 3357 δΚύριος·
1672 3281 1749 3341 ἀλλὰ
1768 3284 1861 3358 μόνον.

385 3362 552 3428 Dominum
573 3358 620 3417 sed
644 3371 748 3416 tantum
773 3378 789 3415 a
813 3356 927 3417 Judaica
945 3354 1131 3415 incredulitate
1181 3355 1419 3427 inimicissimis<
1446 3354 1626 3436 ἀπερύνρισεν
1642 3362 1802 3434 naemei
1821 3363 1859 3419 τ’

385 3461 434 3499 nos
448 3438 590 3518 separavit,
609 3450 634 3494 et
652 3459 668 3495 a
682 3436 821 3514 gentilium
839 3458 868 3494 su
881 3435 1027 3493 ›erstitione
1043 3435 1132 3494 obdu·
1181 3433 1270 3505 λήνων
1293 3436 1341 3508 τὴν
1356 3424 1566 3513 δεισιδαιμονίαν
1586 3424 1851 3524 ἀπηηόριυπενένν

385 3518 462 3591 sit,a
475 3538 593 3595 quornm
607 3515 744 3595 impietate
756 3514 870 3572 edoctia
897 3515 1045 3574 tinuimus.
1061 3517 1132 3575 Nam
1182 3516 1350 3596 παρανομίας
1365 3516 1531 3594 διδαχθέντες
1546 3518 1735 3598 ἀπέστημεν.
1753 3524 1788 3580 Εἰ
1799 3522 1847 3602 ηδρ

387 3598 409 3657 si
424 3596 458 3656 ad
474 3598 671 3676 eleemosynam
695 3615 743 3652 nos
763 3593 933 3665 instituisset,
949 3594 1007 3673 ejus
1028 3595 1133 3653 lauretus
1184 3595 1362 3672 ἐλεημοσύνην
1386 3597 1542 3654 ἐπαίδευσεν
1567 3601 1670 3674 ἡμᾶς,
1687 3600 1803 3681 εἴχομεν
1820 3602 1861 3660 καὶ

387 3692 458 3738 certe
469 3677 632 3737 tulissemus.
641 3673 705 3734 ldeo
717 3673 831 3733 fidenter
843 3673 971 3732 hortandi
986 3673 1068 3733 finem
1079 3695 1132 3733 nou
1183 3673 1243 3742 τοὺς
1267 3674 1384 3757 καρποὺς
1399 3675 1543 3743 δείξασθαι.
1559 3678 1620 3735 Διὰ
1637 3670 1785 3740 τοῦτοκαὶ
1797 3682 1859 3757 μετέ

388 3757 525 3832 [αοίοςεοι]
538 3777 632 3815 moneo
644 3769 670 3814 et
681 3768 813 3815 contestor
823 3754 921 3814 divites
934 3754 1015 3813 simul
1027 3769 1052 3813 et
1102 3776 1133 3812 u·
1184 3755 1243 3820 σίας
1265 3758 1428 3835 παρακαλῶν
1440 3758 1469 3814 οὐ
1480 3752 1626 3833 παύομαι,
1645 3759 1724 3819 ἀλλὰ
1743 3767 1855 3821 νουθετῶ

388 3860 474 3921 peres,
488 3838 563 3898 viros
576 3851 601 3895 et
615 3835 749 3910 mulieres,
764 3834 858 3894 vestris
869 3833 971 3914 parcite
982 3835 1072 3893 anima
1092 3842 1133 3909 tis,
1186 3833 1355 3916 μαρτύρομαι
1366 3834 1503 3901 πλουσίους
1517 3835 1576 3912 ἅμα
1591 3837 1644 3896 καὶ
1662 3840 1806 3913 πένητας,
1818 3843 1861 3900 isi

389 3934 415 3979 et
427 3918 549 4000 pecuniis
564 3916 624 3977 illas
640 3938 655 3975 a
670 3916 761 3974 lutino
781 3915 820 3975 ira
840 3913 1134 3995 redimite:onuspec·
1185 3913 1230 3975 καὶ
1256 3924 1395 4014 ρυναῑκας,
1414 3913 1538 3994 φείσασθε
1560 3920 1620 3975 τῶν
1648 3919 1798 3999 ὑμετέρων
1824 3926 1856 3999 ψ.

390 4014 512 4059 catorum
532 4019 580 4078 per
602 3997 799 4076 eleemosynam
822 3994 880 4059 leve
899 3993 1133 4055 reddite:misere·
1184 3993 1462 4068 λυτρωσασθεταύτας
1477 3993 1520 4052 διδ
1534 3997 1590 4053 τῶν
1607 4000 1777 4079 χρημάτων
1794 4004 1845 4060 ἀπὸ

390 4079 470 4156 mini,
486 4093 516 4138 ut
532 4075 741 4136 misericordiam
755 4074 964 4154 consequamini.
977 4075 1047 4135 Nam
1066 4075 1135 4134 elee-
1185 4073 1281 4145 λούσης
1305 4079 1397 4156 ὀργῆς·
1418 4073 1562 4153 sosptem
1581 4076 1620 4135 τὸ
1648 4080 1769 4160 φορτίον
1793 4084 1843 4139 τῶν

391 4159 584 4239 mosynasacri
599 4155 768 4237 baptismatis
781 4156 838 4215 uim
853 4155 981 4232 liabet3et
995 4154 1136 4214 sieutsan-
1187 4153 1280 4231 μάτων
1305 4155 1349 4214 διὰ
1372 4158 1418 4224 τῆς
1444 4153 1650 4231 ἐλεημοσύνης·
1677 4160 1832 4237 ἐλεήσατε,
1855 4188 1862 4217 ι

392 4252 466 4298 ctum
487 4237 625 4297 lavacrum
648 4236 789 4295 bominum
811 4249 921 4316 peccata
943 4234 1083 4313 abstergit,
1097 4235 1169 4294 sict)
1187 4237 1258 4304 θῆτε.
1286 4232 1321 4293 ‘ll
1343 4233 1395 4315 γὰρ
1415 4233 1579 4310 ἐλεημοσύνη
1610 4238 1817 4318 βαπτίσματος
1846 4242 1859 4299 δ

392 4330 418 4377 et
437 4317 606 4395 eleemosyna
627 4312 842 4374 misericordium
863 4317 1016 4375 animarum
1038 4314 1136 4374 delicta
1186 4337 1266 4388 ναμιν
1281 4312 1353 4394 ἔχει·
1367 4313 1412 4372 καλ
1426 4313 1517 4394 ὥσπερ
1530 4314 1563 4371 τδ
1579 4315 1665 4394 ἅγιον
1681 4319 1805 4403 λουτρὸν
1826 4324 1853 4379 ’.

392 4409 503 4477 purgat.
521 4398 580 4454 Non
595 4416 672 4453 meus
683 4408 721 4452 est
735 4415 832 4461 sermo.
848 4395 897 4454 sed
911 4394 940 4454 id
954 4395 1049 4454 divina
1059 4394 1138 4454 docet
1189 4396 1241 4452 τῶν
1255 4391 1402 4474 ἀνθρώπων
1413 4393 1447 4453 el
1462 4393 1680 4473 ἁμαρτήματα,
1697 4399 1778 4460 οὕτω
1794 4403 1862 4471 uit,

392 4478 557 4558 Scriptura:
576 4474 749 4552 eleemosynae
769 4473 861 4533 fideles
883 4488 964 4547 stent,
986 4488 1138 4554 expurgant
1190 4471 1255 4544 σύνη
1276 4473 1397 4553 καθαίρει
1413 4477 1465 4532 τῶν
1482 4475 1632 4535 ίλεούντων
1646 4480 1685 4538 τὰ
1696 4486 1752 4552 τῆς
1764 4486 1852 4562 ψυχῆς

392 4571 509 4638 peccata.
532 4553 655 4614 Pecunia
670 4552 712 4611 vel
735 4552 828 4610 invitis
851 4553 929 4612 nobis
951 4553 997 4611 hic
1017 4569 1137 4631 munent;
1188 4553 1308 4630 λήματα.
1326 4555 1384 4613 Οὐκ
1398 4553 1460 4630 ἐμδς
1471 4558 1485 4613 θ
1498 4552 1593 4633 λόγος,
1610 4559 1679 4618 ἀλλ’
1696 4566 1716 4633 ἡ
1733 4553 1864 4622 024011‘,

392 4638 482 4696 anima
495 4635 562 4696 uelis
572 4632 714 4693 nolislrinc
723 4631 830 4711 migrat,
840 4632 955 4691 rationes
966 4646 1137 4711 pcccatorum
1191 4656 1249 4695 σαει
1261 4632 1388 4711 λέγουσα·
1408 4632 1585 4712 ἐλεημοσύναι
1611 4640 1667 4698 καὶ
1689 4643 1795 4702 πισταί
1816 4626 1855 4702 eie

393 4717 498 4775 datura.
521 4714 626 4773 idcirco
649 4713 782 4771 Dominus
803 4724 894 4770 noster
913 4714 990 4773 Jesus
1012 4712 1137 4772 Christus
1191 4712 1698 4795 θαίρονταιᾶμαρτίαι.Τδχρέ,ματα,
1710 4724 1768 4781 κᾶν
1779 4724 1819 4799 μὴ
1837 4735 1857 4771 ’,

244 4813 330 4858 ararit.
347 4810 383 4857 ιθ.
395 4796 421 4855 in
433 4795 590 4873 Evangeliis
603 4793 721 4852 dicebat:
734 4793 813 4870 Quid
826 4793 956 4872 proderit
976 4793 1099 4867 homini,
1113 4796 1138 4852 si
1192 4797 1303 4854 ἐνταῦθα
1323 4793 1443 4870 piston
1462 4793 1599 4893 dlyoyil,
1615 4798 1675 4858 κᾶν
1694 4801 1737 4881 μὴ
1754 4806 1827 4864 09η.»

245 4875 284 4919 ²⁶·
395 4877 535 4934 anniadum
556 4876 694 4943 lueretur,
708 4875 816 4932 animae
827 4891 970 4931 oerosnoe
982 4872 1139 4932 detrimen·
1194 4872 1376 4952 μιθοδεύεται,
1389 4873 1436 4942 τὰς
1457 4877 1564 4941 εθθυνας
1586 4877 1745 4959 helyam
1764 4864 1852 4944 τῶυλ

397 4969 458 5014 tum
477 4958 633 5035 patiatur?
644 4965 696 5012 aut
712 4973 801 5032 qoam
815 4953 898 5011 dabit
909 4950 995 5009 tomo
1007 4969 1138 5013 commo-
1192 4978 1255 5014 των.
1269 4952 1322 5013 dil
1335 4959 1411 5014 τοῦτο
1426 4951 1477 5034 γὰρ
1498 4953 1544 5013 καὶ
1555 4958 1572 5014 δ
1584 4947 1698 5038 Κύρξος
1715 4968 1803 5043 ἡμῶν
1820 4944 1864 5026 '1‘

431 5141 443 5178 l·
461 5137 557 5204 [sinit.
571 5147 600 5192 io.
615 5142 758 5212 οἶμῧιοθίντες
772 5139 780 5202 l
1242 5156 1253 5178 ¹
1271 5138 1365 5205 [Sueil.
1379 5147 1408 5193 is.
1422 5135 1471 5206 rm]
