3742 5970
69 477 143 572 <ut

71 624 130 680 ruit
146 629 216 676 tunc
236 612 355 691 spiritus
368 626 459 665 meus.
484 604 549 685 Ego
563 601 674 662 Daniel
687 601 762 676 uidi,
780 611 808 660 et

72 702 149 756 visio
164 715 199 753 ea
219 694 268 750 itis
283 691 339 747 mei
352 687 537 746 conturbavit
557 704 613 744 nie,
630 679 726 761 Papa!
747 699 810 760 pro·

73 777 155 856 pbeta
175 716 218 830 al
220 769 353 828 visionem
376 764 464 824 futuri
475 761 572 843 jud'mii
596 759 740 819 inhorruit.
758 757 811 815 Ec·

74 853 139 932 quid
154 871 202 910 uns
216 846 320 929 passuri
332 865 434 917 sumna,
450 841 557 901 eumad
572 860 613 899 res
637 840 708 919 ipsas
721 857 812 917 perse·

72 929 211 992 norimus?
237 947 298 984 cum
313 925 349 983 ab
360 924 460 981 oriente
470 922 525 979 sole
536 941 618 998 usquc
637 918 673 976 ad
686 915 812 976 occiden-

73 1025 128 1070 tem
135 1005 287 1086 congregati
297 1003 432 1061 aderimus
442 1000 520 1076 nudi,
536 1012 561 1057 et
570 1018 633 1057 cum
642 1018 710 1055 ontis
720 1015 812 1076 pecca

793 476 924 525 seuam.

862 598 909 658 καὶ
923 596 1016 677 μύριαι
1027 598 1150 680 μυριάδες
1164 593 1351 677 ἔλειτούργοιν
1369 596 1461 675 αὐτῷ·
1471 595 1503 655 eb
1514 597 1624 677 apia-ipra

863 678 985 749 ἐκάθισε,
1005 677 1050 736 καὶ
1075 678 1164 756 βίόλοι
1189 676 1383 754 ἠνεώγδησαν.
1408 674 1522 755 'Euda
1537 677 1626 737 τότετδ

862 756 969 834 πνεῦμά
984 781 1043 834 μου.
1058 755 1131 835 Ἐγὼ
1142 736 1252 829 ΔανιὴλΙ
1262 741 1404 828 ε’ίδον,κα“ι
1416 759 1436 826 ἡ
1449 710 1538 836 dputes<
1550 761 1589 827 τῆς
1598 781 1626 815 κε

863 838 953 972 φαλῆς
974 859 1024 913 μου
1041 834 1199 915 συνετάραξί
1218 860 1264 912 με.
1287 833 1400 896 natat·
1426 835 1442 891 δ
1465 834 1628 913 προφότιςτό

864 938 953 1051 d,repre
967 919 1015 984 τῆς
1037 916 1183 991 μελλούσης
1205 915 1325 994 κρίσεως
1349 912 1418 970 ἰδὼν
1441 911 1536 992 ἔφριξα
1550 914 1628 973 liniri

884 1017 916 1074 ρα
927 999 1006 1072 ἡμεῖς
1016 992 1146 1072 μέλλομεν
1159 993 1318 1072 ὑπομένειν,
1329 993 1400 1052 ὅταν
1418 993 1458 1058 εἰς
1469 992 1628 1071 αὗτίτίπρά·

73 1103 162 1148 torum
185 1088 211 1144 in
235 1083 306 1143 eollo
334 1082 451 1162 positum
474 1079 600 1138 omuibus
619 1073 811 1136 ostendemus?
863 1097 956 1152 γματα
979 1073 1116 1150 ίλδωμενς
1140 1074 1204 1132 ὅταν
1227 1075 1286 1134 ἀπὸ
1315 1072 1464 1134 ἀνατολῶν
1486 1071 1554 1141 ἡλίῳ,
1567 1072 1627 1150 μέγ,
1677 1098 1680 1145 3

73 1170 153 1227 Titne
163 1164 381 1245 blasphemorum
396 1160 494 1239 linguae
507 1157 623 1218 llammis
633 1154 777 1222 anlebunt,
787 1167 813 1212 et
828 1158 848 1207 C
865 1154 973 1230 δυσμῶν
985 1151 1203 1231 ἕπισυναγόμενοι
1218 1151 1432 1237 παριστῶμεύα
1446 1151 1552 1228 γυμνοὶ,
1563 1151 1629 1211 καὶτὸ
1678 1170 1680 1219 ς

75 1245 213 1306 uemoerit
226 1242 273 1322 qui
282 1241 435 1319 refrigerem
450 1252 515 1296 tune
530 1238 739 1296 obtrectatorum
748 1232 814 1292 deu·

75 1338 115 1384 tes
136 1335 305 1383 conterentur
325 1318 477 1377 atrocibus
500 1315 615 1395 angelis;
641 1327 705 1372 tune
718 1333 813 1370 avaro-

76 1425 137 1462 rum
159 1421 254 1460 manus
269 1398 412 1479 pendentes
427 1409 551 1469 trement,
575 1408 601 1453 et
619 1392 814 1452 excamisrcatae

75 1480 417 1548 doloremsummum
438 1488 599 1554 nugatorum
623 1493 668 1530 ora
686 1472 747 1549 igne
766 1471 815 1530 ob-

76 1575 213 1620 struuntur
223 1583 230 1632 ;
242 1570 305 1617 tunc
320 1555 495 1615 annuentium
506 1552 577 1611 oculi
588 1551 749 1609 effodiuntur
758 1550 816 1608 siue

77 1638 270 1699 misericordia.
287 1636 341 1696 Ubi
358 1648 421 1692 tune
434 1646 562 1713 parentes,
574 1631 621 1689 ubi
642 1631 747 1700 iratres,
768 1629 816 1688 ubi

77 1732 162 1800 pater,
172 1716 219 1776 ubi
237 1729 329 1790 mater,
340 1715 388 1772 ubi
402 1713 519 1791 cognati,
530 1711 577 1769 ubi
591 1709 695 1767 amici?
716 1708 763 1766 ubi
776 1729 817 1766 re-

78 1819 144 1877 gum
153 1800 247 1870 fastus,
263 1795 309 1852 ubi
321 1793 477 1873 principum
495 1803 619 1871 potestas,
633 1789 682 1846 ubi
693 1802 818 1868 tyranno-

76 1899 139 1936 rum
155 1874 315 1954 arrogantia,
329 1872 375 1929 ubi
393 1869 519 1950 judicum
533 1868 680 1947 superbia?
696 1867 742 1924 ubi
763 1887 819 1924 ser·

78 1955 118 2028 vi,
141 1956 188 2014 ubi
203 1952 327 2012 aneilla?
348 1950 395 2008 ubi
419 1950 501 2008 luxus
519 1948 749 2020 vestimentorum,
770 1946 819 2004 ubi

79 2035 181 2093 colores
211 2051 370 2104 ammarum,
384 2029 430 2087 ubi
441 2030 525 2086 fastus
535 2028 604 2101 auri,
619 2026 665 2083 ubi
678 2046 760 2085 sontis
774 2046 820 2082 ar-

80 2114 171 2193 genti?
181 2054 229 2170 ubi
243 2124 353 2169 omiatus
363 2108 535 2178 annulorum,
546 2105 594 2164 ubi
610 2106 714 2164 calceus
724 2103 820 2184 podem

80 2191 336 2271 circumstringens,
352 2188 400 2246 ubi
416 2188 499 2246 serica
513 2186 681 2255 uestimenta,
694 2182 741 2241 ubi
755 2184 820 2263 bys·

80 2271 161 2330 sina?
175 2271 222 2328 ubi
238 2289 339 2340 carnes,
363 2267 409 2324 ubi
434 2278 568 2344 unguenta
580 2276 606 2322 et
618 2285 694 2323 vanae
705 2265 821 2339 fumiga-

865 1232 969 1312 φορτίον
981 1237 1032 1290 τῶν
1046 1232 1184 1312 ἁμαρτιῶν
1206 1234 1254 1292 ἐπὶ
1280 1238 1328 1292 τοῦ
1346 1230 1494 1312 τραχήλων
1505 1238 1576 1287 πᾶσιν
1586 1233 1630 1288 ἐτι·

865 1310 1039 1383 δεικνύοντες;
1054 1310 1124 1370 Τότε
1136 1316 1191 1369 τῶν
1207 1313 1393 1392 βλασφήμων
1409 1313 1440 1367 αἱ
1459 1310 1570 1386 γλῶσσαι
1580 1311 1629 1388 φλο-

864 1390 998 1469 γίζονται,
1011 1390 1056 1448 καί
1070 1393 1116 1448 οὐκ
1130 1390 1232 1448 ἕοταιδ
1256 1392 1416 1471 δροοίζων·
1430 1387 1494 1446 τότε
1504 1393 1551 1446 τῶν
1568 1411 1631 1446 κατα-

866 1467 1016 1528 λαλούντων
1027 1471 1051 1528 οἱ
1063 1469 1166 1535 ὀδόντες
1179 1471 1379 1552 συντρίύονται
1391 1467 1447 1527 ὑπὸ
1465 1466 1632 1545 άποτόμωᾶγ-

868 1548 969 1630 γίλοιν·
983 1547 1042 1607 τότε
1059 1553 1113 1605 τῶν
1128 1549 1307 1628 φιλαργύρων
1326 1553 1358 1608 αἱ
1380 1554 1476 1628 χεῖρες
1498 1546 1634 1626 κρεμάμεναι

868 1627 1010 1708 τρέμουσι,
1026 1626 1070 1686 καί
1089 1627 1211 1704 ξεόμεναι
1232 1630 1411 1688 ὀδυνῶνται·
1427 1625 1491 1684 τότε
1503 1628 1550 1683 τῶν
1568 1627 1633 1704 φλιή-

871 1730 924 1788 ρων
936 1705 970 1764 τὰ
994 1705 1114 1783 στόματα
1131 1708 1184 1766 ὑπὸ
1197 1713 1247 1766 τοῦ
1262 1733 1303 1767 πυ
1374 1706 1580 1807 δμφράττονται·
1591 1706 1636 1765 τίει

871 1790 923 1846 τῶν
938 1784 1109 1844 διανευόντων
1131 1789 1155 1844 οἱ
1179 1790 1311 1866 ύφδαλμο
1349 1785 1636 1866 ἐξορυττονταιᾶνιλίις

871 1868 929 1925 Ποῦ
938 1864 997 1924 τότε
1007 1874 1104 1943 γονεῖς,
1115 1870 1165 1924 ποῦ
1176 1868 1304 1947 ἀδελφοί,
1318 1872 1377 1926 ποῦ
1387 1864 1493 1946 πατὴρ,
1502 1870 1550 1922 ποῦ
1561 1864 1637 1946 μήτηρ

871 1953 922 2005 ποῦ
936 1947 960 2003 οἱ
978 1954 1126 2022 συγγενεῖς,
1140 1951 1192 2004 ποῦ
1203 1950 1229 2004 οἱ
1245 1946 1342 2026 φίλοις
1359 1950 1417 2004 ποῦ
1439 1949 1458 2015 ἡ
1473 1947 1524 2002 τῶν
1536 1945 1637 2021 βασιλέα

871 2024 1012 2105 φαντασία,
1020 2030 1071 2082 ποῦ
1080 2028 1132 2082 τῶν
1143 2023 1289 2104 ἀρχόντων
1303 2030 1323 2097 ἡ
1336 2023 1462 2094 ἐξουσία,
1473 2027 1637 2092 iamdudum

873 2104 972 2182 ράννων
982 2102 1094 2162 ἀπόνοια
1101 2150 1108 2176 ,
1115 2111 1165 2163 ποῦ
1175 2109 1192 2175 ἡ
1202 2109 1262 2162 τῶν
1271 2107 1420 2163 δικαστῶν
1428 2102 1596 2183 decempeda,
1603 2111 1638 2164 τοῦ

872 2187 898 2243 οἱ
912 2184 1009 2252 δοῦλοι,
1017 2187 1068 2240 πού
1079 2186 1107 2240 αἱ
1119 2185 1226 2255 δούλας
1238 2192 1296 2244 ποῦ
1307 2183 1532 2260 δκαλλωπισμδς
1541 2185 1586 2239 τῶν
1594 2187 1638 2261 ἱμε-

872 2264 944 2336 τίων,
955 2266 1005 2321 ποῦ
1017 2266 1044 2320 αἱ
1054 2262 1132 2340 χροαλ
1142 2265 1196 2320 τῶν
1206 2264 1380 2344 μαργάρων,
1394 2268 1476 2334 moiri,
1487 2260 1639 2340 φαντασίατύ

80 2351 185 2412 tiones?
200 2349 246 2406 ubi
264 2344 394 2407 reconditi
417 2345 546 2417 thesauri,
565 2343 611 2402 ubi
634 2342 720 2402 ornati
735 2342 821 2400 lecti?
836 2356 856 2403 Ι)
872 2342 1226 2425 ⁸ppuurlooflroboriebaroeeob
1236 2341 1639 2424 ἀργυρίω;πῶἡκόσμε,σιςτι”ιι

874 2423 1037 2493 δακτυλίων,
1050 2430 1101 2483 ποῦ
1113 2424 1168 2479 τῶν
1178 2422 1273 2480 ποδῶν
1286 2424 1321 2483 rb
1332 2422 1516 2504 περισρίγγον
1528 2422 1640 2500 ύπόδιγει,

873 2507 924 2561 ποῦ
937 2500 971 2559 τά
981 2501 1080 2580 σηρικδ
1090 2501 1199 2578 ἱμάτια,
1208 2507 1267 2560 ποῦ
1281 2501 1319 2560 τὰ
1332 2501 1475 2581 βύσσινα;
1488 2503 1640 2581 πῶτλκρέτ,

873 2588 924 2641 ποῦ
937 2579 971 2638 τὰ
987 2581 1058 2661 μύρα
1066 2581 1112 2640 καὶ
1124 2581 1157 2640 τὰ
1172 2582 1282 2657 μάταια
1305 2581 1512 2659 καπνίσμστας
1524 2586 1640 2660 adop

875 2659 1033 2737 λασσόμενοι
1053 2659 1196 2741 οησαυροί;
1210 2669 1267 2721 ποῦ
1292 2665 1324 2720 αἱ
1348 2660 1554 2739 κεκοσμημέναι
1564 2663 1641 2730 dtur,

876 2744 926 2798 ποῦ
954 2744 978 2798 οἱ
998 2745 1164 2819 παρορῶντες
1191 2738 1256 2806 τοὺς
1279 2738 1429 2813 πένητας;
1456 2745 1508 2799 mi
1533 2745 1555 2799 σί
1578 2765 1610 2800 τε
1633 2772 1641 2782 ·

876 2818 1017 2884 όλίποντες
1035 2818 1095 2885 τούς
1113 2822 1140 2877 ἐν
1155 2818 1282 2897 ἀνάγκῃ;
1301 2827 1362 2879 ποῦ
1383 2822 1411 2879 οἱ
1433 2821 1575 2896 νομίζοντες
1594 2764 1641 2878 d:

81 2430 129 2488 ubi
144 2430 162 2487 ii
173 2428 219 2507 qui
231 2425 411 2507 despiciebant
421 2424 571 2504 praiipe'res?
585 2422 631 2480 ubi
647 2422 666 2480 ii
681 2421 727 2512 qni
738 2421 821 2499 negli-

82 2507 180 2589 gebant
194 2508 254 2565 illos
267 2508 313 2583 qui
328 2506 356 2563 in
365 2503 519 2563 necessitate
528 2502 622 2561 erant?
633 2500 782 2579 ubiilliqui
793 2520 822 2558 se

81 2587 213 2667 sapientes
239 2584 389 2665 putabant?
412 2583 460 2641 ubi
478 2583 526 2673 ‹pii
545 2603 607 2639 cuin
631 2579 771 2661 tympanis
796 2593 822 2638 et

81 2667 171 2725 choris
183 2666 276 2723 m'num
290 2663 437 2721 bibebant?
451 2661 552 2729 ubrilli
568 2660 616 2738 qni
626 2680 730 2739 semper
746 2659 821 2718 ride-

84 2747 160 2818 bant,
177 2759 202 2804 et
218 2745 270 2825 piis
282 2742 453 2801 illudebant?
474 2741 520 2798 ubi
539 2740 579 2797 illi
590 2740 637 2816 qui
651 2759 741 2796 servm
752 2739 823 2796 male

82 2825 247 2893 alliciebant,
265 2836 292 2881 et
305 2826 429 2880 timorem
441 2821 490 2878 llei
502 2819 580 2878 nihili
602 2816 764 2876 vendebant?
775 2817 822 2876 ubi

81 2904 124 2963 illi
138 2905 184 2983 qui
199 2903 327 2961 ultionem
344 2900 465 2959 divinam
477 2920 529 2957 non
544 2840 697 2962 eredebant,
711 2910 737 2955 et
746 2896 824 2975 quasi

82 2983 248 3043 immortales
272 2979 466 3040 versabantur?
485 2977 532 3036 ubi
545 2976 662 3055 suntqui
677 2975 822 3034 dicebaut:

83 3062 263 3121 Comedamus
282 3074 307 3119 ct
331 3059 466 3131 bibamus,
489 3079 548 3116 eras
569 3057 640 3115 enim
659 3056 824 3114 moriemur?

85 3142 131 3200 ubi
157 3155 218 3199 sunt
233 3140 272 3197 illi
286 3139 332 3218 qui
355 3138 481 3196 dicebant
494 3139 553 3194 :Da
573 3135 642 3193 mihi
664 3134 826 3193 hodiemum

83 3220 166 3293 dieto,
179 3234 205 3278 et
223 3241 298 3277 sume
310 3218 359 3276 tibi
380 3216 545 3275 crastinum?
561 3216 608 3273 ubi
622 3228 684 3272 suut
695 3214 740 3291 qui
752 3213 825 3272 dice-

84 3301 150 3358 bant
166 3325 172 3356 ι
186 3297 513 3378 Fruamurpraesentibus,
525 3294 591 3353 etde
602 3294 658 3351 illis
670 3293 825 3353 videamus?

84 3380 131 3438 ubi
141 3393 203 3437 sunt
220 3379 267 3456 qui
279 3377 405 3436 dioclmnt
420 3401 426 3434 :
445 3376 568 3433 Clemens
581 3389 619 3433 cst
635 3376 718 3446 Deus,
733 3394 826 3453 pecea-

84 3473 155 3517 tores
171 3479 221 3515 nnn
247 3456 357 3535 puniet?
372 3458 396 3512 0
418 3469 547 3531 quantum
564 3453 702 3532 penitebit
716 3473 760 3510 eos
779 3451 826 3530 qui

877 2896 970 2976 eopoi3
989 2903 1040 2956 ποῦ
1052 2901 1076 2957 οἱ
1091 2898 1159 2975 μετὰ
1181 2899 1341 2975 τυμπάνων
1364 2898 1418 2958 καί
1432 2904 1520 2979 χορῶν
1539 2901 1579 2958 ῶν
1593 2891 1642 2957 olm

876 2978 1010 3050 πίνοντας
1021 2983 1072 3037 ποῦ
1083 2983 1108 3036 οῖ
1128 2976 1279 3044 διαπαντὸς
1291 2981 1452 3056 γελῶντες,
1465 2980 1511 3037 καί
1523 2979 1577 3046 τῶς
1587 2981 1642 3037 σύλα·

877 3057 933 3123 όεῖς
956 3057 1203 3135 ἐκμυκτηρίζοντεςς
1219 3064 1276 3116 ποῦ
1296 3063 1324 3116 οἱ
1350 3057 1419 3126 τούς
1432 3057 1538 3125 δούλως
1556 3080 1643 3117 ramat

878 3143 996 3207 νοῦντες,
1009 3137 1109 3195 καὶτοῦ
1120 3136 1203 3216 φόόου
1213 3143 1265 3194 τοῦ
1277 3139 1358 3196 Θεοῦ
1368 3143 1599 3218 καταφρονῶντες;
1608 3142 1643 3195 ταί

879 3219 945 3276 εἰσιν
962 3220 1133 3281 ἀπιστοῦντες
1149 3216 1198 3287 τὴν
1211 3216 1347 3288 κόλασιν,
1362 3217 1415 3276 καί
1437 3221 1475 3282 ῶς
1489 3218 1643 3275 &dinamidia

878 3295 1010 3372 κείμενοι;
1025 3302 1075 3352 ποῦ
1090 3299 1156 3353 εἰσιν
1175 3299 1199 3353 υἱ
1223 3295 1374 3373 λέγοντες,
1390 3297 1521 3376 φάγωμεν
1540 3297 1579 3355 καὶ
1595 3296 1643 3354 πίω

880 3398 947 3453 μεν·
964 3373 1052 3452 αὔριον
1073 3374 1124 3455 γὰρ
1139 3374 1375 3451 ἀποθνήσκομεν,
1397 3384 1453 3435 ποῦ
1470 3382 1534 3435 εἰσιν
1546 3382 1568 3434 οἱ
1578 3375 1643 3452 λόγον

879 3478 934 3526 τες,
956 3453 997 3519 δός
1010 3476 1055 3530 μοι
1068 3453 1117 3523 τὴν
1131 3454 1261 3533 σήμερον,
1275 3454 1326 3512 καὶ
1349 3455 1424 3513 >atta
1439 3456 1490 3523 τὴν
1511 3455 1601 3535 αὔριον,
1611 3457 1644 3510 τά

83 3538 149 3594 talia
178 3532 286 3594 dicunt!
301 3547 431 3611 ‹piantum
450 3534 591 3609 lugebunt,
616 3546 642 3589 et
658 3552 735 3588 nemo
750 3532 827 3588 misc·
843 3550 863 3596 Ε
881 3537 946 3592 εἰσιν
961 3537 985 3590 οἱ
1000 3533 1134 3609 λέγοντες,
1154 3533 1365 3611 ἀπολαύσωμεν
1382 3540 1439 3593 τῶν
1461 3528 1530 3607 ὦδε,
1551 3535 1589 3592 καί
1603 3533 1645 3609 περὶ

84 3616 188 3675 rebitur
210 3613 336 3673 illorum!
353 3626 482 3690 ‹piantum
504 3611 685 3688 ingemiscent,
712 3625 738 3668 et
750 3632 828 3668 nemo

86 3693 217 3754 redimet!
245 3706 345 3770 quanta
368 3712 423 3749 sese
444 3705 605 3748 macerantes
620 3689 735 3747 dicent:
757 3688 826 3749 vat

86 3775 148 3852 quia
172 3773 250 3832 nobis
264 3772 414 3844 illusiuuis3
427 3769 484 3830 vu!
499 3770 562 3847 quia
585 3791 633 3827 nos
648 3768 827 3848 perdidimus.

87 3855 265 3923 lloceliainur,
282 3865 308 3909 et
327 3872 379 3909 nou
403 3849 565 3908 attendimus
582 3872 588 3902 ε
604 3849 789 3922 monebamur,
804 3861 830 3906 ct

86 3933 135 3992 des
147 3933 321 3991 rieielramus:
339 3930 398 3987 btec
412 3929 624 3987 testificabantur
638 3927 724 4001 nobis,
739 3942 764 3985 et
778 3947 830 3985 nou

87 3957 262 4071 credebamus
286 4034 292 4065 :
312 4010 378 4068 dum
405 4009 558 4098 Scripturas
586 4007 752 4073 audiremus,
783 4026 831 4064 nos

87 4093 95 4149 i
118 4114 160 4150 sos
183 4092 209 4150 iu
235 4111 352 4148 errorem
378 4088 545 4146 induximus.
567 4090 676 4147 ,lustum
694 4085 831 4176 judicium

88 4115 138 4229 dei
157 4171 258 4249 :digna
274 4169 345 4226 enim
362 4167 395 4224 iis
406 4189 465 4246 qua
482 4166 605 4242 lecimus,
621 4167 774 4244 recipimus.
783 4167 832 4225 Vae

89 4250 178 4319 nobis,
208 4249 272 4326 qnia
294 4261 404 4337 propter
426 4260 624 4326 temporaneam
657 4246 832 4325 voluptatem,

88 4343 218 4386 aeternum
230 4325 400 4386 cruciamur!
415 4347 465 4405 pro
480 4324 579 4384 modici
599 4325 728 4404 temporis
753 4324 832 4381 incu-

90 4407 131 4464 ria
143 4408 169 4464 in
185 4419 313 4463 aeternnm
329 4406 418 4481 ignem
441 4405 637 4482 demergimur,
654 4425 703 4483 pro
713 4418 763 4462 iter
788 4424 834 4461 va·

90 4507 152 4544 nam
174 4484 288 4564 gloriam
309 4505 324 4540 a
337 4483 422 4561 gloria
437 4484 485 4540 ltei
509 4427 834 4561 excidim11530lrparvas

88 4565 201 4624 delicias
221 4561 364 4653 aparndisi
377 4562 484 4620 deliciis
499 4562 653 4641 privamur;
669 4576 778 4642 propter
791 4560 834 4618 di·

91 4645 171 4705 vitias
195 4655 327 4724 perituras
346 4641 419 4720 regui
439 4641 549 4700 divitias
567 4642 716 4699 amisimus.
732 4642 763 4698 ln
787 4640 835 4699 illo

90 4745 162 4785 vano
175 4723 274 4781 suculo
288 4742 336 4779 nos
350 4721 519 4796 fruebamur,
531 4720 577 4778 sal
590 4722 637 4799 qni
654 4722 680 4778 in
701 4721 749 4779 illo
760 4720 835 4778 nulla

880 3618 932 3672 τῶν
947 3616 1000 3671 ἐκεῖ
1023 3613 1178 3689 βλέποιμεν,
1196 3619 1250 3671 ποῦ
1274 3616 1349 3671 εἰσιν
1379 3619 1406 3673 οἱ
1430 3615 1564 3693 λέγοντες,
1578 3614 1645 3692 ,dtr

882 3691 984 3771 Ορωπός
998 3695 1068 3751 ἐστιν
1087 3698 1100 3750 δ
1116 3692 1199 3762 Θεὸς,
1214 3691 1264 3748 καλ
1280 3695 1311 3750 ού
1329 3695 1450 3761 κολάζει
1471 3696 1530 3760 τοὺς
1549 3696 1645 3772 ἁμαρτα-

885 3771 960 3843 λούς;
974 3771 1011 3829 Ὧ
1022 3770 1091 3829 πόσα
1104 3769 1320 3848 μετανοήσουσιν
1331 3777 1359 3831 οἱ
1371 3775 1408 3831 τὰ
1424 3780 1535 3831 τοιαῦτα
1545 3772 1647 3849 λέγοντες

881 3851 951 3910 πόσα
966 3849 1108 3929 adportet,
1122 3850 1168 3907 καὶ
1178 3852 1225 3908 oba
1241 3848 1318 3908 ἔστιν
1331 3855 1349 3909 ὁ
1372 3855 1460 3911 ἐλεῶν
1481 3853 1584 3922 αὐτούς
1599 3850 1647 3907 τότε

883 3930 1049 4001 στενάξουσι,
1064 3928 1110 3987 καί
1124 3928 1206 3995 οὐδεὶς
1223 3933 1239 3986 δ
1255 3930 1467 4009 λυτρούμενοςς
1482 3932 1551 3989 πόσα
1569 3927 1648 3992 inivit

883 4009 1093 4073 κατακόπτοντες
1122 4008 1250 4081 εἴπωσιν,
1281 4009 1363 4083 οὐαὶ,
1397 4013 1476 4083 οὐαί,
1502 4011 1541 4070 ὅτι
1569 4007 1649 4072 ἑαυτάς

884 4089 1078 4167 ἔχλευάσαμεν·
1090 4087 1147 4145 odei
1166 4086 1207 4145 ὅτι
1220 4086 1340 4153 ἑαυτοὺς
1356 4091 1559 4168 ἀπωλέσαμεν,
1569 4088 1648 4147 ’Etru

884 4166 1017 4245 σκόμεύα,
1039 4167 1086 4226 καὶ
1107 4168 1136 4225 ού
1156 4166 1363 4266 προσείχομεν·
1390 4172 1602 4247 ἐνουθετούμεύσ,
1619 4164 1649 4223 ul

884 4253 1112 4326 κατεφρονοῦμεν·
1128 4250 1348 4325 διεμαρτύραντο
1364 4249 1396 4309 δὲ
1411 4254 1491 4326 ἡμῖν,
1506 4250 1600 4307 καὶούκ
1610 4249 1649 4304 ἐτι·

886 4326 1011 4384 στεύουεν
1021 4349 1027 4362 ·
1039 4331 1091 4384 τῶν
1103 4328 1213 4404 Γραφῶν
1227 4326 1382 4394 ἀκούοντες
1393 4329 1506 4396 ἑαυτοὺς
1517 4329 1649 4402 ἐπλανιῗιμει.

887 4384 986 4463 Δικαία
1004 4410 1021 4475 ἡ
1044 4405 1130 4483 κρίσις
1148 4409 1193 4463 τοῦ
1207 4409 1296 4463 θεοῦ·
1314 4406 1385 4473 ἄξια
1401 4409 1457 4488 γὰρ
1471 4401 1509 4467 ὧν
1532 4406 1650 4485 ἐπράξαμεν

887 4485 1121 4562 ἀπολαμόάνομεν.
1137 4484 1206 4542 Οὐαὶ
1220 4487 1300 4560 ἡμῖν,
1312 4484 1362 4544 ὅτι
1377 4488 1425 4546 διὰ
1436 4488 1592 4567 πρόσκαιρον
1603 4485 1649 4554 ἠδο-

888 4563 933 4636 νὴν
946 4564 1057 4630 αἰωνίως
1070 4562 1252 4637 κυλαζόμεύα,
1267 4563 1314 4620 διὰ
1327 4574 1434 4648 μικροῦ
1445 4568 1541 4648 γρόνου
1555 4564 1650 4641 ἀμελειτι

887 4646 926 4722 τῷ
937 4642 1035 4723 αἰωνίῳ
1048 4644 1111 4722 πυρὶ
1125 4640 1386 4719 καταποντιζόμεθα
1397 4691 1405 4718 ,
1418 4636 1467 4706 διά
1477 4648 1551 4714 δόξαν
1564 4640 1650 4722 ματαίαν

887 4725 935 4791 τῆς
951 4721 1026 4792 δόξης
1046 4727 1092 4780 τοῦ
1114 4725 1184 4780 Θεοῦ
1200 4720 1385 4800 ἐξετάσομεν,
1403 4726 1449 4784 διὰ
1468 4727 1565 4806 μικρὸν
1578 4719 1650 4800 τρυφὴν

91 4824 120 4862 re
131 4802 300 4875 fruebantur,
311 4802 367 4876 jam
382 4800 514 4858 letantur.
532 4802 610 4860 Nunc
627 4800 674 4878 qui
696 4801 934 4881 jejunare-,urie
957 4807 1003 4859 τοῦ
1024 4800 1183 4880 παραδείσου
1198 4803 1303 4880 τρυρῆς
1326 4804 1529 4882 ἐστερήθημεν,
1543 4803 1582 4862 διδ
1595 4804 1650 4857 alni

90 4896 164 4951 runt,
181 4880 285 4939 deliciis
304 4881 446 4951 fruuntur3
460 4881 506 4957 qui
531 4879 711 4951 decertarunt,
736 4879 763 4936 in
779 4900 834 4938 ce-
852 4899 872 4945 Α
888 4905 931 4940 τον
946 4880 1126 4958 ἀπολλύμενον
1148 4880 1192 4939 τόν
1206 4881 1326 4939 πλοῦτον
1350 4887 1403 4953 τῆς
1418 4882 1558 4961 βασιλείας
1576 4876 1650 4938 isaii-i·

90 4962 151 5019 lesti
165 4960 285 5019 thalamo
297 4958 407 5018 choreas
425 4974 524 5038 aguut;
542 4960 588 5036 qni
604 4958 716 5017 divitias
730 4957 834 5038 disper·

90 5054 181 5098 serunt
200 5051 226 5096 et
250 5038 430 5111 seminarunt,
456 5039 484 5096 in
512 5038 690 5096 exsultatione
710 5052 831 5115 metunt,

91 5120 139 5256 :pii
166 5120 308 5192 fleverunt,
334 5131 463 5174 aternum
481 5118 630 5193 exsultant3
657 5117 703 5194 qui
730 5132 833 5176 terrena

111 5211 282 5277 espexerunt,
308 5196 421 5254 calestia
433 5211 592 5276 aeceperunt
609 5221 615 5252 :
631 5218 679 5255 nos
693 5197 743 5254 soli
755 5197 832 5256 mise·

92 5299 115 5335 rr
142 5276 282 5356 suppliciis
292 5276 353 5354 jure
377 5274 468 5334 traditi
482 5297 583 5335 sumus.
600 5278 635 5336 Et
649 5298 720 5335 nunc
733 5276 831 5336 clama·

888 4984 981 5036 σαμεν.
999 4960 1045 5019 Ἐν
1069 4963 1108 5038 τῷ
1130 4959 1238 5038 ματαίῳ
1255 4962 1339 5017 αἰῶνι
1371 4966 1456 5034 ἡμεῖς
1477 4961 1648 5035 inlautum

887 5042 946 5097 ἀλλ’
960 5044 986 5099 ἐν
1004 5043 1075 5117 αὐτῷ
1087 5044 1111 5098 ol
1135 5037 1172 5116 μὴ
1188 5037 1400 5108 ἀπολαύσαντες
1416 5043 1601 5122 εὐφραίνονται
1613 5040 1649 5095 ,Va

887 5124 911 5178 οἱ
929 5118 1095 5189 νηστεύοντες
1120 5121 1266 5198 τρυφῶσιν,
1291 5123 1319 5177 οἱ
1344 5123 1546 5197 ἀγωνισάμενοι
1572 5121 1601 5181 εἰς
1618 5113 1648 5170 ‘l'

887 5199 1004 5276 οὐράνιον
1026 5201 1152 5276 νυμφῶνα
1177 5197 1349 5275 χορεύουσιν,
1367 5205 1392 5258 οἱ
1419 5201 1601 5276 σκορπίταντει
1616 5196 1646 5250 5³¹¹

887 5280 996 5336 πλοῦτον
1009 5280 1035 5335 ἐν
1051 5276 1206 5354 ἀγαλλιάσει
1219 5276 1384 5354 θερίζουσιν,
1397 5283 1421 5337 ol
1436 5281 1592 5341 κλαύσαντες
1601 5278 1645 5332 ab*
