<?xml version="1.0" encoding="UTF-8"?>
<!DOCTYPE html PUBLIC "-//W3C//DTD XHTML 1.0 Transitional//EN"
    "http://www.w3.org/TR/xhtml1/DTD/xhtml1-transitional.dtd">
<html xmlns="http://www.w3.org/1999/xhtml" xml:lang="en" lang="en">
 <head>
  <title>
</title>
<meta http-equiv="Content-Type" content="text/html;charset=utf-8" />
  <meta name='ocr-system' content='tesseract 3.04.00' />
  <meta name='ocr-capabilities' content='ocr_page ocr_carea ocr_par ocr_line ocrx_word'/>
</head>
<body>
  <div class='ocr_page' id='page_1' title='image "./sanctipatrisnos01chrygoog_0464.png"; bbox 0 0 3728 5978; ppageno 0'>
   <div class='ocr_carea' id='block_1_1' title="bbox 529 410 1181 462">
    <p class='ocr_par' dir='ltr' id='par_1_1' title="bbox 529 410 1181 462">
     <span class='ocr_line' id='line_1_1' title="bbox 529 410 1181 462; baseline 0.005 -2"><span class='ocrx_word' id='word_1_1' title='bbox 529 414 562 460; x_wconf 85' lang='grc' dir='ltr'><strong>ΙΝ</strong></span> <span class='ocrx_word' id='word_1_2' title='bbox 589 412 676 461; x_wconf 74' lang='lat' dir='ltr'><strong>ACTA</strong></span> <span class='ocrx_word' id='word_1_3' title='bbox 705 410 959 460; x_wconf 66' lang='lat' dir='ltr'><strong>apostotorum.</strong></span> <span class='ocrx_word' id='word_1_4' title='bbox 988 411 1106 461; x_wconf 71' lang='lat' dir='ltr'><strong>nostru.</strong></span> <span class='ocrx_word' id='word_1_5' title='bbox 1135 416 1181 462; x_wconf 76' lang='lat' dir='ltr'><strong>nt.</strong></span> 
     </span>
    </p>
   </div>
   <div class='ocr_carea' id='block_1_2' title="bbox 1568 387 1640 478">
    <p class='ocr_par' dir='ltr' id='par_1_2' title="bbox 1568 387 1640 478">
     <span class='ocr_line' id='line_1_2' title="bbox 1568 387 1640 478; baseline 0.014 -11"><span class='ocrx_word' id='word_1_6' title='bbox 1568 387 1640 478; x_wconf 71' lang='lat'><strong>435</strong></span> 
     </span>
    </p>
   </div>
   <div class='ocr_carea' id='block_1_3' title="bbox 67 533 1721 3025">
    <p class='ocr_par' dir='ltr' id='par_1_3' title="bbox 67 533 1721 3025">
     <span class='ocr_line' id='line_1_3' title="bbox 68 533 1640 622; baseline -0.001 -20"><span class='ocrx_word' id='word_1_7' title='bbox 68 541 167 622; x_wconf 75' lang='grc' dir='ltr'>τυίτφς</span> <span class='ocrx_word' id='word_1_8' title='bbox 177 539 272 608; x_wconf 64' lang='lat' dir='ltr'><strong>ottae</strong></span> <span class='ocrx_word' id='word_1_9' title='bbox 282 544 376 621; x_wconf 72' lang='lat' dir='ltr'><strong>peleto</strong></span> <span class='ocrx_word' id='word_1_10' title='bbox 385 541 442 607; x_wconf 82' lang='grc' dir='ltr'><strong>πῶς</strong></span> <span class='ocrx_word' id='word_1_11' title='bbox 450 543 526 599; x_wconf 81' lang='grc' dir='ltr'>τοῦτο</span> <span class='ocrx_word' id='word_1_12' title='bbox 537 537 636 598; x_wconf 73' lang='grc' dir='ltr'>ἐκείνου</span> <span class='ocrx_word' id='word_1_13' title='bbox 645 537 748 618; x_wconf 74' lang='grc' dir='ltr'>βέλτιον</span> <span class='ocrx_word' id='word_1_14' title='bbox 753 535 841 618; x_wconf 70' lang='grc' dir='ltr'>,Ὅρα</span> <span class='ocrx_word' id='word_1_15' title='bbox 895 533 929 592; x_wconf 85' lang='lat' dir='ltr'><strong>de</strong></span> <span class='ocrx_word' id='word_1_16' title='bbox 943 534 1042 606; x_wconf 77' lang='lat' dir='ltr'><strong>eausa?</strong></span> <span class='ocrx_word' id='word_1_17' title='bbox 1060 535 1112 600; x_wconf 86' lang='lat' dir='ltr'><strong>Vis</strong></span> <span class='ocrx_word' id='word_1_18' title='bbox 1126 536 1230 598; x_wconf 83' lang='lat' dir='ltr'><strong>discere</strong></span> <span class='ocrx_word' id='word_1_19' title='bbox 1251 536 1387 616; x_wconf 89' lang='lat' dir='ltr'><strong>quomodo</strong></span> <span class='ocrx_word' id='word_1_20' title='bbox 1406 538 1458 598; x_wconf 91' lang='lat' dir='ltr'><strong>hoc</strong></span> <span class='ocrx_word' id='word_1_21' title='bbox 1470 538 1520 600; x_wconf 92' lang='lat' dir='ltr'><strong>illo</strong></span> <span class='ocrx_word' id='word_1_22' title='bbox 1531 541 1566 600; x_wconf 88' lang='lat' dir='ltr'><strong>sit</strong></span> <span class='ocrx_word' id='word_1_23' title='bbox 1580 557 1640 602; x_wconf 85' lang='lat' dir='ltr'><strong>mo-</strong></span> 
     </span>
     <span class='ocr_line' id='line_1_4' title="bbox 68 624 1721 713; baseline -0.001 -19"><span class='ocrx_word' id='word_1_24' title='bbox 68 631 348 713; x_wconf 78' lang='grc' dir='ltr'>τοθςίντοιίτῳ,όρα</span> <span class='ocrx_word' id='word_1_25' title='bbox 362 631 462 699; x_wconf 80' lang='grc' dir='ltr'>τοθςέν</span> <span class='ocrx_word' id='word_1_26' title='bbox 479 631 580 712; x_wconf 81' lang='grc' dir='ltr'>ἐκείνῳ.</span> <span class='ocrx_word' id='word_1_27' title='bbox 594 630 646 691; x_wconf 74' lang='lat' dir='ltr'><strong>aa</strong></span> <span class='ocrx_word' id='word_1_28' title='bbox 656 629 683 689; x_wconf 91' lang='grc' dir='ltr'><strong>τί</strong></span> <span class='ocrx_word' id='word_1_29' title='bbox 694 626 841 707; x_wconf 63' lang='lat' dir='ltr'><strong>eupsetet</strong></span> <span class='ocrx_word' id='word_1_30' title='bbox 894 624 1048 685; x_wconf 75' lang='grc' dir='ltr'>ίίυεθίίίόε</span> <span class='ocrx_word' id='word_1_31' title='bbox 1059 628 1164 703; x_wconf 86' lang='lat' dir='ltr'><strong>ambos,</strong></span> <span class='ocrx_word' id='word_1_32' title='bbox 1179 628 1252 688; x_wconf 90' lang='lat' dir='ltr'><strong>hunc</strong></span> <span class='ocrx_word' id='word_1_33' title='bbox 1265 642 1291 688; x_wconf 88' lang='lat' dir='ltr'><strong>et</strong></span> <span class='ocrx_word' id='word_1_34' title='bbox 1303 628 1391 688; x_wconf 88' lang='lat' dir='ltr'><strong>illurn.</strong></span> <span class='ocrx_word' id='word_1_35' title='bbox 1403 630 1460 689; x_wconf 88' lang='lat' dir='ltr'><strong>Cur</strong></span> <span class='ocrx_word' id='word_1_36' title='bbox 1472 631 1544 710; x_wconf 81' lang='lat' dir='ltr'><strong>leges</strong></span> <span class='ocrx_word' id='word_1_37' title='bbox 1555 634 1639 692; x_wconf 75' lang='lat' dir='ltr'><strong>sunt?</strong></span> <span class='ocrx_word' id='word_1_38' title='bbox 1718 643 1721 646; x_wconf 84' lang='grc'><strong><em>’</em></strong></span> 
     </span>
     <span class='ocr_line' id='line_1_5' title="bbox 67 715 1639 806; baseline 0 -21"><span class='ocrx_word' id='word_1_39' title='bbox 67 727 94 786; x_wconf 90' lang='grc' dir='ltr'><strong>τί</strong></span> <span class='ocrx_word' id='word_1_40' title='bbox 110 725 286 806; x_wconf 75' lang='grc' dir='ltr'>δαασττίριας</span> <span class='ocrx_word' id='word_1_41' title='bbox 301 725 345 785; x_wconf 73' lang='grc' dir='ltr'><strong>διὰ</strong></span> <span class='ocrx_word' id='word_1_42' title='bbox 356 723 384 783; x_wconf 87' lang='grc' dir='ltr'><strong>τί</strong></span> <span class='ocrx_word' id='word_1_43' title='bbox 400 722 540 805; x_wconf 71' lang='grc' dir='ltr'>τιμωρίαις</span> <span class='ocrx_word' id='word_1_44' title='bbox 554 722 615 803; x_wconf 79' lang='grc' dir='ltr'>οὐχί</span> <span class='ocrx_word' id='word_1_45' title='bbox 631 723 664 780; x_wconf 83' lang='grc' dir='ltr'><strong>δι’</strong></span> <span class='ocrx_word' id='word_1_46' title='bbox 681 718 841 801; x_wconf 57' lang='grc' dir='ltr'>ἐντίνονςζὼς</span> <span class='ocrx_word' id='word_1_47' title='bbox 894 737 943 775; x_wconf 87' lang='lat' dir='ltr'><strong>cur</strong></span> <span class='ocrx_word' id='word_1_48' title='bbox 953 715 1118 778; x_wconf 80' lang='lat' dir='ltr'><strong>tribunalia?</strong></span> <span class='ocrx_word' id='word_1_49' title='bbox 1130 742 1179 780; x_wconf 89' lang='lat' dir='ltr'><strong>cur</strong></span> <span class='ocrx_word' id='word_1_50' title='bbox 1189 720 1343 802; x_wconf 75' lang='lat' dir='ltr'><strong>supplicia?</strong></span> <span class='ocrx_word' id='word_1_51' title='bbox 1355 742 1443 781; x_wconf 92' lang='lat' dir='ltr'><strong>nonne</strong></span> <span class='ocrx_word' id='word_1_52' title='bbox 1455 717 1567 805; x_wconf 83' lang='lat' dir='ltr'><strong>propter</strong></span> <span class='ocrx_word' id='word_1_53' title='bbox 1576 724 1639 786; x_wconf 79' lang='lat' dir='ltr'><strong>illos</strong></span> 
     </span>
     <span class='ocr_line' id='line_1_6' title="bbox 68 810 1637 896; baseline -0.004 -15"><span class='ocrx_word' id='word_1_54' title='bbox 68 827 206 886; x_wconf 70' lang='grc' dir='ltr'>νοσοῦντας</span> <span class='ocrx_word' id='word_1_55' title='bbox 219 817 265 877; x_wconf 79' lang='grc' dir='ltr'><strong>καί</strong></span> <span class='ocrx_word' id='word_1_56' title='bbox 276 816 439 896; x_wconf 57' lang='grc' dir='ltr'>κάμνοντας</span> <span class='ocrx_word' id='word_1_57' title='bbox 450 816 519 876; x_wconf 85' lang='grc' dir='ltr'>Ἀλλ’</span> <span class='ocrx_word' id='word_1_58' title='bbox 532 813 640 888; x_wconf 77' lang='grc' dir='ltr'>ἡὴδονὴ</span> <span class='ocrx_word' id='word_1_59' title='bbox 648 813 752 888; x_wconf 73' lang='grc' dir='ltr'>πολλὴ,</span> <span class='ocrx_word' id='word_1_60' title='bbox 767 810 840 894; x_wconf 88' lang='grc' dir='ltr'>φησί.</span> <span class='ocrx_word' id='word_1_61' title='bbox 895 824 925 870; x_wconf 91' lang='lat' dir='ltr'><strong>ut</strong></span> <span class='ocrx_word' id='word_1_62' title='bbox 943 814 1126 894; x_wconf 79' lang='lat' dir='ltr'><strong>aegrotantcs?</strong></span> <span class='ocrx_word' id='word_1_63' title='bbox 1141 813 1197 874; x_wconf 81' lang='lat' dir='ltr'><strong>Sed</strong></span> <span class='ocrx_word' id='word_1_64' title='bbox 1214 814 1299 873; x_wconf 82' lang='lat' dir='ltr'><strong>mtdta</strong></span> <span class='ocrx_word' id='word_1_65' title='bbox 1316 813 1443 895; x_wconf 83' lang='lat' dir='ltr'><strong>voluptas</strong></span> <span class='ocrx_word' id='word_1_66' title='bbox 1455 815 1637 896; x_wconf 49' lang='lat' dir='ltr'><strong>Quinquies.</strong></span> 
     </span>
     <span class='ocr_line' id='line_1_7' title="bbox 69 898 1640 989; baseline -0.001 -19"><span class='ocrx_word' id='word_1_67' title='bbox 69 910 116 984; x_wconf 78' lang='grc' dir='ltr'><strong>Μὴ</strong></span> <span class='ocrx_word' id='word_1_68' title='bbox 127 909 246 989; x_wconf 75' lang='grc' dir='ltr'>εἴποιμεν</span> <span class='ocrx_word' id='word_1_69' title='bbox 265 908 300 969; x_wconf 77' lang='grc' dir='ltr'><strong>τά</strong></span> <span class='ocrx_word' id='word_1_70' title='bbox 318 909 466 987; x_wconf 75' lang='grc' dir='ltr'>μέλλοντα·</span> <span class='ocrx_word' id='word_1_71' title='bbox 480 908 515 967; x_wconf 79' lang='grc' dir='ltr'><strong>τί</strong></span> <span class='ocrx_word' id='word_1_72' title='bbox 527 908 646 989; x_wconf 82' lang='grc' dir='ltr'>παρόντα</span> <span class='ocrx_word' id='word_1_73' title='bbox 666 906 839 985; x_wconf 73' lang='grc' dir='ltr'><strong>ἐξετάσωμεν.</strong></span> <span class='ocrx_word' id='word_1_74' title='bbox 894 902 996 965; x_wconf 86' lang='lat' dir='ltr'><strong>Futura</strong></span> <span class='ocrx_word' id='word_1_75' title='bbox 1008 921 1208 988; x_wconf 79' lang='lat' dir='ltr'><strong>praetereamus,</strong></span> <span class='ocrx_word' id='word_1_76' title='bbox 1219 905 1360 987; x_wconf 78' lang='lat' dir='ltr'><strong>prasentia</strong></span> <span class='ocrx_word' id='word_1_77' title='bbox 1371 906 1552 987; x_wconf 76' lang='lat' dir='ltr'><strong>exploremus.</strong></span> <span class='ocrx_word' id='word_1_78' title='bbox 1564 898 1640 982; x_wconf 84' lang='lat' dir='ltr'><strong>Quid</strong></span> 
     </span>
     <span class='ocr_line' id='line_1_8' title="bbox 69 995 1640 1086; baseline -0.002 -23"><span class='ocrx_word' id='word_1_79' title='bbox 69 1004 105 1066; x_wconf 82' lang='grc' dir='ltr'>Τί</span> <span class='ocrx_word' id='word_1_80' title='bbox 113 1011 204 1086; x_wconf 79' lang='grc' dir='ltr'>χεῖρον</span> <span class='ocrx_word' id='word_1_81' title='bbox 219 1001 312 1082; x_wconf 78' lang='grc' dir='ltr'>ἀνδρὸς</span> <span class='ocrx_word' id='word_1_82' title='bbox 324 1000 447 1073; x_wconf 72' lang='grc' dir='ltr'>τοιαύτην</span> <span class='ocrx_word' id='word_1_83' title='bbox 462 999 566 1081; x_wconf 71' lang='grc' dir='ltr'>ίχοντος</span> <span class='ocrx_word' id='word_1_84' title='bbox 579 999 711 1080; x_wconf 69' lang='grc' dir='ltr'>ὑποψίαν,</span> <span class='ocrx_word' id='word_1_85' title='bbox 726 998 753 1058; x_wconf 89' lang='grc' dir='ltr'><strong>τί</strong></span> <span class='ocrx_word' id='word_1_86' title='bbox 773 1021 840 1079; x_wconf 88' lang='grc' dir='ltr'>σφα·</span> <span class='ocrx_word' id='word_1_87' title='bbox 894 995 1019 1057; x_wconf 85' lang='lat' dir='ltr'><strong>miserius</strong></span> <span class='ocrx_word' id='word_1_88' title='bbox 1028 998 1137 1058; x_wconf 87' lang='lat' dir='ltr'><strong>bomine</strong></span> <span class='ocrx_word' id='word_1_89' title='bbox 1147 997 1228 1057; x_wconf 88' lang='lat' dir='ltr'><strong>talem</strong></span> <span class='ocrx_word' id='word_1_90' title='bbox 1238 997 1353 1058; x_wconf 81' lang='lat' dir='ltr'><strong>habente</strong></span> <span class='ocrx_word' id='word_1_91' title='bbox 1363 998 1562 1080; x_wconf 80' lang='lat' dir='ltr'>suspicionem?</span> <span class='ocrx_word' id='word_1_92' title='bbox 1571 1000 1640 1080; x_wconf 84' lang='lat' dir='ltr'><strong>quid</strong></span> 
     </span>
     <span class='ocr_line' id='line_1_9' title="bbox 67 1085 1637 1177; baseline -0.003 -20"><span class='ocrx_word' id='word_1_93' title='bbox 67 1095 229 1177; x_wconf 74' lang='lat' dir='ltr'><strong>lcpe&#39;mpov3</strong></span> <span class='ocrx_word' id='word_1_94' title='bbox 240 1093 267 1154; x_wconf 90' lang='grc' dir='ltr'><strong>τί</strong></span> <span class='ocrx_word' id='word_1_95' title='bbox 279 1094 453 1175; x_wconf 83' lang='grc' dir='ltr'>σαθρότερον;</span> <span class='ocrx_word' id='word_1_96' title='bbox 468 1097 515 1153; x_wconf 74' lang='lat' dir='ltr'><strong>oda</strong></span> <span class='ocrx_word' id='word_1_97' title='bbox 530 1097 556 1153; x_wconf 78' lang='grc' dir='ltr'>ἐν</span> <span class='ocrx_word' id='word_1_98' title='bbox 570 1091 687 1173; x_wconf 80' lang='grc' dir='ltr'>ναυαγίῳ</span> <span class='ocrx_word' id='word_1_99' title='bbox 697 1088 841 1158; x_wconf 88' lang='grc' dir='ltr'>διαπαντός</span> <span class='ocrx_word' id='word_1_100' title='bbox 893 1085 931 1146; x_wconf 92' lang='lat' dir='ltr'><strong>ad</strong></span> <span class='ocrx_word' id='word_1_101' title='bbox 952 1089 1087 1150; x_wconf 88' lang='lat' dir='ltr'><strong>ruendum</strong></span> <span class='ocrx_word' id='word_1_102' title='bbox 1108 1089 1281 1171; x_wconf 79' lang='lat' dir='ltr'><strong>proclivius?</strong></span> <span class='ocrx_word' id='word_1_103' title='bbox 1298 1090 1364 1169; x_wconf 89' lang='lat' dir='ltr'><strong>quid</strong></span> <span class='ocrx_word' id='word_1_104' title='bbox 1387 1090 1534 1171; x_wconf 76' lang='lat' dir='ltr'>putidius?</span> <span class='ocrx_word' id='word_1_105' title='bbox 1548 1112 1637 1153; x_wconf 90' lang='lat' dir='ltr'><strong>annon</strong></span> 
     </span>
     <span class='ocr_line' id='line_1_10' title="bbox 69 1181 1639 1267; baseline -0.004 -17"><span class='ocrx_word' id='word_1_106' title='bbox 69 1193 125 1250; x_wconf 87' lang='grc' dir='ltr'>ίστι</span> <span class='ocrx_word' id='word_1_107' title='bbox 135 1215 144 1263; x_wconf 91' lang='lat'>;</span> <span class='ocrx_word' id='word_1_108' title='bbox 157 1187 215 1249; x_wconf 77' lang='grc' dir='ltr'>Κάν</span> <span class='ocrx_word' id='word_1_109' title='bbox 229 1186 329 1248; x_wconf 74' lang='grc' dir='ltr'>δίκαιόν</span> <span class='ocrx_word' id='word_1_110' title='bbox 339 1211 365 1246; x_wconf 87' lang='grc' dir='ltr'><strong>τι</strong></span> <span class='ocrx_word' id='word_1_111' title='bbox 378 1186 499 1267; x_wconf 82' lang='grc' dir='ltr'>πράττῃ,</span> <span class='ocrx_word' id='word_1_112' title='bbox 510 1188 539 1247; x_wconf 81' lang='grc' dir='ltr'>σί</span> <span class='ocrx_word' id='word_1_113' title='bbox 553 1184 784 1258; x_wconf 78' lang='grc' dir='ltr'>πιστεύεται,άπὸ</span> <span class='ocrx_word' id='word_1_114' title='bbox 793 1189 841 1256; x_wconf 80' lang='grc' dir='ltr'><strong>τῆς</strong></span> <span class='ocrx_word' id='word_1_115' title='bbox 856 1196 876 1243; x_wconf 85' lang='lat' dir='ltr'><strong>n</strong></span> <span class='ocrx_word' id='word_1_116' title='bbox 894 1198 999 1261; x_wconf 86' lang='lat' dir='ltr'>semper</span> <span class='ocrx_word' id='word_1_117' title='bbox 1019 1183 1048 1241; x_wconf 93' lang='lat' dir='ltr'><strong>in</strong></span> <span class='ocrx_word' id='word_1_118' title='bbox 1066 1182 1208 1262; x_wconf 84' lang='lat' dir='ltr'><strong>naufragio</strong></span> <span class='ocrx_word' id='word_1_119' title='bbox 1227 1182 1287 1241; x_wconf 79' lang='lat' dir='ltr'><strong>est?</strong></span> <span class='ocrx_word' id='word_1_120' title='bbox 1306 1181 1337 1241; x_wconf 83' lang='lat' dir='ltr'><strong>si</strong></span> <span class='ocrx_word' id='word_1_121' title='bbox 1358 1182 1426 1261; x_wconf 92' lang='lat' dir='ltr'><strong>quid</strong></span> <span class='ocrx_word' id='word_1_122' title='bbox 1444 1184 1516 1264; x_wconf 84' lang='lat' dir='ltr'><strong>juste</strong></span> <span class='ocrx_word' id='word_1_123' title='bbox 1537 1185 1639 1260; x_wconf 79' lang='lat' dir='ltr'><strong>feeerit,</strong></span> 
     </span>
     <span class='ocr_line' id='line_1_11' title="bbox 71 1275 1639 1360; baseline -0.001 -18"><span class='ocrx_word' id='word_1_124' title='bbox 71 1280 207 1360; x_wconf 71' lang='grc' dir='ltr'>δυνάμεως</span> <span class='ocrx_word' id='word_1_125' title='bbox 215 1278 454 1357; x_wconf 73' lang='grc' dir='ltr'>καταδααζόμενος</span> <span class='ocrx_word' id='word_1_126' title='bbox 463 1280 537 1360; x_wconf 76' lang='grc' dir='ltr'>πορθ</span> <span class='ocrx_word' id='word_1_127' title='bbox 551 1279 667 1338; x_wconf 83' lang='grc' dir='ltr'>πάντων·</span> <span class='ocrx_word' id='word_1_128' title='bbox 678 1277 779 1345; x_wconf 88' lang='grc' dir='ltr'>πάντας</span> <span class='ocrx_word' id='word_1_129' title='bbox 789 1275 842 1358; x_wconf 72' lang='grc' dir='ltr'><strong>γὰρ</strong></span> <span class='ocrx_word' id='word_1_130' title='bbox 894 1293 947 1333; x_wconf 86' lang='lat' dir='ltr'><strong>non</strong></span> <span class='ocrx_word' id='word_1_131' title='bbox 967 1276 1095 1353; x_wconf 85' lang='lat' dir='ltr'><strong>creditur,</strong></span> <span class='ocrx_word' id='word_1_132' title='bbox 1109 1276 1145 1336; x_wconf 91' lang='lat' dir='ltr'><strong>ob</strong></span> <span class='ocrx_word' id='word_1_133' title='bbox 1165 1277 1304 1336; x_wconf 73' lang='lat' dir='ltr'>facultates</span> <span class='ocrx_word' id='word_1_134' title='bbox 1326 1278 1361 1336; x_wconf 86' lang='lat' dir='ltr'><strong>ab</strong></span> <span class='ocrx_word' id='word_1_135' title='bbox 1381 1278 1507 1338; x_wconf 87' lang='lat' dir='ltr'><strong>omnibus</strong></span> <span class='ocrx_word' id='word_1_136' title='bbox 1526 1278 1639 1340; x_wconf 82' lang='lat' dir='ltr'><strong>damna·</strong></span> 
     </span>
     <span class='ocr_line' id='line_1_12' title="bbox 70 1368 1638 1451; baseline -0.001 -18"><span class='ocrx_word' id='word_1_137' title='bbox 70 1374 318 1441; x_wconf 78' lang='grc' dir='ltr'>τοθςσυνοιιιοῦντας</span> <span class='ocrx_word' id='word_1_138' title='bbox 327 1370 489 1451; x_wconf 74' lang='grc' dir='ltr'>κατηγόρους</span> <span class='ocrx_word' id='word_1_139' title='bbox 498 1369 841 1451; x_wconf 74' lang='grc' dir='ltr'>ίχεισθφιλίφχρήσασθαι</span> <span class='ocrx_word' id='word_1_140' title='bbox 894 1376 957 1444; x_wconf 78' lang='lat' dir='ltr'><strong>tus3</strong></span> <span class='ocrx_word' id='word_1_141' title='bbox 974 1389 1065 1428; x_wconf 85' lang='lat' dir='ltr'><strong>omnes</strong></span> <span class='ocrx_word' id='word_1_142' title='bbox 1086 1368 1157 1428; x_wconf 92' lang='lat' dir='ltr'><strong>enim</strong></span> <span class='ocrx_word' id='word_1_143' title='bbox 1180 1369 1384 1428; x_wconf 84' lang='lat' dir='ltr'><strong>contubernales</strong></span> <span class='ocrx_word' id='word_1_144' title='bbox 1404 1385 1570 1432; x_wconf 79' lang='lat' dir='ltr'><strong>accusatores</strong></span> <span class='ocrx_word' id='word_1_145' title='bbox 1585 1372 1638 1431; x_wconf 89' lang='lat' dir='ltr'><strong>ha-</strong></span> 
     </span>
     <span class='ocr_line' id='line_1_13' title="bbox 72 1457 1639 1546; baseline -0.001 -21"><span class='ocrx_word' id='word_1_146' title='bbox 72 1465 196 1525; x_wconf 86' lang='grc' dir='ltr'>θιίναται·</span> <span class='ocrx_word' id='word_1_147' title='bbox 212 1463 296 1531; x_wconf 77' lang='grc' dir='ltr'>οὐδεὶς</span> <span class='ocrx_word' id='word_1_148' title='bbox 308 1461 499 1544; x_wconf 69' lang='grc' dir='ltr'>γάράνΐλοιτο</span> <span class='ocrx_word' id='word_1_149' title='bbox 508 1462 611 1542; x_wconf 80' lang='grc' dir='ltr'>ταχέως</span> <span class='ocrx_word' id='word_1_150' title='bbox 624 1462 748 1534; x_wconf 78' lang='grc' dir='ltr'>τοιαύτην</span> <span class='ocrx_word' id='word_1_151' title='bbox 764 1460 841 1530; x_wconf 77' lang='grc' dir='ltr'>δόξαν</span> <span class='ocrx_word' id='word_1_152' title='bbox 894 1457 1023 1520; x_wconf 79' lang='lat' dir='ltr'><strong>betznon</strong></span> <span class='ocrx_word' id='word_1_153' title='bbox 1047 1460 1166 1521; x_wconf 89' lang='lat' dir='ltr'><strong>amicitia</strong></span> <span class='ocrx_word' id='word_1_154' title='bbox 1193 1459 1233 1520; x_wconf 91' lang='lat' dir='ltr'><strong>uti</strong></span> <span class='ocrx_word' id='word_1_155' title='bbox 1258 1475 1358 1542; x_wconf 81' lang='lat' dir='ltr'><strong>potest3</strong></span> <span class='ocrx_word' id='word_1_156' title='bbox 1382 1483 1460 1523; x_wconf 87' lang='lat' dir='ltr'><strong>nemo</strong></span> <span class='ocrx_word' id='word_1_157' title='bbox 1481 1463 1581 1546; x_wconf 88' lang='lat' dir='ltr'><strong>quippe</strong></span> <span class='ocrx_word' id='word_1_158' title='bbox 1600 1465 1639 1524; x_wconf 81' lang='lat' dir='ltr'><strong>fa·</strong></span> 
     </span>
     <span class='ocr_line' id='line_1_14' title="bbox 71 1550 1640 1638; baseline 0.001 -23"><span class='ocrx_word' id='word_1_159' title='bbox 71 1557 175 1638; x_wconf 73' lang='grc' dir='ltr'>ἔχοντος</span> <span class='ocrx_word' id='word_1_160' title='bbox 188 1555 327 1636; x_wconf 76' lang='grc' dir='ltr'>ἀνθρώπω</span> <span class='ocrx_word' id='word_1_161' title='bbox 340 1556 460 1636; x_wconf 81' lang='grc' dir='ltr'>γενίσθαι</span> <span class='ocrx_word' id='word_1_162' title='bbox 474 1553 548 1634; x_wconf 88' lang='grc' dir='ltr'>φίλος</span> <span class='ocrx_word' id='word_1_163' title='bbox 557 1598 566 1625; x_wconf 92' lang='grc'>,</span> <span class='ocrx_word' id='word_1_164' title='bbox 580 1553 649 1614; x_wconf 80' lang='grc' dir='ltr'>ὥστε</span> <span class='ocrx_word' id='word_1_165' title='bbox 664 1552 701 1632; x_wconf 83' lang='grc' dir='ltr'><strong>μὴ</strong></span> <span class='ocrx_word' id='word_1_166' title='bbox 716 1558 843 1625; x_wconf 81' lang='grc' dir='ltr'>κοινωνῆ-</span> <span class='ocrx_word' id='word_1_167' title='bbox 895 1550 946 1609; x_wconf 79' lang='lat' dir='ltr'><strong>cile&#39;</strong></span> <span class='ocrx_word' id='word_1_168' title='bbox 967 1552 1032 1612; x_wconf 87' lang='lat' dir='ltr'><strong>velit</strong></span> <span class='ocrx_word' id='word_1_169' title='bbox 1047 1566 1126 1613; x_wconf 79' lang='lat' dir='ltr'><strong>tantae</strong></span> <span class='ocrx_word' id='word_1_170' title='bbox 1142 1552 1235 1632; x_wconf 83' lang='lat' dir='ltr'><strong>gloriae</strong></span> <span class='ocrx_word' id='word_1_171' title='bbox 1257 1553 1375 1613; x_wconf 91' lang='lat' dir='ltr'><strong>hominis</strong></span> <span class='ocrx_word' id='word_1_172' title='bbox 1399 1554 1504 1615; x_wconf 90' lang='lat' dir='ltr'><strong>amicus</strong></span> <span class='ocrx_word' id='word_1_173' title='bbox 1525 1576 1590 1632; x_wconf 88' lang='lat' dir='ltr'><strong>esse,</strong></span> <span class='ocrx_word' id='word_1_174' title='bbox 1607 1577 1640 1617; x_wconf 93' lang='lat' dir='ltr'><strong>nc</strong></span> 
     </span>
     <span class='ocr_line' id='line_1_15' title="bbox 71 1643 1640 1728; baseline 0.001 -20"><span class='ocrx_word' id='word_1_175' title='bbox 71 1652 197 1728; x_wconf 78' lang='grc' dir='ltr'>σαιαῦτῷ</span> <span class='ocrx_word' id='word_1_176' title='bbox 205 1651 253 1719; x_wconf 83' lang='grc' dir='ltr'><strong>τῆς</strong></span> <span class='ocrx_word' id='word_1_177' title='bbox 259 1646 424 1728; x_wconf 73' lang='grc' dir='ltr'>ὑπολήψεως.</span> <span class='ocrx_word' id='word_1_178' title='bbox 431 1645 560 1726; x_wconf 82' lang='grc' dir='ltr'>Καθάπερ</span> <span class='ocrx_word' id='word_1_179' title='bbox 568 1643 740 1726; x_wconf 84' lang='grc' dir='ltr'>θηρίον,οθτω</span> <span class='ocrx_word' id='word_1_180' title='bbox 747 1643 843 1711; x_wconf 85' lang='grc' dir='ltr'>πάντες</span> <span class='ocrx_word' id='word_1_181' title='bbox 895 1646 953 1726; x_wconf 86' lang='lat' dir='ltr'><strong>ejus</strong></span> <span class='ocrx_word' id='word_1_182' title='bbox 964 1647 1042 1706; x_wconf 85' lang='lat' dir='ltr'><strong>malae</strong></span> <span class='ocrx_word' id='word_1_183' title='bbox 1054 1648 1088 1707; x_wconf 87' lang='lat' dir='ltr'><strong>sit</strong></span> <span class='ocrx_word' id='word_1_184' title='bbox 1099 1648 1177 1707; x_wconf 81' lang='lat' dir='ltr'><strong>lamae</strong></span> <span class='ocrx_word' id='word_1_185' title='bbox 1190 1669 1307 1708; x_wconf 89' lang='lat' dir='ltr'><strong>consors.</strong></span> <span class='ocrx_word' id='word_1_186' title='bbox 1319 1648 1401 1707; x_wconf 89' lang='lat' dir='ltr'><strong>lllum</strong></span> <span class='ocrx_word' id='word_1_187' title='bbox 1412 1662 1443 1708; x_wconf 90' lang='lat' dir='ltr'><strong>ut</strong></span> <span class='ocrx_word' id='word_1_188' title='bbox 1453 1650 1537 1709; x_wconf 85' lang='lat' dir='ltr'><strong>ieram</strong></span> <span class='ocrx_word' id='word_1_189' title='bbox 1547 1671 1640 1722; x_wconf 78' lang='lat' dir='ltr'><strong>omnes</strong></span> 
     </span>
     <span class='ocr_line' id='line_1_16' title="bbox 71 1733 1639 1823; baseline -0.001 -20"><span class='ocrx_word' id='word_1_190' title='bbox 71 1741 294 1823; x_wconf 79' lang='grc' dir='ltr'>άπαστρίφονται·</span> <span class='ocrx_word' id='word_1_191' title='bbox 307 1740 557 1820; x_wconf 77' lang='grc' dir='ltr'>καθάπερλυμεῶνα</span> <span class='ocrx_word' id='word_1_192' title='bbox 572 1739 618 1797; x_wconf 82' lang='grc' dir='ltr'><strong>καί</strong></span> <span class='ocrx_word' id='word_1_193' title='bbox 629 1737 722 1818; x_wconf 78' lang='grc' dir='ltr'>ἐχθρὸν</span> <span class='ocrx_word' id='word_1_194' title='bbox 737 1737 783 1797; x_wconf 81' lang='grc' dir='ltr'><strong>καί</strong></span> <span class='ocrx_word' id='word_1_195' title='bbox 794 1741 841 1797; x_wconf 88' lang='grc' dir='ltr'>αἰν-</span> <span class='ocrx_word' id='word_1_196' title='bbox 895 1733 1064 1816; x_wconf 75' lang='lat' dir='ltr'><strong>aversantur,</strong></span> <span class='ocrx_word' id='word_1_197' title='bbox 1088 1756 1120 1801; x_wconf 93' lang='lat' dir='ltr'><strong>ut</strong></span> <span class='ocrx_word' id='word_1_198' title='bbox 1139 1741 1336 1823; x_wconf 87' lang='lat' dir='ltr'><strong>perniciosum,</strong></span> <span class='ocrx_word' id='word_1_199' title='bbox 1363 1742 1523 1819; x_wconf 86' lang='lat' dir='ltr'><strong>inimicum,</strong></span> <span class='ocrx_word' id='word_1_200' title='bbox 1549 1743 1639 1803; x_wconf 85' lang='lat' dir='ltr'><strong>bomi-</strong></span> 
     </span>
     <span class='ocr_line' id='line_1_17' title="bbox 71 1829 1640 1916; baseline 0.001 -23"><span class='ocrx_word' id='word_1_201' title='bbox 71 1833 193 1915; x_wconf 78' lang='grc' dir='ltr'>ὃρσφόνσι</span> <span class='ocrx_word' id='word_1_202' title='bbox 206 1834 253 1893; x_wconf 75' lang='grc' dir='ltr'>καί</span> <span class='ocrx_word' id='word_1_203' title='bbox 267 1837 315 1904; x_wconf 74' lang='grc' dir='ltr'><strong>τῆς</strong></span> <span class='ocrx_word' id='word_1_204' title='bbox 331 1830 573 1912; x_wconf 82' lang='grc' dir='ltr'>φύσεωςπολίμιον,</span> <span class='ocrx_word' id='word_1_205' title='bbox 583 1829 627 1889; x_wconf 86' lang='grc' dir='ltr'><strong>τὸν</strong></span> <span class='ocrx_word' id='word_1_206' title='bbox 637 1831 727 1890; x_wconf 82' lang='grc' dir='ltr'>ἄδικον</span> <span class='ocrx_word' id='word_1_207' title='bbox 737 1831 842 1911; x_wconf 77' lang='grc' dir='ltr'>ἄνθριο-</span> <span class='ocrx_word' id='word_1_208' title='bbox 896 1833 997 1906; x_wconf 89' lang='lat' dir='ltr'><strong>eidam,</strong></span> <span class='ocrx_word' id='word_1_209' title='bbox 1019 1848 1122 1894; x_wconf 79' lang='lat' dir='ltr'><strong>naturae</strong></span> <span class='ocrx_word' id='word_1_210' title='bbox 1147 1834 1262 1913; x_wconf 91' lang='lat' dir='ltr'><strong>hostem,</strong></span> <span class='ocrx_word' id='word_1_211' title='bbox 1281 1834 1413 1916; x_wconf 87' lang='lat' dir='ltr'><strong>injustum</strong></span> <span class='ocrx_word' id='word_1_212' title='bbox 1437 1836 1585 1896; x_wconf 89' lang='lat' dir='ltr'><strong>bominem.</strong></span> <span class='ocrx_word' id='word_1_213' title='bbox 1608 1836 1640 1896; x_wconf 86' lang='lat' dir='ltr'><strong>si</strong></span> 
     </span>
     <span class='ocr_line' id='line_1_18' title="bbox 71 1919 1640 2008; baseline 0 -20"><span class='ocrx_word' id='word_1_214' title='bbox 71 1924 227 1995; x_wconf 70' lang='lat' dir='ltr'><strong>aau&#39;ausle</strong></span> <span class='ocrx_word' id='word_1_215' title='bbox 235 1919 594 2004; x_wconf 77' lang='grc' dir='ltr'>δικαστήριονίμπίση,οθδὲ</span> <span class='ocrx_word' id='word_1_216' title='bbox 602 1921 750 2000; x_wconf 73' lang='grc' dir='ltr'>κατηγόρου</span> <span class='ocrx_word' id='word_1_217' title='bbox 759 1923 842 1982; x_wconf 83' lang='grc' dir='ltr'>δεῖται</span> <span class='ocrx_word' id='word_1_218' title='bbox 897 1924 931 1984; x_wconf 90' lang='lat' dir='ltr'><strong>ad</strong></span> <span class='ocrx_word' id='word_1_219' title='bbox 959 1926 1078 1986; x_wconf 87' lang='lat' dir='ltr'><strong>tribunal</strong></span> <span class='ocrx_word' id='word_1_220' title='bbox 1099 1925 1201 1986; x_wconf 91' lang='lat' dir='ltr'><strong>incidat</strong></span> <span class='ocrx_word' id='word_1_221' title='bbox 1223 1926 1246 1986; x_wconf 86' lang='lat' dir='ltr'><strong>is</strong></span> <span class='ocrx_word' id='word_1_222' title='bbox 1270 1927 1318 2004; x_wconf 90' lang='lat' dir='ltr'><strong>qui</strong></span> <span class='ocrx_word' id='word_1_223' title='bbox 1339 1927 1439 2008; x_wconf 87' lang='lat' dir='ltr'><strong>injuria</strong></span> <span class='ocrx_word' id='word_1_224' title='bbox 1463 1927 1568 2004; x_wconf 79' lang='lat' dir='ltr'><strong>affecit,</strong></span> <span class='ocrx_word' id='word_1_225' title='bbox 1585 1949 1640 1988; x_wconf 92' lang='lat' dir='ltr'><strong>non</strong></span> 
     </span>
     <span class='ocr_line' id='line_1_19' title="bbox 71 2014 1641 2099; baseline 0.003 -24"><span class='ocrx_word' id='word_1_226' title='bbox 71 2018 245 2093; x_wconf 73' lang='grc' dir='ltr'>ὁήδαηνιὼς,</span> <span class='ocrx_word' id='word_1_227' title='bbox 261 2021 309 2088; x_wconf 78' lang='grc' dir='ltr'><strong>τῆς</strong></span> <span class='ocrx_word' id='word_1_228' title='bbox 318 2017 393 2088; x_wconf 82' lang='grc' dir='ltr'>δόξης</span> <span class='ocrx_word' id='word_1_229' title='bbox 401 2014 459 2075; x_wconf 81' lang='grc' dir='ltr'>ἀντί</span> <span class='ocrx_word' id='word_1_230' title='bbox 469 2014 566 2080; x_wconf 82' lang='grc' dir='ltr'>παντὸς</span> <span class='ocrx_word' id='word_1_231' title='bbox 575 2014 722 2095; x_wconf 81' lang='grc' dir='ltr'>κατηγόρου</span> <span class='ocrx_word' id='word_1_232' title='bbox 734 2015 843 2073; x_wconf 83' lang='grc' dir='ltr'>καταδι·</span> <span class='ocrx_word' id='word_1_233' title='bbox 896 2040 965 2098; x_wconf 91' lang='lat' dir='ltr'><strong>opus</strong></span> <span class='ocrx_word' id='word_1_234' title='bbox 987 2019 1038 2078; x_wconf 87' lang='lat' dir='ltr'><strong>crit</strong></span> <span class='ocrx_word' id='word_1_235' title='bbox 1060 2033 1222 2092; x_wconf 81' lang='lat' dir='ltr'><strong>accusatore,</strong></span> <span class='ocrx_word' id='word_1_236' title='bbox 1243 2018 1314 2076; x_wconf 78' lang='lat' dir='ltr'><strong>lama</strong></span> <span class='ocrx_word' id='word_1_237' title='bbox 1337 2018 1427 2099; x_wconf 90' lang='lat' dir='ltr'><strong>ipsum</strong></span> <span class='ocrx_word' id='word_1_238' title='bbox 1450 2019 1538 2099; x_wconf 91' lang='lat' dir='ltr'><strong>magis</strong></span> <span class='ocrx_word' id='word_1_239' title='bbox 1557 2040 1641 2099; x_wconf 89' lang='lat' dir='ltr'><strong>quam</strong></span> 
     </span>
     <span class='ocr_line' id='line_1_20' title="bbox 71 2103 1641 2195; baseline -0.004 -14"><span class='ocrx_word' id='word_1_240' title='bbox 71 2108 297 2184; x_wconf 52' lang='lat' dir='ltr'><strong>aerumma.</strong></span> <span class='ocrx_word' id='word_1_241' title='bbox 312 2109 381 2169; x_wconf 76' lang='grc' dir='ltr'><strong>Ἀλλ’</strong></span> <span class='ocrx_word' id='word_1_242' title='bbox 395 2110 445 2186; x_wconf 73' lang='grc' dir='ltr'><strong>οὐχ</strong></span> <span class='ocrx_word' id='word_1_243' title='bbox 458 2107 651 2184; x_wconf 56' lang='lat' dir='ltr'><strong>&amp;diutinum</strong></span> <span class='ocrx_word' id='word_1_244' title='bbox 663 2103 759 2178; x_wconf 65' lang='lat' dir='ltr'><strong>eune,</strong></span> <span class='ocrx_word' id='word_1_245' title='bbox 774 2103 843 2164; x_wconf 57' lang='lat' dir='ltr'><strong>ilbi</strong></span> <span class='ocrx_word' id='word_1_246' title='bbox 859 2108 878 2155; x_wconf 67' lang='grc' dir='ltr'>Ε</span> <span class='ocrx_word' id='word_1_247' title='bbox 896 2128 1050 2173; x_wconf 90' lang='lat' dir='ltr'><strong>accusatore</strong></span> <span class='ocrx_word' id='word_1_248' title='bbox 1080 2114 1209 2195; x_wconf 84' lang='lat' dir='ltr'><strong>quopiam</strong></span> <span class='ocrx_word' id='word_1_249' title='bbox 1236 2112 1439 2174; x_wconf 86' lang='lat' dir='ltr'><strong>condemnante.</strong></span> <span class='ocrx_word' id='word_1_250' title='bbox 1459 2117 1496 2174; x_wconf 77' lang='lat' dir='ltr'><strong>At</strong></span> <span class='ocrx_word' id='word_1_251' title='bbox 1521 2135 1575 2175; x_wconf 94' lang='lat' dir='ltr'><strong>non</strong></span> <span class='ocrx_word' id='word_1_252' title='bbox 1602 2115 1641 2175; x_wconf 88' lang='lat' dir='ltr'><strong>ita</strong></span> 
     </span>
     <span class='ocr_line' id='line_1_21' title="bbox 71 2197 1641 2285; baseline 0.001 -21"><span class='ocrx_word' id='word_1_253' title='bbox 71 2206 172 2272; x_wconf 79' lang='grc' dir='ltr'>πάντας</span> <span class='ocrx_word' id='word_1_254' title='bbox 185 2202 418 2285; x_wconf 74' lang='grc' dir='ltr'>ἔχειπροοτάτατ,</span> <span class='ocrx_word' id='word_1_255' title='bbox 430 2201 726 2283; x_wconf 60' lang='grc' dir='ltr'>Φδναλγοῧνταςιχεῖρα</span> <span class='ocrx_word' id='word_1_256' title='bbox 739 2197 843 2278; x_wconf 71' lang='grc' dir='ltr'>ὄρὲγυν·</span> <span class='ocrx_word' id='word_1_257' title='bbox 896 2225 925 2264; x_wconf 88' lang='lat' dir='ltr'><strong>se</strong></span> <span class='ocrx_word' id='word_1_258' title='bbox 946 2205 1027 2264; x_wconf 90' lang='lat' dir='ltr'><strong>babet</strong></span> <span class='ocrx_word' id='word_1_259' title='bbox 1053 2205 1087 2283; x_wconf 87' lang='lat' dir='ltr'><strong>is,</strong></span> <span class='ocrx_word' id='word_1_260' title='bbox 1111 2206 1160 2284; x_wconf 90' lang='lat' dir='ltr'><strong>qui</strong></span> <span class='ocrx_word' id='word_1_261' title='bbox 1188 2204 1287 2284; x_wconf 78' lang='lat' dir='ltr'><strong>injuste</strong></span> <span class='ocrx_word' id='word_1_262' title='bbox 1306 2204 1455 2284; x_wconf 71' lang='lat' dir='ltr'><strong>affligitur,</strong></span> <span class='ocrx_word' id='word_1_263' title='bbox 1476 2205 1523 2266; x_wconf 85' lang='lat' dir='ltr'><strong>sod</strong></span> <span class='ocrx_word' id='word_1_264' title='bbox 1547 2224 1641 2266; x_wconf 85' lang='lat' dir='ltr'><strong>omnes</strong></span> 
     </span>
     <span class='ocr_line' id='line_1_22' title="bbox 70 2289 1639 2380; baseline 0.002 -24"><span class='ocrx_word' id='word_1_265' title='bbox 70 2321 129 2366; x_wconf 67' lang='grc' dir='ltr'><strong>τας</strong></span> <span class='ocrx_word' id='word_1_266' title='bbox 144 2299 189 2356; x_wconf 74' lang='grc' dir='ltr'><strong>ἐπ’</strong></span> <span class='ocrx_word' id='word_1_267' title='bbox 201 2293 333 2376; x_wconf 83' lang='grc' dir='ltr'>ιἰσφαλείφ</span> <span class='ocrx_word' id='word_1_268' title='bbox 353 2293 473 2364; x_wconf 72' lang='grc' dir='ltr'>ἕστηκεν.</span> <span class='ocrx_word' id='word_1_269' title='bbox 495 2294 530 2350; x_wconf 79' lang='lat' dir='ltr'><strong>El</strong></span> <span class='ocrx_word' id='word_1_270' title='bbox 547 2290 627 2350; x_wconf 75' lang='grc' dir='ltr'>καλὸν</span> <span class='ocrx_word' id='word_1_271' title='bbox 641 2290 670 2348; x_wconf 74' lang='grc' dir='ltr'>τὸ</span> <span class='ocrx_word' id='word_1_272' title='bbox 684 2291 783 2349; x_wconf 65' lang='grc' dir='ltr'>ἀδικεῖν</span> <span class='ocrx_word' id='word_1_273' title='bbox 798 2289 843 2348; x_wconf 74' lang='grc' dir='ltr'>καί</span> <span class='ocrx_word' id='word_1_274' title='bbox 896 2297 977 2357; x_wconf 89' lang='lat' dir='ltr'><strong>babet</strong></span> <span class='ocrx_word' id='word_1_275' title='bbox 994 2312 1132 2380; x_wconf 89' lang='lat' dir='ltr'><strong>patronos,</strong></span> <span class='ocrx_word' id='word_1_276' title='bbox 1142 2296 1323 2374; x_wconf 81' lang='lat' dir='ltr'><strong>condolentes,</strong></span> <span class='ocrx_word' id='word_1_277' title='bbox 1336 2319 1446 2357; x_wconf 88' lang='lat' dir='ltr'><strong>manum</strong></span> <span class='ocrx_word' id='word_1_278' title='bbox 1460 2298 1639 2380; x_wconf 59' lang='lat' dir='ltr'><strong>porrigentem</strong></span> 
     </span>
     <span class='ocr_line' id='line_1_23' title="bbox 72 2376 1641 2472; baseline -0.001 -21"><span class='ocrx_word' id='word_1_279' title='bbox 72 2390 204 2471; x_wconf 75' lang='grc' dir='ltr'>ἀσφαλὲς,</span> <span class='ocrx_word' id='word_1_280' title='bbox 215 2386 376 2468; x_wconf 81' lang='grc' dir='ltr'>θμολαγείτω</span> <span class='ocrx_word' id='word_1_281' title='bbox 387 2410 426 2451; x_wconf 80' lang='grc' dir='ltr'><strong>τις</strong></span> <span class='ocrx_word' id='word_1_282' title='bbox 439 2376 506 2444; x_wconf 74' lang='grc' dir='ltr'>εἶναι</span> <span class='ocrx_word' id='word_1_283' title='bbox 518 2383 654 2450; x_wconf 54' lang='lat' dir='ltr'><strong>littorei</strong></span> <span class='ocrx_word' id='word_1_284' title='bbox 667 2381 693 2442; x_wconf 71' lang='grc' dir='ltr'><strong>δὲ</strong></span> <span class='ocrx_word' id='word_1_285' title='bbox 703 2387 732 2440; x_wconf 73' lang='grc' dir='ltr'><strong>οὖ</strong></span> <span class='ocrx_word' id='word_1_286' title='bbox 742 2385 842 2462; x_wconf 65' lang='grc' dir='ltr'>τολμᾷ,</span> <span class='ocrx_word' id='word_1_287' title='bbox 896 2389 924 2448; x_wconf 91' lang='lat' dir='ltr'><strong>in</strong></span> <span class='ocrx_word' id='word_1_288' title='bbox 942 2390 1083 2449; x_wconf 82' lang='lat' dir='ltr'><strong>securitate</strong></span> <span class='ocrx_word' id='word_1_289' title='bbox 1098 2404 1159 2449; x_wconf 88' lang='lat' dir='ltr'><strong>stat.</strong></span> <span class='ocrx_word' id='word_1_290' title='bbox 1174 2390 1320 2450; x_wconf 69' lang='grc' dir='ltr'>εἰθισται</span> <span class='ocrx_word' id='word_1_291' title='bbox 1334 2402 1374 2448; x_wconf 88' lang='lat' dir='ltr'><strong>est</strong></span> <span class='ocrx_word' id='word_1_292' title='bbox 1394 2403 1420 2449; x_wconf 91' lang='lat' dir='ltr'><strong>et</strong></span> <span class='ocrx_word' id='word_1_293' title='bbox 1438 2403 1528 2450; x_wconf 89' lang='lat' dir='ltr'><strong>tntum</strong></span> <span class='ocrx_word' id='word_1_294' title='bbox 1543 2390 1641 2472; x_wconf 85' lang='lat' dir='ltr'><strong>injuste</strong></span> 
     </span>
     <span class='ocr_line' id='line_1_24' title="bbox 69 2472 1640 2562; baseline 0 -20"><span class='ocrx_word' id='word_1_295' title='bbox 69 2483 95 2542; x_wconf 90' lang='grc' dir='ltr'><strong>τί</strong></span> <span class='ocrx_word' id='word_1_296' title='bbox 107 2483 208 2555; x_wconf 78' lang='grc' dir='ltr'>δήποτε</span> <span class='ocrx_word' id='word_1_297' title='bbox 220 2485 255 2548; x_wconf 80' lang='grc' dir='ltr'><strong>ὣς</strong></span> <span class='ocrx_word' id='word_1_298' title='bbox 267 2478 363 2558; x_wconf 73' lang='grc' dir='ltr'>ἀγαθὸν</span> <span class='ocrx_word' id='word_1_299' title='bbox 379 2476 552 2557; x_wconf 63' lang='grc' dir='ltr'>μετίρχῑῑαῑὶ</span> <span class='ocrx_word' id='word_1_300' title='bbox 564 2473 678 2553; x_wconf 54' lang='lat' dir='ltr'><strong>&#39;limata</strong></span> <span class='ocrx_word' id='word_1_301' title='bbox 689 2472 716 2535; x_wconf 67' lang='grc' dir='ltr'><strong>δὲ</strong></span> <span class='ocrx_word' id='word_1_302' title='bbox 727 2478 784 2542; x_wconf 74' lang='grc' dir='ltr'><strong>πῶς</strong></span> <span class='ocrx_word' id='word_1_303' title='bbox 797 2473 843 2534; x_wconf 76' lang='grc' dir='ltr'>καί</span> <span class='ocrx_word' id='word_1_304' title='bbox 895 2501 985 2560; x_wconf 88' lang='lat' dir='ltr'><strong>agere,</strong></span> <span class='ocrx_word' id='word_1_305' title='bbox 1000 2483 1115 2541; x_wconf 82' lang='lat' dir='ltr'><strong>fateatur</strong></span> <span class='ocrx_word' id='word_1_306' title='bbox 1128 2481 1190 2561; x_wconf 90' lang='lat' dir='ltr'><strong>quis</strong></span> <span class='ocrx_word' id='word_1_307' title='bbox 1207 2503 1234 2540; x_wconf 90' lang='lat' dir='ltr'><strong>se</strong></span> <span class='ocrx_word' id='word_1_308' title='bbox 1254 2481 1386 2562; x_wconf 87' lang='lat' dir='ltr'><strong>injustum</strong></span> <span class='ocrx_word' id='word_1_309' title='bbox 1404 2502 1475 2541; x_wconf 88' lang='lat' dir='ltr'><strong>esse:</strong></span> <span class='ocrx_word' id='word_1_310' title='bbox 1488 2482 1536 2542; x_wconf 88' lang='lat' dir='ltr'><strong>sed</strong></span> <span class='ocrx_word' id='word_1_311' title='bbox 1549 2482 1572 2542; x_wconf 92' lang='lat' dir='ltr'><strong>si</strong></span> <span class='ocrx_word' id='word_1_312' title='bbox 1586 2503 1640 2543; x_wconf 94' lang='lat' dir='ltr'><strong>non</strong></span> 
     </span>
     <span class='ocr_line' id='line_1_25' title="bbox 69 2566 1640 2655; baseline -0.003 -16"><span class='ocrx_word' id='word_1_313' title='bbox 69 2579 96 2634; x_wconf 80' lang='grc' dir='ltr'>ἐν</span> <span class='ocrx_word' id='word_1_314' title='bbox 106 2581 172 2653; x_wconf 76' lang='grc' dir='ltr'>ἡμῖν</span> <span class='ocrx_word' id='word_1_315' title='bbox 185 2576 283 2645; x_wconf 71' lang='grc' dir='ltr'>αὐτοῖς,</span> <span class='ocrx_word' id='word_1_316' title='bbox 295 2571 326 2630; x_wconf 73' lang='grc' dir='ltr'>ἂν</span> <span class='ocrx_word' id='word_1_317' title='bbox 339 2568 448 2652; x_wconf 74' lang='grc' dir='ltr'>γίνηται</span> <span class='ocrx_word' id='word_1_318' title='bbox 458 2574 551 2642; x_wconf 70' lang='grc' dir='ltr'>τοῦτο,</span> <span class='ocrx_word' id='word_1_319' title='bbox 567 2566 637 2627; x_wconf 83' lang='grc' dir='ltr'>τόσα</span> <span class='ocrx_word' id='word_1_320' title='bbox 649 2567 750 2646; x_wconf 82' lang='grc' dir='ltr'>γίνεται</span> <span class='ocrx_word' id='word_1_321' title='bbox 761 2567 841 2629; x_wconf 86' lang='grc' dir='ltr'>ιιαιιά.</span> <span class='ocrx_word' id='word_1_322' title='bbox 895 2573 985 2651; x_wconf 88' lang='lat' dir='ltr'><strong>audet,</strong></span> <span class='ocrx_word' id='word_1_323' title='bbox 995 2596 1043 2633; x_wconf 92' lang='lat' dir='ltr'><strong>cur</strong></span> <span class='ocrx_word' id='word_1_324' title='bbox 1056 2596 1119 2655; x_wconf 87' lang='lat' dir='ltr'><strong>ergo</strong></span> <span class='ocrx_word' id='word_1_325' title='bbox 1129 2575 1181 2634; x_wconf 91' lang='lat' dir='ltr'><strong>hoc</strong></span> <span class='ocrx_word' id='word_1_326' title='bbox 1192 2588 1222 2633; x_wconf 91' lang='lat' dir='ltr'><strong>ut</strong></span> <span class='ocrx_word' id='word_1_327' title='bbox 1234 2575 1337 2633; x_wconf 91' lang='lat' dir='ltr'><strong>bonum</strong></span> <span class='ocrx_word' id='word_1_328' title='bbox 1348 2574 1527 2655; x_wconf 77' lang='lat' dir='ltr'><strong>aggreditur?</strong></span> <span class='ocrx_word' id='word_1_329' title='bbox 1536 2575 1640 2638; x_wconf 76' lang='lat' dir='ltr'><strong>Vidca·</strong></span> 
     </span>
     <span class='ocr_line' id='line_1_26' title="bbox 71 2658 1642 2749; baseline 0 -21"><span class='ocrx_word' id='word_1_330' title='bbox 71 2667 139 2728; x_wconf 79' lang='grc' dir='ltr'>Είαὲ</span> <span class='ocrx_word' id='word_1_331' title='bbox 155 2666 207 2747; x_wconf 82' lang='grc' dir='ltr'><strong>γάρ</strong></span> <span class='ocrx_word' id='word_1_332' title='bbox 221 2689 285 2744; x_wconf 77' lang='grc' dir='ltr'>μοι,</span> <span class='ocrx_word' id='word_1_333' title='bbox 301 2662 332 2722; x_wconf 82' lang='grc' dir='ltr'>ἄν</span> <span class='ocrx_word' id='word_1_334' title='bbox 348 2686 374 2720; x_wconf 90' lang='grc' dir='ltr'><strong>τι</strong></span> <span class='ocrx_word' id='word_1_335' title='bbox 388 2665 440 2720; x_wconf 86' lang='grc' dir='ltr'><strong>τῶν</strong></span> <span class='ocrx_word' id='word_1_336' title='bbox 457 2665 483 2721; x_wconf 78' lang='grc' dir='ltr'>ἐν</span> <span class='ocrx_word' id='word_1_337' title='bbox 497 2664 561 2739; x_wconf 74' lang='grc' dir='ltr'>ἡμῖν</span> <span class='ocrx_word' id='word_1_338' title='bbox 575 2659 606 2719; x_wconf 82' lang='grc' dir='ltr'><strong>τὸ</strong></span> <span class='ocrx_word' id='word_1_339' title='bbox 619 2662 713 2720; x_wconf 77' lang='grc' dir='ltr'>οἰκεῖον</span> <span class='ocrx_word' id='word_1_340' title='bbox 723 2658 841 2740; x_wconf 63' lang='lat' dir='ltr'><strong>serpeus</strong></span> <span class='ocrx_word' id='word_1_341' title='bbox 895 2689 955 2726; x_wconf 91' lang='lat' dir='ltr'><strong>mus</strong></span> <span class='ocrx_word' id='word_1_342' title='bbox 969 2688 1065 2749; x_wconf 83' lang='lat' dir='ltr'><strong>porro,</strong></span> <span class='ocrx_word' id='word_1_343' title='bbox 1085 2666 1221 2744; x_wconf 88' lang='lat' dir='ltr'><strong>quomodo</strong></span> <span class='ocrx_word' id='word_1_344' title='bbox 1234 2665 1314 2725; x_wconf 90' lang='lat' dir='ltr'><strong>etiarn</strong></span> <span class='ocrx_word' id='word_1_345' title='bbox 1327 2665 1355 2726; x_wconf 94' lang='lat' dir='ltr'><strong>in</strong></span> <span class='ocrx_word' id='word_1_346' title='bbox 1369 2667 1448 2726; x_wconf 89' lang='lat' dir='ltr'><strong>nobis</strong></span> <span class='ocrx_word' id='word_1_347' title='bbox 1470 2667 1537 2748; x_wconf 87' lang='lat' dir='ltr'><strong>ipsis</strong></span> <span class='ocrx_word' id='word_1_348' title='bbox 1547 2668 1570 2727; x_wconf 90' lang='lat' dir='ltr'><strong>si</strong></span> <span class='ocrx_word' id='word_1_349' title='bbox 1584 2668 1642 2728; x_wconf 79' lang='lat' dir='ltr'><strong>hac</strong></span> 
     </span>
     <span class='ocr_line' id='line_1_27' title="bbox 69 2752 1640 2840; baseline 0.001 -22"><span class='ocrx_word' id='word_1_350' title='bbox 69 2760 168 2840; x_wconf 77' lang='grc' dir='ltr'>μέτρον</span> <span class='ocrx_word' id='word_1_351' title='bbox 191 2764 237 2818; x_wconf 72' lang='grc' dir='ltr'><strong>τοῦ</strong></span> <span class='ocrx_word' id='word_1_352' title='bbox 253 2756 341 2837; x_wconf 75' lang='grc' dir='ltr'>ἑτέρου</span> <span class='ocrx_word' id='word_1_353' title='bbox 363 2754 507 2836; x_wconf 73' lang='grc' dir='ltr'><strong>ι’ίφίηται,</strong></span> <span class='ocrx_word' id='word_1_354' title='bbox 530 2753 575 2814; x_wconf 85' lang='grc' dir='ltr'><strong>καί</strong></span> <span class='ocrx_word' id='word_1_355' title='bbox 601 2755 715 2833; x_wconf 80' lang='grc' dir='ltr'>βουληθῇ</span> <span class='ocrx_word' id='word_1_356' title='bbox 737 2752 811 2833; x_wconf 79' lang='grc' dir='ltr'>ἀφείς</span> <span class='ocrx_word' id='word_1_357' title='bbox 827 2757 842 2812; x_wconf 82' lang='grc' dir='ltr'>θ</span> <span class='ocrx_word' id='word_1_358' title='bbox 895 2758 973 2838; x_wconf 85' lang='lat' dir='ltr'><strong>flant,</strong></span> <span class='ocrx_word' id='word_1_359' title='bbox 987 2772 1053 2838; x_wconf 91' lang='lat' dir='ltr'><strong>quot</strong></span> <span class='ocrx_word' id='word_1_360' title='bbox 1068 2758 1132 2818; x_wconf 88' lang='lat' dir='ltr'><strong>inde</strong></span> <span class='ocrx_word' id='word_1_361' title='bbox 1145 2758 1227 2817; x_wconf 89' lang='lat' dir='ltr'><strong>mala.</strong></span> <span class='ocrx_word' id='word_1_362' title='bbox 1241 2753 1295 2817; x_wconf 91' lang='lat' dir='ltr'><strong>Dic</strong></span> <span class='ocrx_word' id='word_1_363' title='bbox 1312 2779 1418 2836; x_wconf 76' lang='lat' dir='ltr'><strong>quaeso,</strong></span> <span class='ocrx_word' id='word_1_364' title='bbox 1429 2759 1453 2817; x_wconf 87' lang='lat' dir='ltr'><strong>si</strong></span> <span class='ocrx_word' id='word_1_365' title='bbox 1469 2756 1538 2837; x_wconf 78' lang='lat' dir='ltr'><strong>quid</strong></span> <span class='ocrx_word' id='word_1_366' title='bbox 1552 2759 1580 2819; x_wconf 91' lang='lat' dir='ltr'><strong>in</strong></span> <span class='ocrx_word' id='word_1_367' title='bbox 1590 2780 1640 2820; x_wconf 56' lang='lat' dir='ltr'><strong>no*</strong></span> 
     </span>
     <span class='ocr_line' id='line_1_28' title="bbox 70 2844 1638 2932; baseline -0.001 -20"><span class='ocrx_word' id='word_1_368' title='bbox 70 2852 157 2926; x_wconf 82' lang='grc' dir='ltr'>σπλὴν</span> <span class='ocrx_word' id='word_1_369' title='bbox 167 2851 213 2912; x_wconf 80' lang='grc' dir='ltr'><strong>τὸν</strong></span> <span class='ocrx_word' id='word_1_370' title='bbox 223 2846 317 2911; x_wconf 83' lang='grc' dir='ltr'>οίιιεῑον</span> <span class='ocrx_word' id='word_1_371' title='bbox 331 2848 410 2909; x_wconf 82' lang='grc' dir='ltr'>τόπον</span> <span class='ocrx_word' id='word_1_372' title='bbox 424 2846 515 2906; x_wconf 65' lang='lat' dir='ltr'><strong>tesan</strong></span> <span class='ocrx_word' id='word_1_373' title='bbox 529 2846 558 2906; x_wconf 81' lang='grc' dir='ltr'><strong>τό</strong></span> <span class='ocrx_word' id='word_1_374' title='bbox 571 2845 706 2925; x_wconf 81' lang='grc' dir='ltr'>ἀλλότριον</span> <span class='ocrx_word' id='word_1_375' title='bbox 718 2844 786 2922; x_wconf 74' lang='grc' dir='ltr'>μετά</span> <span class='ocrx_word' id='word_1_376' title='bbox 796 2851 842 2905; x_wconf 81' lang='grc' dir='ltr'><strong>τοῦ</strong></span> <span class='ocrx_word' id='word_1_377' title='bbox 895 2844 949 2927; x_wconf 86' lang='lat' dir='ltr'><strong>bis,</strong></span> <span class='ocrx_word' id='word_1_378' title='bbox 962 2863 1088 2931; x_wconf 90' lang='lat' dir='ltr'><strong>snperato</strong></span> <span class='ocrx_word' id='word_1_379' title='bbox 1100 2847 1181 2909; x_wconf 87' lang='lat' dir='ltr'><strong>modo</strong></span> <span class='ocrx_word' id='word_1_380' title='bbox 1193 2870 1252 2925; x_wconf 88' lang='lat' dir='ltr'><strong>suo,</strong></span> <span class='ocrx_word' id='word_1_381' title='bbox 1260 2849 1376 2909; x_wconf 84' lang='lat' dir='ltr'><strong>alterum</strong></span> <span class='ocrx_word' id='word_1_382' title='bbox 1390 2849 1510 2928; x_wconf 86' lang='lat' dir='ltr'><strong>invadat,</strong></span> <span class='ocrx_word' id='word_1_383' title='bbox 1518 2850 1542 2910; x_wconf 90' lang='lat' dir='ltr'><strong>si</strong></span> <span class='ocrx_word' id='word_1_384' title='bbox 1552 2844 1638 2932; x_wconf 87' lang='lat' dir='ltr'><strong>splen,</strong></span> 
     </span>
     <span class='ocr_line' id='line_1_29' title="bbox 70 2937 1640 3025; baseline -0.001 -20"><span class='ocrx_word' id='word_1_385' title='bbox 70 2943 184 3015; x_wconf 80' lang='grc' dir='ltr'>οἰκείου,</span> <span class='ocrx_word' id='word_1_386' title='bbox 197 2941 258 3023; x_wconf 76' lang='grc' dir='ltr'>οὐχί</span> <span class='ocrx_word' id='word_1_387' title='bbox 274 2938 349 3023; x_wconf 83' lang='grc' dir='ltr'>νόσος</span> <span class='ocrx_word' id='word_1_388' title='bbox 368 2939 444 3000; x_wconf 79' lang='grc' dir='ltr'>τοῦτό</span> <span class='ocrx_word' id='word_1_389' title='bbox 457 2941 530 3013; x_wconf 83' lang='grc' dir='ltr'>ἐστι;</span> <span class='ocrx_word' id='word_1_390' title='bbox 543 2938 602 2997; x_wconf 75' lang='lat' dir='ltr'><strong>e&#39;lb</strong></span> <span class='ocrx_word' id='word_1_391' title='bbox 623 2937 699 3018; x_wconf 78' lang='grc' dir='ltr'>ὑγρόν</span> <span class='ocrx_word' id='word_1_392' title='bbox 714 2937 795 2998; x_wconf 80' lang='grc' dir='ltr'>πάλιν</span> <span class='ocrx_word' id='word_1_393' title='bbox 812 2937 843 2997; x_wconf 85' lang='grc' dir='ltr'><strong>τὸ</strong></span> <span class='ocrx_word' id='word_1_394' title='bbox 896 2944 991 3004; x_wconf 90' lang='lat' dir='ltr'><strong>relicto</strong></span> <span class='ocrx_word' id='word_1_395' title='bbox 1002 2944 1061 3003; x_wconf 89' lang='lat' dir='ltr'><strong>loco</strong></span> <span class='ocrx_word' id='word_1_396' title='bbox 1078 2964 1137 3016; x_wconf 89' lang='lat' dir='ltr'><strong>suo,</strong></span> <span class='ocrx_word' id='word_1_397' title='bbox 1147 2942 1266 3003; x_wconf 86' lang='lat' dir='ltr'><strong>alienum</strong></span> <span class='ocrx_word' id='word_1_398' title='bbox 1281 2943 1348 3004; x_wconf 78' lang='lat' dir='ltr'><strong>velit</strong></span> <span class='ocrx_word' id='word_1_399' title='bbox 1364 2964 1426 3003; x_wconf 93' lang='lat' dir='ltr'><strong>curn</strong></span> <span class='ocrx_word' id='word_1_400' title='bbox 1438 2965 1488 3003; x_wconf 92' lang='lat' dir='ltr'><strong>suo</strong></span> <span class='ocrx_word' id='word_1_401' title='bbox 1506 2943 1640 3025; x_wconf 79' lang='lat' dir='ltr'><strong>arripere,</strong></span> 
     </span>
    </p>
   </div>
   <div class='ocr_carea' id='block_1_4' title="bbox 68 3026 1640 3301">
    <p class='ocr_par' dir='ltr' id='par_1_4' title="bbox 68 3026 1640 3301">
     <span class='ocr_line' id='line_1_30' title="bbox 70 3026 1639 3119; baseline 0.002 -22"><span class='ocrx_word' id='word_1_402' title='bbox 70 3042 97 3097; x_wconf 86' lang='grc' dir='ltr'>ἐν</span> <span class='ocrx_word' id='word_1_403' title='bbox 121 3043 199 3114; x_wconf 76' lang='grc' dir='ltr'>ἡμῖν,</span> <span class='ocrx_word' id='word_1_404' title='bbox 216 3038 231 3093; x_wconf 83' lang='grc' dir='ltr'>θ</span> <span class='ocrx_word' id='word_1_405' title='bbox 251 3033 349 3115; x_wconf 65' lang='grc' dir='ltr'>χυμὸς,</span> <span class='ocrx_word' id='word_1_406' title='bbox 363 3036 386 3093; x_wconf 76' lang='grc' dir='ltr'><strong>εἶ</strong></span> <span class='ocrx_word' id='word_1_407' title='bbox 399 3031 487 3092; x_wconf 68' lang='grc' dir='ltr'>πάντα</span> <span class='ocrx_word' id='word_1_408' title='bbox 511 3029 663 3112; x_wconf 61' lang='grc' dir='ltr'>πληρώσει,</span> <span class='ocrx_word' id='word_1_409' title='bbox 682 3029 740 3111; x_wconf 60' lang='grc' dir='ltr'>οἶαί</span> <span class='ocrx_word' id='word_1_410' title='bbox 754 3026 843 3110; x_wconf 63' lang='grc' dir='ltr'>ὕδερος</span> <span class='ocrx_word' id='word_1_411' title='bbox 896 3061 983 3099; x_wconf 94' lang='lat' dir='ltr'><strong>annon</strong></span> <span class='ocrx_word' id='word_1_412' title='bbox 998 3040 1049 3100; x_wconf 94' lang='lat' dir='ltr'><strong>boc</strong></span> <span class='ocrx_word' id='word_1_413' title='bbox 1062 3040 1172 3100; x_wconf 86' lang='lat' dir='ltr'><strong>morbus</strong></span> <span class='ocrx_word' id='word_1_414' title='bbox 1183 3039 1257 3099; x_wconf 82' lang='lat' dir='ltr'><strong>erit?</strong></span> <span class='ocrx_word' id='word_1_415' title='bbox 1272 3038 1425 3099; x_wconf 84' lang='lat' dir='ltr'><strong>Humidum</strong></span> <span class='ocrx_word' id='word_1_416' title='bbox 1440 3039 1504 3100; x_wconf 87' lang='lat' dir='ltr'><strong>item</strong></span> <span class='ocrx_word' id='word_1_417' title='bbox 1523 3039 1597 3119; x_wconf 87' lang='lat' dir='ltr'><strong>quod</strong></span> <span class='ocrx_word' id='word_1_418' title='bbox 1611 3040 1639 3100; x_wconf 94' lang='lat' dir='ltr'><strong>in</strong></span> 
     </span>
     <span class='ocr_line' id='line_1_31' title="bbox 68 3121 1640 3216; baseline -0.003 -22"><span class='ocrx_word' id='word_1_419' title='bbox 68 3130 147 3189; x_wconf 72' lang='grc' dir='ltr'>τοῦτο’</span> <span class='ocrx_word' id='word_1_420' title='bbox 162 3131 237 3200; x_wconf 61' lang='grc' dir='ltr'>ἔστη</span> <span class='ocrx_word' id='word_1_421' title='bbox 260 3127 327 3187; x_wconf 69' lang='grc' dir='ltr'>Μετ’</span> <span class='ocrx_word' id='word_1_422' title='bbox 351 3124 450 3184; x_wconf 62' lang='grc' dir='ltr'>ἐκείνου</span> <span class='ocrx_word' id='word_1_423' title='bbox 464 3129 481 3196; x_wconf 72' lang='grc' dir='ltr'>ἡ</span> <span class='ocrx_word' id='word_1_424' title='bbox 494 3122 562 3205; x_wconf 71' lang='grc' dir='ltr'><strong>χῡλθ</strong></span> <span class='ocrx_word' id='word_1_425' title='bbox 583 3121 663 3183; x_wconf 73' lang='grc' dir='ltr'>παλῑν</span> <span class='ocrx_word' id='word_1_426' title='bbox 678 3123 841 3205; x_wconf 81' lang='grc' dir='ltr'>εὐρυχωρίαν</span> <span class='ocrx_word' id='word_1_427' title='bbox 851 3177 888 3216; x_wconf 46' lang='grc'><strong>,8,</strong></span> <span class='ocrx_word' id='word_1_428' title='bbox 897 3132 975 3192; x_wconf 88' lang='lat' dir='ltr'><strong>nobis</strong></span> <span class='ocrx_word' id='word_1_429' title='bbox 985 3146 1024 3192; x_wconf 90' lang='lat' dir='ltr'><strong>est</strong></span> <span class='ocrx_word' id='word_1_430' title='bbox 1036 3132 1058 3192; x_wconf 88' lang='lat' dir='ltr'><strong>si</strong></span> <span class='ocrx_word' id='word_1_431' title='bbox 1071 3131 1162 3191; x_wconf 90' lang='lat' dir='ltr'><strong>omnia</strong></span> <span class='ocrx_word' id='word_1_432' title='bbox 1175 3131 1293 3212; x_wconf 83' lang='lat' dir='ltr'><strong>impleat,</strong></span> <span class='ocrx_word' id='word_1_433' title='bbox 1303 3152 1391 3191; x_wconf 91' lang='lat' dir='ltr'><strong>nonne</strong></span> <span class='ocrx_word' id='word_1_434' title='bbox 1400 3122 1558 3213; x_wconf 83' lang='lat' dir='ltr'><strong>hydropisis</strong></span> <span class='ocrx_word' id='word_1_435' title='bbox 1567 3131 1640 3191; x_wconf 79' lang='lat' dir='ltr'><strong>erit?</strong></span> 
     </span>
     <span class='ocr_line' id='line_1_32' title="bbox 69 3206 1640 3301; baseline 0 -21"><span class='ocrx_word' id='word_1_436' title='bbox 69 3220 201 3296; x_wconf 81' lang='grc' dir='ltr'>ζητείτω,</span> <span class='ocrx_word' id='word_1_437' title='bbox 219 3219 266 3278; x_wconf 82' lang='grc' dir='ltr'><strong>καί</strong></span> <span class='ocrx_word' id='word_1_438' title='bbox 276 3224 413 3298; x_wconf 62' lang='grc' dir='ltr'>πανταροῢ</span> <span class='ocrx_word' id='word_1_439' title='bbox 424 3215 567 3297; x_wconf 74' lang='grc' dir='ltr'>διαχείσθω</span> <span class='ocrx_word' id='word_1_440' title='bbox 579 3213 610 3274; x_wconf 81' lang='grc' dir='ltr'><strong>τό</strong></span> <span class='ocrx_word' id='word_1_441' title='bbox 624 3206 701 3294; x_wconf 78' lang='grc' dir='ltr'>αἷμα.</span> <span class='ocrx_word' id='word_1_442' title='bbox 712 3208 749 3274; x_wconf 80' lang='grc' dir='ltr'>Τί</span> <span class='ocrx_word' id='word_1_443' title='bbox 768 3214 797 3276; x_wconf 83' lang='grc' dir='ltr'>δί</span> <span class='ocrx_word' id='word_1_444' title='bbox 815 3220 841 3277; x_wconf 80' lang='grc' dir='ltr'>ἐν</span> <span class='ocrx_word' id='word_1_445' title='bbox 860 3233 881 3278; x_wconf 76' lang='lat' dir='ltr'>A</span> <span class='ocrx_word' id='word_1_446' title='bbox 897 3226 1028 3284; x_wconf 85' lang='lat' dir='ltr'><strong>Praeterea</strong></span> <span class='ocrx_word' id='word_1_447' title='bbox 1042 3222 1107 3282; x_wconf 89' lang='lat' dir='ltr'><strong>bilis</strong></span> <span class='ocrx_word' id='word_1_448' title='bbox 1122 3221 1293 3282; x_wconf 87' lang='lat' dir='ltr'><strong>latitudinem</strong></span> <span class='ocrx_word' id='word_1_449' title='bbox 1307 3237 1417 3301; x_wconf 81' lang='lat' dir='ltr'><strong>quaerat,</strong></span> <span class='ocrx_word' id='word_1_450' title='bbox 1431 3234 1458 3281; x_wconf 91' lang='lat' dir='ltr'><strong>et</strong></span> <span class='ocrx_word' id='word_1_451' title='bbox 1471 3221 1572 3301; x_wconf 91' lang='lat' dir='ltr'><strong>ubique</strong></span> <span class='ocrx_word' id='word_1_452' title='bbox 1585 3222 1640 3281; x_wconf 86' lang='lat' dir='ltr'><strong>‹lii-</strong></span> 
     </span>
    </p>
   </div>
   <div class='ocr_carea' id='block_1_5' title="bbox 66 3304 843 4134">
    <p class='ocr_par' dir='ltr' id='par_1_5' title="bbox 66 3304 843 4134">
     <span class='ocr_line' id='line_1_33' title="bbox 68 3304 841 3395; baseline -0.008 -21"><span class='ocrx_word' id='word_1_453' title='bbox 68 3320 102 3395; x_wconf 79' lang='grc' dir='ltr'><strong>τῇ</strong></span> <span class='ocrx_word' id='word_1_454' title='bbox 123 3317 198 3395; x_wconf 75' lang='grc' dir='ltr'>ψυχῇ</span> <span class='ocrx_word' id='word_1_455' title='bbox 213 3304 331 3391; x_wconf 76' lang='grc' dir='ltr'>όθυμθς,</span> <span class='ocrx_word' id='word_1_456' title='bbox 350 3316 366 3383; x_wconf 84' lang='grc' dir='ltr'>ἡ</span> <span class='ocrx_word' id='word_1_457' title='bbox 384 3307 524 3387; x_wconf 75' lang='grc' dir='ltr'>ἐπιθυμία,</span> <span class='ocrx_word' id='word_1_458' title='bbox 542 3308 587 3367; x_wconf 83' lang='grc' dir='ltr'><strong>καί</strong></span> <span class='ocrx_word' id='word_1_459' title='bbox 602 3306 635 3367; x_wconf 77' lang='grc' dir='ltr'><strong>τά</strong></span> <span class='ocrx_word' id='word_1_460' title='bbox 656 3308 725 3367; x_wconf 78' lang='grc' dir='ltr'>ἄλλοι</span> <span class='ocrx_word' id='word_1_461' title='bbox 738 3309 841 3382; x_wconf 88' lang='grc' dir='ltr'>πάντα,</span> 
     </span>
     <span class='ocr_line' id='line_1_34' title="bbox 68 3399 843 3485; baseline -0.006 -19"><span class='ocrx_word' id='word_1_462' title='bbox 68 3405 114 3466; x_wconf 69' lang='lat' dir='ltr'><strong>tao</strong></span> <span class='ocrx_word' id='word_1_463' title='bbox 122 3404 226 3485; x_wconf 74' lang='grc' dir='ltr'>ὓπερόῇ</span> <span class='ocrx_word' id='word_1_464' title='bbox 239 3399 270 3463; x_wconf 71' lang='grc' dir='ltr'><strong>τί)</strong></span> <span class='ocrx_word' id='word_1_465' title='bbox 278 3402 383 3482; x_wconf 75' lang='grc' dir='ltr'>μέτρον,</span> <span class='ocrx_word' id='word_1_466' title='bbox 392 3401 466 3481; x_wconf 58' lang='lat' dir='ltr'><strong>origi*</strong></span> <span class='ocrx_word' id='word_1_467' title='bbox 478 3401 570 3460; x_wconf 76' lang='grc' dir='ltr'>ἑαυτὸν</span> <span class='ocrx_word' id='word_1_468' title='bbox 581 3401 781 3482; x_wconf 73' lang='grc' dir='ltr'>συνδιέφθειρεν,</span> <span class='ocrx_word' id='word_1_469' title='bbox 790 3401 843 3461; x_wconf 80' lang='grc' dir='ltr'><strong>Οὕ-</strong></span> 
     </span>
     <span class='ocr_line' id='line_1_35' title="bbox 67 3492 840 3578; baseline -0.006 -20"><span class='ocrx_word' id='word_1_470' title='bbox 67 3524 106 3559; x_wconf 85' lang='grc' dir='ltr'><strong>τω</strong></span> <span class='ocrx_word' id='word_1_471' title='bbox 117 3499 164 3557; x_wconf 75' lang='grc' dir='ltr'><strong>καί</strong></span> <span class='ocrx_word' id='word_1_472' title='bbox 175 3503 192 3569; x_wconf 80' lang='grc' dir='ltr'>ί,</span> <span class='ocrx_word' id='word_1_473' title='bbox 205 3496 302 3578; x_wconf 84' lang='grc' dir='ltr'>τροφή·</span> <span class='ocrx_word' id='word_1_474' title='bbox 317 3493 362 3553; x_wconf 75' lang='lat' dir='ltr'><strong>tle</strong></span> <span class='ocrx_word' id='word_1_475' title='bbox 376 3493 442 3573; x_wconf 84' lang='grc' dir='ltr'>ὑπὲρ</span> <span class='ocrx_word' id='word_1_476' title='bbox 452 3493 466 3552; x_wconf 86' lang='grc' dir='ltr'>ό</span> <span class='ocrx_word' id='word_1_477' title='bbox 477 3492 585 3552; x_wconf 82' lang='grc' dir='ltr'>θάνατοι</span> <span class='ocrx_word' id='word_1_478' title='bbox 598 3493 744 3552; x_wconf 79' lang='grc' dir='ltr'>πέττεσθαι</span> <span class='ocrx_word' id='word_1_479' title='bbox 756 3517 840 3574; x_wconf 87' lang='grc' dir='ltr'>προο-</span> 
     </span>
     <span class='ocr_line' id='line_1_36' title="bbox 67 3584 841 3672; baseline -0.003 -24"><span class='ocrx_word' id='word_1_480' title='bbox 67 3589 174 3672; x_wconf 77' lang='grc' dir='ltr'>ληφθῇ,</span> <span class='ocrx_word' id='word_1_481' title='bbox 192 3589 278 3656; x_wconf 89' lang='grc' dir='ltr'>νόσοις</span> <span class='ocrx_word' id='word_1_482' title='bbox 304 3584 333 3647; x_wconf 79' lang='grc' dir='ltr'><strong>τί</strong></span> <span class='ocrx_word' id='word_1_483' title='bbox 356 3588 435 3664; x_wconf 83' lang='grc' dir='ltr'>σῶμα</span> <span class='ocrx_word' id='word_1_484' title='bbox 458 3585 608 3665; x_wconf 74' lang='grc' dir='ltr'>περιίόαλε.</span> <span class='ocrx_word' id='word_1_485' title='bbox 631 3584 717 3644; x_wconf 82' lang='grc' dir='ltr'>Πόθεν</span> <span class='ocrx_word' id='word_1_486' title='bbox 741 3585 793 3667; x_wconf 76' lang='grc' dir='ltr'><strong>γάρ</strong></span> <span class='ocrx_word' id='word_1_487' title='bbox 814 3592 841 3647; x_wconf 80' lang='lat' dir='ltr'><strong>al</strong></span> 
     </span>
     <span class='ocr_line' id='line_1_37' title="bbox 67 3672 842 3763; baseline -0.008 -17"><span class='ocrx_word' id='word_1_488' title='bbox 67 3684 228 3763; x_wconf 71' lang='grc' dir='ltr'>ποδαλγίαις</span> <span class='ocrx_word' id='word_1_489' title='bbox 241 3680 320 3741; x_wconf 79' lang='grc' dir='ltr'>τόθεν</span> <span class='ocrx_word' id='word_1_490' title='bbox 331 3685 358 3740; x_wconf 86' lang='grc' dir='ltr'>αἱ</span> <span class='ocrx_word' id='word_1_491' title='bbox 372 3679 496 3758; x_wconf 78' lang='grc' dir='ltr'>παρίσεις</span> <span class='ocrx_word' id='word_1_492' title='bbox 508 3678 554 3737; x_wconf 86' lang='grc' dir='ltr'><strong>καί</strong></span> <span class='ocrx_word' id='word_1_493' title='bbox 567 3684 581 3738; x_wconf 85' lang='grc' dir='ltr'>ό</span> <span class='ocrx_word' id='word_1_494' title='bbox 592 3672 681 3745; x_wconf 82' lang='grc' dir='ltr'>κλόνος</span> <span class='ocrx_word' id='word_1_495' title='bbox 694 3687 740 3739; x_wconf 80' lang='grc' dir='ltr'><strong>τοῦ</strong></span> <span class='ocrx_word' id='word_1_496' title='bbox 749 3679 842 3759; x_wconf 81' lang='grc' dir='ltr'>σώμα-</span> 
     </span>
     <span class='ocr_line' id='line_1_38' title="bbox 66 3768 841 3859; baseline -0.009 -21"><span class='ocrx_word' id='word_1_497' title='bbox 66 3803 112 3846; x_wconf 90' lang='grc' dir='ltr'><strong>τος</strong></span> <span class='ocrx_word' id='word_1_498' title='bbox 120 3803 129 3851; x_wconf 90' lang='lat'>;</span> <span class='ocrx_word' id='word_1_499' title='bbox 144 3768 198 3859; x_wconf 69' lang='lat' dir='ltr'><strong>dp«</strong></span> <span class='ocrx_word' id='word_1_500' title='bbox 212 3779 259 3835; x_wconf 85' lang='grc' dir='ltr'><strong>οὐκ</strong></span> <span class='ocrx_word' id='word_1_501' title='bbox 273 3775 326 3834; x_wconf 78' lang='grc' dir='ltr'><strong>ἀπὸ</strong></span> <span class='ocrx_word' id='word_1_502' title='bbox 341 3778 387 3846; x_wconf 72' lang='grc' dir='ltr'><strong>τῆς</strong></span> <span class='ocrx_word' id='word_1_503' title='bbox 410 3776 462 3831; x_wconf 83' lang='grc' dir='ltr'><strong>τῶν</strong></span> <span class='ocrx_word' id='word_1_504' title='bbox 477 3778 578 3855; x_wconf 77' lang='grc' dir='ltr'>τροφῶν</span> <span class='ocrx_word' id='word_1_505' title='bbox 593 3773 738 3853; x_wconf 53' lang='grc' dir='ltr'>ἀμετρίας</span> <span class='ocrx_word' id='word_1_506' title='bbox 753 3775 841 3834; x_wconf 88' lang='grc' dir='ltr'>Πάλιν</span> 
     </span>
     <span class='ocr_line' id='line_1_39' title="bbox 67 3864 843 3952; baseline -0.003 -21"><span class='ocrx_word' id='word_1_507' title='bbox 67 3875 96 3931; x_wconf 81' lang='grc' dir='ltr'>ἓν</span> <span class='ocrx_word' id='word_1_508' title='bbox 108 3865 149 3952; x_wconf 75' lang='grc' dir='ltr'><strong>τῷ</strong></span> <span class='ocrx_word' id='word_1_509' title='bbox 158 3869 264 3946; x_wconf 78' lang='grc' dir='ltr'>σώματι</span> <span class='ocrx_word' id='word_1_510' title='bbox 279 3864 324 3927; x_wconf 72' lang='lat' dir='ltr'><strong>ilua</strong></span> <span class='ocrx_word' id='word_1_511' title='bbox 337 3869 427 3925; x_wconf 91' lang='grc' dir='ltr'>πλεῖον</span> <span class='ocrx_word' id='word_1_512' title='bbox 439 3867 555 3944; x_wconf 76' lang='grc' dir='ltr'>βουληθῇ</span> <span class='ocrx_word' id='word_1_513' title='bbox 566 3864 657 3925; x_wconf 80' lang='grc' dir='ltr'>λαόεῐν</span> <span class='ocrx_word' id='word_1_514' title='bbox 669 3871 683 3925; x_wconf 85' lang='grc' dir='ltr'>ό</span> <span class='ocrx_word' id='word_1_515' title='bbox 696 3870 843 3947; x_wconf 82' lang='grc' dir='ltr'>ὀφθαλμὸς,</span> 
     </span>
     <span class='ocr_line' id='line_1_40' title="bbox 69 3952 843 4038; baseline -0.004 -17"><span class='ocrx_word' id='word_1_516' title='bbox 69 3964 87 4037; x_wconf 72' lang='grc' dir='ltr'>ἢ</span> <span class='ocrx_word' id='word_1_517' title='bbox 101 3961 182 4022; x_wconf 80' lang='grc' dir='ltr'>πλέον</span> <span class='ocrx_word' id='word_1_518' title='bbox 197 3961 260 4020; x_wconf 83' lang='grc' dir='ltr'>ίδεῐν</span> <span class='ocrx_word' id='word_1_519' title='bbox 273 3966 319 4019; x_wconf 74' lang='grc' dir='ltr'><strong>τοῦ</strong></span> <span class='ocrx_word' id='word_1_520' title='bbox 331 3956 477 4038; x_wconf 81' lang='grc' dir='ltr'>ὡρισμένου</span> <span class='ocrx_word' id='word_1_521' title='bbox 492 3955 635 4033; x_wconf 72' lang='grc' dir='ltr'>θελήσειεν,</span> <span class='ocrx_word' id='word_1_522' title='bbox 649 3952 666 4029; x_wconf 78' lang='grc' dir='ltr'>ἢ</span> <span class='ocrx_word' id='word_1_523' title='bbox 679 3961 765 4036; x_wconf 79' lang='grc' dir='ltr'>μεῖζον</span> <span class='ocrx_word' id='word_1_524' title='bbox 780 3962 843 4018; x_wconf 77' lang='grc' dir='ltr'>ἀνα·</span> 
     </span>
     <span class='ocr_line' id='line_1_41' title="bbox 68 4045 842 4134; baseline -0.003 -20"><span class='ocrx_word' id='word_1_525' title='bbox 68 4054 150 4114; x_wconf 83' lang='grc' dir='ltr'>λα’όοι</span> <span class='ocrx_word' id='word_1_526' title='bbox 164 4052 236 4134; x_wconf 76' lang='grc' dir='ltr'>φῶς,</span> <span class='ocrx_word' id='word_1_527' title='bbox 260 4045 358 4132; x_wconf 73' lang='grc' dir='ltr'>ἔόλαψε</span> <span class='ocrx_word' id='word_1_528' title='bbox 379 4052 478 4129; x_wconf 77' lang='grc' dir='ltr'>μᾶλλον</span> <span class='ocrx_word' id='word_1_529' title='bbox 490 4046 507 4120; x_wconf 76' lang='grc' dir='ltr'>ἢ</span> <span class='ocrx_word' id='word_1_530' title='bbox 520 4048 640 4128; x_wconf 78' lang='grc' dir='ltr'>ὠφέλησε</span> <span class='ocrx_word' id='word_1_531' title='bbox 659 4048 690 4108; x_wconf 82' lang='grc' dir='ltr'><strong>τὸ</strong></span> <span class='ocrx_word' id='word_1_532' title='bbox 704 4049 770 4131; x_wconf 71' lang='grc' dir='ltr'>ὑπὲρ</span> <span class='ocrx_word' id='word_1_533' title='bbox 793 4050 842 4129; x_wconf 80' lang='grc' dir='ltr'>μί-</span> 
     </span>
    </p>
   </div>
   <div class='ocr_carea' id='block_1_6' title="bbox 896 3312 1640 4137">
    <p class='ocr_par' dir='ltr' id='par_1_6' title="bbox 896 3312 1640 4137">
     <span class='ocr_line' id='line_1_42' title="bbox 896 3312 1626 3394; baseline -0.003 -19"><span class='ocrx_word' id='word_1_534' title='bbox 896 3314 1026 3375; x_wconf 90' lang='lat' dir='ltr'><strong>sundatur</strong></span> <span class='ocrx_word' id='word_1_535' title='bbox 1038 3313 1157 3394; x_wconf 90' lang='lat' dir='ltr'><strong>sanguis.</strong></span> <span class='ocrx_word' id='word_1_536' title='bbox 1171 3312 1248 3386; x_wconf 90' lang='lat' dir='ltr'><strong>Quid</strong></span> <span class='ocrx_word' id='word_1_537' title='bbox 1263 3327 1352 3373; x_wconf 88' lang='lat' dir='ltr'><strong>autem</strong></span> <span class='ocrx_word' id='word_1_538' title='bbox 1367 3314 1395 3373; x_wconf 94' lang='lat' dir='ltr'><strong>in</strong></span> <span class='ocrx_word' id='word_1_539' title='bbox 1406 3312 1495 3373; x_wconf 90' lang='lat' dir='ltr'><strong>anima</strong></span> <span class='ocrx_word' id='word_1_540' title='bbox 1510 3314 1561 3391; x_wconf 90' lang='lat' dir='ltr'><strong>ira,</strong></span> <span class='ocrx_word' id='word_1_541' title='bbox 1575 3335 1626 3374; x_wconf 92' lang='lat' dir='ltr'><strong>oon</strong></span> 
     </span>
     <span class='ocr_line' id='line_1_43' title="bbox 897 3403 1639 3488; baseline -0.001 -22"><span class='ocrx_word' id='word_1_542' title='bbox 897 3406 1060 3488; x_wconf 90' lang='lat' dir='ltr'><strong>cupiscentia</strong></span> <span class='ocrx_word' id='word_1_543' title='bbox 1075 3419 1101 3465; x_wconf 91' lang='lat' dir='ltr'><strong>et</strong></span> <span class='ocrx_word' id='word_1_544' title='bbox 1116 3405 1219 3486; x_wconf 87' lang='lat' dir='ltr'><strong>reliqna</strong></span> <span class='ocrx_word' id='word_1_545' title='bbox 1239 3405 1343 3482; x_wconf 91' lang='lat' dir='ltr'><strong>omnia,</strong></span> <span class='ocrx_word' id='word_1_546' title='bbox 1363 3405 1386 3464; x_wconf 91' lang='lat' dir='ltr'><strong>si</strong></span> <span class='ocrx_word' id='word_1_547' title='bbox 1406 3403 1639 3484; x_wconf 76' lang='lat' dir='ltr'><strong>transgrediantur</strong></span> 
     </span>
     <span class='ocr_line' id='line_1_44' title="bbox 897 3496 1638 3579; baseline -0.005 -19"><span class='ocrx_word' id='word_1_548' title='bbox 897 3522 1063 3577; x_wconf 87' lang='lat' dir='ltr'><strong>mensnram,</strong></span> <span class='ocrx_word' id='word_1_549' title='bbox 1074 3520 1162 3559; x_wconf 92' lang='lat' dir='ltr'><strong>nonne</strong></span> <span class='ocrx_word' id='word_1_550' title='bbox 1174 3521 1202 3559; x_wconf 89' lang='lat' dir='ltr'><strong>se</strong></span> <span class='ocrx_word' id='word_1_551' title='bbox 1214 3497 1297 3557; x_wconf 91' lang='lat' dir='ltr'><strong>simul</strong></span> <span class='ocrx_word' id='word_1_552' title='bbox 1308 3496 1443 3579; x_wconf 77' lang='lat' dir='ltr'><strong>perdunt?</strong></span> <span class='ocrx_word' id='word_1_553' title='bbox 1453 3499 1495 3556; x_wconf 90' lang='lat' dir='ltr'><strong>lta</strong></span> <span class='ocrx_word' id='word_1_554' title='bbox 1507 3510 1533 3557; x_wconf 90' lang='lat' dir='ltr'><strong>et</strong></span> <span class='ocrx_word' id='word_1_555' title='bbox 1546 3498 1638 3558; x_wconf 88' lang='lat' dir='ltr'><strong>cibus:</strong></span> 
     </span>
     <span class='ocr_line' id='line_1_45' title="bbox 897 3589 1640 3675; baseline -0.004 -22"><span class='ocrx_word' id='word_1_556' title='bbox 897 3595 919 3654; x_wconf 89' lang='lat' dir='ltr'><strong>si</strong></span> <span class='ocrx_word' id='word_1_557' title='bbox 929 3593 992 3675; x_wconf 90' lang='lat' dir='ltr'><strong>plus</strong></span> <span class='ocrx_word' id='word_1_558' title='bbox 1003 3614 1085 3671; x_wconf 89' lang='lat' dir='ltr'><strong>quam</strong></span> <span class='ocrx_word' id='word_1_559' title='bbox 1098 3590 1226 3670; x_wconf 93' lang='lat' dir='ltr'><strong>concoqui</strong></span> <span class='ocrx_word' id='word_1_560' title='bbox 1238 3589 1323 3672; x_wconf 87' lang='lat' dir='ltr'><strong>possit</strong></span> <span class='ocrx_word' id='word_1_561' title='bbox 1337 3590 1572 3666; x_wconf 87' lang='lat' dir='ltr'><strong>sumatur,morbis</strong></span> <span class='ocrx_word' id='word_1_562' title='bbox 1581 3612 1640 3652; x_wconf 86' lang='lat' dir='ltr'><strong>cor-</strong></span> 
     </span>
     <span class='ocr_line' id='line_1_46' title="bbox 896 3681 1640 3767; baseline 0 -23"><span class='ocrx_word' id='word_1_563' title='bbox 896 3707 948 3767; x_wconf 92' lang='lat' dir='ltr'><strong>pus</strong></span> <span class='ocrx_word' id='word_1_564' title='bbox 962 3686 1077 3745; x_wconf 79' lang='lat' dir='ltr'><strong>infestat.</strong></span> <span class='ocrx_word' id='word_1_565' title='bbox 1093 3684 1173 3744; x_wconf 90' lang='lat' dir='ltr'><strong>Unde</strong></span> <span class='ocrx_word' id='word_1_566' title='bbox 1185 3704 1301 3760; x_wconf 88' lang='lat' dir='ltr'><strong>namque</strong></span> <span class='ocrx_word' id='word_1_567' title='bbox 1320 3682 1465 3764; x_wconf 72' lang='lat' dir='ltr'><strong>podagrae?</strong></span> <span class='ocrx_word' id='word_1_568' title='bbox 1479 3681 1550 3742; x_wconf 91' lang='lat' dir='ltr'><strong>unde</strong></span> <span class='ocrx_word' id='word_1_569' title='bbox 1560 3706 1640 3764; x_wconf 77' lang='lat' dir='ltr'><strong>para·</strong></span> 
     </span>
     <span class='ocr_line' id='line_1_47' title="bbox 896 3776 1640 3858; baseline 0.003 -21"><span class='ocrx_word' id='word_1_570' title='bbox 896 3778 964 3858; x_wconf 78' lang='lat' dir='ltr'><strong>lysis</strong></span> <span class='ocrx_word' id='word_1_571' title='bbox 981 3792 1006 3837; x_wconf 91' lang='lat' dir='ltr'><strong>et</strong></span> <span class='ocrx_word' id='word_1_572' title='bbox 1027 3777 1139 3858; x_wconf 85' lang='lat' dir='ltr'><strong>agitatio</strong></span> <span class='ocrx_word' id='word_1_573' title='bbox 1160 3776 1298 3856; x_wconf 82' lang='lat' dir='ltr'><strong>corporis?</strong></span> <span class='ocrx_word' id='word_1_574' title='bbox 1311 3797 1399 3835; x_wconf 93' lang='lat' dir='ltr'><strong>annon</strong></span> <span class='ocrx_word' id='word_1_575' title='bbox 1414 3797 1448 3835; x_wconf 77' lang='lat' dir='ltr'><strong>ex</strong></span> <span class='ocrx_word' id='word_1_576' title='bbox 1464 3776 1640 3839; x_wconf 89' lang='lat' dir='ltr'><strong>immoderato</strong></span> 
     </span>
     <span class='ocr_line' id='line_1_48' title="bbox 896 3868 1640 3949; baseline 0.003 -19"><span class='ocrx_word' id='word_1_577' title='bbox 896 3871 982 3931; x_wconf 80' lang='lat' dir='ltr'><strong>cibo?</strong></span> <span class='ocrx_word' id='word_1_578' title='bbox 998 3872 1102 3929; x_wconf 85' lang='lat' dir='ltr'><strong>Rursus</strong></span> <span class='ocrx_word' id='word_1_579' title='bbox 1125 3869 1153 3929; x_wconf 93' lang='lat' dir='ltr'><strong>in</strong></span> <span class='ocrx_word' id='word_1_580' title='bbox 1169 3891 1280 3949; x_wconf 90' lang='lat' dir='ltr'><strong>corpore</strong></span> <span class='ocrx_word' id='word_1_581' title='bbox 1292 3868 1315 3928; x_wconf 91' lang='lat' dir='ltr'><strong>si</strong></span> <span class='ocrx_word' id='word_1_582' title='bbox 1328 3870 1390 3949; x_wconf 87' lang='lat' dir='ltr'><strong>plus</strong></span> <span class='ocrx_word' id='word_1_583' title='bbox 1405 3869 1469 3929; x_wconf 83' lang='lat' dir='ltr'><strong>velit</strong></span> <span class='ocrx_word' id='word_1_584' title='bbox 1488 3870 1583 3930; x_wconf 89' lang='lat' dir='ltr'><strong>oculus</strong></span> <span class='ocrx_word' id='word_1_585' title='bbox 1595 3892 1640 3932; x_wconf 86' lang='lat' dir='ltr'><strong>ao-</strong></span> 
     </span>
     <span class='ocr_line' id='line_1_49' title="bbox 897 3961 1640 4044; baseline 0.001 -21"><span class='ocrx_word' id='word_1_586' title='bbox 897 3967 996 4044; x_wconf 88' lang='lat' dir='ltr'><strong>cipere,</strong></span> <span class='ocrx_word' id='word_1_587' title='bbox 1012 3977 1037 4022; x_wconf 93' lang='lat' dir='ltr'><strong>et</strong></span> <span class='ocrx_word' id='word_1_588' title='bbox 1051 3962 1113 4043; x_wconf 90' lang='lat' dir='ltr'><strong>plus</strong></span> <span class='ocrx_word' id='word_1_589' title='bbox 1128 3961 1223 4021; x_wconf 83' lang='lat' dir='ltr'><strong>ridere</strong></span> <span class='ocrx_word' id='word_1_590' title='bbox 1237 3983 1319 4039; x_wconf 89' lang='lat' dir='ltr'><strong>quarn</strong></span> <span class='ocrx_word' id='word_1_591' title='bbox 1340 3962 1484 4021; x_wconf 82' lang='lat' dir='ltr'><strong>definitum</strong></span> <span class='ocrx_word' id='word_1_592' title='bbox 1496 3963 1543 4041; x_wconf 89' lang='lat' dir='ltr'><strong>sit,</strong></span> <span class='ocrx_word' id='word_1_593' title='bbox 1557 3965 1602 4024; x_wconf 79' lang='lat' dir='ltr'><strong>vel</strong></span> <span class='ocrx_word' id='word_1_594' title='bbox 1615 3964 1640 4024; x_wconf 89' lang='lat' dir='ltr'><strong>si</strong></span> 
     </span>
     <span class='ocr_line' id='line_1_50' title="bbox 899 4055 1640 4137; baseline 0.001 -21"><span class='ocrx_word' id='word_1_595' title='bbox 899 4059 1026 4137; x_wconf 84' lang='lat' dir='ltr'><strong>majorem</strong></span> <span class='ocrx_word' id='word_1_596' title='bbox 1047 4056 1160 4136; x_wconf 87' lang='lat' dir='ltr'><strong>accipiat</strong></span> <span class='ocrx_word' id='word_1_597' title='bbox 1183 4056 1271 4114; x_wconf 87' lang='lat' dir='ltr'><strong>lucem</strong></span> <span class='ocrx_word' id='word_1_598' title='bbox 1280 4078 1289 4132; x_wconf 78' lang='lat'>5</span> <span class='ocrx_word' id='word_1_599' title='bbox 1304 4055 1380 4133; x_wconf 90' lang='lat' dir='ltr'><strong>quod</strong></span> <span class='ocrx_word' id='word_1_600' title='bbox 1392 4076 1474 4136; x_wconf 89' lang='lat' dir='ltr'><strong>supra</strong></span> <span class='ocrx_word' id='word_1_601' title='bbox 1487 4076 1640 4117; x_wconf 88' lang='lat' dir='ltr'><strong>mensuram</strong></span> 
     </span>
    </p>
   </div>
   <div class='ocr_carea' id='block_1_7' title="bbox 69 4139 1641 4229">
    <p class='ocr_par' dir='ltr' id='par_1_7' title="bbox 69 4139 1641 4229">
     <span class='ocr_line' id='line_1_51' title="bbox 69 4139 1641 4229; baseline 0.001 -20"><span class='ocrx_word' id='word_1_602' title='bbox 69 4170 143 4229; x_wconf 84' lang='grc' dir='ltr'>τρον.</span> <span class='ocrx_word' id='word_1_603' title='bbox 164 4142 199 4204; x_wconf 78' lang='lat' dir='ltr'><strong>El</strong></span> <span class='ocrx_word' id='word_1_604' title='bbox 216 4143 243 4203; x_wconf 76' lang='grc' dir='ltr'><strong>ὅθ</strong></span> <span class='ocrx_word' id='word_1_605' title='bbox 257 4143 317 4202; x_wconf 77' lang='grc' dir='ltr'>ἔνθα</span> <span class='ocrx_word' id='word_1_606' title='bbox 332 4141 427 4218; x_wconf 62' lang='grc' dir='ltr'>ἀγαθόν</span> <span class='ocrx_word' id='word_1_607' title='bbox 444 4165 471 4199; x_wconf 67' lang='lat' dir='ltr'><strong>tt</strong></span> <span class='ocrx_word' id='word_1_608' title='bbox 485 4142 516 4201; x_wconf 69' lang='grc' dir='ltr'>τὸ</span> <span class='ocrx_word' id='word_1_609' title='bbox 528 4144 581 4221; x_wconf 65' lang='grc' dir='ltr'><strong>φῶς</strong></span> <span class='ocrx_word' id='word_1_610' title='bbox 596 4143 670 4214; x_wconf 61' lang='grc' dir='ltr'>ἔστι,</span> <span class='ocrx_word' id='word_1_611' title='bbox 685 4139 845 4223; x_wconf 67' lang='grc' dir='ltr'>θόφθαλμὸτ</span> <span class='ocrx_word' id='word_1_612' title='bbox 863 4159 881 4206; x_wconf 83' lang='lat' dir='ltr'>B</span> <span class='ocrx_word' id='word_1_613' title='bbox 899 4163 937 4208; x_wconf 89' lang='lat' dir='ltr'><strong>est</strong></span> <span class='ocrx_word' id='word_1_614' title='bbox 950 4149 1037 4228; x_wconf 88' lang='lat' dir='ltr'><strong>magis</strong></span> <span class='ocrx_word' id='word_1_615' title='bbox 1050 4161 1141 4223; x_wconf 93' lang='lat' dir='ltr'><strong>nocet,</strong></span> <span class='ocrx_word' id='word_1_616' title='bbox 1161 4167 1244 4226; x_wconf 90' lang='lat' dir='ltr'><strong>qnam</strong></span> <span class='ocrx_word' id='word_1_617' title='bbox 1262 4147 1354 4226; x_wconf 86' lang='lat' dir='ltr'><strong>prosit.</strong></span> <span class='ocrx_word' id='word_1_618' title='bbox 1367 4146 1397 4205; x_wconf 91' lang='lat' dir='ltr'><strong>Si</strong></span> <span class='ocrx_word' id='word_1_619' title='bbox 1413 4168 1496 4224; x_wconf 88' lang='lat' dir='ltr'><strong>vero,</strong></span> <span class='ocrx_word' id='word_1_620' title='bbox 1510 4170 1573 4208; x_wconf 88' lang='lat' dir='ltr'><strong>eum</strong></span> <span class='ocrx_word' id='word_1_621' title='bbox 1590 4150 1641 4210; x_wconf 81' lang='lat' dir='ltr'><strong>lux</strong></span> 
     </span>
    </p>
   </div>
   <div class='ocr_carea' id='block_1_8' title="bbox 70 4229 846 4788">
    <p class='ocr_par' dir='ltr' id='par_1_8' title="bbox 70 4229 846 4788">
     <span class='ocr_line' id='line_1_52' title="bbox 70 4229 845 4318; baseline -0.004 -19"><span class='ocrx_word' id='word_1_622' title='bbox 70 4244 96 4300; x_wconf 88' lang='grc' dir='ltr'>εί</span> <span class='ocrx_word' id='word_1_623' title='bbox 111 4239 191 4300; x_wconf 76' lang='grc' dir='ltr'>πλέον</span> <span class='ocrx_word' id='word_1_624' title='bbox 206 4238 269 4297; x_wconf 84' lang='grc' dir='ltr'>ίδεῖν</span> <span class='ocrx_word' id='word_1_625' title='bbox 282 4236 414 4308; x_wconf 78' lang='grc' dir='ltr'>θελήσειεν</span> <span class='ocrx_word' id='word_1_626' title='bbox 430 4231 592 4293; x_wconf 82' lang='grc' dir='ltr'>ἀπόλλυται·</span> <span class='ocrx_word' id='word_1_627' title='bbox 609 4229 671 4293; x_wconf 81' lang='grc' dir='ltr'>ὅταν</span> <span class='ocrx_word' id='word_1_628' title='bbox 692 4237 845 4318; x_wconf 84' lang='grc' dir='ltr'>λαμπρότε-</span> 
     </span>
     <span class='ocr_line' id='line_1_53' title="bbox 73 4322 845 4413; baseline -0.005 -22"><span class='ocrx_word' id='word_1_629' title='bbox 73 4356 118 4413; x_wconf 89' lang='grc' dir='ltr'>ρον</span> <span class='ocrx_word' id='word_1_630' title='bbox 133 4332 193 4408; x_wconf 61' lang='lat' dir='ltr'><strong>tog,</strong></span> <span class='ocrx_word' id='word_1_631' title='bbox 210 4329 331 4402; x_wconf 80' lang='grc' dir='ltr'>ἐννόησον</span> <span class='ocrx_word' id='word_1_632' title='bbox 345 4326 389 4385; x_wconf 79' lang='grc' dir='ltr'>ἐπί</span> <span class='ocrx_word' id='word_1_633' title='bbox 402 4333 448 4385; x_wconf 80' lang='grc' dir='ltr'><strong>τοῦ</strong></span> <span class='ocrx_word' id='word_1_634' title='bbox 462 4331 554 4386; x_wconf 82' lang='grc' dir='ltr'>κακοῦ.</span> <span class='ocrx_word' id='word_1_635' title='bbox 568 4325 602 4385; x_wconf 88' lang='lat' dir='ltr'><strong>‘ll</strong></span> <span class='ocrx_word' id='word_1_636' title='bbox 615 4323 681 4400; x_wconf 80' lang='grc' dir='ltr'>άκοὴ</span> <span class='ocrx_word' id='word_1_637' title='bbox 697 4322 742 4387; x_wconf 73' lang='lat' dir='ltr'><strong>tao</strong></span> <span class='ocrx_word' id='word_1_638' title='bbox 758 4331 845 4410; x_wconf 74' lang='grc' dir='ltr'>μεγαί-</span> 
     </span>
     <span class='ocr_line' id='line_1_54' title="bbox 70 4417 846 4501; baseline 0.001 -18"><span class='ocrx_word' id='word_1_639' title='bbox 70 4428 122 4497; x_wconf 85' lang='grc' dir='ltr'>λην</span> <span class='ocrx_word' id='word_1_640' title='bbox 136 4423 243 4496; x_wconf 72' lang='grc' dir='ltr'>δέξηται</span> <span class='ocrx_word' id='word_1_641' title='bbox 256 4418 355 4501; x_wconf 75' lang='grc' dir='ltr'>φωνὴν,</span> <span class='ocrx_word' id='word_1_642' title='bbox 372 4417 570 4490; x_wconf 79' lang='grc' dir='ltr'>ἀπόπληκτοςή</span> <span class='ocrx_word' id='word_1_643' title='bbox 586 4419 687 4478; x_wconf 79' lang='grc' dir='ltr'>διάνοια</span> <span class='ocrx_word' id='word_1_644' title='bbox 702 4419 816 4500; x_wconf 76' lang='grc' dir='ltr'>γίνεται·</span> <span class='ocrx_word' id='word_1_645' title='bbox 831 4428 846 4484; x_wconf 81' lang='grc' dir='ltr'>ὁ</span> 
     </span>
     <span class='ocr_line' id='line_1_55' title="bbox 71 4509 845 4590; baseline -0.003 -15"><span class='ocrx_word' id='word_1_646' title='bbox 71 4524 130 4582; x_wconf 79' lang='grc' dir='ltr'>νοῦς</span> <span class='ocrx_word' id='word_1_647' title='bbox 151 4512 257 4574; x_wconf 76' lang='grc' dir='ltr'>ἔπτιδίιν</span> <span class='ocrx_word' id='word_1_648' title='bbox 271 4511 305 4570; x_wconf 68' lang='grc' dir='ltr'><strong>τὰ</strong></span> <span class='ocrx_word' id='word_1_649' title='bbox 327 4509 393 4590; x_wconf 74' lang='grc' dir='ltr'>ὑπὲρ</span> <span class='ocrx_word' id='word_1_650' title='bbox 413 4511 505 4570; x_wconf 73' lang='grc' dir='ltr'>ἑαυτὸν</span> <span class='ocrx_word' id='word_1_651' title='bbox 526 4509 682 4590; x_wconf 76' lang='grc' dir='ltr'>λογίσηται,</span> <span class='ocrx_word' id='word_1_652' title='bbox 699 4511 845 4584; x_wconf 69' lang='grc' dir='ltr'>ἐκπλήττε-</span> 
     </span>
     <span class='ocr_line' id='line_1_56' title="bbox 70 4601 845 4686; baseline -0.006 -20"><span class='ocrx_word' id='word_1_653' title='bbox 70 4632 134 4679; x_wconf 85' lang='grc' dir='ltr'>ται,</span> <span class='ocrx_word' id='word_1_654' title='bbox 151 4605 197 4665; x_wconf 85' lang='grc' dir='ltr'>ιιαί</span> <span class='ocrx_word' id='word_1_655' title='bbox 214 4604 279 4686; x_wconf 77' lang='grc' dir='ltr'>ὅπερ</span> <span class='ocrx_word' id='word_1_656' title='bbox 301 4602 332 4663; x_wconf 83' lang='grc' dir='ltr'>όιν</span> <span class='ocrx_word' id='word_1_657' title='bbox 345 4601 425 4661; x_wconf 79' lang='grc' dir='ltr'>πλέον</span> <span class='ocrx_word' id='word_1_658' title='bbox 448 4605 493 4659; x_wconf 77' lang='grc' dir='ltr'><strong>τοῦ</strong></span> <span class='ocrx_word' id='word_1_659' title='bbox 509 4601 609 4668; x_wconf 82' lang='grc' dir='ltr'>δέοντος</span> <span class='ocrx_word' id='word_1_660' title='bbox 622 4601 745 4679; x_wconf 79' lang='grc' dir='ltr'>γένηται,</span> <span class='ocrx_word' id='word_1_661' title='bbox 759 4626 845 4686; x_wconf 85' lang='grc' dir='ltr'>παρα-</span> 
     </span>
     <span class='ocr_line' id='line_1_57' title="bbox 70 4701 846 4788; baseline -0.005 -18"><span class='ocrx_word' id='word_1_662' title='bbox 70 4711 197 4770; x_wconf 84' lang='grc' dir='ltr'>πολλυσι.</span> <span class='ocrx_word' id='word_1_663' title='bbox 209 4710 297 4767; x_wconf 79' lang='grc' dir='ltr'>Τοῦτο</span> <span class='ocrx_word' id='word_1_664' title='bbox 307 4705 359 4785; x_wconf 73' lang='grc' dir='ltr'><strong>γὰρ</strong></span> <span class='ocrx_word' id='word_1_665' title='bbox 376 4702 528 4776; x_wconf 79' lang='grc' dir='ltr'>πλεονεξία,</span> <span class='ocrx_word' id='word_1_666' title='bbox 542 4703 621 4762; x_wconf 86' lang='grc' dir='ltr'>πλέον</span> <span class='ocrx_word' id='word_1_667' title='bbox 633 4704 704 4784; x_wconf 77' lang='grc' dir='ltr'>ἔχειν</span> <span class='ocrx_word' id='word_1_668' title='bbox 717 4701 763 4766; x_wconf 79' lang='lat' dir='ltr'><strong>roi‘i</strong></span> <span class='ocrx_word' id='word_1_669' title='bbox 781 4709 846 4788; x_wconf 81' lang='grc' dir='ltr'>ὡρι-</span> 
     </span>
    </p>
   </div>
   <div class='ocr_carea' id='block_1_9' title="bbox 899 4239 1644 4788">
    <p class='ocr_par' dir='ltr' id='par_1_9' title="bbox 899 4239 1644 4788">
     <span class='ocr_line' id='line_1_58' title="bbox 900 4239 1640 4322; baseline 0.004 -21"><span class='ocrx_word' id='word_1_670' title='bbox 900 4240 1130 4318; x_wconf 84' lang='lat' dir='ltr'><strong>bonasit‚oculns,</strong></span> <span class='ocrx_word' id='word_1_671' title='bbox 1141 4240 1187 4318; x_wconf 91' lang='lat' dir='ltr'><strong>qni</strong></span> <span class='ocrx_word' id='word_1_672' title='bbox 1196 4239 1258 4320; x_wconf 89' lang='lat' dir='ltr'><strong>plus</strong></span> <span class='ocrx_word' id='word_1_673' title='bbox 1271 4260 1353 4317; x_wconf 90' lang='lat' dir='ltr'><strong>quam</strong></span> <span class='ocrx_word' id='word_1_674' title='bbox 1364 4261 1415 4320; x_wconf 89' lang='lat' dir='ltr'><strong>par</strong></span> <span class='ocrx_word' id='word_1_675' title='bbox 1424 4241 1459 4299; x_wconf 92' lang='lat' dir='ltr'><strong>sit</strong></span> <span class='ocrx_word' id='word_1_676' title='bbox 1467 4242 1528 4302; x_wconf 87' lang='lat' dir='ltr'><strong>vult</strong></span> <span class='ocrx_word' id='word_1_677' title='bbox 1536 4243 1640 4322; x_wconf 84' lang='lat' dir='ltr'><strong>videre,</strong></span> 
     </span>
     <span class='ocr_line' id='line_1_59' title="bbox 900 4331 1641 4417; baseline 0.004 -24"><span class='ocrx_word' id='word_1_678' title='bbox 900 4333 1103 4415; x_wconf 76' lang='lat' dir='ltr'><strong>peritzquando</strong></span> <span class='ocrx_word' id='word_1_679' title='bbox 1126 4331 1195 4411; x_wconf 92' lang='lat' dir='ltr'><strong>quid</strong></span> <span class='ocrx_word' id='word_1_680' title='bbox 1217 4331 1387 4412; x_wconf 90' lang='lat' dir='ltr'><strong>splendidius</strong></span> <span class='ocrx_word' id='word_1_681' title='bbox 1409 4333 1529 4415; x_wconf 86' lang='lat' dir='ltr'><strong>respicit,</strong></span> <span class='ocrx_word' id='word_1_682' title='bbox 1554 4337 1641 4417; x_wconf 88' lang='lat' dir='ltr'><strong>cogita</strong></span> 
     </span>
     <span class='ocr_line' id='line_1_60' title="bbox 899 4423 1643 4510; baseline 0.012 -30"><span class='ocrx_word' id='word_1_683' title='bbox 899 4441 1029 4506; x_wconf 86' lang='lat' dir='ltr'><strong>qnantum</strong></span> <span class='ocrx_word' id='word_1_684' title='bbox 1041 4425 1076 4485; x_wconf 89' lang='lat' dir='ltr'><strong>sit</strong></span> <span class='ocrx_word' id='word_1_685' title='bbox 1090 4424 1203 4484; x_wconf 91' lang='lat' dir='ltr'><strong>malurn.</strong></span> <span class='ocrx_word' id='word_1_686' title='bbox 1216 4423 1333 4483; x_wconf 81' lang='lat' dir='ltr'><strong>Auditus</strong></span> <span class='ocrx_word' id='word_1_687' title='bbox 1347 4424 1368 4483; x_wconf 90' lang='lat' dir='ltr'><strong>si</strong></span> <span class='ocrx_word' id='word_1_688' title='bbox 1384 4446 1510 4505; x_wconf 90' lang='lat' dir='ltr'><strong>magnam</strong></span> <span class='ocrx_word' id='word_1_689' title='bbox 1525 4428 1643 4510; x_wconf 80' lang='lat' dir='ltr'><strong>excipiat</strong></span> 
     </span>
     <span class='ocr_line' id='line_1_61' title="bbox 899 4517 1642 4601; baseline 0.001 -22"><span class='ocrx_word' id='word_1_690' title='bbox 899 4541 1003 4595; x_wconf 84' lang='lat' dir='ltr'><strong>vocem,</strong></span> <span class='ocrx_word' id='word_1_691' title='bbox 1017 4540 1090 4577; x_wconf 89' lang='lat' dir='ltr'><strong>mens</strong></span> <span class='ocrx_word' id='word_1_692' title='bbox 1103 4517 1276 4599; x_wconf 87' lang='lat' dir='ltr'><strong>percellitur:</strong></span> <span class='ocrx_word' id='word_1_693' title='bbox 1288 4538 1363 4576; x_wconf 89' lang='lat' dir='ltr'><strong>mens</strong></span> <span class='ocrx_word' id='word_1_694' title='bbox 1376 4518 1400 4576; x_wconf 92' lang='lat' dir='ltr'><strong>si</strong></span> <span class='ocrx_word' id='word_1_695' title='bbox 1411 4540 1441 4577; x_wconf 87' lang='lat' dir='ltr'><strong>ea</strong></span> <span class='ocrx_word' id='word_1_696' title='bbox 1452 4540 1511 4598; x_wconf 78' lang='lat' dir='ltr'><strong>quae</strong></span> <span class='ocrx_word' id='word_1_697' title='bbox 1523 4540 1551 4579; x_wconf 89' lang='lat' dir='ltr'><strong>se</strong></span> <span class='ocrx_word' id='word_1_698' title='bbox 1564 4541 1642 4601; x_wconf 90' lang='lat' dir='ltr'><strong>supe·</strong></span> 
     </span>
     <span class='ocr_line' id='line_1_62' title="bbox 900 4609 1644 4692; baseline 0.001 -20"><span class='ocrx_word' id='word_1_699' title='bbox 900 4627 962 4672; x_wconf 89' lang='lat' dir='ltr'><strong>rant</strong></span> <span class='ocrx_word' id='word_1_700' title='bbox 981 4612 1090 4692; x_wconf 84' lang='lat' dir='ltr'><strong>cogitet,</strong></span> <span class='ocrx_word' id='word_1_701' title='bbox 1103 4610 1215 4670; x_wconf 90' lang='lat' dir='ltr'><strong>attonita</strong></span> <span class='ocrx_word' id='word_1_702' title='bbox 1229 4624 1279 4687; x_wconf 86' lang='lat' dir='ltr'><strong>est,</strong></span> <span class='ocrx_word' id='word_1_703' title='bbox 1294 4623 1321 4670; x_wconf 90' lang='lat' dir='ltr'><strong>et</strong></span> <span class='ocrx_word' id='word_1_704' title='bbox 1334 4609 1363 4669; x_wconf 91' lang='lat' dir='ltr'><strong>id</strong></span> <span class='ocrx_word' id='word_1_705' title='bbox 1376 4611 1449 4691; x_wconf 91' lang='lat' dir='ltr'><strong>quod</strong></span> <span class='ocrx_word' id='word_1_706' title='bbox 1471 4611 1580 4671; x_wconf 87' lang='lat' dir='ltr'><strong>modum</strong></span> <span class='ocrx_word' id='word_1_707' title='bbox 1596 4628 1644 4673; x_wconf 78' lang='lat' dir='ltr'><strong>ex-</strong></span> 
     </span>
     <span class='ocr_line' id='line_1_63' title="bbox 901 4703 1644 4788; baseline 0 -22"><span class='ocrx_word' id='word_1_708' title='bbox 901 4719 1009 4788; x_wconf 91' lang='lat' dir='ltr'><strong>superat</strong></span> <span class='ocrx_word' id='word_1_709' title='bbox 1019 4703 1118 4787; x_wconf 86' lang='lat' dir='ltr'><strong>perdit.</strong></span> <span class='ocrx_word' id='word_1_710' title='bbox 1132 4703 1191 4763; x_wconf 90' lang='lat' dir='ltr'><strong>Hoc</strong></span> <span class='ocrx_word' id='word_1_711' title='bbox 1205 4717 1244 4762; x_wconf 86' lang='lat' dir='ltr'><strong>est</strong></span> <span class='ocrx_word' id='word_1_712' title='bbox 1258 4704 1330 4763; x_wconf 88' lang='lat' dir='ltr'><strong>enim</strong></span> <span class='ocrx_word' id='word_1_713' title='bbox 1340 4704 1454 4763; x_wconf 83' lang='lat' dir='ltr'><strong>avaritia</strong></span> <span class='ocrx_word' id='word_1_714' title='bbox 1471 4725 1552 4781; x_wconf 90' lang='lat' dir='ltr'><strong>quam</strong></span> <span class='ocrx_word' id='word_1_715' title='bbox 1564 4707 1644 4765; x_wconf 68' lang='lat' dir='ltr'><strong>aleo«</strong></span> 
     </span>
    </p>
   </div>
   <div class='ocr_carea' id='block_1_10' title="bbox 107 4894 1439 4964">
    <p class='ocr_par' dir='ltr' id='par_1_10' title="bbox 107 4894 1439 4964">
     <span class='ocr_line' id='line_1_64' title="bbox 107 4894 1439 4964; baseline -0.003 -17"><span class='ocrx_word' id='word_1_716' title='bbox 107 4895 244 4962; x_wconf 78' lang='lat' dir='ltr'><strong>bQuidam</strong></span> <span class='ocrx_word' id='word_1_717' title='bbox 262 4902 355 4964; x_wconf 67' lang='lat' dir='ltr'><strong>lfimt.</strong></span> <span class='ocrx_word' id='word_1_718' title='bbox 371 4903 390 4947; x_wconf 84' lang='grc' dir='ltr'><strong>τί</strong></span> <span class='ocrx_word' id='word_1_719' title='bbox 401 4902 446 4963; x_wconf 75' lang='grc' dir='ltr'><strong>γὰρ</strong></span> <span class='ocrx_word' id='word_1_720' title='bbox 457 4900 590 4961; x_wconf 75' lang='grc' dir='ltr'>βουληθῇ...</span> <span class='ocrx_word' id='word_1_721' title='bbox 607 4901 695 4949; x_wconf 70' lang='grc' dir='ltr'>λαθέτω</span> <span class='ocrx_word' id='word_1_722' title='bbox 713 4904 751 4949; x_wconf 74' lang='lat' dir='ltr'><strong>tiu</strong></span> <span class='ocrx_word' id='word_1_723' title='bbox 767 4902 836 4951; x_wconf 81' lang='grc' dir='ltr'>ἀλλί·</span> <span class='ocrx_word' id='word_1_724' title='bbox 886 4905 968 4950; x_wconf 79' lang='grc' dir='ltr'>ίκιίνου</span> <span class='ocrx_word' id='word_1_725' title='bbox 980 4904 994 4956; x_wconf 77' lang='grc' dir='ltr'><strong>ἡ</strong></span> <span class='ocrx_word' id='word_1_726' title='bbox 1006 4902 1078 4964; x_wconf 60' lang='lat' dir='ltr'><strong>palm</strong></span> <span class='ocrx_word' id='word_1_727' title='bbox 1092 4901 1159 4950; x_wconf 75' lang='grc' dir='ltr'>πάλιν</span> <span class='ocrx_word' id='word_1_728' title='bbox 1171 4899 1308 4963; x_wconf 76' lang='grc' dir='ltr'>εθρυχωρίαν</span> <span class='ocrx_word' id='word_1_729' title='bbox 1321 4894 1439 4957; x_wconf 52' lang='lat' dir='ltr'><strong>tertiam]</strong></span> 
     </span>
    </p>
   </div>
   <div class='ocr_carea' id='block_1_11' title="bbox 70 5001 145 5052">
    <p class='ocr_par' dir='ltr' id='par_1_11' title="bbox 70 5001 145 5052">
     <span class='ocr_line' id='line_1_65' title="bbox 70 5001 145 5052; baseline 0.013 -20"><span class='ocrx_word' id='word_1_730' title='bbox 70 5001 145 5052; x_wconf 63' lang='lat' dir='ltr'><strong>fpm·</strong></span> 
     </span>
    </p>
   </div>
   <div class='ocr_carea' id='block_1_12' title="bbox 922 4972 1646 5040">
    <p class='ocr_par' dir='ltr' id='par_1_12' title="bbox 922 4972 1646 5040">
     <span class='ocr_line' id='line_1_66' title="bbox 922 4972 1646 5040; baseline 0.001 -13"><span class='ocrx_word' id='word_1_731' title='bbox 922 4976 934 5000; x_wconf 78' lang='lat'>⁸</span> <span class='ocrx_word' id='word_1_732' title='bbox 946 4975 1037 5040; x_wconf 68' lang='grc' dir='ltr'>[ἑαυτὸν</span> <span class='ocrx_word' id='word_1_733' title='bbox 1056 4991 1102 5039; x_wconf 85' lang='lat' dir='ltr'><strong>pro</strong></span> <span class='ocrx_word' id='word_1_734' title='bbox 1113 4979 1184 5025; x_wconf 81' lang='grc' dir='ltr'>ίαοτά</span> <span class='ocrx_word' id='word_1_735' title='bbox 1202 4973 1340 5035; x_wconf 80' lang='lat' dir='ltr'><strong>recepimus</strong></span> <span class='ocrx_word' id='word_1_736' title='bbox 1351 4986 1365 5020; x_wconf 92' lang='lat' dir='ltr'><strong>c</strong></span> <span class='ocrx_word' id='word_1_737' title='bbox 1376 4973 1406 5025; x_wconf 90' lang='lat' dir='ltr'><strong>D.</strong></span> <span class='ocrx_word' id='word_1_738' title='bbox 1419 4972 1509 5024; x_wconf 86' lang='lat' dir='ltr'><strong>DuoB.</strong></span> <span class='ocrx_word' id='word_1_739' title='bbox 1519 4973 1548 5028; x_wconf 89' lang='lat' dir='ltr'><strong>C.</strong></span> <span class='ocrx_word' id='word_1_740' title='bbox 1559 4974 1594 5026; x_wconf 89' lang='lat' dir='ltr'><strong>ita</strong></span> <span class='ocrx_word' id='word_1_741' title='bbox 1602 4994 1646 5028; x_wconf 88' lang='lat' dir='ltr'><strong>ne-</strong></span> 
     </span>
    </p>
   </div>
   <div class='ocr_carea' id='block_1_13' title="bbox 74 5049 1645 5208">
    <p class='ocr_par' dir='ltr' id='par_1_13' title="bbox 74 5049 1645 5208">
     <span class='ocr_line' id='line_1_67' title="bbox 106 5049 1645 5128; baseline -0.002 -22"><span class='ocrx_word' id='word_1_742' title='bbox 106 5073 117 5098; x_wconf 66' lang='lat' dir='ltr'>t</span> <span class='ocrx_word' id='word_1_743' title='bbox 129 5057 176 5123; x_wconf 87' lang='lat' dir='ltr'><strong>[B.</strong></span> <span class='ocrx_word' id='word_1_744' title='bbox 189 5055 221 5111; x_wconf 86' lang='lat' dir='ltr'><strong>C.</strong></span> <span class='ocrx_word' id='word_1_745' title='bbox 238 5061 266 5107; x_wconf 76' lang='grc' dir='ltr'><strong>τί</strong></span> <span class='ocrx_word' id='word_1_746' title='bbox 282 5055 349 5122; x_wconf 75' lang='grc' dir='ltr'>ὑγρόν</span> <span class='ocrx_word' id='word_1_747' title='bbox 361 5058 387 5104; x_wconf 79' lang='grc' dir='ltr'><strong>τὸ</strong></span> <span class='ocrx_word' id='word_1_748' title='bbox 399 5057 422 5102; x_wconf 76' lang='lat' dir='ltr'><strong>lo</strong></span> <span class='ocrx_word' id='word_1_749' title='bbox 434 5056 488 5112; x_wconf 79' lang='grc' dir='ltr'>ἡμῖν</span> <span class='ocrx_word' id='word_1_750' title='bbox 500 5060 574 5104; x_wconf 81' lang='grc' dir='ltr'>πάντα</span> <span class='ocrx_word' id='word_1_751' title='bbox 586 5056 717 5121; x_wconf 82' lang='grc' dir='ltr'>πίηροὺτω,</span> <span class='ocrx_word' id='word_1_752' title='bbox 730 5058 778 5119; x_wconf 74' lang='grc' dir='ltr'>οὐχὶ</span> <span class='ocrx_word' id='word_1_753' title='bbox 790 5057 839 5105; x_wconf 74' lang='lat' dir='ltr'><strong>tte·</strong></span> <span class='ocrx_word' id='word_1_754' title='bbox 888 5064 961 5103; x_wconf 88' lang='lat' dir='ltr'><strong>ctunt</strong></span> <span class='ocrx_word' id='word_1_755' title='bbox 973 5049 1050 5102; x_wconf 82' lang='lat' dir='ltr'><strong>rerba</strong></span> <span class='ocrx_word' id='word_1_756' title='bbox 1059 5069 1064 5099; x_wconf 90' lang='lat'>:</span> <span class='ocrx_word' id='word_1_757' title='bbox 1074 5057 1135 5104; x_wconf 71' lang='grc' dir='ltr'><strong>ἀλλὰ</strong></span> <span class='ocrx_word' id='word_1_758' title='bbox 1146 5059 1229 5123; x_wconf 81' lang='grc' dir='ltr'>πάντα,</span> <span class='ocrx_word' id='word_1_759' title='bbox 1237 5056 1274 5100; x_wconf 73' lang='grc' dir='ltr'>ἰὰν</span> <span class='ocrx_word' id='word_1_760' title='bbox 1285 5053 1371 5118; x_wconf 80' lang='grc' dir='ltr'>ίιαιρθῇ</span> <span class='ocrx_word' id='word_1_761' title='bbox 1383 5058 1409 5102; x_wconf 75' lang='grc' dir='ltr'><strong>τί</strong></span> <span class='ocrx_word' id='word_1_762' title='bbox 1420 5056 1553 5121; x_wconf 75' lang='grc' dir='ltr'>μίτρον...ἡ</span> <span class='ocrx_word' id='word_1_763' title='bbox 1563 5069 1645 5128; x_wconf 60' lang='grc' dir='ltr'>γραφη,</span> 
     </span>
     <span class='ocr_line' id='line_1_68' title="bbox 74 5126 1537 5208; baseline -0.007 -18"><span class='ocrx_word' id='word_1_764' title='bbox 74 5161 114 5208; x_wconf 76' lang='grc' dir='ltr'><strong>ρος</strong></span> <span class='ocrx_word' id='word_1_765' title='bbox 131 5143 199 5189; x_wconf 80' lang='grc' dir='ltr'>τοῦτό</span> <span class='ocrx_word' id='word_1_766' title='bbox 219 5139 267 5185; x_wconf 85' lang='grc' dir='ltr'>ίστι</span> <span class='ocrx_word' id='word_1_767' title='bbox 285 5137 323 5182; x_wconf 78' lang='grc' dir='ltr'><strong>καί</strong></span> <span class='ocrx_word' id='word_1_768' title='bbox 343 5133 468 5196; x_wconf 69' lang='grc' dir='ltr'>ποίαλγία,</span> <span class='ocrx_word' id='word_1_769' title='bbox 482 5135 530 5196; x_wconf 78' lang='grc' dir='ltr'>οὐχί</span> <span class='ocrx_word' id='word_1_770' title='bbox 548 5134 627 5184; x_wconf 73' lang='grc' dir='ltr'>ἑαυτὸν</span> <span class='ocrx_word' id='word_1_771' title='bbox 645 5139 769 5199; x_wconf 73' lang='grc' dir='ltr'>συνίρθιιρε</span> <span class='ocrx_word' id='word_1_772' title='bbox 787 5137 840 5198; x_wconf 79' lang='grc' dir='ltr'>μετ’</span> <span class='ocrx_word' id='word_1_773' title='bbox 892 5139 959 5186; x_wconf 82' lang='grc' dir='ltr'>πάλιν</span> <span class='ocrx_word' id='word_1_774' title='bbox 971 5139 993 5183; x_wconf 67' lang='lat' dir='ltr'><strong>tv</strong></span> <span class='ocrx_word' id='word_1_775' title='bbox 1005 5144 1037 5198; x_wconf 67' lang='grc' dir='ltr'><strong>τδρ</strong></span> <span class='ocrx_word' id='word_1_776' title='bbox 1050 5140 1147 5195; x_wconf 59' lang='grc' dir='ltr'>σώματι,</span> <span class='ocrx_word' id='word_1_777' title='bbox 1160 5126 1223 5177; x_wconf 82' lang='lat' dir='ltr'><strong>Vide</strong></span> <span class='ocrx_word' id='word_1_778' title='bbox 1235 5136 1322 5176; x_wconf 71' lang='lat' dir='ltr'><strong>tnuot.</strong></span> <span class='ocrx_word' id='word_1_779' title='bbox 1333 5126 1537 5198; x_wconf 63' lang='lat' dir='ltr'><strong>precedentem]</strong></span> 
     </span>
    </p>
   </div>
   <div class='ocr_carea' id='block_1_14' title="bbox 239 5231 375 5269">
    <p class='ocr_par' dir='ltr' id='par_1_14' title="bbox 239 5231 375 5269">
     <span class='ocr_line' id='line_1_69' title="bbox 239 5231 375 5269; baseline -0.015 0"><span class='ocrx_word' id='word_1_780' title='bbox 239 5232 311 5269; x_wconf 70' lang='lat' dir='ltr'><strong>TOM·</strong></span> <span class='ocrx_word' id='word_1_781' title='bbox 336 5231 375 5268; x_wconf 70' lang='lat' dir='ltr'><strong>lx.</strong></span> 
     </span>
    </p>
   </div>
   <div class='ocr_carea' id='block_1_15' title="bbox 1452 5210 1492 5268">
    <p class='ocr_par' dir='ltr' id='par_1_15' title="bbox 1452 5210 1492 5268">
     <span class='ocr_line' id='line_1_70' title="bbox 1452 5210 1492 5268; baseline 0.05 -2"><span class='ocrx_word' id='word_1_782' title='bbox 1452 5210 1492 5268; x_wconf 79' lang='lat'><strong>50</strong></span> 
     </span>
    </p>
   </div>
   <div class='ocr_carea' id='block_1_16' title="bbox 0 0 1870 5978">
    <p class='ocr_par' dir='ltr' id='par_1_16' title="bbox 0 0 1870 5978">
     <span class='ocr_line' id='line_1_71' title="bbox 0 0 1870 5978; baseline 0 0"><span class='ocrx_word' id='word_1_783' title='bbox 0 0 1870 5978; x_wconf 95' lang='lat' dir='ltr'><strong> </strong></span> 
     </span>
    </p>
   </div>
  </div>
 </body>
</html>
