3728 5978
555 490 589 537 ιιι
616 491 703 538 τιτι
731 487 985 537 ιιοιτυωιιυκ.
1015 487 1132 536 nouit.
1162 492 1219 539 ιιι.
1628 471 1702 568 439

129 609 303 691 περιλάμψαν
317 634 351 689 με
364 614 435 690 φῶς,
449 611 495 669 καὶ
507 612 566 680 τοὺς
575 612 622 671 σὸν
634 609 901 693 ἐμοί-πορευομένους.
956 613 989 667 in
1002 613 1056 668 via
1073 612 1139 669 vidi
1146 656 1157 684 ‚
1175 633 1248 687 rex,
1269 615 1306 672 de
1322 615 1395 674 coeio
1407 634 1498 694 supra
1516 615 1699 694 splendorem

130 702 245 762 Πάντων
261 701 289 763 δέ
303 703 507 763 καταπεσόντων
520 707 597 782 ἡμῶν
609 709 646 774 εἰς
662 705 711 778 τὸν
725 709 785 784 γῆν,
799 703 902 775 ἤκουσα
955 701 1027 760 solis
1041 705 1270 784 circumfulsisse
1290 728 1335 766 me
1351 708 1461 784 lumen,
1472 721 1499 768 et
1513 712 1622 790 eosqui
1637 730 1697 768 me-

130 792 221 875 φωνὴν
241 795 372 853 λαλοῦσαν
391 794 457 873 πρός
471 819 504 872 με
526 795 571 856 καί
585 797 713 877 λέγουσαν
731 801 764 876 τῇ
779 793 902 876 ‘Repetit
956 814 1021 854 cum
1040 796 1131 854 simul
1144 800 1461 882 erant.ii.0mnesque
1474 821 1527 861 nos
1546 822 1613 860 cum
1625 803 1699 866 deci<

130 883 277 967 διαλέκτῳ,
288 883 392 959 Σαοὸλ,
401 885 490 947 Σαοὺλ
499 931 507 959 ,
516 889 543 945 τί
555 912 589 965 με
600 887 718 960 διώκεις,
729 887 843 966 σκληρόν
860 907 902 945 σοι
955 889 1097 968 dissemus
1110 893 1143 946 in
1164 903 1283 963 terram,
1297 895 1399 952 audiri
1413 914 1516 952 uocem
1533 894 1699 975 loquentem

130 975 197 1057 πρὸς
207 977 304 1058 κέντρα
313 978 459 1046 λακτίζειν.
473 978 546 1059 Ἐγὼ
559 979 587 1039 δέ
597 970 686 1040 εἶπον·
699 981 739 1047 τίς
749 971 789 1057 εί,
806 978 901 1058 Κόριε;
956 978 1030 1034 mibi
1051 979 1202 1040 Hebraico
1225 981 1329 1062 lingua
1343 1006 1353 1038 .·
1367 983 1466 1056 Saule,
1496 984 1596 1057 Saule,
1627 986 1701 1066 quid

130 1067 166 1129 Ὁ
180 1068 209 1130 δὸ
223 1059 294 1129 εἶπεν
306 1093 313 1107 ·
327 1069 378 1150 ἐγώ
398 1072 454 1148 εἰμι
464 1071 582 1142 Ἰησοῖς,
600 1071 628 1131 δν
648 1070 680 1132 σὺ
697 1071 808 1138 διώκεις.
823 1068 903 1130 Ἀλλὸι
955 1090 1001 1128 me
1009 1076 1207 1152 persequeris?
1216 1075 1381 1134 Durumest
1391 1078 1445 1134 tibi
1453 1089 1558 1135 contra
1565 1077 1700 1136 stimulos

131 1160 278 1234 ἀνάστηθι,
289 1159 334 1220 καί
348 1165 426 1226 στῆθι
445 1161 489 1221 ἐπί
510 1161 568 1231 τοὸς
591 1165 674 1232 πόδας
691 1187 750 1225 σου·
770 1167 807 1230 τίς
825 1168 903 1243 τοῷτο
955 1165 1121 1224 calcitrare.
1137 1167 1184 1226 15.
1202 1169 1268 1248 Ego
1281 1181 1381 1227 autem
1395 1170 1475 1240 dixi,
1495 1171 1566 1248 Quis
1583 1191 1624 1248 es,
1637 1173 1699 1230 Do-

130 1250 282 1332 γὸράιφθην
293 1254 580 1334 σοι,προχειρίσασθαί
591 1280 622 1315 σε
632 1256 767 1335 ὑπηρέτην
777 1256 823 1315 καί
836 1253 949 1347 μάρ-890
957 1258 1058 1314 niinc?
1079 1257 1139 1317 Ille
1164 1271 1265 1317 autem
1286 1261 1361 1320 dixit
1384 1282 1393 1318 :
1415 1263 1479 1341 Ego
1508 1281 1573 1320 sum
1598 1263 1697 1334 Iesus,

130 1368 198 1423 τυρα
212 1335 250 1404 ὧν
260 1368 290 1404 τε
310 1335 389 1416 εἶδες,
400 1337 437 1404 ὧν
449 1371 479 1405 τε
490 1346 640 1427 ὀφθήσομαί
652 1370 709 1420 σοι,
724 1345 904 1427 ἐξαιρούμενός
920 1362 941 1408 Α
958 1371 1043 1431 quem
1062 1363 1094 1410 tu
1113 1356 1302 1432 persequeris.
1324 1355 1372 1414 16.
1386 1353 1444 1413 Sed
1461 1374 1586 1435 exsurge
1605 1366 1633 1413 et
1651 1367 1700 1414 sta

130 1459 162 1495 σε
177 1439 262 1497 ίκτοῦ
270 1439 336 1496 λαοῦ
348 1436 393 1496 καί
402 1440 455 1496 τῶν
466 1439 557 1510 έθνῶν,
569 1441 605 1506 είς
617 1438 660 1506 αθς
670 1436 723 1518 ἐγώ
733 1463 764 1499 σε
775 1436 904 1498 άποστέλ·
957 1449 1042 1523 ταμεν
1053 1445 1140 1524 pedes
1154 1456 1219 1504 tuos
1239 1467 1249 1501 ε
1266 1446 1308 1502 ad
1317 1447 1372 1504 boc
1385 1449 1464 1505 enim
1478 1449 1604 1526 apparui
1627 1448 1698 1520 tibi,

130 1529 185 1601 λω,
202 1527 301 1596 ἀνοῖξαι
314 1527 465 1609 ὀφθαλμοὺς
489 1533 584 1604 αθτῶν,
599 1535 645 1589 τοῦ
668 1528 835 1610 ἀποστρέψαι
851 1528 905 1611 άπὸ
958 1546 990 1593 ut
1003 1539 1182 1595 constituam
1204 1548 1232 1595 te
1252 1539 1418 1596 ministrum
1433 1550 1462 1597 et
1481 1550 1582 1597 testem
1599 1557 1701 1597 eorum

131 1619 242 1687 σκότους
256 1623 292 1688 εἰς
304 1623 374 1701 φῶς,
390 1620 435 1680 καί
447 1624 494 1692 τῆς
504 1621 619 1690 έξωσίας
633 1628 679 1682 τοῦ
690 1631 792 1683 σατανθ
802 1622 846 1681 ἐπὶ
859 1621 903 1681 τὸν
958 1647 1023 1709 qua
1042 1629 1148 1686 vidisti
1154 1672 1164 1702 ,
1188 1640 1216 1686 et
1237 1648 1335 1687 eorum
1350 1631 1455 1709 quibus
1470 1632 1617 1710 apparebo
1633 1632 1697 1700 tibi,

130 1710 212 1782 Θεὸν,
225 1716 271 1771 τοῦ
282 1712 374 1772 λαόεῑν
384 1712 477 1781 αὐτοὺς
489 1714 581 1794 άρεσιν
597 1716 735 1793 ἁμαρτιῶν
750 1714 796 1773 καί
807 1716 904 1795 κλῆρον
959 1721 1007 1778 tt.
1023 1723 1147 1800 eripiens
1163 1733 1192 1778 te
1206 1721 1243 1778 de
1253 1721 1363 1800 populo
1374 1734 1403 1780 et
1412 1725 1563 1802 gentibus,
1577 1726 1610 1788 in
1625 1742 1700 1803 quas

132 1805 160 1861 ἓν
174 1809 229 1870 τοῖς
247 1803 419 1883 ἡγιασμένοις
440 1804 528 1864 πίστει
546 1811 579 1886 τῇ
594 1809 631 1873 είς
645 1805 702 1883 itti·
717 1805 833 1876 Σκόπει,
848 1809 920 1871 πῶς·
959 1832 1037 1870 nunc
1056 1832 1108 1893 ego
1118 1815 1202 1870 mitto
1220 1824 1266 1887 te,
1281 1805 1395 1892 aperire
1414 1812 1513 1871 oculos
1527 1833 1627 1872 eorum
1636 1857 1645 1886 ,
1667 1823 1700 1871 ut

131 1894 240 1977 ἡμέρως
253 1895 411 1975 διαλέγεται.
422 1894 456 1957 Ὁ
467 1896 548 1970 Θεὸς,
562 1897 652 1977 φησίν,
662 1888 719 1957 ε’ίπε
729 1897 794 1977 πρός
806 1894 906 1973 με,ὅτι
958 1916 1167 1963 convertantur
1187 1925 1207 1962 a
1220 1907 1346 1965 tenebris
1360 1906 1401 1963 ad
1414 1905 1523 1977 iucem,
1540 1917 1568 1963 et
1591 1905 1628 1962 de
1648 1924 1702 1984 po·

131 1987 224 2067 ὤφθην
236 2009 277 2046 σοι
288 1986 508 2068 προχειρίσασθαί
519 2012 550 2048 σε
562 1988 697 2068 ὑπηρέτην
710 1988 756 2047 καί
770 1988 907 2070 μάρτυρα,
958 2006 1063 2054 testate
1075 2008 1190 2054 satanae
1207 1997 1249 2054 ad
1263 1997 1377 2070 Deum,
1393 2009 1426 2056 ut
1440 1999 1588 2076 accipiant
1599 1999 1701 2055 remis·

131 2071 171 2139 ῶν
183 2102 214 2138 τε
235 2068 315 2151 εἶδες,
328 2071 364 2138 ὧν
383 2104 413 2140 τε
433 2080 584 2161 ὀφθήσομαί
600 2104 657 2152 σοι,
675 2079 855 2160 ἐξαιρούμενός
876 2103 907 2139 σε
958 2090 1068 2145 sionem
1080 2099 1285 2166 peccatorum,
1308 2101 1337 2146 et
1357 2100 1465 2146 sortem
1487 2091 1565 2147 inter
1583 2099 1702 2147 sanctos

131 2173 296 2263 έκτοῶγλαοῦ
306 2172 352 2231 καί
363 2177 416 2231 τῶν
427 2176 517 2244 ἐθνῶν,
529 2177 565 2240 εἷς
575 2172 619 2239 οθς
630 2170 683 2250 έγόν
697 2195 726 2232 σε
737 2171 906 2243 ἀποστέλλω,
956 2198 1012 2259 per
1024 2177 1132 2259 fidem,
1157 2191 1287 2259 quaest
1310 2181 1343 2237 in
1366 2200 1421 2237 rne.
1444 2176 1594 2259 Perpende,
1620 2199 1702 2258 quam

131 2261 235 2332 ἀνοῖξαι
249 2263 399 2345 ὀφθαλμοὺς
413 2267 509 2338 αὐτῶν,
522 2272 569 2325 τοῦ
591 2262 758 2345 ἀποστρέψαι
772 2265 826 2324 ἀπὸ
845 2265 907 2324 σκό-
959 2283 1096 2333 mansuete
1108 2269 1244 2348 loquatur.
1263 2272 1359 2343 Deus,
1373 2269 1474 2348 inquit,
1489 2272 1565 2330 dixit
1580 2270 1622 2329 ad
1633 2291 1702 2330 me.-

131 2379 193 2422 τους
204 2359 240 2422 εἰς
251 2360 319 2436 φῶς,
332 2356 379 2415 καὶ
403 2361 451 2427 τῆς
470 2355 587 2425 ἐξουσίας
605 2361 651 2415 τοῦ
672 2365 774 2416 σατανᾶ
796 2355 840 2416 ini
860 2356 905 2416 τὸν
960 2357 1097 2437 Apparui
1111 2361 1182 2432 tibi,
1205 2370 1238 2417 ut
1251 2361 1430 2418 constituam
1453 2371 1480 2417 te
1494 2361 1660 2418 ministrum
1674 2371 1703 2417 et

130 2450 265 2523 Θεὸν,τῶ
274 2448 366 2509 λαθεῖν
373 2447 466 2532 αὐτοὺς
476 2450 568 2532 ἄφεσιν
580 2450 728 2531 ἁμαρτιῶν.
736 2447 813 2508 ‘ssed
824 2451 904 2529 ίλεγε·
923 2460 941 2507 n
960 2462 1061 2508 testem
1067 2470 1167 2508 eorum
1177 2471 1241 2529 quoe
1249 2445 1366 2522 uidisti,¹
1380 2463 1516 2510 eteorum
1529 2452 1634 2530 quibus
1645 2472 1701 2531 ap-

131 2540 236 2608 ταίτοις
249 2539 382 2614 ἐπείσθην,
394 2541 479 2620 ταύτῃ
498 2546 531 2620 τῇ
547 2538 663 2619 ὀπτασίᾳ
687 2563 722 2618 με
742 2539 906 2618 ἐπηγάγετο,
957 2543 1065 2621 parebo
1084 2543 1145 2618 tibi,
1160 2545 1285 2622 eripiens
1304 2554 1331 2600 te
1344 2542 1380 2599 dc
1389 2542 1498 2621 populo
1512 2554 1541 2600 et
1552 2544 1698 2622 gentibus,

132 2632 180 2692 καί
202 2630 284 2700 οὕτως
307 2631 421 2707 έπεισεν,
442 2631 512 2692 ὥστε
536 2630 574 2710 μὴ
599 2629 802 2691 ἀναθάλλεσθαι.
817 2629 907 2707 Ὅθεν,
958 2638 991 2692 in
1004 2655 1077 2714 quos
1088 2654 1225 2714 nuneego
1234 2637 1318 2692 mitto
1329 2632 1425 2708 te,t8.
1439 2637 1593 2714 utaperias
1602 2635 1703 2693 oculos

134 2726 247 2803 βασιλεῦ
258 2723 404 2806 Ἀγρίππα,
417 2726 464 2783 οὐκ
479 2723 605 2803 ἐγενόμην
620 2720 730 2793 ἀπειθὴς
747 2727 780 2802 τῇ
793 2722 905 2802 οὐρανίῳ
958 2742 1069 2796 eorum,
1080 2734 1111 2781 ut
1118 2735 1356 2781 convertanturn
1366 2725 1492 2781 tenebris
1499 2723 1541 2779 ad
1549 2722 1703 2781 iucemeta

132 2815 263 2896 όπτασίρ·
274 2815 343 2876 ἀλλὸ
357 2825 412 2882 τοῖς
425 2818 452 2874 έν
468 2817 607 2893 Δαμασκῷ
621 2818 726 2893 πρῶτον
737 2813 782 2873 καὶ
794 2813 905 2894 Ἱεροσο-
961 2825 1106 2894 potestate
1114 2826 1229 2873 satana·
1239 2814 1394 2884 adlieum,
1405 2825 1437 2872 ut
1447 2817 1702 2893 accipiantrcmis-

132 2906 243 2984 λύμαις,
256 2911 293 2974 εἰς
308 2907 397 2966 πᾶσάν
416 2931 446 2965 τε
464 2908 513 2980 τὸν
526 2905 617 2986 χώραν
630 2911 678 2977 τῆς
692 2903 838 2980 Ἰουδαίας,
859 2906 906 2965 καί
958 2912 1069 2968 τίουσαι
1073 2908 1312 2986 peccatorum.Ac
1323 2906 1345 2965 si
1353 2905 1703 2980 diceret:Hiscredidi,hac

132 3007 194 3066 τοῖς
203 2999 300 3059 ίθνεσιν
323 2999 483 3079 ἀπαγγέλλω
506 3005 653 3080 μετανοεῖν,
675 2996 721 3057 καί
738 2997 906 3079 ἐπιστρέφειν
958 2998 1063 3060 visione
1075 3019 1119 3056 me
1131 2997 1255 3075 adduxit,
1261 3013 1288 3057 et
1297 2998 1336 3057 sic
1349 2996 1492 3078 persuasit,
1504 3010 1534 3054 ut
1543 3017 1596 3056 noa
1610 2997 1704 3056 disser-

133 3084 180 3150 έπί
193 3090 237 3151 τὸν
252 3091 329 3165 Θεὸν,
341 3089 402 3158 ἄξια
415 3095 463 3161 τῆς
485 3089 624 3170 μετανοίας
642 3088 714 3169 ἔργα
729 3089 906 3169 πράσσοντας.
959 3113 1026 3151 rem.
1036 3093 1082 3151 19.
1093 3092 1243 3166 Unde,rcr
1255 3091 1400 3172 Agrippa,
1410 3110 1469 3148 non
1494 3092 1525 3148 ui
1536 3090 1703 3149 incredulus

134 3182 171 3243 ‘0
183 3181 269 3242 τοίνυν
291 3181 337 3242 καί
357 3185 418 3251 τοὺς
432 3184 526 3249 ἄλλους
545 3181 677 3242 παιδείων
691 3181 752 3262 περί
769 3180 827 3260 βίου
845 3179 906 3260 ἀρί-
960 3184 1070 3244 cetesti
1080 3185 1190 3241 visioni
1197 3204 1212 3257 ,·
1222 3183 1273 3244 a0.
1284 3183 1336 3241 sed
1348 3185 1401 3256 iis,
1415 3185 1466 3262 qui
1480 3193 1548 3240 snut
1560 3182 1704 3242 Damasci

135 3298 213 3344 στου,
227 3277 285 3341 πῶς
298 3273 329 3333 θεν
344 3275 420 3343 αὐτὸς
434 3274 551 3341 στάσεως
566 3273 612 3333 καί
632 3272 804 3354 φιλονεικίας,
818 3273 908 3354 φησὶν,
959 3279 1087 3356 primum
1096 3286 1124 3332 et
1132 3274 1342 3348 Jerosolymis,
1354 3285 1381 3332 et
1393 3276 1425 3330 in
1434 3277 1705 3354 omnenregionem

135 3367 254 3445 ἀρχηγὸς
266 3364 490 3445 γέγονα;Ἔνειια
500 3365 598 3426 τούτων
611 3370 635 3424 οῖ
647 3364 771 3425 Ἰουδαῖοί
788 3388 822 3442 με
841 3366 907 3423 συλ-
960 3367 1086 3443 Judoeoe,
1101 3379 1129 3425 et
1141 3366 1276 3446 gentibus
1287 3367 1505 3423 annuntiabam
1519 3376 1551 3423 ut
1560 3369 1704 3444 poeniten·

133 3456 278 3534 λαθόμενοι
300 3459 327 3517 έν
350 3462 388 3539 τῷ
412 3461 491 3538 ίερῷ,
517 3461 659 3539 ἐπειρῶντο
688 3456 908 3537 διαχειρίσασθαι.
926 3471 945 3519 c
963 3461 1035 3517 tiam
1060 3468 1197 3537 agerent,
1222 3468 1251 3514 et
1272 3468 1513 3514 converterentur
1536 3456 1578 3514 ad
1597 3455 1705 3532 Deum,

135 3548 308 3631 Ἐπικανρίας
319 3540 363 3608 obv
376 3549 464 3630 τυχὼν
476 3554 523 3621 τῆς
537 3549 611 3629 παρὰ
629 3555 674 3608 τοῦ
689 3553 759 3610 Θεοῦ
782 3549 846 3629 οίχρι
860 3551 909 3619 τῆς
962 3553 1053 3631 digna
1068 3551 1245 3630 poenitentiae
1264 3550 1518 3630 operasacientes.
1539 3547 1597 3623 Qui
1622 3547 1705 3629 igitur

135 3640 239 3719 ἡμέρας
253 3639 350 3712 ταύτης
363 3640 479 3712 ἕστηκα,
493 3640 690 3720 μαρτυρόμενος
697 3645 790 3721 μικρῷ
809 3664 838 3698 τε
863 3640 909 3699 καί
961 3644 1028 3703 alios
1042 3641 1200 3702 erudiebant
1214 3634 1285 3699 eirca
1302 3640 1385 3700 vitam
1401 3640 1531 3720 optimam
1539 3685 1549 3713 ,
1570 3639 1706 3718 quomodo
1808 3688 1815 3701 .

137 3732 261 3813 μεγάλῳ,
273 3732 345 3793 οθδίν
359 3734 432 3801 ἐκτὸς
443 3734 527 3812 λέγων
542 3725 578 3792 ῶν
591 3758 620 3792 τε
633 3738 657 3792 οἱ
666 3739 800 3814 προφῆται
812 3732 910 3805 έλάλη-
963 3736 1103 3798 seditionis
1125 3748 1151 3794 et
1175 3732 1352 3793 contentionis
1376 3746 1470 3791 auctor
1494 3732 1628 3791 fuissem?
1652 3737 1703 3795 ut.

137 3849 188 3886 σαν
202 3824 350 3903 μελλόντων
365 3826 498 3905 γίνεσθαι,
517 3825 562 3884 καί
579 3828 709 3897 Μωϋσῆς·
726 3829 749 3885 εί
761 3824 879 3896 παθητὸς
896 3829 911 3885 b
963 3831 1031 3888 Hac
1041 3847 1176 3887 excausa
1188 3846 1233 3883 me
1246 3825 1356 3898 Judoei,
1364 3845 1431 3883 cum
1442 3845 1532 3884 essem
1542 3827 1575 3882 in
1585 3825 1704 3904 templo,

136 3918 265 3997 Χριστὸς,
279 3921 301 3977 εί
310 3922 413 3999 τυρῶντος
422 3917 449 3986 ἐξ
463 3919 632 3985 ἀναστάσεως
642 3923 741 3998 νεκρῶν
755 3923 810 3999 φῶς
820 3917 911 3995 μέλλει
963 3920 1200 3999 comprehensum
1214 3918 1369 3974 tentabant
1380 3915 1552 3995 interficere.
1571 3917 1621 3973 22.
1636 3915 1707 3974 Au-

137 4009 326 4088 καταγγίλλειν
340 4014 379 4092 τῷ
392 4034 421 4070 τε
431 4014 489 4091 λαῷ
504 4011 549 4069 καί
565 4019 618 4077 τοῖς
632 4009 740 4070 ἔθνεσιν.
753 4008 827 4089 Ὅρα
837 4055 845 4083 ,
854 4013 912 4076 πῶς
963 4013 1037 4071 xiiio
1050 4022 1150 4069 autem
1163 4009 1284 4087 adjutus
1295 4008 1369 4082 Dei,
1383 4011 1519 4088 usquein
1532 4008 1707 4068 hodiernum

137 4102 213 4168 έκτὸς
227 4101 366 4170 κολακείας
379 4103 448 4163 ἐστὶν
465 4103 565 4180 όλόγος
575 4102 726 4174 αθτοῶ,καὶ
739 4102 770 4162 τὸ
781 4111 833 4161 πᾶν
850 4105 910 4161 ἐπι·
964 4106 1041 4163 diem
1064 4115 1129 4174 sto,
1153 4101 1314 4181 testificans
1338 4104 1445 4158 minori
1468 4113 1558 4181 atque
1579 4104 1705 4182 majori,

137 4193 235 4275 γράφει
252 4198 291 4274 τῷ
301 4196 373 4275 Θεῷ.
385 4186 454 4254 Eira
474 4199 492 4266 ἡ
514 4193 669 4276 παρρησία,
683 4195 755 4252 Ἀλλ’
769 4192 848 4253 ὀὐδὲ
866 4197 911 4251 νῦν
966 4197 1043 4257 nibil
1055 4207 1139 4253 extra
1160 4194 1277 4268 dicens,
1301 4213 1390 4271 quam
1411 4214 1447 4252 ea
1459 4238 1466 4266 ,
1480 4213 1545 4273 qua
1560 4197 1708 4275 propbeta

139 4286 302 4365 ἀφίσταμαι·
313 4286 359 4345 καί
368 4286 399 4346 τὸ
410 4286 537 4366 ἀσφαλές·
549 4287 602 4346 άπὸ
620 4287 672 4366 γὰρ
682 4288 824 4367 προφητῶν
837 4287 913 4364 ispu—
965 4290 1081 4369 loquuti
1100 4297 1169 4346 sunt
1181 4287 1294 4366 sutura
1307 4306 1369 4344 esse
1375 4330 1385 4358 ,
1409 4299 1438 4345 et
1456 4288 1597 4363 Moyses,
1617 4289 1672 4346 ab..
1684 4293 1711 4348 si

142 4377 264 4458 ρίζομαι,
278 4381 312 4438 Ei
330 4379 448 4450 παθητὸς
461 4384 475 4437 θ
490 4379 617 4460 Χριστὸς,
636 4383 660 4437 εἰ
673 4384 776 4457 πρῶτος
799 4376 826 4446 ἐξ
847 4382 914 4437 σἰνα-
963 4398 1104 4462 passurus
1117 4379 1267 4451 Christus,
1282 4379 1307 4435 si
1325 4379 1438 4456 primus
1449 4398 1486 4436 ex
1500 4383 1711 4440 resurreetione

141 4468 261 4535 στάσεως
287 4472 385 4550 νεκρῶν
409 4472 464 4549 φῶς
495 4470 586 4547 μέλλει
615 4469 821 4549 καταγγέλλειν·
849 4466 913 4527 ὡσεί
929 4483 949 4530 υ
967 4485 1146 4531 mortuorum
1171 4469 1271 4527 lernen
1291 4472 1523 4528 annuntiaturus
1538 4484 1582 4529 est
1602 4472 1710 4552 populo

140 4561 243 4640 ἔλεγεν,
258 4559 299 4621 ότι
313 4563 423 4643 Πρῶτος
438 4565 452 4619 δ
472 4561 584 4640 Χριστὸς
604 4562 731 4632 ἀναστὰς,
747 4561 834 4622 οὐκέτι
848 4564 914 4620 ἀπο-
968 4576 996 4622 et
1009 4563 1152 4643 gentibus.
1168 4558 1255 4634 Vide,
1269 4572 1300 4617 ut
1324 4580 1412 4619 sermo
1425 4560 1483 4639 ojus
1498 4559 1653 4621 adulatione
1666 4546 1712 4622 ia-

140 4653 259 4725 θνήσκει.
281 4654 369 4723 Δῆλον
389 4655 420 4710 ἐκ
437 4657 482 4711 τοῦ
498 4662 564 4712 πᾶσι
584 4655 758 4733 καταγγείλαι
776 4660 852 4713 τοῦτο
868 4651 914 4711 καί
967 4667 1041 4724 reat,
1060 4665 1086 4711 ei
1099 4661 1189 4712 totum
1213 4649 1351 4709 adscribat
1369 4652 1436 4710 Deo.
1461 4651 1534 4710 Vide
1556 4665 1583 4710 et
1604 4651 1712 4715 dicendi

142 4747 179 4810 είς
191 4741 300 4811 ίαυτοὸς
318 4744 478 4825 προσδοκᾷν.
493 4735 560 4802 Εἶτα
573 4743 621 4816 τὴν
643 4743 795 4824 παρρησίαν
813 4751 827 4805 ό
848 4745 912 4815 Φῆ·
968 4746 1140 4814 libertatem,
1155 4743 1214 4802 Sed
1234 4764 1327 4824 neque
1352 4764 1430 4803 nunc
1443 4744 1574 4822 'desist03
1597 4744 1712 4806 firmita-

142 4857 205 4903 στος
219 4835 291 4909 ἰδὼν,
314 4833 405 4906 ἐπειδὴ
424 4833 488 4913 πρὸς
502 4835 546 4894 τὸν
570 4835 682 4914 βασιλέα
706 4835 851 4915 διελέγετο,
876 4836 913 4915 μὴ
968 4856 1021 4900 tem
1038 4865 1044 4897 :
1061 4837 1234 4920 Aprophetis
1250 4837 1405 4910 confirmor,
1422 4837 1476 4896 An
1492 4858 1632 4918 passurus
1640 4842 1711 4922 suo·

144 4927 336 5007 μεθιστάμενος
357 4933 402 4986 τοῶ
433 4927 497 5006 πρὸς
521 4928 597 4987 αὐτὸν
623 4927 797 5000 άποδλέπειν,
824 4928 916 5010 ὥσπερ
968 4936 1006 4992 rit
1019 4933 1163 5000 Christus,
1184 4932 1347 5008 anprimus
1366 4949 1402 4985 ex
1416 4932 1712 4990 resurrectionemor-

145 5019 228 5081 ίπαθέ
249 5043 290 5092 τι,
304 5020 349 5078 καί
372 5019 452 5099 φησί·
468 5019 575 5096 Μαίνῃ,
591 5022 691 5080 Παῦλε.
705 5019 808 5081 “onst
824 5022 914 5081 παθὼν
972 5035 1091 5080 tuorum
1115 5018 1213 5075 liemon
1239 5019 1276 5074 sit
1306 5019 1561 5085 anastasianam
1586 5038 1617 5076 ac
1640 5017 1710 5080 sidi-

181 5226 283 5278 mosei
305 5233 366 5280 οὐδὸν
378 5237 512 5298 ἀφίσταμαι.
