3742 5970
227 398 299 473 236
568 423 599 470 S.
625 420 770 472 JOANMS
795 418 980 470 cnunsosr.
1010 417 1166 472 nncttmn.
1194 424 1467 475 consummator.

225 550 504 632 exploremusFocta
517 564 616 612 autem
628 553 686 625 die,
695 565 759 612 erat
769 553 898 611 turbatio
910 569 971 608 non
1020 553 1068 611 οῦκ
1088 551 1174 633 όλίγος
1194 553 1237 613 διὰ
1255 556 1299 614 τδν
1313 554 1430 638 Πέτρον,
1454 555 1500 614 καί
1513 555 1657 640 ἀνακρίνας
1670 554 1796 639 τοθςριί-

222 664 319 723 parva
337 655 455 723 propter
477 646 608 703 Petrum.
626 645 667 703 Et
681 647 871 724 inquisitione
877 643 971 723 sacta
1021 646 1105 712 λακας
1118 644 1255 706 ἐκέλευσεν
1266 649 1427 728 ἀπαχθῆναι.
1452 647 1546 717 otro<
1560 653 1610 709 οὐκ
1623 649 1738 731 ᾔσθετο,
1755 648 1797 710 ότι

224 736 262 794 de
273 737 451 809 custodibus,
468 738 559 818 jussit
570 736 686 795 abduci.
703 737 745 794 Ita
762 756 841 794 sensu
853 732 969 793 destitu·
1021 736 1068 796 καλ
1082 737 1201 806 κολάζειν
1218 737 1315 806 ἀδίκως
1326 740 1464 821 ἐπιχειρεῖ.
1488 738 1557 801 'tuot
1570 741 1696 822 τδνθπὲρ
1710 743 1798 802 αὐτῶν

225 840 269 887 tus
290 827 355 903 suit,
377 840 408 886 ut
429 827 511 886 etiam
533 827 633 909 injuste
652 826 748 908 punire
770 825 970 906 aggrederetur.
1022 828 1203 907 ἀναλαμθάνω
1225 829 1312 910 λόγον.
1336 830 1381 891 Τά
1395 830 1480 911 δεσμά
1490 823 1534 907 ἤν,
1547 837 1572 893 οἱ
1586 832 1705 914 ρόλακες
1716 833 1799 911 ἔνδον,

225 918 296 980 Ecce
309 940 418 979 causam
430 919 541 979 illorum
555 918 679 979 delendo.
691 919 810 981 Vincula
822 931 907 993 erant,
924 937 972 975 cu·
1020 918 1053 980 τδ
1064 921 1244 1003 δεσμωτήριον
1259 921 1454 1002 κεκλεισμένον,
1468 925 1585 1003 οὐδαμοῦ
1598 935 1689 1007 τοῖχος
1702 927 1800 1006 διορω-

224 1011 314 1073 sudes
335 1013 421 1091 intus,
442 1034 532 1073 carcer
553 1013 671 1087 clausus,
686 1034 818 1092 nusquam
838 1012 971 1094 perfossus
1023 1012 1158 1096 ρυγμένος,
1173 1016 1271 1084 πάντες
1287 1016 1321 1076 τά
1336 1016 1404 1078 αιίτά
1419 1016 1526 1098 ἔλεγον·
1540 1019 1738 1103 ἀνάρπαστυςδ
1753 1018 1800 1079 ἀν·

225 1103 313 1186 paries
321 1150 330 1183 ,
345 1126 437 1165 omnes
450 1104 542 1164 eadem
557 1103 683 1163 dicebant
691 1150 700 1182 ,
712 1105 800 1164 Homo
819 1102 866 1162 ille
878 1116 971 1183 raptus
1022 1109 1125 1186 θρωπος
1135 1106 1235 1188 γέγονε,
1246 1108 1290 1170 δεδι
1303 1109 1330 1168 τί
1341 1108 1433 1176 αὐτοὺς
1446 1110 1645 1188 καταδικάζεις
1667 1113 1692 1172 εἰ
1704 1109 1799 1183 ἤθελον

227 1216 281 1255 non
303 1210 352 1272 est,
369 1217 419 1257 cur
438 1197 501 1256 illos
521 1194 703 1256 condemnas?
714 1194 738 1255 si
751 1196 856 1255 solvere
868 1193 971 1254 voluis·
1022 1199 1175 1272 ἀπολῦσαι,
1194 1199 1246 1283 πρὸ
1269 1200 1360 1262 τοότου
1383 1202 1519 1264 ἀπέλυσαν
1535 1202 1583 1277 δν,
1597 1203 1614 1275 ἢ
1629 1202 1798 1275 συνεξῆλθον.

227 1302 302 1369 sent,
316 1289 360 1351 vel
380 1303 441 1350 ante
453 1289 606 1367 solvissent,
619 1289 664 1349 vel
678 1287 759 1348 simul
773 1290 901 1349 exissent.
916 1286 970 1348 Sed
1022 1286 1102 1349 Ἀλλδι
1112 1290 1242 1370 χρήματα
1256 1291 1368 1367 ἔλαὸυνς
1382 1292 1469 1353 Πόθεν
1485 1299 1499 1354 ό
1514 1294 1581 1374 μηδὲ
1595 1294 1694 1368 πένητι
1707 1296 1799 1356 δοῦναι

226 1386 352 1465 pecunias
361 1382 539 1466 acceperunt?
548 1381 691 1457 Quomodo
704 1382 750 1461 qui
762 1403 848 1460 neque
858 1379 970 1463 pauperi
1021 1380 1107 1462 ἔχων,
1128 1382 1228 1451 τούτοις
1243 1383 1345 1456 ἐδίδους
1366 1385 1426 1446 οὐδὲ
1440 1385 1492 1467 γδιρ
1508 1387 1683 1468 διεθρόόησαν
1694 1390 1723 1447 αῖ
1734 1384 1798 1448 θλί-

225 1497 335 1556 crogare
348 1489 460 1558 poterat,
473 1475 517 1534 his
532 1473 670 1534 dedisset?
683 1475 776 1552 Neque
788 1472 861 1532 enim
880 1471 970 1531 sractae
987 1493 1085 1548 noete,
1100 1474 1158 1534 οὐδὲ
1177 1476 1319 1555 λελυμέναι
1333 1468 1413 1550 ἦσαν.
1440 1476 1517 1539 Ἔδει
1532 1480 1611 1556 ἰδεῖν,
1625 1478 1670 1538 ότι
1686 1478 1797 1540 θεῖοντδ

223 1581 322 1628 catenae
335 1589 421 1647 neque
433 1568 527 1627 solutae
541 1579 613 1626 sunt.
631 1565 780 1646 Oportebat
798 1563 893 1626 videre
913 1583 970 1622 rem
1020 1575 1133 1647 πρᾶγμα
1149 1557 1181 1638 ἦν
1196 1567 1256 1628 ’καί
1270 1570 1317 1627 οὔκ
1331 1569 1506 1652 ἀνθρώπινον.
1522 1561 1594 1632 Εἶτα
1610 1568 1706 1642 ἐπειδὴ
1720 1572 1796 1631 ioso-

223 1661 422 1734 essetlivinam,
439 1684 492 1720 non
504 1661 662 1720 humanam.
678 1659 793 1737 Deinde,
808 1657 871 1739 quia
884 1657 970 1718 histo·
1023 1657 1079 1739 μίας
1097 1657 1192 1735 ἔμελλε
1204 1665 1355 1738 μεμνῆσθαι
1365 1660 1475 1737 λοιπὸν,
1491 1660 1535 1722 tu
1549 1668 1625 1722 τοῦτο
1638 1661 1687 1722 καὶ
1697 1659 1796 1723 ettae

222 1753 292 1812 riam
305 1768 502 1814 memoraturus
515 1767 580 1829 erat,
595 1751 656 1810 ideo
670 1751 749 1811 etium
762 1750 870 1810 nomina
880 1749 968 1829 ponit,
1022 1772 1095 1826 ματα
1109 1748 1230 1825 τίθησιν,
1252 1749 1294 1810 ἵνα
1322 1753 1413 1843 δειχθῇ
1427 1752 1516 1812 πάντα
1534 1752 1720 1826 ἐπαληθεόων.
1743 1750 1806 1815 ltd-

225 1859 253 1903 ut
267 1847 397 1926 probetur
410 1844 499 1904 omnia
511 1865 573 1905 vere
583 1842 647 1903 dici.
658 1845 700 1902 Et
711 1862 861 1924 persuaso,
870 1841 969 1919 inquit,
1021 1839 1158 1908 πείσαντες
1177 1841 1314 1918 Βλάστον,
1332 1844 1413 1925 ρησλ,
1433 1844 1477 1904 τδν
1497 1842 1541 1904 ἐπὶ
1554 1849 1600 1904 τυῦ
1612 1846 1740 1912 κοιτῶνος
1750 1846 1794 1905 mi

223 1937 338 2010 Blasto,
348 1944 400 2018 qui
412 1950 477 1996 erat
490 1956 577 2015 super
588 1936 755 1995 cubiculum
769 1938 855 2016 regis,
869 1947 969 2015 postu·
1022 1934 1167 2013 pusillior,
1184 1937 1295 2012 ᾐτοῦντο
1313 1936 1429 2016 εἰρήνην.
1453 1939 1541 1997 Τοῦτο
1560 1942 1692 2010 ποιοῦσιν,
1705 1926 1800 2011 ἀπειθῆΙ

224 2028 329 2088 labant
341 2029 521 2110 pacem.lloc
532 2028 643 2104 indunt,
653 2027 717 2106 quia
727 2029 810 2087 sames
822 2040 887 2086 erat.
901 2027 969 2087 Sto·
1020 2025 1098 2102 λιμδς
1118 2016 1160 2098 ἦν.
1184 2029 1279 2108 Τακιῇ
1299 2026 1326 2086 δὲ
1344 2027 1433 2109 ἡμέρᾳ
1451 2027 1592 2096 καθίσαςδ
1608 2024 1735 2107 Ἡρώδης
1750 2022 1790 2087 ἀτί

223 2134 286 2180 tuto
301 2137 398 2182 autem
409 2124 466 2196 die,
482 2122 586 2182 sedens
605 2123 736 2181 Herodes
747 2141 802 2202 pro
813 2120 967 2194 tribunali,
1020 2122 1066 2177 τοῦ
1080 2117 1199 2196 βήματος
1210 2119 1384 2200 ἐδημηγόρει,
1397 2121 1471 2201 ρησί.
1497 2117 1719 2202 Παραχρῆμαδά
1732 2116 1790 2180 ἀπά-
1820 2190 1824 2197 Ι

222 2212 424 2288 concionatur,
439 2213 536 2291 inquit.
553 2214 716 2295 Confestim
739 2226 838 2272 autem
850 2232 969 2293 percus-
1021 2208 1097 2278 ταζεν
1120 2210 1198 2270 αὐτὸν
1213 2211 1322 2291 ἄγγελος
1337 2211 1452 2297 Κυρίου·
1469 2212 1516 2275 καὶ
1530 2211 1672 2293 γενόμενος
1686 2214 1788 2289 σκωλη·

222 2308 261 2364 sit
271 2327 337 2365 eum
352 2307 476 2387 augelus
487 2306 612 2365 Domini
624 2329 634 2365 ι
646 2317 675 2366 et
686 2318 854 2366 consumtus
865 2326 886 2363 a
901 2325 970 2364 ver·
1021 2303 1155 2387 κόόρωτος
1165 2303 1279 2388 ἐξέψυξε.

222 2400 318 2455 nribus
335 2400 504 2478 exspiravit.
1777 2460 1780 2465 .

262 2493 293 2548 2.
309 2489 403 2549 Hocet
416 2488 550 2568 Joseplrus
562 2487 640 2567 dicit,
654 2487 763 2567 quodin
775 2487 886 2568 longum
898 2509 969 2547 mor·
1061 2485 1169 2550 ”Teisa
1183 2490 1229 2550 καὶ
1243 2488 1375 2563 Ἰώσηπος
1386 2488 1459 2570 λίγει
1469 2537 1477 2567 ,
1489 2489 1531 2552 ότι
1552 2502 1646 2575 μακρᾷ
1658 2491 1789 2574 περιάπτει

223 2581 290 2640 bum
304 2580 438 2641 inciderit.
453 2580 538 2641 lllulti
554 2581 645 2660 itaque
657 2579 710 2640 lroc
723 2579 893 2657 nesciebant;
905 2601 969 2660 apo-
1020 2579 1101 2662 νόσῳ.
1113 2584 1149 2641 ot
1163 2579 1210 2661 pls
1225 2573 1269 2642 niis
1285 2583 1380 2642 πολλοὶ
1392 2589 1468 2643 τοῦτο
1478 2583 1646 2664 οὗκῇδεσαν,
1658 2590 1673 2646 δ
1685 2583 1713 2644 δὲ
1727 2582 1788 2645 ἀτό-

222 2676 309 2736 stolus
319 2695 383 2735 vero
398 2688 498 2746 narrat.
507 2677 612 2735 Verum
626 2672 778 2751 ignorantia
795 2671 850 2732 illis
864 2672 968 2754 prode·
986 2694 1005 2743 a
1021 2674 1114 2742 στολος
1129 2674 1192 2734 αὐτὸ
1205 2673 1303 2748 τίθησι.
1315 2674 1393 2748 Πλλν
1409 2672 1479 2735 ἀλλδι
1497 2674 1543 2735 καλ
1559 2679 1577 2747 ἡ
1592 2676 1688 2755 ἀγιοια
1704 2674 1789 2758 ὦφθαι

223 2783 274 2843 rat,
287 2768 355 2828 dum
372 2766 487 2827 Herodis
499 2789 593 2826 casum
606 2765 687 2825 morti
700 2766 796 2828 Jacobi
809 2779 836 2826 et
848 2766 969 2826 militum
1020 2766 1195 2845 λογιζομένων
1210 2768 1294 2827 αθτῶν
1308 2771 1346 2850 τῷ
1360 2765 1489 2828 Ἰακώθου
1506 2767 1612 2850 θανάτῳ
1626 2768 1674 2829 καὶ
1687 2772 1727 2850 τῷ
1743 2769 1788 2828 εἴη

224 2861 292 2921 caedi
311 2861 487 2943 imputarent.
513 2857 660 2940 Perpende,
685 2858 795 2937 quando
817 2858 969 2940 apostolum
1021 2863 1190 2940 στρατιωτῶν
1204 2858 1274 2940 φόνῳ
1288 2860 1319 2919 τὸ
1332 2858 1402 2919 κατά
1424 2858 1468 2918 τδν
1482 2857 1607 2941 Ἡρώδην
1630 2858 1789 2940 septempl-
1819 2850 1823 2855 Ι

223 2952 333 3029 occidit,
346 2950 417 3012 nihil
430 2953 483 3011 tale
499 2951 577 3010 fecit:
596 2951 705 3030 quando
717 2951 790 3029 illos,
806 2951 876 3010 nibil
894 2951 968 3010 dice-
1019 2954 1072 3008 νοιι.
1092 2950 1179 3031 Ὅρα·
1203 2950 1247 3011 ὅτε
1271 2951 1318 3031 μίν
1338 2952 1382 3011 τδν
1407 2951 1557 3012 ἀπόστολον
1582 2951 1706 3034 loquio,
1725 2950 1819 3034 etur,

222 3047 280 3106 bat.
302 3047 403 3127 Utpote
419 3044 519 3104 dubius
542 3064 605 3123 ergo
624 3056 650 3103 et
671 3044 798 3103 confusus
817 3065 852 3103 ex
872 3043 969 3106 Judaea
1020 3047 1136 3102 τοιοῦτον
1151 3043 1308 3125 εἰργάσατο,
1323 3041 1366 3103 ὅτε
1382 3043 1410 3103 δὲ
1422 3044 1641 3117 τοότους,λοιπδν
1654 3047 1683 3104 ἀν
1698 3042 1789 3129 &quelq

224 3140 373 3198 cesarem
388 3134 747 3218 venit.lllilri}vidctur,cum
761 3135 822 3195 illos
835 3135 970 3196 abducere
1021 3125 1134 3208 ἧν.Ἅτε
1147 3127 1191 3194 olis
1213 3134 1357 3216 ἠπορηκὼς
1384 3137 1430 3197 καλ
1455 3136 1646 3218 αἷσγυνόμενος
1668 3140 1813 3210 savilio:

223 3233 314 3309 vellet,
322 3232 359 3292 ad
381 3232 432 3291 laos
451 3230 572 3308 venisse,
582 3242 614 3288 ut
630 3250 686 3289 sese
707 3243 855 3310 purgaret:
872 3228 969 3289 irasce-
1021 3226 1075 3286 ἀπδ
1086 3231 1134 3299 τῆς
1145 3226 1274 3295 Ἰουδαίας
1287 3227 1382 3302 είςτλν
1394 3227 1660 3311 Καισάρειαν.Ἐμολ
1670 3231 1741 3290 δοκεῖ
1751 3228 1789 3291 καί

224 3325 306 3385 batur
322 3325 394 3385 enim
406 3324 472 3403 illis,
483 3322 551 3382 dum
567 3321 611 3382 his
626 3322 666 3380 sic
679 3321 886 3400 gratificaretur.
896 3321 970 3383 Vide
1020 3317 1133 3386 ἐκείνους
1145 3321 1294 3400 ἀπαγαγεῖν
1309 3318 1480 3399 βουλόμενος,
1495 3321 1561 3402 πρὸς
1575 3320 1722 3403 ἀπολογίαν
1735 3312 1789 3396 ἤλθ

224 3440 307 3498 quam
319 3441 396 3480 vanae
407 3417 500 3498 gloriae
516 3414 631 3496 cupidus
649 3414 731 3473 homo
749 3427 826 3474 osset.
844 3413 969 3474 Gratiam
1020 3410 1132 3470 soiitos·
1156 3410 1283 3493 ὠργίζετο
1307 3412 1360 3494 γὰρ
1376 3413 1483 3481 ἐκείνοις
1503 3412 1610 3481 τούτους
1637 3412 1707 3475 οὕτω
1726 3420 1790 3498 θερε-

223 3511 279 3570 illis
293 3510 408 3570 daturus
431 3507 603 3569 concionatus
617 3520 664 3567 est.
683 3506 816 3587 Josephus
834 3527 900 3566 vero
921 3506 969 3584 ait,
1020 3502 1117 3563 πεόων.
1127 3503 1199 3586 Ὅρα
1214 3508 1271 3571 πῶς
1285 3503 1439 3574 κενόδοξοςδ
1453 3504 1591 3586 ἄνθρωπός
1601 3509 1670 3567 ἐστι.
1685 3506 1789 3567 Μάλλιον

223 3606 315 3687 ipsum
327 3601 551 3686 vestesplendida
566 3614 592 3661 et
601 3613 712 3680 argento
725 3599 828 3657 intexta
837 3598 967 3658 amictura
977 3597 1108 3684 meursii
1122 3594 1221 3656 διδόναι
1235 3595 1282 3668 τλν
1298 3595 1409 3676 δωρεδιν,
1426 3595 1637 3679 ἐδημηγόρησεν.
1650 3596 1686 3659 Ὁ
1700 3597 1733 3681 δλ
1743 3594 1789 3659 'lal-

222 3697 399 3760 luissc.Vidc
412 3695 493 3756 etiam
504 3715 586 3775 quam
607 3692 857 3752 adulatoresessent
873 3691 927 3767 illi,
944 3705 969 3751 et
985 3701 1006 3747 Α
1022 3685 1105 3760 σηπός
1127 3712 1219 3767 ορμον,
1235 3686 1276 3747 ὅτι
1302 3688 1347 3747 καί
1372 3691 1471 3760 ἐσθῆτα
1487 3689 1620 3772 ,λαμπρὰν
1646 3688 1788 3772 ἱξάργνίρεν

223 3791 407 3873 apostolorum
421 3811 538 3849 sensum.
555 3787 644 3859 Quem
662 3784 734 3845 enim
750 3805 814 3865 gens
827 3797 882 3844 tota
898 3784 968 3844 cole-
1020 3776 1202 3852 πεπουγίνηυ
1216 3778 1374 3859 περιέκειτο.
1388 3778 1463 3861 Ὅρα
1478 3780 1525 3839 καλ
1539 3784 1636 3843 ἐκεῖνοι
1646 3787 1705 3853 πῶς
1717 3782 1787 3843 κόλα-

222 3882 281 3961 bat,
293 3884 366 3942 hunc
383 3881 425 3941 illi
435 3880 605 3962 respuebant.
629 3877 710 3937 Tunc
726 3876 783 3936 illis
804 3875 900 3935 datum
919 3889 968 3954 est,
1020 3895 1064 3938 κες
1077 3861 1155 3943 ἦσαν,
1169 3870 1288 4026 >eulx
1301 3869 1456 3931 ἀποστόλων
1480 3871 1511 3931 τδ
1527 3872 1665 3956 φρόνημα.
1683 3874 1734 3936 Ὃν
1747 3872 1788 3957 γλρ

222 3988 254 4035 ut
267 3975 438 4056 respirarent,
449 3987 476 4033 et
488 3972 574 4031 multa
587 3983 665 4053 parta
679 3983 742 4028 sunt
755 3968 826 4028 bona
841 3990 876 4028 cx
894 3967 969 4027 illius
1021 3962 1091 4029 ἔθνος
1105 3961 1218 4043 δλόκληρ
1290 3962 1434 4043 εράπευσε,
1459 3969 1551 4024 τοῦτον
1575 3957 1649 4027 οὗτοι
1671 3966 1788 4028 διέπτυον.

143 4078 147 4083 “
222 4068 335 4128 ultione.
355 4067 439 4140 Quod
452 4066 475 4126 si
489 4065 601 4125 illehoc
622 4062 725 4139 audito,
740 4064 802 4121 Vox
822 4064 891 4133 Dei,
910 4082 970 4121 non
1021 4053 1146 4115 Πάλινδὲ
1159 4052 1260 4133 γίνεται
1282 4058 1290 4079 ’
1309 4055 1433 4122 αίπνευοιε
1446 4058 1534 4116 αὐτῶν
1554 4058 1677 4137 μεγάλη,
1690 4059 1788 4140 καὶμε-

224 4164 362 4239 liomim's,
386 4160 449 4221 licet
469 4158 539 4218 nilril
562 4157 675 4231 dixerit,
703 4154 769 4215 talia
790 4175 886 4236 passus
906 4168 969 4214 est:
1024 4146 1259 4228 ρίαάγαθάιέκτῆ
1317 4141 1790 4230 είνσυτιμωρίας.Είδδοότοςάκά-

224 4255 311 4313 multo
322 4254 424 4334 majora
435 4251 572 4326 Christus,
588 4250 611 4309 si
619 4251 693 4308 Deus
702 4268 755 4306 non
764 4245 865 4322 fuisset,
875 4266 972 4327 passus
1024 4263 1088 4311 σας,
1113 4237 1154 4297 ὅτι
1173 4237 1247 4320 φωνὴ
1267 4240 1339 4299 Θεοῦ
1362 4239 1408 4299 καλ
1430 4242 1478 4300 οὐκ
1498 4239 1653 4322 ἀνθρώπου,
1666 4243 1790 4325 καίτοιγε

225 4358 304 4419 esset,
318 4345 365 4423 qui
378 4365 484 4425 semper
498 4342 622 4417 dicebat,
637 4343 731 4400 Verba
746 4359 812 4398 meo
833 4359 892 4396 non
906 4358 973 4398 mea
1028 4329 1110 4411 μηδὲν
1125 4329 1205 4391 εἰπὼν
1215 4336 1326 4392 τοιαῦτα
1339 4332 1430 4392 ἔπαθε·
1438 4335 1529 4414 πολλῷ
1544 4336 1646 4414 μᾶλλον
1659 4336 1692 4395 ἀν
1706 4341 1721 4399 δ
1733 4338 1792 4421 xpe

77 4411 143 4501 aidis
164 4472 171 4502 1
226 4450 348 4515 suut,et,
361 4438 493 4495 Ministri
506 4437 563 4491 mei
576 4437 676 4514 utique
687 4433 881 4502 decertarent,
897 4428 973 4488 simi·
1027 4423 1100 4498 στδς,
1115 4426 1138 4484 εἰ
1149 4422 1186 4502 μὴ
1198 4423 1266 4492 Θεὸς
1276 4414 1308 4496 ἦν
1319 4426 1412 4499 αὖτδς,
1426 4425 1468 4484 ἀεὶ
1478 4425 1573 4508 λόγων,
1585 4427 1629 4489 ότι
1639 4430 1686 4492 Τά
1697 4430 1809 4513 ῥήματα,

109 4548 115 4561 ·
227 4535 327 4614 linque.
341 4532 465 4592 lllerero
475 4527 545 4588 tede
556 4526 781 4588 etmiserabilitcr
800 4525 888 4584 vitam
900 4523 977 4586 clau-,
1026 4515 1061 4575 tlt
1074 4514 1127 4594 ἐμὰ
1140 4517 1188 4574 ⁰¹3²
1199 4514 1269 4575 ἔστιν
1286 4515 1353 4595 iul,
1367 4516 1430 4589 καί,
1443 4519 1479 4577 Οἵ
1498 4518 1631 4600 impleas
1646 4520 1678 4582 δν
1699 4525 1725 4584 οἱ
1744 4518 1796 4602 (psl

227 4629 273 4708 sit,
284 4643 310 4688 ot
321 4626 390 4687 nilril
409 4644 443 4684 ex
456 4643 488 4682 eo
501 4621 645 4700 reliquum.
663 4617 802 4700 Perpende
821 4618 888 4677 item
905 4638 972 4696 quo
989 4638 1009 4686 B
1027 4607 1199 4690 seauton,
1213 4607 1259 4668 καί
1270 4607 1318 4668 ὅσα
1328 4616 1448 4670 τοιαῦτα·
1459 4609 1578 4680 Ἐκεῖνος
1589 4611 1619 4674 δὲ
1632 4610 1799 4696 αῖσχρῶςκελ

228 4721 308 4781 modo
320 4720 410 4783 Blasto
424 4713 594 4788 assentiatur,
607 4726 633 4772 et
643 4734 726 4793 quam
738 4710 818 4770 facile
835 4710 917 4769 miser
928 4709 975 4770 ille
1027 4701 1145 4767 ἐλεεινῶς
1155 4699 1199 4759 τδν
1212 4699 1269 4779 βίον
1281 4701 1411 4763 κατέλυσε
1421 4747 1429 4776 ,
1440 4704 1486 4763 καλ
1497 4703 1555 4766 οὐδὲ
1566 4703 1691 4787 φαίνεται
1703 4704 1800 4770 λωτόν.

227 4813 310 4873 homo
320 4813 463 4882 irascatur,
479 4818 505 4865 et
525 4818 618 4888 postca
632 4804 780 4884 mitigetur,
804 4802 907 4882 ubique
922 4825 973 4885 po-
1025 4789 1100 4873 Ὅρα
1111 4792 1139 4850 δὲ
1159 4789 1237 4850 αὐτὸν
1249 4791 1295 4851 καλ
1308 4793 1359 4853 ὑπὸ
1375 4799 1421 4854 τοῦ
1444 4794 1566 4857 Βλάστου
1587 4799 1802 4881 ἀναπειθόμεναι,

229 4907 288 4989 puli
296 4926 400 4983 servus,
421 4903 545 4982 nihilque
557 4898 674 4958 lilrerum
694 4896 805 4955 habens.
828 4894 973 4957 Considera
1027 4884 1072 4943 nul
1087 4882 1134 4942 ἅτε
1147 4882 1179 4954 δὴ
1191 4882 1360 4966 ταλαίπωρον
1371 4884 1435 4946 ὄντα
1445 4887 1558 4957 εὐκόλως
1569 4889 1753 4971 ὀργιζόμενον,
1762 4892 1804 4955 καί

229 4999 295 5059 item
305 4997 490 5059 auctoritatem
501 4991 619 5076 Spiritus
627 4987 722 5051 sancti.
732 4989 974 5048 Ministrantibus
1026 4974 1107 5035 *illl
1130 4975 1387 5055 καταλλαπόμῑνθνν
1411 4978 1456 5038 ’‘“l
1480 4986 1619 5063 πανταχοῦ
1640 4984 1736 5049 mm
1755 4992 1805 5052 ῖῖθ

258 5185 270 5209 ¹
281 5171 328 5221 Alii
351 5178 388 5224 καὶ
407 5173 467 5223 otili
486 5176 636 5237 ἀνθρώπινον,
651 5170 749 5235 ἱστορίας
766 5167 894 5228 μεμνῆσθαι
910 5165 990 5226 uillas
1075 5150 1164 5206 bl'ldc
1174 5155 1311 5222 losephum
1323 5156 1381 5212 libr.
1395 5163 1435 5226 l9,
1446 5177 1469 5214 c.
1481 5165 1505 5214 7·
