3742 5970
249 538 320 610 216
376 530 387 548 θ
595 558 624 603 S.
651 555 793 604 ioannis
818 555 1001 602 cuntsos‘r.
1031 554 1187 601 ARCHIEP.
1215 553 1487 600 constantinum

249 683 336 764 magis
349 702 466 765 purgas,
479 679 556 740 aliud
570 678 668 738 influit.
681 677 807 759 idipsum
821 677 868 736 hic
889 676 987 737 evenit.
1043 676 1113 743 νίους
1123 675 1183 743 τοὺς
1203 673 1317 742 πολλοὺς
1334 679 1400 753 ἡμῖν
1413 674 1569 747 καθίστησιν
1584 672 1630 733 καί
1654 673 1815 754 ἀρρύθμως.

248 779 393 855 Postquam
414 770 569 847 enimillos,
591 771 639 849 qui
663 791 698 829 ex
719 769 831 829 theatris
843 767 990 828 immundi·
1043 767 1127 847 Ἄπερ
1145 769 1333 845 οἰκοδομοῦμεν
1362 769 1490 837 ἐνταῦθα,
1512 768 1568 826 ἐκεῖ
1588 764 1817 845 καταστρέφεται·

246 868 313 927 tiam
328 866 483 942 intulerant,
504 861 735 936 mundaverimus,
763 861 811 920 illo
830 872 990 920 revertentes
1044 861 1089 920 καί
1112 864 1142 919 οθ
1164 859 1348 937 τοῦτομόνον,
1372 859 1441 918 ἀλλά
1466 858 1513 918 καί
1536 857 1628 938 ἐτίρας
1654 857 1818 937 ἀκαθαρσίας

246 962 299 1044 ipsi
311 962 442 1042 majorem
461 957 578 1020 referunt
592 956 792 1017 immunditiam
807 954 901 1035 aquosi
913 953 991 1014 dedi-
1044 952 1146 1031 ἀνάγκη
1163 950 1255 1019 αὐτοὺς
1270 951 1481 1022 ἀναπεπλῆσθαι.
1506 951 1560 1010 ίίαί
1583 949 1680 1009 ταύτὸν
1699 948 1817 1026 γίνεται,

245 1067 273 1113 ta
286 1074 366 1134 opera
381 1051 420 1112 sic
429 1050 561 1123 viventes,
577 1064 608 1109 ut
619 1048 697 1108 nobis
706 1047 991 1128 negotiumsaoessant3
1044 1034 1097 1104 οἷον
1110 1042 1142 1101 ἀν
1158 1041 1184 1103 εί
1194 1067 1234 1110 τις
1247 1042 1345 1124 χωρίον
1359 1041 1443 1102 ἐθίλοι
1456 1047 1589 1123 καθᾶραι,
1608 1045 1700 1119 πηγῆς
1718 1042 1817 1101 ἀνωθεν

245 1154 272 1201 et
285 1139 398 1200 redeunt
419 1140 518 1198 itemm
528 1136 646 1196 multum
667 1136 791 1195 stercoris
805 1148 948 1214 gestantes,
961 1133 989 1192 in
1043 1135 1234 1219 ύπεμιειμίνης
1249 1135 1375 1218 βόρόορον
1392 1132 1598 1215 ἀφιείσηςὸςον
1618 1135 1672 1215 γὰρ
1686 1132 1718 1191 ἂν
1738 1132 1819 1193 καθά.

245 1228 378 1302 moribus,
393 1227 421 1286 in
438 1225 565 1301 motibus,
578 1224 607 1283 in
627 1223 728 1296 verbis,
742 1223 771 1283 in
782 1224 851 1300 risu,
875 1222 903 1281 in
918 1220 989 1281 desi-
998 1246 1107 1322 mpqq,
1122 1225 1202 1290 πάλιν
1213 1226 1301 1308 ἕτερον
1315 1228 1428 1307 ίπιῤῥεῖ.
1438 1227 1524 1286 Τοῦτο
1546 1224 1591 1285 καί
1612 1229 1727 1286 ἐνταῦθα
1747 1223 1817 1306 γίνε-

245 1319 300 1381 dia.
320 1318 425 1378 Deinde
443 1338 492 1376 nos
506 1317 605 1375 iterum
621 1314 750 1393 fodimus,
764 1314 842 1395 quasi
860 1313 896 1373 de
908 1314 990 1374 indu·
1007 1339 1027 1384 ς
1043 1340 1095 1375 ται.
1107 1315 1195 1378 Ὅταν
1215 1317 1266 1398 γίιρ
1277 1317 1435 1400 καθαίρωμεν
1446 1318 1499 1376 ἀπὸ
1516 1320 1568 1375 τῶν
1583 1317 1702 1396 θεάτρων
1724 1315 1818 1376 εἰσιόν-

191 1465 194 1471 .
245 1415 310 1473 stria
324 1413 464 1490 fodientes,
485 1424 516 1470 ut
535 1410 596 1469 illos
608 1407 723 1469 mundos
742 1409 901 1483 emittentes,
917 1408 989 1489 ipsos
1042 1433 1104 1480 τας,
1133 1410 1319 1490 *ἀκαθαρσίαν
1345 1408 1532 1490 ἐπιρέροντας,
1553 1408 1713 1477 ἀπελθόντες
1738 1408 1819 1470 πάλιν

244 1523 353 1562 rursum
362 1501 504 1564 videamus
517 1519 592 1559 coeno
605 1511 723 1558 onustos.
735 1497 841 1558 ldciroo
851 1497 989 1557 commiuo
1042 1503 1112 1576 ἐκεῖ,
1126 1500 1232 1579 μείζονα
1254 1502 1376 1583 δέχονται
1388 1501 1436 1574 τὴν
1452 1500 1627 1583 ἀκαθαρσίαν,
1640 1504 1677 1568 ὡς
1694 1497 1818 1573 ἐπίτηδες

242 1609 292 1650 vos
301 1592 369 1650 Deo.
384 1588 421 1648 Et
428 1590 484 1669 jam
499 1587 564 1646 hinc
574 1585 662 1660 vobis,
673 1585 720 1665 qui
732 1586 790 1644 sani
803 1584 883 1658 estis,
894 1585 990 1644 testifi·
1043 1592 1087 1653 διὰ
1098 1598 1175 1653 τοῦτο
1187 1596 1299 1669 ζῶντες,
1310 1591 1354 1652 ἵνα
1367 1592 1464 1659 κόπους
1473 1599 1539 1670 ἡμῖν
1549 1592 1705 1673 παρέχωσι,
1717 1591 1765 1652 καί
1776 1591 1817 1673 ἐρ

243 1704 299 1756 oor,
311 1681 449 1764 judicium
462 1680 540 1742 vobis
551 1693 577 1740 et
590 1677 789 1738 damnationem
800 1677 872 1753 fore,
883 1679 907 1738 si
926 1678 988 1758 quis
1041 1709 1134 1766 χςνςαι
1148 1685 1229 1744 πάλιν
1250 1686 1350 1759 πολλὴν
1375 1685 1472 1765 κόπρον
1495 1685 1686 1764 βαστάζοντες,
1711 1688 1739 1745 ἐν
1763 1694 1817 1753 τοῖς

242 1794 305 1834 cum
335 1773 411 1834 videt
436 1771 588 1832 inordinate
606 1783 723 1849 agentes,
748 1769 920 1847 maximeque
939 1769 988 1829 illo
1042 1776 1141 1851 ἤθεσιν,
1162 1779 1189 1835 ἐν
1210 1784 1265 1845 τοῖς
1280 1778 1433 1855 κινήμασιν,
1453 1778 1481 1835 ἐν
1501 1786 1556 1844 τοῖς
1573 1776 1703 1856 ῥήμασιν,
1729 1779 1757 1836 ἐν
1778 1780 1817 1858 τῷ

240 1877 359 1947 tempore
368 1863 587 1938 confabulantes,
601 1881 655 1920 non
666 1859 836 1920 admonuerit
863 1881 911 1920 nec
932 1880 988 1920 uor-
1042 1867 1157 1947 γέλωτι,
1171 1869 1377 1950 ὶνςῇρᾳνυμῖᾳ,
1391 1859 1551 1928 Είςαπάλςν
1566 1873 1644 1946 ἡμεῖς
1661 1869 1815 1948 «κάμψῃ

240 1958 341 2018 rexerit
351 1977 396 2016 eos
410 1980 417 2014 τ
430 1956 483 2015 hoe
491 1952 797 2034 meliusestprecatione
809 1951 876 2033 ipsa·
890 1952 988 2012 Dimit·
1043 1959 1151 2033 ἀνωθεν,
1165 1962 1201 2028 ὥς
1214 1959 1335 2032 ἐπίτηδες
1348 1960 1393 2020 διὰ
1406 1965 1484 2019 τοῦτο
1506 1959 1687 2031 σκάπτοντες,
1710 1957 1816 2019 ίνακα·
1846 2014 1849 2019 ,

241 2063 267 2109 te
278 2069 377 2135 prepeti,
392 2062 418 2107 θί
431 2046 511 2106 illum
523 2046 650 2127 increpa:
667 2045 743 2103 itaet
759 2043 803 2103 ίίίί
816 2042 950 2124 proderis,
961 2058 987 2103 θί
1042 2051 1135 2132 dapnis<
1150 2051 1242 2119 αὐτοὺς
1253 2051 1405 2132 πέμψαντες
1414 2051 1494 2111 πάλιν
1509 2052 1606 2129 ἴδωμεν
1617 2049 1817 2132 συναγαγόντι(

239 2159 270 2205 tu
285 2143 441 2204 lucraberis.
457 2143 504 2206 sic
516 2143 665 2224 poterimus
676 2161 768 2200 omnes
783 2140 934 2199 salutemet
945 2160 986 2199 ne-
1040 2143 1084 2203 τὸν
1103 2142 1240 2223 βόρόορον.
1255 2142 1307 2202 Διά
1320 2148 1397 2203 τοῦτο
1410 2141 1580 2223 παραδίδωμι
1592 2145 1662 2220 ὑμᾶς
1684 2144 1726 2222 τῷ
1742 2144 1816 2224 Θεῷ.

240 2257 325 2318 gnum
333 2236 462 2297 calorum
476 2235 582 2313 assequi
597 2255 670 2312 :quo
683 2253 732 2293 nos
745 2253 838 2293 omnes
847 2231 903 2292 frui
916 2252 985 2292 con-
1040 2235 1175 2296 Ἐντεῦθεν
1186 2236 1237 2310 ἤδη
1251 2236 1297 2296 καί
1307 2234 1522 2315 διαμαρτύρομαι
1534 2239 1597 2313 ὑμῖν
1615 2243 1671 2302 τοῖς
1686 2234 1817 2314 ὑγιαίνω-

238 2329 344 2409 tingat,
359 2329 446 2408 gratia
459 2326 661 2407 etbenignitate
676 2324 786 2384 Domini
807 2324 893 2384 nostri
920 2325 985 2386 Jesu
1003 2342 1021 2390 n
1039 2327 1142 2402 σιν,ότι
1155 2326 1239 2408 κρίμα
1252 2327 1399 2404 ύμῖνέοται
1412 2327 1459 2387 καί
1472 2327 1642 2407 κατάκριμα,
1656 2327 1683 2386 εί
1696 2351 1740 2395 τις
1753 2326 1816 2387 tous

239 2421 350 2498 Christi,
372 2420 484 2501 quicum
501 2418 577 2480 Patri
591 2417 737 2498 'simulque
753 2416 871 2498 Spiritui
894 2429 986 2476 sancto
1039 2425 1216 2492 ἀτακτοῦντα,
1230 2419 1256 2479 εί
1273 2443 1314 2488 τις
1332 2418 1517 2500 διαλεγόμενον
1532 2419 1650 2498 μάλιστα
1673 2423 1702 2480 ἐν
1724 2419 1817 2501 ἐκείνιρ

238 2513 346 2592 gloria,
359 2512 514 2593 imperium,
529 2510 635 2588 honor,
651 2530 723 2569 nunc
739 2521 766 2569 et
778 2529 893 2589 semper,
907 2520 933 2566 et
957 2507 986 2565 in
1038 2517 1181 2596 ςῷκαιρῷ,
1195 2512 1232 2593 μὴ
1247 2511 1446 2591 ΙΙκαταμηνύσω
1457 2512 1525 2591 μηδὲ
1536 2511 1700 2594 ἐπιστρέψω·
1713 2511 1816 2591 βίλτισι
1837 2494 1844 2505 ”

237 2605 334 2664 saecula
346 2605 513 2665 saculorum.
524 2605 616 2664 Amen.
1040 2609 1119 2686 εὐχῆς
1136 2609 1221 2665 τοῦτο.
1231 2602 1309 2684 Ἄφες
1322 2626 1368 2665 σου
1381 2603 1431 2676 τὴν
1444 2603 1536 2683 εὐχὴν,
1559 2602 1676 2684 κάκείνῳ
1690 2603 1815 2683 ἐπιτίμη-
1834 2624 1843 2645 ¹

1040 2720 1100 2757 σον·
1124 2696 1193 2756 otto
1217 2701 1338 2757 κάκεῖνον
1361 2695 1521 2776 ὠφελήσεις,
1548 2698 1595 2757 καί
1617 2695 1650 2757 σὺ
1670 2696 1813 2775 κερδανεῖς.

1038 2790 1119 2850 Οὕτω
1130 2790 1175 2849 καί
1189 2788 1354 2867 δυνησόμεθα
1365 2788 1478 2855 ἀπαντες
1492 2792 1625 2863 σωθῆναι,
1636 2788 1685 2849 καί
1704 2794 1752 2862 τῆς
1761 2792 1813 2850 τῶν

1037 2886 1154 2965 οὐρανῶν
1167 2882 1302 2961 βασιλείας
1314 2885 1447 2960 ἐπιτυχεῖν
1459 2904 1466 2917 ·
1477 2872 1509 2952 ἧς
1517 2880 1620 2961 γίνοιτο
1630 2882 1734 2950 πάντας
1742 2885 1811 2960 ἡμᾶς

1036 2976 1186 3034 ἀπολαῦσαι
1196 2972 1289 3055 χάριτι
1303 2973 1349 3032 καί
1361 2973 1544 3054 φιλανθρωπίᾳ
1554 2980 1601 3034 τοῦ
1621 2972 1723 3056 Κυρίου
1736 2975 1810 3052 ἡμῶν

1036 3067 1125 3138 Ἰησοῦ
1146 3067 1277 3145 Χριστοῦ,
1298 3067 1355 3142 μεθ’
1379 3056 1409 3124 οὗ
1429 3069 1467 3144 τῷ
1487 3065 1577 3145 Πατρί
1606 3065 1665 3144 ἅμα
1687 3070 1726 3146 τῷ
1745 3064 1808 3146 δγίμ

1036 3157 1176 3236 Πνεύματι
1189 3157 1263 3230 δόξα,
1279 3157 1391 3237 κράτος,
1409 3157 1490 3236 τιμὴ,
1504 3163 1549 3216 νῦν
1572 3158 1619 3218 καί
1635 3158 1695 3229 ἀεί,
1710 3157 1754 3218 καί
1775 3160 1810 3224 είς

1000 3266 1017 3313 C
1033 3249 1092 3319 τοίις
1103 3253 1203 3316 αἰῶνας
1217 3252 1269 3308 τῶν
1285 3248 1395 3308 αἰώνων.
1411 3248 1504 3327 Ἀμήν.

275 3464 288 3491 ί
300 3463 352 3530 [Ita
365 3480 452 3515 omnes
460 3460 543 3514 Codd.
556 3464 636 3514 nostri
646 3474 670 3514 et
680 3462 756 3515 savit.
770 3470 808 3517 καί
816 3470 883 3516 darno·
898 3470 946 3524 tm,
960 3471 1001 3515 ἀπ.
1052 3472 1077 3510 et
1087 3461 1115 3510 C.
1129 3469 1163 3524 μὴ
1179 3464 1340 3528 καταμηνύσῃ,
1352 3468 1386 3524 μὴ
1405 3467 1538 3530 ἀποστρέψῃ
1557 3461 1679 3530 (ἐπιτρίψῃ
1692 3460 1732 3527 C.)
1741 3460 1804 3523 Quos

240 3550 286 3595 tua
297 3541 402 3608 uouit]
1054 3555 1104 3589 non
1116 3540 1186 3604 sequi
1197 3535 1306 3589 debebat
1317 3536 1422 3602 Nomi]

271 3624 343 3687 ·[lta
356 3623 383 3671 θ.
391 3623 422 3672 D.
432 3632 457 3672 et
466 3618 654 3681 Commei.,nisi
665 3616 735 3684 qood
743 3620 770 3671 B.
782 3628 816 3684 μὴ
827 3627 916 3689 ῖπιττρ.
924 3617 993 3669 Santi

1202 3801 1786 3814 -m-——ss--m-Q——ss--a-—ut-

965 3820 1299 3826 ——..r........-...---....-
1319 3819 1402 3826 .-.-.—-
1412 3815 1786 3827 ——..·.-.-...—-——-.-—-

241 3823 424 3833 μ*

484 3971 644 4033 nonnula
667 3968 760 4032 XXV.
1326 3971 1462 4030 ΟΜίΛΙΑ
1478 3967 1527 4030 κε’.

243 4163 313 4220 Can.
328 4159 380 4220 Xl.
397 4180 425 4220 v.
448 4160 495 4218 19.
509 4158 563 4216 Illi
576 4158 704 4237 quidam,
721 4161 773 4235 qui
787 4159 909 4235 dispcrsi
917 4155 986 4236 fue·
1039 4156 1074 4213 οί
1095 4152 1142 4231 μὲν
1155 4144 1199 4213 οὖν
1214 4152 1400 4235 διασπαρέντες
1415 4153 1468 4212 ἀπὸ
1481 4158 1529 4226 τῆς
1545 4154 1659 4233 θλίψεως
1671 4158 1788 4232 τῆςγινν·
1848 4162 1861 4209 Ῐῖ

281 4265 351 4312 rant
373 4274 393 4311 a
418 4251 620 4322 tribulatione,
646 4252 809 4331 quaefacta
825 4250 932 4332 suerat
949 4248 985 4304 οθ
1078 4242 1159 4320 μένης
1177 4244 1220 4306 ἐπί
1239 4243 1383 4327 Στερόνῳ,
1406 4247 1511 4318 διῆλθον
1536 4245 1587 4313 ἕως
1611 4246 1736 4317 Φοινίκης
1756 4241 1789 4303 καί

283 4348 474 4427 Stephanum,
495 4349 728 4426 pertransiemnt
752 4365 843 4424 usquc
862 4345 985 4402 Paaeni-
1079 4334 1187 4416 Κύπρου
1214 4336 1258 4394 καί
1282 4335 1455 4415 Ἀντιοχείας,
1484 4337 1578 4415 μηδενί
1602 4339 1737 4404 λαλοῦντες
1757 4334 1790 4393 τίν
1855 4386 1861 4393 .

284 4461 339 4498 cen
356 4452 384 4497 ct
397 4440 529 4517 Cyprum
546 4450 575 4495 et
587 4436 793 4507 Antiochiam,
813 4438 922 4494 nemini
942 4434 988 4492 lo·
1078 4427 1165 4505 λόγον,
1184 4430 1208 4486 εί
1232 4426 1270 4504 μὴ
1293 4428 1370 4505 μόνον
1384 4426 1531 4497 Ἰουδαίοις.

285 4543 406 4612 quentcs
419 4533 561 4602 verbum,
582 4533 639 4587 nisi
650 4529 721 4590 sotis
730 4527 853 4587 ludaeis·

286 4720 315 4775 t.
338 4709 548 4795 Nonparumad
561 4710 797 4791 verbiprosectum
807 4708 990 4790 contulitper-
1082 4709 1143 4771 ιὈὐ
1165 4713 1412 4793 μικρδνθδιωγμὸς
1424 4715 1600 4797 κατώρθωσεν
1614 4719 1653 4785 είς
1665 4716 1797 4795 τὸνλόγον.
1850 4676 1861 4779 ¹2

91 4834 233 4883 nantas.
244 4809 368 4890 sequutio
378 4832 385 4866 ι
396 4828 458 4868 nam
465 4805 771 4885 DiligentibusDcum,
780 4802 879 4881 inquit,
892 4807 992 4863 omnia
1043 4805 1108 4869 Τοῖς
1120 4802 1171 4885 γὰρ
1186 4808 1310 4883 ἀγαπῶσι
1323 4806 1368 4866 τὸν
1384 4808 1454 4868 θεὸν
1472 4808 1562 4867 πάντα
1576 4819 1715 4893 συνεργεῖ,
1728 4808 1801 4891 φησίν,

245 4911 440 4983 cooperantur
460 4899 491 4955 in
503 4899 620 4954 bonum.
638 4893 823 4953 Sivoluissent
838 4893 880 4953 illi
893 4894 990 4954 Eccle-
1009 4912 1028 4958 n
1043 4897 1079 4962 εἰς
1096 4895 1203 4973 ἀγαθόν.
1218 4898 1278 4956 Οὐκ
1292 4896 1333 4971 ἀν,
1347 4897 1372 4957 εί
1380 4923 1410 4976 γε
1424 4899 1547 4973 ἐπίτηδες
1567 4903 1736 4964 ἐσπούδασαν
1748 4905 1805 4972 στῆ·

243 4996 313 5054 siam
327 5009 486 5075 propagare,
506 5008 559 5046 non
572 4983 649 5044 aliud
666 4984 790 5044 fecissent
804 5009 811 5042 ε
826 4984 861 5043 de
880 4985 989 5067 disper-
1043 5011 1088 5047 σαι
1100 4988 1149 5060 τὴν
1157 4988 1329 5062 Ἐκκλησίαν,
1341 4991 1406 5050 ἀλλο
1418 5017 1445 5051 τι
1458 4992 1597 5068 ἐποίησαν,
1612 4993 1630 5065 ἢ
1644 4997 1735 5057 τοῦτο·
1748 4995 1810 5077 λέγω

244 5086 317 5145 sione
339 5085 434 5161 loquor
464 5078 614 5139 doctorum.
642 5075 678 5135 Et
707 5075 770 5136 vide
789 5096 917 5154 quorsum
937 5097 989 5135 ex-
1042 5079 1070 5138 δέ
1092 5081 1123 5140 τὸ
1145 5083 1295 5161 διασπεῖραι
1314 5082 1373 5151 τοὺς
1395 5086 1578 5153 διδασκάλους.
1592 5087 1647 5147 Καί
1671 5080 1821 5169 όραποῦτδ

243 5190 315 5236 tensa
331 5175 410 5235 fuerit
430 5170 596 5254 pradicatio.
611 5170 860 5239 Pertransicrunt,
884 5166 986 5247 iuquit,
1042 5170 1167 5252 κήρυγμα
1185 5171 1302 5245 ἐξετάθη.
1315 5178 1439 5251 Διῆλθον,
1451 5178 1543 5258 ρηοίν,
1565 5177 1615 5248 ίως
1628 5181 1762 5254 Φοινίκης
1775 5168 1834 5244 suak

274 5340 344 5390 batti
363 5345 388 5393 ci
403 5347 485 5408 μικρὸν
497 5342 657 5404 κατόρθωμαδ
674 5340 769 5401 διωγμὸς
782 5342 866 5400 γέγονε.
883 5347 927 5393 τοῖς
942 5344 994 5403 γάρ.
