3728 5978
95 432 188 530 54
433 461 464 509 s
489 459 629 509 renunes
655 456 840 560 euersosr.
870 454 1024 502 ancittae.
1052 454 1323 502 eousraunnon.

94 583 188 658 audes,
208 582 330 686 idipsum¹
348 583 415 641 facis
428 581 501 661 quod
524 580 602 641 Cain.
619 581 775 640 Cruncnim
792 600 840 659 ap-
896 576 1008 652 ξατο,
982 603 1013 639 συ
1031 577 1060 639 88
1078 580 1177 659 τολμᾷς
1195 577 1459 660 τοότῳάγανακτεῐν,
1472 576 1565 636 ταῦτδν
1579 599 1663 642 ποιεις

94 676 209 758 probare
224 674 404 778 oportuisset,
427 694 498 753 aegre
512 686 538 732 et
560 672 671 776 indigne
692 670 756 730 tulit
770 669 838 749 ifle,
896 660 949 730 οἷον
960 674 975 729 ό
985 669 1062 730 Κάϊν.
1076 668 1143 728 Δέον
1156 668 1209 752 γδιρ
1223 637 1414 743 ἀπόδέξασθαι,
1432 671 1446 729 8
1460 667 1488 729 δὲ
1500 667 1543 729 ότι
1556 691 1664 748 προετι-

93 767 196 847 quods
193 767 272 826 ratris
286 767 329 825 sui
347 766 460 827 victima
481 765 715 846 acceptioresset3
732 762 841 842 quando
859 771 880 820 Ι)
898 761 971 841 μήθη
990 766 1007 832 ἡ
1025 760 1103 821 θυσία
1123 765 1176 820 τοῦ
1189 762 1310 843 ἀδελφοῦ,
1327 760 1462 834 ἔλυπήδη·
1482 761 1663 836 ἠγανάκτησε,

95 882 240 943 compungi
233 860 405 941 oportebat.
422 858 482 939 Ego
495 880 559 920 vero
574 880 627 919 non
640 856 778 934 hoodico‚
795 855 842 917 sed
896 853 953 914 δίον
967 857 1158 934 καταυυγῆναι
1183 853 1303 933 Ἐγὼδί
1313 857 1343 913 οῦ
1356 861 1432 915 τοῦτο
1443 851 1530 932 λέγω,
1550 853 1610 911 ἀλλ’
1623 849 1664 910 ότι

96 953 170 1031 quod
195 955 268 1011 Deus
290 951 358 1010 sciat
379 971 437 1010 rem
457 950 560 1009 utiliter
577 949 743 1031 dispensare.
765 950 842 1029 Saepe
896 944 1080 1026 συμφερόντως
1093 935 1160 1005 οἶδεν
1175 943 1437 1024 οἰκονομεῖνόθεός.
1462 943 1598 1010 Πολλάκις
1613 942 1664 1022 γὰρ

93 1063 208 1122 namque
225 1055 255 1101 tu
258 1041 332 1121 ‚qui
351 1042 473 1100 moribus
492 1061 521 1100 es
541 1040 768 1114 modestioribus,
788 1060 841 1098 nou
895 1037 926 1097 τὸ
940 1036 988 1116 μὲν
999 1043 1061 1109 ἠθος
1078 1035 1323 1120 ίπιεικίστεροςσῦ,
1337 1038 1409 1096 οῦκέ
1410 1035 1543 1108 πιπηδειος
1556 1034 1592 1095 δί.
1609 1033 1665 1093 Πά·

93 1149 182 1196 tamen
197 1135 309 1195 idoneus
330 1157 368 1195 es
382 1138 487 1195 Rursus
505 1149 545 1195 est
563 1135 612 1195 tibi
635 1135 691 1195 vita
704 1134 841 1215 inculpata
895 1131 937 1189 λιν
948 1128 1005 1188 ἔστι
1019 1128 1104 1188 σοί
1074 1154 1122 1208 μιν
1138 1130 1193 1209 βίος
1207 1131 1325 1201 ἄληπτος
1340 1153 1374 1188 κα
1374 1120 1457 1202 8880<
1467 1126 1622 1209 ἐλευθίριον,
1636 1127 1665 1185 ίν

92 1249 235 1308 moresque
245 1227 369 1287 bberales
382 1242 563 1306 suntaneque
575 1241 663 1287 tamen
679 1248 707 1286 ιιι
719 1226 841 1286 Ecclesra
895 1219 924 1281 δὲ
936 1221 1123 1302 Εκκλησίφι
1098 1246 1127 1281 ου
1140 1247 1238 1282 τουτων
1250 1222 1336 1283 δει
1302 1245 1389 1302 μονον.
1411 1219 1550 1288 anneot
1562 1220 1608 1280 καί
1617 1221 1666 1280 άλ-

90 1318 151 1378 haec
159 1320 228 1379 satis
240 1333 312 1379 sunt
326 1320 453 1398 Alioquin
477 1339 542 1379 vero
566 1318 636 1378 alius
658 1317 694 1379 ad
707 1317 785 1377 aliud
799 1331 840 1388 est
895 1313 939 1379 λος
958 1313 1023 1393 πρὸς
1039 1314 1105 1373 ἄλλο
1119 1313 1205 1395 δρμόδ
1208 1314 1244 1383 ιός
1258 1319 1340 1375 ἐστιν.
1361 1318 1423 1395 Οὐχ
1439 1320 1511 1396 δρᾷς,
1524 1312 1663 1393 ὅσονῦπίρ

93 1410 216 1470 idoneus.
232 1414 328 1470 Annon
354 1411 439 1487 vides,
458 1424 587 1490 quantam
607 1410 737 1470 harumce
749 1430 842 1472 rerum
893 1404 991 1464 τούτων
1013 1406 1157 1478 πεποίηται
1169 1405 1246 1486 λόγον
1262 1412 1280 1479 8
1298 1405 1356 1466 θεία
1374 1409 1397 1467 Γ
1398 1407 1484 1487 φοράς
1500 1405 1613 1466 Ἀλλ’
1586 1428 1664 1479 ειπω,

1 1520 61 1624 ρὶχιο
25 1502 226 1579 unprationem
240 1501 339 1561 babeat
359 1481 454 1561 divina
480 1502 644 1583 Scriptura?
669 1499 723 1561 Sed
738 1501 839 1575 dicam,
895 1495 964 1566 τίνος
973 1497 1058 1558 ἕνεκεν
1072 1498 1463 1614 περιμάχητοντὸπρᾶγμαί
1432 1524 1449 1579 γ
1463 1522 1551 1580 γονεν·
1545 1499 1665 1578 ·ότιυιχ

19 1597 149 1671 ¹¹¹·qua
162 1593 197 1653 de
212 1615 291 1652 causa
315 1593 367 1652 bac
384 1593 418 1653 de
433 1614 462 1653 re
483 1592 597 1653 dissidia
621 1595 764 1652 oriantur:
757 1593 842 1696 ‚quia
896 1593 932 1656 ὡς
952 1588 997 1648 ἐπί
1013 1588 1116 1671 ἀρχὴν,
1140 1590 1186 1651 καί
1202 1591 1365 1672 προστασίαν
1386 1592 1505 1671 ἀδελφῶν
1524 1590 1665 1671 ἐρχόμεθα,

95 1707 191 1768 nempe
202 1707 256 1745 non
269 1685 348 1764 quasi
369 1685 405 1744 ad
416 1685 604 1766 praefecturam
619 1700 644 1744 et
660 1685 843 1767 patrocinium
861 1695 880 1742 Ε
896 1682 987 1740 οἰλλΗ
972 1704 1009 1747 ως
1023 1681 1067 1742 ἐπί
1083 1681 1164 1760 τιμδν
1174 1683 1247 1743 καί
1232 1683 1390 1743 αναπαυσιν
1409 1684 1444 1742 Et
1454 1685 1506 1764 γίιρ
1516 1680 1605 1762 ἥδεις
1623 1681 1664 1766 ότι

1 1830 4 1835 .
75 1778 210 1837 ¹fratrum
223 1776 394 1879 accedimus,
402 1775 451 1836 sed
471 1798 549 1877 quasr
541 1776 598 1836 'ad
612 1778 744 1836 bonorem
758 1790 840 1837 etre-
895 1773 1001 1833 ποίυτων
1016 1767 1160 1854 όφείλειί
1135 1799 1203 1835 εναι
1223 1779 1238 1834 8
1259 1774 1410 1849 ἐπίσκοπος,
1423 1773 1512 1835 τίι’
1473 1798 1581 1835 παντων
1594 1760 1663 1857 βάρη

93 1868 195 1947 quiem
208 1867 238 1928 Si
258 1867 338 1926 scires
351 1867 424 1926 enim
441 1867 600 1948 episcopum
627 1867 749 1927 omnium
774 1888 840 1946 esse,
896 1865 1052 1944 βαστάζων
1072 1865 1114 1926 ότι
1134 1891 1189 1936 τοις
1201 1865 1249 1946 μὲν
1264 1866 1353 1934 άλλοις
1365 1866 1542 1946 ὀργιζοαενοις
1552 1891 1666 1947 ουγγυυκ

9 2022 15 2032 ,
92 1959 216 2019 omnium
230 1979 311 2018 onera
325 1957 630 2040 ferreoportere3quod
643 1958 732 2018 aliis
724 1980 843 2018 uaseen-
896 1982 943 2036 μη,
963 1959 1035 2038 αυτῷ
1056 1957 1084 2018 δὲ
1105 1961 1234 2038 οὐδαμοῦ·
1251 1959 1292 2020 ότι
1310 1968 1364 2026 τοῖς
1378 1961 1470 2027 ἄλλοις
1478 1960 1666 2043 ,ἁμαρτανονσι

92 2049 168 2109 tibus
187 2050 267 2111 venia
279 2049 371 2129 detur,
390 2049 431 2109 illi
451 2071 515 2110 vcro
539 2050 668 2127 minime;
683 2050 755 2129 quod
780 2049 843 2110 aliis
893 2049 1054 2130 παραίτησις
1070 2048 1189 2126 οπολλὴ,
1211 2053 1283 2131 αὐτῷ
1301 2050 1329 2112 δὲ
1343 2053 1391 2111 οῦκ
1406 2051 1455 2126 ἔτι,
1468 2056 1517 2110 οῦκ
1528 2051 1560 2111 διν
1571 2051 1666 2113 ἔσπευ-

92 2143 266 2225 peccantibus
285 2144 423 2204 excusatio
442 2143 539 2223 multa,
555 2142 608 2224 ipsi
621 2164 687 2202 vero
701 2142 776 2202 nulla
786 2142 841 2202 sit:
894 2164 942 2208 σας
961 2142 1005 2202 ἐπὶ
1026 2142 1074 2216 τὴν
1096 2142 1192 2224 ἀρχὴν,
1213 2146 1260 2205 οὐκ
1273 2143 1307 2202 ἂν
1321 2143 1441 2226 ἔδραμες.
1464 2136 1665 2227 Καίγίιροότος

92 2235 129 2295 ad
151 2232 223 2295 hane
244 2235 404 2316 dignitatem
429 2257 481 2297 non
504 2237 675 2296 accurrisses.
689 2236 740 2296 Hie
769 2236 841 2295 enim
893 2242 948 2300 τοῖς
967 2233 1242 2295 ἁπάντωνῦπόκειται
1257 2235 1460 2315 στόμασι,ταῑς
1471 2237 1597 2297 ἁπάντων
1609 2237 1667 2318 κρί·

93 2327 217 2387 omnium
240 2326 342 2409 linguis
355 2327 495 2409 expositus
517 2342 567 2406 est,
589 2328 711 2387 omnium
722 2326 839 2408 judicio,
893 2348 960 2396 σεσι,
973 2325 1019 2385 καί
1033 2331 1130 2408 σοφῶν,
1144 2327 1190 2387 καὶ
1204 2327 1323 2408 ᾶαόφων·
1343 2326 1462 2412 φροντίσι
1474 2328 1536 2388 καθ’
1551 2328 1665 2402 ἑκάστην

93 2418 256 2500 sapientium
265 2434 292 2480 et
301 2420 488 2524 insipientium
498 2444 504 2477 ι
516 2419 681 2499 quotidianis
693 2420 768 2479 euris
778 2432 842 2478 atte·
893 2417 1019 2478 κόπτεται
1031 2418 1079 2492 τὴν
1100 2418 1219 2500 ἡμέραν,
1236 2423 1296 2480 καθ’
1306 2421 1430 2495 -ίκάοτην
1442 2420 1541 2481 νόκτα·
1555 2422 1668 2491 πολλοῦς

91 2525 171 2590 ntur,
179 2533 234 2571 rmo
247 2526 274 2572 et
285 2513 437 2572 nocturnis:
449 2514 598 2572 multorum
612 2512 685 2588 odio,
691 2513 839 2585 multorum
893 2507 1001 2590 ἔχει
962 2532 1022 2578 τους
1041 2517 1192 2588 μισοῦντας,
1209 2513 1323 2580 πολλοὺς
1339 2511 1448 2594 ἔχει
1407 2537 1467 2581 τους
1479 2515 1668 2594 διαφθονουμέ

92 2604 205 2664 rnvrdrae
216 2619 298 2687 patet
310 2608 350 2666 Ne
365 2607 435 2666 mihi
446 2627 518 2666 emm
531 2606 567 2666 de
578 2607 632 2666 iilis
641 2607 774 2686 loquaris
789 2605 880 2699 qui²⁹
892 2623 961 2668 tout
971 2601 1068 2675 M8'
1033 2626 1085 2683 γαρ
1099 2626 1190 2682 μοιπε
1155 2603 1217 2685 ρί
1228 2603 1333 2664 ἐκεινων
1345 2604 1443 2686 είπης
1449 2609 1504 2665 τῶν
1517 2630 1608 2666 παντα
1615 2629 1668 2686 χα

92 2696 182 2757 omnia
202 2697 239 2758 ad
257 2699 373 2779 gratiam
394 2699 506 2773 iaciunt,
531 2713 557 2758 et
571 2699 690 2760 dormire
712 2698 908 2780 cupiunt,np
859 2692 1049 2773 Δρῑζομὲνων,
1068 2698 1121 2753 τῶν
1138 2695 1271 2755 καθεύδειν
1286 2695 1466 2775 βουλομένων
1490 2699 1543 2756 τῶν
1563 2700 1600 2764 ὣς
1626 2695 1670 2757 itti

92 2809 139 2867 qur
133 2788 193 2849 ad
203 2790 255 2850 boc
263 2804 400 2871 negotium
413 2813 492 2870 quasa
485 2791 544 2852 ad
564 2792 685 2871 requiem
698 2789 838 2851 accedunt.
894 2787 1042 2847 ἀνάπαυσιν
1056 2791 1092 2857 εἰς
1115 2788 1146 2848 τδ
1165 2800 1278 2872 πρᾶγμα
1291 2791 1448 2872 ἐρχομένων.
1469 2792 1510 2852 Οὐ
1527 2813 1579 2871 περ
1580 2791 1591 2849 ί
1610 2813 1669 2849 του·

91 2884 133 2942 De
146 2883 190 2943 his
203 2904 256 2943 non
268 2883 372 2963 loquor,
384 2884 430 2945 sed
440 2884 525 2963 dens,
537 2906 585 2965 qur
576 2884 714 2965 vigilant
722 2904 772 2965 pro
780 2905 839 2943 am·
893 2904 946 2939 των
974 2885 988 2940 ὁ
1013 2879 1102 2960 λόγος,
1128 2880 1196 2942 ἀλλὰ
1218 2882 1280 2961 περὶ
1302 2883 1408 2943 ἐκείνων
1437 2887 1490 2943 τῶν
1506 2881 1669 2963 ἀγρυπνοῦν-

92 2973 188 3033 mabus
205 2975 314 3050 vestris,
327 2975 375 3054 qui
386 2976 559 3035 subditorum
573 2977 688 3036 salutem
698 2997 753 3035 suae
766 2989 840 3035 ante-
893 2997 946 3032 των
963 2972 1030 3055 ὑπὲρ
1046 2977 1099 3033 τῶν
1116 2977 1209 3055 ψυχῶν
1235 2978 1323 3054 ὑμῶν,
1345 2978 1398 3036 τῶν
1418 2981 1466 3049 τῆς
1492 2974 1591 3043 οἰκείας
1612 2999 1669 3035 σω·

92 3078 205 3146 ponunt.
217 3064 268 3124 Dic
286 3067 373 3125 mihi:
389 3067 413 3125 si
434 3067 467 3138 is,
489 3067 537 3145 qui
557 3066 649 3126 decem
665 3067 737 3127 filios
756 3067 840 3127 habet
893 3064 988 3149 τηρίας
1003 3066 1052 3139 την
1072 3071 1124 3126 τῶν
1143 3067 1298 3148 ἀρχομένων
1318 3067 1502 3150 προτιθέντων.
1523 3068 1594 3130 Εἰπέ
1608 3093 1668 3146 μοι,
1701 3129 1707 3137 ,

93 3157 228 3232 subditos,
238 3180 329 3218 secum
343 3179 448 3240 semper
463 3159 623 3232 habitantes,
635 3160 692 3220 sine
704 3160 840 3220 intermis·
894 3160 918 3216 εἰ
942 3156 1007 3218 δίκα
1030 3182 1071 3226 τις
1093 3161 1190 3227 παῖδας
1214 3159 1281 3240 ἔχων
1299 3161 1465 3242 ὑποχειρίους
1487 3168 1670 3229 συνοικοῦντας

95 3249 170 3310 sione
191 3271 285 3310 curam
307 3251 417 3310 illorum
426 3251 525 3310 babere
538 3251 645 3332 cogitur
657 3275 667 3330 ς
681 3251 716 3327 is,
739 3253 788 3333 qui
800 3258 839 3312 tot
893 3252 964 3332 αὐτῷ
990 3251 1151 3326 διαπαντὸς,
1177 3252 1353 3321 ἀδιαλείπτως
1377 3258 1463 3315 αὐτῶν
1490 3255 1668 3335 ἀναγκάζεται

93 3341 187 3417 habet,
201 3363 255 3402 non
273 3342 324 3402 sub
345 3363 428 3402 manu
447 3343 559 3424 positos,
581 3363 634 3402 uon
647 3343 839 3419 cohabitantes,
893 3341 1046 3425 φροντίζειν,
1059 3343 1196 3412 τοσούτους
1217 3344 1286 3426 ἔχων
1306 3338 1380 3414 οὗτος
1396 3349 1468 3427 ὀὐχ
1487 3345 1669 3430 ὑποχειρίους,

93 3435 143 3495 sed
151 3435 302 3496 auctoritati
310 3456 364 3494 suae
379 3436 562 3515 obsequentes,
572 3436 746 3515 qualemessc
759 3458 840 3516 opor·
894 3436 924 3495 οὐ
948 3441 1145 3516 συνοικοῦντας,
1162 3437 1220 3496 ἀλλ’
1238 3439 1265 3496 ἐν
1287 3442 1320 3518 τῇ
1340 3437 1393 3520 ἰδία
1413 3437 1517 3517 ἐξουσίᾳ
1533 3439 1582 3512 τὴν
1596 3442 1668 3498 ὓπα-

94 3528 228 3605 tet?Sed‚
246 3527 400 3607 inquieS,in
415 3528 652 3588 honorehabetur
667 3532 697 3590 ln
719 3550 774 3607 quo
789 3528 842 3588 ho-
895 3527 958 3600 κοὴν
986 3525 1107 3607 ἔχοντας,
1121 3526 1161 3595 τίς
1185 3531 1233 3588 οῦκ
1257 3530 1356 3611 ὀφείλει
1382 3531 1518 3611 γενέσθαι,
1530 3530 1610 3591 Ἀλλὰ
1630 3556 1670 3591 τι·

95 3623 181 3682 nore?
195 3620 493 3702 Pauperesvilissimi
485 3644 512 3681 nr
531 3621 693 3703 semipsum
714 3622 864 3682 conviciis
895 3633 994 3702 μαται,
1018 3623 1106 3705 φησίν.
1135 3621 1207 3700 Ποία
1228 3646 1308 3700 88283
1329 3622 1447 3695 Πίνητες
1469 3623 1670 3745 τριωόολιμαῖοι

94 3713 223 3773 lacerant.
224 3713 282 3771 Cur
292 3733 355 3792 ergo
363 3711 419 3771 rlbs
427 3734 480 3772 non
491 3734 521 3773 os
531 3712 671 3773 occludit?
681 3712 757 3772 belle
765 3735 842 3791 sane,
898 3719 1096 3798 βλασφημοῦσιν
1118 3716 1196 3776 αῦτδν
1210 3717 1299 3776 ἐπὶ
1265 3740 1313 3788 της
1339 3719 1447 3798 ἀγορᾶς.
1462 3709 1549 3778 Τί
1518 3741 1562 3777 ουν
1577 3717 1671 3786 αὐτοὺς

95 3805 207 3866 sednon
223 3825 291 3885 opus
305 3804 425 3910 episcopi
444 3826 544 3866 narras.
559 3804 710 3865 Rursus
684 3805 735 3864 ursi
757 3807 844 3867 omni·
863 3811 945 3872 Βοῦκ
970 3807 1146 3887 ἐπιστομίζιι;
1163 3808 1239 3868 Πάνυ
1261 3832 1299 3888 γε.
1320 3811 1360 3870 Οὔ
1384 3808 1437 3891 γδρ
1463 3809 1610 3871 ἐπισκόπου
1628 3801 1670 3871 λί-

96 3898 148 3958 bus
156 3897 299 3978 largiatur
308 3910 363 3956 tam
372 3912 476 3976 obesis,
487 3920 570 3978 quam
582 3919 625 3975 us,
634 3919 680 3977 qur
690 3911 845 3978 operantur,
897 3897 1350 3981 γειςέρ.γον11άλιν,ἡδνμὴπᾶσι
1367 3900 1489 3983 παρέχη,
1505 3903 1553 3962 καί
1566 3906 1670 3971 τοῑςίυ

96 3995 173 4055 mille
188 3993 310 4072 undiquc
330 3993 589 4055 criminationibus
581 3993 744 4075 impetitur:
765 4016 844 4054 nemo
899 3991 994 4074 ἀργίφι,
1022 3989 1069 4050 καί
1091 3999 1146 4058 τοῖς
1169 3991 1366 4074 ἐργαζομένοις,
1396 3994 1478 4073 μυρία
1504 3996 1669 4076 πανταχόθεν

97 4086 174 4146 timet
189 4086 267 4146 illum
276 4105 400 4146 accusare
415 4101 441 4146 et
451 4086 598 4147 criminari.
609 4087 679 4145 Nam
695 4106 758 4166 erga
770 4085 845 4166 prin·
898 4082 1069 4164 ἐγκλήματα·
1096 4083 1179 4151 οὐδείς
1201 4083 1300 4144 δέδοικε
1322 4090 1505 4168 κατηγορῆσαι
1516 4086 1563 4145 καὶ
1575 4088 1669 4148 διαόα-

97 4175 171 4256 cipes
184 4190 272 4237 metus
285 4177 403 4252 cohibet,
414 4197 478 4255 erga
493 4176 543 4236 bos
557 4177 678 4241 minime.
689 4179 770 4262 Apud
783 4180 845 4239 illos
898 4181 967 4238 λεῖν·
986 4175 1030 4237 ἐπί
1046 4175 1094 4256 μὲν
1105 4176 1157 4258 γάρ
1170 4179 1221 4235 τῶν
1237 4176 1393 4258 ἀρχόντωνδ
1404 4177 1483 4257 φόβος
1494 4177 1612 4253 ἔπεστιν,
1626 4180 1670 4241 ίπί

97 4268 170 4328 enim
184 4269 267 4329 timor
288 4270 340 4329 Dei
363 4268 433 4328 nihil
457 4270 538 4330 valet.
562 4270 632 4343 Quis
656 4287 845 4353 representare
898 4268 926 4331 δὲ
947 4269 1046 4332 τούτων
1060 4271 1129 4352 οὐχί.
1145 4268 1239 4351 Ὁγίιρ
1251 4269 1329 4351 φόόος
1348 4277 1394 4330 τοῦ
1413 4273 1484 4332 Θεοῦ
1504 4274 1567 4353 παρ’
1584 4276 1670 4341 αὐτοῖς

97 4363 184 4441 possit
201 4383 296 4423 curam
319 4362 355 4422 de
368 4362 450 4424 verbo
460 4375 486 4421 et
503 4362 639 4444 doctrina,
656 4365 846 4425 difficultatem
899 4361 972 4423 οὐδὲν
986 4363 1079 4444 ἰσχύοι.
1096 4361 1132 4422 Τί
1145 4361 1177 4420 άν
1191 4385 1231 4428 τις
1245 4360 1314 4422 είποι
1332 4362 1380 4434 τὴν
1393 4360 1454 4445 περί
1471 4363 1516 4422 τὸν
1533 4363 1671 4443 λόγονκαὶ

98 4454 127 4514 in
153 4454 392 4516 ordinationibus?
413 4455 537 4514 Fortasse
563 4457 608 4517 vel
628 4477 678 4537 ego
698 4456 845 4517 admodum
897 4455 946 4529 την
957 4453 1127 4514 διδασκαλίαν
1138 4454 1279 4534 φροντίδας
1298 4454 1347 4527 την
1357 4454 1496 4516 δυσκολίαν
1510 4455 1560 4528 τὴν
1576 4460 1672 4524 ἕντοῖς

97 4546 250 4607 imbecillus
260 4569 330 4625 sum,
338 4547 430 4624 miser,
441 4561 467 4606 et
473 4548 576 4608 nullius
589 4549 669 4630 pretii
676 4572 685 4625 ς
696 4549 740 4609 vel
752 4571 793 4609 res
805 4551 844 4608 ita
898 4545 1087 4628 χειροτονίαιςς
1098 4545 1179 4626 Τάχα
1192 4543 1209 4617 8
1223 4544 1324 4626 σφόδρα
1345 4545 1455 4619 ἀσθενὴς
1479 4544 1531 4626 ἐγὼ
1548 4547 1671 4629 τυγχάνοι

97 4660 126 4699 se
142 4639 242 4717 babet,
258 4654 287 4700 ut
309 4640 380 4701 dico.
395 4639 548 4701 Sacerdotis
565 4641 655 4701 anima
668 4641 738 4701 nibil
752 4642 844 4701 differt
899 4638 944 4699 καί
958 4637 1125 4719 ταλαίπωρος
1145 4638 1191 4697 καί
1203 4638 1355 4717 οὐδαμινὸς,
1368 4637 1386 4709 8
1399 4641 1431 4699 τδ
1453 4649 1565 4720 πρᾶγμα
1589 4641 1671 4707 οὕτως
1704 4682 1707 4693 =

97 4753 113 4791 a
135 4733 197 4795 navi
223 4733 352 4793 fluctibus
376 4733 493 4814 agitata:
508 4733 629 4813 undique
648 4736 793 4816 pungitur,¹
807 4736 844 4796 ab
897 4731 963 4812 ἔχει.
979 4730 1062 4792 Οὐδὲν
1079 4728 1172 4791 πλοίου
1186 4731 1407 4810 κλυδωνιζομίνου
1422 4732 1570 4813 διενήνοχεν
1589 4739 1606 4806 8
1626 4739 1671 4794 τοῦ

97 4824 200 4902 amicis,
213 4826 248 4885 ab
261 4826 393 4902 inimicis3
406 4848 422 4885 a
436 4826 500 4902 suis,
515 4827 550 4885 ab
563 4827 667 4887 alienis.
683 4831 778 4888 Annon
794 4851 842 4888 or·
863 4837 881 4885 C
898 4824 986 4903 ίερίως
1007 4821 1095 4902 ψυχή·
1112 4820 1296 4903 1’πανταχόθεν
1324 4824 1452 4897 στίζεται,
1477 4825 1551 4904 παρὰ
1575 4827 1670 4907 φίλων,

132 5039 142 5061 ⁰
163 5030 236 5085 πολλή
263 5024 333 5078 deest
345 5026 370 5076 in
383 5022 543 5093 quibusdum.
911 5027 936 5074 in
946 5020 1022 5075 Savil.
1035 5035 1060 5073 et
1072 5021 1159 5073 Morei.
1172 5019 1246 5090 [Mox
1258 5025 1289 5075 Ι).
1304 5033 1326 5078 εἰ
1337 5031 1375 5077 οῦκ
1388 5027 1438 5096 ὀρ]

52 5120 55 5127 ·
131 5100 144 5140 «ί
162 5101 208 5152 atii
219 5115 263 5157 feo
275 5118 328 5159 πᾶσι
337 5114 504 5176 χχρςςομςοων.
946 5104 957 5139 λ
975 5099 1084 5153 scribet
1094 5100 1196 5169 quidam
1205 5103 1406 5170 bisenwraxodro
1416 5110 1585 5171 μεττιζοριένου
1597 5117 1665 5174 παρὰ.

131 5193 140 5217 ·
160 5184 201 5245 οὗχ
212 5185 350 5252 ὑποχειρίους
368 5181 437 5233 deest
456 5183 482 5233 iu
500 5181 557 5231 ttae.
579 5183 684 5246 nostris,
697 5179 740 5232 sed
757 5180 864 5231 babetur
