3742 5970
165 4196 205 4257 4,.

294 426 369 518 854
1019 437 1150 486 sunnis.

296 571 413 656 pedibus
431 586 523 628 omnes
534 579 634 645 gentes,
648 558 880 653 reges,·dynastae,
897 571 923 618 et
935 559 1040 639 sapien·
1058 568 1078 616 a
1094 562 1150 627 λιῑς
1160 558 1208 619 καὶ
1219 557 1343 617 δυνάσται
1354 556 1400 617 καί
1412 555 1491 637 τυροὶ
1502 550 1768 633 θτετάγηοαν;’λλλ’
1778 554 1853 631 «ipset,

296 667 338 712 tes
356 649 471 731 subjecti
486 658 571 705 erant.
590 647 715 703 Attamen
733 638 876 721 impudens
889 638 937 697 illa
953 639 1041 697 insili·

297 733 340 790 rit
358 727 435 808 quasi
458 727 528 785 latro
549 737 576 783 et
597 721 676 801 quasi
699 721 741 779 leo
764 719 882 797 rugiens,
905 731 932 777 et
951 719 1042 799 rapuit

299 808 468 891 apostolum,
480 804 548 864 adeo
561 823 596 861 ex
608 799 752 860 duodecim
766 797 820 856 illis
834 797 935 872 electis,
946 797 1042 877 praeci-

299 888 375 969 puis,
391 884 438 964 qui
452 904 502 942 nec
514 880 616 941 Christi
636 877 820 939 benedictione
840 876 883 937 rel
898 875 978 935 donis
991 898 1041 935 ra·

301 977 439 1025 euaserat
501 960 564 1019 inde
575 973 655 1038 atque
667 958 714 1017 alii
730 955 865 1015 undecim.
881 956 951 1013 Cum
971 956 1045 1015 enim

301 1044 395 1122 largus
408 1056 435 1101 et
482 1040 583 1099 nelieus
595 1051 662 1097 esset
675 1036 815 1114 Magister,
834 1034 912 1094 illum
928 1048 957 1092 ut
975 1034 1044 1093 reli-

302 1144 371 1201 quos
384 1119 536 1192 honoravit,
549 1116 678 1195 deditque
687 1116 727 1175 illi
739 1115 853 1205 gratiam
865 1113 1044 1188 curationum,

304 1215 331 1260 et
342 1212 497 1281 potestatem
513 1211 605 1257 contra
618 1196 811 1255 adversarium.
831 1194 890 1252 Imo
904 1193 986 1252 etiam
1000 1213 1046 1272 pe·

304 1280 353 1339 des
365 1280 434 1359 ejus,
456 1278 505 1355 qui
517 1290 610 1336 eontra
625 1274 787 1354 Magistrum
808 1270 960 1345 currebant,
976 1285 1006 1329 ut
1021 1283 1048 1329 et

306 1372 463 1418 caeterorum
476 1354 683 1435 discipulorum,
709 1351 826 1433 propriis
838 1350 963 1410 manibus
978 1350 1048 1409 lavit

306 1438 394 1497 ίιοοιιο
416 1435 463 1495 ille
480 1455 528 1493 nec
541 1454 644 1491 memor
664 1431 768 1512 injurias
786 1430 930 1489 Dominus.
957 1432 1048 1504 Quam

307 1530 387 1598 putas
399 1527 556 1594 potestatem
567 1510 699 1591 accepisse
711 1530 802 1569 cuma
820 1510 878 1568 Deo
891 1523 918 1567 et
931 1509 1049 1567 Domino

1095 639 1205 711 άναιδὴς
1223 638 1390 709 ίπεπήδησεν
1398 634 1495 717 ὥσπερ
1505 633 1615 729 ληστὴς
1625 632 1674 691 καὶ
1684 637 1720 699 ὡς
1730 633 1856 712 λε’ωνόνρνο

1095 741 1172 797 μενος
1181 717 1246 788 ,καί
1259 716 1402 797 άμίρπασε
1411 717 1457 775 τόν
1473 716 1643 786 ἀποστολον,
1659 715 1718 771 ἀλλ’
1733 715 1812 771 aaut
1823 716 1857 772 ξίν

1096 797 1161 857 θεκα
1175 802 1228 856 τῶν
1246 799 1386 887 ἐκλεκτῶν,
1400 798 1454 854 τῶν
1470 795 1600 871 λογάδων
1611 793 1662 850 καί
1675 793 1858 891 κοριραίωμωᾷτ

1096 877 1207 1015 tac
1218 877 1400 1015 aaut
1414 872 1861 1049 :tutissimus

1097 1001 1245 1108 δόσκαλθς,
1263 977 1425 1115 &auspicia
1435 976 1552 1099 λμαίποθς
1564 975 1695 1090 edictvm
1708 1032 1862 1107 ίτιμτ,σεν,ιιιί

1097 1113 1249 1211 νῦν
1263 1108 1864 1260 ιθνινδῑννῶν

1099 1196 1399 1331 όίόιθόιτίόῦυδέιδῦσσίαάλοο
1413 1271 1569 1352 τρέχοντας
1592 1267 1709 1333 οἰκείαις
1725 1232 1815 1347 χερί-ἰν,
1830 1269 1864 1327 ίιι·

1099 1372 1151 1431 περ
1165 1351 1213 1449 μοί
1234 1353 1409 1453 τῶνγλοιιτιῑνν
1427 1348 1692 1449 μμθητῶνζένιψεν
1701 1351 1715 1406 θ
1732 1347 1864 1449 'eystett

1102 1429 1252 1498 dichronae
1265 1432 1368 1509 Κοριος.
1384 1432 1498 1489 Οποιαν
1506 1431 1610 1487 λοιπον
1617 1428 1705 1491 δοκεις
1711 1428 1810 1501 δύναμιν
1816 1452 1864 1511 spu

1101 1508 1219 1569 λαθόντα
1238 1508 1287 1581 τὴν
1300 1507 1418 1576 ἐξουσίαν
1433 1507 1514 1590 παρὰ
1528 1514 1582 1565 τοῦ
1598 1509 1676 1566 θεοῦ
1697 1504 1742 1564 καί
1761 1510 1864 1565 amu

308 1614 498 1654 universorum
530 1604 622 1650 contra
639 1589 775 1648 daemonas
803 1600 831 1646 et
858 1608 938 1646 omne
965 1608 1049 1667 genus
1058 1594 1154 1647 ποτῶν
1167 1586 1237 1646 όλων
1251 1589 1320 1647 κατά
1342 1587 1477 1664 δαιμόνων
1487 1586 1538 1645 καί
1552 1585 1697 1645 παντοίων
1710 1586 1865 1664 παθῶνςἜγθ

308 1672 485 1733 morborum?
499 1669 559 1749 Ego
571 1670 661 1728 dieam
674 1688 782 1726 :omnes
794 1686 870 1745 reges
883 1681 909 1725 et
921 1666 1050 1746 dynastas
1067 1659 1088 1705 Ᾰ
1102 1667 1173 1746 λέγω
1181 1690 1188 1704 ·
1197 1666 1362 1726 πάντωντῶν
1373 1665 1511 1744 βασιλέοιν
1520 1665 1571 1725 καί
1585 1668 1728 1725 δυναστῶν
1733 1666 1864 1743 θτεριτγίει

309 1752 465 1832 superabat,
487 1762 514 1807 et
535 1748 608 1808 omni
623 1760 753 1827 potestate
765 1744 963 1804 formidabilior
980 1759 1048 1804 erat.

310 1828 494 1899 Considerate,
509 1826 624 1899 oavari,
637 1826 660 1884 si
675 1825 755 1883 talem
764 1845 796 1883 ac
807 1837 910 1882 tantum
923 1823 1049 1901 militem,

309 1907 388 1987 qnasi
408 1907 513 1966 nudum
527 1918 553 1964 et
576 1925 627 1985 ope
642 1902 801 1962 destitutum
815 1903 888 1961 malo
911 1903 1002 1961 all‘ecit
1025 1909 1051 1963 el

310 1988 381 2067 cepit
393 1999 423 2043 ut
434 1984 581 2065 captivum,
596 1982 663 2061 quid
674 1981 708 2041 de
718 1982 796 2042 nohis
810 1981 868 2055 liet,
883 1981 930 2059 qui
945 1982 1052 2041 nullum

310 2064 471 2147 praeclarum
484 2064 595 2121 virtutis
612 2082 681 2142 opus
696 2061 849 2119 habemus?
863 2059 918 2121 Sed
935 2062 1001 2139 quid
1018 2061 1053 2120 de

310 2144 439 2225 apostolis
455 2156 482 2201 et
495 2141 636 2221 discipulis
652 2141 772 2230 loquor?
795 2141 888 2220 ipsum
906 2142 1053 2199 Dominum

312 2223 502 2283 universorum
526 2241 578 2279 non
607 2233 739 2279 reveritus
761 2232 818 2293 est,
843 2217 891 2277 sad
917 2219 944 2277 iu
974 2219 1053 2278 illum

312 2302 394 2361 etiam
407 2321 502 2360 manus
515 2298 644 2372 extendit,
659 2311 685 2356 ct
698 2319 760 2358 eum
773 2298 820 2376 qui
833 2297 915 2357 rendi
929 2319 981 2357 uon
1000 2320 1053 2379 po-

311 2394 393 2457 terat,
406 2378 543 2451 vendidit,
557 2392 583 2438 et
598 2398 659 2436 eum
672 2377 718 2455 qui
732 2378 804 2435 omni
817 2377 904 2455 gloria
916 2377 1054 2436 ethonore

312 2461 490 2539 dignuserat,
510 2458 691 2529 inhonoravit,
708 2470 789 2534 atque
801 2477 863 2514 eum
880 2456 924 2514 cui
938 2456 1055 2516 flectitur·

313 2560 392 2597 ornare
403 2558 482 2616 genu,
494 2536 616 2617 colaphis
625 2533 732 2609 cecidit,
744 2556 806 2593 euin
817 2556 898 2613 quem
913 2549 1055 2595 trementes

313 2618 429 2676 celestes
439 2613 701 2686 exercitusadorant,
713 2614 801 2695 sputis
810 2614 936 2703 inspersit
941 2637 950 2690 ς
964 2628 1054 2693 atque,

313 2709 346 2755 ut
361 2695 436 2774 quod
455 2696 543 2789 majus
560 2708 600 2753 est
619 2694 720 2762 dicam,
743 2694 806 2751 ritas
825 2693 990 2774 principem,
1008 2694 1055 2772 qui

314 2797 406 2835 omnes
425 2775 558 2844 rivihcat,
574 2772 685 2832 oceidit.
703 2774 820 2831 Demum
834 2794 912 2832 nemo
926 2772 1055 2851 glorietur

1102 1752 1193 1819 τοῦτο,
1217 1746 1261 1804 καὶ
1287 1746 1374 1818 πάσης
1397 1744 1523 1813 ἔξουσίας
1545 1744 1737 1841 ιροόεράατερον
1750 1734 1816 1801 εἶναι
1831 1744 1865 1803 hal

1104 1826 1195 1886 λοιπόν
1210 1824 1387 1903 ἐνθυμήθητε,
1400 1814 1423 1882 όν
1436 1826 1626 1906 φιλάργυροι,
1641 1826 1666 1881 τί
1678 1846 1724 1882 τον
1733 1824 1865 1881 τοιοῦτοντί

1104 1907 1258 1977 τηλικοῦτον
1268 1902 1433 1983 στρατιώτην
1448 1907 1488 1971 ὡς
1501 1904 1612 1981 γυμνὸν
1629 1902 1678 1961 καί
1692 1899 1825 1971 ἆόοήθητον
1835 1927 1864 1961 ια-

1105 1983 1234 2055 τεπόνησε
1244 1983 1290 2042 καί
1300 1982 1395 2042 ίλαόιν
1405 1987 1442 2050 ὡς
1458 1984 1661 2063 αίγμοίλωτον,
1673 1982 1701 2040 τί
1710 1982 1795 2040 λοιπόν
1802 1981 1865 2040 τάδε

1107 2086 1155 2141 μιν
1167 2067 1245 2139 ἡμεῖς
1266 2066 1290 2122 ol
1314 2062 1396 2139 μηδὲν
1409 2063 1587 2143 κατόρθωμα
1605 2063 1707 2142 ἀρετῆς
1727 2060 1864 2136 κεκτημίνιις

1108 2143 1161 2201 Καὶ
1170 2143 1197 2200 τί
1207 2142 1277 2214 λέγω
1287 2144 1349 2220 περὶ
1361 2143 1523 2201 ἅποστολων
1540 2141 1593 2200 καὶ
1606 2144 1750 2218 μαθητῶνς
1760 2140 1865 2198 staret·

1107 2221 1205 2300 Κύριον
1221 2220 1267 2280 καὶ
1278 2221 1416 2293 Δεσπότην
1425 2223 1481 2279 τῶν
1493 2221 1571 2281 ttae
1586 2222 1639 2279 οὐκ
1652 2220 1752 2299 ᾐδέσθη
1760 2264 1768 2291 ,
1777 2220 1865 2277 tulit

1108 2304 1150 2360 ἐπ’
1166 2301 1243 2360 αὐτόν
1255 2299 1301 2367 τάς
1311 2309 1404 2401 pcipe<
1414 2300 1557 2373 ἔπε’όαλε,
1570 2300 1677 2359 καὶτὸν
1693 2299 1801 2380 ἄπρατον
1809 2297 1865 2357 laar-

1108 2403 1154 2454 σε,
1166 2379 1213 2439 καὶ
1226 2379 1271 2438 τόν
1281 2402 1367 2452 πασης
1386 2380 1464 2452 δόξης
1486 2381 1537 2438 καὶ
1558 2385 1649 2457 τιμῆς
1660 2382 1807 2477 ὑπάρχοντα
1820 2362 1866 2444 iiio

1108 2458 1240 2535 ἠτίμασε,
1251 2459 1297 2518 καὶ
1318 2450 1341 2540 ᾧ
1353 2459 1475 2538 κάμπτει
1486 2469 1546 2517 πᾶν
1563 2458 1649 2538 γόνυ,
1661 2460 1799 2538 ἐρραπισι,
1807 2446 1867 2536 ul}

1131 2538 1189 2618 ρίκῃ
1205 2545 1392 2619 προσκυνῶσιν
1401 2538 1528 2617 οὐράνιαι
1541 2537 1696 2637 στρατιαὶ,
1707 2536 1868 2605 ivimus,

1108 2560 1153 2677 θνα
1167 2618 1198 2676 τὸ
1220 2621 1307 2695 μεῖζον
1327 2616 1408 2692 εἴπω,
1423 2617 1470 2676 τόν
1485 2620 1619 2698 άρχηγον
1633 2621 1684 2688 τῆς
1704 2621 1784 2688 ζωῆς,
1799 2616 1833 2675 τόν
1846 2612 1868 2669 tl

1109 2696 1198 2756 πάντα
1210 2700 1386 2765 ζωοποιοῦντα
1399 2695 1558 2757 ἀπέκτεινε.
1572 2698 1682 2758 Λοιπὸν
1697 2694 1867 2773 μηδεὶςκωγί·

1110 2780 1165 2835 σθω
1178 2778 1206 2835 ἐν
1217 2776 1376 2857 ἀνθρώποις,
1390 2776 1485 2854 μηδείς
1510 2776 1728 2856 άνδυναμούσθω
1740 2776 1781 2835 ἐπί
1795 2774 1869 2833 effe

314 2855 342 2915 in
353 2854 519 2927 hominibus,
535 2872 613 2912 nemo
625 2874 653 2911 se
667 2851 695 2910 in
699 2851 818 2988 1propria
830 2853 947 2911 vanitate
959 2853 1056 2911 constr·
1073 2864 1093 2913 B
1112 2855 1284 2932 ματαιότητι·
1299 2857 1336 2933 μή
1350 2880 1390 2922 τις
1413 2855 1569 2936 θαρρείτω,
1585 2858 1631 2917 ὅτι
1644 2856 1732 2921 πάθος
1747 2859 1775 2915 οὐ
1789 2861 1868 2929 vulpe

314 2948 382 3011 met,
401 2954 477 2993 nemo
494 2932 613 2992 confidat
635 2931 680 2990 rel
719 2930 783 3005 icat,
800 2934 846 2990 Me
858 2931 956 2990 vitium
973 2952 1055 2992 num-

315 3035 398 3091 quam
410 3026 527 3093 superat.
542 3013 573 3069 ln
587 3011 681 3069 nrultis
694 3010 765 3068 enim
779 3022 806 3068 te
818 3010 921 3085 vincit3
937 3024 1002 3071 otte
1014 3011 1056 3072 vi·

314 3106 416 3152 ctorem
429 3114 484 3151 esse
498 3091 595 3172 putas?
611 3088 763 3170 apostolum
776 3089 878 3148 Christi
894 3088 972 3165 vicit,
988 3103 1014 3150 et
1027 3103 1056 3149 tu

315 3172 483 3231 contemnis?
492 3170 668 3250 coryphaeum
678 3168 818 3247 captivum
830 3168 921 3244 duxit,
929 3182 955 3226 et
967 3182 994 3226 tu
1005 3189 1058 3229 uon

315 3273 394 3310 curas
405 3265 432 3309 et
446 3250 530 3308 altum
545 3272 573 3306 sa
584 3248 638 3306 iis?
660 3246 731 3307 Vide
744 3268 777 3305 ne
789 3247 836 3325 qui
850 3261 876 3305 te
892 3261 971 3328 putas
988 3262 1058 3307 stare

316 3330 406 3389 cadas.
424 3330 476 3391 Vis
495 3272 634 3388 ostendam
650 3327 698 3385 tibi
714 3339 779 3404 qtrot
795 3328 821 3385 in
839 3327 919 3385 rehtis
939 3327 1058 3387 vincaris

317 3409 495 3469 neseinsivis
509 3407 667 3487 patefaciam
681 3406 729 3464 tibi
744 3426 825 3483 quam
840 3406 924 3464 multa
939 3428 973 3465 ex
986 3408 1058 3467 malo

317 3490 409 3561 facias,
429 3501 456 3546 et
471 3489 546 3565 qumi
561 3488 650 3544 insons
665 3484 750 3542 vitam
763 3485 842 3562 agis?
856 3485 929 3544 Audi
943 3487 1057 3564 :jurasti

317 3566 486 3625 tremcndum
509 3566 558 3623 bei
573 3584 678 3635 nomen,
693 3563 768 3639 quod
784 3584 832 3621 nec
846 3564 935 3643 angeli
952 3566 1040 3624 ausint
1046 3588 1055 3643 3

317 3646 370 3704 hoc
381 3667 415 3703 ex
426 3644 497 3702 malo
508 3658 557 3717 est,
571 3657 600 3701 ut
613 3642 745 3700 Dominus
756 3642 903 3701 declaravit
913 3667 919 3698 :
931 3646 1058 3704 mentitus

318 3746 360 3797 es;
377 3724 407 3782 id
421 3724 552 3781 delictum
566 3736 605 3781 est
619 3745 625 3778 τ
638 3721 804 3780 conviciatus
818 3743 866 3797 es;
886 3742 950 3800 ergo
970 3724 1059 3783 victus

317 3802 391 3862 luisti
411 3827 417 3859 :
440 3802 566 3883 pecunias
590 3799 776 3876 recondidisti,
801 3821 863 3860 ctam
884 3802 967 3860 frater
983 3818 1057 3879 tuus,

317 3883 373 3941 imo
383 3905 443 3942 cum
456 3883 581 3941 Christus
591 3880 716 3951 esuriret,
727 3893 754 3937 et
764 3878 852 3939 nudus
864 3895 931 3939 esset
938 3905 947 3957 3
961 3883 1059 3958 rictus,

1110 2935 1193 2994 ποτά·
1208 2938 1244 3002 είς
1255 2935 1340 2994 πολλὰ
1357 2935 1409 3016 γθρ
1427 2944 1492 3015 νικᾷ
1513 2960 1570 3009 σε,
1588 2936 1639 2995 καὶ
1655 2934 1765 3008 aunei<
1781 2924 1869 2992 εἷναιόό

1111 3021 1181 3087 aete
1200 3015 1245 3073 τόν
1255 3014 1399 3075 ἀπόστολον
1410 3020 1459 3073 τοῦ
1469 3014 1599 3094 Χριστοῦ
1615 3014 1741 3089 ἐνίκησε,
1750 3014 1792 3072 καί
1801 3011 1826 3071 σθ
1836 3034 1869 3068 ια·

1110 3101 1263 3176 suppocte
1275 3093 1319 3153 τόν
1330 3102 1473 3175 κορυφαῖον
1486 3094 1720 3195 pypebo'trsuoe,
1733 3094 1775 3152 καὶ
1787 3090 1814 3152 ci
1824 3094 1869 3167 ipt-

1114 3180 1213 3251 ριμνεῐς
1234 3173 1279 3232 καί
1297 3176 1416 3250 μιγαλαυ
1428 3181 1488 3252 1εἷς,
1512 3179 1583 3252 Ορα
1601 3166 1649 3233 οῦν
1662 3175 1769 3232 θδοκιῦν
1781 3172 1869 3238 teter,

1112 3251 1150 3327 μὴ
1164 3252 1256 3330 πέσῃς.
1268 3251 1362 3312 Βούλει
1382 3196 1458 3320 δείξω
1475 3275 1520 3312 σοι
1544 3257 1575 3312 ἐν
1598 3253 1698 3320 πόσοις
1714 3252 1868 3334 πράγμασιν·

1112 3341 1195 3391 κᾶσαι
1208 3332 1254 3391 καὶ
1266 3336 1296 3391 οὐ
1307 3341 1421 3403 συνιεῖς;
1445 3333 1540 3410 βούλει
1552 3332 1751 3412 tempu-‘ma
1763 3354 1800 3390 σοι
1809 3330 1869 3388 deria

1112 3415 1158 3469 τοῦ
1172 3416 1287 3491 πονηροῦ
1298 3421 1397 3482 ποιεῖς,
1416 3410 1464 3470 καί
1477 3415 1515 3479 ὡς
1529 3412 1658 3479 ἀναίτιος
1673 3412 1783 3489 &reipsam
1794 3411 1869 3468 'haut‘

1113 3489 1220 3567 ὤμοσας
1235 3492 1266 3550 τό
1287 3492 1396 3571 ροόερόν
1416 3490 1501 3569 όνομα
1529 3499 1583 3551 τοῦ
1608 3496 1705 3562 Θεοῦ,
1719 3495 1781 3571 ὅπερ
1798 3486 1870 3549 οὶθὲνί

1114 3570 1221 3647 ἄγγελοι
1235 3573 1369 3647 τολμῶσι·
1385 3575 1465 3627 τοῦτο
1485 3573 1518 3628 ἐκ
1540 3576 1593 3630 τοῦ
1610 3578 1734 3651 πονηροῦ
1746 3569 1849 3635 {exule

1114 3650 1209 3729 Κύριος
1216 3650 1361 3721 ἐδήλωσεν·
1373 3647 1491 3729 ἐψεύσω,
1499 3650 1624 3728 ἥττημά
1634 3654 1711 3710 ἐστιν
1720 3674 1726 3686 ·
1735 3648 1845 3727 iltocio'pr,v
1859 3666 1866 3679 ⁶

1113 3729 1243 3801 ἡττήθης·
1256 3728 1384 3808 χρήματα
1400 3726 1543 3800 άπέθηκας
1559 3737 1610 3789 τοῦ
1629 3733 1748 3791 ἀδελοοῦ
1767 3725 1865 3803 emnil

1113 3810 1158 3866 λον
1183 3807 1211 3868 δὲ
1236 3815 1282 3867 τοῦ
1307 3809 1422 3886 Χριστοῦ
1449 3807 1643 3885 λιμώττοντας
1672 3796 1721 3870 καί
1740 3812 1844 3887 papyrea

1114 3910 1157 3953 τος
1169 3910 1175 3922 ·
1187 3888 1309 3958 ἐνικήθης
1325 3887 1400 3959 νίκην
1412 3887 1542 3966 χαλεπὴν
1564 3889 1615 3948 καὶ
1638 3886 1864 3966 &cembineio-'1

316 3962 394 4021 clade
416 3962 534 4021 inanima
558 3975 585 4019 et
605 3959 784 4018 inexcusabili
809 3980 836 4017 es
852 3960 975 4035 allectus,
999 3984 1059 4039 quae
1077 3961 1096 4010 C
1114 3965 1236 4047 πρόξενον
1256 3973 1302 4025 τοῦ
1321 3966 1433 4047 enydros
1450 3966 1558 4026 ἐκείνου
1576 3970 1626 4027 καί
1651 3970 1765 4049 μοόεραῦ
1778 3966 1857 4045 δγιλίρ

1364 4033 1371 4047 ⁴
1838 4043 1841 4055 Ι
1866 4038 1870 4057 l

316 4041 368 4100 tibi
391 4043 460 4100 hanc
481 4040 606 4099 ultimam
632 4053 658 4097 et
688 4038 836 4097 terribilem
865 4042 1060 4102 accusationem

316 4280 352 4338 sti
380 4279 520 4338 clamantis
547 4299 600 4336 non
627 4277 752 4336 misertus
785 4297 822 4335 es.
847 4278 928 4336 Brevi
959 4279 1061 4339 relictis

316 4357 443 4417 omnibus
452 4378 483 4415 eo
495 4357 618 4416 abiturus
627 4378 666 4431 es,
682 4355 753 4414 unde
765 4377 818 4414 non
832 4356 950 4432 redibis-3
964 4358 1011 4417 sed
1026 4380 1062 4418 ex

317 4456 410 4495 εοιιιιο
425 4457 536 4495 ntrmero
549 4436 601 4494 eris
610 4436 658 4513 qui
671 4435 793 4506 audient,
804 4436 953 4495 Discedite
968 4459 988 4496 a
1002 4460 1059 4517 ute,

318 4516 480 4584 maledicti,
505 4528 555 4572 etc.
578 4514 678 4573 Viden'
696 4514 723 4572 in
739 4514 847 4591 quantis
866 4531 1006 4595 superatus
1019 4539 1058 4592 es,

318 4607 344 4653 et
365 4614 418 4652 non
431 4592 579 4672 intelligis?
600 4592 692 4651 viden'
708 4607 774 4670 quot
797 4593 904 4652 delictis
926 4596 1062 4656 obnoxius

318 4673 366 4747 sis,
387 4686 413 4731 ct
426 4672 502 4750 quasi
523 4673 611 4732 victor
622 4685 649 4729 et
662 4672 752 4731 insons
767 4672 794 4730 in
813 4673 975 4752 negligentia
989 4676 1061 4736 vivis

318 4767 460 4833 superatus
482 4764 508 4810 et
528 4751 628 4810 miser?
646 4751 706 4809 Non
727 4750 826 4810 audisti
839 4753 912 4831 quod
930 4755 1062 4835 scriptum

319 4845 359 4889 est
371 4855 377 4890 :
391 4832 447 4902 Qui
462 4830 565 4901 vicerit,
579 4830 663 4887 hares
677 4830 727 4888 erit
739 4844 899 4890 aeternnrum
912 4834 1061 4912 bonorum,

319 4931 379 4988 qnae
392 4910 420 4971 in
436 4909 601 4990 Apocalypsi
614 4912 729 4969 loannes
742 4908 900 4979 declaravit,
915 4926 941 4973 et
954 4935 985 4973 ea
1000 4936 1062 4974 nar·

319 4989 389 5048 ravit
402 5010 462 5067 quae
475 4989 532 5069 ipse
546 4987 616 5047 vidit
629 4988 811 5069 :inexplebile
825 4989 966 5068 gaudium,
989 4993 1062 5053 laeti-

319 5067 386 5126 tiam
399 5068 588 5142 immortalem,
611 5067 694 5126 vitam
710 5090 773 5127 cum
784 5070 903 5129 Domino
923 5073 1060 5133 universo-

321 5225 738 5305 archangelis:atquealinmulta
746 5227 913 5288 etmirahilia
922 5232 1059 5313 loquutus,

1114 4068 1172 4112 τος·
1188 4046 1350 4117 Ἐπείνοσα,
1364 4046 1411 4104 καί
1432 4049 1480 4104 οὐκ
1494 4048 1625 4109 ἐδώκατέ
1641 4073 1690 4108 μοι
1706 4057 1863 4131 ραγεῖνμιω

167 4135 254 4180 tuerit.
266 4134 306 4181 αδ.
316 4121 448 4194 conciliet,
460 4123 591 4192 Esurivi,
607 4131 635 4176 et
648 4140 707 4175 uon
717 4120 839 4176 dedistis
850 4123 923 4177 mihi
939 4123 1061 4180 mandic-
1116 4125 1259 4184 ἀκόλουθα·
1282 4125 1371 4184 καὶτὸ
1388 4124 1604 4205 γαλεπόντερυν,
1626 4108 1673 4187 ἔτι
1688 4128 1785 4187 καὶτὸν
1798 4125 1844 4183 δὲ).

308 4213 396 4271 'care,
414 4214 439 4258 et
450 4213 545 4258 caetera
556 4222 562 4255 :
574 4212 600 4256 et
609 4196 682 4275 ιμιοιί
693 4197 861 4275 graviusest,
877 4199 967 4257 fratris
980 4201 1060 4259 Chri-

1115 4210 1160 4263 τοῦ
1180 4206 1296 4286 Χριστοῦ
1317 4194 1420 4282 βοῶντα
1442 4207 1491 4263 οὐκ
1512 4206 1659 4277 ἠλέηοας·
1675 4207 1723 4266 καί
1737 4206 1827 4283 μετὶμ
1848 4202 1867 4257 ’ἓ

1116 4281 1204 4342 πάντα
1223 4290 1288 4360 ὁμοῦ
1305 4279 1471 4353 καταλιπὼν,
1479 4285 1610 4366 πορεύσιςΙ
1622 4287 1688 4346 ὅθεν
1703 4289 1751 4345 οὐκ
1759 4282 1866 4343 temler

1117 4363 1175 4421 ἀλλ’
1188 4365 1335 4443 ἐναρίθμιος
1352 4361 1399 4443 ἔσῃ
1474 4362 1491 4422 θ
1504 4369 1565 4423 τῶν
1579 4366 1754 4425 ἀκουόντων·
1764 4360 1871 4441 napea

1116 4441 1164 4500 ἀπ’
1178 4446 1242 4519 ἐμοῦ
1252 4446 1275 4502 σί
1288 4466 1393 4525 serape
1428 4465 1479 4515 νοι,
1494 4443 1546 4501 καί
1558 4444 1597 4503 τὰ
1612 4444 1688 4518 ἑξῆς.
1702 4437 1777 4509 Εἶδες
1787 4437 1868 4500 bah

1116 4519 1267 4596 νενίκησαι,
1277 4523 1322 4580 καὶ
1332 4525 1361 4580 οὔ
1371 4530 1481 4593 σννιεῑς;
1493 4513 1567 4591 εἶδες
1578 4523 1677 4584 πόσων
1689 4518 1842 4603 παραττωμ’
1856 4554 1861 4564 =-

1115 4599 1256 4667 ὑπεύθυνος
1265 4592 1303 4670 εἶ,
1311 4601 1364 4687 pel
1374 4604 1412 4668 ὡς
1424 4600 1539 4673 νικητὴς
1555 4602 1606 4662 καὶ
1623 4604 1748 4671 ἀναίτιος
1761 4606 1785 4661 ἐν
1794 4592 1865 4675 tpehi

1116 4680 1223 4758 διάγεις,
1238 4679 1385 4758 ἡττημένος
1398 4680 1444 4738 καί
1459 4683 1643 4758 νενικημένος
1654 4685 1704 4744 καὶ
1716 4684 1828 4750 δείλαιος
1843 4674 1863 4726 l

1115 4758 1230 4829 ἤκουσας
1243 4760 1274 4818 τὸ
1291 4759 1535 4839 γεγραμμένον,θτι
1545 4765 1654 4821 θνικῶν
1671 4760 1865 4859 κληρονομήσει·

1117 4838 1209 4897 αἰώνια
1219 4839 1315 4916 ἀγαθὰ,
1323 4838 1838 4922 direptus-Tullttoxabiiiber'lomsvueiii'
1852 4857 1856 4863 ·

1117 4916 1165 4976 καί
1173 4917 1403 5019 θιηγήσατο,όπερ
1415 4908 1482 4977 εἶδεν
1495 4920 1675 5001 πράγματα,
1688 4921 1774 5003 γαρθν
1786 4913 1849 5003 isli,

1116 5019 1170 5071 τον,
1179 4996 1486 5078 εὖρροσόνηνάκηρατσν,
1494 4999 1642 5079 διαγωγὴν
1651 4990 1863 5079 μετθτοῦθεμ·

709 5148 713 5158 Ι
866 5149 871 5159 ³
1117 5081 1169 5135 τῶν
1184 5076 1251 5135 θλων
1268 5077 1315 5136 καὶ
1328 5077 1434 5136 πάντων
1446 5079 1500 5135 τῶν
1515 5080 1606 5158 ἁγίων
1616 5081 1743 5159 ἀγγέλων
1752 5077 1792 5138 καί
1804 5080 1866 5149 α’ςχη

321 5167 383 5205 rum
403 5161 501 5221 acmm,
523 5161 549 5205 et
565 5168 627 5205 eum
643 5148 769 5206 omnihus
789 5163 896 5222 sanctis,
921 5153 1024 5231 angelis
1036 5167 1063 5213 et
1079 5171 1099 5217 tt
1117 5156 1213 5235 γελων·
1225 5156 1271 5215 καὶ
1287 5156 1366 5238 ἕτεροι
1384 5156 1473 5216 πολλὰ
1489 5158 1540 5216 καί
1552 5159 1704 5238 θαυμαστά
1722 5154 1827 5234 irem

1111 5221 1191 5302 'ffl‘tt
1208 5236 1327 5315 ίπήγαγε
1341 5235 1442 5315 λόγων·
1456 5235 1492 5295 Ὁ
1506 5243 1595 5298 νικῶν
1610 5239 1799 5319 κληρονομήσει
1809 5234 1866 5289 tritt
