3728 5978
123 420 191 495 126
463 444 493 493 s.
520 443 656 493 ioannis
682 442 865 491 cnnrsosr.
893 442 1047 491 anorum.
1075 444 1342 494 consummor.

118 569 154 631 ad
180 570 257 630 illam
277 568 441 629 accurrunt?
469 567 550 643 Quod
576 567 648 628 enim
675 587 737 627 vere
755 566 864 648 lugien-
921 571 1026 646 ροῦνται
1046 566 1348 647 αθτὴν,καλοθ“μόνον
1369 571 1416 628 οὐκ
1433 567 1694 649 όπεόχονται,άλλδ

119 661 257 737 domest,
281 660 386 720 nonnisi
408 660 509 720 insanis
528 658 677 741 optandum
700 658 816 719 videtur.
835 657 865 718 Si
919 658 1164 741 καίόπιτρίχουσις
1177 660 1219 721 To
1233 660 1284 742 γὰρ
1297 660 1379 728 όντως
1392 660 1533 735 ἀπευκτὸν,
1548 658 1607 721 ortt
1620 662 1693 743 αἱρε-

118 767 208 813 nutem
231 752 386 834 philosophi
410 753 479 813 inter
513 751 635 811 homines
657 750 802 828 sublimes,
830 750 866 812 ad
917 750 962 811 τὸν
976 750 1045 824 πλὴν
1068 761 1122 820 τοῖς
1142 753 1367 833 μαινομίνοιςυΕί
1387 751 1417 813 δὲ
1441 757 1467 813 οἱ
1485 751 1622 834 φιλόσοφοι
1641 759 1692 815 τῶν

119 844 190 906 hanc
211 845 287 924 quasi
308 844 344 904 ad
363 846 453 907 locum
476 857 567 904 tutum
588 859 614 904 et
629 865 725 903 sanum
739 843 865 920 veniunt,
919 842 1063 925 ἀνθρώπων
1077 846 1123 904 καὶ
1136 845 1233 927 ὑψηλοὶ
1245 847 1290 907 ἐπὶ
1304 844 1402 918 ταότην
1421 843 1547 928 ἔρχονται
1561 849 1597 914 ὣς
1610 846 1657 906 ἐπί
1666 870 1691 907 τι

120 937 189 996 nihil
215 936 314 995 mirum
334 951 387 1010 cst,
400 936 424 996 si
443 936 491 996 alii
511 958 587 997 secus
605 937 777 996 arbitrentur.
793 936 865 994 Nam
918 935 1015 1019 χωρίον
1027 937 1142 1021 depelle
1152 938 1197 999 καί
1211 939 1314 1014 ἄνοσον,
1321 937 1395 999 οὐδὲν
1405 938 1626 1016 θαυμαστὸν,όλν
1641 948 1694 1007 τοῖς

120 1029 198 1090 dives
212 1029 282 1088 nihil
298 1030 375 1090 aliud
397 1028 466 1089 milri
486 1029 594 1090 videtur
616 1051 686 1108 esse,
702 1050 783 1108 quam
800 1030 866 1090 urbs
881 1035 901 1082 Ι)
918 1029 1006 1099 ἄλλοις
1020 1030 1058 1110 μὴ
1073 1032 1148 1113 δοκῇ.
1164 1030 1203 1092 Ὁ
1223 1029 1271 1110 μὲν
1294 1029 1346 1113 γλρ
1366 1027 1492 1098 πλούσιος
1510 1030 1586 1090 οὐδὲν
1601 1030 1690 1112 ἕτερον

119 1125 266 1186 sinemuro
277 1126 305 1186 in
315 1125 427 1208 planitie
439 1126 534 1207 posita,
546 1146 606 1204 quae
620 1125 738 1205 undique
751 1124 866 1185 insidia·
919 1113 987 1183 ε’ίνοιί
997 1146 1042 1202 μοι
1055 1125 1142 1196 δοκεῖ,
1153 1127 1213 1184 ἀλλ’
1227 1123 1244 1196 ἣ
1258 1122 1335 1192 πόλις
1348 1122 1497 1206 ἀτείχιστος
1506 1126 1534 1185 ἐν
1544 1122 1630 1205 πιδίιρ
1640 1147 1693 1184 κει-

2 1258 39 1293 .,,
69 1218 341 1297 ,,,ῑοεοαοῑῐτολοιι
355 1231 499 1299 paupertas
507 1238 571 1277 vero
581 1217 736 1299 presidium
749 1232 788 1277 est
805 1238 867 1277 mu·
920 1213 986 1294 μόνη
1003 1213 1049 1275 καλ
1062 1215 1226 1297 πολλαχόθεν
1243 1213 1418 1295 ίπισπωμίνη
1433 1212 1494 1284 τοὺς
1507 1214 1692 1275 ἑπιόοολσίω-

27 1314 99 1385 ]'111
122 1310 225 1385 nitum,
239 1331 290 1369 ατο
301 1311 386 1370 multo
400 1309 596 1370 circumdatum
602 1330 730 1387 ,accessu
741 1310 864 1371 difficile.
920 1312 1008 1381 τας·ἡ
1025 1307 1052 1368 δό
1063 1308 1142 1369 πενία
1155 1308 1277 1392 φροιίριον
1287 1306 1525 1391 όσραλλς,χαλκῷ
1535 1306 1692 1389 πιριόιόλη·

11 1391 34 1418 ¹¹¹
45 1389 92 1418 um.
124 1405 174 1476 lt,
190 1401 294 1480 inquies
306 1447 316 1480 ,
332 1416 425 1461 contra
448 1423 489 1461 res
506 1423 534 1462 se
548 1402 648 1479 habet,
663 1402 693 1461 hi
713 1403 785 1462 enim
799 1424 869 1484 saepe
921 1401 997 1480 μόνον
1010 1403 1117 1482 πολλῷ,
1131 1401 1177 1460 καί
1188 1401 1313 1462 δύσκολον
1326 1400 1386 1481 ἔχον
1398 1398 1447 1474 τὴν
1459 1400 1561 1461 όνοδον.
1574 1398 1630 1460 Καὶ
1641 1399 1691 1479 μὴν

121 1492 158 1553 ed
170 1493 289 1553 tribunal
303 1493 464 1570 trahuntur,
479 1494 508 1553 hi
528 1494 678 1572 laeduntur,
692 1508 719 1554 et
731 1495 802 1555 male
812 1495 866 1555 lm-
920 1490 1079 1567 eelveurlm,
1092 1492 1181 1572 φησίν,
1193 1490 1279 1552 ἐστίν·
1295 1483 1368 1552 οὗτοι
1382 1490 1434 1572 γάρ
1448 1495 1515 1551 εἰσιν
1530 1495 1555 1552 ol
1569 1493 1607 1559 εἰς
1619 1493 1690 1551 δικα-

122 1585 196 1645 licut.
210 1585 265 1645 Sed
274 1607 326 1645 non
337 1608 466 1667 pauperes
478 1585 637 1666 simpliciter
648 1599 725 1664 sunt,
739 1586 786 1647 sed
800 1608 868 1668 pau·
920 1583 1027 1665 στόριον
1043 1584 1172 1650 πολλάκις
1183 1582 1336 1662 ἑλκόμενοι·
1347 1574 1419 1642 οὗτοί
1430 1585 1497 1644 εἰσιν
1508 1587 1533 1644 οἱ
1544 1582 1691 1668 terprete-

123 1676 255 1759 peresqui
269 1676 351 1736 ditari
362 1678 483 1760 cupiunt.
499 1676 560 1758 Ego
575 1698 639 1737 vcro
652 1677 752 1738 nonde
764 1679 868 1738 illislo·
921 1701 995 1755 μενοι
1006 1676 1052 1736 καλ
1062 1680 1151 1743 κακῶς
1167 1676 1325 1757 πάσχοντες.
1342 1677 1404 1756 (λὀχ
1414 1679 1440 1736 οἱ
1454 1675 1569 1748 πένητες
1582 1677 1689 1747 ἁπλῶς,

124 1790 206 1846 quor,
216 1767 264 1827 scd
275 1766 309 1826 de
319 1768 366 1843 iis,
376 1768 423 1846 qui
434 1768 462 1828 in
472 1782 629 1850 paupertate
639 1769 740 1829 versari
751 1769 867 1830 student.
921 1770 979 1828 ἀλλ’
992 1772 1017 1829 οἱ
1030 1768 1140 1841 πένητες
1156 1767 1213 1847 μὶν,
1227 1767 1381 1847 βουλόμενοι
1395 1765 1423 1828 δὲ
1436 1769 1571 1829 πλουτεῖν.
1580 1766 1691 1847 Ἔγιλδί

126 1860 177 1918 Die
192 1859 263 1917 eninr
283 1859 368 1933 mihi,
382 1881 431 1919 eur
445 1880 522 1920 nemo
536 1881 581 1919 eos
588 1905 598 1937 ,
620 1859 667 1938 qui
688 1860 718 1919 in
731 1860 868 1921 montibus
921 1863 951 1922 οὔ
970 1859 1031 1942 περὶ
1045 1860 1152 1920 ἐκείνων
1167 1859 1250 1940 φημί,
1267 1860 1336 1920 ἀλλὰ
1350 1859 1412 1942 περὶ
1425 1862 1478 1919 τῶν
1495 1858 1691 1928 σπουδαζόντων

124 1952 241 2034 degunt,
260 1954 288 2013 in
301 1955 347 2035 jus
367 1954 472 2013 trahit?
493 1954 619 2037 quamvis
633 1954 656 2013 si
670 1969 813 2036 paupertas
823 1956 866 2015 la-
920 1956 948 2015 lr
962 1951 1040 2035 πενίορ
1050 1951 1158 2032 διάγειν.
1175 1953 1244 2012 Εἰσί
1258 1953 1310 2035 γάρ
1325 1976 1384 2033 μοι,
1397 1949 1479 2012 διὰτί
1492 1951 1692 2031 μηδιλςταλςόν

125 2045 176 2105 cile
190 2046 373 2127 opprimitur,
397 2047 458 2106 illos
482 2046 602 2106 maxime
625 2045 696 2105 trahi
718 2061 867 2128 oporteret,
921 2055 975 2113 τοῖς
987 2044 1074 2128 όρεσιν
1084 2043 1156 2105 ἕλκει
1168 2046 1205 2111 εἰς
1214 2045 1398 2127 δικαστήριον,
1407 2043 1495 2105 καίτοι
1505 2067 1538 2125 γε
1550 2044 1576 2103 εἰ
1588 2047 1606 2115 ἡ
1619 2042 1693 2103 πενία

123 2138 170 2217 qui
188 2150 252 2197 sunt
269 2137 391 2196 omnium
403 2137 579 2218 pauperrimi.
599 2138 653 2197 Gur
673 2137 810 2198 mendieos
824 2160 870 2199 ne-
885 2159 904 2207 s
922 2138 1087 2220 εὐχείρωτον,
1101 2136 1213 2204 ἐκείνως
1227 2137 1346 2216 μαλιστα
1359 2136 1466 2198 πάντων
1481 2134 1609 2197 όλκιοθαι
1627 2135 1691 2209 ἔδει,

124 2252 169 2289 mo
185 2229 270 2288 trahit
282 2228 317 2288 ad
326 2228 470 2309 judicem?
484 2250 533 2288 eur
547 2249 623 2288 nemo
642 2228 704 2289 illos
723 2230 752 2291 vi
767 2231 811 2291 vel
824 2253 869 2292 ca·
920 2233 975 2314 όσιρ
988 2230 1094 2290 πάντων
1107 2229 1157 2290 del
1172 2229 1334 2312 πενέστεροι.
1350 2228 1403 2290 Διό
1409 2229 1437 2289 τί
1450 2227 1510 2297 τοὺς
1522 2238 1693 2313 προσαιτῶν·

124 2322 227 2381 lumnia
241 2320 369 2402 impetit?
383 2340 469 2379 nonne
482 2319 545 2398 quia
559 2319 588 2378 in
599 2319 699 2380 tutiore
711 2321 769 2381 loeo
785 2323 869 2383 laabi-
921 2348 968 2391 τας
984 2322 1066 2389 οὐδεὶς
1077 2321 1149 2382 ἕλκει
1164 2324 1200 2389 εἰς
1211 2321 1420 2403 ίδικασιήριονς
1432 2321 1516 2383 διὰτί
1531 2322 1625 2401 μηδεὶς
1637 2320 1694 2401 βιό·

124 2415 204 2474 tant?
216 2414 307 2486 Quam
318 2412 410 2471 multis
425 2411 608 2471 infelicissima
628 2411 737 2472 videtur
750 2436 870 2496 pauper·
921 2421 994 2486 ζεται
1007 2413 1074 2494 μηδὲ
1093 2422 1267 2494 συκοφαντεῖς
1283 2406 1327 2495 ἆρ’
1338 2416 1368 2474 οθ
1384 2412 1451 2473 διότι
1462 2417 1490 2474 όν
1503 2413 1692 2495 ἀσφαλιατίρφι

124 2520 165 2565 tas
178 2519 204 2565 ct
217 2503 394 2564 mendicitas?
410 2501 485 2575 Quid
504 2501 601 2582 igitur,
615 2524 720 2582 quaeso,
735 2506 871 2566 bonumne
922 2507 1013 2590 χωρίῳ
1033 2507 1157 2585 με’νουσις
1171 2505 1270 2574 Πόσοις
1283 2507 1315 2568 τδ
1329 2515 1442 2590 πρᾶγμα
1454 2505 1501 2566 καλ
1514 2504 1695 2568 δυσοιώνιστόν

124 2612 163 2658 est
186 2596 354 2657 mendicare?
367 2594 486 2670 Βοοιιιιι,
506 2594 530 2654 si
551 2594 587 2654 sit
604 2595 652 2673 qui
674 2596 825 2657 consoletur
844 2613 871 2658 et
923 2592 1090 2673 ιῖναιδοκεῖ,
1110 2603 1128 2670 ἡ
1149 2597 1227 2659 πενία
1246 2597 1335 2678 λόγω,
1355 2599 1402 2660 καλ
1423 2599 1456 2660 τδ
1468 2606 1641 2681 προσαιτοίη
1660 2595 1696 2659 Τί

124 2689 297 2765 misereatur,
308 2687 332 2748 si
346 2687 382 2747 sit
393 2687 443 2765 qui
454 2685 586 2768 largiatur
598 2710 605 2743 ε
619 2686 689 2746 hanc
702 2687 786 2747 vitam
802 2689 870 2748 otio·
921 2683 976 2765 οδν,
990 2689 1050 2749 εἰπέ
1060 2714 1123 2769 μοι,
1136 2690 1216 2750 καλὸν
1226 2689 1257 2750 τδ
1268 2693 1398 2763 ἐπαιτεῑνς
1416 2689 1516 2765 Καλὸν,
1529 2689 1576 2751 {dv
1591 2682 1609 2771 {l
1621 2695 1636 2751 θ
1646 2714 1696 2751 ιτα·

124 2804 182 2843 sam
194 2796 220 2843 ot
233 2802 354 2843 securam
369 2800 424 2840 esse
437 2800 516 2841 nemo
530 2800 584 2839 non
599 2777 684 2840 novit.
701 2770 761 2860 Ego
779 2795 870 2841 autem
924 2780 1119 2864 ραμοθοόμενος
1133 2783 1179 2841 καί
1189 2783 1280 2851 ἐλεῶν,
1292 2782 1336 2842 ttv
1349 2771 1543 2863 ᾔόπαρόχων·
1560 2781 1630 2842 α’ίτω
1641 2781 1696 2861 βίον

124 2896 176 2935 non
190 2875 242 2934 λοο
256 2872 338 2934 laudo
343 2919 353 2947 ,
369 2872 459 2949 absit,
472 2870 521 2932 scd
533 2872 620 2953 probo
633 2871 656 2932 si
669 2873 731 2951 quis
743 2894 806 2955 opes
816 2895 870 2934 non
922 2875 1082 2957 ἀπράγμονα
1090 2874 1136 2933 καί
1150 2875 1256 2954 ἀσφαλῆ
1270 2880 1361 2934 τοῦτον
1376 2882 1430 2941 πᾶς
1444 2864 1524 2934 οἶδεν.
1539 2871 1616 2954 Ἐγὼ
1628 2872 1656 2934 dl
1668 2877 1694 2934 ol

124 2966 265 3027 desideret.
288 2965 342 3025 Die
364 2965 437 3033 enim
459 2964 528 3024 mibi
542 3009 552 3042 ,
574 2986 642 3043 quos
663 2964 753 3044 potius
768 2967 913 3049 'beatosm
922 2972 1000 3026 τοῦτο
1013 2969 1149 3043 παραινῶ·
1165 2963 1202 3043 μὴ
1220 2962 1337 3044 γίνοιτο·
1357 2965 1416 3024 ἀλλ’
1439 2961 1510 3024 dore
1530 2962 1570 3044 μὴ
1583 2964 1694 3025 πλαίτυυ

125 3059 242 3133 dixeris,
258 3079 292 3116 an
304 3057 415 3117 virtutis
428 3055 578 3133 studiosos,
595 3077 630 3115 an
649 3058 755 3136 eosqui
776 3059 870 3140 procul
884 3068 906 3110 t
922 3059 1048 3142 ἐφίεσθαι.
1065 3057 1132 3118 Εἰπὲ
1141 3057 1194 3139 γάρ
1209 3079 1264 3136 μοι,
1277 3055 1350 3124 τίνας
1363 3054 1395 3115 θν
1412 3054 1480 3115 είπω
1493 3057 1596 3135 μᾶλλον
1611 3078 1696 3135 μω-

124 3151 160 3209 ab
171 3149 218 3208 illa
230 3147 464 3209 sunttsrudiosos
479 3148 537 3206 sine
547 3147 640 3207 dubio.
652 3151 720 3208 Uter
735 3171 799 3231 ergo
812 3151 872 3212 ido-
923 3151 1006 3235 ρίους,
1020 3147 1080 3218 τοθς
1099 3147 1263 3222 ἐπιτηδείως
1274 3147 1340 3227 πρὸς
1356 3146 1462 3229 ἀρετ-λυ,
1481 3146 1501 3218 ἢ
1521 3146 1583 3216 roo<
1602 3147 1695 3222 τωίιης

126 3263 192 3301 neus
211 3239 298 3301 estad
314 3241 392 3301 utilia
406 3239 587 3314 addiscenda,
602 3241 677 3301 etad
692 3242 872 3325 philosophiae
922 3243 1013 3324 πόρρω
1041 3238 1250 3315 καθεστηκόταςς
1272 3238 1430 3313 ΙΕὔδηλον,
1454 3237 1497 3298 θτι
1518 3237 1581 3307 τοὺς
1602 3242 1692 3311 leutr-

126 3333 312 3415 splendorem,
325 3355 359 3394 an
370 3334 416 3393 hic
425 3355 460 3393 an
471 3331 540 3392 illc?
554 3332 634 3392 Hunc
643 3334 735 3413 utiquc
748 3356 805 3395 esse
817 3358 870 3417 pa·
924 3335 1015 3403 δείους.
1026 3332 1076 3401 Τίς
1085 3323 1130 3394 οἶίν
1141 3332 1287 3406 ἰτιπόδεως
1295 3331 1360 3414 πρδς
1373 3330 1405 3391 rt
1420 3336 1513 3410 μαθεῖν
1525 3355 1553 3391 τι
1565 3335 1620 3392 τῶν
1631 3353 1694 3413 χρυ.-

126 3429 181 3487 λιοι
194 3440 241 3488 cst.
252 3427 282 3487 si
297 3449 349 3487 non
363 3425 471 3502 eredas,
486 3424 515 3484 id
525 3423 607 3485 disce.
618 3425 777 3486 Addueatur
787 3428 872 3508 quise
923 3427 1019 3507 οίμων,
1040 3425 1085 3486 καὶ
1104 3425 1220 3504 λάμπειν
1241 3428 1268 3485 ἐν
1288 3422 1442 3506 φιλοσοφίᾳ,
1457 3413 1533 3492 οὗτος
1551 3421 1570 3496 ἣ
1585 3426 1692 3497 ἐκεῖνος

126 3521 185 3579 soro
198 3520 424 3595 mendicantium,
435 3519 481 3597 qui
494 3518 530 3578 sit
550 3539 650 3595 eaecus,
667 3519 798 3598 claudus,
812 3543 872 3581 mu·
923 3519 1011 3580 Παντί
1021 3543 1071 3579 που
1084 3519 1173 3592 δῆλον,
1188 3516 1230 3579 δτι
1241 3507 1324 3585 οὗτος.
1337 3515 1372 3576 Εἰ
1383 3515 1411 3577 δὲ
1421 3520 1561 3592 ἀπιστεῖς,
1573 3516 1692 3596 μάνθανε

127 3611 209 3686 tilus;
224 3611 294 3671 alius
319 3634 426 3691 quoque
451 3624 558 3692 aspectu
585 3611 734 3686 formosus,
760 3634 873 3695 corpore
923 3608 1037 3691 Ἀγίοθω
1051 3635 1091 3678 τις
1108 3610 1162 3670 ἀπὸ
1173 3614 1223 3681 τῆς
1235 3612 1332 3689 ἀγοράς
1346 3610 1399 3668 τῶν
1414 3606 1694 3689 προσαιτοόντων,καὶ

129 3704 252 3764 robustus
274 3725 305 3763 ae
327 3702 459 3780 vividus,
482 3702 580 3783 opibus
595 3702 752 3777 abundans,
777 3724 873 3783 genere
924 3704 1001 3771 αὐτὸς
1017 3702 1064 3783 μὶν
1079 3703 1148 3762 ἔστω
1162 3701 1260 3781 πηρός,
1273 3700 1374 3782 χωλὸς,
1386 3698 1497 3767 κυλλός·
1511 3699 1604 3782 drapo<
1616 3699 1646 3759 δέ
1656 3722 1694 3767 τις

127 3797 217 3856 clarus
222 3842 232 3869 ,
255 3794 374 3877 potentia
388 3795 489 3855 valens.
512 3794 567 3854 llos
589 3794 678 3873 itaque
691 3794 725 3854 ad
746 3797 870 3877 plriloso-
923 3793 1003 3862 καλδς
1018 3793 1066 3872 μὲν
1080 3794 1153 3868 ἰδεῖν,
1165 3792 1272 3874 ἰσχυρδς
1290 3795 1329 3871 τῷ
1342 3790 1464 3870 σώματι,
1478 3789 1610 3851 πάντοθεν
1623 3812 1693 3871 σφρι·

127 3889 199 3969 phire
211 3886 383 3969 disciplinam
400 3885 586 3963 adducamus,
604 3898 630 3944 et
643 3885 797 3963 videamus,
812 3901 873 3948 uter
923 3890 987 3967 γῶν,
999 3894 1053 3954 τοῖς
1063 3883 1186 3966 χρήμασι
1207 3882 1424 3966 περιρρεόμανος·
1452 3882 1526 3962 γένος
1535 3881 1622 3962 ἐχέτω
1630 3885 1695 3961 λαμ-

127 4001 221 4040 eorum
230 3979 316 4059 magis
324 3978 474 4039 doctrinam
484 3975 611 4057 excipiat.
624 3977 665 4036 Sit
677 3997 740 4057 ergo
752 3979 872 4059 primum
898 3979 999 4059 ’πρὸν,
1022 3977 1068 4037 καί
1086 3975 1242 4038 δυναστείαν
1259 3976 1386 4055 μεγάλην.
1408 3974 1534 4035 1Ὀὐκοῦν
1556 3974 1695 4054 ἀγάγωμεν

128 4086 305 4154 praeceptum,
320 4071 440 4130 Humilis
452 4083 508 4130 esto
526 4082 551 4130 et
565 4068 718 4148 modestus,
735 4071 787 4132 hoe
800 4072 872 4134 enim
923 4070 1028 4140 τούτους
1042 4074 1078 4138 εἰς
1092 4069 1122 4129 τδ
1135 4072 1183 4140 τῆς
1196 4068 1351 4150 φιλοσοφίας
1363 4066 1560 4147 παιδευτόριον,
1576 4067 1624 4127 καί
1636 4066 1695 4125 tto

129 4166 252 4225 Christus
265 4164 391 4246 praecepit
405 4188 412 4220 ι
427 4177 486 4223 uter
501 4161 587 4241 magis
602 4162 654 4222 hoe
669 4163 781 4244 impiere
796 4179 873 4245 pote-
889 4170 907 4218 B
926 4186 985 4242 μεν,
1000 4160 1040 4230 τίς
1062 4164 1149 4222 αὐτῶν
1165 4164 1264 4240 μᾶλλον
1287 4158 1388 4229 δέξεται
1408 4158 1442 4220 τὰ
1454 4162 1504 4231 τῆς
1517 4156 1696 4226 διδασκαλίας.

7 4292 120 4343 ,„„·5·5¹
130 4256 185 4316 rit?
200 4259 300 4327 Beati,
315 4259 366 4336 qui
383 4255 482 4335 lugent
494 4254 576 4331 :quis
591 4251 665 4313 dicto
683 4255 770 4335 magis
783 4269 871 4316 atten-
926 4254 1018 4315 Ἔστω
1028 4259 1090 4336 γοῦν
1100 4254 1245 4334 τὸπρῶτον
1262 4251 1458 4332 παράγγελμα,
1469 4248 1698 4321 ταπεινδςίσοκαλ

1 4391 39 4434 ,χ
53 4405 75 4432 ,1
87 4388 111 4438 8.
131 4349 198 4408 dct?
213 4347 289 4407 Beati
308 4346 444 4407 humiles:
468 4358 529 4405 uter
548 4345 634 4425 magis
653 4346 764 4406 audiet?
787 4351 875 4409 Beati
927 4347 1046 4427 μέτριος·
1058 4345 1195 4427 τοῦτογλρ
1207 4349 1221 4405 ό
1234 4344 1348 4423 Χριστδς
1360 4341 1505 4424 προσόταξε
1517 4366 1525 4381 ·
1539 4340 1581 4412 τίς
1599 4345 1698 4422 μῶλον

1 4463 55 4497 .ιο.
133 4439 241 4497 mundo
261 4437 365 4497 corde:
384 4438 477 4506 beati,
496 4438 548 4515 qui
572 4439 701 4494 esuriunt
722 4448 751 4496 et
770 4440 875 4497 sitiunt
927 4426 1700 4522 αὐτὸκατορθῶσαιδυυήσεταψότοςῆἕκεῑνος;Μακάρνυι

125 4534 295 4615 justitiam:
309 4532 396 4604 Beati,
406 4530 457 4609 qui
461 4530 713 4607 persequutionem
720 4532 876 4608 patiuntur
927 4536 952 4592 οἱ
962 4537 1123 4600 πενθοῦντες·
1134 4529 1174 4599 τίς
1188 4533 1288 4608 μᾶλλον
1300 4527 1468 4610 προοίξειτῷ
1477 4526 1631 4610 εἰρημένος
1645 4529 1702 4587 lle·

128 4638 247 4705 propter
253 4626 402 4705 justitiam
414 4645 422 4679 .·
435 4619 496 4700 quis
518 4619 576 4678 haec
588 4618 667 4678 facile
680 4620 818 4701 excipiet?
838 4622 874 4681 Et
927 4623 1014 4706 sculptor
1026 4627 1051 4684 οί
1067 4621 1203 4684 ταπεινοί·
1218 4620 1259 4689 τίς
1279 4624 1380 4701 μᾶλλον
1391 4618 1533 4680 ἀκούσεται
1542 4643 1552 4694 ;
1562 4617 1700 4701 Μακάριοι

132 4717 154 4774 si
165 4716 224 4793 vis,
240 4715 300 4774 haee
311 4713 419 4793 utrique
438 4710 605 4791 adaptemus.
620 4711 714 4770 Annon
734 4712 780 4771 ille
791 4726 874 4773 tumet
926 4718 950 4774 ol
963 4715 1074 4796 καθαροί
1087 4738 1121 4794 τη
1138 4713 1248 4795 καρδία·
1263 4711 1389 4793 μακάρωι
1401 4713 1426 4770 οί
1442 4712 1584 4778 πεινῶντες
1599 4709 1647 4770 καλ
1657 4711 1699 4768 δι·

133 4809 252 4888 undique
272 4821 297 4867 ct
311 4806 434 4881 inflatur,
455 4804 501 4863 hie
521 4824 585 4865 vero
604 4803 744 4864 humiliter
764 4827 873 4886 prorsus
925 4810 1025 4886 ψῶντες
1053 4805 1101 4879 τὴν
1126 4804 1309 4877 δικαωαόνην·
1327 4802 1453 4882 μακάριοι
1480 4804 1505 4862 ol
1530 4801 1703 4880 διδιωγμίνοι

167 5011 275 5060 ΓλίοιοΙ.
289 5024 356 5073 μόνον
372 5017 520 5077 ἀπεύχοιται,
534 5008 607 5060 male.
975 4978 1058 5063 θόλοιο
1077 5011 1145 5078 opud
1164 5010 1293 5061 Platonem
1310 5007 1485 5063 serenanti?
1502 5006 1536 5058 de
1552 5003 1703 5073 Republica.

167 5089 180 5128 ⁸1
192 5089 261 5139 Unus
271 5086 334 5143 cod.
348 5094 496 5160 δικαστήριον,
506 5096 541 5141 δτι
553 5097 608 5160 πρὸς
620 5095 713 5158 Ιαχατον
727 5098 794 5153 ἦλθον
806 5102 890 5154 πενίας.
942 5090 1055 5157 llincque
1071 5089 1280 5157 Clrrysostomus‚
1292 5087 1391 5138 Platoni
1403 5097 1551 5137 tamennon
1563 5101 1655 5151 parum
1667 5086 1705 5136 in·

135 5175 145 5187 “
189 5177 193 5189 ’
940 5169 1038 5231 sensus,
1052 5166 1103 5219 lrmc
1116 5167 1263 5218 desurusissc
1273 5163 1380 5219 videtur.

186 5194 201 5219 l.

169 5263 179 5285 ·¹
192 5244 238 5296 Alii
250 5250 340 5304 ευθηλον
351 5254 384 5299 ότι
402 5250 451 5304 τοὺς
468 5250 539 5311 typhe·
