3742 5970
87 442 160 534 904
805 451 937 501 sauata.

86 577 346 639 commiserationen
356 572 566 650 ostendamus,et
576 571 729 633 infidelium
737 593 828 633 exem-
883 569 1018 640 ἐξελέξατο
1037 571 1073 633 ιδ
1104 572 1226 653 πρόόατα
1250 574 1345 633 αὐτοῦ.
1366 573 1499 653 Μικρὸν,
1521 575 1564 633 καί
1584 579 1646 653 ήυιῑς

85 660 164 739 plum
186 655 333 735 fugiamus,
347 654 511 731 demumque
531 672 671 733 precemur
690 666 721 712 ut
734 651 829 712 eadent
883 651 1065 732 ἀπερχόμεθα.
1093 653 1194 712 Τοῦτον
1205 653 1252 713 καλ
1261 659 1343 730 ἡμεῖς
1354 653 1608 731 μιμησώμεθα,κιὶ
1617 658 1657 732 μή.

86 738 165 797 nobis
174 736 263 817 portio
274 733 392 811 eveniat,
404 754 464 811 que
475 732 519 807 iis,
530 732 577 810 qui
591 732 620 790 in
633 732 734 791 virtute
743 732 829 791 aetatis
882 731 965 797 οὕτως
980 730 1101 834 ἀμέτρως
1120 732 1284 810 δδυρώμεθα.
1309 731 1359 799 Ὡς
1383 734 1481 791 πιστοὶ
1503 733 1647 809 eleisum,

87 836 199 876 cursum
212 812 312 873 emensi
323 827 385 871 sunt
398 836 404 869 ι
418 834 451 870 ne
461 811 509 870 illo
520 811 677 889 migrantes,
687 811 759 869 filios
775 830 827 870 no·
882 812 928 869 καί
939 808 978 886 μή
990 814 1025 877 ὡς
1036 833 1143 870 απιστοι
1155 810 1412 949 ἀργημσνήσωμεν·
1427 815 1466 878 ὣς
1477 817 1492 870 ό
1503 812 1646 890 Χριστὸςιὸν

87 908 157 953 stros
171 895 199 953 in
211 893 303 971 requie
313 892 463 961 videamus,
476 911 575 969 nosque
589 890 750 949 intolerabili
763 911 829 969 sup·
882 887 958 959 Λάζα
1024 889 1161 961 ἔκλαυσεν,
1205 915 1244 949 τω
1263 888 1447 966 κλαύσωμεν·
1463 890 1507 949 eol
1520 891 1647 974 γάρμίτρε

86 973 170 1053 plicio
187 973 358 1052 deputemur.
372 973 446 1045 Quot
476 985 514 1029 tot
527 970 599 1028 enim
618 982 680 1028 ante
699 969 789 1028 sordes
802 982 828 1028 ct
882 969 929 1027 καί
967 991 1025 1048 ρους
1045 968 1182 1040 δεικνύων,
1205 969 1348 1047 ἐδάκρυσε.
1383 971 1454 1035 Πῶς
1473 969 1528 1051 γάρ
1549 972 1647 1048 inpleri

87 1053 287 1133 corruptionem
297 1051 333 1108 ab
343 1050 394 1109 hac
403 991 505 1109 insilici
513 1062 538 1107 et
549 1047 739 1128 gemitudigna
749 1067 828 1107 carne
881 1046 1046 1151 ἔγρησιν,θν
1097 1051 1120 1106 τ’
1143 1047 1230 1126 ὀλίγον
1249 1047 1403 1147 ἐγείρεινέ
1514 1047 1646 1121 filliis·

86 1132 201 1211 separati
215 1144 278 1189 sunt
291 1129 413 1202 infantes,
426 1128 476 1187 has
490 1149 568 1187 vocet
581 1128 738 1208 parentibus
751 1127 827 1186 emit-
881 1148 913 1186 συ
934 1128 1021 1204 μάθῃς
1069 1150 1116 1208 spe
1136 1127 1220 1186 πόσου
1236 1128 1378 1207 δακρύειν,
1405 1151 1443 1185 να
1455 1127 1597 1198 καὶτὸτῐς
1606 1129 1645 1189 τό

87 1224 158 1288 tunt,
170 1212 219 1269 etsi
234 1229 286 1268 non
298 1208 398 1279 verbis,
412 1229 441 1266 re
451 1221 539 1266 tamen
549 1205 828 1287 ipsazNenoslugea·
881 1227 947 1273 σεως
967 1208 1102 1282 συμπαθὲς
1123 1204 1317 1284 ἐνδειξώμεθα,
1342 1205 1394 1264 καὶ
1420 1206 1474 1277 τὴν
1489 1211 1540 1264 τῶν
1551 1208 1646 1267 ἀτίσσαι

86 1288 132 1363 tis,
148 1304 247 1369 patres,
268 1287 343 1346 nullo
360 1288 461 1346 fructu.
475 1289 533 1347 Vos
555 1286 628 1345 enim
648 1286 756 1345 velletis
777 1305 826 1345 nos
881 1284 994 1362 μίμησιν
1004 1283 1242 1364 ἀποκρουσώμιθα·
1253 1283 1352 1345 λοιπὸν
1366 1283 1520 1344 &indecere
1527 1284 1645 1363 ιάξώμεθα

87 1368 227 1428 vobiscum
236 1386 293 1425 esse
302 1367 329 1424 in
339 1365 389 1425 ista
400 1365 473 1424 inani
482 1365 549 1436 vita,
561 1365 609 1423 ubi
619 1365 709 1424 omnia
720 1364 825 1443 ingrata
882 1367 930 1434 τῆς
952 1365 1032 1437 αὐτῆς
1046 1387 1080 1440 μι
1100 1363 1152 1431 ίδος
1165 1370 1218 1423 τῶν
1232 1366 1260 1422 δν
1277 1367 1366 1444 ἀρετῇ
1389 1368 1444 1435 τῆς
1458 1362 1645 1444 ήλικίαςγρώιε

85 1459 113 1504 et
124 1444 218 1507 dolore
227 1447 318 1537 plena,
331 1445 378 1503 ubi
389 1444 477 1505 omnia
492 1444 597 1502 fallacia
610 1457 672 1502 sunt
683 1458 710 1503 et
720 1445 826 1502 incom·
879 1441 925 1500 τὸν
944 1442 1000 1521 βίον
1013 1466 1055 1522 χω
1075 1388 1199 1519 depluent
1213 1443 1341 1504 ἔσεσθαι·
1358 1442 1413 1501 καλ
1423 1443 1467 1519 μή
1481 1446 1536 1503 ἐκεῖ
1547 1446 1646 1503 ἀπελθόν

85 1525 183 1604 posita,
192 1527 241 1586 ubt
249 1523 320 1583 nihil
330 1524 425 1583 stabile
434 1537 459 1581 et
468 1522 646 1582 finnttm:sed
656 1544 718 1582 curn
728 1525 825 1581 Domi·
878 1544 926 1587 τας
938 1526 1011 1599 ἡμᾶς
1025 1544 1084 1590 τους
1098 1520 1146 1598 μὲν
1160 1525 1264 1581 ἑαυτῶν
1279 1521 1386 1589 παῖδας
1404 1524 1434 1581 ἐν
1450 1520 1567 1581 ἀνίσιιά
1591 1528 1646 1596 σθαι,

83 1624 135 1662 nus
149 1618 238 1665 noster
252 1616 279 1663 et
292 1605 365 1662 Deus
378 1624 427 1661 nos
440 1602 546 1692 diligat,
558 1623 605 1660 ceu
619 1623 654 1659 cx
668 1624 715 1661 ore
727 1600 823 1675 leonis,
879 1605 952 1677 ἡμᾶς
964 1602 991 1661 δὲ
1005 1605 1031 1661 ἀν
1046 1600 1169 1681 ἀρσρήτῳ
1181 1602 1295 1661 κολάσει
1308 1600 1439 1660 ἔσεσθαι.
1461 1599 1543 1659 Ὅσοι
1553 1525 1597 1682 pii
1606 1604 1646 1664 πώ

84 1681 124 1741 sic
134 1704 170 1742 ex
180 1684 231 1744 hac
250 1682 321 1740 inani
338 1682 393 1740 vita
407 1701 456 1739 nos
467 1681 586 1761 enpuit3
602 1681 679 1759 quasi
699 1702 774 1740 rosas
789 1700 825 1739 ex
879 1679 962 1758 ῥύπου
976 1681 1020 1739 καί
1032 1685 1128 1760 ρθοράι
1142 1686 1190 1753 τῆς
1202 1681 1353 1761 δυσχεροῦς
1365 1680 1476 1752 ταύτης
1487 1681 1532 1739 καὶ
1544 1684 1646 1741 τελεστι-

84 1762 179 1841 spinis,
190 1763 230 1822 sic
241 1782 289 1820 nos
303 1783 318 1820 a
329 1761 445 1841 peccatis
457 1760 540 1850 hujus
551 1759 640 1817 seculi
652 1759 804 1839 segregavit
811 1782 821 1835 ;
841 1774 861 1821 ε’.
878 1758 975 1817 νιίιιτου
991 1760 1086 1839 σαρκὸς
1101 1759 1289 1841 ἐχωρίσθησαν
1301 1759 1423 1832 νήπιοι,
1437 1758 1528 1839 perede
1541 1760 1645 1839 ἀτορθίγ-

83 1841 159 1917 quasi
171 1862 253 1920 agnos
264 1839 464 1911 dilectissimos,
475 1858 514 1897 sic
524 1838 611 1896 bonus
622 1838 669 1896 ille
729 1853 823 1898 torse-
878 1858 969 1914 γονται
981 1837 1102 1904 τοιαύτας
1116 1838 1181 1918 πρὸς
1194 1839 1255 1905 τοὸς
1276 1837 1434 1911 τεκόντας,
1458 1843 1483 1898 τί
1503 1839 1645 1915 ulpino}

79 1918 174 2008 junxit
183 1942 231 1979 nos
245 1918 358 1991 avobis,
370 1915 627 1996 quasiextencbris
637 1915 665 1975 in
692 1938 777 1977 uccm.
787 1916 823 1976 Et
881 1917 1007 1998 ῥήμασιν,
1025 1917 1093 1977 ἀλλὰ
1111 1926 1166 1984 τοῖς
1188 1917 1355 2018 πράγμασι·
1373 1915 1418 1994 μὴ
1436 1918 1470 1989 δὴ
1485 1920 1525 1996 ἀρ’
1539 1924 1596 1993 ἡμῖν
1609 1919 1643 1975 ὃν.

81 2016 109 2056 ιιι
121 1999 229 2077 regione
240 1998 393 2057 viventium
406 1996 546 2075 degimus,
561 1994 610 2053 ubi
624 1996 713 2054 omnia
732 1997 823 2074 quieta
878 1995 971 2073 κρύετε
982 2042 990 2070 ,
1003 1995 1132 2075 πατέρες,
1147 1995 1229 2073 μηδὲν
1241 1999 1436 2076 ιυρελοῦντες·
1451 2001 1527 2074 ὑμεῖς
1536 1996 1644 2075 γάρέίσι

79 2089 107 2135 et
121 2078 277 2215 tranpuilla,
290 2076 337 2135 ubi
353 2075 443 2136 omnia
456 2076 590 2134 luminosa
600 2087 626 2132 et
640 2076 698 2133 Deo
711 2076 821 2155 placita,
878 2075 983 2135 λιύισθε
998 2074 1044 2135 σθν
1060 2081 1121 2152 θμῖν
1131 2076 1201 2155 ἔχειν
1215 2081 1293 2152 ἡμᾶς
1310 2077 1339 2133 ἀν
1352 2079 1397 2156 τῷ
1413 2075 1522 2156 ματαίῳ
1537 2077 1589 2153 βίῳ,
1598 2076 1643 2135 ἔνθα

80 2155 130 2214 uhi
142 2157 189 2216 nul
203 2178 234 2215 us
246 2157 365 2234 iniquus,
380 2154 497 2214 nullust
519 2174 638 2228 rannus;
655 2153 702 2213 ubi
717 2174 770 2213 non
783 2169 823 2214 est
877 2154 967 2214 πάντα
981 2156 1081 2235 ἀτερπῆ
1096 2157 1140 2214 καὶ
1154 2155 1301 2225 ἐπώδυνα,
1317 2152 1388 2214 ἔνθα
1403 2155 1497 2214 πάντα
1510 2156 1599 2214 ἄπιστα
1610 2156 1642 2213 καί

80 2252 222 2314 peccatum
233 2256 318 2314 neque
331 2234 357 2294 ni
378 2256 432 2308 ror,
445 2175 552 2291 ubilux
566 2232 699 2291 inaccessa
708 2247 734 2291 et
748 2253 821 2312 gau·
877 2232 1030 2305 ἀσύστατα,
1051 2235 1113 2293 ἔνθα
1131 2233 1205 2293 οθδθν
1221 2234 1340 2311 μόνιμον
1356 2232 1424 2294 οὐδὲ
1444 2233 1567 2312 βέάαιον·
1577 2236 1642 2293 ttt't

81 2313 159 2373 dium
180 2314 328 2386 ineffabile,
344 2254 390 2372 ubi
409 2333 461 2371 non
476 2326 515 2371 est
529 2311 605 2370 labor
618 2331 667 2371 nec
684 2312 821 2392 larayma,
876 2312 1014 2385 Δεσπότης
1037 2317 1114 2390 ἡμῶν
1138 2313 1183 2371 καί
1198 2312 1270 2381 Θεὸς
1294 2313 1452 2393 ἀγαπήσας
1475 2319 1562 2391 ἡμᾶς,
1578 2316 1641 2380 θςέι

81 2392 130 2451 uhi
143 2414 195 2452 non
207 2407 247 2453 est
257 2390 421 2469 sollicitudo,
434 2411 573 2463 nouerim,
586 2410 638 2448 non
648 2392 763 2469 gemitus
774 2412 822 2451 nec
876 2391 1007 2467 στόματος
1020 2391 1135 2465 λίοντος,
1149 2391 1231 2458 σθτως
1250 2395 1284 2451 ἐκ
1296 2398 1347 2450 τοῦ
1364 2391 1488 2469 ματαίου
1505 2394 1559 2470 βίαι
1571 2393 1641 2471 lpu-

79 2471 276 2547 iletus‚sedubi
284 2475 357 2531 Deus
365 2469 636 2529 tantumlaudaturet
643 2471 820 2548 glorificatur.
876 2494 921 2529 σιν
939 2475 1027 2548 ἡμᾶς·
1041 2475 1078 2537 ὡς
1091 2470 1117 2539 ἐξ
1132 2474 1253 2531 ἀκανθῶν
1273 2470 1359 2553 ῥόδα,
1375 2471 1452 2530 oben>
1465 2477 1518 2531 τῶν
1530 2473 1640 2549 ἁμαρτιῶν

79 2552 135 2610 Nos
151 2552 237 2610 sancti
254 2551 341 2630 angeli
361 2549 472 2630 pacifice
487 2561 670 2629 separarunta
689 2568 820 2629 corpore3
874 2555 921 2609 τοῦ
935 2553 1028 2617 αἰῶνος
1042 2549 1133 2609 τούτου
1148 2549 1269 2630 χωρίσας
1283 2555 1363 2627 ἡμᾶς
1378 2574 1386 2587 ·
1401 2555 1441 2617 ὡς
1452 2551 1530 2630 ἀρνία
1540 2552 1639 2629 ρθτιτι,

79 2648 128 2689 nos
139 2628 304 2690 sincdamuo
313 2629 515 2710 principatuset
525 2639 667 2708 potestates
676 2628 746 2686 aeris
756 2649 819 2708 per·
875 2628 957 2696 οθτως
976 2635 990 2689 ὁ
1003 2628 1104 2705 ποιμὴν
1122 2634 1136 2688 ὁ
1147 2630 1226 2696 καλὸς
1247 2630 1395 2709 ἀφώρισεν
1407 2638 1482 2707 ἡμᾶς
1493 2630 1520 2699 ἐξ
1532 2633 1640 2706 ephe&

78 2709 272 2769 transivimus:
286 2709 371 2768 bonos
382 2706 453 2766 enim
465 2707 610 2766 habuimus
622 2706 714 2765 duces.
727 2708 822 2785 Neque
874 2712 905 2770 ἐκ
916 2706 1023 2775 σκότους
1033 2712 1070 2776 εἰς
1079 2710 1142 2789 φώς.
1162 2707 1215 2766 llcl
1227 2709 1257 2766 ἐν
1268 2714 1304 2788 τῇ
1317 2708 1406 2790 χώρα
1420 2715 1476 2769 τῶν
1489 2708 1585 2777 ζώντων
1595 2710 1639 2767 διά·

77 2787 150 2847 enirn
163 2788 205 2847 illi
215 2789 377 2849 invenerunt
389 2787 418 2845 in
432 2786 510 2846 nobis
520 2806 550 2845 ea
563 2805 623 2864 quae
636 2785 817 2863 inquirebant,
874 2810 967 2867 γσμιν,
982 2787 1044 2846 ἔνθα
1056 2788 1144 2848 πιίντα
1158 2786 1250 2869 ήριμα
1264 2788 1313 2846 καί
1322 2790 1514 2857 ἀστασίαστα,
1526 2788 1639 2848 otum

78 2866 147 2925 nihil
165 2888 257 2927 cortem
280 2888 340 2945 que
360 2866 504 2946 sperabant
527 2864 554 2924 in
578 2862 656 2924 nobis
680 2864 818 2925 viderunt.
828 2891 909 2938 mee
921 2866 1036 2946 ριυτεινδι
1058 2868 1104 2926 καὶ
1121 2869 1270 2944 θιάρεστα,
1290 2865 1366 2926 όπου
1382 2869 1471 2936 uldel<
1489 2870 1579 2928 ἀδικῶν
1595 2865 1639 2926 τίδὲ

78 2945 216 3007 Viderunt
227 2966 325 3026 corpus
339 2944 558 3015 immaculatum,
568 2957 594 3002 et
609 2942 713 3023 pudore
731 2944 821 3003 allecti
837 2955 857 3001 Α
873 2945 1096 3027 τυραννούμινσς,
1119 2945 1183 3005 ὅπου
1206 2944 1256 3004 σθιι
1271 2944 1312 3003 ἔνι
1328 2947 1463 3026 ἁμαρτία
1475 2948 1534 3007 otti
1547 2945 1639 3024 μιλάνν

77 3038 159 3083 sunt:
181 3024 311 3085 viderunt
331 3024 450 3083 animam
471 3022 584 3103 probam
598 3036 625 3081 ct
641 3021 782 3098 mundam,
794 3037 822 3084 et
874 3049 923 3096 σις,
943 3023 1005 3085 ἔνθα
1021 3027 1076 3105 pior
1093 3022 1124 3084 τὸ
1143 3024 1289 3103 ἀπρόσιτον
1310 3026 1364 3084 καὶ
1400 3028 1465 3110 apd
1481 3026 1639 3097 ἀνσιλσλςιος

78 3104 183 3163 confusi
195 3117 257 3163 sunt
272 3127 278 3160 ι
295 3102 423 3162 viderunt
433 3102 556 3179 linguam
568 3122 667 3192 puram
679 3115 706 3160 ct
718 3102 821 3162 imma-
874 3104 935 3164 ίνθα
952 3106 1000 3164 οθκ
1012 3105 1050 3164 ἀνι
1062 3102 1141 3171 πόνος
1155 3102 1213 3163 οὐδὲ
1225 3103 1355 3201 δάκρυα,
1375 3050 1442 3166 tie:
1454 3108 1503 3167 ὠιι
1513 3106 1549 3166 ίνι
1558 3106 1639 3186 oper-lt

78 3183 244 3250 salutemet
262 3182 371 3242 coerciti
385 3181 668 3240 sunt.Praetenvimus
687 3195 713 3239 et
726 3180 821 3262 despe-
873 3183 931 3244 οὐδὲ
953 3187 1086 3264 μέριμνα,
1106 3188 1135 3242 οὐ
1158 3205 1307 3261 στεναγμος
1327 3184 1393 3244 οὐδὲ
1409 3187 1543 3266 ὀδυρμὸς,
1563 3182 1639 3252 ttt't

78 3263 170 3323 ximus
178 3260 540 3343 illosepraetergressisunius
548 3258 821 3339 illos,ctrontraipsos
875 3262 951 3340 μόνος
972 3264 1040 3329 Θεὸς
1066 3262 1214 3339 αἰνούμενοι
1242 3263 1290 3320 καί
1316 3263 1510 3343 δοξαζόμενος.
1533 3264 1639 3340 ‘apert

43 3355 68 3403 ³.
78 3342 398 3418 cantavimus2Laqtteus
407 3344 610 3415 contritusest,
619 3353 647 3398 et
656 3341 821 3399 noslibem·
875 3341 944 3422 ἀγιοι
957 3343 1064 3421 ἄγγελοι
1076 3343 1213 3422 εἰρηνικῶς
1222 3341 1308 3421 διεχώ
1332 3366 1398 3404 ισαν
1411 3345 1469 3404 ἀπὸ
1478 3350 1523 3404 τοῦ
1534 3344 1638 3420 σώματος

79 3427 103 3480 ti
111 3443 219 3481 sumus.
233 3423 407 3480 Benedictus
422 3421 584 3498 Deus,qui
596 3439 655 3476 non
676 3418 819 3479 dedituros
874 3421 1112 3499 ήμεῑς·ἀσιάντως
1122 3420 1168 3486 τὰς
1180 3420 1267 3500 ἀρχὰς
1278 3366 1329 3480 aul
1339 3424 1394 3491 τὸς
1406 3421 1639 3499 ἐξουσίαςτοάἀέρις

77 3504 110 3558 ιἰι
119 3505 283 3579 captionem
296 3501 430 3557 dentibus
440 3517 549 3556 eorrrm.
562 3496 632 3555 llinc
643 3497 731 3574 angeli
743 3498 821 3558 nobis
874 3503 1058 3582 παρήλθομεν·
1074 3500 1185 3578 ἀγαθοὺς
1202 3501 1256 3578 γὰρ
1277 3502 1329 3573 tan
1351 3501 1400 3568 σὸς
1420 3504 1487 3583 ἔσχο

77 3592 245 3638 occurrentes
277 3574 499 3711 elidebantp'usti
515 3594 563 3633 nos
578 3574 819 3654 amplectebantur,
875 3572 948 3661 εύρον
960 3584 987 3639 ἐν
997 3588 1062 3659 ἡμῖν
1074 3579 1141 3659 ἅπερ
1153 3579 1274 3651 ἐζήτουν,
1287 3528 1369 3641 οὐδὸν
1383 3573 1454 3642 εἶδον
1466 3588 1494 3642 ἐν
1504 3585 1638 3675 ήμῐνώνπιρ

77 3661 162 3717 sancti
189 3598 394 3733 gratulabantur
441 3655 541 3712 icentes
561 3676 568 3709 :
591 3654 662 3712 Rene
689 3671 821 3715 venerunt
874 3661 993 3731 ήλπιζσν.
1007 3653 1085 3720 Εἶδον
1096 3659 1127 3717 τὸ
1138 3663 1218 3735 σῶμα
1238 3659 1430 3731 ἀσπιλον,καὶ
1440 3663 1638 3742 ilc-stimme·

77 3737 175 3817 agnelli
183 3736 294 3797 Christi.
302 3740 407 3815 Aperte
418 3733 495 3791 nobis
505 3745 566 3791 sunt
574 3732 692 3812 paradisi
703 3732 818 3805 deliciae,
875 3741 918 3798 δον
929 3739 978 3813 τήν
989 3737 1076 3820 ψυχήν
1089 3737 1187 3796 ἀκακον
1199 3738 1247 3795 καὶ
1259 3741 1404 3822 καθαρὰν,
1416 3730 1465 3802 καὶ
1474 3732 1637 3823 elapsurus

77 3832 198 3876 ostensus
211 3815 288 3874 nobis
308 3814 361 3873 luit
379 3813 454 3872 sinus
467 3811 595 3871 abraha:
609 3832 657 3870 nos
670 3813 743 3871 enim
764 3815 819 3873 Dc
874 3810 942 3878 ιῖδσν
957 3819 1005 3890 τήν
1019 3822 1139 3899 γλῶτταν
1154 3817 1270 3875 ἄσπιλον
1281 3820 1334 3877 καὶ
1349 3820 1478 3901 καθαρὸν
1489 3821 1533 3878 καί
1543 3820 1637 3895 ducent

77 3897 168 3955 minus
192 3896 307 3974 benigne
334 3893 439 4029 excepit
459 3890 599 3949 :hilarem
623 3891 700 3950 nobis
726 3913 820 3952 vocem
875 3900 921 3957 καὶ
936 3899 1119 3978 ἐριμώθησαν·
1134 3897 1331 3975 παρήλθομεν,
1350 3900 1401 3959 καὶ
1419 3899 1583 3976 εὐτελίσαμεν
1603 3900 1637 3954 r’r

78 3976 182 4047 emisit,
195 3975 275 4032 hilari
289 3994 337 4033 nos
351 3992 399 4031 ocu
413 3992 429 4029 o
442 3970 577 4051 respexit:
594 3991 646 4047 qnia
667 3993 696 4029 ro
718 3985 820 4031 ternos
874 3976 947 4046 τούς·
964 3977 1089 4055 δύόημιν
1105 3978 1139 4034 δι’
1157 3979 1256 4045 αὐτῶν,
1272 3977 1323 4035 καλ
1339 3982 1549 4060 κατεψάλλυμιεν
1561 3980 1637 4035 oleis

77 4055 106 4114 in
118 4055 188 4113 libro
195 4054 260 4113 vitae
270 4051 504 4132 descripsitTunc
515 3993 665 4110 clementii
682 3993 715 4109 di

78 4155 138 4193 mus
150 4157 157 4190 ι
169 4132 352 4212 Justejudex,
366 4129 488 4204 Domine,
498 4128 609 4188 terrenis
631 4151 680 4188 nos
693 4129 818 4210 privasti,
873 4137 953 4215 γητὸς
970 4142 985 4196 ὁ
1005 4137 1091 4208 Θεὸς,
1110 4136 1138 4202 ὃς
1152 4137 1200 4193 οὐκ
1221 4133 1326 4194 ἔδωκεν
1352 4143 1431 4216 ἡμᾶς
1454 4142 1492 4206 εἷς
1509 4138 1583 4217 θήραν
1598 4142 1638 4197 τοῖς

77 4234 93 4271 a
104 4211 254 4271 caelestibus
268 4233 300 4270 ne
313 4208 441 4269 excludas
453 4231 461 4283 ;
473 4230 521 4267 nos
536 4209 721 4288 aparentibus
732 4230 820 4288 segre-
838 4219 856 4264 u
874 4217 976 4275 ὀδοῦσιν
991 4219 1086 4275 αὐτῶν,
1109 4213 1191 4273 Ὅθεν
1204 4214 1251 4272 καὶ
1267 4219 1293 4273 οἱ
1310 4218 1492 4285 ὑπαντῶντες
1504 4222 1570 4294 ἡμᾶς
1581 4214 1637 4293 lpas

77 4292 157 4370 gasti,
172 4311 263 4349 nenos
278 4309 402 4368 segreges
414 4310 430 4347 a
443 4290 556 4346 sanctis:
568 4287 676 4345 salvum
688 4286 820 4347 habemus
876 4319 918 4375 ρον
933 4295 1056 4374 ἄγγελον,
1073 4294 1170 4354 δίναισι
1183 4293 1362 4367 ἠσπάζοντο,
1376 4297 1449 4356 ὅσιοι
1465 4298 1593 4377 ἐτέρποντο
1603 4293 1637 4351 ἰε’-

77 4384 156 4428 ιιιιιιιι
168 4371 204 4428 ba
226 4370 342 4427 tismatis
361 4367 542 4445 signaculum,
552 4366 755 4425 immaculatum
767 4368 820 4427 tibi
873 4397 980 4450 γοντες·
1001 4378 1089 4440 καλῶς
1109 4365 1188 4446 ἦλθον
1201 4371 1238 4430 τὸ
1253 4373 1340 4453 ἀρνία
1358 4383 1408 4436 τοῦ
1424 4379 1450 4437 Χ
1471 4383 1549 4436 νοσῶ.
1571 4373 1637 4432 llici-

77 4469 174 4528 corpus
187 4392 326 4506 olierimns
338 4447 373 4505 ob
387 4466 510 4524 magnam
527 4446 675 4504 infantiam.
690 4448 729 4504 Ne
741 4445 819 4505 nohis
873 4459 925 4533 γοη
946 4459 1011 4532 ἡμῖν
1029 4460 1075 4513 τοῦ
1094 4449 1257 4532 παραδείσου
1282 4457 1302 4524 ή
1321 4456 1434 4536 τρυφὴ,
1449 4455 1552 4535 chelym,
1564 4453 1637 4530 ἡμῖνθ

77 4549 142 4607 ergo
166 4526 308 4586 invideatis
325 4525 448 4599 salutem,
464 4546 546 4601 tham
565 4538 626 4583 ante
642 4540 746 4604 tempus
762 4525 820 4585 sine
873 4522 970 4599 χ’νλπνς
990 4539 1036 4593 τοῦ
1058 4531 1194 4615 mpetum·
1217 4529 1313 4599 δεξιῶς
1336 4533 1395 4615 γὰρ
1409 4541 1485 4613 ἦμες
1504 4522 1637 4599 ξεναπάτης

76 4607 139 4666 labe
157 4607 229 4665 nacti
251 4625 344 4664 sumus
358 4627 367 4679 ;
384 4624 432 4662 nec
447 4603 532 4662 lleatis
548 4603 622 4681 quod
639 4625 673 4663 ex
687 4605 776 4685 pejore
790 4605 818 4664 in
873 4611 990 4680 ἐδέξατο·
1001 4612 1095 4692 ἱλαρὸν
1106 4612 1194 4692 φωνήν
1204 4611 1272 4689 πρὸς
1281 4617 1365 4689 ἡμᾶς
1377 4612 1636 4696 ἀπεφθέγξατο-ἱλαρῷ

76 4687 173 4746 melius
184 4685 305 4745 translati
317 4684 410 4755 simus,
420 4683 442 4740 si
454 4703 503 4761 pro
517 4683 651 4762 corruptis
664 4683 818 4764 incorrupta
874 4693 976 4770 ὄμματι
988 4698 1061 4770 ἡμᾶς
1072 4693 1216 4752 ἐθεάσατο·
1230 4690 1334 4749 διὸκαὶ
1350 4696 1379 4752 ἐν
1392 4698 1427 4764 τῆ
1443 4694 1529 4773 βίὸλιρ
1538 4693 1636 4763 ricinia

75 4766 237 4844 accepimus.
253 4766 308 4823 Nos
331 4784 394 4820 cum
417 4761 657 4899 angelisselppmnos
677 4763 820 4838 canimus,
873 4778 944 4848 ἡμᾶς
967 4772 1148 4851 ἀπεγράψατο,
1179 4771 1206 4827 ΙΙ
1226 4769 1253 4834 ὸς
1275 4770 1335 4851 γὰρ
1359 4759 1459 4849 χρνέὴν
1481 4772 1633 4852 φιλάνθρωπα

75 4865 138 4903 cum
153 4841 505 4921 sanctisehoieusagimus3
576 4843 656 4899 etiarn
669 4864 718 4922 pro
732 4842 821 4917 vobis,
874 4852 995 4927 εἴπομεν·
1017 4849 1181 4930 δεκαισκρίτα
1209 4791 1315 4927 ίίύριε,
1341 4851 1495 4933 ἐστέρησας
1517 4857 1580 4928 ἡμᾶς
1598 4850 1632 4902 οὖν

75 4923 162 5000 quiin
212 4922 294 4979 ccctis
307 4921 378 4994 estis,
390 4919 651 4979 intercedimustnos
662 4942 724 4979 cum
735 4921 821 4979 inlan·
873 4930 1006 5010 ἐπιγείων,
1022 4929 1059 5007 μή
1076 4929 1205 5007 στερήσης
1219 4931 1295 5004 ἡμᾶς
1312 4934 1371 4989 τῶν
1391 4930 1567 5011 ἐπουρανίων·
1583 4924 1632 5004 ἐγώ

75 4999 310 5060 ῐιίιιιειιιίίοιοιίσ
322 5013 431 5079 propter
443 4999 580 5057 Christum
596 5000 742 5058 interiectis
757 5022 821 5059 con·
874 5033 949 5093 ρννας
968 5014 1039 5079 ἡμᾶς
1062 4991 1227 5087 γονέων,’μὴ
1272 5008 1383 5086 mptum
1403 5015 1479 5087 ἡμᾶς
1500 4992 1630 5082 euripi·

75 5100 270 5152 numeramur;
299 5099 346 5136 nos
374 5100 437 5137 curn
464 5078 527 5137 Jobi
554 5078 619 5137 filiis
642 5080 817 5139 exsultamus.
872 5066 1012 5149 ederedo
1035 5089 1083 5160 τήν
1104 5089 1238 5166 σφραγῖδα
1251 5030 1364 5166 {popei
1386 5098 1434 5151 τοῦ
1458 5088 1628 5169 βαῃξνρσνς.

664 4072 681 4109 u
702 4049 819 4109 lcldlxl·
874 4054 908 4115 ‘ll
924 4058 1004 4137 παγίς
1021 4055 1174 4135 συνετρίθη,
1200 4054 1249 4114 καλ
1270 4060 1358 4133 ἡμεῖς
1375 4059 1553 4138 ἐρῤύσθημεν.
1571 4058 1637 4116 Εὐλο-

109 5278 119 5300 ·
135 5263 143 5326 l
160 5261 253 5312 Eodem
267 5277 315 5313 uox
328 5261 422 5327 legetur
435 5277 509 5326 supra
523 5279 546 5328 p.
562 5264 618 5327 θίθ,
632 5264 683 5330 Ι).].
