3728 5978
222 419 293 491 538
570 442 599 488 S.
627 441 765 489 Jostttrtts
791 440 973 489 Clllle'OS'l'.
1005 437 1160 487 tttcttttst’.
1189 439 1458 489 cousrattt'ttt'or.

223 566 324 626 crimen
340 565 380 625 illi
403 563 513 636 remisit,
528 577 554 623 et
575 564 686 623 fratrem
695 563 748 645 ipsi
762 562 897 646 subjecit:
912 583 962 623 rc·
1017 562 1063 622 καὶ
1077 563 1211 643 λέγοντος,
1231 563 1304 643 Πρδς
1326 563 1354 623 σὲ
1372 570 1390 637 ἡ
1405 566 1559 645 ἀποστροφή
1577 570 1674 642 αὐτοῦ,
1695 567 1788 628 καὶσὺ

223 651 285 718 ruiu
294 660 331 717 ita
341 656 498 716 insanabilis
512 669 551 715 est
563 655 608 715 bic
621 655 743 733 morbus,
757 668 789 715 ut
796 657 877 717 etiam
889 654 965 714 mille
1018 653 1102 737 ἄρξεις
1112 658 1190 714 αὐτοῦ
1200 701 1208 731 ,
1220 654 1288 734 μηδὲ
1303 655 1385 724 οὕτως
1397 658 1521 717 ἐνδοῦναι.
1536 657 1633 717 Καίτοι
1645 682 1676 738 γε
1687 659 1789 718 καὶτοῦ

222 748 352 809 adhibitis
366 748 526 830 pharmacis,
540 747 642 808 saniem
658 769 763 830 semper
780 748 892 807 emittat.
908 748 964 806 Gur
1016 748 1181 828 ἐγκλήματος
1194 749 1271 808 αὐτὸν
1288 752 1384 830 ἇρῆκε,
1407 750 1452 808 καλ
1465 752 1509 809 τὸν
1524 748 1634 831 ἀδελρδν
1649 750 1788 819 ὑπέταξεν·

221 841 293 901 enim
309 841 396 917 doles,
408 861 425 899 o
439 840 561 900 omnium
577 840 748 901 miserrime?
761 840 834 920 quod
847 839 963 900 bonora-
1017 841 1076 900 ἀλλ’
1095 840 1167 920 duro<
1188 840 1270 909 οὕτως
1285 841 1390 900 ἀνίατον
1412 843 1442 902 τδ
1455 842 1559 921 νόσημα
1573 847 1667 914 τοῦτο,
1693 847 1729 912 ὡς
1743 845 1789 903 καὶ

221 945 265 993 tus
278 932 313 994 sit
325 931 420 992 Deus?
434 936 468 992 At
481 934 533 993 hoc
548 946 588 993 est
600 932 683 992 animi
694 931 816 993 satanici.
834 932 874 991 An
888 930 962 1011 quod
1018 930 1118 1013 μυρίων
1138 932 1291 1015 φαρμάκιον
1300 933 1480 1014 ἐπικειμένων,
1494 933 1542 1006 τήν
1558 934 1657 994 οἰκείαν
1672 935 1788 994 doomo-

221 1025 303 1084 l'rater
320 1022 469 1085 admodum
487 1039 612 1106 acceptus
631 1024 734 1084 luerit?
748 1023 804 1086 Sed
826 1023 889 1083 licet
911 1023 961 1083 tibi
1016 1025 1069 1091 ζειν
1090 1022 1233 1096 σηπεδόνα.
1255 1023 1334 1091 Τίνος
1351 1023 1402 1105 γδρ
1422 1024 1508 1085 ένεκεν
1523 1028 1629 1105 ἀλγεῖς,
1644 1015 1787 1087 ὦπιίντων

221 1136 283 1176 eum
297 1137 433 1199 superare.
448 1119 541 1197 ltaque
554 1118 577 1176 si
590 1117 697 1177 uincere
709 1116 786 1192 velis,
799 1136 833 1176 ne
843 1114 960 1191 occidas,
979 1121 999 1168 D
1016 1113 1157 1197 ἀθλιώτερε
1172 1114 1203 1175 σύ
1215 1140 1223 1190 ;
1237 1115 1278 1174 ότι
1289 1116 1402 1193 ἐτιμήθη
1415 1116 1522 1191 &ficiet
1536 1116 1616 1177 Ἀλλδι
1626 1123 1706 1178 τοῦτο
1717 1119 1787 1198 γνόν-

220 1218 255 1268 ne'
267 1207 303 1269 dc
315 1209 404 1269 medio
413 1209 491 1269 tollas
499 1231 507 1284 3
516 1209 564 1269 sed
573 1210 630 1270 sine
640 1231 756 1287 manere,
768 1222 799 1269 ut
810 1208 963 1269 certaminis
1017 1228 1068 1283 μης
1081 1210 1236 1278 σατανικῆς.
1251 1208 1321 1266 Ἀλλ’
1335 1207 1376 1267 δτι
1389 1204 1644 1289 παριυδοκίμησενδ
1659 1209 1788 1291 δδελρός;

220 1301 324 1362 occasio
345 1315 477 1378 serretur,
493 1315 520 1361 et
542 1300 678 1363 virentem
690 1322 788 1384 supera
805 1324 813 1360 ι
828 1300 869 1360 sic
889 1300 962 1361 enim
1016 1296 1084 1357 Ἀλλ’
1098 1297 1181 1368 ἔξεστι
1195 1299 1241 1359 καὶ
1256 1300 1297 1359 sol
1311 1299 1391 1360 πόλιν
1403 1301 1480 1360 αὐτὸν
1491 1303 1686 1381 παραδραμεῖν.
1701 1301 1788 1363 Ὥστε

220 1392 361 1474 splendida
372 1393 424 1453 tibi
445 1414 543 1453 corona
557 1394 649 1453 lutura
662 1407 702 1453 cst
715 1417 722 1451 ι
741 1413 813 1453 nunc
834 1406 925 1454 autem
939 1393 963 1452 si
1015 1390 1038 1448 el
1053 1387 1139 1468 βοόλιι
1151 1394 1270 1465 νικήσαι,
1287 1389 1432 1472 μήσρᾶξῃς
1444 1391 1511 1470 μηδὲ
1526 1391 1636 1472 ἀνέλῃς,
1652 1392 1713 1453 ἀλλ’
1724 1393 1788 1474 ἄφες

219 1484 336 1561 occidas,
350 1486 479 1566 majorem
493 1499 584 1546 contra
600 1498 626 1545 te
640 1485 774 1545 caleulum
787 1486 866 1558 feres,
879 1505 961 1565 quam
1016 1479 1103 1560 μένειν
1125 1481 1168 1541 bn
1190 1488 1305 1562 τηρῆται
1327 1489 1379 1542 τῶν
1398 1484 1592 1561 παλαισμάτων
1616 1485 1787 1557 ἡθπόθεσις,

219 1574 242 1634 si
256 1575 345 1636 rictus
358 1596 437 1637 esses.
447 1580 482 1635 ttt
492 1576 561 1636 nihil
574 1575 673 1636 horum
687 1575 793 1637 invidia
805 1577 890 1636 norit.
905 1578 963 1637 Cur
1014 1571 1061 1632 καλ
1073 1571 1179 1646 νίκησον
1194 1577 1297 1644 ζῶντα·
1321 1574 1390 1633 οὕτω
1403 1576 1508 1655 γάρτοι
1523 1576 1645 1658 λαμπρὸς
1653 1573 1671 1635 ’ὁ
1685 1575 1786 1656 στύρα-

218 1679 309 1727 autem
319 1668 432 1748 gloriam
443 1667 555 1727 amasio
567 1681 640 1726 tanta
649 1666 816 1727 solitudine?
827 1666 878 1748 ipsi
887 1687 960 1727 nam·
1013 1686 1057 1732 νος
1074 1664 1183 1743 ἔμελλεν
1203 1665 1326 1727 ἔσεσθαι·
1346 1667 1402 1726 νυνὶ
1419 1665 1448 1725 δὲ
1464 1665 1573 1742 ἀνελὼν,
1595 1668 1704 1745 μείζονα
1715 1669 1785 1727 κατὰ

216 1780 269 1840 que
281 1760 333 1820 soli
346 1773 411 1819 tnnc
422 1773 521 1819 terram
539 1759 710 1819 babitabant.
729 1759 845 1819 amihil
861 1759 960 1819 horum
1014 1764 1111 1818 σαυτοῦ
1128 1761 1176 1829 τῆς
1192 1758 1275 1831 ἥττης
1295 1758 1344 1832 τήν
1362 1761 1450 1839 ψῆφον
1472 1759 1598 1841 ἐκρέρεις.
1621 1759 1692 1819 Ἀλλ’
1713 1761 1786 1819 otto

216 1855 307 1937 ipsum
322 1855 464 1932 cohibuit3
480 1853 528 1916 sed
541 1855 669 1915 omnibus
685 1876 721 1914 ex
737 1854 828 1914 animo
841 1854 958 1936 rejectis,
1013 1848 1111 1910 τούτων
1134 1855 1151 1922 ή
1172 1851 1304 1930 βασκανία
1325 1842 1387 1913 οἶδε.
1404 1851 1483 1918 Τίνος
1503 1852 1530 1911 δὲ
1548 1850 1636 1910 ἕνεκεν
1651 1851 1698 1911 καλ
1712 1852 1787 1926 δόξης

217 1966 280 2006 cum
292 1944 403 2006 diabolo
423 1946 495 2006 stetit
517 1960 543 2006 et
565 1946 650 2005 acie·
664 1945 794 2006 instruxit
809 1969 816 2003 ι
830 1967 894 2005 uam
915 1946 961 2006 ille
1012 1944 1074 2022 ἐρᾷς
1092 1945 1119 2002 ἐν
1142 1942 1240 2023 ἐρημίᾳ
1260 1943 1391 2023 τοσαύτη;
1411 1935 1482 2002 οὗτοι
1500 1942 1552 2022 γδρ
1572 1942 1648 2022 μόνοι
1664 1943 1726 2004 τότε
1738 1944 1786 2016 τὴν

215 2050 282 2098 tunc
294 2036 354 2098 dux
367 2050 424 2097 erat
435 2057 496 2096 cum
511 2036 606 2096 Caino.
623 2036 697 2112 Quia
719 2037 791 2096 enim
812 2057 864 2098 uon
882 2036 959 2097 suili-
1013 2038 1063 2115 γῆν
1083 2033 1178 2116 ᾤκουν.
1210 2036 1280 2095 ’stt’
1297 2035 1355 2095 οὐδὲ
1374 2041 1453 2095 τοῦτο
1476 2036 1553 2095 αὐτὸν
1574 2035 1702 2116 ἐπέσχεν,
1718 2037 1786 2095 ἀλλὰ

216 2128 304 2191 ciebat
313 2128 365 2208 itti,
379 2129 453 2210 quod
463 2129 546 2189 homo
567 2129 689 2190 mortalis
709 2140 777 2190 esset
790 2131 912 2208 effectus,
923 2152 958 2191 ex
977 2133 995 2179 δ
1013 2125 1101 2186 πάντα
1116 2126 1169 2186 ἆπδ
1181 2131 1229 2199 τῆς
1239 2131 1327 2208 ήνχῆε
1342 2125 1437 2207 ῥίψας,
1453 2127 1546 2186 ἵοῖοτο
1558 2126 1626 2204 μετδ
1639 2134 1685 2187 τοῦ
1697 2127 1787 2186 imici

215 2222 310 2283 mortis
330 2224 411 2283 etiam
433 2221 515 2283 modo
536 2223 665 2304 majorem
679 2221 840 2303 tragoedtam
854 2224 961 2284 efficere
1013 2220 1059 2278 λου
1080 2217 1127 2278 κτλ
1148 2219 1345 2298 παρετάττετο·
1361 2217 1470 2299 κεδγδρ
1488 2211 1628 2290 ἐκεῖνοτδν
1642 2224 1657 2279 ὁ
1670 2242 1786 2300 στρατη·

213 2315 342 2394 tentabat,
368 2330 394 2376 et
413 2317 547 2398 persuasit
569 2317 611 2377 illi
628 2329 659 2375 ut
678 2317 790 2377 fratrem
813 2316 956 2380 occideret.
1012 2313 1067 2389 γῶν
1087 2308 1147 2368 τότε
1168 2308 1235 2387 μετδ
1254 2317 1300 2370 τοῦ
1318 2309 1395 2369 Κοίῖν·
1417 2307 1528 2380 Ἐπειδὴ
1546 2310 1785 2392 ripuariorum

214 2408 368 2469 Festinabat
380 2409 451 2468 enim
465 2423 491 2468 et
506 2407 676 2468 desiderabat
687 2408 781 2468 videre
801 2408 960 2469 sententiam
1014 2403 1086 2482 αὐτῷ
1099 2399 1130 2460 εδ
1141 2399 1263 2481 γενέσθαι
1275 2402 1368 2473 θνητὸν
1384 2400 1426 2461 τὸν
1442 2402 1597 2483 ἄνθρωπον,
1610 2400 1658 2461 καλ
1671 2407 1710 2482 τῷ
1724 2403 1786 2484 τρό-

214 2499 242 2559 in
255 2520 324 2581 opus
337 2498 492 2577 deductam,
509 2499 556 2578 qui
573 2520 722 2579 numquam
734 2501 832 2561 nostris
846 2500 960 2561 satiatur
1012 2516 1057 2574 περ
1076 2499 1122 2553 τοῦ
1145 2492 1256 2552 θονοίτον
1280 2492 1387 2571 μείζονοε
1410 2491 1458 2564 τὴν
1480 2494 1630 2575 τραγῳδίαν
1652 2495 1785 2575 ἐπεχείρει

213 2589 303 2652 malis,
320 2591 398 2652 Ausi
420 2591 481 2672 quis
497 2589 638 2652 inimicum
652 2591 774 2652 vinctum
795 2592 910 2672 habens²
933 2606 960 2653 et
1012 2588 1140 2657 ποιῆσαι,
1153 2585 1198 2644 καλ
1214 2583 1349 2644 ἀνέπειθεν
1361 2586 1548 2665 ἀδελφοκτόνον
1558 2585 1694 2665 γενέσθαι·
1707 2587 1785 2658 ἠπεί-

213 2684 344 2744 sententia
357 2684 516 2746 damnatum
527 2683 564 2744 ad
573 2698 686 2746 mortem
699 2684 804 2763 videns,
816 2699 959 2766 antequam
1012 2676 1130 2759 γετογδιρ
1136 2677 1182 2738 καὶ
1191 2676 1544 2759 ὤδινενῖδεῖντήνάπόρασιν
1553 2682 1589 2746 εἰς
1596 2677 1672 2759 ἔργον
1678 2681 1784 2760 ἐκρερο-

213 2794 249 2837 ex
264 2777 333 2837 urbe
345 2793 431 2856 exeat,
445 2777 553 2838 festinet
571 2791 601 2837 ut
622 2777 701 2838 illum
723 2779 797 2840 intus
820 2792 959 2839 mortuum
1013 2770 1094 2850 μένην
1107 2774 1122 2830 δ
1136 2769 1268 2849 μηδέποτε
1282 2774 1312 2831 ἓν
1324 2775 1377 2829 τῶν
1389 2770 1525 2850 ἡμετέρων
1538 2773 1724 2850 κορενννίμενοε
1737 2795 1784 2830 κε·

213 2866 317 2945 videat,
331 2891 380 2930 nec
402 2891 551 2950 congruens
570 2883 677 2954 tempus
698 2885 833 2953 exspectet
850 2895 857 2929 ι
873 2872 914 2932 sic
933 2885 960 2932 et
1012 2867 1075 2925 xm.
1099 2862 1204 2946 Ὥσπερ
1218 2863 1250 2922 δν
1264 2862 1340 2931 είτετ
1360 2862 1498 2941 δεσμώτην
1519 2863 1588 2944 ἔχων
1598 2865 1702 2946 ἐχθρὸν,
1716 2864 1782 2924 ἀπό·

213 2956 338 3021 diabolus
352 2974 417 3021 tuno
432 2985 438 3019 ι
451 2960 500 3021 etsi
517 2960 637 3023 audisset
649 2962 787 3022 bominem
807 2963 836 3023 in
856 2963 957 3046 pulve-
1012 2981 1091 3040 ρεοεν
1111 2955 1251 3036 δεὶοίμενον
1274 2956 1351 3032 tom,
1366 2954 1429 3037 πρίν
1449 2954 1466 3026 ἢ
1489 2953 1538 3027 vlt
1558 2955 1636 3015 πολιν
1660 2955 1782 3030 ἐξελθεῖν,

213 3072 272 3112 nem
293 3073 350 3113 esse
371 3074 554 3131 reversurum,
568 3053 696 3136 cupiebat
717 3053 821 3133 aliquid
840 3054 959 3137 amplius
1011 3049 1143 3132 ἐπείγοιτο
1159 3048 1204 3109 καλ
1222 3047 1294 3108 ἔνδον
1309 3047 1486 3131 τραπόμενον
1505 3050 1584 3122 ἰδεῖν,
1598 3048 1644 3106 καλ
1657 3047 1725 3129 μηδὲ
1741 3049 1785 3107 τὸν

214 3141 319 3216 ridere,
335 3144 424 3205 filiurn
436 3166 532 3228 nempe
548 3159 610 3206 aute
632 3159 735 3228 patrem
749 3146 918 3226 morientem,
932 3161 958 3208 et
1011 3143 1180 3225 reposuissem
1194 3142 1319 3221 ἀναμίνοι
1329 3140 1437 3222 καιρόν·
1450 3139 1518 3199 οὕτω
1532 3141 1564 3212 δὴ
1580 3139 1626 3199 καὶ
1639 3144 1653 3198 θ
1666 3140 1785 3206 statuto<

215 3232 325 3295 fratrem
346 3236 512 3297 occidentem
538 3238 648 3296 fratrem
672 3257 762 3314 suum,
785 3238 958 3299 immaturam
967 3269 1003 3311 ηερ
1013 3236 1081 3296 τότε.
1101 3235 1196 3297 Καίτοι
1214 3259 1244 3316 γε
1263 3234 1395 3307 ἀκούσας,
1412 3234 1452 3293 ὅτι
1467 3237 1501 3299 εἷς
1520 3238 1569 3313 γῆν
1585 3233 1784 3292 ἀπελεύσεταιδ

215 3348 272 3388 rem
283 3342 309 3389 ct
325 3329 470 3390 violentam
485 3342 610 3389 mortem.
975 3324 995 3370 Δ
1012 3328 1165 3411 ἄνθρωπος,
1179 3327 1258 3388 ὤδινέ
1268 3352 1295 3387 τι
1306 3327 1387 3387 πλέον
1398 3329 1476 3401 ἰδεῖν,
1490 3327 1545 3386 υίδν
1561 3327 1614 3406 πρὸ
1628 3327 1728 3405 πατρὸς
1740 3350 1783 3385 τε·

1010 3420 1162 3492 λευτῶντα,
1191 3417 1236 3477 καλ
1266 3417 1376 3499 ἀδελφὸν
1405 3417 1515 3497 ἀδελφὸν
1545 3417 1718 3495 ἀναιροῦντα,
1739 3418 1784 3475 καὶ

1011 3510 1097 3592 ἄωρον
1111 3508 1156 3569 καλ
1178 3509 1267 3590 βιαίαν
1282 3509 1394 3590 σφαγήν,

254 3601 283 3660 7.
303 3598 405 3661 Viden'
420 3593 455 3659 id
468 3613 583 3679 quantas
605 3620 648 3659 ros
661 3599 816 3662 inservierit
829 3602 956 3663 invidia?
1051 3593 1128 3670 Εἶδες
1140 3601 1205 3682 πρὸς
1223 3600 1294 3661 πόσα
1307 3601 1471 3680 ὑπηρέτησεν
1491 3603 1505 3658 ό
1528 3599 1635 3680 φθόνος
1656 3606 1714 3668 πῶς
1735 3600 1784 3671 τήν

214 3689 349 3771 quomodo
363 3690 543 3750 insatiabilem
559 3689 662 3752 diaboli
681 3691 803 3751 animum
824 3692 957 3773 implere·
1011 3693 1152 3776 ἀκόρεστον
1171 3698 1217 3752 τοῦ
1234 3692 1357 3752 διαύολου
1378 3691 1485 3770 γνώμην
1507 3691 1649 3766 ἐνέπλησε,
1666 3692 1712 3750 καλ
1735 3716 1781 3750 το-

215 3781 263 3860 rit,
275 3794 432 3862 tantamque
450 3782 492 3842 illi
510 3803 630 3841 mensam
648 3782 815 3864 apposuerit,
829 3796 957 3862 quantam
1010 3785 1109 3858 σαύτην
1130 3786 1202 3866 αὐτῷ
1217 3784 1352 3863 παρέθηκε
1365 3785 1507 3864 τράπεζαν,
1523 3782 1588 3855 όσην
1609 3785 1672 3843 ἰδεῖν
1688 3783 1784 3843 loedri-

215 3873 264 3935 ille
276 3875 368 3935 videte
390 3875 537 3958 cupiebat?
550 3875 699 3956 Fugiamus
720 3897 785 3956 ergo
798 3876 872 3936 buno
885 3897 957 3936 mor·
1011 3900 1095 3954 μησεν
1111 3878 1207 3944 ἐκεῖνος
1214 3899 1223 3952 ;
1238 3875 1387 3955 Φεύγιιμεν
1400 3875 1484 3934 τοίνυν
1498 3875 1528 3934 τὸ
1541 3875 1654 3954 νόσημα.
1672 3878 1713 3936 Οὔ
1731 3875 1783 3957 γδρ

214 3965 292 4028 bum.
307 3969 368 4028 Non
381 3988 524 4048 possumus
539 3967 622 4044 enim,
634 3988 687 4027 non
707 3989 849 4048 possumus
863 3968 957 4049 utique
1010 3969 1091 4043 ἐστιν,
1102 3972 1149 4030 οθκ
1163 3967 1219 4027 ἔστι
1232 3968 1325 4047 τὸπῦρ
1339 3970 1422 4026 ἐκεῖνο
1434 3968 1566 4047 διαφυγεῖν
1578 3967 1609 4025 τὸ
1620 3969 1783 4044 ἡτοιμασμέ-

214 4061 304 4142 ignem
313 4061 392 4121 illum
403 4062 520 4144 effugere
532 4075 657 4144 paratum
668 4062 787 4140 diabolo,
798 4064 849 4124 nisi
858 4065 894 4124 ab
906 4064 958 4124 bac
1010 4083 1053 4122 νον
1065 4065 1104 4144 τῷ
1118 4058 1247 4140 διαόόλιρ,
1262 4060 1300 4138 μή
1314 4057 1412 4132 ταύτης
1426 4059 1627 4139 ἀπαλλαγέντας
1638 4062 1686 4130 τῆς
1697 4062 1783 4140 ἀρρω-

216 4152 379 4232 oegritudine
391 4153 538 4213 liberemur
552 4177 558 4211 :
572 4154 751 4214 liberabimur
765 4169 864 4233 autem,
875 4156 898 4215 si
912 4177 957 4215 co-
1010 4153 1097 4222 στίας·
1114 4150 1359 4230 ἀπαλλαγησόμεθα
1383 4152 1425 4223 δὲ,
1441 4151 1472 4209 διν
1497 4151 1660 4230 ἐννοήσαιμεν
1680 4153 1738 4218 πῶς
1755 4176 1784 4210 τε

216 4247 473 4327 gitemusquantum
484 4249 876 4332 Christusnosamareritgqui
888 4274 956 4334 prae·
973 4263 992 4310 B
1008 4252 1081 4325 ἡμᾶς
1103 4247 1244 4326 ἠγάπησε.
1267 4243 1311 4303 νεεδ
1336 4244 1466 4315 ἅδδνίδονς
1482 4242 1618 4304 ίνίδενοεν
1642 4249 1750 4324 δγαπᾷν
1770 4249 1784 4302 δ

216 4338 288 4420 oepit
295 4353 325 4399 ut
336 4361 385 4400 nos
395 4340 701 4421 invicemdiligeremus.
711 4342 773 4415 Quo
782 4343 866 4425 igitur
876 4343 956 4405 modo
1009 4339 1132 4420 Χριστός.
1144 4341 1208 4406 Πῶς
1220 4329 1264 4396 οδν
1284 4342 1355 4414 ἡμᾶς
1367 4336 1504 4414 brimo&
1523 4336 1563 4394 Τδ
1578 4327 1644 4413 εἷμα
1656 4336 1687 4395 εδ
1697 4336 1784 4414 τίμιον

216 4450 271 4493 ιιωι
287 4430 407 4491 amavit?
430 4431 581 4491 Pretiosum
604 4434 760 4512 sanguinem
781 4455 861 4494 sunm
880 4434 957 4497 dedit
1009 4432 1105 4492 ἔδωκεν
1119 4429 1185 4510 ὖπδρ
1197 4432 1275 4508 ἡμῶν
1289 4432 1390 4510 ἐχθρῶν
1404 4428 1485 4487 ὄντων
1499 4427 1544 4486 καί
1556 4426 1589 4486 τὰ
1603 4427 1717 4506 μέγιστα
1728 4431 1785 4500 ἠδι-

215 4542 266 4606 pro
278 4522 358 4583 nobis
370 4523 499 4597 inimicis,
513 4523 561 4602 gui
579 4523 631 4604 ipsi
646 4525 764 4604 ingentes
778 4526 957 4589 intuleramus
1009 4522 1141 4597 κηκότων.
1157 4524 1244 4581 Τοῦτο
1258 4520 1304 4580 καὶ
1313 4520 1344 4580 ml
1359 4518 1469 4590 ποίησον
1484 4518 1528 4578 ἐπὶ
1541 4523 1586 4577 τοῦ
1599 4519 1727 4598 ἀδελφοῦ·
1739 4519 1783 4578 διδ

210 4614 338 4698 injurias.
354 4616 395 4677 lta
407 4629 433 4675 el
446 4628 476 4674 tu
490 4613 571 4673 incito
584 4635 646 4694 erga
658 4616 767 4675 fratrem
782 4631 860 4680 tuum
875 4644 882 4677 ε
895 4620 956 4682 idco
1009 4616 1062 4700 γδρ
1078 4619 1168 4687 τοῦτο,
1182 4614 1270 4696 φησίν,
1291 4611 1418 4684 Ἐντολὴν
1433 4609 1525 4683 καινὴν
1544 4610 1639 4688 δίδωμι
1654 4616 1727 4688 ὑμῖν,
1742 4611 1784 4670 ἵνα

63 4712 135 4756 ¹⁰⁶⁸·
154 4711 189 4760 νδ·
215 4706 354 4784 dimitte,
372 4707 551 4767 Mandatum
572 4725 679 4765 novum
692 4708 731 4766 do
748 4713 843 4783 vobis,
860 4726 891 4771 ut
911 4715 954 4771 dt·
1009 4709 1091 4775 οὕτως
1105 4710 1226 4788 ἀγαπᾶτε
1240 4705 1384 4777 ἀλλήλους,
1398 4701 1485 4769 καθὼς
1497 4700 1549 4781 ἐγὼ
1559 4703 1689 4782 ήγοίπησα
1703 4707 1783 4781 ὑμᾶς.

63 4773 104 4832 ’δ’
216 4803 316 4884 ligatis
330 4804 454 4859 invicem
465 4803 539 4858 siout
555 4798 648 4857 dilexi
662 4820 726 4859 vos.
748 4803 806 4862 lmo
824 4823 887 4863 vero
902 4824 954 4865 non
1010 4803 1118 4861 Μᾶλλον
1137 4800 1164 4858 δὲ
1186 4797 1327 4859 colluitur
1344 4797 1375 4855 τδ
1389 4796 1484 4878 μέτρον
1501 4795 1624 4854 ἵσταται·
1640 4796 1717 4864 αύτδς
1733 4798 1785 4875 γὰρ

215 4894 243 4954 in
257 4892 300 4952 bis
322 4892 368 4952 ille
390 4890 512 4951 terminis
533 4889 654 4949 consistit
667 4914 674 4948 ι
687 4890 745 4972 ipse
766 4913 881 4973 namque
904 4917 954 4976 pro
1009 4893 1076 4974 ύπέρ
1089 4897 1141 4952 τῶν
1157 4894 1256 4973 ἐχθρῶν
1276 4895 1353 4951 τοῦτο
1367 4888 1498 4960 ἐποίησεν.
1514 4887 1584 4946 Ἀλλ’
1606 4891 1635 4947 οὐ
1653 4888 1741 4966 βούλει
1755 4891 1787 4948 τὸ

213 4985 331 5047 inimicis
343 4985 396 5045 boo
414 4983 484 5043 iecit.
497 4979 551 5044 Sod
564 5002 617 5041 non
634 4982 677 5041 ris
699 4983 856 5065 sangninem
875 4999 954 5046 tuum
1009 4979 1077 5067 αἷμα
1092 4989 1181 5047 δοῦναι
1192 4986 1223 5047 τδ
1235 4990 1333 5046 σαυτοῦ
1350 4982 1417 5064 ὑπὲρ
1430 4988 1476 5042 τοῦ
1490 4983 1618 5063 ἀδελφούς
1632 4981 1669 5041 Τί
1682 4971 1728 5041 σύν
1740 4983 1785 5040 καὶ

213 5081 279 5140 dare
293 5101 343 5161 pro
356 5078 458 5138 fratre?
471 5077 525 5136 Cur
543 5095 607 5155 ergo
627 5075 708 5135 etiam
721 5078 778 5159 ejus
796 5078 953 5157 sanguinem
1008 5079 1039 5140 τὸ
1048 5080 1146 5142 ἐκείνου
1156 5079 1267 5159 ἐκχέεις,
1278 5079 1309 5137 ἐκ
1323 5075 1462 5156 διαμέτρου
1476 5074 1636 5155 παρακούων
1650 5078 1698 5145 τῆς
1712 5076 1784 5132 ἐντο-

85 5166 89 5173 ’
117 5236 124 5247 ,
211 5172 340 5248 effundis,
352 5182 558 5252 preceptumex
569 5167 702 5229 diametro
713 5169 954 5230 violansturiam-
1008 5175 1069 5248 λῆς
1083 5172 1178 5234 Καίτοι
1192 5172 1269 5238 αθτδς
1281 5170 1328 5247 μέν
1342 5169 1408 5251 ὅπερ
1420 5168 1552 5240 ἐποίησεν,
1563 5169 1611 5227 οὐκ
1623 5165 1651 5235 ἐξ
1663 5169 1783 5249 δρειλῆς·

211 5267 234 5327 si
249 5266 306 5348 ipae
318 5262 443 5325 cbristus
452 5282 506 5322 non
516 5282 551 5322 ex
561 5260 654 5323 debito
666 5261 718 5324 boc
728 5262 838 5342 fecerit,
849 5276 878 5323 lu
889 5285 954 5327 tero
971 5279 990 5329 C
1009 5264 1040 5326 ob
1055 5264 1099 5342 dl,
1114 5262 1145 5323 δν
1166 5267 1259 5342 ποιῇς,
1273 5260 1379 5342 ὀφειλὴν
1401 5260 1493 5321 λοιπδν
1518 5261 1642 5340 πληροῖς·
1655 5259 1714 5320 ἐπεὶ
1736 5258 1783 5318 καλ
