3728 5978
105 381 176 477 254
436 404 466 452 s.
494 382 637 451 sossius
662 400 849 452 euersosn.
878 398 1036 447 ancumr.
1065 398 1342 448 consensuros.

104 528 176 588 cirea
188 526 279 587 omnia
292 524 411 603 disserit,
422 523 590 584 attendamus
603 539 633 584 ut
646 546 697 606 par
710 536 758 584 cst.
772 521 848 597 Quid
900 522 951 583 σίν.
972 525 1007 584 El
1028 523 1115 583 τοίνυν
1134 523 1210 604 πρδς·
1220 522 1355 584 νουθεσίαν
1377 524 1455 602 ἡμῶν
1481 521 1544 602 περί

104 619 204 678 frustra
218 639 266 678 nos
279 619 352 700 ipsos
365 616 535 698 decipimus?
547 616 655 693 Timeo,
670 637 703 678 ne
721 615 757 676 de
771 615 849 676 nobis
901 615 1066 694 διαλέγεται,
1077 614 1252 696 προσέχωμεν
1265 619 1302 684 ὡς
1314 616 1353 676 δεῖ
1369 614 1522 698 προσέχειν.
1536 615 1556 674 'l

1 743 21 768 t·
73 757 78 768 .
104 701 212 771 dicatur
229 734 236 768 ι
253 711 440 792 ,Defecerant
453 713 486 768 in
503 713 640 769 vanitate
660 711 722 770 dies
743 712 846 780 nostri,
901 708 1016 789 έαυῄς
1032 712 1191 786 ἀπατῶμεν;
1206 706 1383 787 δίίλυόοῦμαε,
1398 707 1438 788 μὴ
1458 708 1556 768 καδπε

105 814 134 861 et
147 805 221 861 anni
234 805 327 860 nostri
350 822 416 861 cum
420 802 629 883 festinatione.
643 800 714 875 Quis
733 820 783 860 nos
795 821 847 858 au·
902 801 963 880 είπῃ
985 825 1040 876 τις,
1059 801 1100 861 δτι
1123 799 1262 870 Ἐξέλιπον
1282 802 1310 859 έν
1334 799 1497 878 ματαιότητι
1520 803 1550 858 αἱ

104 892 181 952 diens
201 892 330 952 abscessit
347 913 362 951 a
379 891 516 952 theatris?
528 892 591 971 quis
610 892 646 950 ab
661 891 776 951 avaritia
797 891 847 950 de·
900 893 994 968 ἡμῶν,
1007 889 1053 949 καί
1066 890 1100 950 τδι
1114 889 1161 960 ίτη
1180 892 1257 968 ἡμῶν
1278 887 1347 968 μετὰ
1367 889 1493 960 σπουδῆς.
1505 886 1556 955 Τίς

104 983 413 1064 stitittquisterventior
424 984 510 1044 bears
521 997 561 1043 est
578 982 613 1042 ad
626 983 848 1065 eleemosynam?
901 986 978 1059 ἡμῶν
999 980 1102 1056 ἀπέστη
1114 982 1249 1061 θεάτρων;
1265 979 1306 1048 τίς
1324 979 1429 1052 ἀπέστη
1450 978 1556 1055 πλρονεξ

108 1076 213 1137 Vellem
225 1076 303 1155 scire,
315 1098 368 1136 non
381 1097 458 1137 vanae
475 1076 568 1156 gloriae
581 1097 670 1151 causa,
680 1074 728 1135 sed
743 1089 774 1135 ut
792 1075 849 1134 ala-
864 1090 884 1138 n
901 1072 1094 1155 προθυμότερος
1109 1071 1202 1154 γέγονε
1219 1072 1281 1152 περί
1298 1071 1489 1150 ἐλιημοαίνην,
1502 1069 1556 1130 'Ed

105 1167 177 1226 crior
189 1167 290 1241 fierem,
302 1166 399 1229 videns
416 1167 553 1248 egregium
572 1167 696 1226 laborum
720 1168 847 1226 fructum
902 1171 1004 1243 μαθεῖν,
1024 1166 1083 1247 οὐχί
1106 1163 1253 1234 κενοδοξίας
1271 1163 1374 1239 ένεκεν,
1386 1166 1446 1225 ἀλλ’
1459 1161 1532 1222 ὥστε
1552 1187 1556 1202 ·

106 1259 185 1318 Nunc
208 1273 298 1318 autem
320 1256 457 1337 quomodo
478 1258 553 1339 operi
565 1280 675 1317 manum
690 1258 848 1335 admovebo,
900 1257 1109 1338 προθυμότερος,
1121 1257 1244 1344 λαμπρὸν
1256 1255 1320 1316 όντα
1332 1255 1378 1315 τδν
1395 1253 1498 1338 καρπόν
1510 1256 1556 1313 τῖσ

106 1351 283 1412 totdoctrinae
293 1350 394 1411 imbres
407 1350 537 1411 demissos
549 1350 655 1428 videns,
667 1365 695 1410 et
707 1365 808 1432 segetes
820 1351 849 1411 in
901 1352 977 1431 δρῶν.
1000 1352 1055 1409 Νῦν
1073 1347 1100 1410 δὲ
1118 1354 1175 1417 πῶς
1189 1348 1292 1430 ἅψομαι
1309 1352 1358 1420 τῆς
1375 1346 1520 1428 έργασίας,
1535 1371 1556 1406 τι

105 1444 200 1504 eadem
211 1465 334 1503 mensura
350 1445 427 1504 nobis
446 1459 591 1520 manentes,
606 1466 654 1504 nec
669 1445 784 1527 majores
793 1466 850 1505 asse
902 1441 950 1520 μὲν
969 1439 1058 1510 ὑετοὺς
1077 1443 1145 1525 δρῶν
1169 1438 1399 1522 καταφερομένους
1416 1443 1466 1511 τῆς
1490 1439 1556 1498 διδσυ

106 1536 233 1595 fruetus?
245 1537 363 1596 Demum
375 1557 444 1596 areae
457 1551 563 1617 tempus
572 1535 656 1613 adest,
669 1558 723 1616 quo
732 1537 848 1597 adbibe-
900 1532 935 1592 τδι
950 1532 978 1592 δέ
991 1533 1056 1605 λήῐα
1071 1538 1137 1611 ἡμῖν
1155 1531 1200 1590 ἐπὶ
1211 1538 1258 1592 τοῦ
1275 1534 1354 1591 αὐτοῦ
1371 1529 1469 1612 μίτραι
1483 1518 1556 1608 μένοι

107 1645 153 1690 tur
173 1630 368 1693 ventilabrum.
386 1630 502 1705 Timeo,
516 1651 550 1690 ne
563 1643 650 1690 totum
665 1631 701 1690 sit
724 1631 846 1690 frenum:
900 1625 973 1687 οθδδν
994 1624 1154 1706 ὑψηλότερον
1168 1622 1203 1683 cd
1214 1623 1366 1702 γεννήματα
1384 1623 1556 1702 γενόμεναςί

106 1721 245 1799 timeque
265 1743 357 1782 omnes
379 1723 408 1782 in
424 1723 561 1782 oaminum
577 1721 761 1803 oonjieiamur.
777 1725 849 1783 Prae·
901 1722 949 1790 τῆς
960 1718 1017 1776 ἅλω
1031 1718 1122 1798 καιρὸς
1132 1719 1285 1797 ἐφέστηκεν,
1295 1721 1310 1776 θ
1322 1716 1353 1775 τδ
1366 1714 1449 1776 πτύον
1459 1715 1556 1795 έχων.ι

106 1815 181 1875 teriit
198 1829 287 1891 aestas,
303 1815 379 1875 venit
391 1814 490 1888 biems3
502 1813 626 1874 sedemus
635 1815 749 1895 juvenes
768 1829 794 1875 et
806 1836 850 1875 se-
903 1809 940 1889 μὴ
954 1809 985 1870 τδ
1004 1819 1057 1869 πᾶν
1074 1807 1168 1890 χόρτος
1182 1799 1214 1887 ᾗ·
1229 1806 1349 1881 δέδοικα,
1364 1806 1402 1885 μὴ
1415 1807 1482 1887 πρδς
1499 1805 1551 1880 την

107 1928 153 1966 nes
174 1905 293 1988 propriis
318 1908 391 1987 eapti
411 1905 496 1966 vitiis.
518 1907 559 1964 Ne
583 1905 652 1964 mihi
674 1905 761 1979 dicas,
787 1908 849 1967 Non
902 1903 1088 1981 ἀπενεχθῶμεν
1102 1890 1556 1981 όταντες.Παρῆλθεθέρσς,ἦλθεζ

106 2015 217 2060 scortor.
229 2000 297 2072 Quae
316 1999 388 2059 enim
400 1999 513 2074 utilitas,
529 1999 552 2058 si
573 2020 626 2059 nou
641 2001 767 2060 scortaris
783 2000 849 2081 qui-
902 1995 1041 2072 καθήμεθα
1055 1994 1101 2053 καί
1118 1993 1173 2053 νέοι
1187 1991 1233 2051 καί
1250 1991 1369 2072 γέροντες
1382 2001 1437 2059 τοῖς
1448 1991 1556 2060 οἰκείοις

105 2092 179 2168 dem,
192 2091 240 2151 sed
253 2111 352 2152 avarus
360 2091 407 2151 es?
420 2093 514 2151 Passer
525 2091 574 2151 etsi
585 2112 638 2150 non
651 2113 686 2151 ex
699 2092 774 2152 omni
786 2114 850 2174 par·
855 2133 893 2172 2„
904 2110 977 2166 μενοι
989 2085 1095 2148 πάθεσι.
1112 2085 1159 2158 Μή
1173 2107 1219 2163 μοι
1232 2084 1321 2162 είπης,
1335 2083 1376 2144 ότι
1389 2087 1420 2144 οδ
1431 2083 1556 2166 πορνεόω.

105 2197 143 2262 σε,
159 2183 208 2242 sad
221 2204 237 2241 a
252 2182 321 2263 pede
340 2196 446 2242 ancum
464 2195 596 2260 tenetur,
620 2197 647 2242 ει
671 2183 708 2243 ita
723 2185 806 2266 perit,
820 2185 848 2247 in
864 2190 886 2236 Δ
902 2177 1045 2260 ὄφελοτ,’θν
1064 2178 1102 2257 μὴ
1116 2176 1244 2260 πορνιόῃι
1256 2175 1313 2255 μὲν,
1327 2175 1556 2258 φιλοχρήματοτδ

106 2277 203 2356 laqueo
224 2275 356 2354 irretitus,
367 2296 416 2335 nec
426 2288 540 2356 prosunt
559 2275 609 2335 ala
621 2289 699 2357 capto
713 2276 791 2358 pede.
805 2278 852 2340 Sic
903 2272 1027 2353 στρουθδς
1035 2270 1085 2331 adv
1097 2269 1134 2350 μὴ
1145 2273 1175 2330 ἐκ
1185 2268 1282 2337 παντὸς
1293 2267 1396 2350 μέρους,
1406 2271 1467 2329 ἀλλ’
1478 2269 1556 2328 ἀπδτ

106 2382 132 2427 et
147 2383 189 2446 tu,
203 2388 257 2428 non
272 2381 366 2448 captus
379 2387 407 2426 es
431 2388 479 2447 per
504 2365 723 2445 fornicationem,
738 2368 786 2428 sed
807 2389 852 2428 ca·
903 2365 1051 2446 κατέχηται
1066 2363 1154 2442 μόνον,
1169 2361 1308 2429 estolae<
1321 2360 1455 2436 ἀπόλωλε,
1472 2360 1556 2421 salis

105 2473 169 2541 ptus
193 2457 327 2518 avaritia:
345 2470 439 2537 captus
457 2467 528 2516 certe
552 2479 599 2535 es,
613 2478 700 2537 neque
712 2459 852 2538 quaeritur,
903 2456 957 2536 γίδι
971 2454 1079 2529 ίστηκε,
1094 2455 1140 2514 καί
1157 2457 1210 2514 τῶν
1219 2457 1324 2534 πτερῶν
1335 2454 1427 2534 όφτλος
1437 2451 1556 2527 eddim

104 2547 241 2629 quomodo
255 2560 350 2629 captus
367 2547 415 2623 sis,
434 2545 482 2606 sed
494 2546 569 2626 quod
582 2562 676 2629 captus
690 2548 737 2609 sis.
749 2552 790 2610 Ne
809 2549 853 2609 di·
904 2547 1092 2628 κατεχομένου.
1104 2546 1185 2607 Οότιο
1198 2546 1244 2607 καί
1255 2546 1301 2621 ob,
1314 2549 1363 2627 οιέχ
1377 2545 1462 2614 libas<
1480 2544 1526 2606 διδ
1542 2568 1556 2604 τ

105 2655 149 2700 eat
157 2640 285 2721 juvenis:
300 2641 361 2699 Non
375 2639 614 2717 sumavarusted
623 2641 691 2700 forte
701 2641 852 2702 fornicaris.
903 2641 962 2699 ἀλλ’
976 2638 1060 2708 tabu<
1072 2638 1116 2699 διδ
1127 2636 1313 2720 φιλαργυρίας·
1328 2639 1412 2706 έσίλως
1426 2635 1534 2716 μέντοι
1547 2662 1556 2696 ι

52 2723 62 2735 ”
107 2733 144 2793 Et
153 2754 213 2813 quae
228 2732 351 2792 utilitas?
360 2734 421 2792 Non
430 2747 542 2812 possunt
555 2733 627 2793 enim
640 2734 731 2794 omnia
744 2735 811 2796 vitia
823 2737 852 2795 in
903 2730 1039 2810 τοόμενον,
1052 2734 1082 2792 οὐ
1092 2733 1150 2799 πῶς
1170 2730 1263 2803 ἑάλως,
1280 2728 1393 2790 ἀλλ’ὅτι
1405 2730 1501 2797 δόλοις.
1516 2730 1556 2790 Mi

106 2847 161 2887 una
175 2841 252 2887 aetate
273 2825 401 2909 reperiri,
413 2826 461 2886 sed
474 2825 589 2887 discreta
615 2827 662 2888 illa
675 2841 757 2905 suut,
771 2827 854 2908 idque
896 2830 918 2885 ’δ
935 2822 1005 2898 νέος,
1022 2823 1064 2884 ότι
1083 2826 1132 2883 οὐκ
1151 2823 1206 2901 εἰμί
1226 2822 1441 2904 φιλοχρήματος·
1456 2823 1556 2883 ἀλλ’ίσ

107 2941 156 3002 per
169 2921 221 2980 Dei
239 2918 443 3000 benignitatem,
457 2940 492 2979 ne
503 2919 527 2978 si
555 2919 638 2980 simul
651 2919 792 2999 invadant,
807 2943 854 2981 su·
903 2914 994 2984 νεόεις.
1015 2915 1070 2976 Καί
1090 2913 1117 2974 τί
1138 2914 1169 2976 τδ
1189 2915 1281 2996 δφελος
1293 2914 1391 2989 πόλιν,
1406 2912 1476 2974 Οὐδὲ
1492 2914 1546 2997 γδρ

107 3012 196 3093 perari
209 3024 341 3091 nequeant
353 3025 380 3070 et
401 3011 511 3092 gravius
527 3013 606 3072 nobis
621 3026 754 3073 certamen
775 3012 853 3072 exhi·
904 3011 992 3070 πάντα
1005 3006 1040 3067 ed
1056 3007 1128 3080 πάθη
1146 3007 1215 3067 κατὰ
1231 3007 1293 3085 μίαν
1308 3012 1374 3084 ἡμῖν
1389 3006 1497 3078 ἡλικίαν
1516 3008 1556 3067 ἐπι

107 3103 212 3164 beatur.
229 3104 344 3176 Quantae
359 3101 474 3182 ignavie
494 3122 548 3161 non
561 3102 661 3181 fucrit,
675 3124 709 3163 ne
732 3119 854 3187 separata
903 3100 972 3161 ἀλλὰ
988 3098 1138 3181 διώρισται,
1149 3098 1197 3158 καί
1210 3104 1287 3160 τοῦτο
1301 3096 1345 3157 διδ
1363 3097 1413 3171 την
1432 3104 1479 3158 τοῦ
1494 3102 1556 3160 Θεοί

108 3193 220 3272 quidem
231 3192 298 3254 vitia
312 3214 391 3275 posse
403 3193 519 3269 vincere,
533 3193 581 3253 sed
594 3215 642 3274 per
654 3195 775 3276 singulas
787 3212 853 3258 acta·
867 3214 886 3261 Β
903 3192 1021 3276 θρωπίοιν
1031 3238 1039 3266 ,
1051 3191 1121 3253 ὥστε
1136 3189 1173 3271 μὴ
1189 3191 1289 3272 ἀθρόως
1311 3189 1463 3251 ἐπιτεθέντα
1483 3191 1556 3275 ἂχιίγ

97 3277 147 3344 ¹tes
162 3285 244 3362 vinci,
257 3299 337 3365 atque
356 3285 442 3344 altum
456 3306 549 3366 sapere
562 3285 590 3344 in
611 3286 654 3360 iis,
669 3309 729 3366 quae
742 3310 795 3349 non
818 3311 854 3351 ex
903 3286 1002 3361 νέοθαι,
1018 3283 1065 3344 καί
1080 3284 1270 3365 χαλεπωτέραν
1284 3289 1350 3361 ἡμῖν
1362 3283 1411 3358 τὴν
1424 3285 1493 3364 πρδς
1506 3289 1556 3345 ude

109 3390 200 3436 nosmo
212 3376 313 3454 studio,
333 3377 380 3438 sed
400 3399 435 3438 ex
450 3377 508 3458 ipsa
527 3390 604 3437 atate
618 3379 781 3460 sopiuntur?
793 3383 853 3443 Non
904 3382 1078 3449 καταστῆναι.
1089 3373 1180 3448 ntea<
1192 3376 1239 3435 οὐκ
1253 3375 1284 3435 δν
1298 3375 1339 3447 είη
1356 3376 1482 3450 νωθείας,
1500 3380 1556 3455 μηδ

94 3489 96 3492 ’
109 3467 208 3528 videtis
217 3469 335 3550 aurigas,
346 3484 446 3548 quanta
458 3469 598 3550 diligentia
610 3483 636 3529 et
649 3473 851 3550 exercitatione,
905 3471 990 3549 μένων
1005 3467 1130 3528 δύνασθαι
1146 3474 1251 3548 κρατεῖν
1265 3471 1318 3526 τῶν
1329 3471 1433 3543 παθῶν,
1448 3469 1519 3529 ἀλλὰ
1529 3492 1556 3529 κο

109 3561 216 3638 quantis
243 3560 382 3620 laboribus
410 3575 544 3632 utuntur,
560 3575 626 3640 quot
648 3563 717 3624 cibis
740 3565 855 3644 aliisque
904 3584 965 3623 στον
979 3565 1109 3634 ἡττᾶσθαι
1126 3556 1291 3638 καιρδν,καλ
1309 3557 1379 3639 μέγα
1395 3560 1556 3640 φρονεῖν’έπλ

108 3651 246 3731 omnibus,
259 3667 290 3711 ut
301 3673 335 3711 ne
350 3651 514 3732 dejiciantur
523 3651 558 3710 de
570 3653 674 3711 curru?
688 3654 761 3717 Vide
770 3676 854 3735 quan-
904 3662 958 3721 τοῖς
972 3654 1020 3713 οὔκ
1032 3654 1064 3712 ἐκ
1077 3652 1125 3724 τῆς
1138 3651 1269 3730 ἡμετέρας
1281 3652 1405 3727 σπουδῆς,
1417 3655 1477 3712 ἀλλ’
1493 3651 1521 3720 ἐξ
1534 3678 1556 3714 αι

110 3758 135 3802 ta
150 3744 186 3803 sit
197 3766 250 3804 ars.
264 3744 336 3803 Nam
360 3744 402 3804 vir
426 3743 554 3803 robustus
581 3764 615 3804 ne
636 3766 722 3806 unum
743 3746 853 3825 quidem
905 3745 1011 3819 ἡλικίας
1021 3742 1300 3823 κοιμιζυμένοις;οθχ
1308 3746 1386 3824 δρᾶτε
1395 3741 1455 3810 sobe
1463 3745 1556 3826 ηνιόχο

108 3857 206 3915 equum
219 3855 289 3916 saepe
301 3833 436 3895 moderari
450 3834 547 3914 possit;
562 3833 630 3893 dum
640 3835 855 3898 adolescentulus
907 3837 1097 3919 dxpto'rlqsal
1123 3835 1256 3915 γυμνασία
1275 3835 1321 3895 καί
1340 3835 1430 3903 πόνοις
1451 3836 1556 3917 κέχρην

108 3940 165 3986 arte
181 3941 276 4002 utens,
291 3925 361 3985 duos
382 3926 462 3986 facile
484 3925 639 3985 moderatur
661 3941 687 3987 et
710 3927 795 3988 ducit.
817 3930 854 3989 Et
906 3930 1006 4005 σιτίοις,
1020 3929 1066 3989 καὶ
1076 3936 1131 3995 τοῖς
1141 3927 1230 3995 ἄλλοις
1241 3928 1350 4000 δίπασιν,
1363 3926 1433 3987 ὥστε
1446 3930 1485 4007 μὴ
1497 3953 1556 3990 κατι

107 4018 182 4099 apud
195 4018 276 4078 Indos
290 4018 385 4098 ingens
398 4018 481 4077 illaet
495 4017 676 4079 formidabilis
688 4020 781 4080 bellua
800 4020 854 4082 ele·
905 4045 952 4089 τας
974 4019 1027 4081 ἀπὸ
1046 4024 1099 4079 τῶν
1125 4018 1252 4101 ἁρμάτων
1282 4019 1421 4100 septaes„
1440 4018 1517 4103 Ὀρα
1537 4021 1556 4083 δ

107 4109 224 4190 phantus
231 4131 316 4190 puero
328 4110 485 4188 quindecim
493 4131 625 4171 annorum
634 4132 697 4171 cum
711 4133 808 4193 magna
822 4134 852 4173 a·
868 4135 887 4184 c
905 4112 997 4195 τέχνη.
1008 4110 1086 4193 Ἀνὴρ
1098 4108 1146 4190 μὲν
1156 4110 1208 4194 γδιρ
1219 4111 1335 4192 ἀνδρεῖος
1345 4114 1393 4170 οὐκ
1404 4111 1436 4170 δν
1449 4111 1508 4180 ένδς
1516 4112 1556 4172 lm

107 4201 228 4260 lacritate
239 4200 331 4261 cedere
340 4201 453 4261 dicitur.
476 4203 532 4262 Cur
542 4202 600 4262 baee
609 4226 624 4262 a
633 4225 679 4263 me
686 4204 759 4265 dicta
769 4207 851 4266 sunt?
906 4206 982 4272 λόκις
997 4203 1178 4285 περιγένοιτο·
1191 4202 1360 4284 μειρακίσκος
1372 4201 1399 4262 δέ
1411 4226 1444 4284 τη
1457 4204 1556 4284 τέχνῃ1

109 4291 180 4362 Quia
195 4291 218 4350 si
240 4291 394 4372 elephantes
409 4306 435 4352 et
457 4314 538 4372 equos
555 4294 624 4353 feros
645 4294 736 4357 studio
755 4310 782 4357 et
797 4311 854 4359 arte
905 4295 966 4362 τοὺς
978 4293 1025 4354 δόσ
1045 4293 1251 4372 ἀναδεξόμενος,
1265 4295 1324 4374 δγει
1343 4294 1456 4363 εὐκόλως
1470 4296 1518 4355 καί
1529 4319 1556 4378 φι

108 4382 268 4461 domamus,
279 4382 366 4442 multo
379 4384 467 4463 magis
490 4385 603 4444 aflectus
616 4399 731 4466 nostros,
754 4387 802 4468 qui
822 4389 853 4452 in
907 4390 934 4447 ίν
945 4387 1036 4455 Ἰνδοῖς
1050 4385 1078 4445 δὲ
1088 4384 1119 4445 τδ
1129 4385 1198 4465 μέγα
1214 4383 1304 4467 θηρίον
1317 4384 1363 4444 καὶ
1373 4385 1483 4466 φοόερδν
1496 4390 1551 4447 τῶν

110 4476 187 4536 nobis
200 4488 282 4549 sunt,
303 4474 452 4535 vincemus.
465 4475 609 4537 Undenam
630 4480 792 4542 resolvimur
804 4504 853 4564 per
907 4502 959 4538 των
976 4477 1142 4557 λέγεταικαὶ
1163 4475 1366 4537 δεκαπενταέτει
1378 4478 1453 4537 παιδὶ
1473 4502 1556 4558 γεγονν

108 4581 192 4627 totam
208 4565 314 4626 vitam?
326 4560 481 4645 Numquam
492 4580 579 4626 artem
592 4568 669 4627 illam
682 4574 851 4634 curavimus:
907 4572 1008 4641 πολλῆς
1020 4569 1099 4630 είκειν
1112 4575 1160 4642 τῆς
1171 4569 1326 4651 προθυμίας.
1343 4569 1380 4628 Τί
1393 4568 1425 4643 δὴ
1440 4573 1526 4630 ταῦτά
1541 4597 1556 4650 μ

108 4681 257 4739 numquam
266 4658 315 4731 otii
324 4673 475 4739 tempore,a
486 4660 629 4720 certamine
637 4678 770 4743 vacantes,
778 4667 853 4747 apud
907 4686 965 4738 ται,
976 4662 1042 4722 Ὅτι
1059 4663 1083 4720 εἰ
1104 4661 1247 4742 ἐλέφαντας
1265 4661 1311 4721 καί
1324 4660 1420 4729 ίπτισυς
1439 4663 1546 4743 ἀγρίως

108 4773 156 4811 nos
178 4749 355 4812 disseruimus
379 4749 510 4828 quidnam
524 4751 592 4811 utile
611 4752 654 4812 sit.
670 4755 811 4817 Tuucnos
825 4758 853 4817 in
907 4755 1109 4830 σπουδάζοντες,
1129 4756 1221 4835 πολλῷ
1243 4755 1343 4832 μᾶλλον
1361 4754 1396 4814 τδι
1414 4756 1486 4829 πάθη
1503 4756 1537 4815 τὰ

108 4867 189 4904 curru
210 4858 308 4905 stantes
322 4843 382 4922 quis
398 4842 507 4919 videat,
522 4864 583 4902 cum
597 4858 731 4907 certamen
744 4847 826 4908 instat
843 4875 849 4907 :
908 4848 992 4907 Πόθεν
1011 4847 1157 4927 ἐκλυόμεθα
1171 4847 1312 4915 διαπαντὸς
1327 4851 1373 4907 τοῦ
1392 4847 1463 4925 βίουι
1481 4849 1556 4910 Οὐδέν

108 4937 169 4995 ideo
183 4936 290 4995 ridiculi
306 4956 407 4995 sumus.
426 4939 520 4994 Annon
535 4956 604 5016 saepe
616 4936 699 4997 diri:
720 4938 851 5001 Exercea·
908 4942 1003 5021 τέχνην
1028 4939 1225 5020 έμελετίσαμεν
1249 4938 1367 5010 ταύτην·
1389 4941 1514 5002 οὐδέποτε
1541 4945 1554 5002 ί

145 5124 157 5159 ¹³
176 5128 285 5191 ροδοῦμαε
304 5119 373 5172 deest
392 5122 416 5172 in
429 5120 578 5188 quibusdam
592 5123 649 5172 δίει.
767 5166 771 5176 ,
