<?xml version="1.0" encoding="UTF-8"?>
<!DOCTYPE html PUBLIC "-//W3C//DTD XHTML 1.0 Transitional//EN"
    "http://www.w3.org/TR/xhtml1/DTD/xhtml1-transitional.dtd">
<html xmlns="http://www.w3.org/1999/xhtml" xml:lang="en" lang="en">
 <head>
  <title>
</title>
<meta http-equiv="Content-Type" content="text/html;charset=utf-8" />
  <meta name='ocr-system' content='tesseract 3.04.00' />
  <meta name='ocr-capabilities' content='ocr_page ocr_carea ocr_par ocr_line ocrx_word'/>
</head>
<body>
  <div class='ocr_page' id='page_1' title='image "./sanctipatrisnos01chrygoog_0797.png"; bbox 0 0 3728 5978; ppageno 0'>
   <div class='ocr_carea' id='block_1_1' title="bbox 594 516 1699 612">
    <p class='ocr_par' dir='ltr' id='par_1_1' title="bbox 594 516 1699 612">
     <span class='ocr_line' id='line_1_1' title="bbox 594 516 1699 612; baseline -0.01 -11"><span class='ocrx_word' id='word_1_1' title='bbox 594 554 626 601; x_wconf 83' lang='grc' dir='ltr'><em>ιιι</em></span> <span class='ocrx_word' id='word_1_2' title='bbox 655 552 762 600; x_wconf 82' lang='lat' dir='ltr'><em>nmsr.</em></span> <span class='ocrx_word' id='word_1_3' title='bbox 791 549 840 597; x_wconf 72' lang='lat' dir='ltr'><em>tn</em></span> <span class='ocrx_word' id='word_1_4' title='bbox 864 548 949 596; x_wconf 74' lang='lat' dir='ltr'><em>nou.</em></span> <span class='ocrx_word' id='word_1_5' title='bbox 966 545 1085 595; x_wconf 83' lang='grc' dir='ltr'>ειοιιιι.</span> <span class='ocrx_word' id='word_1_6' title='bbox 1114 546 1210 596; x_wconf 74' lang='lat' dir='ltr'><em>xxiv.</em></span> <span class='ocrx_word' id='word_1_7' title='bbox 1631 516 1699 612; x_wconf 76' lang='lat'><em>763</em></span> 
     </span>
    </p>
   </div>
   <div class='ocr_carea' id='block_1_2' title="bbox 130 667 1862 4535">
    <p class='ocr_par' dir='ltr' id='par_1_2' title="bbox 130 667 1820 1677">
     <span class='ocr_line' id='line_1_2' title="bbox 130 667 1701 757; baseline -0.009 -17"><span class='ocrx_word' id='word_1_8' title='bbox 130 681 184 740; x_wconf 80' lang='grc' dir='ltr'>Καὶ</span> <span class='ocrx_word' id='word_1_9' title='bbox 199 684 245 739; x_wconf 81' lang='grc' dir='ltr'>οὐκ</span> <span class='ocrx_word' id='word_1_10' title='bbox 266 671 337 749; x_wconf 74' lang='lat' dir='ltr'><em>elai,</em></span> <span class='ocrx_word' id='word_1_11' title='bbox 351 685 535 757; x_wconf 75' lang='grc' dir='ltr'>περιπατεῖτε,</span> <span class='ocrx_word' id='word_1_12' title='bbox 558 674 643 751; x_wconf 75' lang='grc' dir='ltr'>σίλλδ,</span> <span class='ocrx_word' id='word_1_13' title='bbox 660 673 902 757; x_wconf 78' lang='grc' dir='ltr'>Περιπατήσωμεν,</span> <span class='ocrx_word' id='word_1_14' title='bbox 958 669 1067 728; x_wconf 82' lang='lat' dir='ltr'><em>habent.</em></span> <span class='ocrx_word' id='word_1_15' title='bbox 1079 670 1135 728; x_wconf 87' lang='lat' dir='ltr'><em>Nec</em></span> <span class='ocrx_word' id='word_1_16' title='bbox 1156 667 1237 741; x_wconf 84' lang='lat' dir='ltr'><em>dixit,</em></span> <span class='ocrx_word' id='word_1_17' title='bbox 1256 669 1409 746; x_wconf 72' lang='lat' dir='ltr'><em>Ambulatc,</em></span> <span class='ocrx_word' id='word_1_18' title='bbox 1431 667 1701 744; x_wconf 77' lang='lat' dir='ltr'><em>setl,Ambulemus,</em></span> 
     </span>
     <span class='ocr_line' id='line_1_3' title="bbox 130 757 1702 851; baseline -0.01 -20"><span class='ocrx_word' id='word_1_19' title='bbox 130 774 200 832; x_wconf 82' lang='grc' dir='ltr'>ὥστε</span> <span class='ocrx_word' id='word_1_20' title='bbox 213 774 351 851; x_wconf 81' lang='grc' dir='ltr'>ἀνεπαχθῆ</span> <span class='ocrx_word' id='word_1_21' title='bbox 366 775 477 842; x_wconf 76' lang='grc' dir='ltr'>ποιῆται</span> <span class='ocrx_word' id='word_1_22' title='bbox 492 770 540 843; x_wconf 77' lang='grc' dir='ltr'><em>τὴν</em></span> <span class='ocrx_word' id='word_1_23' title='bbox 556 770 721 850; x_wconf 85' lang='grc' dir='ltr'>παραίνεσιν,</span> <span class='ocrx_word' id='word_1_24' title='bbox 739 768 785 828; x_wconf 76' lang='grc' dir='ltr'><em>καὶ</em></span> <span class='ocrx_word' id='word_1_25' title='bbox 804 767 902 845; x_wconf 84' lang='grc' dir='ltr'>κούφην</span> <span class='ocrx_word' id='word_1_26' title='bbox 959 776 989 820; x_wconf 93' lang='lat' dir='ltr'><em>ut</em></span> <span class='ocrx_word' id='word_1_27' title='bbox 1003 782 1055 821; x_wconf 95' lang='lat' dir='ltr'><em>non</em></span> <span class='ocrx_word' id='word_1_28' title='bbox 1068 782 1177 820; x_wconf 86' lang='lat' dir='ltr'><em>onerosa</em></span> <span class='ocrx_word' id='word_1_29' title='bbox 1193 763 1229 821; x_wconf 85' lang='lat' dir='ltr'><em>sit</em></span> <span class='ocrx_word' id='word_1_30' title='bbox 1242 760 1371 837; x_wconf 79' lang='lat' dir='ltr'><strong>hortatio,</strong></span> <span class='ocrx_word' id='word_1_31' title='bbox 1385 773 1412 819; x_wconf 88' lang='lat' dir='ltr'><em>et</em></span> <span class='ocrx_word' id='word_1_32' title='bbox 1422 757 1569 819; x_wconf 86' lang='lat' dir='ltr'><em>tolerabilis</em></span> <span class='ocrx_word' id='word_1_33' title='bbox 1581 757 1702 838; x_wconf 84' lang='lat' dir='ltr'><em>inerepa-</em></span> 
     </span>
     <span class='ocr_line' id='line_1_4' title="bbox 130 853 1698 941; baseline -0.01 -18"><span class='ocrx_word' id='word_1_34' title='bbox 130 864 178 935; x_wconf 80' lang='grc' dir='ltr'><em>τὴν</em></span> <span class='ocrx_word' id='word_1_35' title='bbox 193 862 343 936; x_wconf 78' lang='grc' dir='ltr'><strong>ἐπίπληξιν.</strong></span> <span class='ocrx_word' id='word_1_36' title='bbox 363 862 410 936; x_wconf 79' lang='grc' dir='ltr'><em>Μὴ</em></span> <span class='ocrx_word' id='word_1_37' title='bbox 434 862 593 939; x_wconf 70' lang='lat' dir='ltr'><em>adposcent</em></span> <span class='ocrx_word' id='word_1_38' title='bbox 609 862 712 941; x_wconf 81' lang='grc' dir='ltr'>μέθαις·</span> <span class='ocrx_word' id='word_1_39' title='bbox 727 862 757 921; x_wconf 78' lang='grc' dir='ltr'>οὔ</span> <span class='ocrx_word' id='word_1_40' title='bbox 771 860 802 919; x_wconf 90' lang='grc' dir='ltr'>τδ</span> <span class='ocrx_word' id='word_1_41' title='bbox 818 858 902 916; x_wconf 90' lang='grc' dir='ltr'>πίνειν</span> <span class='ocrx_word' id='word_1_42' title='bbox 959 853 1005 913; x_wconf 89' lang='lat' dir='ltr'><em>tio.</em></span> <span class='ocrx_word' id='word_1_43' title='bbox 1019 855 1088 912; x_wconf 83' lang='lat' dir='ltr'><em>Nan</em></span> <span class='ocrx_word' id='word_1_44' title='bbox 1107 857 1143 911; x_wconf 87' lang='lat' dir='ltr'><em>in</em></span> <span class='ocrx_word' id='word_1_45' title='bbox 1155 856 1442 913; x_wconf 79' lang='lat' dir='ltr'><em>commessationibus</em></span> <span class='ocrx_word' id='word_1_46' title='bbox 1459 864 1487 911; x_wconf 91' lang='lat' dir='ltr'><em>et</em></span> <span class='ocrx_word' id='word_1_47' title='bbox 1500 853 1698 919; x_wconf 76' lang='lat' dir='ltr'><em>ebrietatibus.</em></span> 
     </span>
     <span class='ocr_line' id='line_1_5' title="bbox 130 943 1699 1035; baseline -0.008 -21"><span class='ocrx_word' id='word_1_48' title='bbox 130 954 250 1028; x_wconf 80' lang='grc' dir='ltr'>κωλύων,</span> <span class='ocrx_word' id='word_1_49' title='bbox 265 953 333 1014; x_wconf 78' lang='grc' dir='ltr'><em>ἀλλά</em></span> <span class='ocrx_word' id='word_1_50' title='bbox 356 953 387 1013; x_wconf 78' lang='grc' dir='ltr'>τὸ</span> <span class='ocrx_word' id='word_1_51' title='bbox 401 955 541 1035; x_wconf 79' lang='grc' dir='ltr'>ἀμέτρως·</span> <span class='ocrx_word' id='word_1_52' title='bbox 564 957 593 1014; x_wconf 85' lang='grc' dir='ltr'>οὖ</span> <span class='ocrx_word' id='word_1_53' title='bbox 609 955 640 1014; x_wconf 88' lang='grc' dir='ltr'>τδ</span> <span class='ocrx_word' id='word_1_54' title='bbox 660 953 802 1014; x_wconf 78' lang='grc' dir='ltr'>ἀπολαύειν</span> <span class='ocrx_word' id='word_1_55' title='bbox 815 950 903 1030; x_wconf 67' lang='lat' dir='ltr'><em>olion,</em></span> <span class='ocrx_word' id='word_1_56' title='bbox 960 946 1057 1005; x_wconf 78' lang='lat' dir='ltr'><em>Bibere</em></span> <span class='ocrx_word' id='word_1_57' title='bbox 1069 966 1122 1006; x_wconf 91' lang='lat' dir='ltr'><em>non</em></span> <span class='ocrx_word' id='word_1_58' title='bbox 1136 959 1220 1019; x_wconf 81' lang='lat' dir='ltr'><em>vetat,</em></span> <span class='ocrx_word' id='word_1_59' title='bbox 1238 946 1285 1007; x_wconf 85' lang='lat' dir='ltr'><em>sed</em></span> <span class='ocrx_word' id='word_1_60' title='bbox 1303 960 1401 1027; x_wconf 71' lang='lat' dir='ltr'><em>praeter</em></span> <span class='ocrx_word' id='word_1_61' title='bbox 1417 966 1570 1004; x_wconf 87' lang='lat' dir='ltr'><em>mensuram</em></span> <span class='ocrx_word' id='word_1_62' title='bbox 1587 943 1699 1004; x_wconf 83' lang='lat' dir='ltr'><em>bibere:</em></span> 
     </span>
     <span class='ocr_line' id='line_1_6' title="bbox 130 1036 1703 1126; baseline -0.009 -19"><span class='ocrx_word' id='word_1_63' title='bbox 130 1048 200 1107; x_wconf 77' lang='grc' dir='ltr'><em>ἀλλά</em></span> <span class='ocrx_word' id='word_1_64' title='bbox 211 1047 242 1106; x_wconf 86' lang='grc' dir='ltr'>τὸ</span> <span class='ocrx_word' id='word_1_65' title='bbox 256 1045 323 1124; x_wconf 70' lang='grc' dir='ltr'>μετὰ</span> <span class='ocrx_word' id='word_1_66' title='bbox 336 1045 473 1125; x_wconf 78' lang='grc' dir='ltr'>παροινίας</span> <span class='ocrx_word' id='word_1_67' title='bbox 484 1070 490 1082; x_wconf 96' lang='grc'><em>·</em></span> <span class='ocrx_word' id='word_1_68' title='bbox 501 1045 591 1126; x_wconf 74' lang='grc' dir='ltr'>ὥσπερ</span> <span class='ocrx_word' id='word_1_69' title='bbox 602 1037 645 1106; x_wconf 71' lang='grc' dir='ltr'><em>οὖν</em></span> <span class='ocrx_word' id='word_1_70' title='bbox 660 1045 704 1104; x_wconf 87' lang='grc' dir='ltr'><em>καί</em></span> <span class='ocrx_word' id='word_1_71' title='bbox 713 1044 744 1104; x_wconf 90' lang='grc' dir='ltr'>τδ</span> <span class='ocrx_word' id='word_1_72' title='bbox 763 1043 822 1117; x_wconf 83' lang='grc' dir='ltr'><em>ίξῆς</em></span> <span class='ocrx_word' id='word_1_73' title='bbox 836 1038 904 1120; x_wconf 79' lang='grc' dir='ltr'>μετὰ</span> <span class='ocrx_word' id='word_1_74' title='bbox 959 1058 1011 1096; x_wconf 90' lang='lat' dir='ltr'><em>non</em></span> <span class='ocrx_word' id='word_1_75' title='bbox 1030 1038 1084 1097; x_wconf 77' lang='lat' dir='ltr'><em>leui</em></span> <span class='ocrx_word' id='word_1_76' title='bbox 1097 1038 1174 1116; x_wconf 85' lang='lat' dir='ltr'><em>vino,</em></span> <span class='ocrx_word' id='word_1_77' title='bbox 1186 1039 1234 1098; x_wconf 90' lang='lat' dir='ltr'><em>sed</em></span> <span class='ocrx_word' id='word_1_78' title='bbox 1248 1060 1309 1098; x_wconf 90' lang='lat' dir='ltr'><em>cum</em></span> <span class='ocrx_word' id='word_1_79' title='bbox 1329 1037 1482 1098; x_wconf 78' lang='lat' dir='ltr'><em>temulentia</em></span> <span class='ocrx_word' id='word_1_80' title='bbox 1496 1036 1549 1095; x_wconf 81' lang='lat' dir='ltr'><em>frui</em></span> <span class='ocrx_word' id='word_1_81' title='bbox 1563 1048 1655 1112; x_wconf 80' lang='lat' dir='ltr'><em>vetat3</em></span> <span class='ocrx_word' id='word_1_82' title='bbox 1671 1049 1703 1094; x_wconf 90' lang='lat' dir='ltr'><em>nt</em></span> 
     </span>
     <span class='ocr_line' id='line_1_7' title="bbox 131 1126 1718 1218; baseline -0.008 -21"><span class='ocrx_word' id='word_1_83' title='bbox 131 1146 177 1199; x_wconf 80' lang='grc' dir='ltr'>τοῦ</span> <span class='ocrx_word' id='word_1_84' title='bbox 191 1141 269 1198; x_wconf 83' lang='grc' dir='ltr'>αὐτοῦ</span> <span class='ocrx_word' id='word_1_85' title='bbox 282 1137 378 1218; x_wconf 78' lang='grc' dir='ltr'>με’τρσυ</span> <span class='ocrx_word' id='word_1_86' title='bbox 388 1139 476 1210; x_wconf 89' lang='grc' dir='ltr'>τίθησι</span> <span class='ocrx_word' id='word_1_87' title='bbox 486 1137 585 1218; x_wconf 78' lang='grc' dir='ltr'>λέγων·</span> <span class='ocrx_word' id='word_1_88' title='bbox 600 1137 647 1210; x_wconf 79' lang='grc' dir='ltr'><em>Μὴ</em></span> <span class='ocrx_word' id='word_1_89' title='bbox 661 1136 761 1204; x_wconf 75' lang='grc' dir='ltr'>κοίταις</span> <span class='ocrx_word' id='word_1_90' title='bbox 769 1134 815 1195; x_wconf 80' lang='grc' dir='ltr'><em>καί</em></span> <span class='ocrx_word' id='word_1_91' title='bbox 828 1135 904 1193; x_wconf 78' lang='grc' dir='ltr'>ἀσελ·</span> <span class='ocrx_word' id='word_1_92' title='bbox 959 1143 984 1188; x_wconf 88' lang='lat' dir='ltr'><em>et</em></span> <span class='ocrx_word' id='word_1_93' title='bbox 995 1129 1069 1208; x_wconf 90' lang='lat' dir='ltr'><em>qood</em></span> <span class='ocrx_word' id='word_1_94' title='bbox 1079 1129 1201 1208; x_wconf 88' lang='lat' dir='ltr'><em>sequitur</em></span> <span class='ocrx_word' id='word_1_95' title='bbox 1215 1151 1278 1188; x_wconf 89' lang='lat' dir='ltr'><em>eum</em></span> <span class='ocrx_word' id='word_1_96' title='bbox 1290 1127 1381 1189; x_wconf 86' lang='lat' dir='ltr'><em>eadent</em></span> <span class='ocrx_word' id='word_1_97' title='bbox 1396 1149 1520 1188; x_wconf 88' lang='lat' dir='ltr'><em>mensura</em></span> <span class='ocrx_word' id='word_1_98' title='bbox 1534 1126 1718 1214; x_wconf 87' lang='lat' dir='ltr'><em>ponit:Non</em></span> 
     </span>
     <span class='ocr_line' id='line_1_8' title="bbox 131 1216 1703 1310; baseline -0.008 -19"><span class='ocrx_word' id='word_1_99' title='bbox 131 1231 223 1310; x_wconf 88' lang='grc' dir='ltr'>γείαις.</span> <span class='ocrx_word' id='word_1_100' title='bbox 240 1230 310 1290; x_wconf 80' lang='grc' dir='ltr'>Οὖδὲ</span> <span class='ocrx_word' id='word_1_101' title='bbox 322 1231 373 1310; x_wconf 73' lang='grc' dir='ltr'>γὰρ</span> <span class='ocrx_word' id='word_1_102' title='bbox 384 1234 495 1290; x_wconf 79' lang='grc' dir='ltr'>ἐνταῦθα</span> <span class='ocrx_word' id='word_1_103' title='bbox 507 1230 537 1289; x_wconf 81' lang='grc' dir='ltr'>τὸ</span> <span class='ocrx_word' id='word_1_104' title='bbox 549 1229 689 1308; x_wconf 77' lang='grc' dir='ltr'>μίγνυσθαι</span> <span class='ocrx_word' id='word_1_105' title='bbox 699 1226 815 1308; x_wconf 76' lang='grc' dir='ltr'>γυναιξίν</span> <span class='ocrx_word' id='word_1_106' title='bbox 830 1228 904 1284; x_wconf 80' lang='grc' dir='ltr'>ἀναι-</span> <span class='ocrx_word' id='word_1_107' title='bbox 922 1240 941 1287; x_wconf 83' lang='grc' dir='ltr'><strong>Ε</strong></span> <span class='ocrx_word' id='word_1_108' title='bbox 959 1227 990 1280; x_wconf 88' lang='lat' dir='ltr'><em>in</em></span> <span class='ocrx_word' id='word_1_109' title='bbox 1004 1224 1147 1282; x_wconf 87' lang='lat' dir='ltr'><em>cubilibus</em></span> <span class='ocrx_word' id='word_1_110' title='bbox 1158 1236 1186 1281; x_wconf 88' lang='lat' dir='ltr'><em>et</em></span> <span class='ocrx_word' id='word_1_111' title='bbox 1196 1223 1492 1302; x_wconf 81' lang='lat' dir='ltr'><em>impudicitiis.Neque</em></span> <span class='ocrx_word' id='word_1_112' title='bbox 1502 1216 1547 1280; x_wconf 77' lang='lat' dir='ltr'><em>hic</em></span> <span class='ocrx_word' id='word_1_113' title='bbox 1557 1233 1630 1281; x_wconf 84' lang='lat' dir='ltr'><em>vetat</em></span> <span class='ocrx_word' id='word_1_114' title='bbox 1640 1240 1703 1280; x_wconf 89' lang='lat' dir='ltr'><em>cunt</em></span> 
     </span>
     <span class='ocr_line' id='line_1_9' title="bbox 133 1313 1703 1404; baseline -0.007 -23"><span class='ocrx_word' id='word_1_115' title='bbox 133 1333 186 1403; x_wconf 88' lang='grc' dir='ltr'>ρεῖ,</span> <span class='ocrx_word' id='word_1_116' title='bbox 202 1323 270 1383; x_wconf 76' lang='grc' dir='ltr'>ἀλλὰ</span> <span class='ocrx_word' id='word_1_117' title='bbox 294 1324 324 1383; x_wconf 82' lang='grc' dir='ltr'>τό</span> <span class='ocrx_word' id='word_1_118' title='bbox 347 1321 491 1404; x_wconf 85' lang='grc' dir='ltr'>πορνεύειν.</span> <span class='ocrx_word' id='word_1_119' title='bbox 514 1320 581 1394; x_wconf 66' lang='grc' dir='ltr'><em>’Μὴ</em></span> <span class='ocrx_word' id='word_1_120' title='bbox 603 1321 671 1403; x_wconf 78' lang='grc' dir='ltr'>ἔριδι</span> <span class='ocrx_word' id='word_1_121' title='bbox 695 1319 742 1379; x_wconf 81' lang='grc' dir='ltr'><em>καὶ</em></span> <span class='ocrx_word' id='word_1_122' title='bbox 757 1319 838 1400; x_wconf 75' lang='grc' dir='ltr'>ζήλῳ.</span> <span class='ocrx_word' id='word_1_123' title='bbox 859 1317 904 1378; x_wconf 77' lang='grc' dir='ltr'><em>Τὰ</em></span> <span class='ocrx_word' id='word_1_124' title='bbox 959 1313 1119 1373; x_wconf 88' lang='lat' dir='ltr'><em>mulieribus</em></span> <span class='ocrx_word' id='word_1_125' title='bbox 1134 1314 1252 1384; x_wconf 80' lang='lat' dir='ltr'><em>misceri,</em></span> <span class='ocrx_word' id='word_1_126' title='bbox 1265 1313 1313 1373; x_wconf 86' lang='lat' dir='ltr'><em>sed</em></span> <span class='ocrx_word' id='word_1_127' title='bbox 1324 1313 1444 1374; x_wconf 84' lang='lat' dir='ltr'><em>scortari.</em></span> <span class='ocrx_word' id='word_1_128' title='bbox 1460 1316 1529 1372; x_wconf 81' lang='lat' dir='ltr'><em>Nun</em></span> <span class='ocrx_word' id='word_1_129' title='bbox 1539 1316 1572 1370; x_wconf 91' lang='lat' dir='ltr'><em>in</em></span> <span class='ocrx_word' id='word_1_130' title='bbox 1581 1325 1703 1373; x_wconf 89' lang='lat' dir='ltr'><em>conten-</em></span> 
     </span>
     <span class='ocr_line' id='line_1_10' title="bbox 132 1404 1707 1495; baseline -0.008 -21"><span class='ocrx_word' id='word_1_131' title='bbox 132 1416 185 1494; x_wconf 75' lang='grc' dir='ltr'>γὰρ</span> <span class='ocrx_word' id='word_1_132' title='bbox 198 1414 290 1495; x_wconf 87' lang='grc' dir='ltr'>καίρια</span> <span class='ocrx_word' id='word_1_133' title='bbox 308 1419 360 1474; x_wconf 85' lang='grc' dir='ltr'><em>τῶν</em></span> <span class='ocrx_word' id='word_1_134' title='bbox 384 1417 476 1474; x_wconf 83' lang='grc' dir='ltr'>παθῶν</span> <span class='ocrx_word' id='word_1_135' title='bbox 496 1412 618 1472; x_wconf 82' lang='grc' dir='ltr'>σόίννυσι</span> <span class='ocrx_word' id='word_1_136' title='bbox 631 1414 680 1485; x_wconf 78' lang='grc' dir='ltr'><em>τλν</em></span> <span class='ocrx_word' id='word_1_137' title='bbox 701 1410 841 1489; x_wconf 73' lang='grc' dir='ltr'>ἐπιθυμίαν</span> <span class='ocrx_word' id='word_1_138' title='bbox 858 1409 904 1468; x_wconf 84' lang='grc' dir='ltr'><em>καί</em></span> <span class='ocrx_word' id='word_1_139' title='bbox 960 1408 1040 1463; x_wconf 89' lang='lat' dir='ltr'><em>tione</em></span> <span class='ocrx_word' id='word_1_140' title='bbox 1053 1418 1082 1463; x_wconf 88' lang='lat' dir='ltr'><em>et</em></span> <span class='ocrx_word' id='word_1_141' title='bbox 1098 1406 1296 1464; x_wconf 75' lang='lat' dir='ltr'><em>emulatione.</em></span> <span class='ocrx_word' id='word_1_142' title='bbox 1313 1406 1381 1463; x_wconf 78' lang='lat' dir='ltr'><em>Nam</em></span> <span class='ocrx_word' id='word_1_143' title='bbox 1395 1424 1541 1485; x_wconf 72' lang='lat' dir='ltr'><em>pravorum</em></span> <span class='ocrx_word' id='word_1_144' title='bbox 1557 1404 1707 1464; x_wconf 78' lang='lat' dir='ltr'><em>affectuum·</em></span> 
     </span>
     <span class='ocr_line' id='line_1_11' title="bbox 133 1496 1820 1586; baseline -0.007 -19"><span class='ocrx_word' id='word_1_145' title='bbox 133 1509 178 1567; x_wconf 85' lang='grc' dir='ltr'><em>τὸν</em></span> <span class='ocrx_word' id='word_1_146' title='bbox 192 1507 283 1585; x_wconf 92' lang='grc' dir='ltr'>θυμόν.</span> <span class='ocrx_word' id='word_1_147' title='bbox 298 1506 397 1586; x_wconf 84' lang='grc' dir='ltr'>Διόπερ</span> <span class='ocrx_word' id='word_1_148' title='bbox 412 1510 460 1566; x_wconf 84' lang='grc' dir='ltr'><em>οὐκ</em></span> <span class='ocrx_word' id='word_1_149' title='bbox 471 1505 538 1564; x_wconf 72' lang='lat' dir='ltr'><em>abab</em></span> <span class='ocrx_word' id='word_1_150' title='bbox 552 1506 640 1584; x_wconf 92' lang='grc' dir='ltr'>μόνον,</span> <span class='ocrx_word' id='word_1_151' title='bbox 653 1503 780 1565; x_wconf 73' lang='grc' dir='ltr'>ἀλλὰκαὶ</span> <span class='ocrx_word' id='word_1_152' title='bbox 793 1502 905 1574; x_wconf 81' lang='grc' dir='ltr'>τάςπη-</span> <span class='ocrx_word' id='word_1_153' title='bbox 960 1499 1076 1558; x_wconf 86' lang='lat' dir='ltr'><em>fomenta</em></span> <span class='ocrx_word' id='word_1_154' title='bbox 1085 1497 1242 1578; x_wconf 79' lang='lat' dir='ltr'><em>exstinguit,</em></span> <span class='ocrx_word' id='word_1_155' title='bbox 1249 1499 1490 1580; x_wconf 82' lang='lat' dir='ltr'><em>concupiscentiam</em></span> <span class='ocrx_word' id='word_1_156' title='bbox 1505 1511 1531 1558; x_wconf 90' lang='lat' dir='ltr'><em>et</em></span> <span class='ocrx_word' id='word_1_157' title='bbox 1541 1499 1619 1558; x_wconf 75' lang='lat' dir='ltr'><em>iram</em></span> <span class='ocrx_word' id='word_1_158' title='bbox 1629 1498 1704 1570; x_wconf 88' lang='lat' dir='ltr'><em>Qua·</em></span> <span class='ocrx_word' id='word_1_159' title='bbox 1813 1496 1820 1505; x_wconf 89' lang='lat'><em>&#39;</em></span> 
     </span>
     <span class='ocr_line' id='line_1_12' title="bbox 134 1590 1701 1677; baseline -0.004 -21"><span class='ocrx_word' id='word_1_160' title='bbox 134 1599 182 1677; x_wconf 78' lang='grc' dir='ltr'><em>γλς</em></span> <span class='ocrx_word' id='word_1_161' title='bbox 196 1603 281 1658; x_wconf 84' lang='grc' dir='ltr'>αὐτῶν</span> <span class='ocrx_word' id='word_1_162' title='bbox 294 1601 404 1677; x_wconf 87' lang='grc' dir='ltr'>ἀναιρεῖ.</span> <span class='ocrx_word' id='word_1_163' title='bbox 961 1604 1071 1672; x_wconf 88' lang='lat' dir='ltr'><em>propter</em></span> <span class='ocrx_word' id='word_1_164' title='bbox 1083 1611 1136 1650; x_wconf 89' lang='lat' dir='ltr'><em>uon</em></span> <span class='ocrx_word' id='word_1_165' title='bbox 1146 1591 1204 1671; x_wconf 86' lang='lat' dir='ltr'><em>ipsa</em></span> <span class='ocrx_word' id='word_1_166' title='bbox 1216 1590 1368 1668; x_wconf 87' lang='lat' dir='ltr'><em>solum,sed</em></span> <span class='ocrx_word' id='word_1_167' title='bbox 1382 1591 1502 1671; x_wconf 88' lang='lat' dir='ltr'><em>ipsorum</em></span> <span class='ocrx_word' id='word_1_168' title='bbox 1513 1592 1597 1651; x_wconf 81' lang='lat' dir='ltr'><em>fontes</em></span> <span class='ocrx_word' id='word_1_169' title='bbox 1606 1591 1701 1650; x_wconf 78' lang='lat' dir='ltr'><em>aufert.</em></span> 
     </span>
    </p>

    <p class='ocr_par' dir='ltr' id='par_1_3' title="bbox 135 1682 1862 4535">
     <span class='ocr_line' id='line_1_13' title="bbox 165 1682 1857 1771; baseline -0.008 -21"><span class='ocrx_word' id='word_1_170' title='bbox 165 1691 259 1750; x_wconf 82' lang='grc' dir='ltr'>Ὀὐδὲν</span> <span class='ocrx_word' id='word_1_171' title='bbox 272 1689 324 1771; x_wconf 83' lang='grc' dir='ltr'>γδιρ</span> <span class='ocrx_word' id='word_1_172' title='bbox 338 1690 406 1749; x_wconf 82' lang='grc' dir='ltr'>ούτω</span> <span class='ocrx_word' id='word_1_173' title='bbox 419 1690 464 1749; x_wconf 89' lang='grc' dir='ltr'><em>καί</em></span> <span class='ocrx_word' id='word_1_174' title='bbox 479 1690 618 1768; x_wconf 74' lang='grc' dir='ltr'>ἐπιθυμίαν</span> <span class='ocrx_word' id='word_1_175' title='bbox 634 1689 745 1750; x_wconf 84' lang='grc' dir='ltr'>ἀνόπτει</span> <span class='ocrx_word' id='word_1_176' title='bbox 760 1688 806 1749; x_wconf 78' lang='grc' dir='ltr'><em>καὶ</em></span> <span class='ocrx_word' id='word_1_177' title='bbox 824 1687 905 1768; x_wconf 81' lang='grc' dir='ltr'>όργλν</span> <span class='ocrx_word' id='word_1_178' title='bbox 1000 1687 1028 1744; x_wconf 68' lang='lat'><em>2.</em></span> <span class='ocrx_word' id='word_1_179' title='bbox 1043 1683 1119 1742; x_wconf 90' lang='lat' dir='ltr'><em>Nihil</em></span> <span class='ocrx_word' id='word_1_180' title='bbox 1136 1683 1208 1741; x_wconf 84' lang='lat' dir='ltr'><em>enim</em></span> <span class='ocrx_word' id='word_1_181' title='bbox 1222 1682 1259 1743; x_wconf 88' lang='lat' dir='ltr'><em>ita</em></span> <span class='ocrx_word' id='word_1_182' title='bbox 1276 1684 1518 1763; x_wconf 81' lang='lat' dir='ltr'><em>concupiscentiam</em></span> <span class='ocrx_word' id='word_1_183' title='bbox 1536 1683 1664 1760; x_wconf 86' lang='lat' dir='ltr'><em>incendit,</em></span> <span class='ocrx_word' id='word_1_184' title='bbox 1677 1695 1857 1742; x_wconf 77' lang='lat' dir='ltr'><em>otvinumeon-</em></span> 
     </span>
     <span class='ocr_line' id='line_1_14' title="bbox 135 1760 1859 1865; baseline -0.001 -31"><span class='ocrx_word' id='word_1_185' title='bbox 135 1783 251 1855; x_wconf 64' lang='grc' dir='ltr'>ἐκκαίει,</span> <span class='ocrx_word' id='word_1_186' title='bbox 278 1788 314 1852; x_wconf 81' lang='grc' dir='ltr'>ὡς</span> <span class='ocrx_word' id='word_1_187' title='bbox 339 1785 406 1862; x_wconf 71' lang='grc' dir='ltr'>μέθη</span> <span class='ocrx_word' id='word_1_188' title='bbox 426 1784 472 1843; x_wconf 67' lang='grc' dir='ltr'><em>καὶ</em></span> <span class='ocrx_word' id='word_1_189' title='bbox 494 1784 626 1862; x_wconf 76' lang='grc' dir='ltr'>παροινία,</span> <span class='ocrx_word' id='word_1_190' title='bbox 654 1783 708 1845; x_wconf 65' lang='grc' dir='ltr'>Διὰ</span> <span class='ocrx_word' id='word_1_191' title='bbox 736 1788 815 1842; x_wconf 72' lang='grc' dir='ltr'>τοῦτο</span> <span class='ocrx_word' id='word_1_192' title='bbox 836 1783 905 1862; x_wconf 75' lang='grc' dir='ltr'>πρό·</span> <span class='ocrx_word' id='word_1_193' title='bbox 961 1775 1030 1832; x_wconf 89' lang='lat' dir='ltr'><em>iram</em></span> <span class='ocrx_word' id='word_1_194' title='bbox 1039 1774 1199 1848; x_wconf 73' lang='lat' dir='ltr'><em>inflammai,</em></span> <span class='ocrx_word' id='word_1_195' title='bbox 1216 1787 1246 1833; x_wconf 86' lang='lat' dir='ltr'><em>ui</em></span> <span class='ocrx_word' id='word_1_196' title='bbox 1257 1775 1352 1835; x_wconf 82' lang='lat' dir='ltr'><em>Vinum</em></span> <span class='ocrx_word' id='word_1_197' title='bbox 1362 1788 1388 1833; x_wconf 77' lang='grc' dir='ltr'>θί</span> <span class='ocrx_word' id='word_1_198' title='bbox 1399 1774 1632 1837; x_wconf 86' lang='lat' dir='ltr'><em>temulentia.ldeo</em></span> <span class='ocrx_word' id='word_1_199' title='bbox 1641 1796 1703 1835; x_wconf 87' lang='lat' dir='ltr'><em>cum</em></span> <span class='ocrx_word' id='word_1_200' title='bbox 1715 1760 1859 1865; x_wconf 39' lang='lat' dir='ltr'><em>11:125:ng</em></span> 
     </span>
     <span class='ocr_line' id='line_1_15' title="bbox 135 1866 1823 1956; baseline -0.009 -18"><span class='ocrx_word' id='word_1_201' title='bbox 135 1900 208 1956; x_wconf 84' lang='grc' dir='ltr'>τερον</span> <span class='ocrx_word' id='word_1_202' title='bbox 222 1875 314 1950; x_wconf 84' lang='grc' dir='ltr'>εἰπὼν,</span> <span class='ocrx_word' id='word_1_203' title='bbox 327 1878 372 1950; x_wconf 81' lang='grc' dir='ltr'><em>Μὴ</em></span> <span class='ocrx_word' id='word_1_204' title='bbox 389 1877 489 1954; x_wconf 82' lang='grc' dir='ltr'>κώμοις</span> <span class='ocrx_word' id='word_1_205' title='bbox 503 1875 549 1935; x_wconf 82' lang='grc' dir='ltr'><em>καὶ</em></span> <span class='ocrx_word' id='word_1_206' title='bbox 570 1877 677 1955; x_wconf 80' lang='grc' dir='ltr'>μέθαις,</span> <span class='ocrx_word' id='word_1_207' title='bbox 695 1875 755 1936; x_wconf 87' lang='grc' dir='ltr'>τότι</span> <span class='ocrx_word' id='word_1_208' title='bbox 768 1874 887 1955; x_wconf 73' lang='grc' dir='ltr'>ἐπήγαγε</span> <span class='ocrx_word' id='word_1_209' title='bbox 900 1898 907 1912; x_wconf 85' lang='grc'><em>·</em></span> <span class='ocrx_word' id='word_1_210' title='bbox 960 1867 1035 1947; x_wconf 86' lang='lat' dir='ltr'><em>prius</em></span> <span class='ocrx_word' id='word_1_211' title='bbox 1041 1866 1237 1942; x_wconf 83' lang='lat' dir='ltr'><em>dixisset,Non</em></span> <span class='ocrx_word' id='word_1_212' title='bbox 1246 1871 1278 1925; x_wconf 90' lang='lat' dir='ltr'><em>in</em></span> <span class='ocrx_word' id='word_1_213' title='bbox 1286 1873 1609 1930; x_wconf 86' lang='lat' dir='ltr'><em>commessationibuset</em></span> <span class='ocrx_word' id='word_1_214' title='bbox 1617 1872 1704 1930; x_wconf 89' lang='lat' dir='ltr'><em>ebrie·</em></span> <span class='ocrx_word' id='word_1_215' title='bbox 1716 1882 1823 1927; x_wconf 72' lang='lat' dir='ltr'><em>incendit.</em></span> 
     </span>
     <span class='ocr_line' id='line_1_16' title="bbox 135 1958 1705 2056; baseline 0 -36"><span class='ocrx_word' id='word_1_216' title='bbox 135 1968 182 2040; x_wconf 78' lang='grc' dir='ltr'><em>Μὴ</em></span> <span class='ocrx_word' id='word_1_217' title='bbox 198 1968 299 2036; x_wconf 76' lang='grc' dir='ltr'>κοίταις</span> <span class='ocrx_word' id='word_1_218' title='bbox 312 1968 358 2027; x_wconf 76' lang='grc' dir='ltr'><em>καί</em></span> <span class='ocrx_word' id='word_1_219' title='bbox 371 1968 537 2048; x_wconf 69' lang='grc' dir='ltr'>ἀσελγείαις,</span> <span class='ocrx_word' id='word_1_220' title='bbox 551 1969 589 2045; x_wconf 77' lang='grc' dir='ltr'>μὴ</span> <span class='ocrx_word' id='word_1_221' title='bbox 604 1969 670 2049; x_wconf 69' lang='grc' dir='ltr'>ἔριδι</span> <span class='ocrx_word' id='word_1_222' title='bbox 684 1968 729 2027; x_wconf 70' lang='grc' dir='ltr'><em>καὶ</em></span> <span class='ocrx_word' id='word_1_223' title='bbox 750 1967 833 2049; x_wconf 65' lang='grc' dir='ltr'>ζήλῳ</span> <span class='ocrx_word' id='word_1_224' title='bbox 854 1968 907 2026; x_wconf 69' lang='grc' dir='ltr'>Καὶ</span> <span class='ocrx_word' id='word_1_225' title='bbox 917 1958 1335 2056; x_wconf 61' lang='lat' dir='ltr'><em>⁶¹³⁸tutt&#39;bus,tuneadjecit,ll&#39;on</em></span> <span class='ocrx_word' id='word_1_226' title='bbox 1346 1962 1530 2022; x_wconf 76' lang='lat' dir='ltr'><em>instabilibus</em></span> <span class='ocrx_word' id='word_1_227' title='bbox 1542 1975 1571 2021; x_wconf 72' lang='lat' dir='ltr'><em>cl</em></span> <span class='ocrx_word' id='word_1_228' title='bbox 1582 1962 1705 2042; x_wconf 84' lang='lat' dir='ltr'><em>impudi-</em></span> 
     </span>
     <span class='ocr_line' id='line_1_17' title="bbox 136 2059 1710 2137; baseline -0.002 -18"><span class='ocrx_word' id='word_1_229' title='bbox 136 2060 194 2119; x_wconf 84' lang='grc' dir='ltr'>οὐδὲ</span> <span class='ocrx_word' id='word_1_230' title='bbox 206 2064 317 2120; x_wconf 77' lang='grc' dir='ltr'>ἐνταῦθα</span> <span class='ocrx_word' id='word_1_231' title='bbox 329 2060 391 2133; x_wconf 82' lang='grc' dir='ltr'>ἔστι</span> <span class='ocrx_word' id='word_1_232' title='bbox 402 2107 410 2134; x_wconf 96' lang='grc'>,</span> <span class='ocrx_word' id='word_1_233' title='bbox 423 2063 482 2119; x_wconf 85' lang='grc' dir='ltr'>ἀλλ’</span> <span class='ocrx_word' id='word_1_234' title='bbox 497 2059 628 2126; x_wconf 84' lang='grc' dir='ltr'>ἀποδύσας</span> <span class='ocrx_word' id='word_1_235' title='bbox 641 2065 712 2137; x_wconf 77' lang='grc' dir='ltr'>ἡμᾶς</span> <span class='ocrx_word' id='word_1_236' title='bbox 721 2063 774 2119; x_wconf 85' lang='grc' dir='ltr'><em>τῶν</em></span> <span class='ocrx_word' id='word_1_237' title='bbox 786 2060 907 2137; x_wconf 82' lang='grc' dir='ltr'>πονηρῶν</span> <span class='ocrx_word' id='word_1_238' title='bbox 926 2072 945 2118; x_wconf 83' lang='grc' dir='ltr'><strong>Λ</strong></span> <span class='ocrx_word' id='word_1_239' title='bbox 961 2059 1049 2131; x_wconf 79' lang='lat' dir='ltr'><em>cittis,</em></span> <span class='ocrx_word' id='word_1_240' title='bbox 1058 2076 1116 2113; x_wconf 88' lang='lat' dir='ltr'><em>non</em></span> <span class='ocrx_word' id='word_1_241' title='bbox 1126 2059 1158 2114; x_wconf 92' lang='lat' dir='ltr'><em>in</em></span> <span class='ocrx_word' id='word_1_242' title='bbox 1170 2061 1358 2115; x_wconf 82' lang='lat' dir='ltr'><em>contentione</em></span> <span class='ocrx_word' id='word_1_243' title='bbox 1369 2069 1396 2115; x_wconf 90' lang='lat' dir='ltr'><em>et</em></span> <span class='ocrx_word' id='word_1_244' title='bbox 1405 2059 1602 2116; x_wconf 71' lang='lat' dir='ltr'><em>aemulatione.</em></span> <span class='ocrx_word' id='word_1_245' title='bbox 1614 2059 1710 2136; x_wconf 83' lang='lat' dir='ltr'><em>Neque·</em></span> 
     </span>
     <span class='ocr_line' id='line_1_18' title="bbox 136 2144 1707 2231; baseline -0.003 -19"><span class='ocrx_word' id='word_1_246' title='bbox 136 2155 259 2230; x_wconf 81' lang='grc' dir='ltr'>ἱματίων,</span> <span class='ocrx_word' id='word_1_247' title='bbox 271 2156 382 2215; x_wconf 86' lang='grc' dir='ltr'>σίκουσον</span> <span class='ocrx_word' id='word_1_248' title='bbox 393 2157 449 2222; x_wconf 82' lang='grc' dir='ltr'><em>πῶς</em></span> <span class='ocrx_word' id='word_1_249' title='bbox 462 2153 622 2222; x_wconf 81' lang='grc' dir='ltr'>καλλωπίζει</span> <span class='ocrx_word' id='word_1_250' title='bbox 631 2153 723 2212; x_wconf 82' lang='grc' dir='ltr'>λοιπὸν</span> <span class='ocrx_word' id='word_1_251' title='bbox 731 2151 908 2231; x_wconf 77' lang='grc' dir='ltr'>λόγων-Ἀλλ’</span> <span class='ocrx_word' id='word_1_252' title='bbox 962 2144 1008 2203; x_wconf 85' lang='lat' dir='ltr'><em>hic</em></span> <span class='ocrx_word' id='word_1_253' title='bbox 1035 2146 1171 2224; x_wconf 86' lang='lat' dir='ltr'><em>constitit,</em></span> <span class='ocrx_word' id='word_1_254' title='bbox 1200 2145 1248 2206; x_wconf 84' lang='lat' dir='ltr'><em>sed</em></span> <span class='ocrx_word' id='word_1_255' title='bbox 1280 2168 1342 2207; x_wconf 88' lang='lat' dir='ltr'><em>cum</em></span> <span class='ocrx_word' id='word_1_256' title='bbox 1365 2147 1455 2228; x_wconf 77' lang='lat' dir='ltr'><em>pravis</em></span> <span class='ocrx_word' id='word_1_257' title='bbox 1475 2169 1523 2207; x_wconf 89' lang='lat' dir='ltr'><em>nos</em></span> <span class='ocrx_word' id='word_1_258' title='bbox 1540 2146 1707 2210; x_wconf 78' lang='lat' dir='ltr'><em>vestimentis</em></span> 
     </span>
     <span class='ocr_line' id='line_1_19' title="bbox 137 2237 1712 2326; baseline -0.003 -22"><span class='ocrx_word' id='word_1_259' title='bbox 137 2245 278 2305; x_wconf 75' lang='grc' dir='ltr'>ἐνδύσασθε</span> <span class='ocrx_word' id='word_1_260' title='bbox 293 2247 337 2306; x_wconf 77' lang='grc' dir='ltr'><em>τὸν</em></span> <span class='ocrx_word' id='word_1_261' title='bbox 352 2247 448 2326; x_wconf 81' lang='grc' dir='ltr'>Κύριον</span> <span class='ocrx_word' id='word_1_262' title='bbox 467 2250 543 2322; x_wconf 80' lang='grc' dir='ltr'>ἡμῶν</span> <span class='ocrx_word' id='word_1_263' title='bbox 555 2245 659 2316; x_wconf 81' lang='grc' dir='ltr'>Ἰησοῦν</span> <span class='ocrx_word' id='word_1_264' title='bbox 674 2243 796 2323; x_wconf 82' lang='grc' dir='ltr'>Χριστόν.</span> <span class='ocrx_word' id='word_1_265' title='bbox 810 2241 909 2303; x_wconf 75' lang='grc' dir='ltr'>Οὐκέτι</span> <span class='ocrx_word' id='word_1_266' title='bbox 963 2237 1095 2314; x_wconf 81' lang='lat' dir='ltr'><em>exuisset,</em></span> <span class='ocrx_word' id='word_1_267' title='bbox 1109 2238 1241 2319; x_wconf 82' lang='lat' dir='ltr'><em>audique</em></span> <span class='ocrx_word' id='word_1_268' title='bbox 1260 2261 1308 2299; x_wconf 90' lang='lat' dir='ltr'><em>nos</em></span> <span class='ocrx_word' id='word_1_269' title='bbox 1321 2253 1417 2299; x_wconf 86' lang='lat' dir='ltr'><em>ornatu</em></span> <span class='ocrx_word' id='word_1_270' title='bbox 1433 2255 1522 2320; x_wconf 85' lang='lat' dir='ltr'><em>postea</em></span> <span class='ocrx_word' id='word_1_271' title='bbox 1536 2241 1641 2302; x_wconf 75' lang='lat' dir='ltr'><em>decoret</em></span> <span class='ocrx_word' id='word_1_272' title='bbox 1652 2240 1712 2300; x_wconf 71' lang='lat' dir='ltr'><em>di-</em></span> 
     </span>
     <span class='ocr_line' id='line_1_20' title="bbox 138 2329 1709 2417; baseline -0.002 -21"><span class='ocrx_word' id='word_1_273' title='bbox 138 2329 210 2396; x_wconf 78' lang='grc' dir='ltr'>εἶπεν</span> <span class='ocrx_word' id='word_1_274' title='bbox 229 2337 307 2417; x_wconf 86' lang='grc' dir='ltr'>ἔργα,</span> <span class='ocrx_word' id='word_1_275' title='bbox 323 2338 391 2397; x_wconf 72' lang='grc' dir='ltr'>ἀλλὰ</span> <span class='ocrx_word' id='word_1_276' title='bbox 408 2337 533 2415; x_wconf 83' lang='grc' dir='ltr'>μειζόνως</span> <span class='ocrx_word' id='word_1_277' title='bbox 557 2335 650 2403; x_wconf 78' lang='grc' dir='ltr'>αὐτοὺς</span> <span class='ocrx_word' id='word_1_278' title='bbox 664 2335 818 2409; x_wconf 81' lang='grc' dir='ltr'>ἀνίστησιν.</span> <span class='ocrx_word' id='word_1_279' title='bbox 840 2332 910 2395; x_wconf 70' lang='grc' dir='ltr'><em>Ὀτι</em></span> <span class='ocrx_word' id='word_1_280' title='bbox 964 2350 1043 2389; x_wconf 83' lang='lat' dir='ltr'><em>tens:</em></span> <span class='ocrx_word' id='word_1_281' title='bbox 1067 2332 1113 2389; x_wconf 76' lang='lat' dir='ltr'><em>lb.</em></span> <span class='ocrx_word' id='word_1_282' title='bbox 1127 2332 1185 2391; x_wconf 87' lang='lat' dir='ltr'><em>Sed</em></span> <span class='ocrx_word' id='word_1_283' title='bbox 1209 2335 1367 2412; x_wconf 83' lang='lat' dir='ltr'><em>induimini</em></span> <span class='ocrx_word' id='word_1_284' title='bbox 1391 2334 1553 2392; x_wconf 82' lang='lat' dir='ltr'><em>Dominum</em></span> <span class='ocrx_word' id='word_1_285' title='bbox 1578 2346 1709 2395; x_wconf 89' lang='lat' dir='ltr'><em>nostrum</em></span> 
     </span>
     <span class='ocr_line' id='line_1_21' title="bbox 140 2425 1724 2512; baseline 0.001 -24"><span class='ocrx_word' id='word_1_286' title='bbox 140 2429 189 2506; x_wconf 79' lang='grc' dir='ltr'><em>μὲν</em></span> <span class='ocrx_word' id='word_1_287' title='bbox 210 2428 261 2508; x_wconf 69' lang='grc' dir='ltr'>γὰρ</span> <span class='ocrx_word' id='word_1_288' title='bbox 281 2431 343 2512; x_wconf 80' lang='grc' dir='ltr'>περὶ</span> <span class='ocrx_word' id='word_1_289' title='bbox 356 2434 405 2501; x_wconf 77' lang='grc' dir='ltr'><em>τῆς</em></span> <span class='ocrx_word' id='word_1_290' title='bbox 416 2436 427 2462; x_wconf 83' lang='lat'><strong>¹</strong></span> <span class='ocrx_word' id='word_1_291' title='bbox 439 2429 533 2495; x_wconf 88' lang='grc' dir='ltr'>κακίας</span> <span class='ocrx_word' id='word_1_292' title='bbox 547 2428 654 2508; x_wconf 78' lang='grc' dir='ltr'>ἔφησεν,</span> <span class='ocrx_word' id='word_1_293' title='bbox 672 2428 736 2507; x_wconf 72' lang='grc' dir='ltr'>ἔργα</span> <span class='ocrx_word' id='word_1_294' title='bbox 750 2428 853 2509; x_wconf 78' lang='grc' dir='ltr'>ἔλεγεν·</span> <span class='ocrx_word' id='word_1_295' title='bbox 868 2427 911 2487; x_wconf 83' lang='grc' dir='ltr'><em>ότε</em></span> <span class='ocrx_word' id='word_1_296' title='bbox 964 2426 1066 2484; x_wconf 83' lang='lat' dir='ltr'><em>Jesum</em></span> <span class='ocrx_word' id='word_1_297' title='bbox 1077 2426 1238 2485; x_wconf 74' lang='lat' dir='ltr'><em>Christum.</em></span> <span class='ocrx_word' id='word_1_298' title='bbox 1250 2427 1310 2487; x_wconf 86' lang='lat' dir='ltr'><em>Non</em></span> <span class='ocrx_word' id='word_1_299' title='bbox 1316 2427 1373 2505; x_wconf 89' lang='lat' dir='ltr'><em>jam</em></span> <span class='ocrx_word' id='word_1_300' title='bbox 1388 2446 1468 2507; x_wconf 84' lang='lat' dir='ltr'><em>opera</em></span> <span class='ocrx_word' id='word_1_301' title='bbox 1478 2425 1556 2507; x_wconf 86' lang='lat' dir='ltr'><em>dicit,</em></span> <span class='ocrx_word' id='word_1_302' title='bbox 1567 2428 1614 2488; x_wconf 83' lang='lat' dir='ltr'><em>sed</em></span> <span class='ocrx_word' id='word_1_303' title='bbox 1622 2429 1724 2509; x_wconf 60' lang='lat' dir='ltr'><em>magis&gt;</em></span> 
     </span>
     <span class='ocr_line' id='line_1_22' title="bbox 140 2510 1706 2603; baseline 0.001 -23"><span class='ocrx_word' id='word_1_304' title='bbox 140 2520 245 2602; x_wconf 76' lang='grc' dir='ltr'>δὲπορί</span> <span class='ocrx_word' id='word_1_305' title='bbox 258 2526 306 2593; x_wconf 77' lang='grc' dir='ltr'>τῆς</span> <span class='ocrx_word' id='word_1_306' title='bbox 319 2525 428 2603; x_wconf 75' lang='grc' dir='ltr'>ἀρετῆς,</span> <span class='ocrx_word' id='word_1_307' title='bbox 442 2519 530 2580; x_wconf 75' lang='grc' dir='ltr'>οὐκέτι</span> <span class='ocrx_word' id='word_1_308' title='bbox 546 2520 627 2598; x_wconf 82' lang='grc' dir='ltr'>ἔργα,</span> <span class='ocrx_word' id='word_1_309' title='bbox 641 2522 700 2579; x_wconf 84' lang='grc' dir='ltr'>ἀλλ’</span> <span class='ocrx_word' id='word_1_310' title='bbox 711 2519 781 2580; x_wconf 75' lang='lat' dir='ltr'><em>balta</em></span> <span class='ocrx_word' id='word_1_311' title='bbox 788 2565 796 2594; x_wconf 92' lang='lat'><em>,</em></span> <span class='ocrx_word' id='word_1_312' title='bbox 812 2518 912 2586; x_wconf 75' lang='grc' dir='ltr'>δεικνύς</span> <span class='ocrx_word' id='word_1_313' title='bbox 965 2515 1026 2575; x_wconf 86' lang='lat' dir='ltr'><em>illos</em></span> <span class='ocrx_word' id='word_1_314' title='bbox 1045 2516 1185 2578; x_wconf 85' lang='lat' dir='ltr'><em>excitavit.</em></span> <span class='ocrx_word' id='word_1_315' title='bbox 1201 2510 1272 2577; x_wconf 84' lang='lat' dir='ltr'><em>Nani</em></span> <span class='ocrx_word' id='word_1_316' title='bbox 1289 2538 1351 2576; x_wconf 88' lang='lat' dir='ltr'><em>curn</em></span> <span class='ocrx_word' id='word_1_317' title='bbox 1373 2516 1408 2577; x_wconf 87' lang='lat' dir='ltr'><em>de</em></span> <span class='ocrx_word' id='word_1_318' title='bbox 1426 2519 1529 2580; x_wconf 86' lang='lat' dir='ltr'><em>malitia</em></span> <span class='ocrx_word' id='word_1_319' title='bbox 1542 2520 1706 2601; x_wconf 85' lang='lat' dir='ltr'><em>loqueretur,</em></span> 
     </span>
     <span class='ocr_line' id='line_1_23' title="bbox 137 2608 1710 2694; baseline 0.001 -22"><span class='ocrx_word' id='word_1_320' title='bbox 137 2613 180 2673; x_wconf 81' lang='grc' dir='ltr'><em>ότι</em></span> <span class='ocrx_word' id='word_1_321' title='bbox 188 2616 216 2674; x_wconf 72' lang='grc' dir='ltr'><em>ἐν</em></span> <span class='ocrx_word' id='word_1_322' title='bbox 227 2615 301 2691; x_wconf 73' lang='grc' dir='ltr'>πόσι</span> <span class='ocrx_word' id='word_1_323' title='bbox 319 2611 450 2693; x_wconf 67' lang='grc' dir='ltr'>ἀσφαλείᾳ</span> <span class='ocrx_word' id='word_1_324' title='bbox 461 2610 616 2683; x_wconf 76' lang='grc' dir='ltr'>καθίστησιν</span> <span class='ocrx_word' id='word_1_325' title='bbox 635 2616 652 2682; x_wconf 78' lang='grc' dir='ltr'>ἡ</span> <span class='ocrx_word' id='word_1_326' title='bbox 670 2610 751 2690; x_wconf 81' lang='grc' dir='ltr'>ἀρεπλ</span> <span class='ocrx_word' id='word_1_327' title='bbox 764 2609 912 2691; x_wconf 66' lang='grc' dir='ltr'>τδνέγοντα</span> <span class='ocrx_word' id='word_1_328' title='bbox 966 2628 1046 2685; x_wconf 88' lang='lat' dir='ltr'><em>opera</em></span> <span class='ocrx_word' id='word_1_329' title='bbox 1056 2608 1229 2689; x_wconf 71' lang='lat' dir='ltr'><em>memoravit,</em></span> <span class='ocrx_word' id='word_1_330' title='bbox 1241 2630 1303 2668; x_wconf 86' lang='lat' dir='ltr'><em>cum</em></span> <span class='ocrx_word' id='word_1_331' title='bbox 1317 2623 1406 2672; x_wconf 78' lang='lat' dir='ltr'><em>autem</em></span> <span class='ocrx_word' id='word_1_332' title='bbox 1421 2609 1456 2681; x_wconf 88' lang='lat' dir='ltr'><em>de</em></span> <span class='ocrx_word' id='word_1_333' title='bbox 1467 2611 1642 2694; x_wconf 81' lang='lat' dir='ltr'><em>virtutengit‚</em></span> <span class='ocrx_word' id='word_1_334' title='bbox 1656 2635 1710 2674; x_wconf 91' lang='lat' dir='ltr'><em>non</em></span> 
     </span>
     <span class='ocr_line' id='line_1_24' title="bbox 138 2698 1711 2785; baseline 0.002 -23"><span class='ocrx_word' id='word_1_335' title='bbox 138 2702 582 2785; x_wconf 75' lang='grc' dir='ltr'>αι’ντὴν,καίίνπιίσῃλαμπρότητι.</span> <span class='ocrx_word' id='word_1_336' title='bbox 591 2701 710 2762; x_wconf 71' lang='lat' dir='ltr'><em>Koloboi</em></span> <span class='ocrx_word' id='word_1_337' title='bbox 720 2702 912 2777; x_wconf 56' lang='lat' dir='ltr'><em>inescatam,</em></span> <span class='ocrx_word' id='word_1_338' title='bbox 964 2700 1021 2780; x_wconf 85' lang='lat' dir='ltr'><em>jam</em></span> <span class='ocrx_word' id='word_1_339' title='bbox 1043 2720 1139 2780; x_wconf 85' lang='lat' dir='ltr'><em>opera,</em></span> <span class='ocrx_word' id='word_1_340' title='bbox 1160 2698 1208 2759; x_wconf 90' lang='lat' dir='ltr'><em>sed</em></span> <span class='ocrx_word' id='word_1_341' title='bbox 1231 2721 1306 2759; x_wconf 89' lang='lat' dir='ltr'><em>arma</em></span> <span class='ocrx_word' id='word_1_342' title='bbox 1326 2700 1404 2779; x_wconf 87' lang='lat' dir='ltr'><em>dicit,</em></span> <span class='ocrx_word' id='word_1_343' title='bbox 1423 2702 1563 2764; x_wconf 84' lang='lat' dir='ltr'><em>ostendens</em></span> <span class='ocrx_word' id='word_1_344' title='bbox 1581 2704 1711 2767; x_wconf 81' lang='lat' dir='ltr'><em>virtutem</em></span> 
     </span>
     <span class='ocr_line' id='line_1_25' title="bbox 140 2791 1712 2875; baseline -0.001 -17"><span class='ocrx_word' id='word_1_345' title='bbox 140 2799 200 2858; x_wconf 83' lang='grc' dir='ltr'>ἀλλ’</span> <span class='ocrx_word' id='word_1_346' title='bbox 218 2796 263 2857; x_wconf 77' lang='grc' dir='ltr'>ἐπὶ</span> <span class='ocrx_word' id='word_1_347' title='bbox 275 2796 306 2856; x_wconf 78' lang='lat' dir='ltr'><em>eb</em></span> <span class='ocrx_word' id='word_1_348' title='bbox 316 2799 405 2874; x_wconf 78' lang='grc' dir='ltr'>μεῖζον</span> <span class='ocrx_word' id='word_1_349' title='bbox 419 2795 491 2874; x_wconf 80' lang='grc' dir='ltr'>ἄγων</span> <span class='ocrx_word' id='word_1_350' title='bbox 507 2795 551 2854; x_wconf 82' lang='grc' dir='ltr'><em>τόν</em></span> <span class='ocrx_word' id='word_1_351' title='bbox 570 2793 687 2872; x_wconf 59' lang='lat' dir='ltr'><em>tepet</em></span> <span class='ocrx_word' id='word_1_352' title='bbox 705 2797 796 2875; x_wconf 83' lang='grc' dir='ltr'>πολλῷ</span> <span class='ocrx_word' id='word_1_353' title='bbox 815 2817 913 2875; x_wconf 88' lang='grc' dir='ltr'>φρικω·</span> <span class='ocrx_word' id='word_1_354' title='bbox 967 2812 1040 2865; x_wconf 77' lang='lat' dir='ltr'><em>etim,</em></span> <span class='ocrx_word' id='word_1_355' title='bbox 1054 2791 1101 2870; x_wconf 85' lang='lat' dir='ltr'><em>qui</em></span> <span class='ocrx_word' id='word_1_356' title='bbox 1118 2791 1165 2850; x_wconf 86' lang='lat' dir='ltr'><em>illn</em></span> <span class='ocrx_word' id='word_1_357' title='bbox 1186 2805 1307 2869; x_wconf 85' lang='lat' dir='ltr'><em>ornatur,</em></span> <span class='ocrx_word' id='word_1_358' title='bbox 1319 2793 1347 2851; x_wconf 87' lang='lat' dir='ltr'><em>in</em></span> <span class='ocrx_word' id='word_1_359' title='bbox 1366 2794 1440 2853; x_wconf 89' lang='lat' dir='ltr'><em>omni</em></span> <span class='ocrx_word' id='word_1_360' title='bbox 1454 2795 1597 2856; x_wconf 81' lang='lat' dir='ltr'><em>sectuitate</em></span> <span class='ocrx_word' id='word_1_361' title='bbox 1608 2797 1712 2858; x_wconf 85' lang='lat' dir='ltr'><em>eonsti-</em></span> 
     </span>
     <span class='ocr_line' id='line_1_26' title="bbox 140 2876 1711 2969; baseline 0 -21"><span class='ocrx_word' id='word_1_362' title='bbox 140 2888 263 2969; x_wconf 74' lang='grc' dir='ltr'>δίστομον</span> <span class='ocrx_word' id='word_1_363' title='bbox 272 2876 317 2960; x_wconf 69' lang='grc' dir='ltr'><em>ἦν,</em></span> <span class='ocrx_word' id='word_1_364' title='bbox 330 2887 407 2946; x_wconf 81' lang='grc' dir='ltr'>αὐτὸν</span> <span class='ocrx_word' id='word_1_365' title='bbox 426 2885 471 2945; x_wconf 86' lang='grc' dir='ltr'><em>τδν</em></span> <span class='ocrx_word' id='word_1_366' title='bbox 492 2884 630 2958; x_wconf 84' lang='grc' dir='ltr'>Δεσπότην</span> <span class='ocrx_word' id='word_1_367' title='bbox 651 2885 757 2944; x_wconf 85' lang='grc' dir='ltr'>δίδωσιν</span> <span class='ocrx_word' id='word_1_368' title='bbox 769 2891 834 2964; x_wconf 80' lang='grc' dir='ltr'>ἡμῖν</span> <span class='ocrx_word' id='word_1_369' title='bbox 846 2886 912 2964; x_wconf 83' lang='grc' dir='ltr'>ἱμοί-</span> <span class='ocrx_word' id='word_1_370' title='bbox 967 2897 1042 2942; x_wconf 86' lang='lat' dir='ltr'><em>tuere</em></span> <span class='ocrx_word' id='word_1_371' title='bbox 1059 2896 1085 2943; x_wconf 86' lang='lat' dir='ltr'><em>ei</em></span> <span class='ocrx_word' id='word_1_372' title='bbox 1103 2883 1131 2943; x_wconf 91' lang='lat' dir='ltr'><em>in</em></span> <span class='ocrx_word' id='word_1_373' title='bbox 1154 2884 1227 2944; x_wconf 89' lang='lat' dir='ltr'><em>omni</em></span> <span class='ocrx_word' id='word_1_374' title='bbox 1253 2884 1404 2965; x_wconf 86' lang='lat' dir='ltr'><em>splendore.</em></span> <span class='ocrx_word' id='word_1_375' title='bbox 1419 2887 1511 2965; x_wconf 84' lang='lat' dir='ltr'><em>Neque</em></span> <span class='ocrx_word' id='word_1_376' title='bbox 1524 2886 1569 2946; x_wconf 89' lang='lat' dir='ltr'><em>hic</em></span> <span class='ocrx_word' id='word_1_377' title='bbox 1580 2888 1711 2968; x_wconf 76' lang='lat' dir='ltr'><em>constitit,</em></span> 
     </span>
     <span class='ocr_line' id='line_1_27' title="bbox 140 2975 1714 3063; baseline 0.002 -23"><span class='ocrx_word' id='word_1_378' title='bbox 140 3004 206 3057; x_wconf 91' lang='grc' dir='ltr'>τιον,</span> <span class='ocrx_word' id='word_1_379' title='bbox 218 2979 296 3041; x_wconf 66' lang='lat' dir='ltr'><em>abebi</em></span> <span class='ocrx_word' id='word_1_380' title='bbox 316 2980 360 3039; x_wconf 87' lang='grc' dir='ltr'><em>τδν</em></span> <span class='ocrx_word' id='word_1_381' title='bbox 387 2978 507 3058; x_wconf 76' lang='grc' dir='ltr'>βασιλέα.</span> <span class='ocrx_word' id='word_1_382' title='bbox 518 2976 554 3037; x_wconf 89' lang='lat'><em>‘0</em></span> <span class='ocrx_word' id='word_1_383' title='bbox 569 2977 620 3056; x_wconf 74' lang='grc' dir='ltr'>γὰρ</span> <span class='ocrx_word' id='word_1_384' title='bbox 644 2984 735 3038; x_wconf 81' lang='grc' dir='ltr'>τοῦτον</span> <span class='ocrx_word' id='word_1_385' title='bbox 753 2977 915 3058; x_wconf 80' lang='grc' dir='ltr'>περιόεόλη-</span> <span class='ocrx_word' id='word_1_386' title='bbox 969 2977 1017 3037; x_wconf 89' lang='lat' dir='ltr'><em>sed</em></span> <span class='ocrx_word' id='word_1_387' title='bbox 1029 2975 1085 3037; x_wconf 78' lang='lat' dir='ltr'><em>r&#39;em</em></span> <span class='ocrx_word' id='word_1_388' title='bbox 1098 2978 1229 3058; x_wconf 87' lang='lat' dir='ltr'><em>majorem</em></span> <span class='ocrx_word' id='word_1_389' title='bbox 1243 2998 1366 3039; x_wconf 86' lang='lat' dir='ltr'><em>sermone</em></span> <span class='ocrx_word' id='word_1_390' title='bbox 1376 2979 1546 3060; x_wconf 73' lang='lat' dir='ltr'><em>aggrediens,</em></span> <span class='ocrx_word' id='word_1_391' title='bbox 1555 2981 1714 3063; x_wconf 79' lang='lat' dir='ltr'><em>quodlonge</em></span> 
     </span>
     <span class='ocr_line' id='line_1_28' title="bbox 142 3067 1714 3152; baseline 0.001 -20"><span class='ocrx_word' id='word_1_392' title='bbox 142 3073 237 3152; x_wconf 84' lang='grc' dir='ltr'>μίνος,</span> <span class='ocrx_word' id='word_1_393' title='bbox 252 3070 365 3132; x_wconf 68' lang='grc' dir='ltr'>ἃπασαν.</span> <span class='ocrx_word' id='word_1_394' title='bbox 379 3071 435 3151; x_wconf 75' lang='grc' dir='ltr'>ἔχει</span> <span class='ocrx_word' id='word_1_395' title='bbox 459 3070 572 3131; x_wconf 88' lang='grc' dir='ltr'>καθόλου</span> <span class='ocrx_word' id='word_1_396' title='bbox 587 3068 635 3140; x_wconf 74' lang='grc' dir='ltr'><em>τὴν</em></span> <span class='ocrx_word' id='word_1_397' title='bbox 658 3068 763 3149; x_wconf 77' lang='grc' dir='ltr'>ἀρετήν.</span> <span class='ocrx_word' id='word_1_398' title='bbox 779 3068 868 3129; x_wconf 85' lang='grc' dir='ltr'>Ὅταν</span> <span class='ocrx_word' id='word_1_399' title='bbox 888 3069 916 3128; x_wconf 80' lang='lat' dir='ltr'><em>bl</em></span> <span class='ocrx_word' id='word_1_400' title='bbox 969 3067 1130 3130; x_wconf 85' lang='lat' dir='ltr'><em>horribilius</em></span> <span class='ocrx_word' id='word_1_401' title='bbox 1150 3083 1199 3144; x_wconf 86' lang='lat' dir='ltr'><em>est,</em></span> <span class='ocrx_word' id='word_1_402' title='bbox 1219 3071 1311 3152; x_wconf 90' lang='lat' dir='ltr'><em>ipsum</em></span> <span class='ocrx_word' id='word_1_403' title='bbox 1332 3071 1480 3131; x_wconf 87' lang='lat' dir='ltr'><em>Dominum</em></span> <span class='ocrx_word' id='word_1_404' title='bbox 1498 3071 1548 3132; x_wconf 87' lang='lat' dir='ltr'><em>dat</em></span> <span class='ocrx_word' id='word_1_405' title='bbox 1569 3073 1648 3133; x_wconf 87' lang='lat' dir='ltr'><em>nobis</em></span> <span class='ocrx_word' id='word_1_406' title='bbox 1672 3073 1714 3133; x_wconf 91' lang='lat' dir='ltr'><em>in-</em></span> 
     </span>
     <span class='ocr_line' id='line_1_29' title="bbox 141 3149 1716 3247; baseline 0.001 -22"><span class='ocrx_word' id='word_1_407' title='bbox 141 3165 221 3245; x_wconf 84' lang='grc' dir='ltr'>αίπῃ,</span> <span class='ocrx_word' id='word_1_408' title='bbox 243 3163 417 3236; x_wconf 74' lang='grc' dir='ltr'>Ἐνδύσασθε,</span> <span class='ocrx_word' id='word_1_409' title='bbox 431 3162 558 3221; x_wconf 79' lang='grc' dir='ltr'>πάντοθεν</span> <span class='ocrx_word' id='word_1_410' title='bbox 584 3149 656 3240; x_wconf 77' lang='grc' dir='ltr'>ἡμᾶς</span> <span class='ocrx_word' id='word_1_411' title='bbox 675 3161 752 3220; x_wconf 81' lang='grc' dir='ltr'>αὐτόν</span> <span class='ocrx_word' id='word_1_412' title='bbox 776 3160 917 3242; x_wconf 78' lang='grc' dir='ltr'>περιόαλί·</span> <span class='ocrx_word' id='word_1_413' title='bbox 934 3179 952 3226; x_wconf 84' lang='lat' dir='ltr'><em>n</em></span> <span class='ocrx_word' id='word_1_414' title='bbox 971 3163 1143 3239; x_wconf 75' lang='lat' dir='ltr'><em>domenum,</em></span> <span class='ocrx_word' id='word_1_415' title='bbox 1159 3163 1251 3247; x_wconf 82' lang='lat' dir='ltr'><em>ipsum</em></span> <span class='ocrx_word' id='word_1_416' title='bbox 1271 3165 1381 3245; x_wconf 78' lang='lat' dir='ltr'><em>Regem.</em></span> <span class='ocrx_word' id='word_1_417' title='bbox 1395 3163 1450 3236; x_wconf 80' lang='lat' dir='ltr'><em>Qui</em></span> <span class='ocrx_word' id='word_1_418' title='bbox 1469 3165 1540 3224; x_wconf 88' lang='lat' dir='ltr'><em>enim</em></span> <span class='ocrx_word' id='word_1_419' title='bbox 1564 3165 1612 3226; x_wconf 91' lang='lat' dir='ltr'><em>illo</em></span> <span class='ocrx_word' id='word_1_420' title='bbox 1629 3165 1716 3226; x_wconf 84' lang='lat' dir='ltr'><em>indu·</em></span> 
     </span>
     <span class='ocr_line' id='line_1_30' title="bbox 143 3251 1715 3340; baseline 0.003 -23"><span class='ocrx_word' id='word_1_421' title='bbox 143 3263 206 3317; x_wconf 85' lang='grc' dir='ltr'>σθαι</span> <span class='ocrx_word' id='word_1_422' title='bbox 213 3255 329 3316; x_wconf 82' lang='grc' dir='ltr'>κελεύει·</span> <span class='ocrx_word' id='word_1_423' title='bbox 339 3254 430 3332; x_wconf 80' lang='grc' dir='ltr'>ὥσπερ</span> <span class='ocrx_word' id='word_1_424' title='bbox 447 3256 564 3333; x_wconf 80' lang='grc' dir='ltr'>ἀλλαχοῦ</span> <span class='ocrx_word' id='word_1_425' title='bbox 580 3277 670 3335; x_wconf 82' lang='grc' dir='ltr'>φησιν,</span> <span class='ocrx_word' id='word_1_426' title='bbox 680 3251 752 3312; x_wconf 71' lang='grc' dir='ltr'>Εἰδί</span> <span class='ocrx_word' id='word_1_427' title='bbox 765 3253 880 3334; x_wconf 73' lang='grc' dir='ltr'>Χριστὸς</span> <span class='ocrx_word' id='word_1_428' title='bbox 890 3255 917 3312; x_wconf 72' lang='lat' dir='ltr'><em>ts</em></span> <span class='ocrx_word' id='word_1_429' title='bbox 972 3271 1015 3318; x_wconf 87' lang='lat' dir='ltr'><em>tus</em></span> <span class='ocrx_word' id='word_1_430' title='bbox 1031 3273 1082 3337; x_wconf 85' lang='lat' dir='ltr'><em>est,</em></span> <span class='ocrx_word' id='word_1_431' title='bbox 1098 3278 1204 3319; x_wconf 87' lang='lat' dir='ltr'><em>omnem</em></span> <span class='ocrx_word' id='word_1_432' title='bbox 1218 3279 1328 3340; x_wconf 88' lang='lat' dir='ltr'><em>prorsus</em></span> <span class='ocrx_word' id='word_1_433' title='bbox 1350 3258 1469 3340; x_wconf 88' lang='lat' dir='ltr'><em>possidet</em></span> <span class='ocrx_word' id='word_1_434' title='bbox 1492 3260 1631 3325; x_wconf 85' lang='lat' dir='ltr'><em>virtutem.</em></span> <span class='ocrx_word' id='word_1_435' title='bbox 1645 3255 1715 3322; x_wconf 80' lang='lat' dir='ltr'><em>Cuin</em></span> 
     </span>
     <span class='ocr_line' id='line_1_31' title="bbox 142 3344 1715 3430; baseline 0.004 -22"><span class='ocrx_word' id='word_1_436' title='bbox 142 3355 204 3425; x_wconf 84' lang='grc' dir='ltr'>ὑμῖν</span> <span class='ocrx_word' id='word_1_437' title='bbox 215 3349 275 3408; x_wconf 83' lang='grc' dir='ltr'>·καλ</span> <span class='ocrx_word' id='word_1_438' title='bbox 285 3348 376 3421; x_wconf 85' lang='grc' dir='ltr'><em>Ιπόλιν,</em></span> <span class='ocrx_word' id='word_1_439' title='bbox 384 3348 433 3414; x_wconf 67' lang='lat' dir='ltr'><em>Ei&lt;</em></span> <span class='ocrx_word' id='word_1_440' title='bbox 442 3345 486 3403; x_wconf 80' lang='grc' dir='ltr'><em>τόν</em></span> <span class='ocrx_word' id='word_1_441' title='bbox 497 3344 549 3404; x_wconf 80' lang='grc' dir='ltr'><em>ἔσω</em></span> <span class='ocrx_word' id='word_1_442' title='bbox 558 3345 782 3425; x_wconf 80' lang='grc' dir='ltr'>ἡμῶνάνθρωπον</span> <span class='ocrx_word' id='word_1_443' title='bbox 792 3349 918 3418; x_wconf 76' lang='grc' dir='ltr'>κατοικῆ-</span> <span class='ocrx_word' id='word_1_444' title='bbox 972 3365 1062 3411; x_wconf 86' lang='lat' dir='ltr'><em>autem</em></span> <span class='ocrx_word' id='word_1_445' title='bbox 1071 3350 1149 3427; x_wconf 88' lang='lat' dir='ltr'><em>dicit,</em></span> <span class='ocrx_word' id='word_1_446' title='bbox 1162 3352 1336 3426; x_wconf 79' lang='lat' dir='ltr'><em>induimini,</em></span> <span class='ocrx_word' id='word_1_447' title='bbox 1348 3350 1470 3430; x_wconf 88' lang='lat' dir='ltr'><em>undique</em></span> <span class='ocrx_word' id='word_1_448' title='bbox 1481 3373 1530 3413; x_wconf 91' lang='lat' dir='ltr'><em>nos</em></span> <span class='ocrx_word' id='word_1_449' title='bbox 1541 3353 1589 3413; x_wconf 90' lang='lat' dir='ltr'><em>illo</em></span> <span class='ocrx_word' id='word_1_450' title='bbox 1600 3354 1715 3427; x_wconf 86' lang='lat' dir='ltr'><em>circum-</em></span> 
     </span>
     <span class='ocr_line' id='line_1_32' title="bbox 144 3430 1859 3526; baseline 0.003 -26"><span class='ocrx_word' id='word_1_451' title='bbox 144 3463 190 3500; x_wconf 88' lang='grc' dir='ltr'><em>σαι</em></span> <span class='ocrx_word' id='word_1_452' title='bbox 203 3440 247 3499; x_wconf 84' lang='grc' dir='ltr'><em>τὸν</em></span> <span class='ocrx_word' id='word_1_453' title='bbox 261 3439 386 3518; x_wconf 82' lang='grc' dir='ltr'>Χριστόν.</span> <span class='ocrx_word' id='word_1_454' title='bbox 404 3437 458 3498; x_wconf 83' lang='lat' dir='ltr'><em>Kal</em></span> <span class='ocrx_word' id='word_1_455' title='bbox 472 3435 524 3517; x_wconf 84' lang='grc' dir='ltr'>γδρ</span> <span class='ocrx_word' id='word_1_456' title='bbox 534 3437 618 3497; x_wconf 78' lang='grc' dir='ltr'>οὶκίαν</span> <span class='ocrx_word' id='word_1_457' title='bbox 631 3440 702 3519; x_wconf 80' lang='grc' dir='ltr'>αὐτῷ</span> <span class='ocrx_word' id='word_1_458' title='bbox 717 3439 840 3516; x_wconf 87' lang='grc' dir='ltr'>βούλεται</span> <span class='ocrx_word' id='word_1_459' title='bbox 850 3430 919 3499; x_wconf 72' lang='lat' dir='ltr'><em>sliat</em></span> <span class='ocrx_word' id='word_1_460' title='bbox 973 3443 1033 3502; x_wconf 81' lang='lat' dir='ltr'><em>deri</em></span> <span class='ocrx_word' id='word_1_461' title='bbox 1044 3443 1136 3526; x_wconf 88' lang='lat' dir='ltr'><em>jubet;</em></span> <span class='ocrx_word' id='word_1_462' title='bbox 1148 3457 1178 3503; x_wconf 89' lang='lat' dir='ltr'><em>nt</em></span> <span class='ocrx_word' id='word_1_463' title='bbox 1197 3443 1263 3502; x_wconf 87' lang='lat' dir='ltr'><em>alibi</em></span> <span class='ocrx_word' id='word_1_464' title='bbox 1274 3443 1365 3522; x_wconf 86' lang='lat' dir='ltr'><em>ait,·Si</em></span> <span class='ocrx_word' id='word_1_465' title='bbox 1378 3466 1450 3505; x_wconf 85' lang='lat' dir='ltr'><em>uero</em></span> <span class='ocrx_word' id='word_1_466' title='bbox 1466 3447 1600 3521; x_wconf 79' lang='lat' dir='ltr'><em>Cbris&#39;tus</em></span> <span class='ocrx_word' id='word_1_467' title='bbox 1612 3451 1645 3506; x_wconf 90' lang='lat' dir='ltr'><em>in</em></span> <span class='ocrx_word' id='word_1_468' title='bbox 1662 3468 1716 3506; x_wconf 83' lang='lat' dir='ltr'><em>uo·</em></span> <span class='ocrx_word' id='word_1_469' title='bbox 1725 3469 1859 3518; x_wconf 59' lang='lat' dir='ltr'><em>amam</em></span> 
     </span>
     <span class='ocr_line' id='line_1_33' title="bbox 144 3529 1848 3619; baseline 0.006 -29"><span class='ocrx_word' id='word_1_470' title='bbox 144 3531 194 3603; x_wconf 72' lang='grc' dir='ltr'><em>τὴν</em></span> <span class='ocrx_word' id='word_1_471' title='bbox 205 3531 292 3612; x_wconf 69' lang='grc' dir='ltr'>φυγὴν</span> <span class='ocrx_word' id='word_1_472' title='bbox 309 3530 358 3604; x_wconf 81' lang='grc' dir='ltr'><em>τλν</em></span> <span class='ocrx_word' id='word_1_473' title='bbox 372 3529 516 3613; x_wconf 78' lang='grc' dir='ltr'>ἡμετέραν,</span> <span class='ocrx_word' id='word_1_474' title='bbox 538 3529 583 3589; x_wconf 83' lang='grc' dir='ltr'><em>καί</em></span> <span class='ocrx_word' id='word_1_475' title='bbox 592 3533 628 3598; x_wconf 83' lang='grc' dir='ltr'>ὡς</span> <span class='ocrx_word' id='word_1_476' title='bbox 641 3532 747 3607; x_wconf 79' lang='grc' dir='ltr'>ἱμάτιον</span> <span class='ocrx_word' id='word_1_477' title='bbox 760 3535 826 3609; x_wconf 81' lang='grc' dir='ltr'>ἡμῖν</span> <span class='ocrx_word' id='word_1_478' title='bbox 840 3532 918 3591; x_wconf 81' lang='grc' dir='ltr'>αὐτόν</span> <span class='ocrx_word' id='word_1_479' title='bbox 974 3538 1017 3594; x_wconf 90' lang='lat' dir='ltr'><em>bis</em></span> <span class='ocrx_word' id='word_1_480' title='bbox 1024 3559 1037 3608; x_wconf 85' lang='lat'><em>,·</em></span> <span class='ocrx_word' id='word_1_481' title='bbox 1049 3549 1075 3595; x_wconf 88' lang='lat' dir='ltr'><em>et</em></span> <span class='ocrx_word' id='word_1_482' title='bbox 1087 3557 1191 3613; x_wconf 87' lang='lat' dir='ltr'><em>rursus,</em></span> <span class='ocrx_word' id='word_1_483' title='bbox 1206 3539 1243 3594; x_wconf 89' lang='lat' dir='ltr'><em>In</em></span> <span class='ocrx_word' id='word_1_484' title='bbox 1250 3538 1416 3596; x_wconf 87' lang='lat' dir='ltr'><em>interiorem</em></span> <span class='ocrx_word' id='word_1_485' title='bbox 1427 3551 1559 3598; x_wconf 87' lang='lat' dir='ltr'><em>nostrum</em></span> <span class='ocrx_word' id='word_1_486' title='bbox 1570 3539 1716 3598; x_wconf 84' lang='lat' dir='ltr'><em>bominem</em></span> <span class='ocrx_word' id='word_1_487' title='bbox 1728 3557 1811 3619; x_wconf 65' lang='grc' dir='ltr'>πρίει.</span> <span class='ocrx_word' id='word_1_488' title='bbox 1824 3557 1848 3601; x_wconf 80' lang='lat'><em>3.</em></span> 
     </span>
     <span class='ocr_line' id='line_1_34' title="bbox 144 3615 1821 3703; baseline 0.004 -21"><span class='ocrx_word' id='word_1_489' title='bbox 144 3628 324 3702; x_wconf 67' lang='lat' dir='ltr'><em>nepesinum,</em></span> <span class='ocrx_word' id='word_1_490' title='bbox 350 3622 393 3682; x_wconf 88' lang='grc' dir='ltr'><em>ίνα</em></span> <span class='ocrx_word' id='word_1_491' title='bbox 416 3622 505 3683; x_wconf 87' lang='grc' dir='ltr'>πόντα</span> <span class='ocrx_word' id='word_1_492' title='bbox 528 3622 604 3689; x_wconf 85' lang='grc' dir='ltr'>αὖτδς</span> <span class='ocrx_word' id='word_1_493' title='bbox 627 3627 692 3700; x_wconf 78' lang='grc' dir='ltr'>ἡμῖν</span> <span class='ocrx_word' id='word_1_494' title='bbox 713 3615 844 3703; x_wconf 72' lang='grc' dir='ltr'>ᾖέσωθεν</span> <span class='ocrx_word' id='word_1_495' title='bbox 873 3624 919 3683; x_wconf 78' lang='grc' dir='ltr'><em>καί</em></span> <span class='ocrx_word' id='word_1_496' title='bbox 974 3627 1717 3695; x_wconf 74' lang='grc' dir='ltr'>λαθίγανσθίινίεγαω.Εῑοοίωοοίωαωοοοῑτοοινυίῑ</span> <span class='ocrx_word' id='word_1_497' title='bbox 1731 3624 1766 3670; x_wconf 79' lang='lat'><em>¹⁶·</em></span> <span class='ocrx_word' id='word_1_498' title='bbox 1786 3632 1821 3677; x_wconf 81' lang='lat'><em>¹7·</em></span> 
     </span>
     <span class='ocr_line' id='line_1_35' title="bbox 144 3713 1717 3800; baseline 0.006 -27"><span class='ocrx_word' id='word_1_499' title='bbox 144 3714 247 3781; x_wconf 80' lang='grc' dir='ltr'>ἔξωθεν.</span> <span class='ocrx_word' id='word_1_500' title='bbox 260 3716 312 3774; x_wconf 78' lang='grc' dir='ltr'>Καὶ</span> <span class='ocrx_word' id='word_1_501' title='bbox 334 3714 386 3794; x_wconf 86' lang='grc' dir='ltr'>γδιρ</span> <span class='ocrx_word' id='word_1_502' title='bbox 401 3713 538 3796; x_wconf 83' lang='grc' dir='ltr'>πλήρωμα</span> <span class='ocrx_word' id='word_1_503' title='bbox 560 3717 637 3792; x_wconf 78' lang='grc' dir='ltr'>ἡμῶν</span> <span class='ocrx_word' id='word_1_504' title='bbox 665 3713 742 3782; x_wconf 84' lang='grc' dir='ltr'>αὐτός</span> <span class='ocrx_word' id='word_1_505' title='bbox 756 3739 764 3752; x_wconf 85' lang='grc'><em>·</em></span> <span class='ocrx_word' id='word_1_506' title='bbox 778 3714 850 3790; x_wconf 77' lang='grc' dir='ltr'>(Καὶ</span> <span class='ocrx_word' id='word_1_507' title='bbox 868 3714 921 3796; x_wconf 75' lang='grc' dir='ltr'>γὰρ</span> <span class='ocrx_word' id='word_1_508' title='bbox 974 3718 1087 3780; x_wconf 88' lang='lat' dir='ltr'><em>domum</em></span> <span class='ocrx_word' id='word_1_509' title='bbox 1095 3720 1154 3800; x_wconf 73' lang='lat' dir='ltr'><em>ojus</em></span> <span class='ocrx_word' id='word_1_510' title='bbox 1163 3741 1229 3794; x_wconf 86' lang='lat' dir='ltr'><em>esse,</em></span> <span class='ocrx_word' id='word_1_511' title='bbox 1240 3719 1491 3799; x_wconf 84' lang='lat' dir='ltr'><em>nosqueiiloindui</em></span> <span class='ocrx_word' id='word_1_512' title='bbox 1505 3736 1535 3781; x_wconf 90' lang='lat' dir='ltr'><em>ut</em></span> <span class='ocrx_word' id='word_1_513' title='bbox 1548 3721 1717 3793; x_wconf 84' lang='lat' dir='ltr'><em>vestimento,</em></span> 
     </span>
     <span class='ocr_line' id='line_1_36' title="bbox 144 3803 1719 3896; baseline -0.003 -18"><span class='ocrx_word' id='word_1_514' title='bbox 144 3807 279 3885; x_wconf 63' lang='grc' dir='ltr'>πλήρωμα</span> <span class='ocrx_word' id='word_1_515' title='bbox 296 3813 341 3866; x_wconf 70' lang='grc' dir='ltr'><em>τοῦ</em></span> <span class='ocrx_word' id='word_1_516' title='bbox 360 3806 395 3868; x_wconf 63' lang='grc' dir='ltr'><em>τὰ</em></span> <span class='ocrx_word' id='word_1_517' title='bbox 407 3807 495 3867; x_wconf 72' lang='grc' dir='ltr'>πάντα</span> <span class='ocrx_word' id='word_1_518' title='bbox 513 3809 539 3866; x_wconf 73' lang='grc' dir='ltr'>ἒν</span> <span class='ocrx_word' id='word_1_519' title='bbox 549 3816 618 3866; x_wconf 66' lang='grc' dir='ltr'>πᾶσι</span> <span class='ocrx_word' id='word_1_520' title='bbox 637 3807 852 3886; x_wconf 75' lang='grc' dir='ltr'>πληρουμίνουλ·</span> <span class='ocrx_word' id='word_1_521' title='bbox 874 3809 920 3868; x_wconf 82' lang='grc' dir='ltr'><em>καί</em></span> <span class='ocrx_word' id='word_1_522' title='bbox 975 3826 1005 3873; x_wconf 88' lang='lat' dir='ltr'><em>ut</em></span> <span class='ocrx_word' id='word_1_523' title='bbox 1019 3813 1109 3872; x_wconf 85' lang='lat' dir='ltr'><em>omnia</em></span> <span class='ocrx_word' id='word_1_524' title='bbox 1122 3811 1204 3871; x_wconf 89' lang='lat' dir='ltr'><em>nobis</em></span> <span class='ocrx_word' id='word_1_525' title='bbox 1211 3811 1262 3887; x_wconf 78' lang='lat' dir='ltr'><em>ille</em></span> <span class='ocrx_word' id='word_1_526' title='bbox 1274 3803 1309 3871; x_wconf 86' lang='lat' dir='ltr'><em>sii</em></span> <span class='ocrx_word' id='word_1_527' title='bbox 1323 3811 1395 3871; x_wconf 90' lang='lat' dir='ltr'><em>intus</em></span> <span class='ocrx_word' id='word_1_528' title='bbox 1412 3826 1437 3872; x_wconf 85' lang='lat' dir='ltr'><em>et</em></span> <span class='ocrx_word' id='word_1_529' title='bbox 1451 3813 1525 3873; x_wconf 83' lang='lat' dir='ltr'><em>soris.</em></span> <span class='ocrx_word' id='word_1_530' title='bbox 1539 3814 1647 3883; x_wconf 78' lang='lat' dir='ltr'><em>Etenim</em></span> <span class='ocrx_word' id='word_1_531' title='bbox 1662 3815 1719 3896; x_wconf 78' lang='lat' dir='ltr'><em>ipse</em></span> 
     </span>
     <span class='ocr_line' id='line_1_37' title="bbox 143 3896 1854 3984; baseline 0.008 -29"><span class='ocrx_word' id='word_1_532' title='bbox 143 3896 201 3962; x_wconf 78' lang='grc' dir='ltr'>ὁδὸς</span> <span class='ocrx_word' id='word_1_533' title='bbox 220 3898 265 3956; x_wconf 86' lang='grc' dir='ltr'><em>καί</em></span> <span class='ocrx_word' id='word_1_534' title='bbox 283 3897 350 3977; x_wconf 77' lang='grc' dir='ltr'>ἀνὴρ</span> <span class='ocrx_word' id='word_1_535' title='bbox 369 3898 415 3958; x_wconf 81' lang='grc' dir='ltr'><em>καλ</em></span> <span class='ocrx_word' id='word_1_536' title='bbox 431 3896 541 3978; x_wconf 89' lang='grc' dir='ltr'>νυμφίος</span> <span class='ocrx_word' id='word_1_537' title='bbox 561 3896 761 3980; x_wconf 85' lang='grc' dir='ltr'>(Ἡρμοοοίμην</span> <span class='ocrx_word' id='word_1_538' title='bbox 786 3899 839 3980; x_wconf 76' lang='grc' dir='ltr'>γὰρ</span> <span class='ocrx_word' id='word_1_539' title='bbox 853 3904 922 3977; x_wconf 79' lang='grc' dir='ltr'>ὑμᾶς</span> <span class='ocrx_word' id='word_1_540' title='bbox 975 3903 1117 3984; x_wconf 80' lang='lat' dir='ltr'><em>plenitudo</em></span> <span class='ocrx_word' id='word_1_541' title='bbox 1130 3917 1221 3962; x_wconf 86' lang='lat' dir='ltr'><em>nostra</em></span> <span class='ocrx_word' id='word_1_542' title='bbox 1235 3915 1292 3962; x_wconf 71' lang='lat' dir='ltr'><em>ests</em></span> <span class='ocrx_word' id='word_1_543' title='bbox 1302 3903 1436 3962; x_wconf 84' lang='lat' dir='ltr'><em>Estenim</em></span> <span class='ocrx_word' id='word_1_544' title='bbox 1446 3900 1600 3983; x_wconf 82' lang='lat' dir='ltr'><em>plenitudo</em></span> <span class='ocrx_word' id='word_1_545' title='bbox 1619 3896 1719 3965; x_wconf 80' lang='lat' dir='ltr'><em>omnia</em></span> <span class='ocrx_word' id='word_1_546' title='bbox 1731 3925 1813 3973; x_wconf 64' lang='grc' dir='ltr'>ειλει.</span> <span class='ocrx_word' id='word_1_547' title='bbox 1834 3936 1854 3968; x_wconf 93' lang='grc' dir='ltr'><em>ι.</em></span> 
     </span>
     <span class='ocr_line' id='line_1_38' title="bbox 146 3945 1769 4078; baseline 0.007 -34"><span class='ocrx_word' id='word_1_548' title='bbox 146 3988 185 4044; x_wconf 76' lang='grc' dir='ltr'>ἑνὶ</span> <span class='ocrx_word' id='word_1_549' title='bbox 209 3987 283 4065; x_wconf 81' lang='grc' dir='ltr'>ἀνδρί</span> <span class='ocrx_word' id='word_1_550' title='bbox 306 3987 433 4069; x_wconf 74' lang='grc' dir='ltr'>παρθένον</span> <span class='ocrx_word' id='word_1_551' title='bbox 450 3988 561 4067; x_wconf 81' lang='grc' dir='ltr'>ἀγνήν)·</span> <span class='ocrx_word' id='word_1_552' title='bbox 577 3988 623 4046; x_wconf 86' lang='grc' dir='ltr'><em>καί</em></span> <span class='ocrx_word' id='word_1_553' title='bbox 638 3987 697 4068; x_wconf 73' lang='grc' dir='ltr'>ῥίζα</span> <span class='ocrx_word' id='word_1_554' title='bbox 712 3989 758 4048; x_wconf 83' lang='grc' dir='ltr'><em>καί</em></span> <span class='ocrx_word' id='word_1_555' title='bbox 782 3990 861 4050; x_wconf 79' lang='grc' dir='ltr'>ποτόν</span> <span class='ocrx_word' id='word_1_556' title='bbox 875 3989 921 4050; x_wconf 80' lang='grc' dir='ltr'><em>καί</em></span> <span class='ocrx_word' id='word_1_557' title='bbox 976 4000 1008 4054; x_wconf 88' lang='lat' dir='ltr'><em>in</em></span> <span class='ocrx_word' id='word_1_558' title='bbox 1018 3997 1152 4073; x_wconf 86' lang='lat' dir='ltr'><em>omnibus</em></span> <span class='ocrx_word' id='word_1_559' title='bbox 1174 3993 1362 4072; x_wconf 85' lang='lat' dir='ltr'><em>adimplentis</em></span> <span class='ocrx_word' id='word_1_560' title='bbox 1370 4018 1383 4066; x_wconf 90' lang='grc'><em>,·</em></span> <span class='ocrx_word' id='word_1_561' title='bbox 1394 4006 1420 4052; x_wconf 89' lang='lat' dir='ltr'><em>et</em></span> <span class='ocrx_word' id='word_1_562' title='bbox 1431 3993 1486 4072; x_wconf 84' lang='lat' dir='ltr'><em>via,</em></span> <span class='ocrx_word' id='word_1_563' title='bbox 1497 4008 1524 4054; x_wconf 89' lang='lat' dir='ltr'><em>et</em></span> <span class='ocrx_word' id='word_1_564' title='bbox 1536 3995 1580 4055; x_wconf 89' lang='lat' dir='ltr'><em>vir</em></span> <span class='ocrx_word' id='word_1_565' title='bbox 1595 4009 1620 4056; x_wconf 91' lang='lat' dir='ltr'><em>et</em></span> <span class='ocrx_word' id='word_1_566' title='bbox 1634 4017 1716 4078; x_wconf 88' lang='lat' dir='ltr'><em>spon-</em></span> <span class='ocrx_word' id='word_1_567' title='bbox 1731 3945 1769 4033; x_wconf 68' lang='lat' dir='ltr'><em>&#39;l</em></span> 
     </span>
     <span class='ocr_line' id='line_1_39' title="bbox 148 4079 1856 4172; baseline 0.009 -38"><span class='ocrx_word' id='word_1_568' title='bbox 148 4079 233 4159; x_wconf 82' lang='grc' dir='ltr'>τροφὴ</span> <span class='ocrx_word' id='word_1_569' title='bbox 258 4080 303 4141; x_wconf 85' lang='grc' dir='ltr'><em>καὶ</em></span> <span class='ocrx_word' id='word_1_570' title='bbox 332 4081 386 4153; x_wconf 80' lang='grc' dir='ltr'><em>ζωή</em></span> <span class='ocrx_word' id='word_1_571' title='bbox 409 4080 474 4160; x_wconf 83' lang='grc' dir='ltr'><em>(Ζῶ</em></span> <span class='ocrx_word' id='word_1_572' title='bbox 499 4081 567 4163; x_wconf 75' lang='grc' dir='ltr'>γὰρ,</span> <span class='ocrx_word' id='word_1_573' title='bbox 583 4079 678 4161; x_wconf 82' lang='grc' dir='ltr'>φησὶν,</span> <span class='ocrx_word' id='word_1_574' title='bbox 700 4080 786 4141; x_wconf 71' lang='grc' dir='ltr'>οὐκέτι</span> <span class='ocrx_word' id='word_1_575' title='bbox 808 4081 920 4162; x_wconf 82' lang='grc' dir='ltr'>ίγὼ,ζῇ</span> <span class='ocrx_word' id='word_1_576' title='bbox 976 4109 1021 4147; x_wconf 83' lang='lat' dir='ltr'><em>sus</em></span> <span class='ocrx_word' id='word_1_577' title='bbox 1034 4087 1202 4166; x_wconf 83' lang='lat' dir='ltr'><em>:Despondi</em></span> <span class='ocrx_word' id='word_1_578' title='bbox 1212 4090 1289 4145; x_wconf 90' lang='lat' dir='ltr'><em>enim</em></span> <span class='ocrx_word' id='word_1_579' title='bbox 1299 4107 1354 4146; x_wconf 79' lang='lat' dir='ltr'><em>‘uos</em></span> <span class='ocrx_word' id='word_1_580' title='bbox 1364 4090 1417 4146; x_wconf 86' lang='lat' dir='ltr'><em>uni</em></span> <span class='ocrx_word' id='word_1_581' title='bbox 1426 4092 1503 4162; x_wconf 83' lang='lat' dir='ltr'><em>uiro,</em></span> <span class='ocrx_word' id='word_1_582' title='bbox 1517 4091 1662 4172; x_wconf 74' lang='lat' dir='ltr'><em>virginem</em></span> <span class='ocrx_word' id='word_1_583' title='bbox 1672 4110 1720 4152; x_wconf 87' lang='lat' dir='ltr'><em>ca·</em></span> <span class='ocrx_word' id='word_1_584' title='bbox 1731 4121 1754 4153; x_wconf 82' lang='lat'><em>2.</em></span> <span class='ocrx_word' id='word_1_585' title='bbox 1765 4106 1821 4152; x_wconf 80' lang='lat' dir='ltr'><em>cor.</em></span> <span class='ocrx_word' id='word_1_586' title='bbox 1835 4118 1856 4149; x_wconf 88' lang='grc' dir='ltr'><em>ιι</em></span> 
     </span>
     <span class='ocr_line' id='line_1_40' title="bbox 150 4172 1756 4258; baseline 0.007 -28"><span class='ocrx_word' id='word_1_587' title='bbox 150 4173 177 4232; x_wconf 83' lang='grc' dir='ltr'><em>δὲ</em></span> <span class='ocrx_word' id='word_1_588' title='bbox 202 4174 229 4230; x_wconf 82' lang='grc' dir='ltr'><em>ἐν</em></span> <span class='ocrx_word' id='word_1_589' title='bbox 250 4172 309 4251; x_wconf 80' lang='grc' dir='ltr'>ἐμοί</span> <span class='ocrx_word' id='word_1_590' title='bbox 329 4175 475 4255; x_wconf 88' lang='grc' dir='ltr'>Χριστός)·</span> <span class='ocrx_word' id='word_1_591' title='bbox 496 4174 542 4233; x_wconf 86' lang='grc' dir='ltr'><em>καὶ</em></span> <span class='ocrx_word' id='word_1_592' title='bbox 564 4173 709 4239; x_wconf 79' lang='grc' dir='ltr'>ἀπόστολος</span> <span class='ocrx_word' id='word_1_593' title='bbox 723 4172 768 4231; x_wconf 77' lang='grc' dir='ltr'><em>καί</em></span> <span class='ocrx_word' id='word_1_594' title='bbox 785 4173 923 4255; x_wconf 75' lang='grc' dir='ltr'>ἀρχιερεὺς</span> <span class='ocrx_word' id='word_1_595' title='bbox 939 4193 957 4242; x_wconf 87' lang='lat' dir='ltr'><em>c</em></span> <span class='ocrx_word' id='word_1_596' title='bbox 976 4192 1064 4238; x_wconf 85' lang='lat' dir='ltr'><em>stam.</em></span> <span class='ocrx_word' id='word_1_597' title='bbox 1074 4177 1124 4236; x_wconf 86' lang='lat' dir='ltr'><em>Est</em></span> <span class='ocrx_word' id='word_1_598' title='bbox 1138 4184 1164 4237; x_wconf 80' lang='lat' dir='ltr'><em>et</em></span> <span class='ocrx_word' id='word_1_599' title='bbox 1177 4175 1267 4254; x_wconf 80' lang='lat' dir='ltr'><em>radix,</em></span> <span class='ocrx_word' id='word_1_600' title='bbox 1276 4190 1365 4258; x_wconf 87' lang='lat' dir='ltr'><em>potus,</em></span> <span class='ocrx_word' id='word_1_601' title='bbox 1375 4178 1451 4238; x_wconf 88' lang='lat' dir='ltr'><em>cibus</em></span> <span class='ocrx_word' id='word_1_602' title='bbox 1465 4193 1491 4238; x_wconf 89' lang='lat' dir='ltr'><em>et</em></span> <span class='ocrx_word' id='word_1_603' title='bbox 1505 4180 1561 4239; x_wconf 87' lang='lat' dir='ltr'><em>vita</em></span> <span class='ocrx_word' id='word_1_604' title='bbox 1572 4205 1578 4238; x_wconf 91' lang='lat'>:</span> <span class='ocrx_word' id='word_1_605' title='bbox 1590 4201 1653 4242; x_wconf 84' lang='lat' dir='ltr'><em>nam</em></span> <span class='ocrx_word' id='word_1_606' title='bbox 1665 4182 1703 4243; x_wconf 82' lang='lat' dir='ltr'><em>ait</em></span> <span class='ocrx_word' id='word_1_607' title='bbox 1713 4208 1719 4241; x_wconf 81' lang='grc' dir='ltr'>τ</span> <span class='ocrx_word' id='word_1_608' title='bbox 1731 4183 1756 4215; x_wconf 86' lang='lat'><em>²·</em></span> 
     </span>
     <span class='ocr_line' id='line_1_41' title="bbox 148 4264 1862 4353; baseline -0.001 -31"><span class='ocrx_word' id='word_1_609' title='bbox 148 4265 193 4323; x_wconf 83' lang='grc' dir='ltr'><em>καὶ</em></span> <span class='ocrx_word' id='word_1_610' title='bbox 208 4265 366 4333; x_wconf 77' lang='grc' dir='ltr'>διδάσκαλος</span> <span class='ocrx_word' id='word_1_611' title='bbox 376 4267 421 4325; x_wconf 84' lang='grc' dir='ltr'><em>καί</em></span> <span class='ocrx_word' id='word_1_612' title='bbox 434 4265 525 4344; x_wconf 67' lang='grc' dir='ltr'>πατὴρ</span> <span class='ocrx_word' id='word_1_613' title='bbox 535 4264 581 4324; x_wconf 87' lang='grc' dir='ltr'><em>καί</em></span> <span class='ocrx_word' id='word_1_614' title='bbox 592 4265 704 4344; x_wconf 83' lang='grc' dir='ltr'>ἀδελφὸς</span> <span class='ocrx_word' id='word_1_615' title='bbox 716 4264 762 4323; x_wconf 79' lang='grc' dir='ltr'><em>καί</em></span> <span class='ocrx_word' id='word_1_616' title='bbox 775 4267 924 4345; x_wconf 68' lang='grc' dir='ltr'><em>συγκληρο·4</em></span> <span class='ocrx_word' id='word_1_617' title='bbox 978 4275 1051 4330; x_wconf 67' lang='lat' dir='ltr'><em>loeo</em></span> <span class='ocrx_word' id='word_1_618' title='bbox 1060 4274 1126 4352; x_wconf 83' lang='lat' dir='ltr'><em>jam</em></span> <span class='ocrx_word' id='word_1_619' title='bbox 1141 4291 1201 4328; x_wconf 94' lang='lat' dir='ltr'><em>non</em></span> <span class='ocrx_word' id='word_1_620' title='bbox 1215 4291 1267 4353; x_wconf 82' lang='lat' dir='ltr'><em>ego</em></span> <span class='ocrx_word' id='word_1_621' title='bbox 1280 4275 1374 4330; x_wconf 81' lang='lat' dir='ltr'><em>:uiuit</em></span> <span class='ocrx_word' id='word_1_622' title='bbox 1385 4293 1457 4330; x_wconf 86' lang='lat' dir='ltr'><em>uero</em></span> <span class='ocrx_word' id='word_1_623' title='bbox 1471 4277 1502 4331; x_wconf 90' lang='lat' dir='ltr'><em>in</em></span> <span class='ocrx_word' id='word_1_624' title='bbox 1515 4288 1561 4336; x_wconf 86' lang='lat' dir='ltr'><em>nte</em></span> <span class='ocrx_word' id='word_1_625' title='bbox 1578 4276 1720 4338; x_wconf 83' lang='lat' dir='ltr'><em>Cbn’stus.</em></span> <span class='ocrx_word' id='word_1_626' title='bbox 1735 4278 1816 4322; x_wconf 73' lang='lat' dir='ltr'><em>Geta</em></span> <span class='ocrx_word' id='word_1_627' title='bbox 1832 4286 1862 4320; x_wconf 78' lang='grc' dir='ltr'><em>νο</em></span> 
     </span>
     <span class='ocr_line' id='line_1_42' title="bbox 147 4356 1720 4448; baseline 0.004 -26"><span class='ocrx_word' id='word_1_628' title='bbox 147 4357 239 4433; x_wconf 76' lang='grc' dir='ltr'>νόμος,</span> <span class='ocrx_word' id='word_1_629' title='bbox 253 4356 299 4415; x_wconf 74' lang='grc' dir='ltr'>καί</span> <span class='ocrx_word' id='word_1_630' title='bbox 316 4358 400 4437; x_wconf 72' lang='grc' dir='ltr'>τάφον</span> <span class='ocrx_word' id='word_1_631' title='bbox 414 4357 537 4425; x_wconf 68' lang='grc' dir='ltr'>κοινωνὸς</span> <span class='ocrx_word' id='word_1_632' title='bbox 552 4357 598 4416; x_wconf 73' lang='grc' dir='ltr'>κοί</span> <span class='ocrx_word' id='word_1_633' title='bbox 617 4361 729 4436; x_wconf 77' lang='grc' dir='ltr'>οτονμοῧ</span> <span class='ocrx_word' id='word_1_634' title='bbox 747 4357 921 4438; x_wconf 53' lang='lat' dir='ltr'><em>(nemeen</em></span> <span class='ocrx_word' id='word_1_635' title='bbox 976 4364 1026 4424; x_wconf 83' lang='lat' dir='ltr'><em>Est</em></span> <span class='ocrx_word' id='word_1_636' title='bbox 1039 4363 1184 4444; x_wconf 87' lang='lat' dir='ltr'><em>apostolus,</em></span> <span class='ocrx_word' id='word_1_637' title='bbox 1192 4384 1314 4423; x_wconf 88' lang='lat' dir='ltr'><em>summus</em></span> <span class='ocrx_word' id='word_1_638' title='bbox 1323 4363 1455 4443; x_wconf 84' lang='lat' dir='ltr'><em>sacerdos,</em></span> <span class='ocrx_word' id='word_1_639' title='bbox 1465 4364 1568 4444; x_wconf 86' lang='lat' dir='ltr'><em>doctor,</em></span> <span class='ocrx_word' id='word_1_640' title='bbox 1578 4381 1662 4448; x_wconf 81' lang='lat' dir='ltr'><em>pater,</em></span> <span class='ocrx_word' id='word_1_641' title='bbox 1668 4370 1720 4430; x_wconf 86' lang='lat' dir='ltr'><em>lra-</em></span> 
     </span>
     <span class='ocr_line' id='line_1_43' title="bbox 150 4447 1721 4535; baseline -0.001 -13"><span class='ocrx_word' id='word_1_642' title='bbox 150 4471 197 4523; x_wconf 72' lang='lat' dir='ltr'><em>pes</em></span> <span class='ocrx_word' id='word_1_643' title='bbox 211 4447 262 4528; x_wconf 64' lang='lat' dir='ltr'><em>tl?</em></span> <span class='ocrx_word' id='word_1_644' title='bbox 277 4451 365 4528; x_wconf 62' lang='lat' dir='ltr'><em>atto,</em></span> <span class='ocrx_word' id='word_1_645' title='bbox 389 4448 467 4528; x_wconf 68' lang='grc' dir='ltr'>νηοί,</span> <span class='ocrx_word' id='word_1_646' title='bbox 491 4447 537 4507; x_wconf 64' lang='lat' dir='ltr'><em>ml</em></span> <span class='ocrx_word' id='word_1_647' title='bbox 561 4447 691 4527; x_wconf 71' lang='grc' dir='ltr'>οὖμφντον</span> <span class='ocrx_word' id='word_1_648' title='bbox 711 4449 857 4529; x_wconf 67' lang='grc' dir='ltr'>γεγόναμεν</span> <span class='ocrx_word' id='word_1_649' title='bbox 882 4452 922 4530; x_wconf 77' lang='grc' dir='ltr'>τῷ</span> <span class='ocrx_word' id='word_1_650' title='bbox 977 4469 1027 4533; x_wconf 86' lang='lat' dir='ltr'><em>ter,</em></span> <span class='ocrx_word' id='word_1_651' title='bbox 1044 4455 1163 4528; x_wconf 84' lang='lat' dir='ltr'><em>coheres,</em></span> <span class='ocrx_word' id='word_1_652' title='bbox 1178 4467 1203 4513; x_wconf 85' lang='lat' dir='ltr'><em>et</em></span> <span class='ocrx_word' id='word_1_653' title='bbox 1217 4454 1334 4535; x_wconf 85' lang='lat' dir='ltr'><em>sepulcri</em></span> <span class='ocrx_word' id='word_1_654' title='bbox 1348 4473 1455 4517; x_wconf 84' lang='lat' dir='ltr'><em>consors</em></span> <span class='ocrx_word' id='word_1_655' title='bbox 1469 4471 1496 4517; x_wconf 89' lang='lat' dir='ltr'><em>et</em></span> <span class='ocrx_word' id='word_1_656' title='bbox 1506 4459 1600 4521; x_wconf 79' lang='lat' dir='ltr'><em>estreis.</em></span> <span class='ocrx_word' id='word_1_657' title='bbox 1614 4461 1721 4521; x_wconf 82' lang='lat' dir='ltr'><em>Conse-</em></span> 
     </span>
    </p>
   </div>
   <div class='ocr_carea' id='block_1_3' title="bbox 149 4538 1863 5089">
    <p class='ocr_par' dir='ltr' id='par_1_4' title="bbox 149 4538 1863 5089">
     <span class='ocr_line' id='line_1_44' title="bbox 149 4538 1722 4632; baseline -0.006 -37"><span class='ocrx_word' id='word_1_658' title='bbox 149 4538 286 4616; x_wconf 80' lang='grc' dir='ltr'>ὁμιόιματι</span> <span class='ocrx_word' id='word_1_659' title='bbox 298 4545 343 4598; x_wconf 79' lang='grc' dir='ltr'><em>τοῦ</em></span> <span class='ocrx_word' id='word_1_660' title='bbox 354 4540 467 4600; x_wconf 78' lang='grc' dir='ltr'>θανάτου</span> <span class='ocrx_word' id='word_1_661' title='bbox 479 4541 639 4614; x_wconf 79' lang='grc' dir='ltr'>αὖτοῦ)·καί</span> <span class='ocrx_word' id='word_1_662' title='bbox 654 4539 742 4611; x_wconf 78' lang='grc' dir='ltr'>ἱκέτης</span> <span class='ocrx_word' id='word_1_663' title='bbox 755 4539 859 4622; x_wconf 77' lang='grc' dir='ltr'>(Ὑπὲρ</span> <span class='ocrx_word' id='word_1_664' title='bbox 869 4541 922 4623; x_wconf 73' lang='grc' dir='ltr'>γὰρ</span> <span class='ocrx_word' id='word_1_665' title='bbox 975 4549 1053 4628; x_wconf 63' lang='lat' dir='ltr'><em>pulsi</em></span> <span class='ocrx_word' id='word_1_666' title='bbox 1070 4551 1149 4606; x_wconf 70' lang='lat' dir='ltr'><em>enim</em></span> <span class='ocrx_word' id='word_1_667' title='bbox 1171 4566 1271 4606; x_wconf 67' lang='lat' dir='ltr'><em>sumus</em></span> <span class='ocrx_word' id='word_1_668' title='bbox 1289 4546 1351 4629; x_wconf 60' lang='lat' dir='ltr'><em>ipsi,</em></span> <span class='ocrx_word' id='word_1_669' title='bbox 1373 4547 1471 4628; x_wconf 53' lang='lat' dir='ltr'><em>inquit,</em></span> <span class='ocrx_word' id='word_1_670' title='bbox 1487 4562 1513 4609; x_wconf 54' lang='grc' dir='ltr'><em>,γ</em></span> <span class='ocrx_word' id='word_1_671' title='bbox 1529 4553 1722 4632; x_wconf 49' lang='lat' dir='ltr'><em>complanta„</em></span> 
     </span>
     <span class='ocr_line' id='line_1_45' title="bbox 152 4630 1775 4723; baseline -0.001 -20"><span class='ocrx_word' id='word_1_672' title='bbox 152 4630 499 4710; x_wconf 63' lang='grc' dir='ltr'>Χρῑστοῧπμεοὸῑῦομενλ·</span> <span class='ocrx_word' id='word_1_673' title='bbox 515 4631 639 4711; x_wconf 76' lang='grc' dir='ltr'>καὶπρὸς</span> <span class='ocrx_word' id='word_1_674' title='bbox 660 4631 704 4689; x_wconf 80' lang='grc' dir='ltr'><em>τὸν</em></span> <span class='ocrx_word' id='word_1_675' title='bbox 725 4632 836 4714; x_wconf 87' lang='grc' dir='ltr'>Πατίρα</span> <span class='ocrx_word' id='word_1_676' title='bbox 860 4657 923 4693; x_wconf 89' lang='grc' dir='ltr'>συν-</span> <span class='ocrx_word' id='word_1_677' title='bbox 973 4644 1054 4722; x_wconf 69' lang='lat' dir='ltr'><em>jacti</em></span> <span class='ocrx_word' id='word_1_678' title='bbox 1072 4660 1170 4700; x_wconf 88' lang='lat' dir='ltr'><em>sumus</em></span> <span class='ocrx_word' id='word_1_679' title='bbox 1185 4640 1374 4700; x_wconf 85' lang='lat' dir='ltr'><em>similitudini</em></span> <span class='ocrx_word' id='word_1_680' title='bbox 1395 4646 1496 4701; x_wconf 87' lang='lat' dir='ltr'><em>mortis</em></span> <span class='ocrx_word' id='word_1_681' title='bbox 1517 4646 1616 4722; x_wconf 88' lang='lat' dir='ltr'><em>ipsius.</em></span> <span class='ocrx_word' id='word_1_682' title='bbox 1633 4642 1682 4703; x_wconf 84' lang='lat' dir='ltr'><em>Est</em></span> <span class='ocrx_word' id='word_1_683' title='bbox 1696 4656 1723 4702; x_wconf 87' lang='lat' dir='ltr'><em>et</em></span> <span class='ocrx_word' id='word_1_684' title='bbox 1769 4714 1775 4723; x_wconf 38' lang='grc' dir='ltr'>Ι</span> 
     </span>
     <span class='ocr_line' id='line_1_46' title="bbox 149 4720 1853 4815; baseline -0.007 -17"><span class='ocrx_word' id='word_1_685' title='bbox 149 4720 244 4798; x_wconf 65' lang='grc' dir='ltr'>Τίίθθθί</span> <span class='ocrx_word' id='word_1_686' title='bbox 259 4722 331 4795; x_wconf 67' lang='grc' dir='ltr'><em>ίί(ῦιὶ</em></span> <span class='ocrx_word' id='word_1_687' title='bbox 354 4720 406 4805; x_wconf 62' lang='grc' dir='ltr'>ίὰί)</span> <span class='ocrx_word' id='word_1_688' title='bbox 422 4724 591 4802; x_wconf 47' lang='lat' dir='ltr'><em>‘militiis</em></span> <span class='ocrx_word' id='word_1_689' title='bbox 605 4723 694 4802; x_wconf 65' lang='lat' dir='ltr'><em>oncis,</em></span> <span class='ocrx_word' id='word_1_690' title='bbox 718 4724 783 4805; x_wconf 68' lang='lat' dir='ltr'><em>itti?</em></span> <span class='ocrx_word' id='word_1_691' title='bbox 807 4728 884 4804; x_wconf 74' lang='grc' dir='ltr'><em>ολμνῗνν</em></span> <span class='ocrx_word' id='word_1_692' title='bbox 895 4730 925 4800; x_wconf 79' lang='grc' dir='ltr'><em>λ·</em></span> <span class='ocrx_word' id='word_1_693' title='bbox 979 4732 1180 4813; x_wconf 73' lang='lat' dir='ltr'><em>supplextPro</em></span> <span class='ocrx_word' id='word_1_694' title='bbox 1192 4731 1391 4791; x_wconf 88' lang='lat' dir='ltr'><em>Cbristoenim</em></span> <span class='ocrx_word' id='word_1_695' title='bbox 1405 4734 1549 4815; x_wconf 75' lang='lat' dir='ltr'><em>legatione</em></span> <span class='ocrx_word' id='word_1_696' title='bbox 1556 4736 1722 4815; x_wconf 80' lang='lat' dir='ltr'><em>fungimur.</em></span> <span class='ocrx_word' id='word_1_697' title='bbox 1734 4722 1853 4786; x_wconf 57' lang='lat' dir='ltr'><em>“Ml</em></span> 
     </span>
     <span class='ocr_line' id='line_1_47' title="bbox 149 4804 1863 4907; baseline 0.002 -25"><span class='ocrx_word' id='word_1_698' title='bbox 149 4814 194 4872; x_wconf 69' lang='grc' dir='ltr'>κοί</span> <span class='ocrx_word' id='word_1_699' title='bbox 208 4804 279 4881; x_wconf 68' lang='grc' dir='ltr'>οἶκος</span> <span class='ocrx_word' id='word_1_700' title='bbox 290 4814 334 4873; x_wconf 68' lang='grc' dir='ltr'>κοί</span> <span class='ocrx_word' id='word_1_701' title='bbox 346 4816 445 4882; x_wconf 73' lang='lat' dir='ltr'><em>ivetae&lt;</em></span> <span class='ocrx_word' id='word_1_702' title='bbox 457 4815 506 4889; x_wconf 84' lang='grc' dir='ltr'><em>(Ὁ</em></span> <span class='ocrx_word' id='word_1_703' title='bbox 518 4814 570 4896; x_wconf 59' lang='grc' dir='ltr'><em>γὰρ</em></span> <span class='ocrx_word' id='word_1_704' title='bbox 584 4817 611 4874; x_wconf 57' lang='grc' dir='ltr'>ἓν</span> <span class='ocrx_word' id='word_1_705' title='bbox 624 4815 684 4892; x_wconf 75' lang='lat' dir='ltr'><em>lpol</em></span> <span class='ocrx_word' id='word_1_706' title='bbox 699 4814 795 4894; x_wconf 65' lang='grc' dir='ltr'>μίνωνν</span> <span class='ocrx_word' id='word_1_707' title='bbox 809 4814 884 4896; x_wconf 75' lang='grc' dir='ltr'><em>κάγὼ</em></span> <span class='ocrx_word' id='word_1_708' title='bbox 898 4820 925 4877; x_wconf 67' lang='grc' dir='ltr'>ἓν</span> <span class='ocrx_word' id='word_1_709' title='bbox 981 4823 1030 4882; x_wconf 82' lang='lat' dir='ltr'><em>Est</em></span> <span class='ocrx_word' id='word_1_710' title='bbox 1043 4837 1069 4883; x_wconf 84' lang='lat' dir='ltr'><em>ct</em></span> <span class='ocrx_word' id='word_1_711' title='bbox 1082 4823 1229 4883; x_wconf 85' lang='lat' dir='ltr'><em>advocatus</em></span> <span class='ocrx_word' id='word_1_712' title='bbox 1255 4821 1329 4905; x_wconf 85' lang='lat' dir='ltr'><em>apud</em></span> <span class='ocrx_word' id='word_1_713' title='bbox 1349 4824 1455 4883; x_wconf 83' lang='lat' dir='ltr'><em>Patrem</em></span> <span class='ocrx_word' id='word_1_714' title='bbox 1468 4849 1474 4881; x_wconf 91' lang='lat'>:</span> <span class='ocrx_word' id='word_1_715' title='bbox 1487 4846 1548 4883; x_wconf 83' lang='lat' dir='ltr'><em>narn</em></span> <span class='ocrx_word' id='word_1_716' title='bbox 1571 4812 1721 4907; x_wconf 83' lang='lat' dir='ltr'><em>Supplicai</em></span> <span class='ocrx_word' id='word_1_717' title='bbox 1734 4832 1757 4866; x_wconf 85' lang='lat'><em>²·</em></span> <span class='ocrx_word' id='word_1_718' title='bbox 1774 4820 1829 4867; x_wconf 51' lang='grc' dir='ltr'>εον·</span> <span class='ocrx_word' id='word_1_719' title='bbox 1850 4818 1863 4866; x_wconf 75' lang='lat'><strong>5</strong></span> 
     </span>
     <span class='ocr_line' id='line_1_48' title="bbox 149 4894 1862 5001; baseline -0.002 -22"><span class='ocrx_word' id='word_1_720' title='bbox 149 4909 241 4985; x_wconf 62' lang='lat' dir='ltr'><em>etro)-</em></span> <span class='ocrx_word' id='word_1_721' title='bbox 257 4904 303 4965; x_wconf 74' lang='grc' dir='ltr'><em>καὶ</em></span> <span class='ocrx_word' id='word_1_722' title='bbox 313 4906 387 4985; x_wconf 84' lang='grc' dir='ltr'>φίλος</span> <span class='ocrx_word' id='word_1_723' title='bbox 400 4906 505 4984; x_wconf 68' lang='grc' dir='ltr'>(Ὑμεῖς</span> <span class='ocrx_word' id='word_1_724' title='bbox 518 4907 571 4987; x_wconf 66' lang='grc' dir='ltr'>γὰρ</span> <span class='ocrx_word' id='word_1_725' title='bbox 584 4906 655 4986; x_wconf 91' lang='grc' dir='ltr'>φίλοι</span> <span class='ocrx_word' id='word_1_726' title='bbox 670 4907 720 4984; x_wconf 90' lang='grc' dir='ltr'><em>μοό</em></span> <span class='ocrx_word' id='word_1_727' title='bbox 731 4907 810 4985; x_wconf 73' lang='lat' dir='ltr'><em>torel·</em></span> <span class='ocrx_word' id='word_1_728' title='bbox 825 4908 871 4967; x_wconf 80' lang='grc' dir='ltr'><em>καί</em></span> <span class='ocrx_word' id='word_1_729' title='bbox 881 4914 926 4968; x_wconf 81' lang='lat' dir='ltr'><em>bs·</em></span> <span class='ocrx_word' id='word_1_730' title='bbox 979 4936 1032 4995; x_wconf 86' lang='lat' dir='ltr'><em>pro</em></span> <span class='ocrx_word' id='word_1_731' title='bbox 1047 4918 1138 4975; x_wconf 89' lang='lat' dir='ltr'><em>nobis.</em></span> <span class='ocrx_word' id='word_1_732' title='bbox 1153 4914 1202 4975; x_wconf 89' lang='lat' dir='ltr'><em>Est</em></span> <span class='ocrx_word' id='word_1_733' title='bbox 1215 4929 1242 4976; x_wconf 86' lang='lat' dir='ltr'><em>et</em></span> <span class='ocrx_word' id='word_1_734' title='bbox 1260 4915 1357 4975; x_wconf 90' lang='lat' dir='ltr'><em>domus</em></span> <span class='ocrx_word' id='word_1_735' title='bbox 1370 4928 1396 4973; x_wconf 85' lang='lat' dir='ltr'><em>et</em></span> <span class='ocrx_word' id='word_1_736' title='bbox 1411 4915 1506 4996; x_wconf 80' lang='lat' dir='ltr'><em>hospes</em></span> <span class='ocrx_word' id='word_1_737' title='bbox 1516 4940 1522 4974; x_wconf 93' lang='lat'>:</span> <span class='ocrx_word' id='word_1_738' title='bbox 1532 4916 1586 4990; x_wconf 90' lang='lat' dir='ltr'><em>Qui</em></span> <span class='ocrx_word' id='word_1_739' title='bbox 1601 4917 1673 4978; x_wconf 83' lang='lat' dir='ltr'><em>eninr</em></span> <span class='ocrx_word' id='word_1_740' title='bbox 1685 4921 1722 4978; x_wconf 87' lang='lat' dir='ltr'><em>In</em></span> <span class='ocrx_word' id='word_1_741' title='bbox 1733 4894 1798 4988; x_wconf 60' lang='lat' dir='ltr'><em>iim,</em></span> <span class='ocrx_word' id='word_1_742' title='bbox 1807 4942 1862 5001; x_wconf 68' lang='grc' dir='ltr'><em>ιιι</em></span> 
     </span>
     <span class='ocr_line' id='line_1_49' title="bbox 154 4999 1862 5089; baseline 0.004 -24"><span class='ocrx_word' id='word_1_743' title='bbox 154 4999 242 5074; x_wconf 52' lang='lat' dir='ltr'><em>usito&lt;</em></span> <span class='ocrx_word' id='word_1_744' title='bbox 256 4999 302 5058; x_wconf 75' lang='grc' dir='ltr'>καί</span> <span class='ocrx_word' id='word_1_745' title='bbox 315 4999 386 5066; x_wconf 73' lang='grc' dir='ltr'>λίθος</span> <span class='ocrx_word' id='word_1_746' title='bbox 401 5001 601 5079; x_wconf 71' lang='grc' dir='ltr'>ἅκρογοννῑνῖος·</span> <span class='ocrx_word' id='word_1_747' title='bbox 616 5001 662 5058; x_wconf 71' lang='grc' dir='ltr'>καί</span> <span class='ocrx_word' id='word_1_748' title='bbox 684 5004 761 5075; x_wconf 68' lang='grc' dir='ltr'>ἡμεῖς</span> <span class='ocrx_word' id='word_1_749' title='bbox 781 5004 860 5058; x_wconf 67' lang='grc' dir='ltr'>αὐτοῦ</span> <span class='ocrx_word' id='word_1_750' title='bbox 882 4999 927 5059; x_wconf 73' lang='grc' dir='ltr'>καί</span> <span class='ocrx_word' id='word_1_751' title='bbox 981 5031 1028 5068; x_wconf 88' lang='lat' dir='ltr'><em>me</em></span> <span class='ocrx_word' id='word_1_752' title='bbox 1043 5022 1152 5082; x_wconf 88' lang='lat' dir='ltr'><em>manet,</em></span> <span class='ocrx_word' id='word_1_753' title='bbox 1170 5023 1199 5068; x_wconf 90' lang='lat' dir='ltr'><em>et</em></span> <span class='ocrx_word' id='word_1_754' title='bbox 1222 5029 1274 5089; x_wconf 80' lang='lat' dir='ltr'><em>ego</em></span> <span class='ocrx_word' id='word_1_755' title='bbox 1293 5013 1325 5066; x_wconf 88' lang='lat' dir='ltr'><em>in</em></span> <span class='ocrx_word' id='word_1_756' title='bbox 1338 5008 1400 5066; x_wconf 88' lang='lat' dir='ltr'><em>illo.</em></span> <span class='ocrx_word' id='word_1_757' title='bbox 1414 5008 1461 5067; x_wconf 86' lang='lat' dir='ltr'><em>Est</em></span> <span class='ocrx_word' id='word_1_758' title='bbox 1483 5024 1509 5067; x_wconf 88' lang='lat' dir='ltr'><em>ot</em></span> <span class='ocrx_word' id='word_1_759' title='bbox 1529 5009 1649 5069; x_wconf 83' lang='lat' dir='ltr'><em>amicus:</em></span> <span class='ocrx_word' id='word_1_760' title='bbox 1665 5014 1722 5073; x_wconf 85' lang='lat' dir='ltr'><em>Vos</em></span> <span class='ocrx_word' id='word_1_761' title='bbox 1733 5005 1862 5064; x_wconf 70' lang='lat' dir='ltr'><em>eoan.6.57</em></span> 
     </span>
    </p>
   </div>
   <div class='ocr_carea' id='block_1_4' title="bbox 155 5067 1861 5185">
    <p class='ocr_par' dir='ltr' id='par_1_5' title="bbox 155 5067 1861 5185">
     <span class='ocr_line' id='line_1_50' title="bbox 155 5067 1861 5185; baseline -0.028 -29"><span class='ocrx_word' id='word_1_762' title='bbox 155 5098 223 5172; x_wconf 79' lang='grc' dir='ltr'>μέλη</span> <span class='ocrx_word' id='word_1_763' title='bbox 239 5100 284 5158; x_wconf 86' lang='grc' dir='ltr'><em>καί</em></span> <span class='ocrx_word' id='word_1_764' title='bbox 298 5100 425 5180; x_wconf 80' lang='grc' dir='ltr'>γεώργιον</span> <span class='ocrx_word' id='word_1_765' title='bbox 447 5100 492 5159; x_wconf 80' lang='grc' dir='ltr'><em>καί</em></span> <span class='ocrx_word' id='word_1_766' title='bbox 516 5100 643 5178; x_wconf 78' lang='grc' dir='ltr'>οἰκοδομὴ</span> <span class='ocrx_word' id='word_1_767' title='bbox 666 5100 711 5159; x_wconf 82' lang='grc' dir='ltr'><em>καί</em></span> <span class='ocrx_word' id='word_1_768' title='bbox 737 5099 862 5178; x_wconf 78' lang='grc' dir='ltr'>κλήματα</span> <span class='ocrx_word' id='word_1_769' title='bbox 882 5102 926 5161; x_wconf 81' lang='grc' dir='ltr'><em>καί</em></span> <span class='ocrx_word' id='word_1_770' title='bbox 981 5107 1072 5163; x_wconf 87' lang='lat' dir='ltr'><em>amici</em></span> <span class='ocrx_word' id='word_1_771' title='bbox 1085 5108 1142 5163; x_wconf 86' lang='lat' dir='ltr'><em>mei</em></span> <span class='ocrx_word' id='word_1_772' title='bbox 1153 5103 1221 5162; x_wconf 89' lang='lat' dir='ltr'><em>estis</em></span> <span class='ocrx_word' id='word_1_773' title='bbox 1229 5125 1243 5178; x_wconf 87' lang='lat'><em>,·</em></span> <span class='ocrx_word' id='word_1_774' title='bbox 1254 5113 1279 5161; x_wconf 90' lang='lat' dir='ltr'><em>et</em></span> <span class='ocrx_word' id='word_1_775' title='bbox 1291 5100 1507 5183; x_wconf 77' lang='lat' dir='ltr'><em>fundamentum,</em></span> <span class='ocrx_word' id='word_1_776' title='bbox 1519 5118 1544 5163; x_wconf 74' lang='grc' dir='ltr'><em>ιι</em></span> <span class='ocrx_word' id='word_1_777' title='bbox 1556 5103 1626 5185; x_wconf 59' lang='lat' dir='ltr'><em>lapi,</em></span> <span class='ocrx_word' id='word_1_778' title='bbox 1640 5124 1723 5184; x_wconf 39' lang='lat' dir='ltr'><strong>,ngu-</strong></span> <span class='ocrx_word' id='word_1_779' title='bbox 1734 5078 1756 5113; x_wconf 77' lang='lat' dir='ltr'><em>et</em></span> <span class='ocrx_word' id='word_1_780' title='bbox 1772 5071 1807 5115; x_wconf 73' lang='grc' dir='ltr'><em>ιο.</em></span> <span class='ocrx_word' id='word_1_781' title='bbox 1824 5067 1861 5127; x_wconf 69' lang='grc' dir='ltr'><em>ιγ.</em></span> 
     </span>
    </p>
   </div>
   <div class='ocr_carea' id='block_1_5' title="bbox 154 5280 1648 5433">
    <p class='ocr_par' dir='ltr' id='par_1_6' title="bbox 154 5280 1648 5433">
     <span class='ocr_line' id='line_1_51' title="bbox 189 5280 1118 5355; baseline 0.008 -26"><span class='ocrx_word' id='word_1_782' title='bbox 189 5297 198 5317; x_wconf 65' lang='grc' dir='ltr'>ν·</span> <span class='ocrx_word' id='word_1_783' title='bbox 217 5280 264 5330; x_wconf 81' lang='lat' dir='ltr'><em>Atii</em></span> <span class='ocrx_word' id='word_1_784' title='bbox 283 5280 390 5334; x_wconf 81' lang='lat' dir='ltr'><em>Codices</em></span> <span class='ocrx_word' id='word_1_785' title='bbox 408 5280 505 5334; x_wconf 80' lang='lat' dir='ltr'><em>habent</em></span> <span class='ocrx_word' id='word_1_786' title='bbox 524 5293 557 5348; x_wconf 76' lang='grc' dir='ltr'>μὴ</span> <span class='ocrx_word' id='word_1_787' title='bbox 577 5291 632 5351; x_wconf 72' lang='grc' dir='ltr'>ἔρισι</span> <span class='ocrx_word' id='word_1_788' title='bbox 652 5292 690 5336; x_wconf 81' lang='grc' dir='ltr'><em>καί</em></span> <span class='ocrx_word' id='word_1_789' title='bbox 708 5289 792 5346; x_wconf 75' lang='grc' dir='ltr'>ζήλοις.</span> <span class='ocrx_word' id='word_1_790' title='bbox 810 5284 867 5351; x_wconf 86' lang='lat' dir='ltr'><em>[lta</em></span> <span class='ocrx_word' id='word_1_791' title='bbox 889 5297 915 5335; x_wconf 87' lang='lat' dir='ltr'><em>et</em></span> <span class='ocrx_word' id='word_1_792' title='bbox 964 5301 990 5352; x_wconf 86' lang='lat' dir='ltr'><em>p.</em></span> <span class='ocrx_word' id='word_1_793' title='bbox 1004 5289 1062 5346; x_wconf 84' lang='grc'>699,</span> <span class='ocrx_word' id='word_1_794' title='bbox 1073 5284 1118 5355; x_wconf 82' lang='lat' dir='ltr'><em>E]</em></span> 
     </span>
     <span class='ocr_line' id='line_1_52' title="bbox 154 5360 1648 5433; baseline 0.005 -24"><span class='ocrx_word' id='word_1_795' title='bbox 154 5363 182 5409; x_wconf 85' lang='grc' dir='ltr'><em>Α-</em></span> <span class='ocrx_word' id='word_1_796' title='bbox 197 5371 222 5409; x_wconf 91' lang='lat' dir='ltr'><em>et</em></span> <span class='ocrx_word' id='word_1_797' title='bbox 234 5377 313 5428; x_wconf 76' lang='lat' dir='ltr'><em>marg.</em></span> <span class='ocrx_word' id='word_1_798' title='bbox 326 5360 402 5412; x_wconf 78' lang='lat' dir='ltr'><em>Sosii.</em></span> <span class='ocrx_word' id='word_1_799' title='bbox 422 5360 595 5429; x_wconf 75' lang='lat' dir='ltr'><em>Eemdemque</em></span> <span class='ocrx_word' id='word_1_800' title='bbox 614 5363 759 5414; x_wconf 75' lang='lat' dir='ltr'><em>varietatem</em></span> <span class='ocrx_word' id='word_1_801' title='bbox 771 5373 872 5428; x_wconf 68' lang='lat' dir='ltr'><em>praestat</em></span> <span class='ocrx_word' id='word_1_802' title='bbox 884 5366 913 5414; x_wconf 85' lang='grc' dir='ltr'><em>Α.</em></span> <span class='ocrx_word' id='word_1_803' title='bbox 997 5380 1007 5406; x_wconf 81' lang='grc' dir='ltr'><em>ι</em></span> <span class='ocrx_word' id='word_1_804' title='bbox 1025 5365 1071 5429; x_wconf 82' lang='grc' dir='ltr'><em>[Α.</em></span> <span class='ocrx_word' id='word_1_805' title='bbox 1082 5365 1185 5418; x_wconf 83' lang='lat' dir='ltr'><em>intereo</em></span> <span class='ocrx_word' id='word_1_806' title='bbox 1197 5361 1286 5413; x_wconf 88' lang='lat' dir='ltr'><em>ordine</em></span> <span class='ocrx_word' id='word_1_807' title='bbox 1298 5369 1375 5426; x_wconf 73' lang='grc' dir='ltr'>κακίας</span> <span class='ocrx_word' id='word_1_808' title='bbox 1385 5369 1469 5428; x_wconf 61' lang='lat' dir='ltr'><em>tityre,</em></span> <span class='ocrx_word' id='word_1_809' title='bbox 1481 5368 1536 5433; x_wconf 74' lang='grc' dir='ltr'>ἔργα</span> <span class='ocrx_word' id='word_1_810' title='bbox 1549 5367 1648 5432; x_wconf 65' lang='grc' dir='ltr'>ἔρισιν]</span> 
     </span>
    </p>
   </div>
   <div class='ocr_carea' id='block_1_6' title="bbox 0 0 1896 5978">
    <p class='ocr_par' dir='ltr' id='par_1_7' title="bbox 0 0 1896 5978">
     <span class='ocr_line' id='line_1_53' title="bbox 0 0 1896 5978; baseline 0 0"><span class='ocrx_word' id='word_1_811' title='bbox 0 0 1896 5978; x_wconf 95' lang='lat' dir='ltr'><em> </em></span> 
     </span>
    </p>
   </div>
  </div>
 </body>
</html>
