3742 5970
73 447 147 541 θίγω
798 450 929 499 sentit.

75 585 187 668 partus?
212 580 289 656 Quid
309 578 392 638 lacius
415 598 468 637 uon
480 576 575 636 babes.
592 576 623 637 Si
637 588 730 655 utpote
743 594 818 654 pere·
870 573 1017 652 παρθένος·
1032 573 1106 633 ούπω
1121 577 1146 632 ol
1161 571 1258 653 γάμοι,
1279 567 1356 626 euro
1370 569 1386 624 ό
1401 561 1534 644 νυμριύν·
1549 564 1591 622 καὶ
1603 563 1647 633 ἤδη

76 667 170 744 prinus
181 662 273 739 aliquo
286 658 417 736 indigeas,
438 656 529 746 accipe
555 669 582 714 et
594 654 674 730 rade,
687 668 759 713 etue
774 653 818 711 in·
870 653 1020 725 θτοκετόςς
1035 656 1094 713 Οὐκ
1115 652 1200 733 έχιις,
1218 648 1246 708 τί
1267 645 1390 726 πράξεις.
1404 645 1441 702 Εἰ
1462 642 1572 722 γρῄζεις
1590 647 1646 709 τιν’σς

76 743 235 824 tempestive
259 759 320 816 que
345 736 429 795 nescis
454 734 617 794 vaticineris.
649 739 774 793 Attamen
796 731 821 789 si
870 731 1004 803 ὣςξένος,
1017 730 1108 791 λαόὼν
1124 727 1252 810 πορεύου,
1266 725 1313 785 καί
1328 723 1371 802 μὴ
1393 722 1517 800 ἀκαίρως
1536 720 1550 778 θ
1566 714 1647 779 ονἰιιοῖ

77 822 238 901 concipiam,
254 838 287 876 ex
296 816 413 896 Joseplio
422 815 527 892 utique.
540 815 614 872 Tum
623 813 734 891 angelus
744 834 750 868 ι
761 811 821 869 Nou
871 810 918 876 δας
929 812 1087 891 προφήτευε.
1100 809 1195 888 Ὅμως
1214 809 1238 867 εἰ
1250 806 1298 864 καὶ
1314 801 1498 880 συλλήψομαι
1511 801 1581 874 νέαν,
1592 825 1648 884 παν-

77 915 105 960 te
119 899 226 978 decipio
241 920 247 952 :
266 897 325 955 Hie
345 899 399 953 erit
426 914 560 974 mugnus.
577 892 692 973 Reponit
711 890 799 967 Virgo
813 912 820 944 :
870 912 922 956 τως
935 893 964 949 ἐκ
975 898 1021 951 τοῦ
1035 889 1144 968 Ἰωσόρ.
1158 888 1212 949 Καὶ
1222 889 1237 944 θ
1248 884 1381 962 ἄγγελος,
1395 880 1434 957 μὴ
1446 883 1563 939 αἰπατιῖν·
1575 884 1648 944 θύτας

79 976 223 1050 Quomodo
237 974 370 1052 maguus?
393 993 507 1054 sponsus
522 992 598 1031 meus
614 991 716 1051 pauper
729 982 780 1038 est,
795 980 822 1026 et
872 967 948 1028 όοται
963 969 1054 1049 μέγας.
1072 967 1154 1040 Καλὴ
1168 964 1297 1047 παρθένος
1312 970 1416 1025 ’ποῖος
1439 958 1541 1036 μέγας;
1560 964 1574 1016 ό
1594 961 1648 1035 prl-

79 1077 129 1136 ego
138 1053 288 1114 admodum
301 1054 396 1132 inops:
412 1051 589 1132 possessiones
599 1071 652 1109 nou
666 1061 728 1108 sunt
740 1046 819 1122 milii,
873 1069 1011 1130 stuppeo
1028 1048 1110 1121 πένης
1124 1046 1257 1126 θπάργει,
1271 1040 1352 1120 κάγὼ
1376 1039 1441 1097 λίαν
1462 1038 1646 1136 mulii-rel-

79 1134 202 1217 pecuniis
213 1153 345 1204 caremus,
355 1151 449 1210 genere
457 1129 595 1210 oouspieui
606 1149 659 1188 nou
674 1148 779 1201 sumus,
796 1137 822 1184 et
837 1133 858 1184 b
875 1150 948 1204 ματα
967 1131 1017 1208 σύγ
1030 1128 1146 1209 ὑπάρχει
1160 1149 1219 1203 μοι,
1232 1121 1390 1204 χρημάτων
1412 1121 1648 1196 ὕστεραυμεθα,τῷ

115 1228 170 1273 stea
178 1212 213 1271 ad
224 1231 334 1270 censum
346 1210 489 1268 trahimur.
504 1208 671 1268 Didraebma
682 1207 780 1281 solvet,
798 1218 825 1264 et
873 1206 944 1286 γένει
960 1207 1007 1266 ὠν
1028 1206 1153 1284 εύσημοι,
1172 1204 1219 1263 οιαὶ
1241 1202 1310 1279 μετὰ
1332 1203 1425 1258 ταῦτα
1450 1201 1491 1263 εἷς
1506 1197 1648 1277 ἀπογραρήν

102 1293 159 1366 cis,
179 1291 241 1350 Erit
260 1289 396 1369 mugnus?
424 1288 537 1361 Desiste,
561 1286 660 1346 desiste
683 1307 699 1344 a
723 1285 825 1344 talibus
874 1285 1142 1362 Mustellinum<
1162 1286 1177 1341 ὁ
1196 1277 1377 1350 eumeleus-l<
1400 1274 1556 1337 συντελέσω
1574 1275 1604 1334 τό
1616 1276 1648 1332 δέ·

79 1371 229 1453 promissis.
256 1369 302 1429 Ait
324 1366 499 1445 angelusrld
529 1367 583 1424 uod
603 1365 693 1426 miuus
713 1377 753 1423 est
770 1383 824 1422 nou
874 1365 1001 1444 δραγμα·
1016 1364 1061 1424 καί
1071 1365 1167 1442 λέγεις,
1178 1359 1280 1421 Ἔσται
1293 1359 1401 1436 μέγαςς
1418 1358 1650 1428 [tatemerem

80 1449 186 1510 credis?
202 1446 230 1506 id
243 1446 316 1526 quod
331 1448 418 1527 majus
429 1457 469 1504 est
481 1389 550 1504 velis
564 1445 633 1503 nolis
647 1443 824 1524 aeeipezFi·
874 1448 984 1503 τοιαῦτα
997 1442 1213 1523 ὑπισχνούμενος.
1225 1438 1310 1500 Kato
1326 1437 1466 1514 ἄγγελος·
1483 1435 1513 1494 ού
1533 1433 1650 1501 πιστεύεις

81 1531 137 1588 lius
161 1527 313 1585 Altissimi
332 1529 499 1585 vocabitur.
529 1525 604 1583 Tum
628 1523 737 1603 Virgo:
762 1524 824 1583 Jam
875 1526 912 1600 τῷ
933 1521 1038 1595 ἥττονις
1061 1511 1092 1583 τό
1114 1523 1216 1600 μεῖζον,
1240 1517 1290 1576 κᾶν
1314 1517 1357 1594 μὴ
1383 1518 1482 1595 θελῃς,
1505 1512 1650 1580 αατέδεξαι·

80 1607 144 1666 binc
157 1604 281 1682 abscede,
300 1626 334 1664 ne
358 1602 452 1663 audiat
464 1603 564 1683 loseph
590 1614 616 1660 et
638 1598 825 1661 sacerdotibus
875 1600 938 1667 Υἱός
961 1600 1088 1680 Ὑψίστου
1112 1598 1285 1671 κληθήσεται.
1309 1595 1370 1655 Καὶ
1395 1600 1414 1665 ἡ
1438 1593 1585 1673 παρθένος·
1600 1594 1651 1672 άρτι

80 1685 194 1757 nuntiet,
207 1698 233 1743 et
263 1683 292 1742 ui
304 1683 429 1775 conjugio
438 1681 573 1762 privatur,
588 1680 675 1740 securi
692 1679 742 1739 tibi
765 1679 825 1737 eol-
874 1685 921 1740 τοῦ
931 1679 1003 1746 olum
1017 1680 1180 1758 μουέξελθε,
1196 1676 1234 1755 μὴ
1250 1672 1653 1754 άααύσῃθῚυια-ὴρ,αα“ιάναγ·

80 1765 138 1823 lum
150 1706 301 1837 abscindat,
315 1784 378 1840 quia
391 1781 474 1842 prope
487 1781 530 1818 me
541 1759 689 1836 alloqueris
710 1771 736 1815 et
746 1757 772 1815 in
781 1759 824 1816 lo-
874 1761 939 1838 γαλῇ
953 1768 1007 1825 τοῖς
1020 1764 1137 1838 ἱερεῦσι,
1150 1757 1222 1816 καλό
1236 1753 1451 1832 στερισκόμενος
1465 1751 1590 1828 συζυγίας
1601 1774 1653 1809 σιε-

79 1843 158 1902 ribus
171 1842 244 1901 eellae
257 1861 333 1898 meae.
348 1840 392 1897 Ex
409 1839 475 1899 caelo
489 1837 555 1896 mihi
570 1858 699 1917 sponsum
712 1837 825 1926 pollice·
874 1838 968 1918 πάρνῳ
981 1838 1103 1915 ἀποτέμῃ
1118 1836 1162 1895 τὸν
1177 1832 1314 1914 τράχηλόν
1333 1854 1400 1904 σου,
1415 1830 1514 1901 ἐπειδὴ
1532 1829 1605 1909 ἐγγύς
1616 1854 1654 1905 μοι

80 1921 139 1980 ris?
152 1940 234 1999 eequa
245 1932 340 1977 nutura
348 1917 376 1976 in
388 1917 452 1975 eaelo
464 1915 620 1996 eonjugium
630 1915 751 1996 expetit?
767 1915 825 1977 ce-
874 1919 962 1983 λαλεῖς
982 1916 1028 1975 καὶ
1047 1919 1074 1974 έν
1095 1913 1233 1995 προθύροις
1256 1911 1360 1981 κίλλης
1379 1913 1461 1987 ἐμῆς.
1486 1909 1537 1976 Ἐξ
1558 1913 1654 1989 α’νραναῦ

79 1998 158 2058 lestes
180 2018 271 2056 omues
288 1997 399 2076 spiritus
419 1995 569 2075 incorporei
585 2007 667 2053 sunt:
689 1993 826 2071 quomodo
874 1995 984 2076 νυμρίον
1006 1993 1156 2074 έπαγγέλλῃ
1180 2015 1225 2071 μοι
1249 1989 1361 2071 ρέρειν;
1382 1989 1432 2046 καὶ
1451 1986 1521 2046 ποία
1543 1987 1653 2067 ρύσιςόν

80 2078 165 2156 igitur
188 2077 344 2155 incorporea
366 2074 501 2154 corporeis
526 2073 730 2132 miscebuntur?
752 2075 826 2132 Tum
874 2075 977 2154 οὐρανῷ
985 2071 1163 2151 έπιθυμητιιιὴ
1176 2071 1264 2150 γάμου
1279 2067 1469 2141 ἐστίςΙΙάντα
1480 2067 1517 2126 τά
1527 2067 1654 2147 sumpius

80 2157 194 2236 augelus
210 2178 217 2211 τ
234 2154 279 2212 Ex
293 2174 406 2234 corpore
419 2153 608 2232 etincorporeo
623 2151 828 2210 Filiusdltissi·
874 2153 938 2212 πνε’
963 2175 1026 2226 ατα,
1038 2152 1171 2230 ἀσώματα
1190 2148 1306 2228 θπάρρει
1319 2171 1326 2184 ·
1338 2151 1401 2214 πῶς
1420 2137 1471 2205 σύν
1483 2145 1520 2205 et
1537 2145 1654 2222 άαόματσ

82 2236 122 2294 mi
136 2233 289 2294 vocabitur.
312 2237 347 2291 dt
360 2232 448 2311 Virgo
465 2255 472 2288 τ
487 2231 568 2290 Unde
588 2244 694 2311 patrem
717 2230 828 2290 habebit
877 2255 907 2310 με
936 2254 1019 2304 ,σεται
1038 2232 1161 2309 σώμασι;
1177 2229 1259 2288 Kato
1278 2226 1417 2306 άγγελος·
1433 2229 1468 2285 ἐιι
1481 2223 1602 2302 σώματος
1616 2224 1653 2282 ατί

82 2315 115 2388 is,
126 2334 206 2393 quem
221 2311 289 2371 dieis
302 2331 337 2371 ex
348 2332 391 2371 me
401 2309 588 2369 nasciturum?
598 2308 752 2389 Respondet
775 2331 829 2370 en·
877 2311 1019 2389 άσωμάτου
1034 2311 1097 2377 Υἱός
1111 2308 1239 2388 Ὑψίστου
1254 2305 1441 2376 κληθήσεται.
1465 2305 1523 2363 Καὶ
1539 2310 1557 2376 ἢ
1573 2304 1654 2384 παρόντ’·

100 2393 159 2451 elus
174 2415 181 2453 :
197 2391 256 2450 Hoc
267 2391 338 2449 enim
352 2402 403 2465 est,
420 2410 436 2448 ο
451 2389 539 2468 virgo,
552 2387 701 2447 admodum
716 2388 936 2465 mirabiwoe·
952 2389 1031 2449 πόθεν
1051 2381 1095 2449 οἷν
1116 2386 1167 2456 ἔξει
1180 2386 1303 2466 πατέρα,
1326 2387 1366 2450 ὡς
1386 2384 1499 2463 λέγεις,
1523 2388 1537 2441 ό
1557 2381 1583 2450 ἐξ
1601 2385 1655 2460 lp&

83 2413 117 2547 le,
131 2470 195 2548 quia
208 2469 299 2529 virum
314 2489 368 2528 uon
381 2489 534 2548 cognosces,
548 2481 575 2526 et
598 2467 676 2526 illum
689 2488 770 2546 quem
784 2467 828 2527 di·
842 2477 863 2522 Δ
878 2469 982 2546 μέλλων
995 2468 1145 2538 τίνιτεσθαις
1162 2464 1216 2525 Καί
1235 2468 1250 2523 ό
1265 2464 1405 2542 ἄγγελος·
1423 2469 1508 2521 τοῦτο
1526 2461 1578 2541 γάρ
1595 2466 1653 2529 ἐστι,

83 2571 114 2609 co
124 2550 174 2608 tibi
194 2549 292 2629 paries,
305 2568 337 2607 ae
350 2569 418 2628 puer
433 2548 480 2606 ille
493 2546 615 2628 pupillus
629 2567 683 2605 uon
707 2547 827 2626 reperie-
876 2547 990 2627 παρθένε
999 2593 1007 2620 ,
1016 2548 1047 2607 τό
1058 2548 1119 2606 λίαν
1133 2542 1296 2623 παράδοξον,
1308 2541 1356 2600 ὅτι
1371 2542 1464 2621 ἄνδρα
1474 2544 1507 2600 οὐ
1517 2540 1654 2619 pereae

83 2642 138 2687 tur.
155 2629 199 2688 Ex
216 2641 292 2686 utero
313 2639 362 2685 tuo
371 2625 536 2705 egredietur,
558 2639 584 2684 et
599 2625 699 2684 ostium
715 2646 768 2684 non
782 2625 828 2684 lu·
876 2625 937 2706 τέξγ
950 2627 979 2686 ὃν
992 2626 1061 2707 λέγω
1075 2648 1133 2698 σοι,
1153 2625 1229 2683 καλό
1284 2621 1330 2687 νὸς
1349 2624 1366 2679 ό
1384 2631 1455 2688 παῖς
1469 2623 1522 2701 οὐχ
1540 2619 1654 2701 εύριθόπ

83 2707 138 2781 det,
158 2705 248 2767 neeri
284 2704 404 2765 initatem
418 2706 534 2778 amittes,
550 2717 576 2763 et
589 2717 683 2763 natum
706 2703 827 2781 lactabis,
875 2728 939 2765 ται·
953 2706 999 2764 καὶ
1014 2710 1044 2765 ἐκ
1058 2704 1160 2785 μήτρας
1171 2705 1244 2774 σῆςέ
1263 2699 1430 2773 ελεύσεται,
1447 2701 1497 2758 καλ
1508 2700 1653 2759 tumtun

45 2850 62 2858 ..
83 2786 211 2846 infantem
220 2726 329 2845 iniduis
341 2786 420 2859 feres,
429 2784 571 2866 ipsumque
583 2804 614 2842 eu
635 2805 665 2841 ra
679 2782 828 2843 Cherubim
876 2785 1097 2866 οὐπαραθλίψει,
1112 2781 1159 2842 καλ
1172 2783 1203 2842 τό
1214 2773 1283 2840 εἶναι
1294 2778 1437 2861 παρθένος
1458 2778 1651 2845 ούαέπολέσιις,

48 2886 72 2918 2·
83 2866 219 2925 sedentem
235 2864 352 2927 videbis.
371 2864 441 2923 Huic
453 2884 489 2922 ex
502 2876 528 2922 te
541 2806 709 2923 naucitatis
724 2863 828 2922 Domi·
876 2863 922 2923 καὶ
936 2863 1058 2934 θηλάσεις
1070 2863 1101 2923 τό
1113 2866 1143 2922 έν
1156 2868 1203 2921 σοῦ
1214 2858 1405 2941 γεννώμενον,
1428 2858 1480 2917 καί
1498 2861 1527 2918 ἐν
1544 2858 1652 2937 ἀγκάλαις

83 2966 137 3004 nus
148 2946 228 3004 Deus
242 2945 339 3003 sedem
349 2944 552 3024 Davidputris
572 2945 629 3012 sui,
644 2955 673 3001 et
690 2946 827 3021 regnabit
877 2943 1019 3022 βαστάσιις
1031 2940 1062 3002 τό
1088 2940 1195 3042 βρέρος,
1210 2939 1257 2998 καὶ
1279 2939 1327 2998 έπλ
1351 2942 1410 2996 τῶν
1426 2938 1571 3018 Χερασόῖμ
1590 2937 1651 2996 abab

83 3029 115 3084 in
125 3023 317 3083 domelacob
334 3026 366 3081 in
384 3035 535 3093 ueternum,
554 3033 583 3080 et
596 3026 678 3102 regni
691 3024 754 3101 ejus
767 3042 826 3080 non
874 3021 1047 3099 καθεζόμενον
1064 3020 1268 3102 βλεψμῒούτῳ
1289 3021 1322 3076 ἐκ
1338 3023 1392 3077 σοῦ
1415 3019 1578 3096 γεννωμένω
1590 3016 1650 3075 δύσει

82 3108 137 3162 erit
150 3104 237 3184 finis.
265 3104 338 3161 Tum
364 3101 452 3180 Virgo
467 3125 473 3157 :
488 3100 541 3160 vel
560 3100 664 3159 invitus
690 3100 825 3179 loquendo
875 3101 998 3182 Κύριοςθ
1015 3102 1084 3167 Θεὸς
1105 3100 1150 3159 τόν
1165 3098 1254 3179 θρόνον
1270 3096 1363 3157 Δαυλδ
1378 3102 1430 3155 τοῦ
1453 3121 1556 3199 πατρος
1577 3120 1651 3168 numu,

82 3183 175 3262 lapsus
188 3202 226 3241 es.
240 3182 280 3239 Os
294 3194 372 3239 tuum
383 3193 409 3238 te
420 3192 536 3250 neursut,
550 3179 621 3239 labia
636 3194 681 3238 tua
691 3194 718 3238 te
731 3179 826 3239 redar-
874 3181 919 3240 καί
935 3180 1085 3258 βασιλεύσει
1096 3179 1139 3239 ἐπί
1154 3179 1198 3237 τὸν
1211 3167 1284 3236 οἷκον
1295 3174 1408 3235 'tube
1430 3179 1470 3243 εἰς
1488 3201 1549 3243 τους
1562 3179 1650 3246 αἰῶνας,

83 3275 188 3339 guuut;
204 3260 286 3341 paulo
299 3273 361 3318 unte
373 3258 491 3331 dicebas,
501 3260 599 3318 Filius
607 3260 639 3317 A
642 3261 759 3319 ltissimt'
771 3281 825 3318 oo·
876 3261 979 3329 καὶτῆς
993 3260 1128 3338 βασιλείας
1142 3262 1221 3317 αὐτοῦ
1234 3259 1282 3314 οὒκ
1296 3255 1382 3314 ἔσται
1398 3256 1488 3323 τέλος.
1504 3258 1556 3316 Καὶ
1568 3263 1583 3327 i,
1596 3278 1650 3331 ταρ-

83 3344 217 3412 cabitur,
239 3353 265 3397 et
281 3360 351 3397 nunc
364 3337 433 3397 dieis
446 3339 535 3396 silium
550 3339 684 3397 Davidis?
708 3338 769 3417 quis
781 3338 826 3397 bie
876 3339 947 3407 θένος
959 3363 964 3375 ·
978 3345 1029 3405 Ιὡς
1044 3343 1072 3398 οὐ
1084 3339 1176 3407 θελεις,
1188 3338 1279 3395 λαλῶν
1291 3334 1462 3401 πέπτωκας.
1476 3339 1502 3394 Τ
1505 3337 1518 3396 δ
1529 3338 1572 3395 σόν
1586 3335 1650 3410 στόμα

83 3440 170 3477 sermo
185 3419 245 3476 est?
266 3419 319 3476 Pro
337 3417 423 3475 lubitu
437 3430 483 3475 tuo
497 3431 613 3476 mentem
628 3439 713 3476 meam
728 3416 762 3475 etl
775 3437 825 3476 εει)-
876 3443 922 3479 σου
935 3428 1092 3498 κατηγορεῖ,
1105 3418 1150 3476 καί
1164 3417 1198 3474 τό
1209 3414 1289 3495 Ιχείλη
1304 3438 1357 3473 σου
1373 3414 1526 3494 γεγένηταί
1551 3440 1589 3474 σοι
1600 3414 1651 3492 lup

82 3497 141 3554 lum
156 3497 275 3572 extollis,
292 3510 318 3554 et
338 3511 428 3575 postea
442 3517 549 3554 rursum
565 3496 591 3555 in
608 3511 707 3555 terram
722 3495 825 3572 dejicis.
879 3521 925 3577 χος
938 3521 944 3534 ·
958 3498 1009 3580 πρὸ
1022 3497 1134 3580 βραχέος
1145 3496 1196 3577 γόιρ
1210 3494 1313 3573 ἔλεγες,
1333 3493 1404 3562 Υἱός
1424 3494 1559 3575 Ὑψίστου
1575 3493 1650 3565 ululi-

84 3576 134 3633 Cui
154 3575 236 3633 verbo
257 3573 375 3645 credam,
399 3573 521 3654 primone
541 3596 575 3633 au
595 3574 729 3634 secundo?
750 3575 826 3633 Dicis
880 3582 978 3637 σεταιό
1008 3577 1149 3654 εννιίιμενος
1171 3599 1177 3612 ·
1198 3574 1243 3633 καί
1266 3575 1332 3652 ἄρτι
1351 3573 1466 3651 λέγεις,
1493 3577 1557 3641 Υἱός
1577 3573 1652 3642 deaii,

83 3655 163 3727 enim,
178 3655 271 3711 Dabit
285 3654 333 3711 illi
346 3655 491 3711 Dominus
503 3655 638 3712 thronum
662 3655 766 3712 David
793 3676 825 3712 a·
880 3655 919 3723 τίς
940 3661 954 3715 ὁ
972 3660 1048 3735 λογος
1068 3648 1374 3732 οἷτοςςὌτανθελῃς,
1396 3654 1450 3723 τὴν
1466 3655 1538 3731 ἐμὴν
1559 3655 1652 3712 διάνοιαν

84 3738 136 3792 tris
155 3736 229 3813 ejus;
252 3744 280 3789 et
296 3753 327 3790 re
368 3737 378 3789 ι’
399 3735 462 3812 ejus
485 3752 544 3789 non
567 3733 713 3813 eritfiuis.
726 3676 826 3791 Nullus
844 3751 860 3796 u
880 3738 917 3801 εἰς
927 3735 1048 3817 οὐρανοὺς
1059 3736 1172 3814 ἀνάψεις·
1187 3733 1249 3792 ὅταν
1261 3731 1289 3791 δὲ
1299 3732 1391 3811 βούλῃ
1408 3734 1507 3806 παλιν,
1520 3738 1557 3802 εἰς
1566 3733 1651 3809 :lapis

83 3833 131 3870 rex
145 3811 305 3870 immortalis
321 3754 382 3880 duit,
403 3811 495 3869 nullus
510 3832 677 3870 communem
693 3811 773 3870 linem
787 3813 826 3871 el·
880 3814 1012 3892 κατάγεις.
1027 3814 1101 3895 Ποίῳ
1114 3812 1248 3874 πιστεύσω
1264 3812 1391 3890 pluere
1405 3817 1447 3892 τῷ
1471 3812 1652 3894 πρόντῳ,έ,τψ

82 3890 151 3969 sugit
171 3912 284 3952 :omnes
297 3890 403 3948 invadit
423 3911 495 3949 mors
510 3903 540 3947 ut
558 3891 680 3966 domina,
704 3912 822 3950 omnesa
880 3893 1008 3974 δευτέριρς
1024 3894 1116 3971 Αέγεις
1127 3893 1194 3971 γάρ,
1205 3889 1294 3949 Δώσει
1305 3890 1413 3969 Κύριος
1429 3895 1509 3972 αὐτῷ
1525 3895 1567 3951 τὸν
1581 3892 1651 3972 θζύνθ

83 3970 221 4028 vermibus
248 3968 401 4028 roduntur:
418 3970 509 4028 nullus
532 3990 579 4028 rex
601 3970 697 4028 inserui
719 3985 823 4049 portam
879 3973 962 4031 Δαυὶδ
984 3980 1029 4032 τοῦ
1050 3974 1149 4054 πατρὸς
1170 3975 1261 4038 αὐτοῦ,
1284 3970 1332 4027 καὶ
1350 3976 1403 4039 τῆς
1429 3973 1571 4048 βασιλείας
1592 3976 1653 4030 rito]

83 4049 177 4127 elingit
197 4073 203 4110 :
221 4049 346 4107 omuibus
363 4070 434 4107 mors
453 4048 576 4128 imperat,
590 4049 718 4108 omuesiu
734 4051 824 4130 sepul·
879 4055 925 4111 οὐκ
938 4051 1013 4111 ἔσται
1026 4054 1110 4119 τελος.
1124 4050 1217 4116 Οὐδείς
1238 4048 1378 4123 βασιλέων
1394 4051 1519 4132 ὑπῆρξεν
1534 4052 1652 4115 ἀθάνατος,

83 4128 137 4186 cris
159 4127 275 4185 custodit
298 4149 401 4189 :nemo
423 4129 481 4207 ejus
501 4129 568 4186 retia
589 4128 725 4201 transiliit,
745 4150 823 4189 uerno
878 4131 960 4196 οὐδείς
978 4134 1008 4191 τό
1028 4131 1113 4191 κοινόν
1135 4129 1208 4195 τελος
1231 4127 1341 4206 ἐξέφυγε
1364 4153 1370 4165 ·
1397 4131 1509 4195 πάντας
1533 4131 1651 4208 pellimur

83 4208 140 4285 ejus
154 4207 263 4284 laqueos
275 4207 378 4283 effugit.
398 4210 491 4266 Nonne
502 4208 568 4266 Saul
578 4221 700 4266 mortuus
713 4221 761 4277 est,
775 4209 822 4286 qui
878 4210 1004 4284 θάνατος,
1016 4215 1051 4276 di<
1066 4210 1212 4280 δεσπότης·
1226 4206 1330 4274 πάντας
1345 4209 1542 4286 λογοθετοῦσιν
1561 4215 1583 4268 οἱ
1596 4208 1650 4269 σιω

83 4286 187 4365 primus
202 4285 275 4363 regni
289 4285 413 4344 diadema
429 4286 550 4365 accepit?
574 4308 660 4345 nonne
672 4287 764 4344 David
775 4288 821 4365 qui
877 4290 972 4361 ληκες·
986 4291 1069 4357 οὐδεὶς
1091 4287 1221 4367 βασιλέων
1242 4285 1286 4343 τὸν
1306 4291 1358 4342 τοῦ
1382 4288 1451 4369 ᾅδου
1479 4291 1589 4347 πυλῶνα
1610 4287 1651 4345 διέ-

82 4378 180 4422 unctus
193 4386 227 4422 ex
244 4386 327 4422 cornu
341 4366 392 4422 olei
404 4365 587 4423 manifestatus
601 4366 819 4426 estinonueb'a-
876 4392 940 4447 ρυγε
961 4394 966 4406 ·
986 4369 1086 4435 πάντας
1111 4376 1216 4449 κρατεῖ,
1236 4365 1342 4430 πάντας
1370 4369 1399 4425 ἐν
1421 4368 1524 4446 τάροις
1545 4376 1650 4447 ρρονρεῐ·

83 4442 156 4501 muel
166 4464 260 4518 regum
271 4457 356 4522 pater,
368 4444 413 4519 qui
426 4444 571 4522 pereleum
584 4466 645 4502 eum
660 4445 707 4523 qui
723 4445 823 4524 diguus
876 4449 959 4513 οὐδείς
971 4448 1069 4508 ἐκείνου
1086 4447 1235 4526 ὑπερήλατο
1260 4443 1377 4517 δίκτυα,
1399 4448 1491 4511 οὐδεὶς
1504 4449 1552 4512 τὰς
1569 4447 1649 4506 ἐκείνου

82 4537 139 4579 erat
153 4521 290 4580 indicabat
303 4536 328 4580 et
345 4521 486 4599 indignum
496 4524 632 4601 pellebat?
646 4545 732 4583 nonne
745 4527 820 4584 Salu-
875 4527 989 4606 παγίδας
1003 4527 1122 4608 ἐξέφυγεν
1135 4549 1141 4562 ·
1161 4530 1190 4583 οὐ
1206 4522 1296 4583 Σαοὺλ
1310 4526 1326 4579 b
1340 4531 1457 4605 πρῶτος
1472 4527 1650 4605 ε’γκαινίταςτδ

82 4622 143 4660 mou
158 4602 378 4681 sapientissimus,
402 4601 448 4678 quii
468 4623 516 4680 per
529 4603 652 4695 gladium
675 4605 820 4663 meretricis
875 4612 922 4678 τῆς
937 4608 1071 4684 βασιλείας
1091 4606 1216 4680 διάδημα·
1229 4606 1258 4661 οὐ
1278 4604 1369 4660 naute
1390 4609 1405 4662 ὁ
1420 4606 1477 4664 ὑπὸ
1490 4606 1597 4684 κέρατος
1612 4630 1649 4683 ρα-

83 4681 221 4739 mendacia
239 4679 398 4757 redarguit?
420 4701 506 4738 noune
521 4681 657 4757 lszechias,
671 4684 717 4760 qui
732 4685 821 4764 laery-
875 4686 1014 4765 νερωθείς·
1029 4690 1058 4745 οὐ
1078 4682 1207 4761 Σαμουὴλ
1220 4687 1234 4740 ὁ
1247 4687 1300 4740 τῶν
1317 4684 1462 4759 βασιλέων
1487 4686 1560 4754 πατέ,
1579 4691 1608 4757 ,ό
1623 4686 1648 4741 δι’

82 4761 133 4817 mis
144 4759 237 4819 mortis
252 4760 409 4818 sententiam
420 4759 537 4818 avertit?
556 4776 581 4819 et
599 4762 733 4838 quomodo
747 4763 821 4820 lilius
875 4765 962 4824 ἐλαίου
975 4765 1106 4846 γνωρίζων
1118 4764 1162 4822 τόν
1177 4761 1261 4833 ἄξιον,
1275 4761 1322 4819 καὶ
1334 4763 1537 4840 ἀπωθούμενος
1550 4790 1590 4823 τον
1601 4763 1649 4822 διό·

82 4860 157 4897 meus
176 4839 298 4916 regnabit
309 4839 336 4897 iu
354 4839 503 4897 eternum?
521 4841 672 4920 Respondet
686 4842 817 4921 augelus:
875 4843 943 4911 ξιον·
962 4848 1036 4923 eope
1057 4840 1183 4918 Ῡωλομὼν
1197 4845 1211 4899 ό
1227 4838 1406 4919 σορώτατος,
1436 4848 1452 4901 ό
1472 4845 1518 4902 δια
1534 4845 1649 4922 μαχαίρας

81 4917 437 4994 lloeeuimest,llluriu,stu
458 4920 558 4978 endum
568 4921 737 5000 mysterium,
747 4921 819 4999 quod
837 4947 856 4994 c
875 4924 979 5002 ἐλέγξας
999 4912 1047 4994 τῆς
1068 4924 1165 5001 πόρνης
1184 4919 1218 4978 rt
1241 4918 1390 4998 ψεύσματα
1404 4946 1411 4958 ·
1424 4926 1477 4981 οὐκ
1497 4913 1649 4991 Ἑζεκίας,ό

81 5018 171 5055 omues
185 4998 283 5056 mortui
301 4997 364 5069 sint,
382 5010 407 5055 et
424 4941 497 5056 filius
510 5011 573 5058 tuus
590 5015 703 5059 mortem
720 5001 753 5058 sit
777 5001 817 5058 ri·
876 5003 1000 5085 δάκρυσιν
1028 5000 1175 5082 ἀνατρέψας
1195 4999 1308 5057 θανάτου
1330 5001 1495 5082 ἀπόκρισιν.
1515 5004 1567 5062 Καὶ
1582 5003 1648 5065 arisi

118 5177 228 5241 ¹[Suvil.
242 5189 268 5231 ία.
285 5185 312 5237 ὡς
324 5185 361 5230 οδε
372 5181 443 5239 'llu'ld
458 5184 524 5245 lull
