3728 5978
528 453 560 500 ιιι
588 451 679 500 ιοινι
704 447 964 496 unosuouonuu.
992 448 1111 498 noun.
1140 451 1165 498 1.
1589 428 1630 497 ιδ

11 532 18 543 ⁵
64 573 152 650 θιγάρ
175 575 263 645 ἐστιν,
277 573 328 632 oin
349 572 422 633 ἔστιν
436 572 511 633 οῦδὲν
533 574 696 655 ἁμάρτημα,
710 572 756 631 καὶ
769 570 831 630 eet·
884 568 995 629 admisit
1008 569 1083 631 :haec
1096 592 1146 652 per
1154 572 1293 632 lavacrum
1305 570 1500 631 remissasunt.
1515 570 1631 632 Nullum

64 665 120 741 όνμα
130 710 138 737 ,
149 665 219 743 άπερ
230 667 282 724 οὐκ
296 664 366 724 είκει
381 665 428 724 καὶ
437 674 593 748 παραχωρεῖ
605 669 639 745 τῇ
654 666 740 745 δωρεᾷ
753 686 759 699 ·
775 661 832 722 θεία
883 661 986 742 quippe
996 675 1056 740 est,
1069 663 1176 724 nullum
1188 677 1228 724 est
1240 676 1310 724 certe
1319 675 1475 745 peecatum,
1492 662 1568 723 nulle
1580 664 1631 725 im·

64 756 101 834 γάρ
116 759 184 814 ἐστιν
196 759 216 825 ἡ
228 755 327 836 χάρις.
351 756 440 817 Πάλιν
460 755 600 837 ἐμοίχεισί
614 781 654 825 τις
669 755 716 816 καὶ
729 754 831 836 ἐρόνεν-
883 757 986 838 pietas,
1000 778 1061 837 quae
1075 758 1141 818 huic
1151 759 1224 820 dono
1237 779 1290 819 non
1307 756 1383 818 cedet
1402 780 1410 815 ι
1424 755 1518 818 divina
1529 757 1632 838 tpuippe

64 870 107 906 τιν’
125 851 142 917 ἡ
158 845 209 924 μὲν
230 847 358 930 προτέρα
387 849 495 928 μοιχεία
515 849 638 923 λέλυται,
661 848 737 908 καὶό
757 846 833 930 ρόνος
848 856 867 904 B
885 863 925 908 est
938 850 1033 928 gratia.
1048 853 1169 911 Rursum
1179 851 1328 911 moeehatus
1344 849 1495 929 estquiset
1508 848 1629 910 occidit:

63 942 140 1004 ἐκεῖνος
152 938 389 1020 συγκεχώρηται,
399 940 446 1000 καί
462 942 509 999 οὔκ
524 943 693 999 ἀνακαλεῖται
705 939 833 1018 (Ἀμετα-
882 939 1004 1019 primum
1014 941 1126 1021 quidem
1139 941 1305 1003 adulterium
1314 940 1434 1001 solutum
1445 954 1499 1018 est,
1509 954 1536 1000 et
1546 939 1633 1001 cedes

63 1031 147 1107 μιλητα
159 1029 214 1109 γάρ
231 1030 270 1090 τὰ
292 1032 470 1112 χαρίσματα,
482 1033 556 1105 καὶὴ
568 1035 662 1103 ιιλῆσις
676 1036 722 1090 τοῦ
736 1029 832 1109 Θεῶ)·
883 1032 1044 1113 condonate,
1062 1056 1150 1114 neque
1170 1048 1311 1097 revocatur
1326 1059 1334 1092 ι
1351 1037 1441 1094 Dona
1452 1033 1554 1116 quippe
1574 1035 1709 1096 Deistom.
1728 1061 1765 1095 ιι.

63 1121 153 1202 tepet
170 1125 226 1181 τῶν
242 1123 320 1201 μετὰ
338 1123 371 1183 τὸ
391 1123 531 1203 βάπτισμα
543 1123 675 1197 τοσαύτην
690 1121 833 1203 ’διδόαμεν
883 1137 912 1183 et
926 1131 1045 1186 vocatio
1061 1131 1123 1209 ejus
1136 1140 1207 1188 sunt
1225 1131 1290 1189 sine
1305 1129 1488 1208 poenitentia.
1509 1124 1564 1186 Sed
1581 1147 1630 1207 pro
1640 1124 1679 1172 ²9·

62 1214 131 1288 ῑίιην,
144 1214 210 1287 ὅσην
225 1215 262 1273 ἂν
279 1219 305 1275 el
330 1215 379 1275 καὶ
397 1219 486 1276 ἐκεῖνα
505 1215 652 1290 ἀνεκλήθη,
675 1215 722 1275 καὶ
743 1215 834 1294 πολλῷ
884 1215 934 1295 lin,
949 1239 1010 1296 quae
1023 1232 1083 1300 post
1100 1219 1267 1300 baptismum
1281 1230 1433 1301 perpetrata
1451 1231 1528 1290 sunt,
1543 1231 1632 1278 tantas

62 1308 163 1388 χείρονα
173 1306 282 1368 Οὐκέτι
295 1306 352 1392 γάρ
362 1309 463 1368 ἁπλοῦν
475 1311 532 1369 ἐστι
544 1308 574 1368 τὸ
588 1308 749 1389 ἁμάρτημα,
764 1305 835 1367 ἀλλά
883 1307 980 1368 damus
993 1331 1098 1390 poenas,
1112 1325 1225 1391 quantes
1245 1311 1269 1372 si
1287 1310 1336 1370 illu
1357 1322 1481 1372 revocata
1495 1329 1549 1370 non
1562 1310 1632 1371 fuis·

64 1401 169 1474 διπλωῖν,
188 1400 236 1459 καὶ
250 1402 396 1481 τριπλοῦν.
408 1398 476 1462 Ὅτι
497 1401 525 1462 δὲ
545 1401 640 1481 μείζων
663 1398 761 1460 τούτων
781 1403 835 1458 τῶν
884 1413 957 1474 sent,
972 1400 1027 1460 imo
1040 1401 1120 1482 longe
1131 1404 1256 1484 majores.
1276 1404 1337 1463 Non
1355 1401 1426 1461 enim
1443 1402 1502 1482 jam
1515 1400 1634 1483 simplex

64 1493 256 1573 ἁμαρτημάτων
269 1499 288 1566 ἡ
303 1492 383 1567 δίκη,
402 1493 521 1569 diesem,
540 1494 570 1553 τί
591 1517 670 1608 ρησιν
684 1494 833 1560 όΠαῦλος·
882 1504 923 1551 est
943 1507 1104 1573 peecatum,
1124 1494 1174 1555 sed
1195 1495 1301 1577 duplex
1316 1507 1343 1554 et
1353 1494 1463 1574 triplex.
1479 1492 1562 1567 Quod
1581 1514 1635 1552 au-

65 1590 191 1656 επσας
201 1609 246 1652 τις
265 1585 352 1664 νόμον
366 1585 521 1662 Μωῦσέως,
535 1586 618 1669 χωρὶς
631 1588 776 1669 οἰκτιρμῶν
791 1585 834 1646 ἐπὶ
883 1599 938 1645 tem
961 1586 1060 1647 horum
1084 1590 1171 1669 major
1197 1590 1235 1649 sit
1264 1588 1355 1663 ultio,
1376 1584 1442 1646 audi
1471 1584 1539 1665 quid
1560 1585 1634 1647 dicet

62 1676 122 1736 δυσὶν
145 1676 165 1747 ἢ
188 1701 269 1757 τρισι
294 1678 426 1761 μάραισιν
446 1679 622 1750 ἀποθνήσκει·
644 1676 720 1759 πόαιρ
735 1679 835 1739 δοκεῖτε
884 1679 1009 1740 Paulus:
1027 1684 1150 1742 Irritam
1165 1687 1230 1764 quis
1254 1683 1372 1762 faciens
1386 1681 1478 1761 legem
1493 1683 1631 1757 Moysis,
1642 1690 1712 1739 lietr.
1729 1705 1764 1738 ιο.

61 1769 165 1848 χείρονος
182 1769 368 1843 ἀξιωθήσεται
382 1771 512 1855 τιμωρίας
531 1772 601 1832 δτον
624 1768 688 1830 itti
701 1779 746 1832 τοῦ
762 1773 834 1832 Θεοῦ
882 1776 946 1831 sine
966 1773 1031 1833 ιιίίιι
1054 1776 1256 1835 misericordia
1270 1776 1384 1835 duobus
1400 1774 1452 1833 vel
1475 1777 1566 1835 tribus
1586 1726 1680 1835 te-²⁸·'
1693 1767 1733 1816 ²⁹¹

61 1860 263 1937 καταπατήσας,
275 1863 326 1922 καὶ
336 1888 366 1923 το
353 1855 496 1943 αἷμα
463 1888 511 1937 της
527 1864 748 1937 διαθήκηςκοινον
761 1868 833 1944 ήγη-
848 1869 977 1927 cetibus
999 1872 1142 1927 moritur:
1165 1881 1279 1949 quanto
1301 1872 1395 1949 magis
1416 1871 1529 1949 putatis
1555 1869 1633 1929 dete-

63 1954 176 2030 σάμενος,
186 1956 236 2015 καὶ
250 1957 284 2016 τὸ
295 1963 401 2034 πνεῦμα
413 1955 464 2028 τῆξ
473 1957 582 2037 χάριτος
594 1956 834 2038 ἔνυόρίσαςςΤάχα
882 1961 963 2017 riora
978 1964 1083 2019 mereri
1102 1960 1248 2041 supplicia
1275 1965 1328 2042 qui
1352 1961 1467 2019 Filium
1483 1962 1542 2019 Dei
1562 1982 1633 2021 con·

62 2047 159 2114 πάλῶς
181 2049 381 2132 ἀνεστρέψαμεν
394 2054 440 2109 νῦν
452 2051 543 2110 λαθεῖν
556 2050 588 2110 τό
603 2049 750 2129 θάπτισμα.
761 2049 832 2110 Ἀλλ’
881 2051 1058 2131 calcaverit,
1076 2066 1104 2114 et
1119 2057 1292 2134 sanguinem
1308 2057 1475 2114 testamenti
1483 2054 1633 2134 pollutum

62 2140 495 2225 ἀδιάταῦτοταῦταεῖρήκαμεν,
509 2144 567 2202 ἀλλ’
579 2141 757 2212 ίναλαόόντες
771 2142 833 2223 μεί-
881 2143 1013 2216 dinero,
1032 2157 1062 2204 et
1076 2150 1192 2226 spiritui
1203 2149 1308 2227 gratie
1322 2146 1531 2206 contumeliam
1541 2148 1632 2229 sece-

62 2255 128 2290 νωσιν
141 2239 169 2293 ἓν
184 2234 351 2345 σωφροσύνῃ
371 2235 418 2294 καὶ
437 2233 567 2314 ἐπιεικεία
584 2237 680 2316 πολλῇ
693 2235 773 2296 Ἀλλά
787 2234 832 2296 δί-
881 2236 948 2294 rit?
967 2236 1090 2297 Fortasse
1111 2237 1210 2297 multos
1223 2237 1393 2315 avertimus,
1417 2258 1451 2297 ne
1468 2258 1541 2297 nunc
1560 2237 1632 2298 neci·
1700 2242 1748 2287 con
1750 2251 1783 2286 tn

63 2325 125 2382 δατ
129 2327 251 2406 mein.
269 2329 305 2388 Et
317 2325 606 2402 ἐσιδοίκεις,ίλαόες
592 2352 623 2387 αν
638 2328 683 2387 καὶ
694 2326 833 2409 ἐφυλαξας
882 2326 958 2407 pient
977 2319 1123 2410 baptisma.
1135 2332 1240 2394 Verum
1258 2330 1439 2391 nonhaecilla
1455 2329 1633 2392 deceusadi·
1621 2320 1731 2427 -Ρῖηξω
1725 2305 1786 2411 ii}

62 2415 158 2476 Ἀλλὰ
142 2422 177 2476 οι
196 2422 267 2478 αοτο
253 2411 376 2496 ἱ’ίμὶν
345 2443 389 2479 ουν
401 2423 478 2478 τοῦτο
488 2442 518 2479 ου
506 2418 665 2497 ’λαμόάνω
673 2466 683 2495 ,
696 2420 776 2501 φησι,
789 2419 832 2482 διά
882 2419 985 2494 ximus,
991 2421 1372 2505 sedutquijcmacccperunt,
1382 2423 1677 2486 inmultemaneuntier
1678 2432 1734 2476 tub·
1735 2439 1752 2474 t·

61 2510 155 2588 :tepet
144 2517 245 2570 εῖσθαι.
263 2511 342 2573 Τοδὲ
356 2510 440 2581 οὕτως
454 2513 614 2572 ἀπελθεῖν
588 2535 619 2571 ον
633 2513 765 2588 δίδοικαςς
779 2516 833 2575 Φι-
881 2515 1057 2596 temperantia
1067 2529 1094 2576 et
1106 2515 1248 2576 modestia
1261 2519 1297 2576 At
1309 2531 1417 2592 metuo,
1436 2517 1510 2577 ducet
1522 2516 1632 2598 ahquts

61 2603 205 2683 λίνιρωπός
222 2607 301 2680 ἐστι,
324 2605 413 2684 φησιν,
424 2610 439 2665 θ
452 2604 530 2673 Θεός.
544 2607 647 2665 θίιιιοῦν
657 2604 725 2666 λάθε
741 2606 832 2692 τθβά-
882 2606 912 2666 Si
922 2621 1066 2683 metueres,
1078 2608 1224 2689 accepisses
1231 2608 1506 2687 utiqueetscrvesses.
1517 2613 1633 2687 Verum,
1672 2665 1673 2669 ,

61 2718 162 2774 ττισμα·
173 2697 366 2777 φιλάνθρωπος
376 2698 428 2777 γάρ
440 2699 552 2758 ἐστικαὶ
562 2696 709 2777 βοηθεῖΣθ
722 2697 759 2774 δὲ,
770 2697 831 2759 ἔνθα
881 2698 1000 2779 inquies,
1014 2721 1044 2758 ea
1063 2700 1121 2781 ipsa
1135 2699 1171 2760 de
1186 2721 1266 2760 causa
1280 2721 1333 2760 non
1353 2700 1471 2784 accipio,
1485 2701 1559 2779 quod
1574 2722 1634 2761 me-

61 2785 100 2861 μὲν
115 2787 145 2846 ἀν
158 2789 206 2869 δέν),
222 2789 395 2863 σπουδάσαι,
415 2792 444 2850 οὗ
459 2790 598 2871 προόάλλῃ
612 2790 661 2863 τήν
681 2792 831 2873 φιλανθρω·
879 2805 966 2852 tuam.
984 2796 1080 2857 Annon
1097 2793 1195 2853 metuis
1213 2793 1252 2852 sic
1274 2814 1310 2853 ex
1330 2792 1381 2851 hac
1401 2791 1459 2851 vite
1481 2792 1632 2855 decedere?

60 2879 112 2936 τίαν
122 2881 241 2953 ταύτην·
258 2880 323 2941 ἔνθα
332 2883 356 2941 δ’
370 2880 402 2942 ἀν
414 2882 491 2964 θέλῃς
504 2882 683 2944 ἀναόαλίσθαι
692 2928 700 2957 ,
710 2884 772 2944 τότε
786 2889 831 2946 αθ·
881 2883 1017 2959 Clemens,
1028 2883 1129 2963 inquit,
1139 2898 1180 2944 est
1189 2886 1273 2945 Deus.
1284 2883 1373 2964 igitur
1383 2883 1476 2964 accipe
1484 2883 1630 2965 baptisma:

60 2975 98 3041 tit
109 2973 250 3050 μέμνησαι
260 2999 267 3012 ·
277 2974 531 3056 καίτοιτότικαιρὸν
541 2973 573 3033 ἀν
586 2973 644 3056 iqui
654 2981 671 3047 ἡ
683 2978 831 3060 ριλανθρω·
845 2991 866 3038 n
881 2975 997 3036 clemens
1007 2976 1079 3036 enim
1090 2991 1130 3037 est
1141 2991 1168 3037 et
1179 2976 1340 3058 opituletur.
1357 2976 1402 3036 Tu
1414 2997 1477 3037 vero
1491 2976 1539 3036 ubi
1552 2999 1633 3059 opor·

60 3065 194 3140 πῖιαθτις,
208 3065 260 3125 καὶ
274 3069 377 3144 μᾶλλον
392 3070 473 3138 αὐτῆς
489 3066 693 3146 ἔπιτευξόμεθα,
707 3069 769 3128 όταν
784 3069 830 3130 και
880 3081 947 3128 tetet
957 3066 1077 3128 studiose
1090 3088 1250 3148 rentegere,
1265 3067 1342 3127 illam
1356 3089 1410 3127 non
1424 3067 1632 3148 pretendisele·

60 3156 183 3238 τίταρ”
171 3164 279 3219 εαυτῶν
294 3158 496 3238 εἰσενέγκωμεν.
507 3158 603 3239 ‘Opis
616 3161 831 3240 γάρτδπᾶνέπὶ
881 3158 1028 3238 mentiam3
1042 3159 1092 3219 ubi
1105 3181 1169 3220 vero
1183 3159 1397 3240 differreoptes,
1409 3173 1473 3218 tunc
1486 3159 1563 3219 illam
1578 3161 1632 3220 cle·
1686 3156 1689 3161 ’

59 3248 93 3304 tir
106 3251 174 3310 θεὸν
192 3251 292 3332 ῥίψας,
308 3275 354 3310 και
342 3250 437 3330 μετά
450 3251 482 3311 τδ
505 3250 646 3332 βάπτισμα
669 3253 831 3335 ἁμαρτάνων
881 3251 1010 3311 mentium
1024 3273 1166 3312 memores.
1181 3252 1264 3331 utqui
1278 3265 1343 3312 tunc
1359 3265 1464 3332 tempus
1477 3266 1545 3312 esset
1558 3266 1632 3314 uten-

60 3331 92 3396 οἷα
109 3366 176 3409 ειαος
192 3342 370 3424 ἄνθρωπον
354 3366 432 3416 οντα,
447 3346 581 3421 μετανοῶν
605 3344 722 3414 τεύξεται
734 3350 830 3426 ριλαν-
881 3343 912 3403 di
924 3344 972 3403 illa
983 3343 1137 3421 clementia,
1150 3358 1232 3423 etque
1245 3343 1322 3403 illem
1337 3359 1397 3403 tum
1413 3343 1499 3424 magis
1509 3365 1633 3423 asseque-

60 3432 182 3507 θρωτίτς·
204 3432 304 3492 όάὲ’
282 3458 376 3513 ωσπερ
392 3434 561 3515 σοφιζόμενος
572 3460 618 3497 του
601 3439 703 3498 ”Oeen
714 3436 764 3510 τήν
783 3462 829 3520 qt·
882 3456 952 3512 mur,
963 3457 1139 3515 cumeequae
1149 3457 1227 3516 penes
1236 3435 1514 3494 nossunteiicremus
1524 3435 1632 3498 Etenim

60 3523 391 3602 λπνθρωπιαν,ἀπελθων
373 3549 482 3608 αμοιρος
492 3530 540 3597 τῆς
552 3527 672 3610 χάριτος,
681 3530 830 3610 ἀπαραίτη-
880 3525 920 3604 is,
937 3526 986 3605 qui
1000 3527 1091 3587 omnia
1110 3529 1138 3587 in
1151 3529 1241 3586 Deum
1261 3525 1365 3608 rejicit,
1377 3539 1404 3585 et
1421 3541 1483 3607 post
1495 3528 1632 3608 baptisma

60 3638 93 3673 τον
105 3615 155 3684 ἔξει
173 3618 227 3690 τὴν
239 3617 385 3698 τιμωρίαν.
397 3618 434 3677 Τί
448 3616 476 3678 δὲ
490 3626 600 3678 τοιαῦτα
611 3619 681 3680 κατά
690 3626 739 3693 τῆς
753 3645 831 3682 σεαυ-
881 3632 973 3696 peccat
987 3632 1081 3700 utpote
1092 3618 1188 3697 homo,
1204 3640 1253 3699 per
1262 3619 1450 3700 poenitentiam
1461 3619 1538 3679 venie
1549 3620 1632 3680 dona·

60 3714 94 3767 τοῦ
108 3712 244 3791 σωτηρίας
257 3712 418 3791 πραόάλλῃ,
432 3711 582 3794 Ἀμήχανον
602 3712 668 3795 γὰρ,
682 3716 831 3796 ἀμήχανον,
879 3708 956 3769 bitur
980 3733 987 3767 ι
1012 3711 1060 3788 qui
1075 3732 1140 3772 vero
1154 3710 1190 3770 de
1203 3710 1255 3769 Dei
1276 3709 1418 3769 clementie
1437 3711 1516 3790 quasi
1536 3727 1633 3792 argute

60 3803 178 3883 ὣςέγωγε
191 3796 287 3882 οἶμαι,
298 3802 343 3862 τὸν
356 3803 490 3873 τοιαύταις
501 3805 605 3866 ἐλπίσιν
617 3807 831 3887 άναῦαλλόμενον
880 3801 938 3881 agli
946 3846 956 3879 ‚
980 3801 1005 3860 sl
1025 3803 1119 3881 gratio
1132 3823 1230 3883 expers
1250 3800 1315 3860 hinc
1327 3800 1439 3861 decedat
1447 3847 1457 3878 ,
1479 3802 1631 3866 inevitabili

60 3895 213 3973 ἐργάσασθαί
230 3920 259 3955 τι
272 3905 390 3976 γενναῖον
406 3897 453 3958 και
467 3899 574 3976 ἀγαθὸν.
589 3898 629 3959 nt
651 3899 678 3959 δὲ
700 3902 756 3959 ἀνθ’
769 3898 829 3961 ότου
847 3919 865 3965 ε
881 3892 1017 3974 supplicio
1025 3892 1165 3975 plectetur.
1180 3894 1236 3952 Cur
1248 3905 1338 3951 eutem
1346 3893 1404 3952 haec
1417 3892 1548 3953 adversus
1557 3895 1630 3954 salu-

60 3995 168 4046 τοιοῦτον
179 3988 265 4069 pido
277 3990 410 4070 ἀναδέχῃ,
424 3990 470 4049 και
483 3991 514 4050 τὸ
527 3990 625 4063 άδηλον
633 3998 679 4051 τοῦ
691 3992 830 4070 μέλλοντας
881 4002 935 4047 tem
946 4002 1020 4047 tuam
1029 3987 1191 4068 pretendis?
1199 3986 1370 4067 impossibile
1379 3989 1452 4047 enim
1465 4001 1519 4066 est,
1528 3988 1629 4071 impos·

59 4080 206 4159 τρίηλλῃ,
232 4079 306 4139 emt
330 4080 367 4159 μή
389 4082 564 4160 μεταόάλλεις
582 4084 627 4144 τὸν
642 4083 721 4164 ρόάον
739 4093 829 4147 τοῦτον
877 4080 1130 4162 sibileutputoest,
1140 4100 1218 4154 eum,
1233 4078 1280 4156 qui
1290 4078 1338 4138 tali
1354 4101 1403 4162 spe
1418 4081 1504 4140 fultus
1513 4081 1629 4163 dilleret,

60 4173 87 4236 tit
96 4172 173 4233 πόνοι
187 4172 238 4232 καὶ
252 4173 381 4249 σπουδήν,
402 4173 434 4233 ἵν’
447 4173 494 4255 lep
509 4175 592 4255 μέγας
605 4176 650 4236 καὶ
665 4177 829 4256 θαυμαστός,
877 4189 1018 4235 strenuum
1028 4172 1096 4253 quid
1103 4172 1255 4232 autbonum
1264 4173 1379 4252 operari.
1388 4174 1505 4256 Tuvero
1515 4196 1564 4235 cur
1572 4190 1630 4237 ten·

59 4265 207 4342 τίβελτιον,
228 4264 412 4344 ροόεῖσθαι,ἣ
395 4267 530 4342 ἣπονεῖν,
551 4267 587 4328 Εἴ
602 4292 643 4336 τις
664 4292 693 4329 σε
707 4271 826 4331 ἐκάθισεν
877 4287 937 4332 tum
950 4282 1052 4328 metum
1061 4268 1189 4348 suscipis,
1200 4280 1227 4326 et
1241 4265 1373 4326 incertum
1383 4268 1506 4327 futurum
1517 4286 1630 4351 preten-

59 4356 98 4416 ’ἐν
109 4360 173 4440 einp
188 4359 358 4434 πεπρνηιιάτι
376 4365 518 4442 ἀργοῦντα,
530 4361 621 4435 ειπων,
636 4361 677 4422 ότι
691 4364 827 4444 προσδόκα
876 4360 937 4421 disi
946 4382 994 4421 cur
1000 4381 1054 4420 non
1061 4374 1161 4421 metum
1170 4358 1288 4419 illumin
1297 4358 1417 4419 laborem
1424 4374 1451 4418 et
1459 4359 1629 4441 dthgenuam

57 4452 140 4509 ιιι
112 4477 159 4525 την
175 4451 230 4524 σήν
251 4451 371 4534 κεφαλήν
393 4459 529 4515 πεσεῖσθαι
549 4455 598 4528 τήν
616 4454 713 4536 ὀροφήν
727 4460 793 4537 σαθρ
795 4455 826 4516 ἀν
878 4451 1569 4533 mutes‚utsismagnusetmirebilis?utrummelius
1577 4471 1627 4535 est,

56 4533 148 4619 αἷσιν(
138 4547 216 4619 (ἴσως
231 4544 282 4624 μὲν
296 4544 350 4626 γάρ
363 4554 493 4618 πεσεῖται,
505 4546 584 4615 *ἴσως
598 4545 664 4606 δὲ’
638 4571 668 4607 ου
682 4549 826 4626 πεσεῖται)·
878 4547 983 4624 timere,
1003 4566 1037 4605 an
1049 4545 1192 4606 laborare?
1205 4545 1236 4605 Si
1246 4545 1309 4624 quis
1320 4559 1348 4605 te
1359 4545 1501 4607 collocaret
1513 4547 1629 4610 otiosum

55 4638 109 4697 εἰδὲ
123 4639 160 4755 μὴ
175 4646 255 4699 τοῦτο
270 4638 369 4713 θελεις,
387 4636 505 4719 ἐργάζω,
521 4639 636 4700 καὶτὸν
592 4640 854 4743 τονάσραλέστε-
879 4638 908 4698 in
925 4637 1006 4698 domo
1030 4637 1115 4697 ruinae
1133 4638 1275 4720 proxima,
1296 4637 1465 4719 diceretque,
1491 4639 1628 4723 Exspecto

56 4754 91 4809 ρον
111 4756 178 4792 οοιει
204 4731 339 4808 θάλαμον·
332 4730 408 4789 ·τί
394 4754 425 4789 αν
444 4729 515 4790 εἵλου
530 4733 649 4810 μᾶλλον,
662 4732 712 4805 τήν
734 4703 854 4814 ἀργίαν1
845 4703 965 4806 Λάοιιοι
976 4731 1204 4812 contignatiojnm
1220 4731 1309 4813 putris
1324 4732 1351 4791 in
1367 4747 1449 4836 ceput
1463 4746 1539 4793 tuum
1552 4734 1629 4794 cadat

56 4826 144 4898 ἐκείνην
161 4849 232 4905 μετα
242 4848 291 4883 σου
273 4822 404 4903 ‘eddom
418 4821 496 4895 ήτλν
506 4824 631 4905 ἐργασίαν
645 4824 744 4898 ταύτην
760 4825 828 4904 μετά
880 4830 955 4900 nam
966 4825 1035 4895 [orte
1047 4823 1136 4902 cadet,
1148 4823 1433 4904 sortenoncedet),
1411 4846 1518 4885 sennen
1530 4827 1628 4907 placet,

54 4941 92 4977 ται
77 4921 226 5001 όαρ·ῥεῖν;
241 4919 350 4976 Οὐκοῦν
365 4913 438 4975 οθτω
451 4915 554 4976 καίνων
568 4916 648 4977 ποίει.
661 4915 702 4978 Τ
714 4916 762 4996 μιν
776 4917 829 5000 γὰρ
880 4940 1002 5000 operare,
1016 4931 1042 4979 et
1061 4919 1089 4978 in
1104 4917 1202 4978 tutiore
1217 4916 1310 4978 habita
1324 4917 1442 4978 thalamo
1453 4942 1460 4974 ι
1472 4932 1564 4981 utrum
1578 4943 1627 5002 po·

84 5113 92 5134 ·
107 5095 180 5146 snit.
192 5108 217 5147 et
229 5091 299 5147 cod.
314 5108 382 5142 unus
393 5095 469 5144 δίδωτι
481 5094 549 5150 δίκην.
899 5092 913 5120 *
930 5091 1035 5163 [verbm
1047 5103 1098 5153 ῖαως
1110 5098 1133 5147 δι
1145 5099 1169 5147 οὐ
1182 5104 1295 5156 πεσεῖται,
1304 5109 1317 5142 e
1327 5090 1403 5143 savn.
1416 5105 1440 5143 et
1452 5092 1534 5146 Codd.
1544 5111 1627 5148 ecces-

85 5174 96 5210 l
110 5173 194 5225 ilorci.
208 5185 231 5229 ὶν
244 5184 300 5241 οἷπερ
313 5181 440 5233 stennon,
454 5186 508 5236 qut!
518 5173 595 5220 etiam
607 5169 682 5222 lectio
693 5169 818 5240 quadrare
865 5170 974 5242 nerunt]

59 5264 136 5314 potest.
145 5255 238 5321 [Paulo
251 5264 314 5306 ante
331 5258 371 5306 καὶ
388 5257 432 5318 tae
444 5245 521 5300 savii.
530 5261 555 5300 et
567 5250 596 5303 C.
610 5254 637 5304 ια’
650 5258 688 5324 ἔαρ
700 5253 727 5302 Δ.
740 5251 787 5319 Dq
