3742 5970
96 466 168 558 958

95 636 188 695 capere
207 611 367 671 declarabat.
389 613 458 669 Nam
472 611 509 668 nit
522 633 528 666 :
542 611 634 668 Peter
640 613 732 689 justo,
758 626 840 664 mun-

95 698 150 754 dus
165 708 192 752 te
207 713 266 750 ιιοιι
281 694 382 756 ιιονίίι
399 704 434 757 et,
450 691 573 767 Spiritus
588 691 734 760 veritatis,
755 707 841 766 quem

96 775 221 833 mucidus
243 792 302 828 ιιοιι
321 782 415 848 potest
436 773 575 848 accipere.
603 767 689 825 Illum
708 785 773 844 ergo
795 764 842 842 qui

97 873 158 914 rere
174 856 259 910 Derim
272 849 331 907 uult
342 848 428 926 sequi,
442 849 559 906 solutum
572 867 628 905 esse
637 857 742 925 oportet
756 866 770 901 a
785 844 844 902 viu-

98 932 166 993 culis
181 931 292 990 allectus
310 949 372 1007 erga
388 929 470 987 vitam
483 950 489 983 ε
503 927 554 985 hoe
572 947 635 985 vero
652 945 700 1005 per
712 923 845 982 omnimo·

96 1011 165 1071 dum
179 1029 310 1069 secessum
320 1021 346 1065 et
359 1007 524 1067 obliuionem
536 1019 657 1063 veterum
671 1024 846 1140 morumpcc-

99 1088 200 1151 licitur.
223 1090 286 1162 Quo
306 1087 375 1145 sacto
395 1087 469 1144 omni
484 1084 606 1144 custodia
620 1105 666 1142 cor
684 1104 779 1141 servan
801 1103 847 1140 um

811 475 941 525 Sl‘llllll.

895 607 1065 689 ἀναχωρήσει
1078 610 1131 666 τῶν
1148 609 1282 717 μεριμνῶν
1299 613 1347 673 τοῦ
1361 607 1483 684 κόσμου,
1498 605 1545 663 καί
1559 630 1590 683 τη
1607 629 1666 664 ταν-

895 689 965 745 τελεῖ
988 687 1161 767 ἀλλοτριώσει
1203 691 1256 745 τῶν
1270 687 1396 757 ἀνοήτων
1414 690 1610 766 περισπασμῶν
1631 713 1671 745 κα·

896 772 1043 847 τορθοῦται.
1061 766 1142 825 Οθτω
1156 766 1201 825 καὶ
1225 775 1279 829 τοῖς
1303 773 1444 843 μαθηταῖς
1457 771 1471 823 δ
1485 764 1595 846 Κύριος,
1614 769 1671 842 μετά

897 845 945 916 τήν
962 848 1089 927 εἰλικρινῆ
1105 847 1150 906 καὶ
1173 845 1371 925 ἀμετειίιριστον
1395 846 1528 916 διάθεσιν,
1543 847 1671 927 ἐμαρτύρει

897 924 997 1004 λέγων·
1012 924 1105 1002 Ὑμεῖς
1117 929 1164 985 οὐκ
1183 925 1243 984 ἐστί
1264 926 1296 982 ἐκ
1320 930 1369 983 τοῦ
1385 923 1492 1002 κόσμου
1516 925 1616 983 τούτου.
1629 927 1672 984 Ιίαί

900 1005 953 1063 ἀπὸ
964 1011 1009 1064 τοῦ
1023 1005 1139 1064 ἐναντίου
1150 1004 1198 1076 τήν
1219 1009 1264 1064 τοῦ
1276 1006 1349 1063 Θεοῦ
1365 1004 1519 1101 ἐπίγνωσιν
1531 1005 1576 1062 τὸν
1587 1005 1672 1082 κόσμον

901 1083 1028 1143 ἀδύνατον
1055 1076 1121 1143 εἶναι
1145 1086 1282 1154 δέξασθαι,
1307 1085 1379 1160 μηδὲ
1403 1106 1437 1142 το
1464 1083 1541 1160 ἀγισν
1564 1090 1672 1163 χωρῆσαι

99 1184 151 1239 est,
177 1189 262 1246 neque
279 1165 406 1245 cogitatio
428 1165 476 1224 Dei
492 1163 662 1234 remerenda,
687 1183 773 1240 neque
788 1183 847 1220 me-
865 1166 884 1213 Ε
901 1164 1012 1241 Πνεῦμα
1026 1163 1229 1265 διεμαρτύρατο.
1241 1165 1335 1261 Πάτερ
1345 1164 1418 1241 γὰρ,
1431 1164 1516 1244 φησί,
1531 1163 1672 1236 &inomni

102 1248 188 1309 arteria
212 1246 380 1306 mirabilium
398 1246 456 1325 ejus
476 1243 553 1303 ranis
575 1241 782 1323 cogitationibus
801 1243 848 1300 foe·

100 1327 192 1388 danda
202 1339 252 1397 cst,
268 1324 314 1383 sed
325 1346 373 1405 per
383 1325 518 1383 assiduam
532 1336 558 1381 et
569 1344 664 1404 puram
691 1321 849 1379 memoriam

102 1421 221 1467 mamam
242 1404 292 1463 Dei
310 1404 499 1481 cogitationem
518 1403 660 1462 animabus
682 1401 780 1460 nostris
800 1421 849 1458 eeu

103 1486 225 1566 sigillum
239 1482 383 1543 indelebile
396 1484 552 1563 impressam
566 1495 670 1562 oportet
683 1479 790 1538 habere.
804 1479 850 1541 Sic

104 1566 177 1625 enim
190 1564 275 1623 vincit
293 1564 321 1621 iu
343 1563 420 1622 nobis
433 1564 529 1621 mritas
543 1582 605 1641 erga
621 1564 720 1634 Deum,
742 1580 802 1638 quae
815 1559 848 1617 si·

104 1644 163 1704 mul
186 1664 234 1701 nos
254 1642 354 1703 excitat
375 1642 409 1700 ad
428 1641 641 1701 observationem
664 1637 851 1698 mandaturum

106 1723 235 1791 Doutiui;
259 1735 284 1780 et
299 1721 362 1779 ltine
383 1722 430 1779 illa
444 1721 500 1802 ipsa
515 1734 637 1779 secratur
650 1719 678 1777 in
692 1732 852 1798 perpetuum

106 1803 199 1861 illaesa.
211 1802 247 1860 Et
259 1802 309 1859 boe
318 1800 434 1859 declarat
448 1801 579 1859 Dominus
588 1798 735 1876 aliquando
744 1797 850 1856 diceus:

107 1884 138 1941 Si
144 1884 268 1959 diligitis
278 1901 333 1951 me,
346 1881 695 1946 ιιιαιιιίαιαιιιιαιεετυιιια,Ι
704 1876 852 1954 aliqnando

74 1960 97 2005 ⁵·
109 1983 182 2031 rem,
198 1962 229 2018 Si
239 1961 383 2018 inundata
395 1980 459 2017 mea
473 1961 668 2026 servaveritis,
683 1960 850 2029 manebitis,

108 2046 141 2098 iu
156 2040 312 2098 dilectione
327 2059 405 2106 πιθα,
421 2052 447 2095 et
462 2051 491 2095 ut
499 2036 618 2095 validius
631 2036 758 2109 inflectat,
772 2035 852 2094 Sicut

902 1246 916 1300 θ
930 1241 1026 1319 κόσμος
1041 1265 1071 1302 σε
1085 1247 1133 1302 οὐκ
1147 1266 1228 1323 εγνω·
1240 1243 1304 1316 καλ,
1328 1243 1364 1301 lb
1381 1246 1500 1318 Πνεῦμα
1515 1243 1543 1302 δὲ
1555 1245 1601 1311 τῆς
1617 1247 1672 1314 etr,-

903 1321 989 1393 θείας,
1000 1322 1041 1381 ὃὸ
1057 1322 1155 1400 κόσμος
1169 1326 1198 1382 οῦ
1212 1322 1322 1380 δύναται
1330 1323 1441 1381 λαῦεῖν.
1453 1327 1577 1393 Λυθῆναι
1586 1314 1626 1380 οῦν
1643 1326 1674 1380 δεῖ

903 1406 955 1460 τῶν
967 1402 1071 1476 δεσμῶν
1084 1406 1132 1472 τῆς
1143 1401 1325 1479 προσπαθείας
1336 1408 1387 1462 τοῦ
1405 1403 1466 1480 βίον
1480 1403 1528 1461 τόν
1548 1425 1577 1480 γε
1597 1404 1674 1472 itm-

903 1484 954 1547 νῶς
975 1484 1013 1560 τῷ
1038 1482 1102 1560 Θεῷ
1116 1484 1294 1551 ἀκολουθῆσαι
1318 1483 1473 1557 με’λλοντα·
1497 1483 1620 1541 τοῦτοδὲ
1641 1481 1675 1540 tt

904 1563 1046 1628 παντελοῦς
1056 1561 1250 1639 ἀναχωρήσεως
1264 1561 1312 1618 καλ
1322 1562 1414 1634 λήθης
1427 1566 1483 1620 τῶν
1493 1565 1613 1620 παλαιῶν
1621 1565 1675 1619 ἐθῶν

904 1645 1086 1719 κατορθοῦται.
1102 1642 1189 1700 Τοῦτο
1202 1640 1229 1700 δὲ
1243 1640 1415 1712 ποιήσαντας
1429 1641 1508 1721 πόση
1524 1643 1625 1720 φυλακῇ
1640 1665 1677 1711 τη·

906 1727 959 1799 ρεῖν
974 1742 994 1775 π
1052 1719 1102 1778 ’κει
1117 1720 1166 1790 τήν
1181 1723 1282 1779 ἑαυτῶν
1302 1721 1432 1802 καρδίαν,
1447 1722 1557 1798 μήποτε
1570 1721 1615 1792 τὴν
1628 1721 1679 1801 περὶ

905 1801 974 1858 Θεοῦ
988 1742 1086 1859 ίθίιθίαν
1100 1798 1230 1870 ἐκόαλεῖν,
1243 1799 1260 1869 ἢ
1275 1802 1324 1873 τήν
1338 1801 1458 1878 μνήμην
1474 1806 1531 1860 τῶν
1542 1804 1679 1878 θαυμασίων

906 1880 985 1937 αὐτοῦ
996 1877 1149 1958 φαντασίαις
1159 1883 1211 1937 τῶν
1226 1881 1349 1956 ματαίων
1363 1880 1610 1960 καταρρυπαίνειν·
1624 1881 1679 1939 etti

906 1957 950 2016 διὰ
959 1960 1146 2031 τῆςδιηνεκοῦς
1157 1957 1202 2016 καί
1212 1965 1331 2038 καθαρᾶς
1344 1961 1462 2037 μνήμης
1475 1962 1679 2039 ἐντετυπωμένη

907 2035 977 2116 ἔχειν
991 2047 1048 2105 ταῖς
1069 2041 1167 2116 ψυχαῖς
1179 2042 1266 2115 ἡμῶν,
1282 2039 1379 2120 ὥσπερ
1401 2042 1544 2120 σφραγῖδα
1566 2043 1681 2109 disideri-

108 2141 160 2202 (ρο
172 2121 316 2177 utunduta
334 2120 436 2176 Patris
447 2121 503 2175 mei
514 2120 640 2190 servaei,
660 2129 688 2174 et
703 2136 808 2173 maneo
821 2120 852 2172 in
862 2145 898 2185 ,p
908 2139 983 2184 πτον,
996 2116 1044 2187 τήν
1058 2117 1132 2176 ὁσίαν
1144 2121 1189 2174 τοῦ
1204 2120 1275 2177 Θεοῦ
1287 2119 1404 2177 ἔννοιαν.
1417 2119 1504 2178 Οὕτω
1518 2122 1572 2200 γάρ
1592 2124 1680 2202 περιγί-

108 2200 343 2279 ejusdilectione.
354 2196 408 2268 Qui
419 2195 814 2255 reremandatiaceuratioucm
826 2194 852 2253 iu
872 2204 890 2246 Α
907 2218 980 2253 νεται
990 2201 1054 2273 ημῖν
1070 2202 1087 2268 ἡ
1102 2196 1166 2272 πρὸς
1182 2197 1251 2255 Θεὸν
1272 2199 1388 2276 ἀγάπη,
1401 2201 1462 2277 ἅμα
1484 2223 1516 2257 τε
1535 2202 1681 2282 διεγείρωσι

108 2277 242 2369 operando
256 2275 414 2356 corrumpit,
433 2275 491 2334 sine
504 2275 590 2333 dubio
604 2275 675 2333 circa
689 2275 738 2332 Dei
753 2295 854 2333 memo·

108 2379 178 2416 riam
190 2357 353 2415 infirmatur.
370 2355 479 2415 Confert
490 2369 580 2413 atttem
591 2376 643 2413 non
654 2353 755 2412 elatum
765 2354 855 2412 animo

110 2458 175 2512 csse,
197 2451 223 2494 et
236 2436 378 2516 separatim
398 2434 473 2493 (lomi
487 2434 628 2493 habitare:
643 2455 705 2492 nam
719 2455 780 2491 curn
795 2431 856 2490 aliis

110 2517 137 2575 in
159 2516 216 2575 rita
237 2536 293 2574 sese
308 2514 488 2587 commiscere,
511 2513 623 2572 noxium
648 2526 695 2571 est.
713 2514 809 2590 ltaque
826 2526 857 2570 ut

110 2618 143 2654 ne
164 2616 212 2674 pec
235 2615 314 2653 aures
327 2615 375 2651 uec
390 2615 439 2674 per
451 2594 542 2651 oculos
564 2593 718 2665 incitemur,
736 2605 763 2650 et
782 2592 856 2649 utin

109 2675 229 2733 oratione
242 2694 413 2754 perseverare
432 2673 576 2754 possimus,
595 2671 682 2752 primo
693 2671 767 2730 domi
780 2692 856 2729 seor·

111 2775 172 2813 sum
195 2755 321 2813 vivamus
334 2777 340 2808 :
353 2753 389 2811 ita
412 2755 484 2811 euim
505 2752 621 2832 priscum
639 2749 858 2811 consuetudinem

112 2855 280 2915 superamus,
306 2852 360 2911 qua
377 2831 491 2890 ritama
515 2831 564 2890 Dei
582 2830 722 2913 preceptis
743 2830 858 2888 alienam

67 2928 101 2974 16.
112 2912 285 2972 ducebamus.
302 2911 432 2989 Eritne,
452 2912 483 2971 Si
500 2915 567 2990 queis
582 2914 665 2969 venit
678 2911 720 2969 ad
733 2931 787 2981 rue,
808 2912 859 2968 ab·

113 3005 198 3072 neget
217 2997 409 3071 semetipsum,
434 2990 606 3069 quandonam
622 2990 685 3068 quis
702 3011 795 3048 eorum
816 2989 860 3049 rel

113 3092 199 3131 uuum
212 3093 319 3130 serrare
332 3070 437 3151 possit?
450 3073 566 3151 Oportet
579 3069 650 3128 enim
665 3090 712 3128 nos
725 3070 860 3148 abnegan-

113 3165 153 3211 tes
167 3151 351 3231 nosmetipsos,
367 3163 392 3208 et
407 3149 528 3208 tollentes
541 3171 647 3208 crucem
662 3162 790 3220 nostram,
822 3147 863 3207 sic

113 3232 192 3291 illum
207 3231 291 3309 sequi.
311 3228 458 3306 Abnegntio
471 3244 561 3288 autem
578 3229 618 3287 sui
636 3243 686 3299 est,
709 3227 859 3308 preterito-

114 3333 175 3369 rum
188 3312 309 3368 omnium
323 3310 436 3379 oblivio,
454 3323 480 3366 ct
494 3310 626 3368 rolrmtati
644 3309 761 3388 proprie
780 3308 859 3365 abre-

115 3471 154 3527 ciu
171 3470 333 3527 retineamus
349 3469 374 3526 iu
389 3469 536 3526 substantia
551 3481 685 3547 corrupta,
700 3468 757 3545 jum
775 3480 862 3526 tuente

114 3550 191 3625 qnasi
217 3552 242 3605 in
264 3548 382 3625 quodam
407 3568 481 3604 cerno
504 3547 634 3615 demersa,
653 3545 741 3604 anima
766 3568 780 3603 a
805 3549 862 3603 Deo

115 3649 166 3685 uim
192 3627 344 3706 respicitur,
367 3639 447 3702 atquc
469 3624 503 3682 nd
522 3627 763 3705 concupiscentiam
786 3626 862 3683 ccele-

115 3706 196 3765 stimu
210 3719 236 3763 ct
254 3705 288 3764 ad
304 3706 481 3785 repositorum
499 3703 633 3763 bonorum
657 3705 861 3795 promissionem

115 3785 262 3844 immobilis
278 3800 325 3844 est.
341 3786 371 3843 lu
392 3805 497 3842 summa
513 3805 546 3842 ne
565 3806 605 3842 res
619 3784 728 3863 qudem
745 3806 862 3843 neccssa-

116 3866 169 3924 rias
185 3887 278 3923 entrare
291 3864 340 3944 ipsi
355 3862 518 3934 conceditur,
534 3864 609 3923 verbi
625 3866 710 3942 gratia
725 3864 861 3933 alimenta,

116 3959 217 4003 uestem
229 3969 235 4000 ε
247 3967 278 4002 ue
291 3966 337 4002 ceu
350 3945 434 4023 spinis
442 3943 611 4002 detineamur
622 3945 700 4002 malis
709 3943 803 4003 tntrtrdi
818 3965 862 4002 co·

117 4024 302 4103 gitatiouibus,
319 4045 379 4100 quae
394 4044 481 4080 semen
497 4024 532 4080 ab
544 4024 696 4081 animarum
710 4037 861 4081 nostrarum

117 4102 862 4193 agriculajncuunalrumuserendupmlribent;l)omiuo

70 4188 107 4233 ¹3-
119 4198 209 4241 nostro
221 4187 283 4243 dcsu
297 4183 405 4239 Christo
416 4182 520 4239 dicente
533 4207 538 4237 :
553 4183 587 4240 llr
600 4195 661 4240 sunt
674 4184 719 4259 qui
733 4184 759 4241 iu
772 4184 861 4263 spinas

119 4263 280 4334 inciderunt,
290 4261 336 4339 qui
348 4284 361 4318 a
372 4261 601 4319 sollicitudinibus
609 4276 634 4319 et
642 4261 748 4320 ‹ttvitiis
759 4276 782 4319 et
795 4283 861 4319 aro·

118 4342 271 4421 luptatibus
284 4341 346 4402 rita
364 4342 539 4412 suffocantur,
566 4363 613 4398 uer.
627 4343 744 4399 fructum
761 4343 858 4399 serrant.

119 4424 212 4497 Neque
226 4421 296 4478 cuim
309 4421 423 4499 peccatis
434 4434 539 4499 tempus
553 4419 689 4493 dabimus,
709 4442 793 4498 neque
807 4421 861 4478 iui-

119 4500 189 4558 mico
199 4501 286 4557 locum
298 4500 323 4555 iu
335 4499 462 4556 cordibus
473 4501 569 4556 nostris
582 4502 773 4577 relinquemus,
783 4501 804 4557 si
815 4523 860 4578 per

118 4583 282 4658 frequentem
292 4578 447 4636 memoriam
459 4580 546 4635 licum
559 4579 752 4637 inhabitantem
761 4580 862 4639 babea-

119 4681 186 4718 mus.
201 4658 317 4716 .·¹lttenti0
329 4671 416 4715 autem
427 4658 524 4715 mentis
534 4672 558 4715 et
568 4658 731 4716 cousuetudo
741 4680 796 4717 sese
810 4681 860 4717 nou
879 4672 897 4719 C

118 4738 264 4797 extollendi
284 4737 376 4817 pueris
399 4758 446 4816 pcc
464 4752 560 4795 rectam
577 4738 760 4798 educationem
784 4739 861 4797 facile

117 4816 862 4895 aderunt,siugubernatoribussruqucuterobserventur,

118 4918 172 4974 quo
185 4897 287 4953 scilicet
299 4910 413 4954 mentem
424 4911 539 4962 vertant,
549 4911 573 4954 et
583 4899 649 4974 quid
662 4912 765 4957 rcrscnt
779 4898 804 4955 iu
817 4920 861 4957 co·

118 4977 301 5053 gitationibus.
319 4977 387 5032 Nam
407 4977 492 5032 utatis
509 4977 666 5056 simplicitas
684 4980 742 5036 sine
757 4977 820 5036 dolo
834 4971 871 5038 οῖ’

118 5055 257 5113 mendacio
273 5055 350 5111 facile
368 5055 463 5112 mentis
477 5077 573 5114 arcana
588 5058 696 5117 revelat.
715 5060 755 5116 Ne
769 5072 859 5116 autem

151 5248 161 5282 θ
180 5242 274 5306 [Savil.
289 5253 317 5295 ία,
329 5260 373 5296 τῶν
385 5249 517 5309 diatritum]

907 2274 973 2353 πρὸς
982 2275 1030 2347 τὴν
1047 2276 1170 2355 ἐργασίαν
1182 2281 1233 2334 τῶν
1248 2281 1365 2337 ἐντολῶν
1387 2286 1438 2338 τοῦ
1459 2280 1581 2358 Κυρίου,
1592 2283 1633 2338 καὶ
1643 2285 1680 2338 ir?

909 2357 995 2412 αὐτῶν
1008 2356 1087 2414 πάλιν
1100 2354 1165 2427 abel
1181 2356 1385 2438 συντηρουμίνη
1401 2359 1471 2437 πρὸς
1483 2362 1517 2419 τὸ
1538 2360 1636 2440 διαρκὲς
1645 2363 1681 2418 καί

910 2434 1084 2494 ἀδιάπτωτον.
1100 2433 1153 2494 Καὶ
1163 2440 1241 2493 τοῦτο
1251 2436 1387 2496 δείκνυσιν
1405 2442 1421 2496 ὁ
1435 2439 1552 2518 Κύριος,
1572 2440 1631 2500 mi
1644 2441 1681 2516 pia

909 2513 1003 2591 λέγων,
1015 2514 1080 2573 ’Etr
1095 2514 1216 2592 ἀγαπᾶτέ
1226 2539 1275 2592 με,
1290 2516 1338 2582 τὰς
1351 2519 1468 2584 ἐντολάς
1480 2544 1534 2596 μου
1548 2520 1681 2600 τηρήσατε·

911 2592 975 2652 ποτὲ
992 2592 1036 2662 δὲ,
1052 2591 1116 2652 ’Etr
1130 2592 1178 2660 eli<
1198 2595 1305 2661 ίντολάς
1324 2595 1377 2660 τὰς
1393 2596 1465 2674 ἐμάς
1482 2600 1629 2678 τηρήσητε,
1642 2624 1683 2676 με·

910 2679 979 2730 νεῖτε
989 2676 1014 2732 ἐν
1027 2697 1059 2752 τη
1069 2673 1160 2751 ἀγαίπη
1173 2695 1238 2750 μου·
1249 2674 1295 2733 καί
1307 2675 1348 2734 ἔτι
1359 2676 1630 2760 δυσωπητικῶτερον,
1640 2683 1682 2738 λἀ·

912 2750 962 2819 tab<
977 2753 1029 2829 ἐγὼ
1042 2751 1090 2818 ede
1104 2752 1210 2819 ἐντολὰς
1220 2758 1266 2811 τοῦ
1285 2755 1400 2834 Πατρός
1422 2779 1476 2833 μου
1491 2760 1635 2837 τετήρηκα,
1647 2760 1683 2817 καί

913 2835 984 2907 μενῶ
1001 2835 1080 2889 αὐτοῦ
1100 2834 1126 2890 ἐν
1141 2836 1174 2903 mi
1197 2833 1298 2912 ἀγάπη.
1312 2833 1350 2892 Ὁ
1373 2834 1403 2894 δὲ
1418 2841 1611 2918 παραρθείρων
1623 2842 1683 2905 ἐντί,

913 2910 1023 2990 ἐργασίᾳ
1036 2910 1084 2983 τὴν
1106 2900 1242 2990 ἀκρίῦειαν
1256 2919 1305 2984 τῆς
1319 2916 1451 2989 ἐντολῆς,
1469 2918 1552 2987 δῆλός
1570 2922 1622 2977 ἐστι
1634 2908 1684 2996 περὶ

913 2990 961 3061 τὴν
984 2991 1091 3068 μνήμην
1105 2997 1152 3050 τοῦ
1173 2995 1243 3052 Θεοῦ
1265 2997 1398 3052 ἀσθενῶν.
1411 2997 1546 3056 Συντελεῖ
1561 2998 1588 3056 δέ
1605 2998 1646 3057 καί
1661 3000 1685 3053 τί

913 3069 1108 3206 ἀρκτειίιριστον
1131 3072 1164 3146 τῇ
1188 3073 1277 3151 ψυχῇ,
1295 3071 1342 3131 καὶ
1368 3072 1402 3129 τὸ
1425 3077 1547 3144 ίδιάζειν
1565 3078 1628 3136 κατά
1647 3076 1685 3146 τήν

914 3172 1030 3220 οκησιν·
1043 3150 1073 3208 τὸ
1086 3149 1137 3228 γὰρ
1148 3154 1265 3228 ἀναμεμι
1285 3151 1372 3228 μένην
1388 3153 1465 3233 ἔχειν
1480 3157 1532 3229 τήν
1546 3156 1621 3231 ζωήν,
1635 3159 1686 3234 βλε-

970 3228 976 3247 Ι
1044 3232 1051 3251 l
1085 3235 1102 3247 Ν
1303 3230 1315 3251 V

895 3227 999 3311 -6ερον,
1015 3231 1117 3288 (λυκουν
1132 3228 1176 3287 ἵνα
1190 3229 1226 3306 μή
1247 3233 1273 3288 δι
1296 3255 1377 3290 ωτων
1395 3257 1415 3303 η
1432 3236 1469 3292 δι’
1491 3241 1630 3318 ὀρθαλμῶν
1643 3240 1686 3313 ἐρε-

915 3307 1022 3385 θισμοθς
1039 3309 1190 3388 δεχώμεθα,
1204 3311 1248 3369 καὶ
1259 3310 1305 3369 ἵνα
1328 3312 1498 3391 δυνηθῶμεν
1524 3319 1685 3393 ἐπιμένειντῐ,

115 3391 256 3449 nuntiatio.
278 3391 306 3449 Si
320 3411 384 3447 reru
396 3388 537 3469 quidpiam
560 3402 692 3446 terrenum
714 3410 740 3446 ut
761 3408 862 3446 merno-
879 3398 896 3443 b
915 3393 1064 3468 προσευχῇ,
1075 3388 1257 3467 ἀπιδιάσωμεν
1268 3392 1380 3470 πρῶτον
1392 3394 1468 3452 κατὰ
1476 3402 1527 3468 τήν
1539 3382 1687 3468 siemund-

915 3491 953 3525 τω
964 3467 1014 3545 γάρ
1023 3468 1068 3526 καί
1082 3475 1127 3526 τοῦ
1140 3469 1317 3549 προλαίόντος
1332 3470 1687 3556 ἔθουςπεριγενιίψξηιγένρ

916 3547 1060 3626 ἀλλοτρίως
1079 3548 1209 3624 ἐζήσαμεν
1230 3555 1282 3607 τῶν
1296 3553 1419 3610 ἐντολῶν
1435 3563 1485 3614 τοῦ
1498 3561 1579 3616 Θεοῦ.
1593 3559 1640 3616 Καὶ
1655 3555 1687 3613 ti.

919 3627 952 3686 ld
965 3650 1004 3694 ³2<
1019 3628 1124 3707 ἔρχεταί
1138 3628 1203 3704 πρός
1222 3653 1270 3703 με,
1287 3632 1505 3709 ἀπαρνησάσθω
1529 3639 1626 3703 ἑαυτὸν,
1638 3636 1686 3692 τότε

917 3708 948 3765 ἀν
962 3731 1000 3772 τις
1014 3706 1040 3763 ἓν
1061 3706 1159 3764 τούτοιν
1173 3711 1315 3788 πληρῶσαι
1331 3711 1467 3787 δυνηθείη
1478 3742 1486 3787 ;
1499 3718 1561 3795 Χρὴ
1574 3706 1623 3794 *dp
1633 3721 1687 3788 ἡμᾶς

917 3785 1151 3865 ἀπαρνησαμένους
1168 3787 1290 3858 ἓαυτοθς,
1305 3790 1354 3846 καὶ
1379 3793 1506 3874 ἄραντας
1532 3776 1586 3855 302⁵
1598 3798 1686 3869 mppr,

915 3872 961 3924 τοῦ
984 3869 1117 3946 Χριστοῦ,
1142 3865 1224 3931 οὕτως
1246 3870 1407 3929 ἀκολουθεῖν
1436 3875 1650 3946 αὖτῶ.Ἂσντ,τις
1667 3871 1687 3929 ii

916 3949 987 4004 ἐστιν
1003 3950 1144 4015 ἐαιυτοῦη(Ι
1165 3947 1297 4017 παντελής
1320 3952 1380 4006 τῶν
1408 3938 1603 4032 παρελθόντων
1624 3957 1688 4021 λήθη.

916 4026 961 4084 καί
974 4031 991 4095 ἡ
1006 4028 1058 4083 τῶν
1072 4025 1227 4101 θελημαίτων
1239 4029 1319 4086 αὐτοῦ
1331 4032 1531 4112 ἀναχώρησις,
1549 4036 1613 4095 Ἐὰν
1631 4032 1653 4092 δέ
1668 4054 1687 4085 τι

915 4104 1104 4180 θπολιπῶμεθα
1129 4108 1230 4169 ἑαυτοῖς
1253 4107 1368 4183 μνήμης
1390 4101 1489 4188 pirvos
1515 4117 1542 4172 g,
1564 4116 1633 4173 ,γεῖς
1650 4134 1686 4168 2„

916 4189 1034 4264 φθαρτῇ,
1049 4188 1160 4242 ἐνταῦθα
1174 4190 1219 4242 τοῦ
1237 4192 1281 4244 νοῦ
1296 4180 1353 4245 οἷον
1368 4189 1397 4246 ἔν
1421 4216 1478 4252 τινι
1496 4195 1615 4275 θορθάρω
1625 4179 1685 4251 'me

918 4264 1053 4345 perirem,
1068 4264 1169 4340 ἀνάγκη
1183 4263 1229 4334 τὴν
1241 4266 1330 4345 ψυχήν
1350 4269 1472 4329 ἀθέατον
1490 4258 1560 4332 εἶναι
1574 4259 1643 4340 etio,
1653 4268 1686 4326 mi

915 4343 1126 4420 πρὸςέπιθυμίαν
1138 4346 1189 4400 τῶν
1198 4348 1326 4422 οὐρανίων
1344 4352 1455 4421 καλῶν,
1468 4354 1582 4413 καὶτῶν
1599 4359 1685 4411 ἀπομι

916 4423 1002 4499 μένων
1016 4429 1079 4498 ἡμῖν
1092 4427 1195 4500 ἀγαθῶν
1213 4425 1238 4479 ἐν
1251 4426 1449 4504 ἐπαγγελίαις,
1467 4435 1605 4503 dxiv-470„
1616 4432 1685 4489 Ὂὶως

916 4502 954 4567 δὲ,
967 4502 1033 4578 μηδὲ
1044 4526 1077 4559 πε
1096 4502 1105 4558 i
1119 4507 1172 4560 τῶν
1185 4504 1339 4578 ἀναγκαίων
1357 4511 1452 4568 αὐτῶν
1470 4524 1603 4592 μερωνῑ,
1615 4533 1683 4583 7475.

915 4581 1053 4660 χιίιρηται,
1074 4527 1136 4651 dor,
1158 4586 1254 4660 τρορῆς
1279 4584 1324 4641 καὶ
1353 4576 1682 4666 3⁹3511²10<‚⁶⁸ii›ere.eitt

917 4661 1056 4731 ἀκάνθαις,
1072 4660 1226 4763 ruotperto
1240 4673 1376 4742 πονηραῖς
1392 4679 1455 4735 ταῖς
1471 4673 1586 4733 ἐννοίαις
1604 4678 1641 4728 τοῦ
1651 4666 1683 4723 ιθ·

918 4763 998 4817 σμου,
1011 4746 1058 4811 τῆς
1072 4764 1144 4820 παρα
1162 4747 1206 4798 τοῦ
1220 4749 1339 4821 γεωργοῦ
1354 4752 1412 4805 τῶν
1426 4752 1527 4829 4075„
1542 4757 1615 4828 ἦμῶ,
1625 4755 1681 4824 ipt-

916 4819 1116 4896 radamantum
1139 4830 1239 4897 emti<
1261 4822 1311 4892 τὴν
1330 4820 1530 4906 ammantat
1553 4825 1681 4895 tomma-

916 4923 990 4967 σαις·
1014 4905 1059 4957 τοῦ
1083 4900 1179 4977 Κυρίου
1201 4905 1278 4975 ήμῶν
1303 4901 1400 4975 Ἰησοῦ
1423 4891 1547 4990 §piatos
1567 4892 1681 4969 ‘stetere'

915 4969 985 5036 οῦτοι
999 4977 1027 5036 δέ
1050 4982 1113 5037 εἶσιν
1140 4983 1163 5036 οἱ
1181 4983 1216 5044 εἰς
1232 4979 1279 5044 τάς
1301 4984 1429 5052 ἀκάνθας
1444 4991 1573 5055 πεσόντες

914 5064 1048 5138 μεριμνῶν
1064 5057 1108 5116 καὶ
1122 5059 1233 5117 πλούτου
1253 5060 1301 5117 καί
1315 5064 1425 5132 ἡδονῶν
1448 5076 1500 5128 τοῦ
1523 5071 1580 5147 βίου
1592 5065 1680 5145 eruere

1584 5037 1591 5058 ,
1609 4990 1629 5045 ni
1645 4992 1681 5043 izi

960 5265 969 5287 θ
989 5248 1081 5314 [Satil.
1096 5259 1123 5301 ia.
1138 5256 1194 5301 ὦττι
1206 5258 1248 5313 μή,
1264 5252 1332 5315 οἷον]
