3728 5978
205 381 276 451 διδ
540 399 569 448 s.
597 392 738 454 toruus
764 396 945 448 euersosr.
975 378 1131 446 tuentur.
1160 393 1427 443 consrrsrruor.

204 523 350 601 Quomodo
358 523 430 585 enim
443 522 647 601 intellexissent,
657 543 720 583 euru
731 521 780 583 alii
791 524 882 582 Deum
889 541 946 581 esse
1001 519 1096 599 μένων.
1112 521 1177 587 flii<
1187 517 1240 599 γάρ
1253 522 1279 578 σί
1292 517 1340 596 μὲν
1358 520 1438 594 σῶμα
1452 515 1497 575 τόν
1511 516 1580 576 Θεύν
1594 512 1732 594 λέγοντες,
1746 516 1770 571 oi

190 617 556 783 iimitiiiiinpm‘i
568 613 947 763 mittitete-”Ji
999 608 1403 763 ῘλὴἫμέὛ.
1417 604 1772 778 ,Τίῖὲῗοολῗλίὲἰάῗῖό

205 750 277 879 θρα
295 821 362 859 oum
376 819 422 871 eo,
439 811 468 858 ei
481 727 604 879 quidiim
616 800 772 857 dicebant:
785 798 864 876 Quid
879 797 948 857 ‘uult
965 803 985 852 D
998 727 1109 874 odfini
1118 816 1187 860 τινες
1197 791 1300 872 ἔλεγον·
1311 790 1338 850 τί
1350 792 1381 850 ἀν
1396 723 1492 851 θφέλσιθ
1505 786 1685 872 σπερμολόγος
1697 777 1773 852 οὗτος

204 895 425 953 seminiverbius
433 895 488 952 iste
498 889 692 950 dicereiAiii
702 910 784 962 vero,
798 891 948 949 Nauorum
999 885 1085 966 λέγειν
1099 911 1107 958 ;
1123 889 1160 946 Oi
1179 885 1222 945 δέ·
1243 883 1322 954 ξένων
1341 882 1483 960 δαιμονίων
1504 883 1575 942 δοκεῖ
1595 877 1773 958 καταγγελεὺς

168 1068 182 1085 ο
204 986 415 1137 'inaniorem
432 984 553 1043 uidetur
570 985 765 1042 annuntiator
781 1003 844 1042 esse
849 1005 862 1052 ‚·
877 985 948 1062 quia
1000 967 1301 1049 ιθναι·δτιτ“ονἸησοῦν
1310 975 1356 1034 καί
1368 974 1416 1048 τὴν
1426 973 1570 1034 ἀνάστασιν
1582 970 1772 1049 εὐηγγελίζετο.

227 1098 277 1137 esu

101 1142 123 1167 ·
278 1099 308 1136 rn
318 1090 347 1137 et
356 1080 596 1137 resurectionem
605 1078 806 1135 annuntiabat
817 1078 867 1134 eis.
877 1075 948 1134 Nam
1000 1069 1054 1130 liei
1066 1068 1119 1152 γάρ
1130 1068 1179 1143 τὴν
1194 1067 1337 1129 ἀνάστασιν
1347 1065 1417 1127 Θεόν
1431 1089 1490 1124 τινα
1504 1054 1572 1123 ε’ίναι
1584 1063 1713 1140 ἐνόμιζον,
1725 1061 1773 1120 ἀτε

204 1168 426 1229 resurrectionem
433 1166 516 1227 deum
523 1166 669 1247 quemdum
678 1187 735 1226 esse
750 1165 891 1246 putabant,
905 1178 948 1224 ut·
1001 1163 1119 1231 είωθότες
1128 1164 1174 1223 καί
1187 1163 1292 1237 θηλείας
1302 1161 1399 1222 σέύειν.
1414 1157 1623 1238 Ἐπιλαύόμενοί
1635 1181 1664 1217 τε
1677 1159 1772 1231 αὐτοῦ,

201 1272 268 1344 ,ε
281 1260 355 1321 soliti
370 1260 482 1319 ierniuas
495 1259 591 1319 solere.
608 1260 657 1317 19.
676 1260 718 1317 Et
736 1260 950 1338 apprehensum
1001 1257 1046 1318 έπί
1059 1257 1104 1317 τὸν
1127 1255 1227 1339 Ἄρειον
1246 1254 1331 1334 πάγον
1354 1255 1464 1334 ἤγαγον,
1483 1253 1617 1331 λέγοντες·
1640 1249 1774 1326 δυναίμεθα

206 1373 272 1415 eum
285 1353 327 1411 ad
338 1352 529 1432 Areopagum
543 1352 701 1421 ἀυπενιιιιι,
717 1352 863 1409 dieentes:
875 1351 950 1409 Pos·
1001 1353 1101 1427 γνῶναι
1111 1347 1152 1415 τίς
1164 1354 1182 1421 ἡ
1198 1347 1276 1420 καινὴ
1295 1346 1362 1418 αὐτη
1374 1350 1392 1416 ἡ
1406 1345 1460 1404 ὑπὸ
1477 1351 1523 1404 σοῦ
1536 1341 1686 1421 λαλουμένη
1701 1342 1774 1400 διδα-

205 1464 304 1505 sumus
315 1447 389 1504 scire
400 1463 465 1524 quoe
484 1455 527 1502 esi
540 1447 599 1502 ista
612 1462 700 1514 nova,
719 1463 785 1523 quoe
796 1462 816 1500 a
830 1454 858 1499 te
877 1441 950 1500 diei-
1001 1443 1054 1522 χή,
1068 1439 1197 1510 ξενίζοντα
1208 1439 1260 1520 γάρ
1271 1461 1331 1497 τινα
1346 1436 1473 1517 εἰσφέρεις
1484 1439 1522 1504 εἰς
1531 1434 1579 1502 τάς
1591 1433 1673 1500 ἀκοάς
1682 1437 1774 1511 ἡμῶν·

205 1547 263 1607 tur,
279 1536 440 1594 doctrina?
454 1537 502 1594 20.
520 1554 598 1593 nova
612 1537 692 1593 enim
705 1533 842 1613 quadam
855 1532 950 1612 infers
1003 1532 1150 1614 βουλόμεθα
1164 1523 1208 1592 οὐν
1219 1534 1318 1611 γνῶναι
1331 1529 1359 1588 τί
1372 1529 1403 1588 ἂν
1418 1528 1488 1588 θέλοι
1499 1533 1583 1587 ταῦτα
1596 1516 1675 1585 εἶναι.
1687 1514 1774 1603 Ἧγσν

204 1629 325 1686 auribus
346 1631 469 1693 nostris‚·
484 1626 622 1684 volumus
635 1646 703 1705 ergo
717 1629 792 1684 seire
807 1625 950 1705 quidnam
1002 1625 1080 1686 αὐτόν
1093 1624 1137 1684 tut
1150 1624 1195 1684 τόν
1208 1622 1309 1703 Ἀρειον
1330 1620 1425 1700 πάγον,
1442 1623 1491 1700 οὐχ
1510 1619 1580 1678 ώστε
1599 1623 1702 1697 μαθεῖν,
1716 1617 1775 1676 ἀλλ’

204 1719 301 1778 veiint
312 1720 374 1777 itae
384 1738 456 1778 esse.
470 1719 615 1776 Duxerunt
625 1716 705 1775 illurn
717 1714 754 1775 ad
768 1718 949 1796 Areopagum,
968 1729 988 1778 E
1003 1714 1073 1776 ὥστε
1085 1715 1213 1789 κολάσαι,
1225 1714 1287 1773 isia
1302 1717 1330 1773 αἱ
1344 1712 1449 1793 φονικοὶ
1463 1710 1544 1770 δίκαι.
1556 1710 1631 1790 Ὅρα
1643 1715 1705 1790 γοῦν
1719 1712 1776 1775 πῶς

206 1829 259 1869 urn
286 1821 317 1869 ut
338 1808 489 1882 discerent,
510 1807 558 1868 sed
581 1822 612 1867 ut
638 1806 784 1889 punirent,
806 1806 855 1865 ubi
875 1819 951 1866 eruut
1004 1807 1051 1868 καὶ
1068 1806 1197 1868 ένάλπίδε
1214 1810 1260 1866 τοῦ
1277 1811 1370 1882 μαθεῖν
1383 1803 1430 1863 καί
1443 1809 1581 1883 πανταχοῦ
1594 1801 1643 1873 τὴν
1656 1823 1777 1860 καινοτο-

96 1915 100 1922 ’
202 1900 290 1983 judi
332 1900 480 1981 sangoinis.
503 1899 577 1962 Vide
611 1920 698 1980 ergo,
729 1898 866 1979 quomodo
899 1900 951 1959 soh
1004 1899 1068 1978 μίαν
1091 1901 1241 1978 έγκαλοῦσι.
1268 1897 1364 1956 Δόλων
1380 1895 1457 1963 πόλις
1477 1900 1495 1965 ἡ
1514 1894 1591 1961 πολις
1611 1892 1716 1953 ἐκείνων
1734 1883 1776 1963 ἦν.

205 2011 253 2074 spe
293 1990 395 2051 isoendi
419 2005 445 2050 et
466 1991 567 2069 ubique
588 2012 686 2051 norem
702 1988 854 2049 doctrinam
872 1988 949 2048 mou·
1004 1991 1135 2064 Ἀθηναῖοι
1146 1989 1174 2049 δέ
1188 1989 1286 2057 πάντες
1296 1988 1342 2066 καλ
1355 1992 1379 2047 σί
1394 1989 1585 2065 ἐπιδημοῦντες
1601 1984 1667 2055 ξένοι
1677 1988 1714 2053 είς
1723 1983 1778 2043 irs·

203 2081 453 2160 srnt.Loquaeium
463 2082 560 2141 civitas
570 2081 695 2141 illaerat.
715 2083 749 2141 ut
758 2125 764 2138 .
780 2080 951 2140 Athenien·
1006 2105 1049 2165 ρον
1066 2081 1140 2141 οὐδὲν
1151 2079 1287 2162 εὐκαίρουν
1303 2078 1322 2150 ἢ
1337 2078 1424 2157 λέγειν
1438 2102 1464 2138 τι
1478 2077 1523 2137 καί
1536 2076 1641 2136 ἀκούειν
1657 2075 1777 2136 καινότε-

205 2197 250 2236 εσε
268 2187 368 2233 autem
387 2195 487 2234 ornnes
504 2186 532 2233 et
551 2175 673 2233 advena
693 2174 830 2253 hospites,
848 2174 890 2232 ad
908 2176 952 2230 ni·
1005 2195 1059 2254 ρον.
1071 2170 1366 2241 ΣταθελςδθόΠαῦλοι
1382 2170 1494 2249 ἐνμέσῳ
1507 2176 1552 2230 τοῦ
1567 2168 1667 2250 Ἀρείου
1679 2167 1779 2247 πάγου,

203 2267 252 2326 iti
259 2266 345 2327 atiud
352 2267 516 2337 vacabant,
529 2268 586 2323 nisi
607 2277 659 2323 aut
670 2265 768 2323 dicere
784 2276 837 2322 aut
848 2265 953 2322 audire
1005 2265 1069 2350 ἀρη·
1085 2267 1176 2345 ἄνδρες
1189 2265 1335 2339 Ἀθηναῖοι,
1354 2264 1424 2323 κατὰ
1436 2263 1523 2323 πάντα
1536 2267 1572 2329 ὣς
1585 2265 1778 2338 δεισιδαιμονε-

140 2375 147 2387 ·
205 2358 323 2439 aliquid
335 2360 411 2416 nori.
426 2360 474 2416 99.
486 2357 574 2416 Stans
594 2368 693 2415 autem
714 2356 831 2415 Paulus
849 2358 881 2414 in
895 2377 951 2414 me·
1005 2347 1191 2442 ατέρουςύμᾶς
1205 2352 1609 2436 θεωρῶάιερχόμενοςγάρκαθ
1622 2356 1779 2433 ἀναθεωρῶν

205 2451 255 2509 dio
263 2449 425 2529 Areopagi,
438 2451 494 2506 ait.-
503 2449 565 2506 Viri
570 2447 777 2522 Athenienses,
784 2468 838 2527 per
852 2450 952 2507 omnia
1004 2451 1056 2511 ’τλ
1066 2450 1222 2529 σεθάσματα
1235 2450 1320 2526 ὐμῶν,
1336 2439 1409 2528 ripn
1421 2448 1467 2507 καί
1482 2448 1583 2527 βωμὸν,
1594 2449 1621 2506 έν
1641 2437 1664 2527 ᾧ
1681 2446 1776 2525 ἐπιγέ-

205 2544 292 2621 quasi
303 2542 559 2620 superstitiosiores
573 2558 629 2598 vos
648 2538 745 2599 video.
759 2540 809 2598 25.
826 2540 952 2597 Proeter-
1004 2563 1122 2629 γραπτο,
1133 2538 1260 2622 ἀγνώστῳ
1270 2538 1403 2620 ΘεῶὋν
1414 2529 1458 2597 οὐν
1467 2543 1620 2618 ἀγνοοῦντες
1631 2536 1775 2611 εὐοεύεῑτε,

205 2637 269 2694 iens
293 2636 372 2692 enirn
388 2644 417 2690 et
429 2632 534 2690 videns
547 2631 708 2690 simulam
719 2643 832 2706 vestra,
850 2633 954 2688 inveni
1003 2640 1094 2695 τοῦτον
1115 2630 1168 2712 ἀγὼ
1191 2631 1365 2712 καταγγέλλω
1380 2635 1450 2709 ὐμῖν.
1473 2629 1582 2711 Ὥσπερ
1605 2630 1778 2710 ἐγκωμιάζων

206 2744 302 2797 aram,
313 2727 345 2782 in
354 2744 414 2804 qua
422 2725 561 2803 seriptum
571 2736 634 2781 erat
645 2724 768 2803 :Ignoto
776 2723 850 2782 Deo.
862 2723 953 2799 Quem
1005 2723 1114 2798 αὐτούς,
1125 2724 1195 2783 δοκεῖ
1206 2721 1279 2783 οὐδὲν
1295 2721 1380 2802 λέγειν
1391 2722 1470 2805 βαρύ.
1483 2721 1778 2800 Ὡςδεισιδαιμονεστό-

204 2834 272 2896 ergo
282 2818 452 2896 ignorantes
464 2813 572 2889 colitis,
583 2814 662 2871 irino
675 2833 728 2893 ego
739 2816 885 2888 annuntio
898 2833 953 2871 oo·
962 2855 1000 2895 ῃ,
1008 2840 1067 2900 ρους
1080 2821 1162 2893 ὑμᾶς,
1172 2815 1262 2895 and,
1282 2816 1389 2895 θεωρῶ·
1405 2814 1551 2887 τουτέστιν,
1565 2813 1777 2895 εὐλαόεοτέρους.

206 2909 262 2966 bis.
280 2911 319 2965 Ae
332 2905 355 2965 si
369 2906 431 2965 illos
444 2904 578 2976 laudaret,
594 2903 706 2964 videtur
726 2904 796 2963 nihit
810 2904 954 2965 molestum
971 2908 1054 2967 ΑἸἰν
1065 2897 1088 2989 ᾧ
1099 2905 1293 2988 ἐπεγέγραπτο,
1309 2905 1437 2988 ἀγνώστῳ
1457 2910 1529 2987 Θεῷ.
1547 2907 1584 2966 Τί
1607 2910 1664 2966 ἐστι
1684 2913 1778 2978 τοῦτο,

206 2997 308 3058 diacre.
327 2999 420 3077 Quasi
438 3000 705 3077 superstitiosiores,
721 2996 821 3075 inquit,
836 3018 892 3057 vos
907 3001 955 3056 υἱ·
1004 3005 1041 3062 οί
1055 3000 1201 3074 Ἀθηναῖοι,
1213 2998 1304 3072 ἐπειδὴ
1319 2998 1389 3059 κατὰ
1408 3001 1516 3078 καιροὺς
1529 2999 1644 3066 πολλοὺς
1658 2998 1779 3067 ἐδέξαντο

206 3092 283 3160 deo,·
298 3089 388 3164 idest,
403 3089 479 3168 quasi
495 3088 564 3170 pios.
578 3090 617 3148 In
637 3110 698 3169 qua
717 3092 857 3169 seriptum
867 3102 952 3148 erat:
1005 3088 1077 3159 θεούς
1087 3090 1133 3150 καὶ
1142 3089 1197 3150 ἀπὸ
1213 3078 1261 3163 τίς
1273 3090 1434 3172 ὑπερορίας,
1449 3082 1501 3152 οἷον
1516 3091 1547 3151 τό
1561 3095 1609 3162 τῆς
1620 3091 1728 3164 Ἀθηνᾶς
1739 3094 1778 3149 ie-

207 3186 314 3262 Ignoto
324 3182 399 3240 Deo.
412 3178 487 3252 Quid
496 3193 536 3239 est
546 3178 619 3239 hoe?
632 3180 817 3252 Athenienses,
829 3179 895 3257 quia
906 3201 954 3260 per
1006 3183 1060 3264 ρδν,
1069 3184 1114 3243 τόν
1123 3185 1218 3256 Πᾶνα,
1229 3183 1275 3242 καί
1286 3183 1381 3251 ἀλλους
1391 3184 1548 3264 ἀλλαχόθεν,
1564 3183 1725 3257 δεδοικότες,
1740 3183 1778 3261 μή

207 3273 293 3333 multu
308 3286 427 3354 tempore
444 3285 601 3353 acceperant
615 3270 681 3331 deos
696 3270 778 3330 etiam
791 3284 932 3331 extraneos
941 3295 951 3349 ;
1004 3299 1069 3336 ποτε
1092 3273 1137 3333 καλ
1159 3276 1237 3343 ἀλλος
1252 3299 1292 3342 τις
1305 3265 1323 3354 ἦ
1343 3277 1431 3342 αὐτοῖς
1450 3274 1498 3353 μέν
1512 3275 1615 3335 οὐδέπω
1631 3275 1777 3358 γνώριμος,

208 3386 303 3446 nempe
313 3364 444 3446 templum
455 3363 597 3440 Minerrae,
604 3365 689 3438 Pana,
699 3362 820 3440 aliosque
828 3362 939 3423 aliunde
943 3388 952 3441 γ
1005 3365 1211 3450 θεραπευόμενος
1221 3365 1248 3426 δὲ
1259 3367 1393 3446 ἀλλαχοῦ,
1405 3365 1471 3447 ὑπὲρ
1480 3367 1598 3435 πλείονος
1611 3370 1688 3438 δῆθεν
1696 3371 1779 3446 ἀτρα-

208 3457 340 3534 timentes,
363 3478 396 3516 ne
412 3457 479 3515 forte
492 3455 553 3534 quis
566 3455 638 3514 alius
658 3453 779 3515 nondum
800 3468 880 3515 notus
898 3455 953 3515 sihi
1004 3459 1077 3528 λείας
1096 3458 1142 3519 καὶ
1154 3458 1241 3539 τούτῳ
1263 3458 1352 3537 βωμὸν
1367 3457 1495 3531 έοτηοαν·
1508 3459 1553 3517 καὶ
1574 3459 1664 3532 ἐπειδὴ
1685 3463 1732 3518 οὐκ
1745 3451 1778 3531 ἦν

208 3563 285 3623 esset,
296 3549 343 3627 qui
357 3562 445 3607 tamen
458 3547 589 3606 coleretur
601 3547 678 3621 alibi,
693 3546 728 3606 ed
737 3547 866 3628 majorem
877 3569 952 3608 seeu-
1005 3553 1083 3624 δῆλος
1103 3556 1117 3611 ό
1135 3551 1220 3623 Θεὸς,
1240 3549 1436 3631 ἐπεγέγραπτο,
1451 3549 1579 3632 ἀγνώστῳ
1592 3553 1664 3631 Θεῷ.
1678 3553 1778 3610 Τοῦτον

208 3641 316 3700 ritatem
328 3639 393 3699 huic
406 3660 512 3718 quoque
527 3659 604 3698 eram
624 3650 778 3698 erexerunt.
796 3637 869 3711 Quia
888 3660 952 3700 vero
1005 3637 1049 3705 οὐν
1071 3645 1184 3724 Χριστὸν
1198 3645 1302 3715 Ἰησοῦν
1320 3634 1387 3702 εἶναι
1402 3645 1508 3712 Παῦλος
1520 3643 1611 3722 λέγει,
1626 3646 1727 3722 μᾶλλον
1750 3642 1778 3702 δέ

208 3754 262 3794 nou
276 3745 332 3792 erat
343 3732 500 3792 manifestus
514 3733 600 3807 Deus,
615 3730 776 3811 inscriptum
787 3743 855 3807 erat,
866 3735 951 3813 Igno
1003 3740 1056 3796 τῶν
1069 3735 1176 3795 πάντων
1190 3733 1270 3795 Θιόν.
1284 3734 1336 3795 Ὃν
1351 3726 1394 3794 οὐν
1410 3739 1580 3814 ἀγνοοῦντες,
1594 3736 1683 3815 φησίν,
1702 3740 1777 3797 εὐσε-
1837 3796 1841 3801 ,

210 3839 239 3884 to
250 3826 324 3885 Deo.
338 3823 419 3883 Hune
431 3843 495 3903 ergo
510 3825 603 3884 Jesum
616 3821 755 3883 Christum
768 3844 836 3901 esse,
850 3823 954 3888 Paulus
971 3829 989 3877 B
1004 3828 1090 3900 θεῖτε,
1104 3833 1193 3886 τοῦτον
1214 3824 1267 3904 ἐγὼ
1280 3825 1454 3904 καταγγέλλω
1475 3830 1546 3904 ὑμῖν.
1560 3824 1634 3908 Ὅρα
1654 3831 1711 3894 πῶς
1725 3828 1777 3887 θεί-

209 3917 286 3994 dicit,
293 3917 348 3976 imo
359 3915 451 3998 potius
462 3915 649 3975 universorum
665 3915 764 3975 Deum.
776 3917 868 3995 Quem
885 3938 953 3999 ergo
1005 3941 1081 3980 κνυσι
1097 3917 1290 3999 προειληρότας
1302 3918 1390 3977 αὐτόν.
1410 3917 1496 3978 Οὐδὲν
1509 3917 1589 3990 ξένον,
1603 3918 1692 3998 φησὶν,
1706 3917 1780 3978 οὐδέν

209 4014 389 4090 ignorantes,
401 4006 497 4087 iuquit,
512 4006 620 4082 colitis,
638 4008 717 4066 tune
736 4029 788 4087 ego
807 4013 953 4069 annuntio
1006 4015 1094 4076 καινὸν
1108 4012 1232 4094 εἰσφέρω.
1244 4011 1312 4074 'Asos
1324 4010 1370 4071 καλ
1387 4012 1462 4072 κάτω
1475 4016 1553 4072 τοῦτο’
1563 4011 1653 4092 ἔλεγον
1667 4017 1779 4074 ἐκεῖνοι·

183 4114 187 4125 ’
209 4105 303 4162 orabis.
318 4101 391 4164 Vide
402 4099 539 4179 quomodo
554 4098 688 4176 ostendet,
698 4098 771 4180 ipsos
780 4100 954 4182 jampridem
1006 4107 1083 4179 Τίςή
1095 4104 1173 4178 καινὴ
1186 4104 1254 4175 αὐτη
1265 4109 1284 4177 ἡ
1294 4103 1445 4182 λαλουμάνη
1458 4104 1509 4163 ὑπὸ
1524 4112 1571 4164 σοῦ
1589 4106 1702 4186 isium
1716 4104 1780 4175 ξενί-

209 4194 300 4272 ἰῳειιεα
310 4190 583 4273 aeoeptavisse.Nihil
592 4203 758 4264 extraneum,
765 4190 863 4271 inquit,
869 4192 954 4253 nihil·
1005 4203 1083 4270 ζοντα
1092 4199 1144 4279 γάρ
1156 4222 1216 4258 τινα
1231 4195 1359 4278 εἰσφέρεις
1372 4199 1409 4264 εἰς
1421 4196 1468 4263 τάς
1484 4195 1660 4275 ἀκοάςήρῶν.
1675 4197 1781 4264 Εὐθέως

209 4297 370 4365 quenovmu
379 4285 471 4342 affero.
480 4282 539 4342 Hoc
547 4281 590 4341 illi
600 4295 729 4363 perpetuo
738 4281 953 4364 dicebantrQuoe
1006 4283 1049 4350 οὐν
1059 4294 1162 4372 ἀναιρεῖ
1173 4293 1258 4349 αὐτῶν
1273 4289 1323 4361 τὴν
1333 4288 1481 4368 ὑπόληψιν,
1499 4289 1545 4348 καλ
1560 4289 1651 4370 φησίν·
1665 4289 1700 4350 Ὁ
1714 4291 1781 4358 Θεὸς

210 4391 253 4439 est
274 4382 333 4438 ista
353 4398 430 4436 nova
452 4378 505 4434 abs
520 4387 549 4433 te
560 4375 680 4455 prolata
700 4376 861 4435 doctrina?
875 4398 953 4438 nova
1006 4383 1142 4455 όποιήσας
1157 4383 1201 4443 τόν
1223 4381 1332 4458 κόσμον,
1346 4378 1392 4438 καλ
1411 4379 1500 4439 πάντα
1513 4381 1586 4442 τίιέν
1601 4385 1674 4460 αὐτῷ
1687 4427 1696 4451 ,
1709 4373 1782 4450 οὐτος

211 4474 289 4531 enirn
307 4469 443 4549 quadam
457 4469 564 4545 ingeris
582 4467 703 4526 autibus
724 4469 841 4526 nostris·
855 4467 954 4528 Statim
1007 4477 1117 4557 οὐρανοῦ
1128 4475 1174 4535 καί
1186 4479 1235 4554 γῆς
1246 4473 1341 4554 Κόριος
1353 4477 1365 4503 ¹
1378 4470 1517 4555 ὑπάρχων.
1534 4464 1620 4546 hire,
1633 4473 1677 4533 ἵνα
1691 4473 1729 4552 μὴ
1745 4499 1782 4534 νο

211 4583 276 4643 ergo
290 4581 386 4622 eorrun
399 4557 579 4639 suspicionem
590 4556 673 4632 tollit,
685 4570 712 4616 et
722 4556 865 4620 dictust.
874 4561 957 4621 Deus
1007 4565 1120 4646 μέσοισιν
1141 4564 1188 4625 ἕνα
1209 4570 1262 4625 τῶν
1287 4567 1393 4624 πολλῶν
1416 4557 1499 4638 εἶναι,
1520 4565 1667 4647 διορθοῦται
1692 4567 1783 4626 λοιπὸν

212 4658 350 4740 quiseeit
364 4653 502 4714 mundum
518 4663 547 4709 et
564 4653 665 4709 omnia
680 4671 746 4730 quoe
757 4654 790 4709 in
802 4651 858 4710 iilo
876 4666 955 4725 sunt,
1007 4657 1132 4739 ἐπάγων·
1151 4661 1211 4718 Οὐκ
1231 4661 1257 4717 έν
1278 4657 1472 4737 χειροποιήτοις
1488 4665 1558 4724 ναοῖς
1579 4667 1709 4732 κατοικεῖ,
1725 4660 1782 4718 οὐδέ

213 4754 262 4811 irie
272 4750 339 4810 eoeis'
354 4761 382 4808 ei
396 4760 479 4807 terroe
493 4763 560 4803 cum
574 4747 613 4802 sii
625 4743 779 4803 Dominus.
797 4743 910 4822 Deinde,
925 4767 959 4806 ue
1008 4748 1060 4808 ὐπὸ
1082 4751 1179 4829 χειρῶν
1202 4747 1347 4829 ἀνθρώπων
1374 4747 1566 4827 θεραπεύεται,
1590 4748 1783 4828 προσδεόμενός

212 4857 307 4925 irritent
321 4861 406 4900 unum
428 4859 463 4898 ex
483 4835 576 4896 multis
596 4857 669 4909 esse,
681 4835 733 4895 hoc
746 4836 857 4918 corrigit
867 4838 958 4900 siclo·
1009 4864 1086 4910 τινος.
1100 4839 1183 4920 Ὁρᾷς
1203 4838 1274 4907 ὅπως
1294 4836 1363 4898 κατά
1382 4842 1476 4918 μικρὸν
1489 4841 1589 4920 εἰσάγει
1605 4841 1654 4913 τὴν
1674 4844 1783 4921 φιλοσο-

212 4958 296 5016 queos
308 4960 314 4992 ι
325 4937 372 4995 95.
383 4935 450 4992 Νοιι
462 4936 493 4989 in
506 4930 689 5011 manufactis
701 4932 816 5011 templis
829 4933 957 5014 tabita,
974 4948 992 4996 e
1011 4933 1088 5014 ρίαν,
1102 4937 1159 5000 πῶς
1177 4934 1313 5014 καταγελᾷ
1334 4937 1382 5005 τῆς
1403 4932 1563 5005 Ἑλληνικῆς
1585 4933 1700 5008 πλάνης;
1718 4934 1784 5002 Δούς

247 5145 259 5172 “
277 5145 426 5209 [irrueretur
437 5140 467 5190 D.
480 5137 520 5188 tric
531 5137 636 5189 etiniro.
651 5143 659 5206 J
1052 5160 1064 5187 ¹
1082 5148 1247 5215 ὐπάρχοκκίνα
1259 5151 1302 5215 γάρ
1315 5149 1348 5211 pi,
1363 5148 1488 5215 νομίσωσιν,
1502 5140 1659 5211 sicquidem.

249 5239 259 5263 ¹
277 5219 363 5272 ilorci.
376 5229 405 5274 rit
416 5223 524 5285 σεθάυμεπ
536 5222 645 5284 sitiretis.
