3728 5978
584 556 615 600 ιν
644 552 928 601 rrunrcirrouuu
952 554 1089 602 ιιυυιιιι.
1118 558 1141 603 ι.
1562 538 1634 638 879

10 736 20 751 ,
65 680 243 758 χαταδςκάζῃ.
257 677 338 758 Ὁρᾷς
353 676 401 748 τὴν
423 680 469 735 τοῦ
489 674 545 755 βίου
561 673 720 756 γεταδολῆν,
734 679 791 742 πῶς
805 678 841 741 ὡς
895 687 1014 734 mortem
1030 689 1177 756 operatur.
1200 677 1348 738 imitamini
1361 677 1580 741 saltemviduam
1600 681 1637 740 ila

65 759 228 840 ακιὸιπαρατ
246 757 314 837 ἔχει,
328 756 374 815 καλ
386 760 487 816 καπνοῦ
500 755 679 855 εὐτελάρτερον
693 753 842 831 διαλάεταις
892 752 949 813 iam
971 754 1097 892 inopem,
1112 778 1173 835 quae
1188 757 1259 851 duos
1273 758 1366 850 oiiolos
1380 758 1487 851 in'ecitt
1501 758 1637 838 quomodo

10 902 19 917 .
65 841 117 919 οθγ
131 843 167 903 ὡς
183 839 286 918 ἀραγνη
307 836 464 908 διασπθταις
486 838 526 894 Οὐ
546 857 682 911 παυσομαι
702 832 754 913 ἐγὼ
773 856 841 893 παι·
894 852 1071 913 expraecaro
1109 850 1226 918 roposrto
1236 838 1384 916 Jusufirata
1416 851 1466 902 ιιιο.
1487 839 1548 897 Non
1567 839 1637 899 duos

10 920 20 993 j
65 907 152 976 δαίων
164 920 246 992 ὑμᾶς·
260 916 309 974 κάν
321 938 347 973 τι
365 920 472 989 ποιῆτε,
489 913 538 973 κδν
552 915 580 982 δὲ
596 912 634 990 μῆ
657 917 767 984 ποιῆτε,
788 911 841 993 ἐγὼ
894 909 977 971 habes
990 857 1209 976 obolosiUuum
1220 916 1293 976 dato.
1308 919 1365 977 Nec
1377 938 1463 976 unum
1473 916 1580 977 baben?
1593 920 1637 979 Da

10 1004 18 1015 “
63 997 151 1074 λέγω,
164 992 209 1053 καλ
232 994 316 1073 λέγων
330 997 360 1055 οὗ
373 995 526 1071 παύσομαι·
539 992 688 1074 γέγραπται
700 993 767 1071 γάρ·
782 994 885 1060 δία-σει
894 1011 998 1071 panem.
1013 993 1043 1053 Si
1057 1014 1142 1072 noque
1155 1017 1250 1077 panem
1257 997 1367 1074 habeas,
1381 997 1475 1056 saltem
1484 995 1637 1076 ingemisce,

10 1062 23 1095 ²
63 1075 283 1157 κάριοςδλαλῶν
298 1075 334 1141 εἰς
349 1065 406 1133 ἀπα
418 1074 572 1134 ἀκουόντων.
587 1071 716 1149 Παρακοῆ
730 1072 840 1132 θάνατον
856 1075 876 1121 Α
895 1091 957 1131 ουτω
975 1072 1051 1131 rides
1071 1095 1229 1156 pauperem,
1240 1090 1267 1136 et
1284 1077 1371 1137 oratio
1388 1090 1433 1134 tua
1453 1089 1562 1156 accepta
1575 1077 1636 1138 erit.
1744 1082 1749 1090 '

10 1145 27 1211 ,ἶ
63 1153 263 1233 κατεργάζεται.
279 1154 439 1229 Μιμῆσασθε
453 1151 502 1211 κᾶν
512 1151 560 1224 τὴν
571 1151 659 1232 χῆρον
672 1151 775 1223 ἐκείνην
793 1150 841 1224 τῆν
893 1151 963 1210 Nam
970 1151 1018 1230 qui
1031 1152 1106 1213 novit
1116 1154 1220 1215 occulta
1230 1156 1361 1236 cujusque
1371 1155 1478 1231 mentis,
1488 1155 1536 1233 qui
1545 1155 1637 1216 omnia

10 1226 26 1256 ²
63 1232 194 1312 πενιγράν
214 1231 262 1304 πλν
286 1232 346 1299 τοὺς
369 1232 413 1291 δύο
436 1229 770 1304 ὀδολοθςκαταάαλοῦσαν,
785 1235 842 1298 πῶς
893 1231 944 1289 scit
962 1245 1009 1289 ant
1062 1252 1107 1290 am
1121 1234 1197 1311 fiant,
1208 1235 1276 1293 bene
1296 1235 1371 1294 novit
1386 1249 1421 1311 te,
1444 1235 1466 1294 si
1482 1235 1634 1308 habuisses,

10 1304 24 1339 ²
63 1301 208 1384 ἰδικαάίιθη
223 1311 267 1372 διὸ
282 1312 367 1383 καλὴν
385 1311 548 1391 προαίρεσιν.
562 1312 621 1369 Οὐκ
634 1309 702 1391 ίχεις
717 1310 763 1368 δύο
782 1310 841 1369 δὸο-
892 1253 1121 1370 ἀαιυωωἫὶωε.
1132 1313 1303 1394 Propositum
1314 1314 1398 1374 animi
1410 1314 1490 1390 vult,
1502 1335 1549 1373 oor
1561 1335 1638 1373 scru-

10 1386 31 1421 ἶ
62 1391 125 1457 λαὸς
135 1392 238 1464 δοῦναι,
253 1392 304 1457 Δὸς
318 1390 373 1449 ἕνα.
386 1392 445 1449 Οὐκ
455 1389 524 1470 ἔγεις
537 1387 595 1462 ἕνας
607 1389 658 1455 Δὸς
669 1389 756 1468 άρτον.
771 1388 840 1448 Οθδὸ
892 1402 966 1448 tatur
975 1405 1001 1449 et
1013 1392 1090 1450 novit
1103 1417 1110 1450 ι
1125 1393 1207 1452 homo
1218 1393 1325 1453 enimin
1339 1394 1445 1465 taciem,
1460 1394 1534 1453 Deu's
1546 1406 1637 1453 autem

10 1468 31 1501 ¹
62 1468 144 1549 ἄρτον
165 1469 247 1548 (pecc,
263 1471 320 1529 Ιίάν
343 1468 465 1536 στέναξον
478 1458 639 1545 θεασάμενος
658 1468 703 1528 τὸν
722 1469 839 1542 πένητα,
892 1468 920 1527 in
935 1489 982 1528 cor
998 1470 1117 1544 respicit.
1130 1473 1206 1552 Rogo
1217 1473 1315 1552 igitur,
1328 1487 1433 1534 servate
1451 1493 1538 1554 praecc
1557 1487 1634 1549 tum,

10 1547 30 1581 ¹
63 1550 111 1608 καί
132 1548 250 1608 δέδεκταί
267 1572 312 1608 σου
334 1547 464 1620 ῆδέησις.
483 1547 518 1607 ‘0
537 1547 572 1625 γὸ
610 1547 784 1626 ἐπιστάμενος
805 1547 840 1607 τὸ
892 1548 966 1627 quod
986 1551 1067 1612 vobis
1085 1550 1183 1617 trado:
1198 1556 1237 1612 Iu
1253 1556 1308 1613 troc
1330 1557 1408 1613 enim
1424 1495 1561 1633 discipuii'
1578 1556 1636 1611 mei

10 1630 30 1677 F
62 1628 118 1687 ἀπό
136 1631 203 1706 ρητα
211 1633 258 1698 τῆς
268 1628 382 1693 διανοίας
394 1572 684 1701 ίκάστου,ὁτὸπάντα
693 1626 767 1694 εἰδὼς
777 1627 840 1706 πρὶν
891 1632 983 1701 eritis,
998 1634 1025 1689 si
1044 1630 1175 1711 diligatis
1195 1637 1330 1692 invicem.
1347 1632 1412 1690 Huc
1425 1632 1510 1712 ipsius
1524 1630 1635 1690 Domini

10 1712 30 1781 3
62 1730 109 1785 γεν
124 1712 186 1765 σθαι
199 1708 276 1780 αὐτὸ,
289 1698 356 1766 οἶδεν
368 1705 418 1780 ὅτι,
433 1709 455 1765 εἰ
467 1699 545 1788 εἶχες,
561 1707 661 1774 ίδίδως.
676 1705 735 1777 Τὴν
748 1707 838 1785 προαί·
894 1728 947 1767 vox
955 1722 1002 1785 est,
1013 1730 1095 1787 quam
1108 1709 1181 1769 dixit
1192 1709 1352 1792 discipulis3
1365 1724 1391 1770 et
1402 1730 1507 1786 rursus,
1519 1711 1634 1791 Diliges
1643 1721 1720 1765 Mare.
1736 1731 1772 1767 ιε.

10 1791 23 1823 ¹
66 1808 139 1866 ρεσιν
155 1783 241 1860 θέλει,
257 1785 306 1858 τὴν
327 1786 438 1866 καρδίαν
453 1787 571 1866 διερευνᾷ
585 1784 630 1845 καί
643 1775 725 1844 οἶδεν·
740 1784 841 1866 άνθρω-
856 1789 874 1836 Β
892 1790 1053 1847 Dominum
1064 1791 1160 1848 Deum
1175 1802 1256 1848 tuum
1271 1813 1307 1849 ex
1316 1791 1383 1850 totis
1394 1793 1508 1849 viribus
1521 1793 1590 1866 tuis,
1605 1803 1634 1848 et
1644 1782 1683 1828 ³⁰·
1704 1781 1743 1826 ³¹·

10 1872 29 1943 ξ
62 1888 113 1931 πος
129 1861 181 1970 γάρ
194 1870 231 1933 είς
243 1864 396 1945 πρόσωπον,
409 1865 454 1923 καὶ
468 1865 535 1931 Θεὸς
553 1867 590 1933 ἐίς
612 1863 733 1944 καρδίαν.
747 1866 841 1942 Παρα-
891 1871 1055 1936 proximum
1072 1880 1154 1926 tuum
1166 1873 1241 1928 sicut
1253 1874 1386 1949 teipsum.
1401 1874 1439 1928 ln
1458 1870 1505 1928 δίε
1521 1869 1634 1928 ἀιιοθιιε
1643 1843 1731 1965 gffi'gj
1741 1856 1783 1964 ἓξ

10 1954 27 1987 Ι·
63 1947 139 2003 καλῶ
150 1967 205 2018 ουν,
215 1944 346 2024 φυλάξατε
356 1944 404 2018 τῆν
416 1943 607 2026 παραγγελίαν,
619 1944 652 2015 ἣν
663 1944 841 2023 παραγγέλλω
892 1948 1043 2006 mandatis
1055 1959 1118 2006 tota
1130 1947 1178 2006 lex
1195 1961 1224 2007 et
1234 1951 1391 2028 prophetoe.
1407 1950 1483 2027 Rogo
1495 1946 1590 2027 igitur,
1602 1960 1635 2006 ut

10 2034 27 2067 Ι
63 2026 141 2100 ὑμῖν·
157 2023 205 2085 Ἐν
219 2025 269 2103 γὰρ
282 2024 367 2103 τούτῳ
381 2023 440 2101 ἐμοὶ
455 2023 572 2101 μαθηταί
582 2026 657 2097 ἐστι,
667 2024 713 2083 tto
720 2027 842 2102 ἀγαπᾶτε
892 2025 951 2084 sitis
960 2039 1054 2084 mutuo
1063 2026 1186 2100 humani,
1202 2027 1361 2108 hospitales,
1376 2046 1526 2108 pauperum
1535 2045 1634 2086 amnn-

10 2115 27 2149 =
65 2101 205 2175 ἀλλήλους.
226 2107 312 2163 Αθτοῦ
330 2110 376 2164 τοῦ
400 2102 535 2162 Δεσπάτου
563 2103 635 2183 φωνή
661 2104 742 2175 ἐστιν,
765 2103 841 2170 αὐτὸς
892 2117 948 2163 tes:
962 2105 1097 2186 pracipue
1111 2126 1175 2164 vero
1188 2106 1240 2165 Dei
1256 2106 1427 2166 dilectionem
1441 2103 1635 2186 perpetuaba-

10 2176 25 2229 5
63 2172 123 2241 εἷπε
141 2192 196 2251 τοῑς
208 2183 408 2259 μαθηταῖς·καλ
421 2181 511 2255 ποῦιιν,
519 2182 676 2260 Ἀγαπήσεις
688 2180 785 2261 Κύριον
796 2182 841 2241 τὸν
891 2183 1060 2258 beamus,ut
1076 2184 1210 2264 possimus
1221 2185 1298 2264 digni
1314 2185 1409 2244 haberi
1424 2198 1528 2244 aeternoe
1545 2183 1632 2245 vitae:

10 2277 25 2310 Ι
63 2260 231 2330 Θεόνσουίξ
244 2262 306 2334 άλης
319 2267 366 2332 τῆς
379 2260 469 2341 ἰσχύος
483 2261 603 2334 σου,καί
615 2260 660 2319 τὸν
670 2261 782 2332 πλησίον
795 2284 841 2321 σου
891 2284 972 2342 quarn
991 2263 1095 2322 utinam
1117 2284 1165 2322 nos
1184 2285 1275 2323 omues
1293 2285 1480 2342 assequamur,
1500 2262 1586 2343 gratia
1607 2276 1634 2321 ot

17 2339 24 2391 i
63 2344 100 2406 ῶς
113 2341 219 2401 ἔαυτόν·
232 2343 259 2399 ἐν
275 2340 384 2408 ταύταις
398 2339 471 2399 δυσὶν
479 2342 596 2407 ἐντολαῖς
610 2340 668 2406 ὅλος
679 2344 694 2399 δ
706 2340 785 2417 νόμος
793 2340 838 2399 καλ
892 2340 1056 2421 benignitate
1069 2342 1179 2401 Domini
1194 2344 1278 2402 nostri
1287 2347 1351 2406 ιίοειι
1365 2342 1477 2415 Christi,
1490 2343 1534 2402 cui
1546 2340 1632 2422 gioria

10 2440 24 2473 ι
63 2422 88 2478 oi
102 2425 246 2500 προφῆται.
263 2421 419 2499 Παρακαλῶ
437 2419 523 2479 τοίνυν
537 2419 642 2478 ἔσεσθαι
654 2422 692 2486 εἷς
708 2420 839 2490 ἀλλήλους
891 2436 916 2481 et
926 2423 963 2480 im
984 2421 1071 2480 crium
1082 2443 1143 2480 cum
1152 2422 1232 2482 Patre
1240 2437 1266 2483 et
1275 2423 1378 2505 Spiritu
1390 2419 1632 2502 sanct0,innaeculn

10 2520 21 2553 ι
62 2499 265 2580 φιλάνθρωπος,
295 2499 447 2579 φιλόξενοι,
480 2498 665 2578 φιλόπτωχοι·
701 2498 839 2578 ἐξαιρέτως
890 2443 1059 2561 saecuidrum.
1073 2504 1167 2561 Amen.

10 2600 21 2631 ι
61 2577 111 2647 τὴν
133 2582 170 2644 είς
198 2579 267 2638 Θεὸν
292 2579 417 2649 διηνεκῶς
441 2582 591 2657 κρατῶμεν,
618 2576 661 2636 ἵνα
686 2577 871 2656 δυνηθῶμινς.

10 2682 19 2715 ι
62 2654 262 2729 ἀξιωθῆναιτῆς
276 2656 381 2717 αἰωνίου
395 2662 480 2729 ζωῆς,
495 2649 528 2728 ἧς
538 2656 638 2755 γίνοιτο
651 2657 753 2725 πάντας
765 2663 837 2735 ἡμᾶς

13 2766 17 2791 e
62 2736 206 2817 ἐπιτυγεῐν,
223 2737 315 2816 χάριτι
327 2735 373 2794 καλ
386 2740 569 2817 φιλανθρωπιφ
584 2742 630 2794 τοῦ
641 2736 742 2816 Κυρίου
758 2741 836 2814 ἡμῶν

10 2844 17 2879 ι
61 2807 294 2896 ἸησοῶΧριατοῦ,
315 2807 338 2895 ᾧ
354 2819 372 2886 ἦ
387 2815 449 2883 δόξα
468 2814 514 2874 καί
534 2815 565 2873 τὸ
584 2815 679 2894 κράτος
689 2813 734 2875 σδν
746 2816 834 2897 Πατρλ

10 2926 16 2949 ι
60 2893 107 2952 καί
131 2894 199 2976 ἁγίῳ
219 2895 372 2971 Πνεύματι,
391 2898 427 2962 είς
445 2892 506 2960 τοὸς
528 2896 624 2962 αἰῶνας
646 2899 699 2955 τῶν
722 2894 833 2956 αἰώνων.

10 3006 16 3038 5
60 2972 153 3057 Ἀμήν.

10 3189 12 3197 ι
93 3179 1628 3213 Μ

540 3431 542 3434 ⁷
636 3352 1052 3480 MONITUM

415 3597 464 3670 iu
489 3599 680 3671 summu
705 3599 955 3672 snuuouus
980 3600 1044 3673 un
1067 3599 1273 3698 insumo.
1371 3563 1372 3566 ‘
1469 3580 1474 3587 '

101 3799 162 3857 Non
176 3811 215 3857 ost
229 3796 302 3876 quod
315 3799 440 3858 lectorem
456 3820 621 3876 moneamus,
636 3799 717 3861 hosce
729 3801 764 3861 de
777 3801 885 3882 Jejunio
895 3823 1029 3863 sermones
1043 3801 1217 3862 brevissimos
1230 3822 1282 3861 nou
1296 3822 1352 3862 esse
1365 3784 1568 3882 Chrysostomi,
1578 3800 1626 3883 sed

60 3887 202 3968 cujusdam
218 3887 336 3968 imperiti
354 3889 472 3948 Graeculi
486 3904 512 3948 et
524 3891 682 3971 piorumque
702 3892 825 3971 nugacis,
841 3892 888 3970 qui
900 3892 958 3952 haro
977 3894 1012 3952 ab
1026 3914 1055 3952 se
1068 3895 1251 3953 consarcinata
1263 3894 1457 3974 Chrysostomo
1468 3892 1622 3974 adscripsit.

58 3985 126 4043 Haec
140 3981 233 4040 Latine
245 3982 435 4060 convertimus,
451 4004 500 4042 nec
512 3983 569 4042 sine
581 3982 690 4044 fastidio
711 3998 738 4043 ct
746 3985 856 4060 labore,
872 4005 936 4043 uam
948 3985 1062 4065 scriptor
1077 3985 1122 4044 hic
1135 4007 1178 4052 res
1189 3984 1326 4045 interdum
1335 3985 1374 4045 sic
1388 3985 1581 4062 enuntiatrix
1594 3997 1626 4043 ut

59 4076 237 4155 intelligatur,
252 4076 325 4154 quod
336 4091 375 4137 est
386 4077 415 4136 in
425 4078 543 4137 oratione
553 4078 652 4140 vitium
667 4079 712 4140 rel
723 4079 884 4156 maximum,
895 4079 983 4157 inquit
995 4079 1113 4140 Tullius.

200 4438 248 4505 Είς
261 4437 384 4520 κήρυγμα
401 4438 532 4511 νηστείας.
553 4439 637 4518 Λόγος
651 4439 688 4499 α’.
847 4446 867 4492 1)
975 4444 1014 4500 In
1021 4442 1262 4522 praedicutiouem
1268 4445 1385 4525 jejunii.
1398 4443 1498 4505 Sermo
1507 4447 1534 4503 Ι.

99 4618 163 4677 Ἐπὶ
184 4618 324 4700 θεραπείαν
346 4621 461 4703 τῆμερυν
475 4626 489 4681 δ
503 4623 570 4690 Θεὸς
592 4623 624 4682 τὸ
645 4622 718 4702 γίνος
729 4605 828 4685 ίκαλεῐ.
923 4624 966 4685 ud
982 4625 1115 4687 modelam
1124 4626 1207 4689 hodie
1218 4630 1291 4689 Deus
1306 4650 1391 4710 genus
1404 4643 1526 4690 nostrum
1538 4629 1625 4692 advo-

58 4697 188 4776 Ἰατρείαν
200 4700 251 4779 γὸρ
262 4699 305 4756 διὸ
315 4707 361 4759 τοῦ
371 4702 505 4783 προφήτου
516 4701 564 4773 τὴν
574 4701 695 4775 νηστείαν
703 4704 828 4786 ὡρίσατο,
883 4719 934 4771 rat.
944 4705 996 4765 Per
1004 4728 1054 4787 pro
1074 4707 1165 4769 hetam
1175 4709 1247 4768 enim
1250 4709 1384 4790 jejunium
1395 4709 1560 4770 medecinam
1569 4731 1626 4770 esse

58 4776 212 4856 Ἁγιάσατε,
236 4778 266 4837 λέ
284 4803 336 4857 ων,
363 4781 502 4853 νηστείαν,
529 4782 656 4863 κηρύξατε
677 4783 828 4863 θιραπείαν.
882 4729 1228 4870 definivitztinctificote
1236 4793 1394 4879 jejunium,
1407 4788 1506 4867 inquit,
1540 4791 1625 4850 roedr'·
1634 4813 1773 4878 J„,1‚1,14,

57 4856 170 4928 Ἐπειδὴ
185 4858 236 4938 γὸρ
250 4803 316 4917 ε’ίδεν
340 4863 354 4917 ὁ
374 4860 442 4927 Θεὸς
457 4864 487 4919 ἐκ
501 4861 661 4941 παραδείσου
674 4863 828 4944 πολυτραυ-
883 4877 949 4923 cate
967 4866 1120 4926 medelam.
1131 4866 1202 4939 Quia
1224 4889 1296 4927 enim
1309 4868 1381 4928 vidit
1396 4870 1469 4927 Deus
1488 4811 1626 4933 Adamum
1665 4941 1667 4945 Α

57 4937 185 5014 μάτιστον
198 4939 243 4996 τὸν
257 4939 341 5017 ’Atto
358 4939 503 5015 βληθέντα,
524 4940 663 5021 θεραπείαν
682 4941 767 5024 τούτῳ
779 4941 828 5014 τὸν
883 4943 977 5003 multis
989 4945 1149 5005 vulneribus
1159 4947 1310 5006 coniectum
1323 4968 1358 5006 ex
1369 4946 1497 5026 paradiso
1509 4948 1625 5029 ejectum

57 5016 180 5086 νηστείαν
199 5016 343 5096 ἀπένειμε·
364 5021 461 5085 καλῶς.
474 5022 500 5078 T
503 5019 511 5078 t
524 5019 576 5098 γὰρ
589 5021 636 5079 οὐκ
653 5021 765 5100 ίατρεάει
778 5044 827 5095 νη-
882 5022 977 5099 tuisse,
990 5023 1055 5083 huic
1070 5023 1203 5084 medelam
1211 5026 1346 5106 jejunium
1356 5025 1514 5119 assignavit,
1528 5041 1554 5087 ct
1563 5030 1624 5108 qui-

58 5093 149 5163 στείας
160 5099 240 5156 Ποῖον
254 5097 282 5157 δὲ
296 5097 379 5162 πάθος
390 5100 437 5156 οὐκ
451 5099 569 5177 ἀφανίζει
583 5104 629 5157 τοῦ
642 5107 700 5175 νοῦς
712 5103 737 5160 Τ
738 5101 765 5160 ὸν
781 5107 829 5174 τῆς
883 5100 945 5161 dem
963 5117 1045 5163 recte.
1059 5103 1135 5175 Quid
1147 5104 1219 5164 euim
1232 5126 1286 5164 uon
1300 5119 1375 5164 sanat
1384 5105 1539 5186 jejunium?
1550 5108 1625 5187 quod

59 5170 189 5249 ἀκρασίας
214 5177 290 5255 κάρον
307 5175 492 5246 άποδιώξασα,
516 5179 678 5247 ἀνακαινίξει
700 5179 827 5260 καρδίαν·
883 5181 978 5240 animai
993 5182 1093 5242 vitium
1107 5204 1159 5242 nou
1174 5183 1266 5244 delet?
1276 5185 1490 5266 intemperantiae
1505 5187 1626 5248 satietate

58 5259 105 5312 τοῦ
122 5251 179 5330 βίου
198 5254 227 5314 τὸ
241 5259 272 5334 θγ
290 5256 318 5314 δν
333 5255 519 5328 ἐκκενώσασα,
540 5265 586 5318 τοῦ
609 5263 690 5336 θυμοῦ
705 5259 753 5327 τὸς
766 5262 828 5340 φλε·
883 5260 1030 5340 eliminata,
1042 5283 1087 5321 cor
1096 5278 1219 5342 renovat3
1232 5264 1294 5323 vita
1305 5264 1417 5324 humore
1429 5267 1624 5343 evacuato,irae

58 5332 157 5409 γμονὸις
169 5280 355 5405 καταστίλλει,
368 5340 412 5395 τοῦ
425 5336 518 5416 φθόνου
530 5335 579 5410 τῆν
593 5338 761 5418 σκληρότητα
781 5363 828 5400 κα·
883 5339 1005 5401 ardorem
1026 5342 1196 5422 comprimit,
1222 5343 1333 5405 invidia
1356 5343 1484 5408 duritiem
1507 5346 1623 5427 emollit,
