3742 5970
98 481 180 577 024v

814 486 947 536 spuma,

100 626 204 708 privam
226 620 378 697 redemisti,
403 615 594 677 coutumeliam
614 614 771 674 inferentem
790 632 842 670 non
861 617 882 664 tt
896 633 951 684 σω,
966 610 1197 688 τὴναίμαχθεῖσαν
1210 608 1386 684 ἀπίπλυνας,
1399 608 1452 680 τὴν
1464 607 1575 681 ὑπὸτῆς
1585 613 1667 680 ἡδονὶς

100 707 174 768 ultus
185 725 222 777 es,
237 701 382 781 fugitivam
396 696 539 773 revocasti,
555 695 685 774 sanguine
696 712 844 774 respersam

100 783 221 855 abluisti,
233 803 250 843 a
262 779 403 861 voluptate
415 777 492 856 quasi
504 788 604 837 venatu
617 788 723 856 captam
733 793 845 852 recupe-

100 864 177 935 rasti,
192 863 303 940 dignam
318 873 419 919 tartaro
432 856 493 916 eaeli
504 855 593 914 civem
605 854 702 927 fecisti,
718 874 734 911 a
766 852 844 911 eheu·

101 966 135 1005 na
145 940 277 1018 liberasti,
288 961 304 999 a
315 938 406 1020 gladio
416 935 562 1007 redemisti,
573 958 589 994 a
600 934 718 994 vinculis
726 874 842 1008 solvisti,

101 1037 200 1082 {eterna
212 1021 271 1081 vita
283 1020 460 1099 dignatum,
472 1037 489 1075 a
504 1014 623 1096 periculo
637 1013 769 1095 eripuisti,
779 1011 844 1070 dia-

101 1103 196 1163 bolum
217 1099 321 1183 pudore
340 1096 479 1158 suffodisti
489 1141 498 1170 ,
512 1094 721 1176 chirographum
742 1093 844 1153 discer-

122 1185 189 1241 sisti.
214 1183 239 1240 0
261 1180 393 1239 bonarum
417 1177 600 1256 lacrymarum
628 1171 761 1253 agricola!
777 1169 844 1249 quid

101 1205 146 1321 liis
160 1259 297 1320 miraculis
309 1256 499 1339 splendidius?
515 1254 662 1313 Convenite
672 1253 756 1333 igitur
764 1265 843 1330 quot·

102 1355 169 1420 quot
182 1342 210 1401 in
223 1340 285 1399 talis
298 1336 433 1429 naufragii
442 1334 592 1417 periculum
602 1333 749 1408 incidistis3
763 1331 843 1391 scito-

104 1436 139 1494 te,
155 1421 259 1495 discite,
272 1418 416 1492 docemini,
432 1414 535 1496 peccati
557 1415 677 1472 fructum
697 1432 753 1472 esse
766 1432 844 1469 mor-

103 1515 169 1576 tem,
189 1502 307 1559 fructum
327 1518 392 1558 vero
413 1494 530 1576 Spiritus
550 1516 605 1554 esse
618 1494 715 1568 vitam,
739 1511 843 1573 pacem,

103 1580 352 1640 sanctificationem.
369 1580 508 1653 Quotquot
518 1574 603 1654 igitur
618 1594 690 1633 nunc
700 1586 726 1631 et
742 1592 846 1651 semper

104 1661 173 1720 hane
187 1673 302 1720 mortem
321 1658 439 1737 effugere
451 1653 550 1731 vultis,
564 1653 636 1713 dicta
656 1652 746 1712 omnia
763 1651 792 1709 in
803 1672 845 1710 ar-

103 1754 263 1819 gumentum
282 1738 377 1798 salutis
396 1735 519 1816 accipite,
533 1747 559 1792 et
575 1734 627 1793 hoc
640 1753 746 1823 semper
756 1730 845 1822 medi·

103 1820 198 1879 tamini
212 1840 314 1890 omnes,
330 1815 465 1898 praecipue
478 1827 568 1872 autem
582 1813 706 1872 monachi
720 1825 746 1870 et
759 1809 845 1900 virgi·
862 1820 882 1869 E
900 1810 1018 1893 ρύσασαι
1031 1818 1070 1894 τῷ
1083 1813 1188 1895 Κυρίῳ·

104 1920 162 1971 nes,
184 1920 243 1977 qua
265 1918 377 1977 corpora
401 1907 489 1953 restra
513 1894 629 1953 Domino
650 1903 843 1970 consecrastis,

69 1993 92 2040 6.
103 1976 406 2060 Spiritu-ambulate,
431 1986 460 2033 et
483 1973 659 2032 desiderium
682 1975 781 2031 carnis
808 1992 845 2030 ne

101 2059 274 2140 perficiatis.
290 2058 360 2116 Nam
383 2052 598 2135 eoncupiscentia
619 2051 707 2112 carnis
725 2051 844 2110 lructum

103 2137 205 2218 peccati
228 2149 341 2195 mortem
362 2133 493 2214 protulit3
508 2134 614 2192 fructus
635 2152 701 2191 nero
723 2128 844 2210 Spiritus

103 2217 188 2277 vitam
201 2231 341 2291 aetemam,
356 2210 843 2294 incorruptionem,sanctificationem

102 2311 129 2356 et
141 2317 235 2378 pacem
253 2296 350 2354 auimae
363 2307 389 2352 et
402 2293 531 2374 corporis.
547 2293 716 2383 Quapropter
730 2290 781 2349 hoc
791 2309 842 2349 no·

103 2389 162 2435 turn
181 2376 308 2437 omnibus
322 2373 400 2434 vobis
421 2372 465 2449 sit,
480 2372 583 2432 nullam
595 2383 725 2433 virtutem
746 2370 845 2450 pretio-

102 2456 201 2517 siorem
214 2454 370 2534 virginitate
382 2469 440 2513 esse
451 2452 487 2511 ad
503 2473 583 2512 omne
596 2471 704 2543 germen
719 2449 843 2531 pietatis,

103 2535 186 2594 sedet
204 2535 307 2594 nullam
318 2533 382 2592 huic
393 2531 510 2592 similem
522 2531 647 2624 reper1ri,
660 2530 683 2589 si
697 2528 845 2590 monachus

102 2613 150 2673 ille
162 2628 209 2673 aut
221 2615 298 2694 virgo
316 2625 405 2672 mente
426 2632 478 2672 non
493 2610 638 2671 fornicetur
650 2635 656 2668 :
668 2631 731 2669 nam
744 2610 844 2689 cogita·

103 2695 207 2754 tionum
230 2713 373 2753 cousensus
386 2704 470 2751 totam
496 2711 553 2751 rem
567 2691 684 2772 perfecit.
700 2691 761 2748 Non
772 2689 845 2749 enim

67 2824 77 2840 ,,
103 2773 222 2833 mendax
239 2786 288 2846 est,
302 2773 350 2851 qui
366 2771 459 2831 dixit:
474 2774 576 2832 Omnis
589 2775 641 2852 qui
653 2774 771 2852 respicit
782 2790 844 2828 mu-

104 2855 204 2915 lierem
221 2855 264 2912 ad
273 2853 535 2932 concrepiseendum
549 2871 625 2923 eam,
635 2854 700 2932 jam
713 2852 843 2909 moeclta·

896 695 1065 770 θηρευθεῖσαν
1077 688 1249 763 ἀπίστασας,
1260 689 1311 762 την
1324 688 1472 770 ταρτάρων
1489 688 1564 757 ἀξίαν
1575 694 1667 770 ούρανο-

896 771 1019 832 πολίτιδα
1040 771 1207 852 ἀπειργάσω,
1226 777 1273 844 τῆς
1296 771 1410 850 γεέννης
1424 773 1668 852 ἧλευθὲμοσας,τῆς

897 850 1029 931 ῥομφαίας
1039 850 1194 932 ἐλυτρώσω,
1205 858 1258 912 τῶν
1274 854 1384 930 δεσμῶν
1400 853 1516 928 ἔλυσας,
1535 859 1583 924 τῆς
1598 857 1667 914 utto

896 934 965 1002 ζωῆς
975 930 1107 1006 ἠξίωσας,
1118 939 1164 991 τοῦ
1172 934 1292 993 κινδύνου
1304 933 1361 1012 ἀφή
1427 956 1477 999 σας
1487 976 1495 1002 ,
1507 935 1552 993 τὸν
1562 935 1667 994 διάθσλω

896 1009 1013 1090 ᾔσχυνας
1023 1057 1031 1085 ,
1042 1009 1073 1069 τδ
1083 1011 1258 1094 χειρόγραφον
1269 1013 1361 1092 διέρῤη
1380 1037 1425 1080 ας.
1436 1013 1475 1071 Ὦ
1488 1014 1608 1090 δακρύων
1618 1017 1668 1094 ἀγα

896 1094 948 1149 θῶν
960 1090 1058 1173 γεωργὲ
1069 1133 1078 1159 ,
1091 1091 1118 1149 τί
1133 1092 1231 1152 τούτων
1244 1092 1441 1174 λαμπρότερον
1459 1096 1514 1150 τῶν
1529 1096 1667 1171 θαυμάτων,

897 1171 1045 1245 Σονίλθητε
1054 1166 1098 1234 ούν
1111 1170 1172 1231 deut
1181 1177 1219 1254 τῷ
1232 1172 1346 1253 τοιούτῳ
1358 1172 1480 1252 κινδύνῳ
1495 1179 1542 1231 τοῦ
1558 1179 1666 1254 ναυαγίαι

897 1252 1079 1331 περιεπίσετε,
1095 1256 1194 1328 γνῶτε,
1218 1254 1384 1334 διδάχθητε,
1411 1253 1591 1327 παιδεύθητε,
1609 1256 1668 1315 tet

898 1328 946 1407 μίν
959 1334 1007 1403 τῆς
1021 1333 1153 1415 ἁμαρτίας
1170 1333 1271 1415 καρπύς
1290 1335 1349 1392 ἐστι
1364 1334 1566 1405 θάνατος,δδὲ
1585 1344 1668 1415 repes<

897 1414 943 1468 reli
955 1412 1109 1490 Πνεύματύς
1129 1416 1184 1473 ἐστι
1206 1413 1262 1487 ζωὴ
1283 1414 1331 1472 καί
1352 1416 1454 1494 εἰρήνη
1478 1416 1527 1474 καί
1547 1417 1667 1492 {presule

896 1487 979 1550 Ὅσοι
992 1501 1035 1553 νῦν
1050 1493 1138 1554 τεκαὶ
1155 1492 1271 1553 πάντοτε
1287 1493 1419 1572 βούλεσθε
1432 1499 1558 1574 ἐκφυγεῖν
1576 1494 1616 1553 τὸν
1631 1502 1669 1556 θί-

898 1592 975 1630 νατον
987 1572 1130 1649 τοῦτον,τά
1140 1573 1271 1650 λεγόμενα
1286 1573 1401 1633 ἅπαντα
1416 1577 1546 1634 ὑπόθεσιν
1558 1577 1669 1645 σωτηαίας

897 1649 1008 1712 λάδιτε·
1021 1654 1066 1712 καί
1079 1659 1156 1715 τοῦτο
1171 1653 1212 1712 ἀεί
1226 1657 1358 1730 μελετᾶτε
1374 1656 1496 1727 πάντες,
1512 1638 1641 1736 ἐξαιρέτως
1649 1660 1669 1717 δὲ

898 1736 923 1791 τί
934 1733 1097 1810 μονάζοντες,
1105 1733 1151 1794 καί
1163 1733 1288 1873 puppinum
1301 1739 1330 1793 αί
1343 1733 1383 1793 τά
1399 1736 1521 1813 σώματα
1532 1741 1604 1815 ύμιῖιν
1612 1741 1670 1817 ἀρα·

1230 1812 1344 1891 νεύματι
1357 1824 1560 1895 περιπατεῖτε,
1572 1818 1615 1875 καὶ
1627 1822 1670 1877 ἐτι·

897 1893 993 1973 θυμίαν
1003 1892 1100 1974 σαρκδς
1116 1896 1144 1954 οὐ
1163 1893 1200 1970 μὴ
1213 1893 1353 1965 τελέσητε.
1370 1895 1409 1954 ‘ll
1424 1895 1480 1977 γὰρ
1498 1899 1621 1975 ἐπιθυμία
1631 1905 1668 1969 τῆς

897 1973 994 2052 σαρκὸς
1002 1973 1046 2032 τδν
1057 1974 1158 2055 καρπὸν
1169 1978 1217 2045 τῆς
1228 1974 1367 2053 ἁμαρτίας
1383 1975 1504 2034 θάνατον
1516 1976 1670 2047 ἐῦλάστητεν·

896 2054 910 2110 δ
922 2051 950 2113 dl
961 2054 1083 2132 καρπθςὸ
1091 2054 1268 2129 πνευματικὸς
1276 2053 1348 2127 ζωὴν
1360 2054 1475 2114 αἰώνιον
1486 2057 1535 2113 καὶ
1543 2059 1670 2136 ἀφθαρσίαν

897 2131 942 2191 καί
953 2135 1083 2211 ἀγιασμὸν
1095 2131 1140 2193 καί
1154 2133 1258 2212 εἰρήνην
1270 2136 1402 2214 ψυχικῶς
1412 2160 1445 2194 τε
1459 2136 1508 2194 καί
1520 2142 1670 2212 σωματικῶς.

895 2214 944 2273 Art
968 2223 1049 2274 πᾶσιν
1073 2216 1136 2290 ύμῖν
1157 2219 1234 2273 τοῦτο
1256 2215 1382 2316 γνωστὸν
1407 2215 1497 2290 ἔστω,
1522 2222 1559 2284 ὡς
1582 2221 1671 2295 ολδεμία

896 2293 977 2374 ἀριτὴ
992 2294 1138 2374 τιμιωτέρα
1157 2298 1299 2372 παρθενιας
1321 2296 1448 2375 πέφυκεν
1471 2301 1512 2363 εἷς
1531 2308 1584 2356 πᾶν
1607 2299 1671 2377 φυτὸν

896 2374 1005 2452 ἀρετῆς,
1026 2371 1086 2434 ἀλλ’
1109 2373 1168 2432 οὐδὲ
1190 2373 1270 2452 ὁμοία
1284 2374 1393 2447 ταύτης
1415 2376 1586 2457 εὑρίσκεται,
1607 2379 1672 2436 the

897 2453 1017 2529 μονάζων
1039 2459 1151 2525 ἐκεῖνος,
1171 2451 1189 2523 ἢ
1211 2458 1228 2526 ἡ
1250 2457 1387 2532 παρθίνος
1409 2457 1484 2516 κατὰ
1508 2458 1621 2518 διάνοιαν
1641 2459 1670 2536 μὴ

896 2534 1058 2616 ἀκπορνειίση
1068 2559 1073 2571 ·
1085 2537 1101 2605 ἡ
1111 2533 1162 2611 γὰρ
1172 2535 1368 2612 συγκατάθεσις
1380 2541 1439 2595 τῶν
1449 2538 1589 2617 λογισμῶν
1599 2549 1671 2597 πᾶσαν

897 2612 945 2684 τὴν
959 2614 1053 2695 πρᾶξιν
1068 2613 1234 2673 ἀπετέλεσεν.
1248 2613 1383 2695 Ἀψευδὴς
1398 2616 1480 2697 γδρθ
1492 2619 1590 2678 εἰπών·
1602 2621 1672 2687 Πέςδ

898 2692 1003 2771 βλέπων
1015 2704 1126 2775 γυναῖκα
1136 2694 1202 2774 πρὸς
1215 2692 1245 2752 τδ
1258 2695 1435 2772 ἐπιθυμῆσαι
1449 2701 1535 2771 αὐτῆς
1549 2699 1599 2769 ἤδη
1613 2700 1671 2777 ἐμαί·

896 2795 990 2852 χευσεν
1006 2775 1086 2847 αὐτὴν
1106 2778 1133 2834 ἐν
1147 2773 1290 2856 τῇτιαρδίφ
1308 2777 1406 2835 αὐτοῦ.
1421 2778 1515 2837 Οὐδὲν
1534 2779 1562 2838 δὲ
1577 2803 1672 2939 κτχιγρι

1614 2848 1624 2860 Ι

897 2853 992 2930 σμένον
1007 2858 1037 2914 lx
1050 2861 1096 2914 τοῦ
1112 2855 1219 2933 ἄρρενος
1234 2853 1281 2912 καὶ
1299 2859 1351 2927 τῆς
1366 2857 1502 2928 θηλείας·
1521 2859 1615 2928 πάντες

104 2947 151 2994 tus
166 2946 209 2995 est
228 2955 294 2993 eam
308 2936 340 2990 in
358 2932 445 2991 eorde
464 2951 526 2991 suo.
537 2932 598 2990 Nou
611 2931 683 2990 enirn
695 2929 729 2989 lit
743 2930 844 2989 distin·
853 2938 942 3007 χυτοῦ
955 2937 1034 2993 αὐτοῦ
1049 2933 1202 3017 φυράματος
1214 2934 1401 3014 ωγχάνομεν,
1415 2937 1509 3006 καθὼς
1521 2940 1552 2998 τὸ
1569 2939 1671 3018 Εὐφί-

107 3014 161 3073 etio
178 3013 258 3073 >inter
279 3032 381 3071 marem
403 3024 429 3070 et
440 3010 584 3085 feminam
596 3029 687 3069 omnes
714 3008 786 3068 enirn
810 3031 845 3069 ex
862 3009 952 3072 Αλιύν
966 3037 1048 3094 φησι·
1062 3014 1094 3074 τὸ
1113 3011 1160 3091 μὲν
1176 3011 1280 3084 θίληαα
1298 3016 1415 3095 ἀνδρὸς,
1431 3019 1529 3096 λέγει,
1545 3021 1575 3078 τὸ
1594 3019 1618 3079 δὲ
1637 2997 1671 3078 θί-

70 3113 93 3159 3.
103 3093 196 3153 eadem
206 3113 293 3152 massa
307 3111 416 3165 sumus,
428 3104 458 3150 ut
465 3090 503 3149 ait
516 3088 696 3168 Evangelium
706 3088 845 3163 ,dumno-

104 3174 235 3232 lnntatem
254 3171 308 3232 viri
327 3170 532 3230 etvolnntatem
547 3170 635 3229 carnis
653 3169 774 3250 idipsum
790 3189 845 3229 esse

102 3251 178 3314 elicit.
191 3253 255 3312 ldeo
271 3264 376 3332 oportet
389 3250 492 3310 Christi
502 3249 635 3329 virginem
648 3271 676 3308 se
689 3264 771 3309 totam
784 3270 845 3309 cum

104 3335 184 3393 corde
198 3331 398 3392 immaculatam
412 3344 439 3388 et
452 3330 636 3411 incorruptam
649 3351 754 3389 serrare
765 3351 846 3410 spon·

104 3434 133 3471 so
152 3435 201 3472 suo
215 3428 241 3471 et
254 3412 367 3471 creatori
390 3410 508 3483 Christo,
523 3424 549 3468 ct
570 3410 655 3468 oculis
675 3410 774 3469 mentis
791 3430 846 3468 suae

104 3493 234 3571 respicere
249 3513 321 3566 cum,
337 3490 384 3568 qui
403 3503 442 3547 est
456 3489 591 3569 speciosus
604 3490 690 3548 forma
712 3511 768 3570 prae
783 3488 847 3547 filiis

103 3571 245 3630 hominum
261 3590 358 3629 :omne
370 3569 485 3627 verbum
501 3569 626 3642 otiosum,
640 3569 716 3646 qnod
738 3589 791 3627 non
812 3567 848 3626 sit

104 3650 139 3709 ad
149 3649 364 3724 edificationem,
377 3646 495 3707 aversari
506 3661 627 3728 oportet:
643 3669 704 3706 cunr
716 3648 784 3708 viris
793 3667 846 3706 non

103 3731 188 3789 libere
209 3732 321 3806 versari,
337 3727 456 3787 maxime
469 3747 551 3799 nero,
569 3727 592 3787 si
612 3727 664 3785 sint
683 3728 847 3787 immodesti.

104 3811 134 3869 Si
149 3830 214 3870 vero
229 3809 264 3868 sit
275 3808 411 3888 agendum
424 3806 459 3865 de
471 3807 568 3865 anime¹
589 3807 716 3885 utilitate,
730 3829 782 3867 non
802 3828 846 3867 re·

103 3889 222 3971 pellendi
242 3903 307 3948 sunt
326 3887 380 3948 viri
394 3886 508 3945 modesti
533 3899 559 3945 et
578 3901 762 3968 temperantes.
785 3888 845 3947 Non

104 3992 167 4028 cum
177 3970 261 4028 nimia
273 3969 371 4028 fiducia
381 3967 515 4046 agendum
529 3988 578 4025 nec
588 3967 789 4027 immorandum
797 3982 845 4044 est,

104 4071 166 4107 cum
183 4050 342 4108 mulieribus
357 4046 522 4106 immodestis
533 4068 585 4105 non
600 4047 844 4123 confabulandum

99 4129 283 4209 juramentum
298 4128 405 4187 nullum
419 4148 453 4185 ex
472 4148 518 4185 orc
529 4125 682 4205 egrediatur
695 4150 702 4183 ι
714 4128 844 4187 Domini-

895 3094 970 3171 λημα
983 3094 1093 3173 σαρκὸς,
1117 3092 1145 3151 ἓν
1167 3092 1213 3151 καί
1226 3070 1257 3151 ‘cb
1270 3093 1336 3152 αι’πδ
1351 3105 1410 3154 πᾶν
1431 3101 1562 3179 εἰρηκώς.
1582 3100 1626 3159 oo
1642 3101 1672 3159 δεῖ

896 3172 942 3231 καί
957 3172 1005 3246 vlo
1017 3181 1063 3234 τοῦ
1081 3176 1197 3254 Χριστοῦ
1210 3172 1341 3251 παρθένον
1362 3175 1432 3249 ὅλην
1455 3178 1558 3250 ἑαυτὴν
1577 3181 1671 3258 ἄμωμον

896 3262 985 3332 τηρεῖν
999 3253 1044 3312 καί
1055 3254 1197 3333 ἄφθαρτον,
1212 3252 1257 3310 καί
1272 3251 1320 3325 τὴν
1334 3257 1455 3336 καρδίαν
1469 3283 1493 3316 π
1512 3260 1520 3280 “
1555 3260 1596 3319 τὸν
1608 3263 1672 3329 αὐτῆς

899 3332 1011 3413 νυμφίον
1025 3333 1071 3391 καί
1085 3332 1241 3411 δημιουργὸν
1260 3330 1394 3412 Χριστὸν,
1415 3348 1473 3404 τοῖς
1494 3340 1524 3400 οὲ
1545 3343 1670 3420 ὀφθαλμοῖς

896 3416 944 3483 τῆς
964 3414 1079 3483 διανοίας
1096 3419 1132 3481 ὡς
1147 3413 1298 3492 βλέπουσαν
1311 3413 1360 3474 τὸν
1379 3422 1487 3498 ὡραῖον
1505 3421 1598 3480 καλλτι
1613 3421 1671 3499 παρὰ

897 3491 957 3560 τοὺς
968 3493 1038 3560 υἱούς
1051 3492 1271 3572 τῶνάνθρώπων,
1287 3495 1382 3555 πάντα
1396 3500 1481 3578 λόγον
1497 3502 1579 3582 ἀργὸν
1590 3501 1630 3560 καί
1642 3501 1670 3577 μή

898 3572 961 3631 ὄντα
982 3574 1047 3653 πρὸς
1070 3573 1211 3652 οἰκοδομὴν
1234 3577 1477 3656 ἀποστρέφεσθαι,
1499 3583 1581 3640 παντί
1601 3583 1672 3662 ἀρρενι

899 3652 982 3720 ἀδεῶς
995 3653 1032 3731 μὴ
1046 3654 1218 3727 ’συνδιάζειη
1230 3653 1276 3712 καί
1291 3656 1418 3732 μάλιστα
1433 3664 1492 3718 τῶν
1509 3663 1625 3729 ἀτάκτως
1635 3685 1671 3719 τε·

900 3733 1089 3812 ριπατούντων.
1105 3735 1140 3793 El
1154 3733 1181 3794 δὲ
1197 3735 1370 3814 πληροφορία
1393 3740 1437 3806 τίς
1456 3744 1519 3800 ἐστι
1544 3745 1602 3822 περὶ
1615 3745 1671 3801 διαι-

897 3811 970 3879 λείας
980 3815 1082 3894 ψυχῆς,
1095 3818 1124 3873 οὗ
1136 3815 1175 3873 δεῖ
1189 3820 1384 3893 παραιτεῖσθαι
1399 3819 1505 3898 ἄνδρας
1519 3807 1672 3901 ede-squeire:

897 3898 1114 3969 περιπατοῦντας.
1127 3894 1174 3965 Μὴ
1189 3894 1429 3974 παρρησιάζεσθαι
1442 3901 1503 3970 δεῖ,
1516 3893 1586 3979 perii
1597 3883 1671 3984 χρονί-

897 3971 967 4045 ζειν,
979 3973 1094 4052 γυναιξίν
1112 3972 1234 4052 ἀσέμνοις
1257 3972 1296 4051 μη
1316 3981 1545 4054 συγγελοιαίζειν·
1565 3974 1672 4064 ὅρκοςδέ

896 4050 964 4118 ὅλως
978 4056 1008 4112 ἐκ
1023 4055 1153 4130 στόματος
1171 4053 1208 4132 μὴ
1224 4051 1395 4134 ἐξερχέσθω·
1414 4061 1577 4121 δεσποτικὸν
1594 4063 1672 4144 νλρτί

896 4152 935 4187 πα
953 4133 1089 4212 ἄγγελμα,
1104 4133 1214 4192 ἀτιοῦδὲ
1235 4134 1306 4191 κατὰ
1331 4139 1385 4206 τῆς
1408 4139 1481 4206 ἰδίας
1503 4167 1550 4203 σου
1574 4122 1672 4224 κεφαλῆς

103 4230 166 4267 cum
190 4210 261 4268 enim
281 4221 447 4288 preceptum
462 4221 512 4276 est,
526 4227 581 4297 nec·
593 4228 642 4287 per
664 4222 745 4287 caput
767 4222 843 4267 tuum
862 4226 880 4274 Β
896 4211 1020 4292 ἀνεχεταί
1036 4232 1066 4273 σε
1088 4213 1183 4290 θμύσαι
1194 4213 1289 4294 λέγων,
1303 4213 1347 4273 ὅτι
1358 4227 1418 4275 πᾶν
1430 4221 1464 4280 τὸ
1483 4226 1576 4282 πλεῖον
1588 4229 1628 4283 τοῦ
1638 4223 1672 4281 ναί

100 4289 193 4366 jurare
202 4289 307 4348 licitum
319 4309 391 4346 esse:
403 4286 609 4364 Omnc,inqurt,
621 4286 694 4364 quod
703 4287 843 4346 abundau-

71 4405 78 4419 ,
103 4367 157 4425 tius
172 4382 221 4442 est,
237 4388 327 4444 quam,
340 4366 390 4424 Est
401 4380 426 4425 et
437 4368 505 4439 Nun,
516 4388 551 4425 er
568 4367 639 4425 malo
656 4380 703 4426 est.
720 4367 843 4428 Sordide

102 4460 128 4504 et
141 4446 285 4504 inhonestae
296 4446 467 4525 cogitationes
477 4459 502 4503 et
517 4467 608 4504 omnes
619 4446 706 4506 carnis
720 4448 842 4507 tentatio·

102 4547 147 4584 nes
163 4526 259 4586 timore
279 4539 304 4584 et
318 4547 409 4584 amore
425 4525 526 4583 Christi
547 4540 573 4583 et
586 4526 663 4606 signo
685 4528 771 4587 crucis
785 4531 843 4609 ejus

67 4614 90 4651 ν’·
101 4620 166 4665 snnt
188 4605 336 4684 abigenda.
352 4605 423 4663 Ecce
437 4619 525 4684 patres
541 4619 567 4664 ct
578 4621 686 4680 matres,
707 4608 804 4669 fratres
817 4623 844 4669 et

100 4708 203 4746 sorores
211 4701 236 4746 et
246 4686 326 4761 filios,
337 4685 479 4763 omniaque
488 4685 584 4743 utilia*
597 4687 783 4747 commendavi
795 4709 843 4747 vo-

100 4766 153 4839 his,
168 4788 263 4846 nempe
283 4766 422 4824 monachis
437 4779 462 4824 et
472 4765 634 4843 virginibus.
650 4768 713 4826 llaee
724 4768 843 4828 custodi·

99 4857 138 4918 te,
151 4860 177 4904 ct
204 4867 257 4905 non
285 4844 401 4919 cadetis;
418 4844 466 4904 sed
490 4845 568 4923 digni
587 4846 661 4906 eritis
680 4861 706 4906 et
720 4870 778 4923 vos,
793 4850 841 4927 qui

98 4924 218 4984 haeredes
242 4925 343 4984 Christi
371 4925 563 5003 declaremini,
585 4949 701 5005 quorum
716 4929 839 4989 omnium

95 5002 239 5078 honorum,
250 5026 310 5083 quae
320 5019 472 5085 preparata
483 5019 555 5082 scrut,
571 5028 619 5065 nos
632 5007 729 5086 (lignos
739 5009 838 5068 efficiat

93 5086 173 5145 Pater
194 5085 439 5145 misericordiarum
455 5099 481 5144 et
497 5088 570 5146 Deus
580 5087 663 5149 totins
677 5090 836 5149 consolatio-

129 5278 138 5302 ὃ
155 5261 250 5326 [Suvll.
266 5272 293 5317 ἴα.
309 5261 455 5330 sustulero]

896 4290 941 4348 καί
956 4299 1002 4351 τοῦ
1017 4292 1064 4368 οθ,
1083 4297 1113 4352 ἐκ
1131 4301 1177 4353 τοῦ
1193 4297 1310 4373 πονηροῦ
1326 4297 1408 4356 ἐστι·
1424 4300 1491 4370 τοὺς
1511 4303 1540 4362 δὲ
1560 4302 1672 4382 §mesols

897 4370 942 4429 καί
956 4372 1084 4450 ἀσέμνους
1097 4372 1253 4453 λογισμοὺς,
1276 4371 1322 4432 καί
1344 4378 1442 4438 πάντα
1463 4383 1502 4441 τὰ
1528 4388 1575 4455 τῆς
1592 4366 1672 4448 esini<

897 4455 1056 4545 πειρατήρια
1071 4458 1110 4535 τῷ
1124 4454 1197 4535 φόῦῳ
1220 4454 1265 4512 καί
1282 4458 1321 4534 τῷ
1340 4457 1422 4538 πόθῳ
1437 4468 1489 4521 τοῦ
1504 4446 1671 4542 Χριστοῦικτί

895 4533 934 4609 τῷ
945 4533 1020 4614 τύπῳ
1029 4541 1074 4593 τοῦ
1088 4559 1153 4594 σταυ
1183 4541 1200 4592 ῦ
1214 4537 1294 4594 αὐτοῦ
1305 4538 1489 4601 ἀπελαύνειν.
1498 4544 1567 4603 Ἰδού
1578 4545 1670 4621 ‘tripu

896 4610 941 4669 καί
954 4614 1065 4714 μητέρες
1075 4614 1120 4673 καί
1133 4559 1239 4694 ἀδελφοί
1249 4615 1296 4673 καί
1303 4617 1425 4698 ἀδελφαί
1434 4622 1484 4680 καὶ
1495 4624 1577 4683 τέκνα
1588 4624 1669 4688 πάντα,

896 4688 930 4747 τά
944 4716 1109 4773 συμφεροντα
1127 4694 1266 4776 παρέθηκα
1284 4699 1364 4772 ὑμῖν,
1380 4700 1508 4779 λέγωδὴ
1532 4714 1585 4770 ταῖς
1606 4703 1669 4760 ueri·

896 4772 967 4837 ζουσι
983 4773 1100 4841 καὶτοῖς
1116 4774 1264 4853 παρθένοις.
1292 4776 1396 4838 Ταῦτα
1410 4782 1568 4860 φυλάξατε,
1589 4766 1628 4842 καί
1646 4785 1668 4838 αὖ

895 4849 933 4927 μὴ
947 4853 1094 4925 πταίσητε,
1111 4855 1180 4914 ἀλλά
1195 4854 1377 4926 ἀξιωθήσεσθε
1400 4862 1448 4918 καὶ
1464 4867 1545 4938 ύμεῖς
1558 4860 1665 4931 strevi·

893 4953 939 5007 μοι
954 4935 1069 5015 Χριστοῦ
1083 4936 1286 5012 ἀναδειχθῆναι,
1302 4928 1341 4994 ὧν
1357 4939 1474 4998 πάντων
1498 4947 1552 5002 τῶν
1572 4930 1666 5014 ἡτδιαα·

892 5011 996 5086 σμένων
1031 5018 1135 5092 ἀγαθῶν
1159 5013 1246 5081 ἀξίους
1272 5015 1318 5073 καί
1348 5021 1541 5099 κληρονόμους
1565 5022 1663 5095 desistir,

893 5096 962 5168 ὑμᾶς
975 5093 1096 5176 δΠατὴρ
1109 5097 1161 5153 τῶν
1172 5097 1329 5175 οἰκτιρμῶν,
1345 5099 1397 5158 καί
1411 5102 1486 5172 Θεδς
1498 5103 1586 5171 πάσης
1597 5127 1664 5179 παρα·
