3728 5978
634 432 678 480 on
704 429 939 485 immittunt,
1512 418 1582 492 853

115 578 167 632 ιον,
179 557 224 616 καί
237 554 356 636 φρίξατι·
370 559 396 616 ol
406 555 566 635 ἁρπάζοντες
586 553 620 616 tl
634 556 777 696 ἀλλότλρια,
832 553 1090 652 me,meledr‘cti,in
1096 565 1192 642 ignem
1202 573 1380 640 eternumet
1386 562 1577 626 exhorrescite.
1589 581 1678 630 nant.
1691 582 1733 632 rt.

122 642 167 693 τοῦ
181 638 320 702 λαλοῦντος
332 633 376 694 διδ
391 633 520 712 στόματος
531 637 583 694 τῶν
597 635 689 715 ἁγίων,
727 636 778 718 ειρί
832 638 888 709 Qui
902 638 990 698 aliena
1004 640 1110 720 rapitis,
1128 639 1306 714 auditeenm,
1333 641 1383 721 qni
1396 663 1446 724 pet
1461 665 1493 705 os
1510 642 1628 706 sun-4¹·

113 713 238 791 ἐμόαλὼν
262 714 374 788 ἀδίκως,
394 717 443 774 οὐκ
455 713 621 795 ἀτιμώρητος
631 716 721 775 ἔσται·
732 715 778 779 καί
832 730 936 776 ctornm
950 719 1088 796 loquitur:
1104 721 1162 797 Qui
1176 741 1281 781 manus
1294 724 1328 781 in
1341 742 1464 782 manum
1480 728 1578 806 injicit
1586 745 1660 790 emo.
1681 756 1719 790 ιι.

112 793 181 893 Ἐγὼ
202 794 298 873 Κύριος
309 798 394 870 μισῶν
408 793 539 873 ἅρπαγμα
555 792 583 863 ἐξ
600 793 716 861 ἀδικίας·
731 795 778 855 καί
832 799 951 878 injuste,
977 820 1038 856 non
1058 803 1219 878 impunitus
1234 803 1288 859 erit
1299 824 1312 870 ,·
1324 822 1357 860 nc
1371 822 1498 880 rursum,
1510 807 1641 886 ligem,

112 879 138 948 3,
159 872 214 933 Ετί
229 872 359 953 ἅρπαγμα
373 872 411 952 μὴ
425 877 632 934 trinominem
650 873 778 956 δρφανοδς
832 878 978 937 Domr'nus
993 879 1061 936 odio
1072 880 1184 939 itabens
1199 883 1336 958 rapinam
1346 902 1384 939 ex
1397 885 1574 963 iniquitate:
1586 871 1647 915 ¹⁸⁰⁸·
1657 865 1728 916 Μ·

112 975 153 1031 ρας
176 951 324 1026 ίίλίόοντες,
338 951 500 1031 ίνδυμήδητε
510 953 549 1022 τίς
571 957 585 1012 ὁ
598 951 697 1012 τούτων
711 976 780 1036 προ-
832 969 859 1014 et
869 955 937 1015 alibi
949 978 956 1012 ε
968 958 1116 1037 Rapinam
1127 959 1218 1019 nolite
1227 963 1440 1039 concupiscere.
1457 960 1512 1034 Qui
1524 984 1575 1044 pu·
1586 981 1654 1027 Pul.
1671 979 1711 1026 6ι.

115 1032 161 1091 καὶ
170 1031 271 1099 ἔκδικος
280 1056 286 1069 ·
296 1033 364 1100 Θεὸς
371 1033 437 1113 γὰρ,
449 1025 521 1092 εἶπεν
530 1038 545 1092 ύ
555 1032 676 1106 Δαυὶδ,ύ
688 1032 779 1115 πατὴρ
833 1034 913 1115 pillos
922 1048 949 1095 et
960 1035 1057 1095 viduas
1065 1038 1229 1118 opprimitis,
1243 1038 1358 1118 cogitate
1365 1038 1426 1129 quis
1438 1040 1473 1099 sit
1483 1061 1576 1104 eorum
1590 1055 1626 1087 ¹¹·

112 1114 188 1170 ιανῶν
198 1111 243 1170 καλ
252 1110 344 1193 κριτὴς
354 1117 407 1170 τῶν
419 1117 527 1195 χηρῶν·
544 1114 568 1171 οἱ
582 1111 780 1190 κατεπαιρόμε-
831 1127 967 1194 protector
985 1128 1012 1175 et
1028 1117 1110 1176 ultor.
1128 1119 1202 1177 Deus
1217 1118 1301 1193 enim,
1315 1131 1346 1177 ut
1359 1131 1398 1177 att
1412 1118 1515 1195 David,
1536 1136 1576 1183 est
1586 1139 1648 1184 [δι’ἀ.
1660 1136 1727 1196 δρῶ.
1806 1163 1810 1169 -

112 1190 187 1250 ιδένοι
213 1195 266 1249 τῶν
286 1191 422 1270 μιγάδων,
439 1190 574 1270 μνήσθητε
593 1198 638 1250 τοῦ
662 1191 779 1259 εἰπόντος
831 1206 908 1272 pater
920 1194 1103 1274 orphanorum
1116 1196 1236 1278 etjudex
1248 1196 1393 1258 viduarum
1405 1198 1470 1277 :qui
1484 1214 1577 1262 oontrn

112 1275 121 1327 3
139 1269 183 1329 διδι
197 1267 327 1348 στόματος
340 1271 466 1342 Παύλου,
478 1270 575 1349 Τίμιος
589 1275 604 1330 ό
616 1269 717 1350 γάμος,
732 1270 778 1329 καί
832 1274 988 1353 conjugatos
1003 1295 1052 1336 vos
1066 1277 1207 1354 extollitis,
1226 1296 1357 1336 memores
1374 1290 1459 1338 estote
1473 1279 1576 1340 Christi

125 1347 260 1425 ἀμίαντος.
276 1352 313 1408 Οἱ
323 1347 351 1410 δὲ
365 1350 408 1410 τδν
419 1351 480 1410 ναδν
490 1355 536 1409 τοῦ
546 1353 616 1411 Θεοῦ
631 1353 658 1408 ἐν
669 1348 778 1431 πορνείφ
831 1352 946 1412 dicentis
963 1374 1011 1434 per
1028 1375 1058 1414 os
1079 1356 1158 1416 Pauli
1171 1378 1177 1413 :
1190 1357 1388 1415 Honorabiles
1407 1361 1525 1440 nuptioe,
1547 1372 1577 1420 et
1586 1366 1687 1416 Μαι]
1701 1366 1725 1428 η.

112 1451 167 1500 τες,
183 1426 313 1487 ἀκούσατε
321 1434 366 1487 τοῦ
381 1430 459 1489 αὐτοῦ
469 1428 779 1508 πύλινλέγοντος·Πόρ-
833 1445 913 1492 torus
926 1435 1144 1496 immaculatus.
1163 1436 1219 1507 Qui
1233 1456 1296 1496 vem
1311 1435 1444 1516 templum
1462 1437 1513 1494 Dei
1528 1459 1577 1519 per

112 1507 124 1566 l
138 1504 247 1607 μοιχοὺς
257 1515 340 1586 κρινεῖ
355 1506 457 1573 δΘεός,
468 1510 505 1568 0t
519 1510 546 1567 ἐν
560 1508 629 1590 δυλιμ
646 1512 778 1587 φιλοῦντος
795 1508 814 1554 Β
833 1510 1034 1572 fornicationem
1045 1535 1049 1540 ’
1062 1515 1245 1596 corrumpitis,
1273 1514 1399 1574 eumdem
1419 1515 1513 1575 audite
1531 1516 1576 1576 di·

112 1610 134 1645 ιε
145 1609 191 1644 και
206 1585 242 1664 μὴ
255 1585 410 1646 ἐπιλέθτσδε
422 1592 467 1646 τοῦ
476 1586 562 1646 δολίου
572 1587 720 1669 φιλήματος
732 1593 777 1646 τοῦ
833 1604 936 1649 centem
957 1614 964 1648 ε
984 1594 1164 1653 Scortatores
1195 1607 1225 1653 et
1249 1595 1402 1653 adulteros
1435 1596 1648 1657 ‘udicabittttd

112 1688 210 1732 ισαντος
223 1664 309 1724 Ἰούδα
332 1667 377 1725 τὸν
388 1665 505 1736 Ἰησοῦν·
520 1671 544 1726 οἱ
563 1666 676 1726 κλέπται
700 1663 778 1725 ἀκού-
832 1671 924 1729 Dens.
949 1670 1084 1741 Quicum
1102 1670 1166 1732 dolo
1188 1672 1357 1743 osculamini,
1380 1694 1413 1731 ου
1439 1674 1473 1732 'te
1498 1687 1525 1733 et
1539 1694 1575 1734 ne

124 1744 185 1824 περί
198 1743 410 1826 ὖμῶνδΚύριος
423 1745 489 1824 πρὸς
508 1745 552 1805 τὸν
570 1745 708 1825 προφήτην
723 1747 778 1804 Ζα-
833 1747 1035 1809 obliviscamini
1068 1750 1155 1809 dolosi
1177 1751 1262 1810 osculi
1284 1751 1371 1827 Judae,
1404 1752 1452 1831 qni
1480 1754 1576 1814 lerum

116 1825 257 1894 ἐλάλησεν·
281 1823 353 1903 λέγει
367 1816 426 1884 οὖν’
442 1823 478 1884 Τί
493 1822 525 1882 αδ
547 1829 625 1908 δρᾷς,
639 1824 776 1905 Ζαχαρίας
831 1827 954 1908 prodidit
966 1852 973 1885 ι
984 1827 1075 1888 audite
1084 1830 1166 1902 iures,
1178 1828 1246 1907 quid
1257 1829 1292 1888 de
1303 1830 1380 1889 vobis
1392 1830 1526 1890 Dominus
1539 1829 1576 1890 nd
1773 1870 1777 1877 ·
1799 1878 1820 1895 -.

112 1926 162 1963 ων·
177 1902 304 1981 δρέπανον
317 1901 474 1980 πετόμενον·
492 1906 659 1984 μῆκοςαῦτῷ
669 1903 777 1983 πήχεων
833 1906 992 1988 prophetam
1006 1907 1165 1967 Zachariam
1177 1909 1305 1986 loquutus
1321 1910 1375 1967 sit:
1390 1910 1469 1987 Quid
1481 1923 1512 1968 tn
1523 1914 1575 1968 oi·
1585 1933 1657 1980 ιαμ,
1668 1932 1749 1981 5,,,.
1818 1964 1822 1969 .

117 1981 162 2041 καλ
176 1981 276 2048 πλάτος
285 1985 356 2061 αὐτῷ
369 1983 478 2064 πήχεων
491 1981 564 2043 δέκα.
578 1983 630 2042 Καί
643 1975 715 2042 εἶπεν
727 1981 779 2042 Κύ-
833 1987 902 2059 des,
931 1986 1084 2047 Zacharia?
1112 1990 1154 2046 Et
1167 1989 1401 2046 dixitrFaicem
1422 1989 1642 2055 volantem-l·

111 2061 191 2132 ύτηὴ
212 2059 264 2141 ἀρὰ
278 2066 295 2132 ἡ
309 2062 503 2141 ἐκπορευομένη
521 2063 565 2122 ἐπὶ
578 2063 719 2144 πρόσωπον
731 2066 779 2134 τῆς
833 2085 886 2145 ego
897 2067 986 2124 uideo
1000 2089 1009 2121 .·
1023 2068 1174 2145 longitudo
1192 2070 1255 2148 ejus
1270 2069 1435 2125 cubitorum
1450 2071 1559 2148 uiginti
1567 2113 1577 2142 ,

112 2139 150 2199 ότι
162 2151 213 2206 πῦς
227 2140 343 2211 κλέπτης
357 2144 386 2200 ἐκ
405 2139 496 2201 τούτου
514 2141 718 2214 ἐκδικηδήσεται
729 2139 778 2207 ἕως
833 2157 862 2203 εί
877 2145 1003 2203 latitudo
1016 2148 1180 2204 cubitorum
1193 2147 1302 2204 decem.
1323 2149 1364 2204 Et
1383 2147 1460 2205 dixit
1482 2146 1578 2206 Domi-

112 2243 134 2277 ι·
147 2219 192 2279 καί
204 2219 379 2280 εἰσελεύσεται
391 2225 427 2290 εἰς
440 2221 485 2280 τδν
500 2212 570 2281 οἶκον
583 2229 629 2282 τοῦ
645 2220 778 2293 κλέπτου,
832 2226 981 2282 nus2Hoee
994 2237 1037 2284 est
1052 2224 1230 2296 maledictio,
1249 2245 1314 2304 μασι
1328 2225 1475 2303 egreditur
1491 2245 1578 2305 super

114 2299 158 2358 τὸν
172 2289 242 2359 οἶκον
254 2305 301 2358 τσῦ
314 2300 493 2376 ὀμνύοντοςτδ
509 2301 591 2381 ύνσμα
609 2306 654 2360 τοῦ
668 2304 737 2361 Θεοῦ
750 2301 777 2360 ἐν
829 2305 942 2383 faciem
964 2315 1048 2362 teme
1057 2325 1066 2378 ς
1085 2307 1156 2395 quia
1170 2306 1263 2362 omnis
1277 2306 1338 2384 sur
1354 2325 1391 2361 ex
1410 2305 1465 2362 lroc
1485 2324 1579 2385 usque

122 2378 166 2438 καί
181 2378 324 2441 καταλύσει
337 2381 364 2438 ἐν
377 2384 416 2438 τῶ
443 2379 516 2460 μέσῳ
540 2389 585 2441 τοῦ
599 2382 669 2441 σύκου
685 2382 777 2451 αὐτοῦ,
832 2384 1005 2442 admonent
1016 2395 1213 2462 puneetnrret
1228 2383 1450 2462 ingredieturin
1458 2384 1578 2442 όοπιιιιιι

112 2457 208 2517 τελέσει
218 2458 305 2533 αὐτὸν,
319 2459 365 2517 καί
378 2438 412 2518 τίι
424 2458 489 2527 ξύλα
501 2463 594 2535 αὐτοῦ,
608 2459 654 2520 καί
667 2458 727 2526 τοὺς
735 2457 778 2516 λί-
828 2463 908 2544 furis
931 2474 959 2521 et
983 2465 1015 2519 in
1039 2463 1157 2520 domm
1177 2465 1310 2544 jurantis
1336 2481 1443 2519 nomen
1463 2462 1521 2521 Dei
1544 2466 1579 2521 in

112 2543 162 2597 τοῦ.
176 2527 245 2616 Ἆρα
260 2539 336 2618 ἀρκεῖ
356 2545 453 2614 ταῦτα,
467 2528 489 2596 d
504 2541 629 2611 κλέπται,
644 2545 690 2598 τοῦ
703 2536 778 2597 παό-
832 2542 996 2612 mendact'o,
1007 2555 1036 2600 et
1045 2542 1574 2622 densabiturinmediodomus-ejus,

112 2622 158 2675 τοῦ
169 2619 287 2696 χαλεποῦ
301 2617 411 2697 δρύμσυ;
424 2615 441 2690 ἢ
455 2621 623 2700 προσενέγκω
633 2618 679 2678 καί
700 2617 777 2697 ἕτερα
832 2634 861 2681 et
874 2624 1089 2680 consummabit
1101 2640 1177 2691 eam,
1200 2632 1229 2678 et
1243 2622 1327 2700 ligna
1340 2623 1403 2703 ejus
1420 2633 1449 2679 et
1463 2620 1495 2678 la
1515 2622 1577 2681 ides

112 2713 185 2774 ματα
197 2695 380 2777 ἀποτρέποντα
391 2697 437 2757 καί
446 2700 638 2779 κατακρίνοντα
652 2701 721 2775 ὑμᾶς
732 2696 778 2756 καὶ
794 2697 814 2748 C
832 2704 905 2781 ejus.
922 2701 995 2760 Num
1007 2700 1066 2758 ltaee
1078 2699 1144 2758 satis
1154 2712 1226 2773 sunt,
1245 2719 1262 2758 ο
1275 2699 1356 2773 ίίπεο,
1370 2713 1402 2757 ut
1414 2719 1463 2759 vos
1476 2642 1514 2758 ai
1523 2699 1576 2758 im·

112 2783 198 2834 ίνταπ
217 2775 243 2843 ‘c
257 2777 585 2856 ἐπιστροφήν;Ἀκούσατε
605 2768 651 2839 σύν
671 2775 717 2837 καί
731 2780 777 2835 τοῦ
852 2779 918 2839 robo
930 2799 1009 2838 cursu
1022 2777 1182 2838 retrahunt?
1197 2778 1297 2836 andin
1312 2777 1500 2838 divinaverbr
1512 2799 1576 2858 pno-
1665 2813 1668 2824 ·

112 2865 150 2914 too
175 2858 192 2914 l
205 2878 310 2933 γοντος·
324 2853 359 2916 Ὁ
370 2855 486 2929 κλέπτης
509 2859 604 2936 μηκέτι
621 2855 778 2930 κλεπτέτω,
830 2802 924 2933 ieram,
936 2878 996 2936 quae
1007 2878 1057 2918 vos
1067 2870 1189 2917 avertant
1200 2869 1226 2914 et
1236 2856 1372 2931 damnent,
1390 2870 1416 2915 et
1425 2857 1578 2917 deterreant

112 2933 206 2993 ιπιύτω
222 2932 393 3014 ἐργαζόμενος
406 2935 437 2994 τὸ
448 2939 545 3015 ἀγαδδν
559 2947 616 3006 ταῖς
626 2938 778 3015 ίδίαιςχερ-
830 2938 867 2999 ad
879 2937 1103 2999 conversionem?
1124 2936 1226 2996 Audite
1246 2957 1311 3015 ergo
1329 2935 1410 2995 etiam
1422 2937 1576 3016 apostolum
1595 2976 1599 2980 -

112 3011 184 3093 ιέχῃ
203 3015 370 3090 μεταδιδόναι
390 3016 491 3098 καὶτῷ
513 3017 605 3099 χρείαν
617 3018 713 3097 ἔχοντι·
732 3013 778 3074 καλ
830 3018 983 3078 dicentem:
999 3019 1056 3095 Qui
1075 3018 1248 3096 furabatur,
1269 3019 1337 3096 jam
1357 3017 1571 3097 mensuretur,
1586 3041 1705 3106 &pap

112 3091 149 3151 ότι
161 3093 282 3152 Κλέπται
293 3092 429 3193 βασιλείαν
443 3099 514 3156 Θεοῦ
525 3093 778 3178 ούκληρσνομήσου·
829 3100 882 3158 sed
904 3099 1018 3156 laboret
1036 3096 1183 3176 operando
1209 3097 1344 3152 manibus
1366 3095 1447 3174 quod
1468 3097 1576 3155 bonum
1586 3107 1626 3156 αδ.

112 3170 210 3253 ὶάρκεῖ
228 3174 320 3248 λοιπον
330 3172 364 3233 et
376 3175 501 3255 εἰρημένα
511 3176 571 3260 περί
583 3182 635 3236 τῶν
646 3175 777 3247 κλεπτῶν,
829 3190 882 3250 est,
899 3189 931 3236 ut
948 3178 1057 3235 babeat
1080 3176 1159 3234 unde
1172 3176 1282 3234 tribuat
1296 3177 1499 3234 necessitatem
1516 3196 1574 3254 pa·-

112 3273 190 3311 οιντο.
203 3253 239 3311 Οἱ
258 3253 418 3329 μνησίκακοι
432 3255 561 3316 ἀκούσατε
570 3264 615 3316 τοῦ
631 3253 776 3314 ἀποστολοο
830 3260 915 3315 tientr'
923 3280 936 3324 ,-
951 3268 977 3315 et
987 3275 1108 3327 rursum,
1123 3257 1218 3312 Fures
1230 3274 1263 3311 re
1362 3253 1423 3311 Dei
1438 3272 1498 3310 non
1505 3272 1576 3343 pos·
1588 3286 1609 3320 ς,
1624 3271 1711 3323 conc.

124 3331 279 3410 κράζοντας·
297 3332 344 3403 Μὴ
365 3334 531 3403 ἀποδιδόντες
550 3335 631 3395 κακὸν
645 3334 703 3393 ἀντί
725 3355 777 3391 και
828 3337 975 3396 ridebunt.
999 3333 1063 3393 ttaee
1075 3331 1110 3392 de
1129 3333 1237 3392 iuribus
1249 3273 1401 3391 Μῶα
1413 3330 1475 3405 sint,
1489 3352 1511 3390 st
1526 3352 1576 3391 νο-
1589 3347 1625 3385 ¹⁰·

112 3409 241 3490 λοιδορίαν
256 3412 315 3471 ἀντί
328 3411 473 3491 λοιδορίας·
489 3418 547 3475 ἀλλ’
560 3414 716 3493 ἀποδόμενοι
725 3421 777 3470 πῦ-
813 3436 816 3443 ’
829 3414 939 3475 luerint
953 3413 1010 3486 Qui
1020 3412 1182 3493 injuriarum
1191 3410 1381 3486 recordamini,
1400 3408 1493 3470 audite
1511 3432 1576 3492 epo·

112 3489 238 3564 κίαν,καί
254 3501 341 3551 πᾶσαν
364 3493 584 3569 καταλαλιάν,ὡς
603 3491 778 3575 ἀρτιγέννητα
829 3495 929 3555 stolum
949 3496 1060 3555 Petrum
1073 3492 1333 3551 σίοωεοίειοιΝοπ
1345 3491 1498 3551 reddentes
1512 3505 1727 3566 ma·1;1²er.3.9.

115 3570 239 3648 βιώσατε.
273 3573 306 3630 Εἰ
333 3570 397 3630 nori
426 3575 540 3647 orientale
565 3575 611 3633 καί
632 3571 777 3654 χαυνωθεὶς
830 3574 891 3633 lum
903 3594 957 3654 pro
971 3574 1062 3644 malo,
1084 3585 1113 3630 et
1131 3572 1321 3630 maledictum
1332 3589 1386 3648 pro
1401 3569 1639 3647 manitionem·
1655 3581 1711 3616 ¹·2·

112 3646 283 3727 tdvlpwtton
298 3648 336 3728 μὴ
361 3651 497 3733 τολμήσῃς
510 3657 603 3727 εἰπεῖν,
617 3653 658 3713 ἀει
680 3653 776 3728 ἀγαπῶ
829 3655 883 3713 sed
902 3656 1078 3734 deponentes
1101 3672 1216 3710 omnem
1237 3650 1386 3709 malitiam
1407 3661 1435 3707 et
1458 3670 1576 3708 omnem

112 3725 144 3786 n·
166 3729 275 3809 ἀρκετὸν
287 3728 339 3810 γόρ
351 3752 397 3789 σου
412 3733 444 3792 τδ
468 3733 560 3812 βάρος,
575 3733 621 3793 καί
641 3733 672 3793 τδ
694 3728 771 3790 κατό-
829 3735 1051 3804 όατνασίίοπειιι,
1063 3734 1152 3812 qnasi
1170 3732 1256 3789 modo
1268 3732 1361 3809 geniti
1375 3730 1509 3808 infantes
1526 3732 1575 3787 oi·

112 3809 148 3878 ἧς
163 3808 378 3884 μισαδελφίας,ἡ
400 3811 532 3893 βαρυτέρα
543 3815 653 3872 ἁπασῶν
664 3816 716 3870 τῶν
728 3812 776 3886 βα·
830 3814 898 3871 vite.
918 3813 948 3872 si
959 3811 1068 3891 quando
1082 3822 1233 3948 superatus,
1246 3820 1352 3867 coactus
1369 3806 1452 3897 plicui
1463 3804 1571 3883 cedere,

112 3909 147 3944 ιν·
168 3887 263 3965 καὶμὴ
276 3887 376 3967 ἐπόγης
391 3893 477 3950 ἑαυτῶ
499 3893 605 3971 ψεῦδος·
618 3891 653 3951 Ὁ
668 3889 703 3969 γδι
730 3887 774 3946 τδν
791 3889 811 3938 l)
828 3892 917 3950 oderis
938 3891 1037 3972 ipsum,
1055 3909 1089 3948 ne
1127 3889 1196 3948 ioere
1216 3885 1324 3960 audeas,
1347 3885 1439 3964 Diligo
1457 3888 1571 3944 Deum:

112 3990 114 4007 .
126 3967 203 4024 αὐτοῦ
218 3969 312 4045 μισῶν,
326 3968 372 4025 καὶ
381 3952 475 4048 λύγοιύ,
484 3971 526 4030 ότι
535 3975 632 4050 ἀγαπῶ
641 3969 685 4029 τδν
695 3914 775 4038 Θεὸν,
829 3991 957 4050 magnum
973 3969 1045 4028 enim
1059 3968 1110 4026 tibi
1125 3988 1203 4039 onus,
1215 3986 1313 4046 magna
1322 3962 1461 4055 damnatio
1478 3963 1591 4023 odiunt'

112 4044 776 4130 ςἔστὶν,καθὼςγέγραπται.Οίφιλόμγυροιέννοή·
828 4049 930 4121 l'rntris,
958 4047 1133 4126 omniumque
1155 4066 1268 4105 onerum
1289 4064 1503 4124 gravissimum:
1525 4062 1575 4102 nec

132 4127 305 4206 φιλεῖτε,τοῦ
326 4128 474 4189 ἀποστολσι
492 4133 619 4207 βοῶντος·
635 4132 658 4191 εἰ
682 4123 776 4188 δὲκαὶ
827 4129 879 4188 tibi
902 4128 1073 4188 mendacium
1096 4125 1247 4200 adsciscas3
1273 4145 1336 4182 nam
1368 4124 1427 4202 Qui
1448 4124 1573 4202 fratrem
1587 4145 1726 4208 παραγ,

111 4203 278 4284 ύκατέχετε,
298 4205 372 4265 δεῦτε
394 4207 539 4279 ἀκούσατε,
552 4208 598 4269 καί
613 4207 776 4288 διηγήσομαι
828 4229 912 4268 sunm
935 4209 1006 4284 odit,
1024 4220 1053 4267 et
1071 4208 1154 4278 dicit,
1176 4205 1278 4284 Diligo
1299 4206 1416 4274 Deum,
1445 4203 1626 4293 mendnoero·
1732 4235 1737 4245 ι

112 4292 172 4343 τοῖον
187 4284 269 4342 κακὸν
283 4285 396 4362 φιλεῖτε·
408 4287 485 4357 Ῥίζα
499 4287 605 4348 πάντων
619 4293 671 4348 τῶν
685 4290 776 4347 κακῶν
829 4300 891 4362 est,
907 4287 977 4347 sicut
988 4286 1129 4367 scriptum.
1145 4285 1229 4344 Avari
1240 4283 1355 4362 cogitate
1364 4279 1433 4361 quid
1443 4279 1575 4371 diligatis,

112 4361 236 4442 γορία.’λ
270 4372 336 4422 οεῖτε
352 4364 382 4423 τδ
395 4367 553 4444 ποθούμενον
564 4371 628 4448 παρ’
642 4372 715 4442 ὑμῶν
730 4372 776 4437 θη·
830 4367 960 4427 clamante
972 4365 1166 4448 apostoloesin
1176 4376 1267 4424 autem
1279 4361 1309 4421 id
1319 4382 1368 4422 vos
1381 4359 1462 4440 sugit,
1476 4372 1575 4432 venite,

112 4387 304 4523 ,ψυχοφίλόρίιη
317 4444 411 4514 Οὐδεὶς
425 4447 581 4529 φιλόχρυσος
601 4446 691 4527 γέγονέ
711 4465 779 4505 ποτε
830 4447 932 4524 audite,
956 4462 983 4507 et
1003 4445 1119 4506 narrabo
1131 4443 1209 4505 vobis
1227 4442 1303 4523 quod
1315 4440 1419 4500 malum
1433 4439 1573 4518 diligatis,

112 4526 224 4596 onom
238 4521 314 4601 δίμὴ
326 4524 509 4609 φιλάνθρωπος
522 4527 581 4587 οὐδὲ
595 4525 773 4609 φιλόχριστος.
829 4529 928 4586 Radix
944 4531 1075 4586 omnium
1086 4526 1234 4583 malorum
1246 4535 1290 4582 est
1305 4523 1445 4580 avaritia.
1463 4521 1575 4599 Ignora-
1588 4538 1609 4577 ι.
1624 4531 1681 4582 Yon
1692 4528 1717 4575 ο.

671 4595 676 4608 ’
828 4605 864 4666 tis
884 4628 967 4685 quarn
985 4604 1136 4688 perniciosa
1154 4603 1191 4663 sit
1213 4603 1309 4662 animae
1328 4600 1388 4659 liaec
1401 4600 1469 4669 iera,
1491 4619 1575 4676 quam
1589 4603 1626 4641 ¹⁰·

828 4685 964 4766 diligitis?
978 4688 1063 4745 Nemo
1076 4704 1196 4762 unquam
1209 4682 1270 4742 nuri
1284 4679 1402 4764 cupidus
1414 4678 1467 4736 luit
1479 4677 1576 4767 hflnmq«

829 4787 900 4825 nus:
915 4767 962 4846 qui
975 4780 1066 4826 autem
1078 4763 1215 4823 humanus
1233 4781 1287 4821 non
1301 4772 1350 4835 est,
1373 4777 1422 4817 nec
1436 4756 1575 4818 Clrrtstutn

831 4860 912 4908 ornat.

112 4918 202 4992 νόσατε
212 4921 291 4982 ὁποία
311 4924 382 4985 ἐστίν
404 4926 513 4998 ἀναιδὴς
529 4925 575 4986 καλ
590 4924 774 5007 ἀναίσχυντος.
872 4929 901 4986 6.
922 4925 1095 4986 Considerate
1111 4946 1194 5003 quam
1215 4923 1252 4982 sit
1274 4921 1418 5001 impudens
1438 4919 1572 4991 avaritia,

112 5001 202 5078 epten
215 5003 251 5070 εἷς
266 5002 310 5062 τὸν
322 5005 408 5082 τίμιον
423 5008 520 5066 ἐκεῖνον
529 5006 574 5065 καλ
588 4995 716 5087 μακάριον
728 5028 736 5039 ·
748 5028 775 5064 ο·
833 5028 913 5085 quam
931 5004 1109 5066 inverecunde
1122 5028 1128 5060 ε
1141 5025 1193 5063 non
1208 5002 1322 5062 reverita
1338 5015 1377 5061 est
1392 4998 1575 5062 venerandum

123 5080 286 5157 ἀποστόλων,
295 5083 324 5144 δν
337 5085 383 5143 καλ
396 5088 421 5144 ol
434 5083 556 5163 δαίμονες
569 5086 728 5168 φρίττουσιν,
739 5111 776 5148 ων
833 5088 911 5146 illum
924 5086 1072 5146 otbertum
1085 5081 1404 5165 apostolorumchornm,
1420 5100 1499 5159 quent
1513 5079 1575 5138 lior·
1656 5124 1659 5130 .

111 5158 308 5242 κιαὶπαθῶνφυ
326 5157 577 5244 αδευτιῖρια,ῶντδι
611 5170 682 5243 φῶτα
696 5167 785 5245 νοσήῇ
832 5181 891 5227 rent
904 5166 1047 5242 daemones,
1060 5185 1177 5243 quornm
1191 5163 1294 5221 umbrae
1306 5161 1413 5220 morbos
1426 5159 1572 5238 fugabant,

112 5228 530 5311 Ιιντσ,ῶνῦπδτουςπόδαςιιάντα
539 5189 640 5322 ellim
649 5247 695 5310 καί
704 5254 779 5329 βασι·
834 5241 1576 5327 quornmcorporaaegritudinessanabant,subquorum
