3728 5978
563 478 597 526 ιιι
624 477 732 525 uorsa.
762 475 808 529 ao
834 474 917 522 nou.
943 474 1062 524 uouit.
1091 476 1125 532 x.
1181 498 1186 505 -
1564 454 1635 557 575

65 602 84 675 ἣ
98 604 142 664 τὸν
153 603 279 663 Ἰουδαῖον
294 600 423 680 ἠνάγκαζε
439 599 530 660 λοιπὸν
546 604 560 659 ό
574 601 619 660 τὀν
630 601 738 680 ἀγώνων
760 599 839 676 νόμος
890 610 953 657 sut.
972 597 1030 657 Hoc
1043 599 1115 658 enim
1129 621 1181 660 nou
1197 602 1284 681 magis
1297 602 1386 680 illum,
1401 623 1483 683 quam
1496 603 1637 678 Judaeum,

66 695 266 772 εἰπεῖν·διόπερ
281 693 388 774 ἀφίησιν
401 692 503 751 ἀλυτον.
516 694 551 751 Εἰ
561 691 674 770 δδθμῦν
688 715 728 757 τις
747 687 838 763 ζητοίη
890 689 980 749 dicere
1000 692 1113 771 cogebat
1134 695 1313 754 certaminum
1334 694 1569 777 lexrquapropter
1581 718 1639 758 τσπι

67 793 178 863 μαθεῖν,
188 788 297 865 ἐροῦμεν
308 789 402 858 τοῦτο,
416 787 458 844 ότι
471 786 501 844 οὐ
517 783 595 863 μόνον
614 782 688 843 οὐδέν
701 779 839 862 παρεάλοί-
891 781 1035 841 insolutam
1049 784 1272 863 relinquit.Quod
1283 786 1305 845 si
1317 786 1380 866 quis
1391 801 1512 847 rutrum
1523 802 1638 868 querat,

66 879 154 956 6ημεν
173 880 226 938 ἀπὸ
238 884 283 937 τοῦ
305 876 417 937 θανάτου
436 877 590 936 τούτουκαὶ
610 880 658 948 τῆς
680 873 839 945 καταδίκης,
890 871 942 931 hoc
949 872 1080 949 dicemus,
1088 889 1253 937 nosamorte
1264 878 1421 959 hujusmodi
1434 900 1466 939 ac
1473 879 1640 941 condenna-

67 973 113 1030 ἐὰν
125 970 258 1051 νήφωμεν,
272 968 395 1031 ἀλλὰκαὶ
407 970 582 1050 εἰιερδάναμεν
594 968 684 1041 θνητοί
692 966 839 1048 γενόμενοι·
891 965 963 1024 tione
973 987 1028 1026 non
1041 967 1123 1028 modo
1137 968 1207 1029 nihil
1219 971 1295 1030 laesos
1307 971 1399 1047 tuisse,
1410 971 1433 1030 si
1446 969 1637 1051 advigilemus,

67 1067 184 1141 πρῶτον,
196 1063 227 1122 τὸ
241 1061 279 1141 μὴ
295 1066 321 1122 ἐν
334 1062 456 1142 ἀθανάτῳ
467 1061 572 1140 σώματι
585 1059 767 1140 ἁμαρτάνειν·
783 1056 841 1116 δεύ-
890 1057 939 1118 scd
954 1058 1035 1117 etiam
1047 1057 1165 1120 luctatos
1179 1083 1246 1140 esse,
1264 1084 1327 1122 cum
1341 1063 1469 1123 mortales
1482 1064 1569 1123 effecti
1590 1085 1638 1124 su·

66 1176 160 1233 τερον,
174 1153 244 1214 ὥστε
258 1154 353 1233 μυρίας
370 1153 442 1233 ἐχειν
456 1153 609 1233 φιλοσοφίας
628 1151 772 1218 ὑποθέσεις.
789 1149 841 1208 Καὶ
891 1169 967 1207 mus:
978 1151 1078 1230 primo,
1097 1151 1170 1230 quod
1185 1173 1238 1211 non
1252 1153 1280 1212 in
1292 1174 1404 1234 corpore
1417 1153 1566 1214 immortali
1577 1175 1640 1235 peo-

67 1246 120 1326 γδιρ
134 1247 181 1306 καὶ
195 1248 343 1325 μετριάζειν
363 1246 409 1305 καὶ
433 1268 464 1304 σο
492 1254 575 1326 ρσνεῖν
598 1245 642 1304 καὶ
664 1243 841 1304 κατεστάλθαι
891 1261 1002 1318 cemus;
1017 1244 1151 1320 secundo,
1175 1244 1249 1323 quod
1275 1246 1430 1305 innumeras
1459 1245 1640 1328 philosophias

68 1338 115 1398 καὶ
130 1338 218 1411 πάσης
232 1338 404 1418 ἀπηλλάχθαι
415 1269 524 1406 suabe,
537 1337 583 1398 καί
597 1334 690 1419 παρὼν
703 1335 749 1395 καί
762 1358 841 1416 προσ
855 1355 875 1402 n
890 1353 969 1392 ansas
982 1333 1047 1394 hine
1059 1349 1224 1396 mutuemur.
1238 1339 1308 1397 Nam
1322 1350 1352 1397 ut
1366 1336 1481 1398 modum
1491 1359 1638 1414 servemus,

67 1428 216 1506 δοκώμενος
236 1435 250 1490 ό
272 1428 381 1495 θάνατος
410 1426 555 1488 ἀναπείθει.
576 1427 653 1488 Μετδ
675 1424 704 1486 δέ
725 1425 841 1500 τούτων,
891 1440 922 1485 ut
937 1441 1115 1509 temperantes
1132 1430 1217 1489 simus
1235 1445 1261 1490 et
1280 1452 1329 1491 nos
1347 1432 1536 1514 reprimamus,
1555 1445 1640 1511 utque
1726 1451 1730 1459 ·

69 1522 171 1596 μᾶλλον
187 1519 214 1580 δέ
225 1520 272 1580 καὶ
283 1520 335 1600 πρδ
345 1519 442 1579 τούτων
455 1520 502 1578 καί
512 1517 589 1600 ἕτερα
606 1518 715 1578 πλείονα
736 1517 841 1595 εἰσάγει·
890 1520 926 1579 ab
938 1521 1013 1580 omui
1034 1522 1152 1601 nequitia
1167 1523 1361 1603 abstineamus,
1375 1538 1401 1585 et
1412 1545 1530 1606 presens
1551 1536 1577 1584 et
1590 1546 1638 1586 ex·

65 1635 110 1689 γιν
126 1612 220 1691 ἀγαθά.
233 1611 368 1673 Ἐντεῦθεν
380 1612 433 1692 γδιρ
447 1613 471 1670 οἱ
484 1615 536 1670 τῶν
550 1611 691 1691 μαρτύρων
703 1610 839 1690 στέφανοι,
890 1626 1008 1692 spectata
1030 1635 1103 1673 mors
1124 1616 1228 1690 suadet.
1249 1616 1293 1675 nd
1312 1615 1371 1675 bac
1386 1638 1463 1695 vero,
1476 1616 1534 1677 itno
1547 1617 1640 1699 potius

65 1703 113 1762 καί
128 1703 163 1763 τά
175 1707 228 1763 τῶν
250 1704 404 1764 ἀποστολιον
420 1702 551 1784 βραύεῖα·
566 1703 647 1769 οὐτυις
660 1707 674 1762 ό
686 1701 767 1762 'stet
786 1703 840 1761 ὐδι-
890 1718 952 1764 ante
965 1705 1033 1782 bec,
1048 1707 1102 1767 alia
1122 1707 1242 1788 plurima
1259 1708 1337 1768 nobis
1354 1709 1447 1768 intulit
1470 1709 1551 1771 bona.
1568 1711 1640 1770 Hinc

65 1797 184 1869 καιώθη,
198 1795 280 1864 οὐτως
299 1800 314 1854 ό
334 1796 454 1876 Ἀὐραδιμ
467 1797 511 1856 τδν
527 1797 581 1856 υἱὸν
598 1793 784 1875 κατασφάξας,
797 1792 840 1854 ού·
890 1796 963 1855 enim
978 1812 1132 1880 martyrum
1151 1820 1266 1878 corone,
1282 1800 1465 1882 apostolorum
1478 1801 1639 1862 bravia:sic
1755 1839 1758 1846 -

65 1910 117 1955 τως
131 1893 146 1947 ό
159 1886 284 1960 Ἰωάννης
306 1887 351 1947 διά
371 1889 415 1947 τδν
436 1888 550 1967 Χριστὸν
573 1888 734 1966 ἀναιρεθεὶς,
758 1884 840 1954 οὕτως
890 1888 958 1946 Abel
975 1889 1141 1969 justificatus
1158 1904 1208 1965 est,
1223 1892 1261 1951 sic
1283 1892 1420 1971 Abraham
1437 1906 1552 1954 mactato
1566 1894 1635 1968 filio,
1671 1898 1789 1975 'abnuam

65 1983 89 2039 ol
105 1981 196 2048 παῖδες
209 1985 233 2040 oi
247 1990 332 2059 τρεῖς,
346 1979 427 2047 οὕτως
441 1984 455 2038 ό
467 1979 578 2051 Δανιηλ.
590 1976 698 2061 Ἃνγάρ
711 1978 839 2056 θελωμτν,
890 1979 928 2037 sic
939 1982 1055 2040 loannes
1067 1996 1176 2063 propter
1188 1983 1326 2043 Christum
1341 1986 1453 2060 occisus,
1462 1984 1562 2045 sietres
1570 1961 1718 2068 pue-23:¹¹
1740 1977 1789 2069 ¹:¹2

64 2075 93 2131 οὐ
107 2071 184 2149 μόνον
204 2077 218 2130 ό
233 2074 354 2145 θάνατος,
374 2073 432 2131 ἀλλ’
445 2071 503 2130 οὐδὲ
518 2071 619 2138 αὐτδςό
634 2068 755 2136 διάύολος
767 2074 838 2148 ἡμᾶς
889 2070 924 2147 ri,
939 2073 978 2130 sie
990 2074 1134 2133 Danielb'i
1145 2075 1216 2133 enim
1227 2075 1353 2153 velimus,
1364 2098 1412 2136 nec
1424 2098 1507 2154 mors,
1521 2099 1569 2138 nee
1580 2080 1638 2161 ipse
1645 2086 1697 2130 tait.

65 2166 168 2245 βλάψαι
191 2164 338 2236 δυνήσεται.
363 2164 452 2244 Χωρίς
466 2162 494 2222 δέ
516 2163 616 2222 τούτων
638 2164 744 2222 κάκεῖνο
767 2162 838 2221 ἐστιν
890 2156 1015 2218 diabolus
1032 2160 1115 2221 nobis,
1123 2182 1217 2221 nocere
1230 2164 1339 2243 poterit.
1357 2163 1399 2223 sd
1416 2165 1475 2225 haee
1489 2165 1559 2225 illud
1568 2186 1638 2246 quo-

64 2260 163 2331 εἰπεῖν,
183 2257 223 2315 ότι
242 2256 286 2315 καὶ
309 2256 439 2317 ἀθανασία
458 2260 530 2333 ἡμᾶς
550 2253 697 2327 ἐκδέξεται,
713 2253 758 2313 κε’.
773 2253 838 2334 πρὸς
889 2271 942 2328 que
957 2250 1012 2310 dici
1029 2266 1133 2332 potest,
1144 2254 1375 2319 immortalitatem
1395 2276 1444 2315 nos
1465 2271 1639 2338 exsepturam

64 2348 155 2425 ὀλίγον
169 2347 364 2419 νονθετηθέντες
377 2346 486 2427 χρόνον,
500 2346 568 2425 μετὰ
584 2344 672 2414 ἀδείας
688 2345 838 2406 άπαλαυοά-
889 2361 955 2416 esse,
969 2356 995 2401 et
1016 2343 1051 2402 ad
1072 2344 1212 2404 modicum
1235 2359 1340 2426 tempus
1361 2345 1523 2420 admonitos,
1541 2349 1640 2410 futuris

66 2446 134 2517 μεθα
149 2445 202 2499 τῶν
224 2439 371 2518 μελλόντων
383 2442 497 2518 ἀγαθῶν,
513 2436 604 2517 ὥσπερ
619 2439 647 2496 ἐν
662 2436 839 2518 διδασκαλείῳ
854 2453 873 2501 Ε
890 2454 939 2493 nos
947 2435 1078 2495 fruituros
1091 2458 1147 2497 esse
1164 2436 1244 2496 bonis
1264 2463 1270 2497 r
1289 2451 1432 2520 postquam
1446 2440 1474 2499 in
1499 2440 1551 2500 hac
1569 2442 1638 2515 vita,

63 2532 117 2591 τινὶ
136 2536 175 2614 τῷ
193 2532 304 2613 παρόντι
318 2531 368 2611 βίῳ
385 2531 427 2590 διὰ
441 2530 516 2591 νόσου
529 2529 574 2589 καί
588 2530 700 2611 θλίψεως
720 2529 765 2589 καὶ
780 2553 840 2590 πει·
889 2526 967 2605 quasi
994 2527 1021 2586 in
1036 2528 1168 2589 litterario
1196 2529 1271 2606 ludo,
1298 2551 1333 2590 ex
1357 2530 1470 2606 morbis,
1497 2534 1639 2612 erumnis,¹

64 2629 174 2703 ρασμῶν
195 2625 240 2685 καὶ
262 2624 352 2691 πενίας
372 2624 418 2682 καὶ
439 2627 492 2682 τῶν
514 2622 600 2681 ἄλλων
619 2626 672 2681 τῶν
693 2619 838 2681 δοκούντων
891 2621 1104 2698 tentationibus,
1133 2637 1300 2704 paupertate,
1329 2636 1356 2683 et
1378 2625 1455 2702 aliis,
1480 2647 1541 2705 quar
1573 2648 1639 2708 gra-

63 2708 152 2776 ¹'sluaa
165 2719 256 2776 δεινῶν
269 2715 453 2794 παιδευόμενοι
467 2719 503 2782 εἰς
519 2715 550 2774 τδ
560 2715 680 2794 γενέσθαι
692 2713 838 2785 ἐπιτήδειοι
889 2711 935 2773 ria
955 2712 1085 2772 videntur
1104 2735 1169 2790 esse,
1187 2714 1305 2775 instituti
1332 2729 1359 2776 et
1378 2717 1467 2777 idonei
1489 2718 1554 2778 laeti
1575 2721 1639 2780 fue-

63 2813 100 2876 είς
114 2808 162 2881 τὴν
176 2813 229 2868 τῶν
245 2807 394 2888 μελλόντων
415 2811 519 2887 ἀγαθῶν
542 2806 686 2885 ὑποδοχήν.
707 2806 796 2883 Νόμος
810 2805 837 2866 bl
889 2803 975 2863 rimus
984 2803 1018 2863 ad
1029 2805 1184 2864 futurorum
1195 2806 1329 2867 bonum
1339 2809 1640 2889 adeptionemAEOLea

39 2902 251 2981 παρεισῆλθεν,
271 2899 315 2959 ἵνα
335 2899 466 2978 πλεονάσῃ
487 2898 712 2979 τύπαράπτωμα.
725 2897 836 2974 Ἐπειδὴ
891 2909 989 2956 autem
1018 2901 1211 2974 subintravit,
1241 2913 1271 2959 ut
1297 2903 1463 2961 abundaret
1489 2904 1638 2964 delictum.

62 2993 115 3075 γὰρ
129 2991 221 3060 ἔδειξεν
234 2991 287 3052 ἀπὸ
307 2991 354 3070 μὲν
375 2996 420 3049 τοῦ
438 2989 522 3069 Ἀδὰμ
535 2992 775 3051 καταδικασθεῖσαν
788 2990 836 3064 τὴν
889 2989 1036 3068 Postquam
1058 2991 1129 3050 enim
1154 2992 1272 3052 ostendit
1296 2993 1332 3052 ab
1353 2993 1459 3053 Adarao
1481 2994 1639 3058 damnatum

62 3085 235 3157 οἰκουμένην,
255 3083 308 3143 ἀπὸ
323 3083 349 3143 δέ
364 3089 410 3143 τοῦ
424 3085 540 3162 Χριστοῦ
562 3089 706 3151 σωθεῖσαν,
726 3083 771 3141 καὶ
790 3088 838 3155 τῆς
889 3081 992 3153 orbem,
1009 3097 1035 3141 ct
1045 3104 1061 3142 a
1073 3083 1182 3144 Christo
1197 3085 1283 3144 salute
1296 3083 1436 3162 donatum,
1447 3100 1529 3166 atque
1541 3110 1557 3148 a
1568 3110 1639 3171 snp-

62 3175 208 3247 καταδίκης
219 3179 426 3254 ἀπαλλαγεῖσαν,
442 3175 570 3256 εὐκαίρως
591 3175 711 3254 καὶπερὶ
730 3182 776 3235 τοῦ
796 3176 838 3235 νό-
889 3173 973 3255 plicio
991 3175 1154 3253 liberatum3
1168 3192 1319 3259 opportune
1337 3177 1372 3238 da
1392 3179 1451 3259 lege
1463 3181 1569 3260 quaerit,
1579 3182 1640 3265 opi·

63 3292 115 3346 μου
125 3272 198 3339 ζητεῖ
210 3267 301 3328 λοιπὸν
314 3268 406 3341 πάλιν,
418 3267 466 3340 τὴν
481 3267 542 3346 περὶ
556 3271 635 3326 αὐτοῦ
651 3264 726 3335 δόξαν
740 3271 837 3326 ὐποτε-
890 3267 998 3327 nionem
1018 3291 1100 3347 quam
1118 3269 1153 3329 de
1168 3270 1216 3330 illa
1238 3271 1374 3331 habebant
1395 3272 1557 3354 deprimens.
1578 3277 1639 3337 Non

63 3362 201 3439 μνόμενος.
215 3363 256 3420 Οὐ
278 3361 330 3443 γάρ
352 3359 429 3439 μόνον
450 3359 523 3420 οὐδὲν
545 3359 647 3435 ὤνησε,
667 3359 761 3440 φησὶν,
780 3359 971 3449 οὐδέγφγιιιούο
994 3363 1079 3438 enim,
1093 3361 1191 3441 inquit,
1211 3363 1281 3423 nibil
1300 3365 1404 3445 profuit
1423 3387 1473 3426 neo
1490 3367 1575 3448 juvit,
1591 3369 1639 3429 sed

63 3454 143 3532 μόνον
161 3453 234 3513 οὐδὲν
251 3453 410 3526 ἐύοήθησεν,
424 3452 551 3512 ἀλλὰκαὶ
572 3451 673 3525 ηὐξήθη
691 3454 723 3513 τδ
734 3452 838 3531 νόσημα
855 3464 876 3507 Α
890 3453 971 3513 etiam
992 3453 1040 3513 illa
1064 3454 1232 3515 subintrante
1254 3471 1349 3517 auctus
1372 3472 1411 3518 est
1424 3460 1543 3522 morbus.
1564 3461 1639 3522 Illud

60 3547 277 3627 παρεισελθόντας
290 3550 378 3606 αὐτοῦ.
394 3546 434 3606 Tb
448 3545 488 3618 δέ,
509 3545 713 3618 Ἵνα,ιε’νταῦθα
733 3549 780 3605 οὐκ
797 3549 839 3605 ul·
890 3568 966 3622 vero,
985 3549 1035 3618 lu,
1051 3547 1160 3608 hicnon
1175 3571 1282 3609 caumm
1296 3550 1414 3626 indicat,
1428 3552 1475 3613 sed
1495 3569 1634 3617 eventum.

60 3639 192 3718 τιολογίας
209 3641 306 3712 πάλιν,
320 3640 379 3698 ἀλλ’
403 3638 536 3706 έκύάσεώς
556 3642 637 3698 ἐστιν.
657 3642 698 3699 Οὐ
719 3638 771 3720 γάρ
795 3639 839 3700 διδ
889 3640 951 3700 Non
964 3639 1036 3698 enim
1050 3639 1110 3699 ideo
1121 3640 1184 3700 data
1198 3656 1247 3719 est,
1260 3657 1290 3701 ut
1305 3643 1466 3723 abundaret,
1479 3647 1527 3707 sed
1538 3661 1568 3708 ut
1582 3648 1635 3708 mi·
1645 3641 1708 3748 hm
1725 3659 1787 3718 ΜΓ·

60 3736 140 3790 τοῦτο
157 3732 252 3804 ἐδόθη,
276 3730 319 3789 ίνα
347 3731 495 3812 πλεονάσῃ,
516 3732 575 3789 ἀλλ’
597 3730 674 3805 ἐδόθη
697 3730 746 3809 μέν
768 3730 838 3792 ὥστε
890 3731 1565 3813 nueretettolleretpeccatum5conmarinmautem
1575 3761 1637 3802 eve·
1662 3721 1699 3749 ω
1716 3715 1787 3752 ’Μ’

61 3823 235 3899 proiecerat
248 3824 347 3883 ἀνελεῖν
358 3824 389 3883 τὸ
399 3823 587 3903 παράπτωμα
600 3823 676 3896 ἐξέύη
688 3823 716 3882 δέ
730 3827 838 3884 τούναν-
890 3823 942 3895 nit,
952 3845 1006 3883 non
1015 3846 1050 3885 ex
1062 3838 1166 3884 nature
1177 3825 1298 3906 legesed
1311 3849 1346 3887 ex
1360 3829 1550 3911 accipientium
1559 3832 1638 3912 igna-

60 3914 127 3988 τίον,
143 3919 171 3974 οὐ
186 3915 259 3995 παρδι
274 3915 323 3987 τὴν
341 3920 387 3976 τοῦ
402 3915 483 3992 νόμον
498 3913 592 3994 φύσιν,
612 3916 682 3976 ἀλλά
701 3915 775 3998 παρδι
788 3915 837 3989 τὴν
891 3915 946 3976 via.
954 3917 1078 3976 Currero
1086 3916 1227 3991 condixit,
1235 3921 1291 3978 Lex
1299 3919 1361 3980 data
1371 3934 1424 3997 est,
1434 3921 1636 3996 sed,Leasab-

60 4012 114 4067 τῶν
126 4007 272 4085 δεξαμένων
286 4006 425 4090 ῥᾳθυμίαν.
444 4008 496 4067 Διά
510 4008 537 4066 τί
556 4008 583 4068 δὲ
604 4011 650 4068 οὐκ
670 3999 738 4080 εἶπε,
760 4007 839 4086 νόμος
888 4009 1264 4089 intraviti’Temporaneum
1284 4011 1425 4072 ostendens
1446 4013 1523 4074 illius
1539 4037 1636 4092 usum,
1695 4054 1700 4065 ·

61 4098 148 4172 ἐδόθη,
162 4097 240 4173 άλλδι,
251 4098 340 4177 Νόμος
351 4099 377 4159 δὲ
389 4102 564 4179 παρεισῆλθες
578 4099 746 4181 Πράσκαιρον
758 4102 839 4162 αὐτοῦ
890 4121 941 4159 non
956 4114 1046 4159 autem
1059 4101 1203 4182 proprium
1215 4104 1259 4162 vel
1277 4103 1445 4186 praecipuum
1454 4105 1539 4184 :qood
1554 4109 1636 4169 etiam

60 4190 163 4258 δεικνὺς
183 4191 232 4263 τὴν
248 4191 342 4274 χρείαν
362 4182 452 4266 οὖσαν,
464 4191 509 4250 καί
520 4195 549 4251 οὐ
569 4191 660 4272 κυρίαν
679 4190 736 4251 οὐδὲ
754 4214 839 4274 προη·
889 4192 917 4250 in
928 4191 1051 4272 Epistola
1059 4193 1095 4252 ad
1106 4193 1218 4263 Galatas
1231 4194 1340 4256 diverso
1353 4195 1434 4255 modo
1448 4196 1636 4261 diciuAme-
1646 4203 1700 4259 ⁶9¹·
1710 4203 1734 4251 ³·
1746 4201 1786 4249 23·

60 4284 192 4362 γουμένην
205 4307 211 4320 ·
226 4284 240 4343 ὃ
260 4284 305 4342 καὶ
323 4289 350 4344 ἐν
364 4289 397 4363 τῇ
411 4285 475 4364 πρὸς
493 4284 616 4351 Γαλάτας
637 4283 728 4363 φησίν,
742 4284 839 4364 ἑτέρως
889 4306 979 4364 quam
991 4289 1070 4345 enim
1083 4288 1296 4368 vcnirctfidcs,
1309 4311 1329 4348 a
1342 4291 1412 4371 lege,
1424 4290 1523 4374 inquit,
1537 4308 1637 4354 custo-

60 4377 92 4435 τὸ
105 4377 168 4435 αὐτὸ
180 4382 257 4436 τοῦτο
266 4378 352 4448 δηλῶν
363 4400 368 4413 ·
381 4376 440 4456 Πρδ
450 4382 495 4437 τοῦ
518 4377 570 4457 γάρ
588 4379 671 4436 ἐλθεῖν
687 4375 736 4449 τὴν
748 4378 837 4438 πίστιν
888 4379 1051 4451 diebamur,
1064 4380 1196 4439 conclusi
1216 4383 1259 4440 ad
1268 4382 1376 4462 fidem,
1393 4405 1458 4464 quta
1474 4388 1637 4448 revelanda

59 4467 112 4526 ὑπὸ
128 4466 216 4545 νόμον,
235 4467 329 4548 φησὶν,
349 4468 545 4550 ἐφρουρούμεθα
556 4469 791 4548 συγκεκλασμένοι
801 4473 838 4537 εἰς
854 4493 872 4540 B
888 4482 962 4529 erat.
979 4470 1073 4548 ltaque
1086 4470 1132 4529 lex
1147 4492 1200 4530 uon
1214 4472 1279 4549 sibi,
1294 4472 1341 4532 sed
1363 4474 1440 4534 alteri
1462 4496 1571 4558 gregem
1585 4500 1635 4538 eu·

58 4559 108 4631 τὴν
135 4560 283 4638 μελλουσαν
307 4561 398 4620 πίστιν
419 4564 648 4642 ἀποκαλυφθῆναι.
680 4562 766 4622 Ὥστε
788 4567 838 4645 οὐχ
888 4560 1030 4620 stodiebat.
1053 4562 1126 4634 Quia
1148 4562 1220 4622 enim
1242 4562 1332 4625 ludaei
1346 4565 1493 4627 illiberales
1513 4583 1589 4629 erant
1603 4591 1637 4629 ac

58 4656 162 4732 ἑαυτῷ,
176 4655 235 4711 ἀλλ’
258 4653 340 4734 ἑτέρῳ
361 4653 409 4725 τὴν
429 4652 545 4730 ποίμνην
558 4653 709 4733 ἐφύλαττεν.
723 4655 834 4727 Ἐπειδὴ
887 4652 1012 4713 dissoluti
1027 4666 1053 4713 et
1065 4653 1103 4714 ad
1114 4655 1171 4735 ipsa
1185 4655 1257 4716 dona
1270 4658 1371 4739 supini,
1386 4658 1447 4719 ideo
1457 4660 1501 4720 lex
1512 4661 1576 4721 data
1586 4677 1635 4738 est,

57 4744 109 4824 γδιρ
125 4745 250 4823 βάναυσοί
269 4769 336 4812 τινες
355 4737 423 4818 ἦσαν
447 4746 569 4805 Ἰουδαῖοι
589 4746 635 4804 καὶ
656 4747 834 4824 ἐκλελυμένοι,
888 4760 918 4805 ut
933 4745 994 4807 illos
1009 4747 1095 4828 magis
1111 4764 1276 4828 coargueret,
1290 4765 1316 4810 et
1334 4751 1406 4811 clare
1417 4751 1525 4812 doceret
1541 4755 1636 4833 quoin

57 4837 104 4896 καὶ
124 4836 188 4917 πρὸς
210 4839 290 4905 αὐτάς
309 4837 357 4905 τὰς
373 4838 472 4918 δωρεάς
489 4838 717 4913 ἀναπεπτωκότες,
740 4840 833 4900 τούτου
887 4851 959 4897 statu
971 4853 1066 4914 essent,
1079 4853 1160 4918 atque
1172 4842 1368 4901 accusationem
1380 4864 1489 4923 augens,
1502 4844 1564 4904 illos
1578 4867 1636 4905 tna-

57 4931 137 5010 χάριν
153 4936 166 4990 ό
181 4931 258 5008 νόμος
271 4929 357 5002 ἐδόθη,
368 4930 411 4989 ἵνα
426 4929 518 4998 αὐτούς
530 4929 621 5010 ἐλέγξῃ
635 4930 759 5008 μειζόνως
766 4930 782 5002 ,’
788 4933 835 4992 καί
887 4931 928 5010 gis
942 4931 1141 5010 constringeret.
1163 4934 1267 4994 Verum
1290 4954 1324 4992 ne
1346 4933 1454 4993 timeas:
1464 4956 1550 5015 neque
1564 4937 1636 4996 euim

59 5023 150 5103 διδάξῃ
164 5026 253 5103 σαφῶς
265 5025 291 5081 ἐν
303 5015 340 5090 οἷς
354 5027 413 5095 εἰσι,
427 5023 472 5080 καί
484 5022 532 5094 τὴν
546 5023 707 5103 κατηγορίαν
718 5023 834 5096 αὐξήσας
887 5037 916 5082 ut
931 5024 1019 5104 majos
1034 5023 1199 5104 supplicium
1215 5040 1291 5098 osset,
1304 5025 1334 5084 id
1349 5026 1449 5084 sactum
1473 5042 1522 5106 est,
1538 5029 1585 5088 sed
1606 5043 1637 5089 ut

61 5115 200 5196 ἐπισφίγξη
216 5118 315 5192 μᾶλλον
334 5115 434 5181 αὐτούς.
449 5113 527 5174 Ἀλλδ
540 5113 577 5192 μη
591 5113 726 5195 φοόηθῇς·
740 5117 770 5174 οὐ
782 5116 833 5198 γάρ
887 5118 973 5197 major
982 5130 1123 5198 appareret
1132 5117 1297 5197 gratialdco
1307 5117 1492 5200 snbjicittlsbi
1500 5125 1636 5183 abunda·

96 5264 107 5298 lt
126 5262 182 5313 ltu.
198 5271 232 5320 [ct
243 5266 284 5329 l]
298 5267 351 5319 εἶναι
364 5273 469 5337 λυπηρῶν
480 5268 634 5332 παιέευόμενοι
648 5272 702 5338 πρὸς
713 5275 748 5320 τά.
