3728 5978
587 417 622 463 m
648 417 735 465 acra
762 414 1024 464 arosronouuu.
1052 414 1171 461 nonin.
1199 415 1272 463 xix.
1326 440 1329 445 ·
1654 390 1719 461 165

150 537 200 603 σίας
211 539 326 597 ἐνταῦθα
341 537 377 597 τὰ
391 540 440 608 τῆς
452 536 585 616 τιμωρίας
603 542 722 610 ποιῆσαι.
728 539 783 599 Καὶ
796 540 859 621 ἀρα,
874 537 921 617 alp
976 536 1030 594 cit?
1042 537 1079 597 Ut
1087 556 1148 595 curn
1159 537 1256 616 majori
1265 549 1395 617 potestate
1404 536 1462 596 iilic
1471 535 1635 618 supplicium
1644 537 1715 596 inssi-

149 629 252 711 ιινδόνῳ
263 630 432 713 διαρρίπτων
443 630 547 704 ἑαυτὸν,
560 629 632 715 ὅμως
642 631 688 690 καὶ
698 631 767 691 οὕτω
782 632 921 713 ροόεῑται,
973 629 1205 707 geretur.Etvide,
1212 629 1240 689 in
1247 644 1378 709 qnantum
1388 630 1714 712 sepericulumounjiciat3

149 722 219 801 μήτι
233 722 311 801 πάθῃ
331 721 427 794 κακόν.
447 721 502 783 Διά
515 729 593 785 τοῦτο
605 728 665 802 γοῦν
679 723 726 782 καί
740 722 835 790 ἄλλους
846 725 921 802 λαμ·
972 736 1089 783 attamen
1100 722 1140 783 sic
1149 723 1236 798 timet,
1249 744 1282 782 ne
1294 721 1361 800 quid
1377 721 1428 782 sibi
1442 721 1507 781 mali
1523 722 1635 783 accidat.
1648 723 1715 783 ldeo
1834 728 1836 734 '

148 812 213 873 όόνιι
227 816 287 892 μεθ’
299 817 414 884 iamai,
431 814 477 874 τδν
488 813 570 894 ρόόον
581 813 653 893 τάχα
664 813 886 892 ὑποτεμνόμενος·
903 813 920 884 ἢ
973 835 1037 895 ergo
1046 815 1113 874 alios
1124 836 1214 875 secum
1224 815 1347 886 assumit,
1359 815 1428 873 forte
1437 835 1493 894 pra
1503 816 1643 877 metuzvel
1652 817 1715 894 quia

149 905 187 965 mi
204 906 263 965 ἐπεὶ
289 903 364 964 κατὰ
389 907 495 965 πολλῶν
520 905 619 986 ἀπῄει,
642 903 756 973 πολλοὺς
773 905 922 983 λαμόοίνει,
973 922 1066 967 contra
1080 908 1179 967 multos
1201 908 1268 982 ibat,
1288 908 1387 967 multos
1402 907 1511 988 accipit,
1528 921 1558 966 ut
1574 908 1714 988 audacius,

149 1000 211 1069 ότανς
222 997 455 1081 θαρσαλεώτερον,
467 995 524 1064 Ob<
538 995 570 1057 ἀν
594 995 655 1077 εὕρῃ
665 996 762 1077 ἄνδρας
775 1020 803 1056 τε
815 996 861 1055 καὶ
875 1021 920 1076 γυ-
929 1049 966 1088 ¹5,
974 1002 1005 1060 Si
1017 1022 1090 1082 quos
1112 1006 1255 1060 inveniret
1278 1005 1359 1061 uiros
1375 1021 1411 1060 ac
1432 1003 1579 1074 mulieres,
1601 1007 1717 1063 uinctos

151 1101 250 1166 ναῖκες,
264 1089 423 1169 δεδεμένους
438 1089 525 1171 ἀγάγῃ
540 1092 568 1149 ἐν
582 1088 766 1168 Ἰερουσαλήμ.
781 1088 882 1157 Ἄλλως
892 1115 922 1150 τε
938 1104 959 1151 Α
973 1094 1142 1172 perduceret
1167 1096 1199 1151 iu
1212 1093 1386 1153 Jerusalem.
1403 1093 1531 1171 Alioquin
1551 1107 1641 1152 antem
1660 1095 1718 1175 ipsc

152 1183 244 1244 ιαἰδιά
263 1187 316 1256 τῆς
332 1185 395 1243 ὁδοῦ
414 1192 496 1243 πᾶσιν
510 1184 598 1249 αὐτοῖς
612 1181 694 1250 δεῖξαι
707 1181 829 1242 scotum
842 1184 922 1243 αὐτοῦ
974 1205 1023 1264 per
1035 1182 1109 1244 viam
1121 1182 1438 1243 ostendereiisomnibus
1451 1183 1568 1261 volebat,
1587 1199 1671 1244 totum
1683 1187 1718 1246 ab

153 1277 242 1336 τὀπὲν
253 1275 302 1334 όν·
316 1273 402 1345 οὕτως
417 1276 514 1343 ἐκεῖνος
529 1275 579 1334 οὐκ
593 1273 751 1342 ἐσπούδαζον
765 1282 851 1334 τοῦτο.
868 1275 923 1335 Καὶ
976 1298 1003 1337 se
1016 1276 1150 1357 proficisci
1162 1300 1168 1333 :
1180 1276 1216 1336 ita
1232 1276 1273 1336 illi
1293 1277 1363 1336 nihil
1383 1276 1435 1337 boc
1450 1278 1589 1337 curabant.
1607 1278 1643 1338 Et
1654 1278 1718 1339 vide

155 1370 198 1448 be
216 1368 295 1427 αὐτὸν
314 1370 352 1435 είς
366 1365 488 1449 ρυλαιιήν
506 1365 674 1446 θμόοίλλοντα
696 1368 742 1428 καί
755 1368 808 1450 πρὸ
820 1367 921 1428 τούτου.
976 1368 1055 1428 illum
1068 1368 1181 1452 antebac
1190 1369 1218 1428 in
1230 1391 1361 1428 carcerem
1374 1370 1567 1450 conjicientem.
1577 1371 1621 1430 llli
1634 1372 1719 1452 igitur

157 1463 262 1521 Ἐκεῖνοι
272 1458 323 1534 μὲν
339 1451 386 1520 ὧν
406 1461 454 1520 οὔκ
468 1451 674 1541 ίσχνσαν,οότος
695 1459 724 1521 δὲ
744 1461 852 1542 ἴσχυσεν
870 1459 924 1520 ἀπὸ
977 1482 1029 1520 non
1046 1460 1308 1534 valebant,bicvero
1319 1483 1375 1541 prae
1385 1462 1491 1521 fervore
1504 1475 1617 1541 poterat.
1632 1464 1661 1521 5.
1677 1465 1720 1522 Et

113 1596 134 1649 3
158 1553 366 1634 ιήςπρυθνμίας.
383 1552 431 1614 Ἐν
446 1554 475 1614 δὲ
491 1557 529 1633 τῷ
551 1551 706 1633 πορεύεσθαι
720 1552 823 1633 θγίνετο
844 1554 923 1614 αὐτὸν
976 1573 1043 1613 eum
1068 1557 1124 1612 iter
1134 1555 1399 1636 faceret,eontigit
1420 1566 1452 1611 ut
1473 1558 1719 1635 appropinquaret

160 1647 258 1726 ἀγγίζιιν
278 1651 315 1727 τῇ
337 1649 488 1728 Δαμασκῷ·
514 1646 561 1706 καί
581 1645 704 1727 ἕξαίρνης
727 1649 923 1731 περιήστραψεν
977 1646 1127 1705 Damasco
1146 1668 1154 1701 :
1173 1658 1201 1704 et
1232 1648 1327 1705 subito
1355 1646 1549 1727 circumfulsit
1574 1667 1640 1704 eum
1668 1647 1720 1705 lua

162 1739 227 1799 α’πδν
245 1743 301 1821 p&
315 1740 372 1800 ἀισδ
388 1743 435 1798 τοῦ
454 1741 578 1818 aposto,
590 1736 635 1798 καί
646 1737 735 1798 πεσὼν
749 1739 793 1799 ἐπί
804 1739 852 1813 τήν
863 1745 923 1820 γῆν,
977 1738 1015 1795 ele
1033 1737 1162 1806 caelo;l.
1180 1750 1209 1796 et
1229 1737 1337 1795 cadens
1355 1738 1387 1793 in
1409 1748 1517 1794 terram
1535 1738 1649 1795 audivit
1666 1757 1721 1795 vo-
1790 1794 1794 1800 ,

162 1833 245 1904 ήιουσε
264 1837 357 1914 ρυνῆς
371 1831 500 1912 λεγπίσης
514 1828 702 1912 aurp-habi
710 1874 719 1906 ,
734 1830 878 1904 Σαοδλ,τί
890 1856 925 1910 με
977 1849 1040 1887 cem
1066 1830 1211 1887 dicentem
1237 1830 1296 1887 sibi
1311 1851 1320 1883 :
1334 1827 1432 1898 Saule,
1457 1826 1558 1903 Saule,
1579 1828 1651 1907 quid
1676 1849 1722 1887 nae

163 1924 273 1992 inim<-
976 1924 1176 2001 persequeris?

193 1969 276 2076 anzi
290 2015 331 2096 μὴ
352 2018 380 2075 ἀν
399 2013 608 2095 Ἱεροσολόμοιςς
628 2015 672 2075 διὰ
685 2014 712 2075 τί
726 2014 763 2095 μή
777 2015 881 2095 γέγονεν
897 2021 923 2078 ἐν
1018 2015 1048 2073 δ.
1065 2013 1122 2073 Cur
1141 2033 1194 2072 non
1208 2012 1405 2093 ierosolymis?
1424 2035 1473 2074 cur
1485 2034 1538 2073 non
1553 2014 1679 2074 Damasci
1692 2013 1722 2072 id

161 2113 306 2191 Δαμασκῷς
322 2107 410 2168 Ὦστε
422 2107 460 2186 μὴ
475 2106 571 2176 ἐξεῖναι
584 2108 678 2176 ἀλλους
694 2108 781 2176 ἄλλως
792 2110 857 2170 αὐτὸ
868 2110 925 2184 διη-
943 2121 961 2167 Β
979 2106 1080 2164 factum
1098 2104 1158 2164 est?
1172 2105 1211 2165 Ut
1224 2124 1277 2162 non
1298 2117 1406 2184 possent
1414 2105 1467 2164 alii
1481 2105 1551 2164 illud
1563 2106 1641 2165 aliter
1655 2127 1721 2165 nar-

160 2203 292 2281 γήεααθαι,
311 2203 373 2262 ἀλλ’
389 2200 468 2269 αὐτὸς
480 2199 629 2269 ἀξιόπιστος
643 2192 660 2282 ᾖ
675 2200 926 2280 διηγούμενοςὸδιὰ
980 2217 1059 2273 rare3
1081 2209 1106 2255 et
1119 2208 1149 2253 ut
1164 2194 1232 2276 ipse,
1248 2195 1295 2274 qui
1315 2192 1363 2254 illa
1376 2195 1410 2255 de
1427 2217 1506 2256 causa
1528 2197 1643 2275 abierat,
1658 2218 1723 2257 nar-

159 2301 227 2354 ταῖτο
237 2292 336 2355 ἀπιόν.
362 2294 453 2354 Τοῦτο
464 2297 527 2372 γοῦν
540 2293 627 2373 λε’γει,
641 2292 687 2351 καί
700 2293 765 2374 πρὸς
779 2292 925 2374 Ἀγρίππαν
981 2286 1067 2349 raudo
1076 2286 1130 2347 fide
1139 2284 1239 2366 dignus
1249 2301 1327 2346 esset.
1340 2288 1398 2346 Hoc
1410 2310 1474 2368 ergo
1484 2288 1563 2366 dicit,
1574 2310 1637 2348 cum
1648 2292 1723 2371 apud
1753 2301 1759 2318 ¹

160 2386 390 2467 ‘dutqfflpma
416 2384 524 2465 Πάοχει
542 2383 570 2444 δὲ
588 2384 633 2445 καὶ
650 2384 698 2454 τὰς
715 2385 801 2466 ὄψοις,
822 2384 925 2460 διόςςὴ
982 2380 1132 2461 Agrippam
1146 2401 1204 2439 sese
1221 2378 1350 2440 defendit.
1369 2381 1487 2441 Laborat
1511 2396 1601 2443 autem
1622 2384 1723 2459 oculis,

160 2478 282 2560 όκιρόολή
313 2482 362 2538 τοῦ
385 2476 471 2558 ρυειδς
494 2475 623 2548 πλήττειν
643 2475 735 2538 είονθε·
762 2477 848 2557 μίτρα
874 2479 926 2561 γάρ
980 2474 1045 2553 quia
1069 2473 1153 2533 nimia
1178 2473 1229 2533 lux
1252 2472 1350 2533 laedere
1369 2475 1436 2534 solet
1442 2499 1452 2552 ς
1473 2498 1625 2537 mensuram
1651 2479 1724 2538 enim

161 2571 253 2651 θραυσιν
265 2574 293 2630 οἱ
309 2567 454 2651 δρθαλμοί.
483 2566 599 2647 Αίγετοιι
613 2567 641 2628 δὲ
655 2568 702 2628 καὶ
714 2574 802 2649 ρωνής
816 2569 928 2651 ὑπερόο-
980 2589 1058 2628 suam
1070 2567 1170 2627 babent
1191 2566 1274 2628 oculi.
1291 2568 1400 2629 Dicitur
1421 2570 1503 2629 etiam
1522 2571 1597 2631 vocis
1619 2586 1644 2630 et
1666 2573 1724 2631 soni

161 2661 190 2734 λή
202 2661 303 2744 aspele
315 2669 403 2721 ποιεῖν
415 2660 462 2721 καὶ
470 2662 639 2740 ἀπαπλῆγαε.
656 2660 735 2720 Ἀλλὰ
746 2668 837 2722 τοῦτον
848 2660 927 2741 μόνον
980 2659 1175 2719 vehementiam
1186 2658 1282 2720 surdos
1295 2657 1380 2719 iacere
1392 2675 1418 2719 et
1432 2661 1568 2721 attonitos.
1584 2663 1639 2723 Sed
1651 2663 1725 2722 bunc

163 2757 293 2837 ίπήρυσε,
312 2753 362 2815 καλ
380 2751 486 2814 ίσόεσεν
512 2755 592 2813 αὐτοῦ
611 2752 656 2813 τόν
677 2754 758 2831 θυμόν
780 2757 819 2835 τῷ
844 2753 927 2836 ρόόῳ,
979 2751 1126 2812 exeaeavit
1136 2765 1288 2824 tantum,et
1298 2765 1371 2811 metu
1379 2752 1499 2811 furorem
1511 2754 1569 2833 ejus
1582 2754 1714 2815 exstinxit

112 2908 114 2913 ,
162 2845 221 2907 ὅσοι
238 2847 319 2908 αὐτόν
343 2849 459 2906 ἀκοῦσαι
481 2843 515 2903 ab
537 2832 675 2924 λεγόίίενα.
701 2847 808 2922 Σαοὺλ,
829 2844 928 2921 Σαοὺλ,
980 2843 1017 2902 ita
1033 2855 1063 2900 ut
1078 2840 1137 2900 baec
1155 2841 1202 2900 ille
1222 2841 1328 2901 audiret
1343 2865 1349 2899 :
1362 2843 1460 2915 Saule,
1477 2843 1574 2920 Saule,
1588 2845 1661 2925 quid
1674 2867 1720 2905 me

165 2939 264 3020 ρςαζεί
278 2961 314 3017 με
328 2936 456 3012 διώκειςς
472 2938 514 2995 Οὔ
527 2935 599 3016 λέγει
614 2941 694 3018 αὐτῷ,
708 2936 859 3010 πίστευσον,
870 2940 929 2999 οὐδὲ
978 2935 1159 3013 persequeris
1171 2938 1185 2991 i
1199 2934 1259 2992 Non
1271 2931 1340 2992 dicit
1352 2932 1405 3007 illi,
1424 2934 1521 3012 Crede,
1538 2957 1624 3014 neque
1637 2937 1726 2997 simile

165 3032 257 3091 ἀθλοτι
279 3036 401 3092 τοιοῦτον
419 3026 509 3102 auto,
529 3030 588 3088 ἀλλ’
607 3031 723 3108 ἐγκαλεῖ.
751 3032 929 3112 *Μονονουχί
981 3026 1124 3109 quidpiam
1135 3050 1145 3105 ς
1167 3027 1215 3086 sed
1236 3027 1351 3087 incusat.
1375 3028 1440 3088 Hac
1463 3031 1518 3089 fere
1535 3030 1602 3090 dicit
1626 3030 1725 3109 quibus
1779 3059 1786 3068 ·

165 3124 208 3207 γὰρ
219 3124 297 3187 muel
314 3146 396 3202 ρησι,
413 3119 449 3180 δι’
462 3111 501 3179 ὧν
525 3122 646 3200 ἐγκαλεῖ·
660 3121 688 3181 τί
702 3122 767 3202 παρ’
781 3125 846 3202 ἐμοῦ
860 3123 930 3203 μέγα
982 3122 1061 3181 illum
1077 3121 1182 3181 incusat
1193 3145 1200 3177 ι
1211 3120 1298 3199 Quid,
1316 3121 1360 3182 vel
1381 3144 1480 3204 parum
1499 3124 1544 3184 vel
1565 3126 1725 3202 multum,a

168 3216 278 3297 ήμαρσν
296 3214 463 3294 ἠδικημένος
482 3217 568 3273 ταῦτα
581 3223 665 3283 ποιεῖς
673 3239 682 3288 ;
701 3205 771 3275 Εἶπε
785 3213 829 3274 ll·
844 3215 884 3283 τίς
896 3206 929 3288 εἷ,
946 3231 965 3279 c
982 3234 1026 3273 me
1038 3213 1127 3288 laesus,
1141 3211 1192 3272 boc
1203 3212 1284 3292 agis?
1300 3216 1387 3273 Dixit
1403 3229 1510 3289 autem,
1525 3221 1591 3297 quis
1604 3239 1644 3290 es,
1658 3220 1727 3277 Do-

169 3309 248 3388 liipn3
262 3309 343 3375 Τέως
355 3304 531 3386 ὡμολόγησεν
546 3307 639 3366 ἑαυτὸν
653 3308 752 3366 δοῦλον.
776 3305 811 3366 Ὁ
830 3305 858 3367 δὲ
873 3306 930 3368 ίίό-
983 3308 1079 3363 miae?
1088 3303 1201 3363 Interim
1211 3324 1240 3363 se
1249 3305 1392 3365 confitetur
1404 3328 1523 3367 servum.
1534 3309 1668 3368 Dominus
1680 3331 1728 3368 an·

172 3393 310 3480 ριιςεῖπεν·
324 3397 384 3480 apl
403 3401 461 3478 εἰμὶ
480 3397 603 3472 Ἰησοῦς,
622 3398 651 3459 ὃν
671 3396 702 3457 ab
718 3397 831 3467 διώκεις.
856 3397 931 3459 Ὡσεὶ
983 3411 1037 3456 tem
1050 3395 1292 3478 dixit:Egosum
1305 3402 1403 3472 Jesus,
1417 3422 1503 3482 quem
1518 3416 1549 3461 tu
1573 3424 1727 3485 perseque-

171 3493 243 3573 up·
253 3493 295 3575 μὴ
305 3490 424 3571 νομίσῃς
434 3491 499 3570 πρὸς
511 3489 663 3571 ἀνθρώπως
674 3481 741 3551 εἶναί
753 3513 795 3552 σοι
804 3491 849 3551 τὸν
863 3489 932 3551 1’τό
984 3494 1034 3550 ris.
1041 3493 1080 3549 Ac
1088 3489 1111 3550 si
1119 3489 1280 3550 diceret:Ne
1288 3506 1366 3573 putes
1376 3493 1426 3551 tibi
1437 3515 1500 3553 cum
1508 3493 1662 3555 bominibus
1673 3517 1729 3556 esse

171 3587 242 3664 λιμοι.
265 3589 304 3647 οί
326 3583 359 3644 δὲ
383 3582 505 3650 συνόντες
525 3585 614 3663 αὐτῷ,
636 3582 686 3656 τήν
706 3583 796 3664 ρωνήν
820 3583 868 3663 μὲν
887 3589 933 3644 τοῦ
985 3597 1126 3642 certamen.
1137 3582 1192 3655 Qui
1202 3598 1293 3643 autem
1303 3605 1366 3643 cum
1374 3585 1422 3644 illo
1430 3599 1609 3662 erant,vocem
1619 3588 1729 3667 quidem

172 3677 261 3739 {bum
278 3678 423 3750 ήκαυσαν,
439 3675 532 3735 attia
546 3674 574 3736 δὲ
587 3673 724 3756 ἐθεώρουν,
739 3677 846 3756 πρδςόν
862 3680 932 3738 ἀπε-
986 3672 1064 3732 Pauli
1087 3672 1249 3751 audierunt,
1274 3675 1408 3736 neminem
1432 3692 1521 3738 alitem
1537 3678 1679 3757 viderunt,
1695 3680 1731 3740 ad

173 3771 271 3848 κρίνειν.
295 3769 434 3836 Εἰκότως·
448 3769 503 3827 τῶν
516 3766 568 3848 γάρ
579 3766 724 3827 ἐλαττόνων
737 3767 829 3837 αὐτοὺς
839 3768 932 3842 ἔποίη-
986 3788 1066 3845 quem
1076 3767 1258 3847 responderet.
1272 3767 1308 3827 Et
1321 3771 1384 3850 jure
1395 3772 1490 3829 merito
1499 3794 1505 3827 :
1514 3793 1605 3831 rerum
1617 3793 1732 3852 namque

174 3862 369 3947 σενάκροατός.
396 3862 433 3922 El
452 3858 505 3940 γάρ
523 3865 571 3932 τῆς
589 3862 676 3940 ρυινῆς
694 3858 934 3935 inmaculatum,
987 3859 1123 3919 minorum
1137 3857 1200 3919 illos
1223 3860 1286 3919 iecit
1305 3861 1450 3922 auditores.
1465 3864 1534 3922 Nam
1549 3864 1572 3922 si
1586 3884 1679 3922 vocem
1692 3865 1732 3923 it-

175 3953 210 4013 τόν
219 3957 392 4029 ἠπίστησαν·
408 3952 455 4013 τόν
468 3952 497 4012 δὲ
510 3953 617 4013 Παῦλον
631 3956 741 4031 δρῶντες
755 3949 934 4034 ἀποκρινόμε-
989 3952 1041 4010 iam
1053 3950 1202 4027 audissent,
1212 3971 1298 4029 neque
1310 3952 1350 4011 sic
1361 3953 1548 4013 credidissentt
1557 3956 1673 4014 Paulum
1682 3979 1733 4015 au-

177 4047 385 4126 ισςῖθαίμαζον.
410 4042 491 4105 Ἀλλὰ
503 4042 654 4118 Ἀνάστηθι,
669 4042 715 4102 καὶ
728 4041 829 4103 εἴσελθε
842 4047 878 4111 είς
887 4045 936 4118 τήν
989 4057 1042 4102 tem
1072 4043 1195 4103 videntes
1222 4043 1439 4125 respondentem,
1471 4048 1647 4108 mirabantur.
1680 4050 1735 4111 Sed

178 4137 250 4217 σίλιν,
270 4139 321 4201 καὶ
340 4135 528 4210 λαληθήσεταί
541 4159 601 4210 σοι,
615 4135 681 4196 τίσι
693 4137 732 4195 δεῖ
744 4144 838 4196 ποιεῖν.
853 4134 937 4218 Ὀρα,
954 4157 973 4204 1>
990 4141 1018 4199 ⁷.
1041 4140 1140 4219 Surge,
1167 4151 1195 4198 et
1218 4141 1368 4220 ingredere
1389 4146 1548 4218 civitatem,
1571 4159 1600 4204 et
1623 4147 1737 4207 dicetur

112 4288 114 4294 ,
180 4231 393 4300 &ammae
406 4228 496 4288 πάντα
510 4229 583 4307 αὐτῷ
598 4226 789 4303 ἀποκαλύπτει,
804 4228 874 4289 ἀλλά
885 4229 936 4309 μό·
991 4233 1045 4291 tibi
1055 4233 1128 4312 quid
1136 4244 1167 4291 te
1177 4245 1308 4311 oportent
1317 4235 1427 4313 facere.
1438 4235 1522 4314 Vide,
1534 4239 1671 4317 quomodo
1681 4260 1736 4300 non

182 4322 405 4406 νακρομαλάττει
416 4323 494 4380 αὐτοῦ
503 4319 553 4393 τήν
564 4319 688 4394 διάνοιαν,
699 4319 745 4379 καί
759 4319 793 4380 δι’
804 4311 842 4380 ὧν
853 4345 939 4405 παρα-
990 4323 1083 4384 statim
1095 4312 1185 4383 omnia
1200 4323 1253 4405 ipsi
1275 4325 1385 4403 revelet,
1405 4326 1452 4385 sed
1466 4327 1543 4408 prius
1561 4342 1666 4390 tantum
1680 4331 1736 4390 mi·

112 4458 127 4484 ,-
184 4414 296 4476 ttla'm
312 4420 422 4473 ‘nouis
438 4412 527 4484 αὐτὸν,
540 4416 708 4494 παραχρῆμα
736 4411 842 4472 δίδωσιν
865 4417 938 4495 αὐτῷ
992 4416 1058 4497 tiget
1073 4415 1191 4475 animam
1207 4417 1280 4498 ejus,
1294 4431 1320 4477 et
1333 4438 1506 4498 perea,quae
1516 4421 1594 4502 jubet
1605 4422 1686 4483 illum
1697 4425 1739 4484 fa-

186 4507 282 4584 γρμ-ιλς
294 4506 419 4576 ἐλπίδας,
434 4503 481 4564 καί
493 4502 536 4564 ότι
553 4502 705 4583 necatum.
720 4505 758 4564 ot
771 4503 801 4565 δί
814 4504 941 4586 ἀνδριςοί
993 4529 1062 4585 cere,
1078 4508 1170 4567 statim
1184 4530 1260 4589 spem
1274 4509 1373 4568 bonam
1386 4509 1466 4589 indit,
1492 4512 1567 4592 quod
1582 4514 1672 4574 visum
1692 4537 1739 4575 re.

112 4625 134 4675 ᾗ,
189 4594 342 4662 ποδότης
357 4595 443 4672 αὐτῷ’
456 4589 625 4664 ‘inimum
638 4591 730 4666 ltmb
744 4590 882 4659 ἀκούοντες
893 4589 941 4670 μὲν
995 4613 1121 4680 ceptnrus
1130 4598 1176 4658 sit.
1191 4602 1256 4660 Viri
1265 4613 1374 4673 autem,
1387 4606 1438 4682 qui
1451 4606 1535 4667 ibant
1545 4626 1612 4664 cum
1621 4628 1665 4678 eo,
1675 4620 1740 4666 sta·

121 4748 136 4762 ,
192 4687 324 4766 ὖςγιννῆς,
340 4685 444 4766 μηδένα
457 4683 662 4763 δέθεωροῧντει.
677 4681 794 4766 Ἠγέρθη
809 4683 836 4745 ll
849 4686 943 4744 θΣαῦ-
997 4694 1068 4750 bant
1081 4694 1253 4774 stupefacti,
1268 4695 1421 4753 audientes
1431 4697 1548 4776 quidem
1557 4717 1740 4772 vocemme-

122 4800 138 4854 ξ
194 4775 421 4860 θιᾶπθτῆςγῆς,
436 4775 611 4857 &laetum
624 4780 718 4836 τετῶν
733 4777 877 4857 ὀφθαλμῶν
892 4780 940 4836 αὖ·
997 4789 1104 4843 minem
1115 4798 1213 4844 autem
1223 4787 1365 4847 uidentes.
1380 4788 1407 4849 8.
1417 4789 1549 4848 Surrexit
1559 4803 1658 4848 autem
1668 4789 1743 4849 Sau-

112 4895 138 4953 ’,ζ
198 4879 327 4946 mantia
340 4880 447 4941 ἔόλιπι.
463 4875 944 4958 Χειραγωγοῦντεςδλαθτδνείσήγα-
999 4878 1045 4937 lus
1066 4878 1102 4937 de
1123 4891 1211 4949 terra,
1229 4883 1394 4960 apertisque
1410 4882 1502 4940 oeulis
1519 4882 1596 4939 nibil
1611 4882 1741 4944 videbat.
1848 4928 1855 4938 .

227 5049 300 5102 'Unus
306 5053 390 5104 Codex
400 5057 595 5119 ἀπολογεύμενος.
606 5058 674 5122 ἡγὰρ
681 5054 805 5121 ίεπερόολή.
988 5056 1049 5117 αὐτῷ
1059 5067 1065 5077 ·
1078 5053 1156 5102 οόδάνκ
1167 5053 1200 5102 δι’.
1545 5113 1547 5116 ¹

231 5127 356 5192 ‘iSasilius
366 5139 491 5200 μονονουχὶ
501 5137 585 5196 λόγων·
599 5138 621 5183 τί
629 5130 708 5199 παρ’]
1022 5142 1032 5165 ⁰
1045 5124 1132 5195 [Haec,
1144 5140 1214 5181 ποιεῖν
1227 5131 1311 5189 αὐτὸν,
1323 5141 1481 5197 παραχρῆμα,
1496 5129 1666 5197 supplevimus
1681 5155 1693 5186 e
1705 5141 1746 5204 D„

234 5203 418 5279 “damaetam
427 5220 473 5271 τὴν
482 5219 556 5278 paam
563 5216 603 5262 τοῦ
613 5211 705 5261 Παῦλον
712 5215 807 5268 ἥκουσαν
816 5214 836 5262 οῖ
845 5217 943 5266 συνόντες
991 5219 1016 5258 ει
1027 5207 1148 5274 expressit
1159 5207 1304 5272 Erasmus]
1582 5279 1599 5314 ἶ

1563 5282 1573 5314 ι
