3728 5978
130 397 194 469 150
459 422 489 468 s.
515 419 655 471 tonnnrs
680 416 866 466 cunrsosr.
894 415 1051 467 λεεωεν.
1079 414 1350 464 oonsrsnrtnor.

122 544 204 613 mitt,
212 554 239 600 et
250 543 306 600 tue
316 553 505 617 revertentur,
513 563 560 601 nee
571 540 630 600 sine
638 541 749 601 ultione.
759 538 795 598 Et
801 538 862 596 ani·
916 536 1053 616 τρεύσουσί
1067 560 1128 616 μοι·
1142 538 1188 596 καλ
1203 536 1244 601 δτι
1257 542 1368 599 ἐνταῦθα
1388 536 1624 613 ίπανελεύσοντιι,
1643 538 1689 598 καλ

119 632 267 705 madverte,
279 632 414 710 quomodo
427 632 551 693 videatur
564 631 668 711 aliquid
682 630 864 692 circumsisio·
916 633 962 689 οὐκ
982 626 1140 712 άτιμιορητί.
1155 630 1208 691 Καί
1221 629 1285 712 δρα,
1298 634 1356 695 πῶς
1377 631 1448 690 δοκεῖ
1462 629 1511 707 μίν
1527 653 1556 688 τι
1576 629 1689 711 χαρίζε·

119 726 148 785 ni
159 725 311 799 concedere,
325 746 386 783 errrn
400 725 469 785 uiuit
480 725 504 783 ei
521 723 862 803 tribnat3siquidempco-
916 724 1024 800 σθαιτῇ
1046 724 1190 802 περιτομῇ,
1206 720 1280 781 οὐδὲν
1301 721 1328 782 δὲ
1351 721 1473 781 δίδωσιν·
1497 720 1523 782 εί
1543 744 1574 802 γε
1596 725 1615 792 ἡ
1641 721 1689 798 μίν

118 819 211 879 missio
229 816 363 899 precessit
388 816 479 893 illam,
501 838 560 895 quae
585 816 716 898 posterior
737 814 798 874 suit.
820 816 862 873 Et
879 818 899 867 G
917 811 1061 892 ἐπαγγελία
1074 814 1127 894 πρδ
1147 813 1260 886 ταύτης,
1274 812 1340 886 αὕτη
1362 814 1390 875 δὲ
1405 813 1474 891 μετὰ
1486 817 1582 873 ταῦτα.
1595 813 1690 874 Kaloi

61 944 64 949 ·
115 912 303 991 patriarchae,
326 909 426 988 inquit,
448 910 629 970 aemulantes.
645 909 698 968 Hie
714 929 767 968 non
787 907 862 967 laedit
917 906 1098 985 πατριάρχαι,
1119 905 1201 985 φησὶ,
1214 905 1387 977 ζηλώσαντες.
1399 905 1484 966 Ἔνθα
1502 903 1542 966 σθ’
1557 904 1689 986 βλάπτει,

117 1023 172 1079 eos,
191 1001 236 1060 sed
252 1000 420 1081 gratificatur
431 996 511 1080 ipsis.
527 1001 696 1061 Patriarehus
709 1014 799 1061 autem
813 1020 861 1058 vo·
916 997 1053 1078 χαρίζεται
1067 1001 1162 1064 αὐτοῖς.
1175 998 1349 1081 Πατριάργας
1370 998 1398 1058 δί
1418 1021 1483 1079 φησι
1503 990 1565 1064 τούς
1585 997 1689 1076 προγό-

117 1105 159 1151 cot
170 1091 351 1173 progenitores
359 1115 368 1168 3
379 1093 507 1169 quoniam
515 1084 549 1151 de
562 1092 605 1151 his
614 1092 701 1151 altum
712 1091 859 1172 sapiebant.
917 1111 991 1163 νους,
1003 1089 1094 1160 ἐπειδὴ
1115 1088 1160 1149 καλ
1178 1094 1205 1150 iu
1218 1089 1320 1158 τούτοις
1334 1088 1403 1169 μέγα
1415 1089 1566 1170 (ἐφρόνουν.
1583 1087 1688 1155 Ἄλλως

30 1236 32 1240 .
117 1183 244 1261 Alioquin
255 1182 455 1258 sumostendit,
465 1196 629 1243 sanetosnon
640 1184 860 1244 iuisseaerumna·
916 1180 944 1241 δὲ
967 1180 1013 1240 καλ
1033 1181 1170 1255 δείκνυσιν,
1183 1181 1224 1241 ύτι
1245 1187 1270 1241 οῖ
1284 1181 1354 1261 ἅγιοι
1376 1179 1435 1260 ούχλ
1455 1178 1529 1247 ἐκτὸς
1543 1171 1613 1252 ἦσαν
1627 1179 1688 1239 θλί-

117 1298 178 1335 rnm
189 1288 323 1356 expertes,
334 1274 383 1334 sed
393 1275 421 1333 in
432 1275 498 1355 ipsis
508 1275 634 1334 erumnis
643 1296 722 1356 opem
734 1296 860 1354 assequu-
915 1274 999 1352 ψεως,
1015 1273 1084 1333 ἀλλὰ
1109 1275 1154 1333 καὶ
1176 1277 1202 1334 ἐν
1225 1277 1317 1341 αιἰταῖς
1337 1274 1409 1340 ὄντες
1434 1273 1529 1351 μίσαις
1549 1279 1610 1340 ταῖς
1630 1270 1689 1331 θλί-

116 1380 158 1426 tos
172 1388 236 1426 esse.
250 1365 294 1425 ttli
308 1387 372 1427 vero
389 1378 442 1424 non
455 1366 536 1426 modo
553 1386 607 1426 non
624 1366 763 1427 solvebant
775 1366 858 1447 ipsas,
916 1366 977 1445 ψεσι
992 1365 1113 1443 βοηθείας
1132 1365 1283 1446 ἐτύγχανον.
1299 1367 1336 1424 Οἱ
1355 1362 1383 1424 δὲ
1399 1365 1429 1423 ού
1445 1363 1523 1441 μόνον
1541 1363 1590 1423 σόα
1603 1363 1687 1435 ἔλυον,

118 1459 167 1519 sed
188 1459 269 1521 etiam
291 1463 353 1519 curu
375 1459 557 1540 affligentibus
580 1478 608 1519 se
629 1458 859 1540 cooperabantur,
916 1454 985 1516 ἀλλδι
998 1456 1043 1516 καὶ
1055 1456 1231 1537 συνέπραττον
1243 1464 1298 1523 τοῖς
1306 1455 1448 1528 θλίόουσιν,
1458 1453 1607 1536 apinam
1621 1455 1689 1533 pat-

118 1573 181 1613 cnut
193 1550 348 1611 debuissent
360 1550 451 1632 potius
465 1551 526 1610 illas
548 1550 711 1611 exscindere.
724 1546 860 1621 Quemad·
915 1549 960 1607 λον
980 1548 1061 1617 αὖτδις
1079 1548 1240 1609 διακόπτειν.
1251 1547 1359 1627 Ὥσπερ
1371 1537 1415 1608 α’ίν
1436 1537 1507 1608 οὗτοι
1528 1544 1575 1604 τδν
1588 1544 1687 1626 Ἰωσὴφ

117 1643 230 1707 modum
243 1664 306 1724 ergo
321 1642 364 1702 illi
384 1642 532 1724 Josephum
546 1642 706 1718 vendentes,
720 1641 860 1701 clariorem
915 1637 1074 1723 ἐνδοξότερον
1098 1639 1224 1715 ἐποίησαν
1239 1640 1413 1718 ἀποδόμενοι,
1428 1637 1511 1705 οὕτως
1532 1641 1547 1697 δ
1565 1637 1688 1716 βασιλεὺς

116 1733 194 1793 illum
216 1733 408 1805 reddiderunt,
423 1734 462 1792 sic
484 1755 532 1792 rex
545 1732 680 1813 Moysen,
698 1754 760 1792 cum
779 1730 862 1813 jussit
915 1730 959 1790 τδν
986 1735 1114 1804 Μωϋσῆν,
1138 1732 1262 1800 κελεύσας
1287 1735 1450 1811 ἀναιρεῖσθαι
1475 1729 1509 1789 ed
1528 1728 1640 1790 παιδία·
1663 1732 1687 1788 εί

117 1824 205 1885 occidi
217 1846 314 1905 pueros
327 1848 333 1883 :
346 1824 398 1883 nisi
412 1825 484 1885 enim
499 1823 633 1904 jussisset,
648 1846 702 1883 non
715 1825 768 1883 hoc
780 1845 860 1883 even·
916 1821 954 1899 μὴ
970 1821 1022 1905 γδρ
1032 1822 1175 1895 ἐκέλευσεν,
1186 1825 1236 1883 οὐκ
1253 1822 1284 1880 ἂν
1301 1829 1378 1883 τοῦτο
1394 1821 1501 1903 ἐγίνετο.
1516 1821 1570 1881 Καλ
1585 1815 1682 1881 σκόπει

1 1933 23 1974 ιι
49 1935 107 1977 root·
116 1929 209 1977 turum
223 1929 290 1976 erat.
305 1916 343 1975 Et
360 1915 424 1977 ride
437 1915 634 1996 providentiam
648 1916 708 1975 Dei.
722 1917 772 1974 ille
784 1916 861 1996 fugat
877 1918 898 1967 l)
915 1918 986 1976 Θεοῦ
1000 1915 1168 1992 κηδεμονίαν.
1184 1914 1302 1981 Ἐκεῖνος
1324 1913 1464 1995 φυγαδεύει
1486 1912 1532 1973 τὸν
1550 1915 1683 1985 Μοιθαῆν·

1 1995 49 2039 ·i..
117 2012 262 2090 Moysem3
278 2029 325 2068 uec
339 2010 413 2067 Deus
430 2006 566 2088 prohibet,
579 2008 655 2086 quod
667 2008 790 2067 futurum
804 2020 861 2067 etat
915 2005 972 2065 δδδ
986 2008 1016 2066 οὗ
1035 2006 1188 2079 κωλύει,τδ
1212 2006 1307 2086 μάλλον
1328 2007 1482 2082 οἰκονομῶν,
1503 2004 1549 2065 ἵνα
1563 2009 1620 2065 ἐκεῖ
1639 2006 1686 2075 τῆς

116 2096 285 2180 dispensans,
301 2112 333 2157 ut
354 2097 412 2156 illic
426 2097 478 2157 Dei
500 2097 605 2158 risione
624 2098 790 2177 dignaretur.
814 2097 867 2167 Sic,
915 2097 999 2176 όβεοις
1011 2098 1079 2178 τύχῃ
1091 2097 1160 2167 ἄξιος
1171 2099 1316 2177 γενόμενος.
1329 2096 1408 2157 otta
1419 2096 1465 2156 καλ
1477 2095 1524 2156 τδν
1537 2098 1630 2156 touta
1642 2096 1685 2157 εδν

116 2207 142 2253 et
164 2214 273 2254 serrum
291 2191 434 2253 venditum
457 2190 497 2251 ibi
518 2211 609 2271 regem
629 2190 787 2265 constituit,
812 2190 859 2248 uhi
915 2188 1049 2266 πραθέντα
1068 2197 1139 2248 ποιεῖ
1154 2192 1209 2249 ἐκεῖ
1231 2188 1356 2268 βασιλέα,
1370 2188 1431 2251 ἔνθα
1448 2186 1584 2266 ἐνομίζετο
1599 2189 1687 2255 δοῦλος

115 2306 209 2347 servus
220 2306 275 2345 esse
288 2284 443 2366 putabatur.
450 2264 533 2342 ΙΙθίειεῑ
546 2296 636 2341 autem
648 2282 694 2341 hic
704 2281 742 2340 ibi
755 2295 859 2360 regnat,
915 2271 990 2340 εἶναι.
1005 2279 1110 2363 Ὠσπερ
1129 2279 1157 2340 δὲ
1177 2272 1251 2348 οὗτος
1273 2277 1328 2339 ἐκεῖ
1351 2278 1498 2358 βασιλεύει,
1521 2278 1585 2340 ἔνθα
1608 2279 1686 2339 αὐτόν

115 2377 164 2436 ubi
185 2377 275 2457 ipsum
287 2375 469 2436 uendiderunt
481 2396 488 2430 ε
502 2373 540 2432 εἰσ
555 2385 581 2431 et
592 2373 717 2432 Christus
736 2372 764 2431 in
775 2387 861 2431 morte
913 2370 1071 2445 ἐπώλησεν·
1084 2370 1154 2433 σύτο)
1171 2375 1218 2433 καλ
1237 2376 1252 2432 θ
1270 2362 1384 2452 Χριστδς
1403 2375 1430 2432 ἐν
1449 2376 1488 2453 τῷ
1509 2371 1616 2453 θανάτῳ
1637 2371 1685 2443 τὴν

114 2481 273 2549 potestatem
286 2466 419 2528 exhibuit.
427 2465 486 2525 Hoc
496 2485 548 2523 non
556 2462 668 2523 honoris
677 2477 781 2523 tantum
794 2477 860 2540 erat,
915 2461 1026 2541 δύναμιν
1047 2462 1235 2524 ἐπιδείκνυται.
1254 2467 1340 2525 Τοῦτο
1360 2463 1420 2544 οὐχὶ
1440 2467 1521 2540 τιμῆς
1538 2464 1620 2541 μόνον
1641 2455 1684 2537 ἦν,

115 2558 162 2619 sed
176 2557 346 2638 quodetiam
364 2557 391 2616 in
413 2577 462 2616 sua
473 2568 601 2637 potestate
615 2553 718 2613 fideret.
734 2553 789 2613 Sed
803 2556 862 2634 jam
916 2554 984 2613 ἀλλὰ
999 2555 1106 2614 καὶτοῦ
1124 2559 1280 2637 θαβρεῖντῇ
1297 2555 1380 2636 οίκείφ
1394 2557 1514 2633 δυνάμει.
1539 2553 1612 2615 Ἀλλ’
1626 2555 1687 2614 ἴδοι-

115 2671 176 2728 quae
194 2650 267 2710 dictu
288 2662 362 2727 sunt,
384 2662 544 2728 repetamus.
572 2649 613 2705 Et
628 2649 778 2706 coustituit
795 2666 862 2704 eum
916 2670 964 2723 μεν
977 2647 1075 2706 ἄνωθεν
1086 2645 1120 2705 τδι
1132 2646 1266 2728 είρημίνα.
1278 2649 1331 2709 Καὶ
1343 2647 1504 2721 κατέστησεν
1517 2646 1599 2707 αὐτόν
1607 2645 1687 2725 ἡγού·

112 2746 300 2822 prapositum
312 2761 398 2822 super
408 2741 580 2820 AEgyptum,
597 2751 626 2798 et
641 2760 726 2819 super
746 2759 861 2799 ornnem
916 2760 993 2814 μενον
1009 2741 1050 2798 ἐπ’
1066 2738 1211 2817 Αἴγυπτον,
1224 2738 1269 2798 καλ
1287 2738 1348 2799 θλον
1361 2739 1405 2799 τδν
1418 2730 1489 2799 οἷκον
1510 2742 1601 2799 αὐτοῦ.
1613 2736 1687 2819 Ὅρα

114 2834 233 2895 domum
246 2846 340 2895 suam»
354 2833 427 2895 vide
439 2846 539 2911 qtunta
549 2853 598 2913 per
608 2832 707 2890 famem
719 2845 860 2913 praeparet.
917 2828 959 2888 διδ
980 2828 1058 2907 λιμδν
1078 2821 1121 2889 οἷα
1145 2831 1345 2899 κατασκευάζει.
1368 2829 1416 2890 Ἔν
1439 2829 1624 2909 ἐόδομῆκοντα
1642 2830 1686 2889 καὶ

115 2930 153 2985 In
166 2931 354 3006 septuaginta
369 2931 498 3006 quinque
514 2927 682 2996 animabus,
699 2924 798 3003 inquit,
811 2926 860 2983 de·
879 2937 897 2984 e
915 2919 993 2981 πέντε
1009 2924 1105 3002 ψυγαῖς
1124 2922 1239 2997 κατέβη,
1259 2923 1350 3002 φησὶν,
1365 2921 1464 2982 'tanat
1480 2925 1517 2989 εἰς
1539 2921 1684 3002 atpium.

107 3014 226 3076 'scendit
245 3019 339 3076 Jacob
360 3019 393 3073 in
411 3017 582 3094 AEgyptum,
598 3026 627 3072 et
648 3016 805 3094 defunctus
818 3031 861 3077 est
914 3011 967 3071 Καὶ
981 3011 1149 3084 ἐτελεύτησεν
1163 3013 1239 3080 aurit
1250 3012 1295 3073 uui
1311 3018 1336 3073 οἱ
1355 3013 1467 3096 πατέρες
1477 3015 1565 3091 ἡμῶν·
1575 3011 1686 3090 Καλμ·

38 3160 45 3168 .
116 3110 217 3186 ipseat
230 3118 331 3186 patras
352 3109 458 3164 nostri.
473 3108 514 3164 Et
530 3105 669 3163 translati
686 3111 797 3165 suntin
817 3109 861 3169 Si·
913 3101 1056 3175 τῑτὲθησαν
1070 3101 1285 3183 εὶςΣυχὲμ,καὶ
1298 3103 1510 3185 ἐτίθησανέντῷ
1522 3103 1686 3183 μνήματι,θ

114 3200 217 3271 chem,
239 3210 268 3257 et
286 3200 377 3277 positi
397 3209 465 3256 sunt
486 3199 518 3253 in
532 3196 673 3275 sepulcro,
691 3201 771 3277 quod
791 3205 861 3259 emit
913 3193 1035 3266 ὧθίσατθ
1046 3190 1167 3275 Ἇὸρῦᾶθ
1180 3194 1470 3277 τῑμῆςᾶργυρῖωπαρθ
1479 3201 1532 3256 τῶν
1552 3195 1687 3274 otav’ssp-

6 3302 8 3306 '
115 3290 275 3349 Abraham
293 3292 389 3368 pretio
407 3291 521 3368 argenti
534 3308 554 3346 a
565 3288 646 3368 filiis
670 3292 782 3350 Hemor
795 3293 862 3373 filii
915 3279 1028 3361 μὼρτῠῧ
1036 3280 1709 3365 ᾖδχὲμιθείκννσῑνβτνοῦδδμίχρῑταγῆςὶῑῦρθ*.

115 3381 240 3441 δι’σθειιε.
261 3379 386 3439 Ostendit
408 3378 469 3437 illos
489 3399 575 3456 neque
598 3379 713 3459 sepulcri
736 3379 860 3443 dominos
913 3364 991 3444 ἦσαν·
1003 3373 1098 3441 Καθὼς
1114 3373 1140 3434 δὲ
1157 3373 1263 3453 inrisu
1276 3375 1291 3430 ὅ
1302 3376 1396 3456 χρόνος
1412 3380 1460 3447 ‘tiit
1472 3367 1685 3456 &andahait

115 3472 205 3529 fuisse.
224 3472 263 3529 tu
283 3482 382 3529 autem
399 3472 646 3549 appropinquavit
666 3483 777 3552 tempus
792 3496 861 3554 pro·
914 3464 1017 3542 ὤμοσεν
1038 3468 1053 3524 θ
1074 3466 1142 3533 Θεὸς
1161 3470 1200 3547 τῷ
1219 3466 1378 3547 βἰλύραλμ,
1391 3467 1503 3540 ηύξησεν
1520 3471 1536 3528 θ
1551 3468 1630 3541 λαδς,
1642 3466 1685 3526 καλ

116 3559 272 3634 missionis,
284 3581 374 3643 quam
381 3562 537 3639 juraverat
548 3561 629 3619 Deus
638 3564 781 3636 Abrahae,
796 3585 860 3624 cre-
915 3551 1063 3629 ίπληθύνθη
1088 3556 1275 3637 ἐνΑἰγύπτῳ,
1296 3559 1373 3640 ἄχρις
1394 3551 1424 3621 οὗ
1445 3559 1542 3632 ἀνίστη
1566 3558 1684 3639 βασιλεὺς

118 3659 159 3714 vit
173 3652 309 3733 populus,
330 3664 359 3709 et
378 3642 591 3729 multiplicatus
602 3664 645 3709 est
665 3656 698 3709 in
711 3655 840 3735 AEgypto
851 3702 859 3732 ‚
870 3690 906 3728 no
916 3647 1019 3728 ίτερος,
1032 3648 1060 3716 ὃς
1074 3650 1122 3707 οὔκ
1144 3649 1203 3728 ᾔδεε
1220 3649 1266 3711 etv
1287 3650 1396 3730 ’luc-dp
1409 3648 1501 3730 'Opa,
1515 3650 1558 3711 ότι
1581 3650 1640 3712 etet
1660 3653 1684 3710 ἐν

117 3746 307 3825 quoadusque
323 3745 451 3801 surrexit
472 3742 551 3800 eiius
566 3748 697 3822 rer·‚=qui
715 3751 860 3806 nesciebat
880 3745 899 3790 Α
915 3748 971 3806 τοῖς
983 3740 1114 3808 τοσούτοις
1133 3742 1217 3801 ἔτισεν
1231 3740 1325 3811 aaa<
1339 3744 1419 3818 αὔξει,
1432 3744 1491 3802 ἀλλ’
1513 3743 1560 3803 ὅτι
1578 3743 1684 3823 ίμελλεε

116 3837 236 3915 Josepit.
257 3830 340 3909 Vide,
355 3830 491 3911 quomodo
505 3852 559 3890 non
581 3833 610 3891 in
630 3846 672 3909 tot
692 3837 769 3896 annis
783 3839 861 3898 auxit
915 3830 1025 3910 ἐγγίζειν
1039 3832 1070 3891 τδ
1089 3832 1178 3901 τύλος·
1190 3835 1278 3895 καίτοι
1297 3835 1349 3908 ἤδη
1372 3834 1566 3918 τετταρακόσια
1586 3826 1683 3908 {enin

116 3925 218 4005 eos‚sed
236 3946 299 3985 eum
312 3923 377 3983 finis
390 3922 635 4004 appropinquarit:
650 3925 700 3984 etsi
711 3928 769 4006 jam
790 3949 860 4006 qna·
914 3921 1091 4003 παρελθόντα,
1101 3924 1147 3984 καλ
1159 3919 1303 3986 πλείοναίν
1315 3927 1452 4008 Αἰγύπτῳ.
1462 3927 1504 3987 Τδ
1511 3936 1574 4002 γοῦν
1584 3935 1684 4007 θαυμα·

117 4018 253 4098 dringenti
264 4015 338 4089 anni,
352 4015 408 4074 imo
421 4015 523 4094 plinus,
538 4015 727 4094 preteriissent
740 4019 768 4078 in
778 4019 863 4102 AEgy-
915 4014 977 4075 στδν
997 4015 1074 4075 τοθτό
1089 4018 1171 4076 ἐστιν.
1181 4009 1279 4089 Οὗτος,
1293 4019 1372 4098 φησὶ,
1395 4019 1684 4099 κατασοφισάμενοςτδ
1721 4006 1724 4011 ’

117 4124 173 4190 pto.
181 4109 217 4167 Et
229 4110 281 4167 hoe
292 4107 419 4166 mirabile
429 4119 475 4165 est.
488 4107 535 4164 19.
550 4108 621 4180 Hie,
634 4107 730 4186 inquit,
742 4115 862 4171 eircum-
915 4105 987 4184 γόνος
1002 4108 1090 4184 ἡμῶν,
1111 4105 1230 4166 ἐκάκωσε
1243 4107 1303 4176 τοδς
1318 4109 1434 4192 πατέρας
1454 4106 1533 4190 ἡμῒιν
1543 4116 1592 4172 τοῦ
1602 4120 1684 4173 ποιεῖν

121 4202 238 4258 νομίσειε
251 4216 342 4277 genus
357 4195 724 4278 nostrum‚asflixitpatres
737 4213 860 4275 nostros,
916 4198 1009 4258 ἔκθετα
1020 4198 1054 4257 τδι
1068 4199 1152 4280 βρέφη
1165 4200 1251 4258 αὐτῶν
1263 4201 1338 4267 εῖςτδ
1355 4201 1394 4279 μὴ
1406 4205 1615 4282 ’ζωογονεῖσθαι
1628 4207 1685 4265 Κα-

120 4300 154 4347 ut
176 4297 352 4366 exponerent
375 4287 507 4365 infantes
523 4305 600 4357 suos,
623 4307 659 4346 ne
673 4289 864 4369 vivificaren-
916 4288 1125 4371 ταοοφισάμενος
1137 4280 1219 4364 εἶπεν,
1233 4291 1409 4370 αἰνιττόμενος
1421 4293 1470 4366 τλν
1480 4295 1567 4376 λάθρα
1584 4297 1686 4380 ἀναίρε-

122 4391 178 4438 tur.
202 4380 450 4446 Cireunaveniens‚
473 4376 571 4453 inquit,
593 4376 767 4439 subindicans
788 4382 864 4442 elan·
917 4406 975 4444 σιν·
990 4385 1019 4443 ού
1040 4383 1092 4463 γὰρ
1112 4384 1236 4443 ἐβούλετο
1255 4389 1373 4468 φανερῶς
1392 4386 1487 4453 αθτοδς
1500 4389 1635 4471 ἀναιρεῖν·
1647 4384 1686 4448 διδ

120 4465 253 4527 destinam
268 4462 389 4524 cadem:
403 4465 511 4524 nolebat
525 4466 598 4525 euim
610 4481 700 4547 aperte
713 4469 774 4529 illos
793 4474 863 4532 ocei-
918 4474 963 4535 καλ
975 4474 1093 4553 ἐπήγαγε
1108 4481 1185 4535 τοῦτο
1203 4475 1300 4548 δηλῶν,
1314 4479 1405 4537 Ποιεῖν
1423 4478 1518 4538 ἔκθετα
1540 4479 1575 4539 τὰ
1594 4480 1686 4562 βρέφη.

120 4558 198 4636 dere3
212 4557 273 4617 ideo
287 4555 382 4615 addit:
402 4559 441 4615 tn
453 4571 630 4637 exponerent
642 4553 774 4640 insontes
786 4584 862 4626 suos.
918 4570 965 4626 Ἐν
984 4558 1007 4647 ᾧ
1027 4571 1112 4649 καιρῷ
1133 4569 1256 4648 ἐγεννήθη
1276 4570 1407 4644 Μωύσῆς,
1419 4570 1465 4630 καλ
1485 4564 1520 4644 ἦν
1536 4574 1687 4652 ἀστεῖοςτῷ

120 4655 168 4712 20.
183 4655 221 4709 In
232 4669 290 4729 quo
306 4660 432 4748 tempore
451 4660 537 4707 natus
556 4663 599 4709 est
612 4653 747 4727 Moyses,
763 4669 792 4715 et
802 4659 864 4738 suit
918 4662 990 4738 Θεῷ.
1004 4660 1090 4718 Τοῦτο
1103 4660 1133 4718 τδ
1150 4656 1309 4738 θαυμαστδν,
1323 4663 1391 4722 ὅτιὸ
1411 4664 1561 4741 προστάτης
1576 4649 1687 4743 ’μέλλων

119 4754 222 4820 gratus
235 4741 308 4798 Deo.
323 4736 382 4795 Hoo
393 4737 517 4797 mutabile
527 4752 581 4812 est,
594 4740 667 4818 quod
681 4741 721 4819 is,
735 4746 781 4822 qui
795 4759 864 4827 praess
917 4752 1021 4812 ἔσεσθαι
1039 4751 1097 4811 οὐδὲ
1120 4751 1187 4828 μετὰ
1201 4758 1285 4812 ταῦτα
1304 4753 1363 4814 οὐδὲ
1376 4755 1428 4833 πρδ
1448 4755 1557 4828 τούτου,
1581 4760 1641 4817 ἀλλ’
1657 4761 1686 4819 ,ἐν

121 4832 205 4891 sectus
216 4831 324 4889 intumis
336 4840 404 4905 erat,
416 4849 469 4889 non
487 4843 549 4889 aute
559 4831 602 4891 vel
615 4846 686 4913 post,
700 4835 787 4896 sedin
804 4861 861 4900 me·
879 4857 898 4903 B
918 4846 988 4921 αὐτῷ
1004 4840 1076 4922 μέσῳ
1090 4847 1128 4921 τῷ
1144 4848 1219 4925 θυμῷ
1233 4845 1360 4905 τίκτεται.
1375 4846 1428 4906 Καὶ
1440 4847 1617 4928 ἀνατρέφεται
1636 4854 1687 4928 μῆ·

155 5040 285 5159 {Qffldflm
297 5049 410 5139 ίῗάόβθυνν
418 5045 512 5137 ’δίίχνυίῑ
522 5045 612 5104 δίνῧῑ·
961 5073 971 5097 ·
983 5055 1030 5109 Alit
1044 5068 1207 5124 ζωογονεῖσθαι.
1221 5067 1344 5142 «piaretur
1356 5066 1435 5121 αὐτοὺς
1445 5067 1476 5120 cte
1487 5070 1522 5127 μὴ
1537 5051 1688 5129 βουλομένους

180 5118 267 5170 Mfflel·
278 5118 390 5191 “imita
403 5126 466 5185 '⁴⁰3⁸‘
479 5125 490 5174 ί
502 5123 564 5183 ²²⁶5·
927 5151 1025 5207 φανερῶς
1036 5147 1143 5209 ἀναιρεῖν.
1157 5147 1196 5194 τοῦ
1208 5151 1286 5203 ποιεῖν,
1300 5147 1378 5212 φησίν,
1391 5147 1472 5196 ῖεθετει
1483 5149 1514 5195 eir
1524 5149 1610 5212 βρίρη.
