3742 5970
545 445 580 491 ΙΝ
608 444 697 493 ACTA
723 439 984 492 Apostolorum.
1013 442 1139 492 notttt..
1165 446 1216 495 Χί.
1588 449 1655 521 109

79 565 136 623 δέκα
146 563 258 635 παιδία,
270 565 340 626 δέκα
349 567 396 625 καὶ
408 567 566 645 οἰκημάτων
575 569 668 652 χρεία,
682 567 746 628 δίκα
758 587 855 646 τραπε·
909 560 1024 644 dispersi
1033 565 1095 647 plus
1106 567 1283 651 impendant?
1295 569 1389 628 Palam
1400 581 1440 627 est
1448 566 1522 647 quod
1531 567 1654 649 dispersi.

78 661 134 726 ζὸν,
145 654 213 716 δέκα
227 660 386 740 ὑπηρετῶν,
398 658 442 718 καί
454 664 503 731 τῆς
517 659 601 733 ἄλλης
619 659 748 744 προαθδαο
763 654 857 717 τοσαί-
911 655 979 714 Nam
993 656 1016 716 si
1030 657 1221 741 dispergantur
1233 660 1327 721 decem
1341 661 1403 738 filii,
1420 660 1514 720 decem
1527 659 1655 720 domibus

79 772 131 820 της.
149 748 187 808 Τί
200 747 241 824 δὲ,
252 749 318 809 ἔνθα
332 749 432 810 δούλαν
443 751 546 821 πλῆθός
555 754 643 823 ἐστινς
654 749 712 832 οθχλ
725 749 769 809 διὰ
781 755 858 809 τοῦτο
910 745 961 806 erit
971 769 1051 829 opus,
1069 751 1163 814 decem
1178 753 1288 829 mensis,
1301 753 1395 814 deoem
1407 753 1528 829 famulis,
1542 768 1654 814 catero-

79 841 171 906 πάντες
187 839 257 918 μίαν
268 840 365 921 ἔχωσι
377 841 522 922 τράπεζαν,
537 842 606 903 ὥστε
620 844 659 923 μὴ
673 840 776 914 πολλὴν
786 837 857 920 γινί-
910 859 963 917 que
974 841 1100 903 similiter
1113 860 1257 926 proventu.
1272 845 1348 919 Quid
1362 866 1436 923 vero,
1452 845 1499 904 ubi
1513 865 1655 906 servorum

79 936 136 991 σθαι
145 931 197 1005 τὴν
207 934 337 1008 δαπάνην
344 959 353 1008 ;
360 933 396 994 ‘ll
404 933 457 1015 γάρ
471 936 595 1017 διαίρεσις
605 935 647 996 ἀεὶ
655 934 799 996 ἐλάττωσιν
810 936 858 1010 ἐμ·
910 944 950 990 est
957 933 1124 996 multitudo?
1136 958 1223 998 nonne
1231 937 1294 999 ideo
1302 959 1394 998 omnes
1402 937 1525 998 eamdem
1534 958 1655 998 mensam

78 1034 159 1096 ποιεῖ,
172 1030 191 1097 ἡ
212 1025 244 1084 δὲ
256 1025 371 1104 θμάνοια
384 1027 431 1085 καὶ
442 1027 582 1108 συμφωνία
595 1026 714 1098 αὔξησιν.
731 1024 825 1092 Olane
833 1026 859 1082 ol
910 1021 1024 1102 habent,
1037 1048 1070 1088 ne
1080 1030 1168 1109 major
1180 1029 1229 1089 fiat
1242 1029 1381 1113 impensa?
1393 1031 1464 1090 Nam
1474 1029 1575 1090 divisio
1586 1051 1654 1090 sem·

77 1119 104 1174 ίν
113 1125 168 1184 τοίς
179 1117 377 1198 μονααπηρίοις
387 1122 452 1187 ζῶσι
467 1124 523 1191 νῦν,
534 1119 626 1201 ὥσπερ
638 1119 703 1180 emt
719 1122 744 1178 οί
757 1113 858 1177 πιατοί.
910 1135 959 1196 per
971 1117 1187 1182 imminutionem
1194 1122 1281 1203 parit;
1297 1122 1438 1183 concordia
1455 1137 1482 1183 et
1496 1143 1652 1202 consensus,

78 1210 124 1278 Τίς
134 1211 167 1270 ἂν
182 1211 321 1272 ἀπέθανεν
333 1202 379 1272 οὗν
393 1215 447 1275 lul
467 1215 547 1294 λιμοῦ
555 1237 564 1291 3
579 1215 619 1282 τίς
634 1213 662 1275 θλ
680 1217 710 1274 οὒ
730 1209 857 1291 διετράφη
909 1224 1092 1288 augmentum.
1106 1213 1153 1274 Sic
1167 1213 1196 1274 in
1213 1214 1381 1274 monasteriis
1400 1235 1472 1276 nunc
1493 1215 1608 1292 vivitur,
1623 1229 1654 1274 ut

78 1303 142 1378 μετὰ
155 1304 288 1384 ἂφθσνίας
299 1308 417 1379 πολλῆς;
431 1309 485 1366 Νῦν
498 1306 547 1384 μίν
561 1299 605 1366 οὖν
619 1313 696 1366 τοῦτο
708 1303 856 1365 δεδοίκασιν
908 1299 974 1361 olim
993 1302 1087 1365 fideles
1106 1305 1244 1367 virebant.
1266 1307 1336 1380 Quis
1357 1307 1429 1367 same
1451 1321 1573 1366 mortuus
1592 1307 1654 1367 est?

79 1396 209 1474 ἄνθρωποι
225 1399 342 1474 μᾶλλον,
352 1395 373 1469 ἢ
382 1400 420 1465 είς
427 1397 542 1479 πέλαγος
550 1400 675 1476 ίμπισεῖν
688 1397 799 1458 ἄπλετον
809 1394 856 1454 καὶ
907 1393 968 1472 quis
977 1415 1030 1455 non
1041 1397 1147 1477 copioso
1160 1398 1222 1458 cibo
1234 1412 1327 1480 pastus
1336 1400 1398 1459 est?
1410 1401 1435 1459 N
1437 1420 1488 1458 unc
1501 1413 1589 1458 tamen
1601 1399 1653 1460 hoe

80 1488 192 1568 άπειρσι.
207 1491 247 1549 El
259 1489 291 1548 δὲ
312 1498 408 1570 πεῖραν
426 1490 609 1569 ἐποιησάμεθα
629 1490 738 1564 reiron,
751 1487 811 1548 τάιε
824 1486 855 1544 tv
870 1501 889 1548 n
908 1485 995 1566 magis
1005 1486 1100 1548 timent
1115 1488 1252 1566 homiues,
1263 1511 1346 1570 quam
1359 1489 1387 1550 in
1400 1491 1514 1571 pelagus
1535 1491 1650 1551 immen-

80 1580 377 1660 ιιιιτετολμάραμεντοῦ
395 1581 560 1663 πράγματος.
576 1581 668 1655 ilde-qv
681 1578 785 1641 οίεικαί
799 1575 854 1658 χά-
908 1598 968 1637 sum
983 1579 1109 1642 incidere.
1121 1582 1152 1642 Si
1167 1597 1257 1643 autem
1279 1584 1362 1663 hujus
1382 1583 1421 1642 rei
1441 1583 1595 1664 periculum
1612 1586 1651 1644 ie-

81 1697 116 1750 ριν
129 1662 197 1732 εἶναι
210 1699 219 1744 ;
232 1675 337 1755 Εἰγθρ
359 1671 433 1747 τότε,
452 1673 497 1734 ὅτε
512 1675 595 1743 ellel<
610 1666 643 1747 ἦν
664 1673 771 1747 πιστὸς,
786 1669 856 1732 ἀλλὰ
907 1669 1049 1750 cissemus,
1063 1696 1119 1734 rem
1138 1674 1266 1736 audacter
1278 1675 1495 1756 aggrederemur.
1514 1677 1651 1750 Quantam

80 1765 218 1844 τρισχίλιοι
233 1767 282 1826 καί
307 1768 520 1847 πεντακισχίλιοι
543 1766 637 1845 μόνον·
653 1764 696 1826 ὅτε
710 1765 807 1831 πάντες
830 1765 855 1823 ei
907 1776 986 1842 putas
997 1765 1073 1826 illam
1084 1787 1141 1826 esse
1153 1766 1286 1848 gratiam?
1299 1767 1329 1829 Si
1340 1769 1413 1828 enim
1426 1782 1502 1848 tunc,
1516 1790 1580 1830 cum
1592 1771 1651 1830 nul·

80 1862 121 1928 τῆς
134 1859 300 1936 αἰτιωμένης
320 1851 390 1932 ἦσαν
406 1859 511 1942 ἐχθροί·
523 1859 568 1921 ὅτι
586 1858 731 1938 οὐδαμόθεν
753 1878 854 1938 προαε-
907 1853 951 1914 lus
964 1877 1031 1936 pene
1041 1871 1109 1918 esset
1121 1857 1223 1935 fidelis,
1236 1857 1283 1917 sed
1303 1860 1392 1919 solum
1412 1860 1465 1921 tria
1484 1875 1510 1921 et
1532 1862 1652 1942 quinque

80 1950 155 2009 θόωαι
168 1951 378 2032 ’παραμοθίση
389 1951 459 2012 oleos
472 1952 504 2026 δὴ
516 1951 717 2031 κατετόλμησεν
728 1954 774 2009 τοῦ
787 1948 855 2028 προί-
906 1945 994 2006 millia
999 1970 1008 2024 ς
1024 1969 1087 2008 cum
1101 1970 1210 2025 omues,
1224 1949 1272 2030 qui
1291 1950 1319 2010 in
1342 1953 1445 2012 mundo
1458 1968 1548 2031 eraut,
1563 1955 1651 2016 hoster

79 2065 184 2120 ηματος·
199 2045 283 2125 πόσῳ
298 2047 400 2122 μᾶλλον
416 2052 460 2105 νῦν
473 2051 549 2104 τοῦτο
567 2043 598 2102 ἂν
611 2043 730 2122 ἐγίνετο,
744 2041 806 2102 ἔνθα
819 2045 853 2120 τῇ
904 2058 990 2104 essem
996 2067 1005 2121 ς
1019 2066 1082 2104 cum
1092 2067 1224 2126 nusquam
1238 2048 1445 2109 consolationem
1456 2040 1650 2131 exspectarent,

77 2142 117 2194 τῶ
130 2138 312 2217 Θεοῦχάριτι
323 2143 464 2218 πανταχοῦ
473 2139 521 2208 τῆς
534 2135 690 2216 οίιιουμάνης
699 2134 854 2209 πιστοί;τίς
904 2147 961 2194 tam
984 2149 1091 2197 strenue
1111 2159 1168 2197 rem
1190 2138 1309 2218 aggressi
1331 2136 1394 2199 sunt
1417 2155 1544 2220 :quanto
1564 2143 1651 2223 magis

77 2227 99 2286 θ’
107 2228 137 2285 ἂν
151 2230 250 2306 ἔμενεν
264 2227 375 2301 Ἕλλην
392 2229 499 2316 λοιπθν;
512 2228 616 2290 Οὐδένα
624 2228 708 2310 ipo-fe
722 2233 853 2309 ἠγοῦμαι·
906 2247 990 2304 nune,
1004 2249 1067 2288 cum
1080 2251 1128 2311 per
1139 2231 1188 2290 Dei
1203 2230 1317 2311 gratiam
1336 2253 1385 2313 per
1404 2245 1492 2292 totum
1509 2235 1603 2294 orbem
1617 2237 1651 2304 li·

77 2319 150 2387 rime
165 2321 200 2379 in
214 2320 325 2388 στάντας
337 2319 611 2400 ἐπεσπασάμεθα,καλ
622 2321 781 2400 είλιιύσοιμεν
790 2319 856 2400 πρὸς
906 2322 980 2385 dele
998 2325 1153 2405 suntiquis
1160 2328 1218 2406 jam
1229 2340 1376 2407 superesset
1398 2327 1527 2409 gentilis?
1538 2330 1650 2408 Nullus,-

77 2417 139 2490 ἡμᾶς
151 2413 264 2482 αὐτούς.
278 2413 360 2486 Πλὴν
374 2416 433 2474 ἀλλ’
452 2415 498 2474 ἐὰν
512 2415 564 2495 ὁδῷ
577 2413 592 2444 *
603 2411 687 2493 ταύτῃ
702 2410 853 2493 προὸαίνω-
869 2424 888 2473 c
905 2419 1015 2499 opinor;
1030 2418 1068 2478 ita
1086 2440 1177 2480 omnes
1197 2421 1400 2480 attraxissemus
1418 2436 1444 2481 et
1463 2422 1541 2482 nobis
1560 2426 1650 2484 conci-

77 2529 129 2583 μεν,
140 2504 268 2566 πιστεύω
278 2509 319 2587 τῷ
334 2510 411 2585 Θεῷ,
421 2506 463 2566 ὅτι
477 2506 523 2566 καὶ
534 2512 610 2566 τοῦτο
623 2504 706 2566 ἔσται.
719 2503 852 2576 Πείαθητί
904 2510 1054 2572 liausemus.
1070 2513 1204 2573 Caeterum
1213 2513 1236 2573 si
1247 2513 1299 2573 hac
1310 2513 1355 2573 via
1370 2513 1588 2596 progrediamur,
1603 2539 1651 2598 per

78 2621 117 2673 μοι
130 2598 225 2676 μόνον,
236 2598 288 2657 ml
302 2599 372 2658 κατὰ
383 2597 456 2687 τάξιν
465 2597 667 2678 κατορθώσομεν
678 2596 712 2656 τὰ
723 2597 850 2678 πράημα·
905 2604 994 2663 Ιλειιιιι
1012 2625 1090 2686 spero
1105 2605 1145 2664 sic
1158 2626 1215 2665 rem
1234 2605 1355 2664 futuram
1373 2626 1438 2666 esse.
1460 2607 1650 2688 0htemperate

78 2712 119 2747 τι·
130 2690 178 2750 καὶ
197 2690 233 2749 ἂν
257 2695 274 2751 θ
289 2691 357 2759 Θεὸς
371 2690 442 2762 ζωὴν
464 2691 517 2772 δῷ,
537 2687 673 2764 πιστεύω,
685 2688 727 2749 ὅτι
749 2689 853 2772 ταχέως
904 2697 972 2758 nihi
983 2710 1134 2770 tantum,et
1146 2719 1195 2780 per
1207 2696 1331 2758 ordinem
1348 2718 1405 2757 rem
1422 2698 1491 2758 bene
1506 2721 1648 2779 geremus:

78 2783 221 2857 ιίςτωάτην
236 2787 314 2861 ἡμᾶς
328 2783 424 2863 ἄξομεν
438 2782 644 2857 τὴνπολιτείαν.
904 2787 1047 2850 etsiDeus
1069 2789 1152 2849 vitam
1177 2786 1298 2865 dederit,
1313 2787 1391 2847 credo
1414 2789 1470 2849 iore
1492 2803 1523 2849 ut
1548 2791 1601 2851 cito
1620 2791 1648 2851 iu

580 2950 583 2958 Ι
903 2879 974 2940 hanc
986 2881 1049 2941 vitae
1062 2881 1192 2941 rationem
1205 2900 1252 2940 nos
1266 2881 1427 2960 ingeramus.

111 2975 246 3042 Τάωςτθν
258 2973 343 3052 νόμον
353 2975 398 3035 τθν
411 2976 474 3058 περὶ
487 2981 534 3036 τοῦ
547 2976 626 3056 θραου
648 2978 852 3058 κατορθώσειε,
944 2976 973 3034 ί.
994 2975 1107 3035 Interim
1119 2975 1208 3055 legem
1223 2973 1258 3035 de
1272 2976 1425 3056 juramento
1437 2975 1548 3058 implete
1557 2999 1589 3037 ac
1600 2979 1648 3039 fir·
1717 2995 1801 3042 contra

80 3067 382 3146 argentoratensi
404 3068 549 3151 aptata<
568 3069 614 3128 τὸν
638 3068 676 3148 μὴ
700 3070 851 3150 φυλάξαντα
904 3067 984 3126 miter
996 3080 1082 3126 tenete
1099 3090 1105 3124 ι
1121 3080 1148 3126 et
1163 3064 1210 3145 qui
1230 3080 1332 3143 servat,
1348 3088 1401 3128 non
1424 3082 1575 3129 servantem
1591 3056 1791 3131 mat-lul'm‘ll'·

81 3161 149 3230 iiim
158 3161 289 3234 ποιείτω,
302 3161 348 3221 καί
361 3163 506 3241 ίγιιαλιίτω
523 3163 626 3233 λοιπθν,
641 3163 687 3222 καί
702 3164 852 3241 ίπιτιμάτω
903 3158 1031 3218 nifestum
1042 3158 1137 3235 iaciat,
1151 3157 1255 3218 incuset
1277 3158 1501 3239 vehementerque
1520 3161 1647 3244 increpet.

82 3254 201 3334 σροθριῗις.
223 3253 261 3321 Ἡ
282 3253 337 3336 γὰρ
360 3254 508 3335 προθεσμία
526 3255 603 3335 ἐγγὺς
610 3301 618 3329 ,
640 3252 710 3315 θεολ
733 3255 850 3325 ἐξέτασιν
903 3250 1071 3310 Praeiinitum
1084 3251 1156 3310 enim
1167 3264 1272 3332 tempus
1283 3273 1367 3333 prope
1380 3265 1420 3311 est
1428 3262 1443 3329 ,’
1451 3266 1476 3312 et
1487 3254 1524 3312 rei
1539 3256 1648 3334 perqui-

83 3344 175 3417 τοαίσω
187 3354 238 3407 τοῦ
256 3345 432 3428 πράγματος,
444 3349 491 3407 scel
505 3348 548 3408 τὸν
562 3348 660 3408 ἁλόντα
670 3347 789 3429 ἀφορίσω
806 3349 851 3411 καλ
902 3345 1027 3405 titionem
1047 3345 1159 3422 faciam,
1181 3344 1431 3427 deprehensumque
1453 3349 1599 3427 segregabo
1623 3364 1649 3409 et
1740 3374 1744 3389 ·

83 3436 198 3518 ἐπάρξαι.
224 3438 308 3501 Ἀλλά
331 3437 433 3518 μηδίνα
451 3438 551 3517 γένοιτο
572 3445 690 3500 τοιοῦτον
712 3444 851 3521 εθρεθῆναι
902 3437 1057 3496 excludam.
1081 3436 1159 3496 Absit
1178 3450 1281 3513 autem,
1302 3457 1336 3496 ne
1355 3437 1417 3517 quis
1437 3438 1498 3497 talis
1512 3439 1648 3519 apudnos

82 3535 134 3609 παρ’
145 3537 225 3610 ἡμῖν,
234 3532 306 3592 atat
316 3530 418 3597 πάντας
429 3532 496 3608 μετὰ
503 3531 638 3612 ἀκριόείας
647 3533 678 3593 τὸ
691 3531 850 3611 αύνθημαεὸ
866 3543 884 3589 tt
903 3528 1068 3605 inveniatur;
1082 3527 1130 3588 sed
1150 3549 1241 3589 omnes
1263 3543 1387 3589 accurate
1400 3530 1452 3590 hoc
1467 3545 1579 3612 pactum
1594 3553 1649 3591 ser-

81 3625 252 3702 πνευματικὸν
267 3629 346 3702 τοῦτο
359 3622 480 3703 φυλάξαι.
494 3622 622 3707 Καθάπερ
640 3617 684 3684 οὖν
695 3629 722 3685 ἐν
739 3626 849 3708 πολέμῳ
902 3634 965 3680 vent
985 3619 1136 3701 spirituale.
1150 3622 1189 3681 Ut
1199 3621 1272 3680 enim
1284 3619 1313 3680 in
1324 3621 1396 3680 hello
1408 3643 1444 3681 ex
1458 3635 1555 3682 tessera
1571 3644 1648 3683 com-

82 3716 125 3775 θπθ
142 3723 190 3776 τοῦ
203 3716 375 3794 συνθήματος
392 3714 420 3775 oi
429 3738 460 3774 τε
472 3717 563 3776 οίιιεῖοι
577 3717 622 3775 καὶ
637 3717 770 3798 ἀλλότριοι
783 3742 849 3796 poa,-
902 3712 1037 3772 militones
1045 3727 1071 3771 et
1080 3712 1128 3771 alii
1136 3712 1343 3793 dignoscuntur,
1354 3713 1390 3771 ita
1400 3714 1567 3776 etnunciiat.
1578 3717 1648 3777 Nam

83 3807 187 3885 ρίίονται
198 3833 205 3845 ·
215 3808 289 3868 offro
304 3807 337 3880 δὴ
351 3808 397 3867 καί
410 3813 454 3866 νῦν
470 3807 591 3886 γινέσθω.
605 3808 657 3869 Καὶ
671 3809 724 3890 γὰρ
743 3810 789 3869 aul
805 3816 848 3870 νῦν
901 3816 928 3863 et
943 3825 1015 3864 nune
1029 3805 1056 3863 in
1070 3805 1142 3864 bello
1155 3825 1259 3881 sumus,
1271 3818 1301 3863 ut
1314 3817 1341 3863 ct
1350 3806 1445 3864 iratres
1457 3826 1645 3885 agnoscamus.

82 3901 225 3981 ίιπολίμερ
239 3901 332 3978 ἐσμὲν,
342 3898 386 3957 ίνα
396 3900 442 3958 καλ
452 3898 516 3967 τοὺς
530 3898 655 3981 άδελροὺς
665 3899 848 3978 ίπιγινώσκω-
902 3896 1041 3968 Quantum
1053 3898 1154 3956 bonum
1167 3897 1220 3956 erit
1232 3896 1310 3955 nobis
1324 3895 1376 3956 hoc
1387 3897 1558 3976 signaculum
1568 3912 1593 3958 et
1604 3900 1649 3959 hic

82 4015 121 4066 μιν
130 3991 192 4060 cele
204 3990 330 4057 οἰκείως.
343 3989 428 4051 Ὅσον
441 3990 493 4071 γάρ
506 3994 576 4051 ἐστιν
587 3993 683 4070 ἀγαθὸν
697 3999 774 4052 τοῦτο
783 3999 849 4071 ἡμῖν
902 3990 966 4049 etin
979 3989 1168 4048 alienatore?
1182 3988 1274 4067 qualia
1285 4003 1347 4048 sunt
1358 3989 1416 4048 haec
1431 4010 1505 4048 arma
1518 3990 1649 4060 advorsus

83 4074 136 4143 είναι
148 4085 181 4144 τὸ
202 4082 419 4164 γνώρισμα,ιιαλ
441 4085 551 4143 ἐνταῦθα
569 4085 615 4143 καί
629 4084 673 4144 ἐπί
695 4089 743 4157 τῆς
766 4089 848 4146 ἀλλο-
901 4081 1005 4141 diaboli
1027 4080 1186 4140 machinas?
1203 4081 1242 4140 0⁵
1261 4081 1333 4140 enim
1343 4082 1437 4162 jurare
1448 4084 1578 4161 nesciens,
1595 4088 1650 4146 cito

81 4177 157 4255 τρίας;
170 4167 228 4236 οἷον
239 4182 320 4235 τοῦτο
333 4175 413 4234 ὅπλον
431 4173 501 4234 κατὰ
513 4177 561 4246 τῆς
576 4181 622 4236 τοῦ
636 4177 777 4238 εθιαὸολοιι
792 4202 848 4257 μη·
902 4178 990 4235 Deum
1002 4175 1030 4234 in
1041 4174 1167 4255 precihus
1181 4173 1310 4250 attrahet,
1323 4187 1350 4233 et
1363 4175 1441 4254 gravi
1452 4177 1533 4257 plaga
1548 4176 1648 4239 diabo-

81 4272 167 4347 ηινῆςς
179 4267 280 4346 Στάμα
290 4267 343 4348 γάρ
359 4271 405 4327 οὐκ
418 4266 485 4335 είδὸς
498 4266 612 4345 ὀμνύειν,
623 4256 730 4349 ταχίωςΙ
743 4269 788 4330 καλ
804 4271 848 4331 τὸν
900 4266 958 4326 lum
967 4268 1045 4327 feriet
1056 4290 1063 4323 :
1075 4286 1104 4326 os
1113 4267 1206 4346 jurare
1217 4265 1335 4325 nesciens
1345 4311 1354 4342 ,
1364 4286 1412 4325 nec
1425 4270 1648 4332 contumeliosum

81 4362 138 4421 Θεὸν
151 4366 178 4422 ἐν
191 4363 290 4441 εὐχαῖς
302 4358 496 4434 ἐπισπάσεται,
509 4361 555 4419 stul
565 4362 610 4421 τὸν
622 4361 743 4422 διάὸολον
753 4362 849 4435 πλήξει
900 4359 961 4419 erit.
972 4363 1011 4420 Ut
1021 4381 1056 4419 ex
1070 4358 1161 4433 domo,
1175 4358 1214 4418 sic
1227 4379 1262 4418 ex
1275 4358 1369 4439 lingua
1383 4356 1456 4419 hunc
1469 4360 1558 4441 ignem
1567 4364 1645 4444 ejice,

82 4456 175 4534 ιιιρίαν
190 4453 320 4533 πληγήν·
332 4451 420 4530 στόμα
435 4453 483 4510 οὐκ
494 4451 561 4522 eiii:
573 4452 752 4529 θμνύειν,αλθὲ
773 4455 848 4535 sept·
900 4467 926 4512 et
940 4454 1011 4513 ieras
1023 4452 1110 4512 trahe.
1125 4453 1168 4510 Da
1179 4451 1232 4534 ipsi
1242 4450 1343 4532 linguae
1354 4465 1384 4511 ut
1391 4453 1511 4535 paulum
1522 4456 1645 4536 respiret,

81 4548 122 4613 ζειν
133 4547 247 4606 είσεταιι.
260 4545 390 4624 Καθάπερ
402 4542 430 4611 ἐξ
448 4543 531 4612 οἰκίας
541 4543 719 4622 τινὸς,οὕτως
733 4548 786 4608 ἀπὸ
799 4552 847 4620 τῆς
864 4560 882 4606 a
900 4559 926 4604 et
949 4545 1027 4604 ulcus
1050 4543 1185 4603 infirmius
1208 4541 1325 4604 reddito.
1355 4538 1448 4603 Etiam
1472 4545 1592 4622 obsecro,
1618 4561 1648 4607 ut

82 4639 189 4716 ηλάνσιης
203 4638 236 4696 τὸ
249 4643 306 4717 πῦρ
318 4636 414 4696 ίαὸαλε
434 4643 511 4696 τοῦτο
518 4637 584 4710 ,καὶ
601 4639 766 4717 παρίλιιυσον
788 4639 846 4709 iio.
899 4638 981 4698 aliam
993 4636 1071 4698 vobis
1087 4635 1260 4716 disciplinam
1282 4635 1409 4696 tradam:
1424 4658 1487 4696 eum
1505 4638 1577 4697 enim
1596 4638 1648 4697 hoc

84 4731 124 4797 θθς
140 4735 208 4811 αὐτῇ
223 4730 320 4809 μικρὸν
332 4732 507 4789 ἀναπνεῦσαι·
520 4730 551 4788 τὸ
565 4728 641 4797 ίλιιος
662 4731 846 4811 ἀσθενέστερον
899 4731 1021 4792 nondum
1033 4728 1206 4814 emendatum
1223 4729 1276 4804 sit,
1288 4751 1341 4789 non
1359 4731 1447 4789 ausim
1462 4729 1496 4788 ad
1510 4730 1586 4789 aliud
1600 4752 1647 4791 vc-

85 4823 191 4895 ποίησον.
208 4823 265 4883 Ναὶ
276 4819 498 4900 παρακαλῶ,ίνα
511 4824 573 4900 ὑμῖν
585 4823 630 4882 καλ
642 4821 730 4905 ἕτερόν
740 4847 766 4883 τι
778 4825 846 4884 ἐκδῶ
900 4824 968 4884 nire.
989 4822 1047 4883 Hoc
1068 4843 1131 4880 cum
1157 4820 1298 4901 diligentia
1318 4843 1334 4879 a
1357 4821 1435 4881 vohis
1462 4821 1614 4901 corrigatur
1640 4847 1647 4880 ι

88 4915 200 4993 μάθημα·
215 4913 355 4995 αὗταιγὰρ
369 4911 462 4972 τούτου
476 4912 700 4994 κατωρθωμίνου,
716 4918 745 4974 οὐ
756 4919 847 4993 τολμῶ
900 4916 983 4997 hujus
996 4914 1086 4995 operis
1099 4933 1207 4972 sensum
1231 4912 1357 4993 accipite,
1371 4927 1397 4972 ct
1412 4928 1477 4972 tunc
1489 4914 1567 4974 vobis
1581 4917 1648 4976 alias

90 5005 124 5062 ἐπὶ
140 5006 222 5087 ίτερθν
235 5031 260 5065 τι
278 5008 373 5064 ἐλθεῖν.
390 5006 478 5064 Τοῦτο
490 5004 556 5080 μετὰ
569 5006 705 5086 ἀκριάείας
718 5013 778 5086 θμῖν
794 5032 844 5068 κα·
900 5007 1026 5068 inducam
1043 5008 1132 5086 leges,
1149 5005 1204 5065 imo
1225 5025 1278 5064 non
1300 5025 1361 5084 ego,
1377 5005 1424 5065 sed
1444 5005 1575 5070 Christus.
1592 5009 1648 5069 Hoc

119 5178 214 5226 ¹Gedru
228 5195 291 5227 unus
303 5184 453 5248 παραμυθίαν
465 5183 569 5231 τοιοῦτον
581 5184 762 5246 αατιτθλμηααν.
922 5181 934 5218 ¹³
948 5177 1018 5228 Idem
1029 5187 1065 5231 καί
1078 5188 1183 5243 ποιοῦμαι
1198 5184 1297 5238 ίξίταειν
1308 5184 1358 5229 τοῦ.

122 5255 221 5328 ‘laeum
233 5259 353 5308 omissum
365 5258 391 5306 in
404 5256 450 5320 ll}
923 5274 933 5298 ⁶
945 5256 1019 5310 Idem
1031 5262 1132 5311 ὃιαθθλον
1141 5262 1237 5327 sepulta
1244 5280 1250 5321 ς
1264 5266 1347 5321 στόμα.
