3728 5978
772 535 816 583 nn
842 535 1077 586 ronnrrnnrm.
1629 511 1700 584 855

127 659 192 733 Τὴν
202 659 278 730 νίκην
290 656 464 741 προείπαμεν,
473 660 495 718 εί
507 654 646 740 κατέχετε·
665 657 709 718 διά
726 657 754 718 δέ
775 657 833 726 nobs
857 662 904 798 §a
959 657 1065 718 tandem
1086 657 1203 717 intulit:
1228 659 1284 735 Qui
1305 661 1422 730 vicerit,
1447 659 1510 718 έναι·
1526 638 1774 738 possidebimur
1798 675 1835 708 ²¹·

129 739 292 818 θυμοτέρους
303 739 348 797 καλ
359 739 440 798 πάλιν
448 737 565 817 είπωμεν
576 737 655 798 ποίαν
668 738 741 817 λέγει
754 736 840 811 νίκην.
885 738 905 796 ί·
959 737 1109 800 Victoriam
1122 737 1226 818 praeiati
1238 758 1343 816 sumus,
1360 737 1382 796 si
1393 751 1482 797 mente
1494 736 1629 815 retinetis3
1651 737 1697 798 sed
1709 737 1732 783 ⁷·

129 841 192 892 ειην,
212 820 273 891 ἡνὺ
293 817 387 897 Κύριος
407 822 484 896 ἡμῶν
499 817 603 890 ἐνίκησε
617 818 663 876 καί
681 816 781 886 ἐδίδαξε
804 816 904 896 λέγων·
958 829 1068 897 propter
1098 817 1230 895 segniores
1253 838 1363 877 rursum
1385 817 1509 877 dicamus
1528 837 1609 897 quarn
1632 816 1700 879 dicit

129 902 278 978 Θαρσεῖτε,
290 897 343 976 ἐγὼ
355 895 480 971 νενίκηκα
490 896 534 955 τὸν
544 896 655 976 κόσμον.
667 896 803 963 Ἤκουσας
812 894 904 956 όποίαν
960 895 1111 956 victoriam.
1134 897 1203 956 Earn
1218 895 1368 974 victoriam,
1389 918 1442 975 qua
1457 896 1589 957 Dominus
1609 910 1699 957 noster

128 977 204 1056 λέγει
227 977 317 1050 νίκηνς
331 975 366 1036 Ὁ
379 981 458 1036 νικῶν
474 977 670 1056 κληρονομήσει
684 973 828 1063 χαράκὪ
851 999 905 1054 μα·
959 975 1036 1051 vicit,
1059 975 1112 1034 nti
1132 997 1161 1035 se
1171 973 1267 1035 docet:
1281 977 1438 1058 Confidite,
1462 995 1514 1056 ego
1528 979 1591 1036 eici
1610 989 1779 1036 mun-loon.
1797 984 1835 1030 ro.

129 1055 226 1153 καρίρτ
238 1055 428 1158 κληρονομίας,
448 1055 471 1156 ji)
488 1059 585 1134 κλῆρος
598 1057 686 1129 πάσης
699 1067 786 1195 nepes
803 1057 907 1153 πεπλη·
959 1056 1038 1145 dum.
1054 998 1189 1147 Audistin'
1199 1056 1368 1149 quamudicat
1380 1055 1545 1117 victoriam?
1560 1055 1617 1146 Qui
1628 1055 1700 1175 νίρε·
1709 1049 1749 1096 ³³·

130 1159 261 1294 iiiiii}
274 1137 524 1295 iiiiii&
541 1136 906 1287 tiburtinum}
958 1133 1701 1297 ‘inditi&iiiiaii‘tittifflfflt

132 1294 274 1374 ἐγκαρδίου
300 1291 493 1361 ταπεινώσεως.
516 1294 591 1373 Ποίῳ
611 1293 702 1374 τρόπῳ
725 1292 905 1374 χρησώμεθας
960 1291 1701 1377 ti·atms,opusest,multissudoribus,multisiaerymis,

131 1373 212 1434 ποίαν
239 1373 334 1454 τέγνην
351 1373 546 1452 ἐπινοήσωμενς
566 1373 645 1433 ποίοιν
658 1371 808 1454 ἐρεὺρωμεν
829 1370 906 1449 μέθο-
962 1372 1047 1432 multa
1074 1373 1513 1447 reeatione,ethumilitatecordis.
1525 1375 1702 1449 Quoutemur

132 1453 188 1527 δον,
198 1451 242 1511 ίνα
255 1441 293 1531 pb
315 1453 470 1531 ἐκπέσωμεν
485 1456 571 1512 ἐκεῖνα
589 1452 624 1512 τά
641 1453 824 1555 σημαινόμενα
842 1452 906 1550 ἀγε-
962 1451 1055 1512 modo.
1069 1453 1702 1534 quamartemexoogitabimus?quaminvenie·

132 1531 182 1602 θά,
198 1533 266 1611 άπερ
288 1531 409 1592 ἀπεκαλὺ
430 1539 462 1606 θη
486 1537 524 1614 τῷ
548 1531 672 1614 μακαρίῳ
699 1530 824 1610 Ἰωαννη;
846 1554 905 1590 τινα
923 1541 942 1587 Ε
962 1552 1023 1590 mus
1035 1530 1204 1610 methodum,
1222 1546 1251 1592 ut
1266 1555 1300 1594 ne
1315 1531 1703 1614 excidamusapraesignifiea·

132 1612 311 1693 ἀριστήσωμεν
327 1611 373 1671 καί
387 1555 484 1680 διδάξει
497 1616 568 1690 ἡμᾶς
582 1612 626 1670 τὸν
638 1610 745 1693 τρόπον,
758 1615 815 1680 πῶς
828 1610 905 1682 δυνη·
961 1610 997 1670 tis
1018 1611 1073 1671 ittis
1086 1611 1173 1687 bonis,
1197 1634 1256 1690 quar
1270 1612 1387 1674 revelata
1400 1625 1463 1673 sunt
1484 1613 1562 1672 beato
1581 1613 1703 1675 ioanni?

132 1694 222 1769 θῶμεν
228 1690 386 1795 κληρονόμοι
399 1691 521 1769 γενέσθαι
530 1697 583 1751 τῶν
595 1689 785 1771 ἀνεκρωνήτων
799 1689 904 1750 ἐκείνων
962 1711 1042 1767 quem
1056 1691 1292 1770 interrogabimus,
1315 1691 1363 1772 qui
1377 1692 1470 1752 doceat
1484 1712 1542 1767 nos,
1565 1692 1703 1772 quomodo

133 1771 252 1849 ἀγαθῶν,
276 1773 318 1829 tir
332 1770 475 1849 ἡτοίμασεν
488 1771 581 1838 δθεδς
593 1779 647 1837 τοῖς
660 1773 799 1847 ἀγαπῶσιν
815 1767 905 1841 αὑτόνς
960 1768 1144 1831 haeredesesse
1154 1771 1475 1850 possimusineffabilium
1486 1770 1644 1851 hujusmodi
1654 1772 1703 1833 bo-

133 1846 170 1908 ‘0
184 1850 315 1909 διδάσκων
326 1850 464 1931 ἄνθρωπον
476 1853 574 1927 γνῶσιν
595 1850 704 1932 Κύριος,
718 1849 795 1916 αθτδς
808 1844 905 1915 διδάξει
961 1868 1068 1923 norum,
1081 1851 1151 1928 Ωιταε
1161 1855 1339 1930 preparavit
1353 1854 1434 1910 Deus
1448 1851 1638 1931 diligentibus
1651 1856 1703 1913 se?
1716 1874 1736 1909 ι.
1751 1861 1804 1907 εον.
1818 1874 1841 1907 ι.

132 1928 379 2008 ἡμᾶςτδντράπον,
397 1934 453 1997 πῶς
467 1931 506 1988 δεῖ
517 1938 591 2009 νικᾷν
601 1931 645 1989 τὸν
658 1929 769 2006 κόσμον.
786 1924 906 2009 Προσέλ·
961 1926 1017 1999 Qui
1039 1928 1117 1988 doeet
1128 1929 1265 1990 hominem
1277 1929 1428 2006 scientiam,
1452 1930 1510 2010 ipse
1529 1929 1642 1990 modum
1654 1939 1737 1992 nos9·

133 2013 222 2086 iopen
238 2012 309 2089 αὑτῷ
334 2008 459 2080 ἀναιδῶς,
481 2009 528 2067 καὶ
551 2009 728 2088 ἐρυετήσωμεν
742 2009 903 2086 εἰλικρινῶς·
960 2006 1078 2085 docebit,
1090 2008 1225 2088 quomodo
1237 2009 1345 2069 vincere
1358 2007 1491 2069 mundum
1504 2022 1636 2090 oporteat.
1652 2013 1704 2071 Δο-

135 2087 371 2226 μιμηώιῶεθαέἀν
382 2087 469 2166 τίμιον
479 2086 558 2228 χρλρργ
570 2090 667 2225 ἐκιῑνρν
680 2090 733 2189 τῶν
742 2086 904 2221 ἀποστολμγ,
961 2086 1091 2203 cedamus
1102 2089 1268 2228 oopfidenter
1286 2087 1322 2148 ad
1335 2110 1408 2226 αγρεε,
1427 2103 1459 2227 ffi
1470 2088 1572 2149 sincere
1586 2088 1703 2228 inlterro·

134 2189 497 2327 {immittitu
511 2191 627 2321 nini,
647 2188 907 2324 utum
961 2186 1437 2326 {ffitittttttttttbtttr
1450 2182 1704 2309 δ’ἒῖάέἶίέιλῖῗῖ

735 2301 742 2324 δ

133 2329 183 2396 τῆς
203 2326 328 2399 ἀληθείας
340 2325 388 2397 τδν
403 2326 545 2398 ἀλήθειαν·
559 2349 581 2385 π
629 2325 746 2403 έλθωμεν
766 2327 838 2404 αὑτῷ
861 2322 906 2384 καί
962 2327 1095 2404 rogabant
1108 2347 1170 2386 eum
1183 2326 1218 2386 de
1234 2326 1464 2386 consummatione
1476 2340 1503 2386 et
1516 2325 1551 2385 de
1568 2327 1705 2404 omnibus,

134 2408 189 2476 νῶν,
206 2408 228 2463 εί
250 2405 298 2465 καὶ
322 2404 423 2474 ἀνάξιοι
450 2406 496 2465 καί
523 2409 582 2466 stre
602 2416 638 2473 εἰς
665 2403 842 2484 τυγχάνομεν,
859 2403 907 2463 καὶ
963 2417 989 2463 et
1003 2406 1039 2464 ab
1053 2405 1389 2486 ipsa'veritateveritatem
1403 2406 1573 2483 ediscebant3
1591 2404 1703 2468 acceda-

133 2483 226 2622 no'ppu
248 2491 297 2557 τῆς
319 2491 372 2546 τῶν
383 2484 537 2546 ἀποστόλων
552 2484 634 2554 ἀξίας.
650 2487 692 2544 Db
705 2483 756 2564 γάρ
770 2487 827 2542 ἐστι
850 2506 907 2560 μα-
963 2505 1024 2544 mus
1037 2485 1158 2546 nuncad
1177 2485 1267 2562 illum,
1288 2484 1393 2545 etiamsi
1406 2485 1511 2566 indigni
1529 2499 1555 2545 et
1575 2485 1646 2547 viles
1663 2487 1705 2547 si·

134 2586 385 2728 :iiiietnpopvirne
393 2644 477 2722 λέγει’
487 2644 583 2724 Ἐγγδς
597 2644 693 2725 Κύριος
702 2652 769 2702 πᾶσι
777 2652 831 2709 τοῖς
843 2646 905 2702 ἐπι·
914 2672 952 2714 τις
963 2644 1040 2703 moti.
1055 2646 1150 2723 Neque
1162 2646 1233 2705 enim
1247 2644 1342 2725 procui
1354 2658 1405 2718 est,
1421 2666 1507 2724 neque
1520 2643 1603 2706 distat
1616 2646 1652 2706 ab
1661 2646 1705 2721 iis,

132 2726 306 2805 καλουμένοις
313 2725 390 2786 αὑτὸν
400 2726 427 2783 ἐν
437 2725 558 2805 ἀληθεία.
571 2723 639 2784 utet
653 2729 727 2801 ἡμῖν,
740 2720 836 2870 Κύριε,
848 2722 905 2782 εἰπὲ
923 2727 944 2774 Α
962 2722 1011 2801 qui
1025 2724 1053 2784 in
1070 2726 1184 2785 veritate
1202 2738 1327 2804 quarunt
1339 2724 1429 2796 iilum,
1449 2739 1480 2785 ut
1492 2725 1532 2784 ait
1550 2725 1703 2806 prophetat

188 2588 213 2639 ν,
229 2568 288 2626 οὑδὲ
296 2567 418 2637 διέστηκε
433 2567 486 2623 τῶν
501 2570 528 2625 ἐν
538 2565 647 2644 ἀληθείᾳ
657 2562 802 2637 ζητούντων
817 2562 906 2636 αὑτὸν,
962 2583 1036 2638 muts,
1063 2564 1233 2645 multumque
1250 2565 1286 2625 ab
1305 2565 1490 2646 apostolorum
1511 2563 1644 2645 dignitate
1665 2587 1706 2627 re·

133 2802 780 2883 ἡμικπωςδεινικηααιτὸνκόσμον·Κὺριηδίδα
793 2825 821 2860 ον
834 2806 907 2880 ἡμᾶς
962 2804 1060 2883 Prope
1085 2817 1128 2864 est
1157 2807 1303 2864 Dominus
1330 2807 1465 2864 omnibus
1498 2808 1704 2866 invocantibus
1715 2793 1782 2858 Ps'at.
1805 2811 1853 2874 ¹ii·

135 2886 264 2944 ποιεῖντὸ
278 2884 382 2961 θελημά
395 2907 460 2944 σου·
481 2881 579 2961 Κύριε,
592 2881 720 2961 θδήγησον
731 2886 804 2958 ἡμᾶς
824 2882 852 2938 ἐν
872 2887 906 2961 τῇ
961 2902 1028 2941 eum
1043 2887 1076 2941 in
1088 2887 1225 2943 veritate.
1243 2883 1296 2942 Dic
1308 2883 1396 2961 nobis,
1411 2883 1535 2960 Domine,
1548 2883 1595 2943 dic
1607 2885 1701 2963 nobis,
1717 2871 1753 2920 ¹⁸·

134 2966 188 3044 ὁδῷ
202 2989 262 3037 σου,
276 2965 378 3044 μήποτε
393 2963 545 3022 καταπιέτω
556 2967 628 3040 ἡμᾶς
642 2966 656 3019 ὑ
671 2960 746 3041 βυθδς
759 2966 805 3020 τοῦ
819 2984 906 3034 πονη-
962 2964 1098 3040 quomodo
1121 2976 1243 3044 oporteat
1265 2963 1373 3023 vincere
1394 2962 1527 3023 mundum
1540 2987 1547 3020 ε
1562 2966 1702 3040 Domine,
1714 2977 1783 3025 Psat.
1802 2980 1855 3035 142.

135 3049 181 3123 ροῶ
200 3044 291 3104 τούτου
313 3047 418 3110 αἰῶνος·
434 3040 531 3122 Κὺριε,
552 3041 649 3121 Κύριε,
666 3042 703 3118 μὴ
726 3040 906 3122 ἐγκαταλίπης
962 3042 1034 3101 doce
1056 3064 1109 3102 nos
1125 3045 1228 3123 faeere
1249 3044 1434 3103 voluntatem
1459 3056 1540 3102 tuam
1553 3069 1562 3099 ι
1575 3044 1702 3119 Domine,
1717 3050 1753 3090 ¹⁰·
1771 3050 1795 3086 τί
1814 3041 1855 3090 ⁶⁸·

134 3129 220 3202 ἡμᾶς·
237 3123 333 3206 Κύριε,
351 3122 425 3189 ἐκτός
442 3145 491 3180 σου
505 3122 585 3180 ἄλλον
599 3125 646 3182 οὑκ
663 3120 784 3198 οίδαμινΙ
798 3119 906 3192 ἐλέησον
961 3118 1051 3181 deduc
1068 3143 1116 3182 nos
1136 3121 1164 3180 in
1184 3121 1229 3184 via
1243 3136 1299 3197 tua,
1324 3121 1482 3202 nequando
1499 3121 1641 3183 absorbeat
1656 3144 1704 3185 nos
1718 3105 1754 3151 ¹⁶·

136 3209 220 3282 ἡμᾶς,
233 3202 273 3262 ότι
288 3207 403 3269 ἀσθενεῖς
424 3205 518 3278 ἐσμεν·
535 3199 576 3260 Kb
596 3225 631 3273 ιε,
646 3200 683 3278 μὴ
706 3199 811 3281 ἀρόσῃς
834 3204 906 3279 ἡμᾶς
961 3201 1128 3280 profundum
1150 3201 1262 3282 maligni
1277 3201 1360 3281 hujus
1372 3202 1463 3261 seculi
1477 3226 1483 3260 :
1496 3201 1622 3276 Domine,
1642 3205 1704 3264 Do-

135 3281 275 3365 όρρανοὺς·
290 3281 469 3343 Διδάσκαλεά
487 3279 543 3351 aot,
555 3224 827 3351 timenutensium
841 3280 907 3341 αἰῶ·
962 3280 1045 3356 mine,
1071 3302 1103 3340 ne
1124 3280 1295 3359 derelinquas
1318 3302 1365 3340 nos
1380 3305 1387 3338 ι
1404 3281 1531 3357 Domine,
1556 3295 1655 3374 praeter
1678 3297 1705 3344 te

134 3386 190 3422 νιον
204 3361 452 3445 κληρονομήοομενς
466 3306 538 3438 pr<
547 3367 631 3420 ταῦτα
641 3359 794 3438 ἀκούσωμεν
805 3360 832 3419 τί
841 3363 908 3421 ἀπο-
962 3358 1047 3419 alium
1059 3381 1112 3420 non
1124 3360 1267 3437 norimus3
1280 3360 1405 3419 miserere
1416 3361 1509 3437 nostri,
1524 3383 1588 3442 qnia
1601 3361 1705 3422 infirmi
1809 3419 1812 3423 .

135 3443 289 3521 κριθήσεται
299 3443 344 3500 καὶ
355 3440 482 3513 λαλήσειΙ
499 3441 572 3499 δεῶιε
586 3439 672 3499 ὀπίσω
684 3461 746 3518 μου,
758 3447 812 3507 τοῖς
822 3439 907 3521 ίχνεσί
962 3459 1056 3499 sumus
1068 3464 1076 3497 ι
1086 3440 1210 3516 Domine,
1224 3461 1258 3499 nc
1267 3440 1402 3518 relinquas
1414 3462 1463 3500 nos
1474 3442 1609 3521 orphanos
1621 3444 1706 3501 :Mu-
1715 3465 1771 3508 unc.
1787 3462 1822 3511 so,

135 3544 187 3598 μου
201 3519 412 3592 ἀκολουθήσατε,
432 3518 547 3597 μιμηταί
572 3541 622 3596 μου
646 3519 763 3598 γίνεσθε,
779 3519 906 3600 πτωχιό-
960 3522 1051 3599 gister
1073 3523 1158 3594 bone,
1187 3521 1259 3600 quid
1271 3522 1422 3602 facientes
1450 3524 1545 3580 vitam
1564 3526 1755 3582 oeternnm25·

134 3624 201 3661 αατε
214 3602 355 3671 ἑκουσίως,
374 3598 418 3658 ίνα
433 3596 602 3670 πλουτήσητε
616 3599 660 3659 τδν
674 3598 770 3679 τρόπον
784 3603 832 3670 τῆς
841 3605 907 3678 ἐμῆς
960 3599 1705 3681 possidebimusindhacquidrespondeataudiamus:

132 3682 217 3754 νίκης.
232 3680 374 3740 Ἀκούσατε
387 3685 432 3738 τοῦ
448 3678 594 3738 ἀπσστολου
608 3678 779 3759 διηγουμένου
793 3680 839 3739 καί
859 3681 906 3740 λέ·
963 3678 1060 3739 Venite
1069 3693 1130 3761 post
1143 3701 1195 3756 me,
1208 3679 1322 3759 vestigia
1336 3701 1395 3738 mea
1412 3681 1566 3759 sequimini,
1585 3679 1705 3740 imitato·

133 3784 239 3840 γοντοι·
254 3764 296 3820 Δι’
320 3766 392 3837 ἡμᾶς
406 3757 556 3838 ἐπτώχευσε
572 3758 695 3825 πλούσιος
715 3757 762 3819 ῶν.
777 3758 906 3819 Ἐταπεί-
962 3777 1003 3815 res
1016 3760 1068 3817 mei
1083 3773 1176 3836 estote,
1203 3773 1298 3839 sponte
1322 3780 1451 3839 pauperes
1465 3760 1541 3835 sitis,
1559 3774 1590 3819 ut
1604 3782 1640 3820 ex
1656 3760 1704 3821 ri-

132 3864 216 3900 νωσεν
226 3841 316 3900 ἑαυτὸν
326 3838 464 3918 γενόμενος
479 3837 593 3909 ὑπήκοος
605 3837 685 3921 μέχρι
695 3838 815 3898 θανάτου.
826 3840 906 3899 Οὕτω
960 3837 1051 3896 ctoriae
1064 3860 1129 3897 mea
1139 3837 1220 3898 modo
1230 3838 1328 3897 divites
1341 3838 1469 3899 evadatis.
1484 3839 1585 3899 Audite
1597 3853 1702 3921 aposto·

134 3919 180 3979 καί
194 3924 270 3986 nuci
282 3919 438 3999 βουλόμενος
457 3920 578 3986 νικῆσαι,
594 3917 790 3977 ταπεινοὺσθω·
806 3919 905 3998 όρείλει
961 3915 1018 3974 lum
1032 3931 1199 3976 enarrantem
1212 3930 1239 3976 et
1255 3916 1387 3976 dicentem
1402 3941 1409 3974 ι
1422 3920 1548 3996 Propter
1561 3938 1614 3979 nos
1647 3938 1704 3977 au-
1715 3949 1737 3980 ι.
1753 3935 1807 3979 cor.
1820 3933 1844 3979 8.

135 3997 184 4076 μὲν
197 4000 242 4057 καὶ
255 3999 321 4078 ὑπὲρ
345 3996 392 4075 ἐμὲ
417 4000 453 4064 ῶς
476 3996 581 4061 δοῦλος·
596 3997 619 4054 εί
636 3995 663 4054 δὲ
684 3995 795 4073 μὴ,κδν
807 4001 842 4063 ὡς
855 3997 907 4077 ἐγὼ
924 4005 942 4052 B
959 4016 1013 4074 per
1023 3997 1126 4080 sectus
1151 4008 1211 4067 est,
1232 4017 1298 4055 cum
1319 3997 1400 4055 dives
1416 4009 1498 4056 esset.
1525 3941 1737 4058 Humidueittt·
1756 4058 1779 4068 ,,

134 4077 287 4149 Δεσπότης·
297 4075 451 4156 ὑπομενέτω
464 4074 608 4153 δεωγμοὺς,
617 4074 718 4154 ὑάρεες,
729 4075 849 4152 α’τεμίας,
862 4083 906 4157 ῥα·
961 4079 1144 4154 semetipsum
1156 4078 1256 4154 sactus
1269 4078 1405 4134 obediens
1416 4096 1507 4155 usquc
1519 4079 1561 4135 ad
1570 4090 1701 4136 mortem.
1713 4060 1817 4170 ζωρά
1832 4071 1854 4107 ³⁸

134 4157 273 4232 πίσματα,
297 4156 489 4236 ἐμπτόσματα.
504 4153 596 4221 Οὕτως
620 4160 635 4214 δ
655 4158 718 4234 βιῶν
741 4155 808 4233 μετὰ
829 4159 908 4236 ὀρθῆς
963 4152 1009 4212 Sic
1031 4145 1155 4233 quisquis'
1175 4154 1293 4214 voluerit
1316 4153 1433 4228 sineere,
1460 4155 1586 4215 humiliet
1608 4178 1637 4216 se
1654 4156 1705 4223 :id
1731 4155 1737 4168 '

135 4237 278 4317 ὁμολογίας
290 4246 350 4317 νικᾷ
363 4237 408 4296 τὸν
419 4236 530 4313 κόσμον,
545 4236 592 4294 καὶ
604 4236 763 4316 κληρονομεῖ
775 4238 862 4295 ἐκεῖνα
874 4235 907 4295 rb
962 4246 1033 4291 certe
1046 4232 1125 4296 debet
1138 4246 1273 4315 prostare,
1296 4232 1358 4314 plus
1371 4255 1452 4313 quam
1465 4254 1525 4314 eqo,
1550 4249 1578 4293 ut
1616 4249 1642 4295 te
1657 4237 1704 4316 qui

134 4317 187 4378 ὑπὸ
202 4316 324 4376 Ἰωάννου
345 4314 505 4394 μηνυθέντα,
530 4314 599 4393 άπερ
622 4314 729 4393 ἄγγελοι
753 4317 908 4393 ἐπιθυμοῦσι
963 4334 1057 4372 servus
1074 4313 1127 4390 sit;
1152 4313 1271 4392 alioquin
1289 4313 1383 4372 saltem
1400 4326 1429 4371 ut
1443 4333 1492 4393 eqo
1509 4315 1555 4393 qui
1572 4257 1706 4376 diutinus

135 4396 289 4456 θεάσασθαι.
304 4396 409 4463 Ὀντως
425 4391 498 4453 οὐδὲν
518 4392 685 4475 ἰσχυρότερον
702 4399 748 4454 τοῦ
760 4394 909 4494 πτιυγεάον-
964 4414 1025 4452 sum
1036 4416 1043 4450 ε
1055 4392 1275 4474 persequutiones
1285 4392 1422 4466 sustineat,
1435 4394 1620 4470 contumelias,
1629 4395 1706 4477 igno·

135 4499 180 4542 τος
190 4475 233 4533 διδ
243 4477 288 4536 τὸν
296 4474 498 4557 {tipice-obitis
511 4472 580 4532 οὑτω
589 4472 698 4554 ροόερὸς
712 4483 766 4541 τοῖς
777 4476 908 4552 δαιμοσιν,
965 4472 1071 4547 minias,
1099 4474 1201 4553 alapas,
1222 4486 1308 4552 sputa.
1332 4472 1388 4544 Qui
1409 4473 1445 4533 ita
1459 4472 1529 4533 vivit
1547 4496 1610 4535 cum
1633 4488 1705 4535 recta

134 4556 396 4638 ιῗιςθταπεινόρρων·
406 4551 748 4633 θβουλόμενοςνικῆσαιτδν
758 4553 857 4630 κόσμον
864 4552 909 4612 καί
965 4552 1232 4623 consessione,vincit
1245 4552 1389 4625 mundum,
1405 4567 1432 4612 et
1441 4553 1596 4614 hereditate
1604 4555 1706 4636 accipit

134 4635 171 4694 τά
182 4638 211 4694 ἐν
223 4635 315 4713 κάαμω
327 4635 372 4694 καλ
382 4634 426 4692 τὸν
436 4630 605 4712 ὑψηλόρρονα
616 4632 663 4691 καί
672 4633 756 4715 ὑπερό
778 4656 850 4707 ανον,
863 4633 910 4698 τὰς
965 4652 1007 4709 ea,
1022 4653 1082 4711 quae
1096 4652 1112 4690 a
1135 4635 1238 4694 Joanne
1250 4632 1380 4691 recensita
1393 4646 1466 4709 sunt,
1480 4655 1541 4711 quae
1554 4633 1644 4714 angeli
1660 4633 1706 4693 vi-

134 4713 244 4781 ἐντολάς
260 4695 309 4791 poi
338 4712 441 4786 υλάξει,
455 4710 541 4779 καθὼς
551 4709 604 4791 ἐγὼ
619 4717 665 4770 τοῦ
679 4657 785 4793 Πατρός
801 4735 850 4791 μου
864 4736 910 4771 τε·
965 4711 1030 4771 dere
1048 4711 1211 4772 desiderant.
1227 4712 1306 4778 Certe
1320 4712 1390 4770 nihil
1402 4713 1499 4771 fortius
1509 4713 1566 4788 illo,
1581 4713 1628 4791 qui
1662 4734 1706 4771 ro-

135 4794 258 4877 τιίρηκα,
272 4739 410 4872 γενόμενος
426 4790 540 4862 ὑπήκοος
555 4789 635 4870 μέχρι
648 4792 777 4864 θανάτου,
794 4794 909 4852 καταδε-
985 4805 1025 4850 ter
1040 4791 1178 4851 Christum
1191 4812 1296 4873 pauper
1310 4804 1349 4850 est
1357 4815 1367 4868 ς
1383 4812 1460 4851 nemo
1475 4792 1511 4850 ita
1527 4791 1607 4851 sormi
1663 4791 1707 4852 ilis

135 4874 245 4952 ξάμενος
262 4872 349 4951 ὑδρεις
371 4872 417 4931 καλ
437 4869 558 4950 ἀτιμίας,
573 4870 730 4949 ῥαπίσματα
748 4872 794 4930 καί
807 4871 910 4948 ἐμπτύ-
963 4813 1146 4949 daemonibus,
1167 4886 1196 4930 ut
1210 4871 1341 4947 humiiis3
1363 4871 1411 4948 qui
1429 4871 1488 4931 vult
1506 4872 1614 4931 vincere
1629 4891 1707 4931 mun-

136 4977 242 5031 σματα·
256 4955 303 5013 καὶ
321 4951 391 5012 οὑτω
408 4959 469 5029 νικᾷ
494 4949 538 5008 τὸν
559 4947 668 5026 κόσμον.
689 4941 775 5020 Οὑτος
787 4955 801 5010 θ
814 4950 910 5030 τρόπος
964 4948 1031 5010 dum
1043 4963 1068 5009 et
1079 4971 1109 5009 ea
1121 4972 1180 5029 qnae
1192 4950 1220 5009 in
1231 4949 1331 5008 mundo
1342 4964 1415 5021 sunt,
1429 4964 1455 5009 et
1463 4950 1549 5010 altum
1560 4950 1708 5032 sapientem

136 5032 250 5109 ἐρόῶησε
261 5034 307 5091 καὶ
322 5028 479 5111 ἐξενεὺριοσε
493 5029 538 5088 τὸν
555 5028 687 5100 διάδολον,
705 5030 750 5090 καὶ
764 5030 911 5091 κατέκλασε
966 5041 993 5090 et
1016 5030 1174 5110 superbum,
1199 5027 1324 5088 mandata
1344 5050 1402 5087 mea
1425 5029 1577 5107 custodiet,
1605 5045 1636 5091 ut
1658 5052 1707 5112 ego

139 5114 218 5169 αὑτοῦ
242 5111 300 5179 τοὺς
313 5112 421 5178 ὀδόντας
442 5109 488 5168 καλ
504 5107 656 5189 συνέτριψεν
672 5112 751 5169 αὑτοῦ
772 5108 821 5183 τὴν
836 5110 911 5192 inpiae
967 5110 1092 5170 mandata
1115 5108 1204 5170 Patris
1225 5107 1278 5167 mei
1297 5107 1446 5185 custodivi,
1473 5110 1559 5170 sactus
1580 5109 1708 5171 obediens

138 5189 186 5249 καὶ
202 5189 233 5248 rb
248 5191 360 5269 μάταιον
374 5195 452 5251 αὑτοῦ
477 5188 588 5267 κράτος·
604 5191 631 5247 ἐν
645 5188 729 5270 τοὺιιρ
743 5187 914 5269 καυχάσθωδ
968 5187 1102 5268 usquead
1113 5201 1239 5261 mortem,
1267 5208 1408 5269 perpessus
1422 5189 1607 5268 contumelias,
1627 5191 1635 5248 i
1657 5211 1708 5250 no·

138 5269 311 5349 καυχιίιμενος
330 5271 417 5338 καθὼς
435 5269 598 5349 γέγραπται·
611 5268 762 5350 Καυχάσθω
776 5270 885 5349 ἀδελρδς
901 5275 915 5330 ὑ
931 5270 949 5325 C
970 5269 1079 5344 minias,
1102 5268 1204 5349 alapas,
1221 5281 1300 5348 sputa
1315 5282 1360 5327 :et
1374 5267 1414 5326 sic
1427 5269 1473 5328 ille
1485 5268 1552 5328 vicit
1564 5212 1709 5330 mundum.

139 5352 264 5419 ταπεινὸς
283 5354 310 5412 ἐν
325 5354 365 5432 τῷ
383 5350 444 5430 iiber
466 5352 561 5409 αὑτοῦ·
579 5338 655 5416 οὑτος
674 5347 725 5429 γάρ
745 5353 760 5410 δ
779 5352 859 5409 νικῶν
871 5350 915 5410 τδν
971 5348 1024 5409 Hic
1034 5346 1131 5409 modus
1141 5347 1237 5409 terruit
1248 5362 1275 5408 et
1286 5347 1427 5410 enervavit
1438 5348 1588 5490 diabolqm,
1604 5351 1714 5432 ejusque

306 5451 378 5491 rou.
403 5451 444 5489 m.
1517 5433 1534 5491 5
