3728 5978
258 393 326 462 312
591 417 620 462 s.
647 416 787 466 ioannis
813 415 995 463 cuausosr.
1025 414 1180 464 escures.
1208 417 1475 466 consummor.

256 549 285 596 et
296 540 357 595 viri
372 557 432 596 παπ
441 540 673 616 ραιιοὶΛθίῖιιαι
684 551 784 599 autem
794 539 994 618 cognovissem
1014 541 1032 587 B
1052 539 1152 620 ἀνδρῶν
1164 540 1211 599 οῦκ
1222 539 1313 618 ὀλίγον.
1328 539 1375 609 Ὡς
1389 538 1416 597 δὲ
1433 540 1549 617 ἔγνωσαν
1562 538 1586 595 σί
1600 537 1707 607 ἀπδτῆς
1717 537 1822 595 Θεσσα-

255 633 288 687 in
296 631 852 713 Thessaloniealudoei,quiaetlleroeoe
861 630 995 710 predica·
1051 629 1156 704 λονίιιης
1169 631 1305 704 Ἰουδαῖοι,
1322 631 1361 690 δτι
1375 631 1420 690 καὶ
1438 635 1465 691 ἐν
1484 635 1517 710 τῇ
1538 628 1634 709 Βεροίᾳ
1652 624 1819 706 κατηγγελθη

256 733 319 780 tum
325 733 368 780 est
380 722 506 781 aPetulo
519 725 642 781 verbum
652 724 721 795 Dei,
732 733 913 782 veneranter
923 720 995 779 illue
1051 721 1103 782 ὑπὸ
1115 727 1160 782 τοῦ
1175 721 1284 782 Παύλου
1299 728 1313 783 θ
1329 721 1405 801 λόγος
1419 729 1464 782 τοῦ
1477 723 1561 792 Θεοῦ,
1578 711 1656 791 ἦλθον
1675 720 1752 777 κάκεῖ
1771 739 1821 775 σα-

254 814 995 896 commoventesmultitudt'rtem,ll.Statimquetune
1051 812 1169 882 λεῦοντες
1190 812 1250 881 τοῦς
1270 814 1372 894 ὄχλους.
1392 814 1497 880 Εὐθέως
1516 813 1543 870 δὲ
1568 810 1629 869 τότε
1648 808 1692 869 τὸν
1712 809 1820 866 Παῦλον

253 905 385 965 Paulum
399 907 571 966 dinaiseruut
576 908 705 988 fratres,
719 920 752 966 ut
769 911 885 967 veniret
904 925 995 986 usque
1051 902 1236 974 theuderedus
1253 911 1277 967 οί
1300 906 1407 986 ἀδελφοὶ
1421 903 1576 988 πορεύεσθαι
1589 905 1625 968 ὡς
1642 899 1685 960 ἐπὶ
1704 898 1752 971 τὴν
1772 898 1819 957 θαί-

253 998 296 1056 ad
312 1017 393 1056 mare
409 1021 417 1053 :
432 997 511 1058 Silas
524 1011 623 1058 autem
640 1011 669 1058 et
693 1000 860 1058 Timotheus
874 1020 992 1060 reman-
1049 999 1166 1059 λασσαν·
1179 999 1307 1078 ὑπέμενον
1321 998 1349 1059 δέ
1365 997 1381 1058 d
1393 1022 1423 1059 τε
1434 995 1517 1062 Σίλας
1528 995 1573 1055 καὶ
1587 999 1601 1053 δ
1614 991 1744 1072 Τιμόθεος
1755 991 1818 1049 ἐκεῖ.

253 1101 355 1148 serunt
369 1092 420 1150 ihi.
435 1088 508 1151 Vide
521 1088 601 1150 illum
615 1104 642 1151 et
652 1090 790 1151 cedentem
801 1104 828 1150 et
840 1090 993 1167 instantem,
1048 1088 1122 1172 Ὅρα
1140 1091 1219 1150 αιἰτδν
1234 1090 1280 1151 καὶ
1294 1094 1484 1172 ὑποχωροῦντα
1505 1087 1551 1148 καλ
1575 1085 1754 1161 ἐνιστάμενον,
1774 1083 1819 1141 καί

252 1179 391 1260 multaque
397 1180 516 1241 humano
527 1201 601 1242 more
610 1182 812 1243 iacientemdb.
827 1184 884 1263 Qui
895 1196 994 1244 autem
1047 1181 1133 1242 πολλὰ
1147 1183 1316 1264 ἀνθρωπίνως
1334 1187 1468 1243 ποιοῦντα.
1489 1182 1525 1240 Oi
1540 1178 1568 1239 δέ
1585 1180 1760 1242 καθιστῶντες
1773 1173 1818 1232 τὸν

251 1272 435 1332 deducebant
448 1273 585 1346 Paulum,
597 1275 798 1354 perduxerunt
814 1295 881 1334 eum
901 1295 993 1355 usque
1046 1276 1164 1349 Παῦλον,
1177 1276 1276 1356 ἤγαγον
1292 1276 1369 1336 αὐτὸν
1384 1275 1434 1343 ἕως
1447 1275 1570 1347 Ἀθηνῶν,
1585 1270 1630 1331 καλ
1641 1267 1765 1333 λαθόντες
1775 1268 1818 1325 ἐν·

250 1364 440 1440 Athenas3et
449 1378 566 1446 accepto
574 1366 716 1426 πιαπᾱαιο
723 1368 761 1426 ob
772 1386 806 1425 eo
815 1368 857 1426 ad
862 1367 956 1427 &lam
964 1380 991 1427 et
1047 1367 1125 1442 ταλλν
1143 1369 1208 1450 πρδς
1220 1369 1265 1430 τδν
1279 1369 1362 1428 Σίλαν
1378 1367 1423 1427 καὶ
1440 1365 1580 1446 Τιμόθεον,
1594 1361 1637 1422 ίνα
1648 1365 1683 1428 ὡς
1702 1359 1816 1440 τᾶχιστα

254 1458 447 1531 Timotheum,
459 1470 491 1517 ut
506 1478 596 1538 quem
609 1458 743 1518 celeriter
757 1462 904 1534 venirent,
923 1479 990 1540 pro·
1046 1456 1144 1522 ίλθωσι
1162 1460 1232 1542 πρδς
1253 1462 1341 1531 αὗτδν,
1362 1459 1479 1540 ἐξῄεσαν.
1499 1456 1612 1535 Ὶδωμεν
1626 1453 1654 1514 δὲ
1672 1453 1769 1512 ἄνωθεν
1783 1450 1818 1510 τδι

246 1549 321 1627 secti
328 1548 466 1609 sunt.Sed
478 1549 615 1630 superiora
626 1562 786 1631 repetamus.
800 1553 861 1610 Per
868 1553 993 1612 sabbata
1010 1572 1029 1620 c
1046 1553 1182 1635 εἰρημένα.
1195 1553 1260 1614 'Eut
1273 1553 1396 1614 σαίὸὄατα
1406 1551 1482 1632 τρία,
1494 1548 1575 1630 φησὶ,
1588 1545 1709 1627 διελέρθη
1722 1547 1817 1614 αὐτοῖς,

249 1641 429 1720 tria,inquit‚
446 1643 620 1722 loquebatur
637 1646 690 1714 eis,
706 1647 840 1722 aperiens
859 1664 895 1702 ee
915 1640 992 1704 Seri·
1046 1646 1182 1728 διανοίγων
1207 1648 1261 1708 ἀπδ
1281 1652 1334 1707 τῶν
1356 1648 1479 1727 Γραρῶν.
1503 1644 1613 1713 Καλῶς,
1640 1639 1684 1698 ὅτε
1705 1636 1814 1718 ἤργουν·

244 1738 350 1812 pluris.
360 1735 451 1811 Recte,
461 1732 569 1813 quando
579 1733 720 1797 σαώσαι.
728 1734 775 1795 Sic
786 1734 910 1794 Christus
922 1756 990 1795 sem·
1046 1740 1132 1799 Τοῦτο
1145 1738 1198 1823 γδρ
1211 1739 1256 1799 καὶ
1268 1743 1283 1798 θ
1297 1737 1410 1822 Χριοπδς
1424 1734 1522 1810 ἐποίει,
1540 1733 1595 1793 ἄνω
1614 1730 1660 1790 καλ
1674 1729 1748 1789 καίτοι
1763 1728 1816 1787 ἀπὸ

246 1846 295 1905 per
318 1826 471 1904 [euchata
491 1825 640 1908 scripturis
657 1827 758 1906 ubique
781 1827 924 1904 disserens,
941 1851 990 1892 nec
1044 1834 1098 1890 τῶν
1110 1833 1222 1914 Γραρῦιν
1232 1829 1429 1911 διαλεγόμενος,
1449 1828 1494 1887 καλ
1505 1830 1534 1887 οὐ
1545 1827 1681 1902 πανταχοῦ
1695 1819 1749 1880 ἀπὸ
1762 1821 1814 1876 τῶν

247 1937 352 1999 semper
366 1918 442 1998 signa
454 1918 563 1995 laniem.
578 1917 650 1994 Quia
663 1919 776 1982 enimin
794 1920 847 1980 boe
861 1922 989 1982 contrarii
1044 1921 1171 2000 σημείων.
1194 1920 1307 1995 Ἐπειδὴ
1329 1921 1382 2002 γὰρ
1398 1920 1463 2000 τρδς
1476 1924 1568 1978 τοῦτον
1588 1913 1711 1980 ἐναντίως
1733 1900 1814 1992 εἶχον,

246 2024 363 2088 αααηυι
371 2010 623 2092 quasideeeptorem
631 2025 657 2071 et
664 2013 888 2094 praestigiatorem
898 2014 988 2096 ipsum
1044 2012 1089 2071 καί
1112 2016 1148 2080 ὡς
1168 2013 1268 2074 πλάνον
1284 2013 1330 2073 καλ
1342 2013 1425 2094 γόητα
1439 2011 1584 2083 διέὅαλλαν,
1606 2006 1649 2067 διδ
1670 2010 1747 2065 τοῦτο
1769 2001 1814 2063 καὶ

245 2100 490 2182 calumniabantur,
505 2104 566 2164 ideo
587 2105 645 2186 ipse
663 2127 679 2165 a
697 2106 847 2188 Sen'pturis
870 2106 986 2171 disserit.
1042 2103 1120 2172 αὖτδς
1134 2103 1187 2165 ἀπὸ
1204 2109 1257 2166 τῶν
1271 2108 1384 2188 Γραρῶν
1405 2103 1563 2182 διαλέγεται.
1583 2099 1617 2160 Ὁ
1633 2098 1680 2177 μὲν
1694 2095 1746 2178 γὰρ
1760 2094 1814 2154 ἀπὸ

245 2197 317 2257 Nam
328 2197 377 2276 qui
392 2218 441 2280 per
456 2197 512 2258 sola
527 2197 601 2278 signa
616 2198 774 2280 persuadere
789 2215 911 2274 oonatur,
923 2205 986 2284 jure
1039 2199 1092 2256 τῶν
1107 2196 1223 2276 σημείων
1239 2201 1380 2279 ἐπιχειρῶν
1395 2196 1481 2276 μόνων
1495 2192 1605 2268 πείθειν,
1620 2189 1728 2256 εἰκότως
1745 2193 1811 2248 urto-

245 2305 384 2372 suspectus
400 2304 440 2351 est
452 2315 459 2348 :
469 2290 516 2372 qni
530 2311 594 2353 vete
610 2312 646 2351 ex
661 2291 811 2373 scripturis
831 2294 983 2375 persuadet,
1038 2287 1170 2350 πτειίεται·
1180 2294 1194 2349 ὁ
1204 2289 1468 2371 δὲάπδτῶνΓραρῶν
1475 2287 1582 2358 πείθων,
1592 2287 1640 2344 οὐκ
1648 2284 1704 2363 ἔχει
1715 2279 1812 2351 ταύτην

245 2404 299 2444 non
312 2383 386 2461 venit
400 2383 429 2442 in
447 2384 523 2444 illam
542 2382 733 2464 suspicionem.
747 2384 783 2445 Et
800 2406 870 2467 saepe
880 2386 985 2448 inveni·
1038 2379 1087 2453 τλν
1097 2380 1230 2443 ὑπόνοιαν.
1241 2382 1294 2442 Καὶ
1304 2383 1440 2461 πολλαχοῦ
1452 2378 1605 2459 εθρίσκομεν
1621 2374 1673 2435 ἀπδ
1685 2373 1811 2434 διδασαα·

245 2495 306 2534 mus
318 2496 381 2536 eum
389 2474 511 2535 docmina
524 2474 684 2557 persuadere
688 2500 698 2552 ;
710 2497 825 2556 eumque
832 2493 922 2539 auten
933 2482 987 2540 An·
1039 2472 1099 2541 λίας
1111 2471 1188 2534 αθτδν
1199 2473 1342 2533 πείσαντα·
1358 2473 1422 2532 ’καί
1437 2473 1465 2530 ἐν
1479 2468 1626 2550 Ἀντιοχείᾳ
1640 2465 1668 2527 δὲ
1677 2475 1753 2526 πᾶσα
1770 2465 1809 2523 δι·

244 2565 351 2626 tioehie
364 2567 480 2642 doceret,
496 2581 656 2648 eongregata
670 2582 710 2628 est
724 2568 760 2629 ad
774 2568 853 2629 illum
866 2570 962 2632 civitas
977 2595 984 2629 ε
1004 2576 1023 2624 θ
1040 2565 1164 2626 δᾶσκοντι
1185 2568 1256 2645 αὐτῷ
1269 2565 1387 2646 συνήχθη
1402 2569 1421 2637 ἡ
1435 2563 1523 2631 πίλις·
1538 2561 1606 2623 σθεν)
1630 2559 1699 2639 μίγεν
1718 2582 1745 2617 τι
1767 2560 1812 2618 tsi

242 2656 282 2717 ita
291 2679 419 2739 magnum
429 2658 567 2738 quoddam
577 2658 630 2718 hee
643 2673 693 2737 eet,
704 2681 752 2721 nec
766 2655 873 2742 signum
885 2663 985 2739 minus,
1040 2656 1117 2716 τοῦτο’
1130 2660 1204 2733 ἐστι,
1222 2658 1266 2717 καὶ
1281 2660 1309 2718 οθ
1322 2656 1416 2738 μικρὸν
1432 2663 1551 2734 σημεῖον,
1565 2653 1633 2716 ἀλλὰ
1651 2651 1696 2712 καί
1712 2650 1811 2732 σρθδρα

242 2751 292 2812 sed
304 2752 536 2813 sanemaxinum.
553 2753 589 2813 Et
604 2774 638 2812 ne
649 2767 912 2835 putarentsetotum
926 2779 986 2838 pos·
1041 2750 1098 2810 ἐστὶ
1118 2749 1187 2830 μέγα
1207 2755 1294 2810 τοῦτο.
1317 2750 1370 2811 Καὶ
1391 2748 1488 2829 ἵναμὴ
1508 2746 1715 2826 νομίσωσιν,θτι
1737 2744 1812 2803 αὐτοὶ

243 2864 281 2919 se,
295 2844 429 2925 permittit
448 2845 523 2904 Deus
545 2858 576 2905 ut
594 2846 738 2927 pellantur.
749 2848 812 2907 Duo
831 2848 903 2909 enim
922 2849 987 2911 hinc
1040 2841 1197 2923 leptinensi
1209 2852 1272 2918 πᾶν,
1283 2851 1416 2923 συγρωρεῑ
1430 2840 1522 2909 αὐτοὺς
1539 2845 1553 2900 δ
1566 2840 1633 2906 Θεὸς
1647 2836 1811 2899 ἐλαύνεσθαι.

243 2931 457 3011 proveniebant:
471 2953 524 2992 non
537 2930 624 2993 altum
636 2935 862 3016 sapiebantquasi
873 2937 926 3019 ipsi
940 2960 985 2998 su·
1040 2934 1094 2997 nto
1112 2935 1164 3018 γδρ
1186 2937 1217 2995 lx
1236 2936 1328 2996 enites
1342 2934 1506 2996 susidente·
1527 2934 1586 2994 οὔτε
1604 2932 1673 3012 μέγα
1687 2928 1809 3011 ἐφρόνουν

243 3037 388 3102 ρσιεισεαιι,
398 3045 484 3103 neque
494 3024 662 3086 terrebantur
675 3040 705 3085 ut
718 3028 757 3087 rei
762 3051 772 3104 ;
788 3028 826 3088 ita
833 3050 868 3088 ex
876 3052 984 3092 oeeono-
1039 3027 1162 3112 ᾡςαῦτυλ
1177 3027 1344 3098 καθελόντες,
1360 3027 1421 3087 εὖτε
1436 3027 1516 3088 πάλιν
1531 3027 1670 3108 ἕρσῦσῦντσ
1681 3028 1717 3091 ὡς
1730 3022 1810 3083 inti·

243 3115 298 3173 mia
306 3129 371 3191 erat,
379 3114 454 3194 quod
465 3130 633 3177 vocarentur.
643 3119 809 3179 Colentium
820 3123 984 3202 gentilium,
1039 3126 1124 3181 θυνοι·
1139 3119 1221 3187 οὕτως
1233 3119 1382 3198 οἰκονομίας
1399 3111 1432 3190 ἦν
1446 3118 1491 3179 καὶ
1507 3118 1537 3178 τὸ
1547 3120 1692 3178 καλεῖσθαι.
1705 3119 1768 3177 Τῶν
1781 3140 1811 3175 τε

242 3207 338 3286 inquit,
351 3208 518 3281 multitudo,
530 3221 558 3268 et
567 3231 605 3268 αα
613 3212 770 3290 gentilibus
781 3213 910 3275 honestis
923 3237 984 3276 mu·
1039 3211 1188 3290 σεόομίνων
1205 3211 1353 3285 Ἑλλήνων,
1374 3211 1454 3292 φησί,
1474 3210 1541 3271 πολὺ
1562 3214 1677 3286 πλῆθος,
1692 3209 1737 3269 καὶ
1757 3214 1810 3269 τῶν

243 3303 362 3364 lierilus
375 3317 402 3364 et
417 3325 453 3365 ee
470 3308 544 3364 viris
559 3326 619 3363 non
629 3311 719 3386 pouei
732 3309 927 3371 erediderunt.
940 3312 984 3370 Illi
1039 3305 1200 3378 Ἑλληνίδων
1211 3309 1340 3383 γυναικῶν
1350 3310 1402 3364 τῶν
1414 3304 1585 3384 εὐσχημόνων
1597 3302 1753 3362 ἐπίστευσαν
1765 3303 1811 3362 καὶ

242 3416 306 3456 vero
315 3409 416 3457 eontra.
427 3395 570 3467 Quomodo
580 3410 670 3456 autem
681 3397 730 3476 qui
740 3397 818 3476 dicit,
833 3403 871 3460 Ut
884 3424 936 3463 nos
944 3408 986 3464 ad
1038 3397 1139 3478 ἀνδρῶν
1154 3397 1304 3475 οὐκόλίγοι·
1331 3396 1444 3456 Ἐκεῖνοι
1465 3395 1493 3455 δὲ
1514 3394 1674 3456 τούναντίον.
1699 3397 1764 3461 Πῶς
1783 3394 1811 3454 δὲ

240 3503 352 3570 gentes,
364 3491 412 3548 illi
424 3503 523 3550 autem
535 3493 577 3549 ad
589 3495 847 3570 circumcisionem,
859 3516 921 3556 eum
934 3501 984 3560 Ju.
1038 3489 1132 3568 λέγων,
1144 3488 1205 3549 Ἵνα
1217 3492 1294 3566 ἡμεῖς
1309 3491 1345 3554 εἰς
1359 3488 1393 3548 τί(
1407 3488 1482 3562 ἔθνη,
1497 3490 1570 3547 αὐτοὶ
1583 3488 1610 3547 δὲ
1625 3491 1661 3557 εἰς
1674 3487 1723 3560 τὴν
1737 3511 1811 3568 περι-

240 3579 307 3640 deis
323 3580 492 3641 disserebat?
504 3583 562 3642 Hoc
577 3602 611 3640 ex
627 3581 777 3643 abundanti
796 3584 918 3648 iaciebat.
930 3590 985 3651 Sed
1038 3580 1132 3661 τσμθν,
1147 3581 1277 3661 διελέγετο
1291 3589 1345 3647 τοῖς
1358 3581 1510 3653 Ἰουδαίοις;
1523 3581 1574 3641 Ἐκ
1587 3581 1738 3661 περιουσίας
1750 3587 1810 3639 τσῦ·

242 3673 265 3732 si
285 3671 387 3734 ludaeis
406 3671 537 3732 disserere
552 3673 703 3754 oportebat,
719 3676 855 3753 quemodo
874 3700 984 3742 rursum
1003 3687 1022 3733 B
1039 3698 1070 3734 το
1081 3675 1173 3733 ποιῶν.
1188 3672 1265 3733 Ἐπεί
1280 3674 1304 3731 εἰ
1315 3673 1450 3740 Ἰουδαίοις
1465 3672 1632 3752 διαλέγεσθαι
1645 3675 1737 3753 ἐχρῆν,
1754 3677 1812 3740 πῶς

240 3765 349 3827 dicebat
365 3789 371 3823 :
390 3767 448 3844 Qut
460 3771 539 3826 enim
552 3779 688 3846 operatus
703 3781 746 3827 est
760 3768 807 3828 illi
817 3773 850 3829 ιἰι
861 3775 984 3833 σίνονται.
1039 3766 1113 3845 ἔλεγε
1125 3765 1223 3826 πάλιν·
1243 3765 1277 3824 Ὁ
1293 3762 1343 3844 alp
1355 3765 1495 3845 ἐνεργήσας
1513 3765 1605 3846 ἐκείνῳ
1626 3767 1662 3834 εἰς
1672 3765 1720 3838 τὴν
1737 3787 1812 3844 περι·

241 3862 391 3932 eisiortem,
406 3871 541 3940 operatus
551 3871 593 3918 est
606 3861 678 3918 mihi
688 3864 766 3919 inter
774 3868 896 3942 gentes?
906 3865 984 3927 Sicut
1037 3857 1134 3938 τσριθνν
1147 3857 1276 3936 ἐνήργησε
1290 3856 1335 3923 tel
1352 3856 1412 3934 ἐμοὶ
1429 3860 1465 3924 εἷς
1478 3856 1512 3915 ελ
1527 3856 1602 3930 ἔθνηῐ
1615 3856 1722 3936 Ὥσπερ
1739 3858 1808 3915 ἐκεῖ·

241 3951 322 4011 etiam
338 3950 381 4010 illi
392 3950 517 4031 gentibus
533 3951 721 4029 loquebantur,
740 3952 802 4012 lieet
816 3952 851 4013 ad
861 3955 982 4018 circum-
1037 3973 1078 4010 ναι
1099 3950 1144 4010 καὶ
1165 3949 1262 4009 ἔθνεσιν
1276 3948 1426 4025 ὡμίλησαν,
1442 3949 1572 4028 καίτοιγε
1592 3952 1628 4015 εἰς
1641 3948 1689 4020 τὴν
1705 3972 1811 4031 περισο-

240 4042 368 4103 eisionem
378 4042 510 4123 segregati
521 4067 528 4101 ε
539 4043 576 4102 ita
586 4058 612 4102 et
622 4042 668 4103 hic
677 4044 775 4126 saepius
785 4066 847 4106 cum
857 4048 983 4127 gentibus
1039 4041 1091 4121 μὴν
1107 4041 1298 4124 σἰφννρισμὲννι·
1313 4039 1381 4101 οὕτω
1396 4041 1442 4101 καὶ
1456 4032 1538 4109 οὗτος·
1553 4041 1593 4100 Τὸ
1608 4041 1656 4119 μὲν
1672 4031 1717 4099 νῦν
1728 4040 1809 4100 πλέον

240 4135 347 4214 agebat,
363 4158 412 4196 nec
424 4150 513 4195 tamen
524 4136 634 4198 ludens
642 4137 804 4218 negligebat,
818 4153 848 4199 ut
862 4162 896 4202 ne
907 4142 982 4204 vide·
1037 4123 1064 4195 ἐν
1074 4137 1176 4202 sisois·
1187 4131 1257 4204 πλλν
1268 4131 1327 4192 σῦδέ
1339 4131 1444 4192 ἐκείνων
1454 4132 1602 4210 θμίλησενν
1612 4131 1655 4191 ἵνα
1667 4132 1705 4212 μθ
1714 4133 1808 4202 δν’ἱισσι

240 4241 333 4285 rentur
345 4226 426 4287 divisi
439 4249 503 4287 esse.
1035 4225 1192 4306 διασχίσθαι.
1646 4255 1650 4260 -

90 4350 93 4357 ·
163 4302 189 4390 „⁸2
204 4301 232 4392 2⁸
281 4321 311 4378 θ.
333 4318 370 4378 Et
387 4318 534 4396 quomodo,
550 4318 666 4397 inquies,
688 4319 764 4400 prius
783 4322 811 4381 in
830 4343 981 4405 synagogas
1075 4331 1130 4391 Καὶ
1141 4335 1197 4398 πῶς
1204 4377 1213 4405 ,
1229 4330 1308 4410 ρησλ,
1327 4330 1532 4410 προηγουμένως
1544 4335 1580 4398 εἰς
1593 4330 1641 4397 ele
1651 4332 1806 4414 συναγωγὰς

90 4423 123 4512 '⁷2⁸
136 4426 141 4450 ²
160 4413 183 4454 n»
196 4425 231 4454 ει·
240 4412 377 4472 intrabat?
388 4411 441 4472 Sed
453 4411 599 4491 gentilibus
611 4412 788 4492 persuadebat
797 4435 847 4495 per
859 4417 979 4495 Judaees,
1035 4422 1133 4502 είσῇεη
1147 4423 1216 4483 Ἀλλ’
1227 4422 1363 4496 Ἓλληνας
1374 4422 1462 4483 ἔπειθε
1480 4423 1523 4482 διδ
1543 4427 1595 4482 τῶν
1611 4423 1763 4499 Ἰουδαίων,
1777 4425 1805 4492 ἐξ

127 4503 131 4512 ’
238 4520 265 4566 et
281 4527 317 4565 ex
338 4505 372 4565 iis
392 4525 452 4583 qnae
470 4500 579 4575 Judae‘j-
589 4503 705 4566 dicehat.
716 4507 825 4567 Sciebat
840 4509 913 4569 enim
927 4511 1025 4602 boe²8²
1035 4504 1072 4572 ὧν
1086 4513 1221 4583 Ἰουδαίοις
1235 4512 1374 4593 διελέγετο.
1391 4513 1467 4600 ᾚδει
1487 4514 1530 4589 δὲ,
1541 4515 1582 4575 ὅτι
1594 4522 1670 4575 τοῦτο
1687 4516 1804 4593 μάλιστα

238 4597 385 4677 gentilibus
399 4596 434 4655 ad
444 4593 696 4656 fidemadducendis
708 4597 836 4658 idoneum
844 4603 979 4664 esseldeo
998 4621 1018 4666 Α
1035 4604 1134 4667 ἔθνεσιν
1148 4599 1181 4680 ἦν
1193 4608 1258 4688 πρὸς
1275 4607 1365 4668 πίστιν
1378 4606 1560 4687 προσαγωγόν.
1577 4608 1629 4667 dih
1651 4613 1729 4667 τοῦτο
1750 4609 1804 4667 ἔλε-

116 4739 153 4767 ,,,,,
176 4742 183 4772 ,
206 4763 211 4776 .
238 4691 344 4751 dicebat
360 4714 367 4747 ε
384 4694 421 4748 ln
432 4701 576 4770 quantum
585 4709 637 4769 ego
646 4710 711 4785 sum
722 4696 854 4771 gentium
865 4709 979 4775 aposto·
1034 4721 1090 4778 γεν,
1102 4697 1162 4780 Ἐφ’
1176 4698 1235 4761 ὅσον
1249 4700 1304 4779 εἰμὶ
1318 4699 1370 4778 ἐγὼ
1381 4702 1461 4759 ἐθνῶν
1473 4699 1626 4767 ἀπόστολος.
1643 4699 1695 4758 Καὶ
1709 4701 1737 4758 αἱ
1747 4701 1803 4757 ἐπι-

90 4801 97 4830 ι
120 4818 125 4830 ·
239 4786 294 4844 lus.
312 4783 494 4864 ΕρίσιοΙιεηιιο
502 4781 560 4861 ejus
570 4802 661 4842 omnes
671 4797 763 4843 eontra
776 4784 884 4848 ludens
895 4803 979 4848 ‹erta-
1033 4792 1126 4851 στολαὶ
1143 4791 1170 4852 δὲ
1185 4796 1262 4852 αὐτοῦ
1278 4793 1342 4871 πρὸς
1356 4792 1495 4861 Ἰουδαίους
1510 4790 1595 4852 πᾶσαί
1615 4795 1679 4851 εἰσιν
1700 4794 1805 4868 ἀπομα-

237 4898 296 4936 mffl
313 4876 468 4957 Pfaefefflm·
485 4875 562 4952 Qum
581 4875 740 4948 Christum,
754 4875 851 4955 lnquit,
866 4894 977 4958 oporte·
1033 4882 1153 4962 χόμεναι.
1163 4883 1228 4944 Ὅτι
1240 4884 1284 4943 τὸν
1297 4885 1420 4964 Χριστὸν,
1433 4885 1521 4965 φησὶν,
1533 4885 1585 4945 ἔδει
1598 4891 1701 4943 παθεῖν.
1711 4886 1746 4943 Et
1755 4909 1803 4942 πα·

235 4974 284 5029 lat
293 4974 365 5049 peti.
376 4968 406 5028 Si
420 4966 477 5048 pati
487 4966 636 5046 oportebat,
647 4983 744 5047 ergoet
758 4991 913 5050 resurgere,
925 4972 976 5033 hoc
1033 4980 1084 5037 θεῖν
1098 4978 1166 5052 ἔδει,
1181 4979 1285 5045 πάντως
1299 4979 1343 5038 καὶ
1359 4981 1520 5052 ἀναστῆναι·
1537 4982 1627 5058 πολλῷ
1640 4976 1690 5058 γὰρ
1705 4978 1803 5040 ἐκείνου

264 5192 274 5215 ε
292 5175 384 5228 ΑΙίἰίνὶ
396 5183 418 5228 ἐν
430 5173 544 5243 Ᾰνσιοχιίᾳ
558 5184 594 5230 ἔτι
608 5188 667 5232 πεῖσαι
681 5187 775 5246 συνήχθη
788 5188 801 5242 ἡ
814 5187 883 5243 ethre,
