3742 5970
642 443 803 494 Ertsnott
831 445 876 495 ΑΙ)
903 446 1097 495 notationes·
1574 424 1646 518 9⁹9

72 569 244 652 γονται,κα“ι
264 572 293 629 οῦ
316 571 525 650 τελεσφοροῦσιν.
549 568 620 629 Οὔτε
636 569 688 669 γὰρ
708 568 851 648 ἁμαρτίαις
903 590 971 648 puer
990 571 1141 647 frequenter
1154 567 1235 626 vetita
1251 569 1336 626 lacere
1349 568 1586 640 detrehendaturj
1602 591 1646 628 co·

74 648 170 728 καιρόν
190 672 250 708 τινα
274 648 403 727 δώσομεν,
415 648 475 708 οὔτε
491 653 530 728 τῷ
545 651 631 730 ἔχθρῷ
644 670 723 706 τοπον
746 651 772 706 ἔν
793 655 851 716 ταῖς
903 648 1057 725 gitationcm
1076 649 1174 706 avertit
1187 647 1222 705 ab
1234 646 1337 706 illicitis
1351 591 1440 725 relius,
1461 648 1646 730 reprehensio·

74 727 201 807 καρδίαις
216 727 508 808 annunciationem,
525 727 568 786 δεδι
582 733 630 799 τῆς
644 733 766 805 συνεχοῦς
781 728 849 801 μνή-
902 749 967 786 unm
980 727 1113 808 pudorem
1126 740 1246 786 metuens
1256 727 1321 762 m*

76 831 133 883 μης
147 807 246 867 ἔνεικον
261 806 365 887 ίχυντες
375 807 419 865 τὸν
433 807 511 866 Θεόν.
528 807 610 880 Καλή
627 803 747 886 προσοχθΙ
762 807 790 864 δὲ
804 811 851 878 τῆς

76 885 209 959 διανοίας,
224 887 270 945 καὶ
284 891 354 946 θεοῦ
367 885 405 964 μή
423 886 627 966 μετεωρίζεσθαι
640 885 761 963 ἐθισμὸς,
781 885 853 944 εὐκό-

76 968 131 1032 λως
146 963 177 1024 ἂν
192 965 236 1024 διὰ
252 970 299 1036 τῆς
313 968 391 1047 ὀρθῆς
406 969 511 1044 ἀγωγῆς
524 974 578 1033 τοῖς
593 964 717 1033 τοιούτοις
738 964 853 1031 παιδίοις

76 1049 89 1103 ἐ
129 1044 239 1123 ίγνοιτο,
250 1047 274 1102 εί
284 1044 358 1126 παρὰ
368 1049 420 1104 τῶν
435 1044 642 1105 ἐπιστατούντων
654 1046 770 1124 συνεχῶς
784 1047 849 1105 ἀνα-

76 1067 223 1205 ailwino,
236 1129 288 1185 ποῦ
301 1124 393 1205 ἔχουσι
406 1124 453 1196 τήν
471 1123 580 1198 ἔννοιαν,
597 1124 641 1184 καί
655 1123 682 1183 τί
696 1121 851 1204 στρέφουσιν

76 1207 107 1261 ἐν
131 1210 186 1268 τοῖς
210 1206 287 1282 λογισ
309 1213 355 1271 οῖς.
368 1202 474 1285 Τδγδιρ
492 1203 591 1267 ἁπλοῦν
610 1207 658 1274 τῆς
678 1202 784 1274 ἡλικίας
805 1205 850 1262 καί

78 1283 174 1342 ἄδολον
193 1284 238 1342 καὶ
251 1228 318 1364 apl<
335 1283 366 1342 τδ
385 1284 477 1384 φεῦδος
501 1283 681 1353 ἀνεπιτήδειον
704 1281 781 1360 ίζαγο
813 1281 851 1342 όει

78 1362 130 1438 μὲν
152 1359 266 1428 εὐκόλως
288 1361 322 1420 ele
340 1364 478 1442 ἀπορρητα
500 1365 548 1431 τῆς
568 1364 668 1442 ψυχῆς·
683 1360 750 1444 θπίρ
764 1306 810 1421 δέι
806 1367 850 1420 τοῦ
866 1379 885 1424 t)

78 1439 120 1515 μή
144 1445 261 1519 συνεχῶς
284 1440 566 1520 ίγκαταλαμόάνεσθαι
593 1450 646 1508 τοῖς
670 1440 852 1521 ἀπηγορευμέ·

77 1542 134 1586 νοις
151 1523 293 1586 ότοιοῦτος
309 1519 395 1600 φεόγει
420 1519 451 1578 δν
473 1518 522 1587 τίις
546 1525 598 1579 τῶν
620 1521 725 1580 ἀτόπων
740 1519 853 1592 ἐννοίας,

76 1597 300 1670 τήνέκτῶνίλ’
335 1601 409 1658 ωναί
447 1597 740 1679 όνηνφοῦοόγεενος“*
789 1668 792 1675 ¹

122 1676 175 1736 Καί
196 1667 268 1737 εἶπεν
281 1623 385 1744 imile
395 1624 579 1760 ‚lloialcopev
591 1679 727 1759 ἄνθρωπον
741 1682 799 1739 κατ’
814 1682 854 1738 εί-
946 1684 985 1740 Et
994 1684 1068 1741 dixit
1077 1684 1173 1742 Dens.-
1186 1683 1502 1742 Frteioonts'lemiuem
1513 1686 1554 1743 υιί
1565 1688 1648 1745 simi·
1661 1705 1718 1750 orn.
1731 1688 1798 1749 nio.

79 1755 148 1815 κόνα
162 1757 305 1835 ἡμετέραν,
314 1760 358 1818 τὸν
375 1756 427 1816 ἔσω
444 1757 580 1836 ἄνθρωπον
596 1757 689 1838 λέγων.
701 1759 770 1818 Ἀλλ’
786 1764 798 1818 ε’
816 1765 870 1826 εἰς*
906 1762 1060 1823 titudinem
1074 1775 1214 1832 nostruin,
1230 1762 1264 1820 de
1274 1762 1393 1820 interiori
1411 1763 1553 1823 liomiuelo
1573 1786 1646 1825 ricus.

80 1835 131 1894 σύ·
144 1838 173 1895 οθ
187 1833 259 1916 λέγει
273 1842 338 1913 ἡμῖν
352 1837 413 1915 περὶ
424 1839 572 1914 λογισμῶν·
586 1839 631 1898 τὸν
646 1839 781 1918 ἄνθρωπον
797 1784 853 1897 ἔτι
907 1844 939 1897 tlt
953 1839 1027 1899 dices
1040 1865 1045 1896 :
1059 1842 1118 1899 Non
1137 1840 1258 1919 loquitur
1270 1840 1305 1898 de
1324 1841 1529 1920 cogitationibus
1541 1786 1648 1903 :leomi-

78 1917 141 1972 κατ’
166 1915 254 1974 εἰκόνα
277 1919 362 1987 Θεοῦ,
389 1920 403 1974 ὁ
430 1915 457 1975 δὲ
476 1916 600 1994 λογισμός
626 1922 681 1984 πῶς
704 1919 853 1997 ἀνθρωπος;
905 1940 965 1977 nern
999 1919 1066 1979 dicit
1088 1920 1122 1980 ad
1145 1920 1289 2010 imaginem
1313 1921 1379 1994 llei3
1410 1920 1537 2000 cogitatio
1560 1938 1649 1983 atttcm

79 1991 174 2053 Ἄκουε
188 2000 233 2053 τοῦ
248 1995 395 2054 ἀποστολου
407 1995 541 2071 λέγοντος·
560 1998 593 2056 Et
611 2000 655 2055 καί
670 2001 684 2056 ό
707 1996 756 2064 ἔξω
776 2002 852 2071 ἡμῶν
905 1997 1039 2074 quomodo
1051 1998 1131 2057 liomo
1143 2000 1243 2058 suern?
1257 1997 1328 2057 eludi
1339 2000 1648 2079 apostolumdicentcrn:

79 2072 130 2132 ἀνθ
171 2098 219 2139 πος
242 2072 437 2153 διαφθείρεται,
459 2075 517 2133 ἀλλ’
544 2079 558 2133 θ
585 2074 636 2134 ἔσω
668 2079 855 2135 ἀνακαινοῦται
905 2076 986 2134 Lr‘ce't
1003 2081 1027 2136 is
1045 2079 1181 2157 qnisorr's
1197 2079 1340 2135 rothomo
1367 2093 1581 2160 corrumpatur,
1605 2095 1683 2142 tri-2.
1698 2096 1785 2158 Γυνή.

79 2097 172 2233 elpidi
186 2153 231 2212 καί
253 2152 351 2232 ήμίρφ.
363 2152 417 2211 Δύο
439 2153 531 2213 λοιπὸν
544 2154 662 2233 γνωρίζω
684 2152 853 2235 ἀνθρώπους,
906 2176 972 2212 rnen
984 2159 1011 2215 is
1023 2160 1075 2235 qui
1087 2161 1165 2215 intus
1178 2169 1220 2214 est
1232 2157 1319 2214 ltoruo
1337 2171 1495 2216 renovatur
1508 2160 1605 2218 dedic
1618 2165 1650 2220 ιἰι
1664 2161 1700 2207 ¹⁶·

82 2230 188 2291 ἔνατόν
209 2230 374 2310 φαινόμενον,
388 2230 433 2291 καί
455 2231 558 2292 ἔνατόν
583 2234 813 2311 θποκεκρυμμίνον
828 2238 855 2294 ἔν
906 2235 993 2292 diem.
1010 2235 1087 2293 Duos
1097 2234 1218 2293 homines
1228 2255 1354 2313 agnosco,
1371 2257 1455 2294 unum
1466 2259 1500 2317 ap
1520 2253 1649 2308 arentem.

81 2313 122 2390 τῷ
142 2309 302 2392 φαινομίνιρ.
325 2309 401 2371 'Eoo
423 2310 507 2370 τοίνυν
530 2310 625 2392 ἔρομεν
649 2311 794 2394 ἄνθρωπον,
809 2315 855 2373 καί
906 2325 932 2370 et
945 2333 1030 2370 unnim
1049 2312 1094 2391 qui
1115 2313 1142 2372 in
1156 2327 1302 2404 appmentc
1317 2314 1475 2373 occultatur.
1495 2259 1652 2378 deteriorem

82 2391 173 2448 διπλοῖ
184 2389 252 2458 τινές
266 2393 344 2467 ἔσμεν
357 2413 362 2424 ·
375 2389 421 2449 καί
441 2389 500 2449 τότε
513 2392 616 2463 ἀληθῶς
628 2389 748 2471 λέγομεν,
763 2392 803 2450 ότι
814 2392 855 2452 ἔν·
907 2412 970 2470 ergo
981 2391 1111 2454 habemus
1119 2393 1266 2468 lroimncin,
1279 2405 1308 2453 εί
1317 2393 1394 2472 quasi
1406 2393 1444 2452 dn
1465 2395 1530 2454 lices
1540 2417 1650 2456 snmus:

83 2471 128 2528 δον
145 2470 224 2546 ἐσμὲν
244 2469 391 2549 ἄνθρωποι,
406 2469 436 2528 εδ
457 2469 484 2530 δὲ
506 2467 554 2537 ἔξω
569 2471 648 2538 elno
662 2470 759 2531 τέλειον
774 2475 801 2531 ίν
816 2476 855 2553 τῷ
907 2483 933 2529 et
952 2484 1016 2530 tunc
1032 2484 1102 2530 recte
1118 2470 1253 2543 dicimus,
1273 2474 1328 2531 Nos
1350 2473 1421 2533 intus
1477 2473 1561 2535 mines
1586 2497 1652 2549 esse,

83 2550 228 2628 λογιστικῦι
244 2552 292 2619 τῆς
314 2550 402 2629 ψυχῆς
428 2545 540 2628 ἔχοντες.
553 2548 638 2608 Ὥστε
651 2550 682 2609 τὸ
706 2548 753 2627 μὲν
775 2555 855 2628 σῶμα
908 2549 974 2609 loris
989 2571 1052 2610 vero
1066 2550 1176 2611 minime
1189 2575 1196 2608 ε
1207 2571 1239 2609 eo
1253 2551 1326 2630 quod
1341 2551 1368 2611 in
1388 2551 1545 2614 rationabili
1564 2555 1653 2615 anima

81 2627 194 2707 ὄργανόν
224 2633 324 2699 στιτῆς
337 2635 383 2688 τοῦ
406 2626 544 2709 ἀνθρώπου
558 2632 659 2709 ψυχῆς·
675 2629 811 2729 ἄνθρωπος
827 2629 855 2691 δί
909 2628 938 2687 id
959 2627 1033 2706 qnod
1047 2629 1195 2710 perlectum
1210 2644 1250 2689 est
1265 2630 1420 2690 habeamus.
1442 2633 1536 2712 ltaque
1556 2656 1653 2716 corpus

83 2707 196 2789 κυρίως,
209 2708 240 2767 εδ
255 2711 314 2767 κατ’
330 2705 411 2777 αὐτήν
429 2705 478 2778 τήν
489 2708 587 2787 ψυχήν.
602 2707 656 2767 Καὶ
669 2707 716 2780 τὸ,
731 2707 856 2790 Appian-
872 2715 890 2762 E
908 2722 948 2767 est
962 2709 1169 2769 instrumentum
1183 2709 1280 2768 animm
1295 2710 1412 2770 hominis
1426 2733 1493 2792 :pro
1515 2712 1553 2770 rie
1564 2728 1653 2774 autern

83 2809 145 2860 σαν,
160 2787 246 2846 τοίνυν
260 2786 358 2869 toppo
373 2785 496 2885 σώματι,
516 2785 682 2868 ήλογισμῷς
697 2790 725 2846 ἐν
737 2790 810 2885 φυγῇ
826 2788 857 2849 τό
908 2788 990 2846 homo
1001 2801 1040 2847 est
1054 2787 1082 2847 id
1097 2787 1169 2867 quod
1180 2787 1215 2847 ad
1226 2788 1343 2847 animam
1353 2789 1478 2870 pertinet.
1494 2735 1579 2863 lltud,
1595 2797 1653 2852 ιἰιι-

85 2866 238 2946 appeten
262 2871 288 2927 ἔν
303 2863 397 2945 σαρκί,
419 2867 485 2924 Αλλ’
500 2869 527 2926 ἔν
541 2867 592 2925 τίνι
613 2867 643 2926 τὸ
664 2870 784 2948 ἀρχικον,
798 2867 815 2939 ἢ
830 2870 856 2927 ίν
906 2880 1018 2946 μεινεκε,
1031 2867 1171 2949 οοιγιοείειε
1184 2866 1260 2943 dicit,
1273 2881 1320 2927 aut
1340 2867 1499 2929 ratiocinio?
1513 2871 1654 2932 inanima·

84 2950 174 3024 τῇτοῦ
182 2949 309 3025 λογισμοῦ
320 2944 473 3028 περιουσίας
485 2944 564 3027 “Oro
573 2945 625 3027 γὰρ
637 2945 801 3026 λείπεταιτῇ
814 2949 858 3006 δυ·
910 2967 953 3022 nc,
977 2967 1012 3007 an
1032 2947 1061 3006 in
1075 2968 1185 3027 corpore
1199 2960 1237 3006 est
1252 2947 1417 3028 imperium?
1437 2947 1492 3008 Sed
1504 2949 1598 3029 inquo
1615 2965 1655 3013 est

83 3023 165 3102 νάμει
178 3032 224 3084 τοῦ
240 3024 362 3100 σώματος
374 3029 388 3084 ό
402 3024 552 3105 ἄνθρωπος,
562 3025 680 3107 τοσούτῳ
692 3025 859 3108 περίεστιεῇ
910 3025 1067 3116 imperium,
1089 3027 1140 3085 nisi
1155 3026 1183 3085 in
1195 3025 1329 3085 ratiocinii
1343 3029 1495 3107 potestate?
1515 3030 1654 3101 Quantum

84 3111 132 3164 τοῦ
152 3106 280 3183 λογισμοῦ
299 3109 460 3183 κατασκευῇ.
475 3105 557 3184 Οὐχὶ,
571 3104 724 3183 ποιήσωμεν
740 3109 799 3164 κατ’
822 3107 860 3166 εί·
910 3126 983 3166 enim
996 3104 1088 3165 delicit
1101 3106 1183 3166 homo
1194 3104 1293 3164 virtute
1305 3106 1434 3187 eorporis,
1449 3120 1554 3169 tantum
1568 3109 1662 3169 excel-¹

84 3181 152 3243 κόνα
171 3182 315 3264 ἡμετέραν,
340 3172 397 3242 εἶπε
409 3226 417 3253 ,
431 3182 477 3242 καί
499 3183 705 3261 θυμοῦσθωσαν·
720 3186 749 3244 σθ
763 3183 813 3266 γάρ
825 3185 859 3245 τό
910 3183 942 3243 Ιίί
961 3183 1095 3243 ratiocinii
1114 3185 1248 3244 facultate.
1269 3186 1330 3243 Non
1353 3185 1436 3256 dixit,
1456 3186 1597 3247 Faciamus
1618 3188 1655 3249 ad

85 3262 160 3335 πάθη
174 3261 238 3343 πρδς
251 3261 300 3333 τήν
320 3268 365 3320 τοῦ
377 3264 448 3320 Θεοῦ
472 3262 560 3321 είκόνα
579 3262 753 3345 παρελήφθη,
771 3266 830 3324 ἀλλ’
846 3270 860 3325 θ
911 3264 1056 3342 imaginem
1068 3278 1185 3324 nostram
1196 3277 1221 3322 et
1233 3264 1383 3323 irascantur
1394 3289 1401 3322 ι
1413 3268 1580 3343 nequeenim
1596 3289 1656 3348 pas·

85 3332 212 3422 λὀγισμὸς
225 3344 277 3401 τῶν
289 3343 380 3401 παθῶν
392 3341 529 3411 δεσπότης.
540 3341 635 3415 Ἐδόθη
648 3365 689 3403 σοι
701 3344 793 3424 ἄρχειν
806 3347 860 3404 τῶν
910 3342 997 3402 siones
1012 3343 1048 3401 atl
1067 3341 1116 3402 Dei
1131 3343 1276 3434 imaginem
1289 3357 1413 3404 assumta
1427 3358 1489 3404 sunt
1500 3369 1506 3402 :
1517 3346 1565 3406 sed
1586 3347 1656 3407 ratio

86 3421 202 3500 ἀλόγων,
216 3423 285 3481 ὥστε
295 3425 341 3479 τοῦ
352 3420 448 3499 ἀλόγου
461 3421 559 3486 πάθους
573 3430 694 3502 κρατεῖν·
712 3425 736 3483 εί
749 3414 793 3482 οῦν
807 3428 903 3484 τῶνιιι
912 3435 951 3480 est
958 3422 1112 3502 passionum
1121 3421 1239 3482 domina.
1253 3424 1357 3482 Datum
1366 3438 1405 3484 est
1414 3423 1464 3483 tibi
1473 3424 1617 3506 imperium
1627 3427 1656 3485 in

87 3501 188 3582 θηρίων
204 3501 310 3598 ἄρχεις,
325 3498 407 3559 διὰτί
423 3500 468 3559 καί
481 3505 533 3558 τῶν
551 3498 623 3560 ἔνδον
642 3501 739 3582 θηρίων
751 3505 798 3563 οὐκ
811 3503 860 3586 ἀρ-
877 3492 896 3539 l
913 3501 1003 3576 bruta,
1014 3515 1045 3561 nt
1054 3503 1140 3562 brutae
1151 3501 1268 3583 passioni
1282 3501 1412 3582 imperes:
1424 3507 1446 3562 si
1458 3505 1656 3616 crpolerisim-
1748 3551 1752 3559 .

86 3602 163 3660 χειςς
174 3582 197 3639 εί
209 3603 261 3638 των
275 3579 325 3648 ἔξω
339 3577 445 3658 ἄρχεις,
461 3579 505 3637 διὰ
519 3579 546 3638 τί
563 3578 595 3637 ed
611 3580 684 3639 ἔνδον
698 3581 861 3642 ἀῦασίλευτα
913 3601 999 3661 perus,
1009 3602 1057 3641 cnr
1065 3602 1116 3640 non
1122 3581 1236 3663 imperes
1244 3581 1497 3643 interioribusleris:
1511 3583 1534 3643 si
1542 3585 1655 3645 exterio·

87 3657 300 3737 καταλιμπάνεις
308 3654 426 3738 ,Ἄρχων
433 3658 519 3717 τοίνυν
528 3658 661 3731 ἔκτίαθης·
673 3659 710 3737 μή
721 3660 810 3738 μίντοι
819 3664 862 3722 λο-
913 3660 1120 3740 ribnsimperas,
1129 3682 1178 3718 eur
1186 3661 1323 3720 interiores
1331 3661 1656 3743 sincimperiorelinquis?

56 3792 60 3799 .
87 3737 200 3817 γισμοθς
210 3737 254 3819 ἔχε
267 3735 427 3818 μετεώρους,
441 3737 508 3815 μηδὲ
524 3743 618 3836 κοῦφος
632 3737 676 3798 ίσο
690 3738 737 3798 καί
750 3741 862 3809 ἀστατος
914 3740 1042 3829 Princeps
1061 3741 1145 3818 igitur
1156 3753 1260 3815 creatus
1270 3761 1298 3798 es
1311 3764 1316 3797 :
1329 3762 1362 3798 nc
1379 3763 1442 3819 ergo
1456 3741 1537 3799 elatas
1558 3743 1657 3801 habeas

88 3823 124 3888 τῆ
136 3818 246 3896 διανοίᾳ.
252 3817 363 3877 Ἄτοπον
373 3816 435 3898 γὰρ,
448 3821 470 3876 εἰ
477 3816 511 3875 et
520 3841 660 3895 πετωμενα
668 3816 716 3895 μίν
723 3817 772 3887 ίξω
779 3843 862 3879 κατα·
914 3819 1097 3897 cogitationes,
1117 3839 1202 3895 neque
1215 3818 1285 3878 levis
1301 3831 1327 3877 et
1341 3819 1493 3878 inconstans
1507 3834 1595 3879 mente
1608 3822 1655 3879 sis.

88 3884 211 3969 ῦάλλεις,
222 3898 331 3956 σεαυτὸν
349 3896 377 3956 δέ
385 3895 487 3976 κούφως
496 3896 565 3956 olleo
581 3898 626 3956 καί
638 3895 862 3978 μετεώρωςθπερ-
914 3897 944 3955 Si
957 3918 986 3955 ea
998 3918 1058 3974 quae
1073 3897 1191 3955 exterius
1204 3897 1296 3956 volant
1306 3896 1413 3972 de‘icis,
1429 3898 1546 3977 teipsum
1558 3900 1605 3978 qui
1619 3900 1656 3958 ita

88 3975 230 4056 αιρόμενον
244 3977 281 4052 μή
296 3976 519 4035 καταῦάλλεσθαι.
535 3976 581 4050 Μή
595 3969 639 4036 οῦν
650 3981 770 4056 τυφωθῇς
786 3980 864 4058 θπερ-
913 3976 1010 4034 leviter
1026 3988 1052 4034 te
1064 3976 1172 4034 extollis
1184 3975 1298 4055 dejicere
1307 3918 1397 4034 deles.
1421 3979 1461 4036 Ne
1474 3976 1564 4055 itaque
1581 3979 1657 4037 inlla·

89 4056 181 4133 αρθείς
192 4055 258 4134 θπίρ
272 4058 286 4116 ὃ
299 4048 335 4124 εί,
346 4056 391 4115 καί
401 4054 483 4133 μείζω
499 4057 630 4137 φρονήσῃς
641 4062 688 4129 τῆς
699 4056 863 4154 ἀνθρωπίνης
915 4068 959 4114 tns
968 4076 1049 4134 supra
1065 4054 1092 4113 id
1106 4054 1179 4132 quod
1190 4076 1218 4113 es
1231 4068 1257 4113 te
1267 4054 1391 4128 extollas,
1407 4076 1440 4114 ne
1451 4057 1562 4136 majora,
1575 4079 1656 4136 qrram

90 4134 285 4214 φόσεως·μηδί
296 4134 482 4212 ἐπαινούμενος
491 4141 636 4215 φυσιωθῇς,
646 4133 712 4214 μηδί
724 4134 799 4202 δοξαν
807 4138 865 4195 ἔπι·
915 4147 1011 4193 natura
1025 4134 1144 4192 humana
1159 4134 1237 4207 serat,
1254 4134 1352 4214 sapias,
1371 4155 1456 4213 neque
1470 4134 1596 4195 laudatus
1617 4137 1659 4196 in·

91 4215 181 4286 ζήτει,
196 4214 263 4290 μηδὲ
276 4213 345 4292 μέγα
360 4238 386 4273 τι
400 4213 509 4273 σεαυτὸν
525 4206 591 4274 elom
605 4215 731 4293 νομίσῃς·
745 4213 802 4274 ἐπεὶ
816 4215 863 4289 ἴση
916 4213 997 4286 llrris,
1021 4234 1107 4292 neque
1123 4213 1237 4293 gloriam
1248 4234 1369 4292 quaras,
1390 4235 1475 4293 neque
1488 4235 1616 4295 magnum
1635 4230 1661 4275 te

89 4298 129 4358 ιἰις
149 4293 247 4362 πτηνὸν
264 4294 433 4371 ἀστήρικτον.
452 4284 503 4351 ὧδε
527 4298 634 4354 κάκεῖσε
651 4280 863 4376 περιφερόμενον.
916 4291 1057 4430 φυίιίρίσῐη
1078 4313 1135 4352 esse
1154 4306 1231 4372 putes
1253 4292 1342 4369 :qnia
1363 4293 1415 4352 cris
1438 4294 1508 4354 sicut
1526 4295 1585 4354 avis
1607 4316 1660 4354 non

90 4372 173 4450 Ἄργε
185 4375 238 4430 τῶν
252 4376 279 4431 ἐν
292 4373 335 4430 σοὶ
346 4375 490 4449 λογισμῶν,
501 4372 545 4430 ἵνα
558 4374 622 4453 γένη
636 4373 742 4432 πάντων
763 4372 863 4452 κύριος·
937 4392 1004 4448 rina,
1029 4370 1094 4430 hine
1122 4385 1148 4431 et
1165 4370 1353 4452 indejectam.
1386 4373 1494 4453 Impera
1518 4375 1660 4454 cogitatio·

90 4449 175 4528 ἡγὰρ
191 4451 316 4526 δεδομένη
330 4458 394 4528 ἡμῖν
408 4451 478 4531 ἀρχή
491 4454 543 4509 τῶν
559 4451 633 4521 ζώων
648 4453 780 4530 ῥυθμίζειν
792 4456 866 4528 ἡμᾶς
916 4451 997 4509 nibus
1018 4450 1082 4523 tuis,
1104 4465 1134 4510 ut
1153 4450 1191 4510 sis
1210 4452 1333 4510 omnium
1350 4450 1476 4512 dominus
1499 4477 1505 4512 :
1526 4475 1589 4512 narn
1610 4455 1661 4513 im·

90 4529 191 4609 ὀφείλει
211 4530 276 4609 πρὸς
290 4531 320 4590 τδ
340 4528 448 4598 ἑαυτοὺς
465 4534 537 4609 ἡμᾶς
553 4531 654 4612 ἄρχειν.
667 4529 777 4635 Ὥσπερ
789 4530 863 4592 οὐδόν
916 4530 1023 4610 perium
1046 4529 1124 4589 nohis
1145 4530 1173 4590 in
1197 4531 1324 4589 animalia
1345 4532 1441 4590 elatum
1466 4553 1515 4592 nos
1537 4534 1573 4592 ita
1598 4554 1661 4593 con·

88 4610 184 4688 ὄφελος
194 4609 291 4683 οἰκίας,
305 4611 334 4669 ol
347 4608 464 4682 πόλεως,
478 4613 507 4668 οὐ
522 4613 616 4689 θυρῶν,
637 4609 683 4670 ἐὰν
705 4609 742 4688 μή
757 4634 821 4671 ωσιν
839 4615 864 4671 ol
917 4609 1025 4668 cinnare
1042 4608 1131 4683 debet,
1151 4622 1180 4668 ut
1198 4609 1293 4669 nobisi
1314 4610 1351 4669 sis
1369 4611 1539 4690 imperemus.
1560 4610 1663 4682 Quem·

90 4687 286 4769 φυλάσσοντες,
298 4688 343 4747 καί
363 4687 460 4755 εἰδότες
480 4687 544 4748 πότε
562 4690 610 4767 μὲν
624 4688 730 4764 κλείειν,
750 4691 816 4750 πότε
836 4689 864 4749 dl
918 4687 1065 4748 admodum
1079 4689 1149 4748 nibil
1167 4702 1279 4769 prosunt
1293 4632 1401 4762 domus,
1415 4690 1487 4764 urbs,
1507 4690 1587 4766 ostia,
1610 4690 1663 4750 nisi

91 4766 226 4844 ἀνοίγειν·
241 4767 323 4834 σίτοις
340 4767 399 4828 οὐδὲ
424 4772 533 4847 μοναγῷ
546 4771 599 4826 τῶν
619 4768 707 4827 ἀλλων
728 4774 864 4848 κατορθω
918 4767 1008 4826 adsint
1021 4766 1066 4845 qni
1082 4766 1130 4826 illa
1144 4767 1304 4842 custodiant,
1325 4780 1351 4825 et
1364 4768 1449 4826 sciant
1463 4767 1572 4846 quando
1586 4771 1663 4828 clan-

91 4845 187 4927 μάτων
197 4845 301 4927 ὄφελος,
317 4846 347 4904 ἀν
360 4846 398 4924 μή
413 4836 570 4925 λογισμδςῇ
591 4848 706 4929 θυρωρός
718 4853 771 4908 τῶν
786 4850 864 4908 aoros
917 4845 990 4921 dere,
1005 4846 1113 4924 qnando
1126 4846 1230 4926 aperire
1240 4858 1375 4925 oporteat:
1386 4846 1425 4905 sie
1436 4867 1521 4924 neque
1531 4849 1664 4908 monacho

91 4923 348 5001 θουλευμιῖτοιν,τήν
363 4928 462 4984 κλεῖσιν
476 4927 521 4985 καί
529 4925 577 4999 τήν
589 4926 685 4994 ἄνοιξιν
694 4930 742 4997 τῆς
755 4927 865 5008 καρδίας
919 4939 1031 5006 prosunt
1039 4927 1091 4984 alia
1100 4926 1170 4984 bona
1179 4923 1329 5005 opera,nisi
1339 4924 1508 4985 voluntatum
1517 4927 1575 4985 e’us
1584 4928 1665 4987 ostia-

91 4984 164 5085 }aeelr
177 5004 314 5084 όκριόείας
324 5005 370 5065 καί
382 5008 483 5077 πολλῆς
497 5006 646 5083 ἐπιστήμης
669 5006 864 5086 ἐπιτετραμμέ-
884 5022 901 5067 tt
920 5005 959 5063 ria
975 5006 1009 5063 sit
1026 5005 1103 5080 ratio,
1113 5005 1156 5063 cui
1167 5003 1339 5063 commissum
1349 5018 1388 5062 est
1402 5018 1431 5063 nt
1442 5025 1489 5064 eor
1499 4947 1543 5065 vel
1555 5006 1664 5070 claudat

131 5212 143 5249 ¹¹
163 5209 253 5272 [Sati.
268 5211 337 5275 elren]
