3728 5978
434 462 468 508 ιιι
494 463 583 513 nera
611 461 870 512 arosronouuu.
898 461 1017 510 ιιοιιιι..
1045 462 1144 512 xxxi.
1488 437 1557 536 267

112 584 263 648 ῑιδπσλλῶν
274 586 391 670 θλίψεων
403 589 656 666 &inperatoriam
667 586 761 660 ster-is
816 605 880 646 mas
895 584 1114 667 discipulorum,
1124 585 1373 667 exhortantesque
1392 597 1424 646 ut
1445 605 1558 667 perma-

112 684 179 741 υτῶ
190 682 276 744 θοοῦ.
817 689 918 736 nerent
931 680 964 736 ira
973 677 1047 758 fide,
1063 689 1092 736 et
1104 677 1186 758 quod
1196 697 1250 758 per
1260 678 1369 759 multas
1391 679 1558 739 tribulatio·

815 789 866 829 nes
877 782 989 850 oportet
1001 789 1054 830 nos
1064 773 1177 829 intrare
1185 773 1217 828 in
1230 791 1351 852 regnum
1358 773 1425 831 Dei.

112 863 244 947 θετον,
265 870 346 927 τῶτο
363 866 500 928 tagam,
520 864 761 947 ’Emmpitomp
853 863 882 920 2.
896 859 956 921 Hoc
966 858 1102 937 dicebant,
1111 860 1164 920 boc
1176 862 1559 946 monstrabantconfirman-

112 957 298 1040 ςψυχδςτῶν
311 963 447 1039 μαθητῶν.
477 958 563 1019 Ὥστε
577 958 761 1042 ἐστηριγμίνοι
815 951 973 1033 tes,inquit,
987 956 1104 1014 animas
1112 953 1333 1034 discipulorum.
1348 953 1442 1032 itaque
1459 954 1560 1014 confir·

112 1052 188 1111 Ιλλον
199 1048 230 1109 δέ
241 1051 436 1132 προσετίθεντο.
449 1050 601 1134 Προυλιγοι
612 1049 708 1122 τοίνυν,
717 1049 761 1110 ίνα
817 1046 883 1106 mati
891 1059 965 1126 sunt,
980 1047 1035 1107 imo
1049 1061 1112 1108 stunt
1125 1047 1250 1129 appositi.
1273 1046 1461 1126 praedicabant
1473 1069 1538 1129 ergo
1548 1095 1558 1126 ,

112 1144 279 1203 διιλισθῶσιν.
301 1142 409 1223 Ὥσπερ
423 1142 544 1216 ἐπίτηδες
555 1142 583 1203 δέ
594 1142 624 1202 τδ
637 1141 702 1201 αύτδ
716 1141 761 1222 γί-
817 1159 851 1198 ne
861 1138 889 1199 in
904 1139 1099 1201 offendiculum
1108 1139 1244 1201 caderent.
1262 1139 1300 1199 Et
1320 1141 1399 1220 quasi
1420 1141 1456 1201 de
1478 1140 1560 1201 indu-

122 1232 234 1295 teres
243 1233 399 1295 ἀποστόλων
413 1232 503 1314 μόνον,
513 1233 583 1295 ἀλλὰ
593 1234 639 1294 καὶ
654 1233 698 1293 διὰ
707 1236 760 1293 τῶν
815 1230 882 1291 stria
892 1231 944 1292 hoc
956 1230 999 1309 fit,
1018 1253 1071 1292 non
1083 1226 1188 1293 tantum
1199 1253 1248 1314 per
1260 1232 1404 1312 apostolos,
1417 1232 1464 1292 sed
1478 1234 1560 1294 etiam

112 1325 187 1386 etse
209 1325 331 1405 μάθωσιν
350 1327 382 1386 ίκ
394 1325 542 1410 προοιμίων
552 1327 647 1394 εὐθέως
657 1325 704 1385 καὶ
714 1329 760 1385 τοῦ
816 1344 866 1404 per
877 1323 1083 1406 discipulos5ut
1095 1324 1201 1387 disiant
1214 1324 1349 1386 statimab
1362 1324 1438 1385 initio
1451 1339 1478 1385 et
1489 1347 1560 1407 prae-

112 1440 154 1488 τος
164 1417 217 1493 τὴν
232 1417 354 1496 δύναμιν,
369 1418 415 1479 καὶ
428 1418 469 1479 ὅτι
482 1416 529 1479 καί
542 1417 636 1486 αὐτούς
649 1419 689 1477 διῑ
705 1440 761 1477 τοι·
815 1416 959 1478 dicationis
971 1418 1041 1498 vim,
1056 1432 1083 1479 et
1097 1419 1169 1500 ipsos
1179 1418 1260 1479 etiam
1275 1431 1398 1499 oportere
1411 1419 1475 1501 taiia
1487 1419 1558 1500 ρούς

112 1532 207 1593 σχειν,
230 1509 278 1570 καὶ
298 1509 342 1569 ἵνα
361 1507 487 1591 γενναίως
512 1514 609 1584 στῶσι,
629 1507 761 1589 μὴμόνον
816 1510 1010 1589 utqueiortiter
1017 1524 1097 1589 ment,
1112 1533 1165 1571 non
1174 1509 1256 1570 modo
1266 1507 1302 1570 ad
1320 1510 1397 1590 signa
1416 1510 1559 1588 inhiantes

112 1611 209 1683 σημεῖα
222 1601 384 1683 κεχηνότες,
397 1602 466 1664 ἀλλὰ
479 1604 570 1684 πολλῷ
584 1604 685 1682 μᾶλλον
695 1601 761 1682 πρδς
777 1622 797 1669 1)
816 1601 865 1662 sed
877 1602 1058 1682 multomagis
1065 1603 1102 1662 ad
1114 1603 1283 1663 tentationes.
1302 1601 1369 1663 Ideo
1379 1617 1405 1663 et
1419 1603 1477 1684 ipse
1486 1602 1559 1663 dice·

112 1693 238 1775 poepoie.
262 1693 316 1754 Διδ
336 1700 413 1755 τοῦτο
432 1693 479 1754 καὶ
497 1694 574 1762 αθτδς
595 1693 686 1772 ἔλεγε·
705 1692 760 1753 Τὸν
815 1694 973 1754 bataldem
990 1708 1139 1754 certamen
1152 1696 1303 1765 habentes,
1324 1696 1414 1775 quale
1427 1709 1456 1755 et
1479 1699 1672 1779 uidi-Paiapp.
1687 1730 1708 1763 ι.

112 1789 169 1847 ἴδια
183 1785 306 1868 ἔχοντες,
327 1777 380 1848 οἷον
393 1787 477 1846 είδετι
502 1788 530 1845 έν
544 1785 604 1864 ἐμοὶ
618 1786 665 1846 καὶ
678 1784 761 1858 ἠκού-
815 1791 869 1846 stis
880 1789 970 1846 inme
983 1799 1012 1847 et
1022 1788 1193 1848 exaudistis.
1204 1786 1424 1865 Persequutiones
1436 1777 1609 1867 hequen-³⁰·

112 1878 196 1960 ιερμοδ
209 1875 514 1958 διωγμοδςδιιδέχοντο·
527 1882 664 1958 πανταχοῦ
678 1877 761 1938 πόλι-
816 1890 856 1938 tes
877 1892 953 1938 erant
976 1903 984 1937 a
1010 1879 1113 1958 ubique
1130 1877 1212 1954 bella,
1227 1898 1344 1958 pugnae,
1368 1878 1556 1960 lapidationes.

112 1992 168 2051 χει,
181 1969 338 2031 λιθοόσλίαι.
359 1968 431 2030 Ποία
448 1970 587 2052 προτροπί
598 1995 606 2043 ;
618 1974 675 2039 πῶς
687 1969 759 2030 ἔπει·
816 1971 912 2044 Qualis
920 1970 1074 2032 adhortatio
1088 1972 1102 2031 Ρ
1116 1970 1252 2051 quomodo
1271 1970 1477 2051 persuadebant,
1492 1973 1560 2034 dum

112 2061 246 2144 φροιμίοις
264 2061 365 2144 θλίψεις
384 2062 520 2142 λέγοντεςς
544 2053 613 2123 Εἶτα
631 2063 678 2123 καί
691 2063 759 2138 ἄλλη
815 2063 844 2124 in
859 2064 994 2149 principio
1018 2065 1208 2125 tribulationes
1238 2062 1382 2124 dicerent?
1407 2065 1511 2126 Deinde
1533 2081 1559 2129 et

112 2155 149 2219 ίι
170 2156 413 2237 Χειρστονείσανεες
426 2155 454 2218 δέ
471 2157 557 2224 αὐτοῖς
568 2156 761 2239 πρεσὸυτέρσις
814 2156 869 2216 alia
880 2157 1026 2219 consolatio
1035 2162 1098 2219 τλῆ.
1110 2161 1152 2218 Et
1164 2177 1229 2217 eum
1243 2157 1429 2216 ordinassent
1438 2159 1500 2218 iliis
1506 2182 1560 2241 per

112 2246 236 2321 ιλησίσν,
249 2247 457 2331 προσευξάμενοι
470 2246 538 2326 μετὰ
552 2253 689 2322 νηστειῶν,
704 2272 760 2308 πα·
813 2252 948 2333 singulas
972 2252 1124 2311 Ecclesiae
1148 2252 1345 2331 presbyteres,
1371 2261 1401 2309 et
1425 2267 1559 2314 orassent

112 2339 209 2409 aest<
230 2345 269 2423 τῷ
289 2340 397 2422 Κυρίῳ,
423 2344 460 2408 είς
480 2341 509 2401 δν
529 2342 759 2402 πεπιστεύκεισαν.
813 2365 879 2405 eum
890 2348 1025 2429 jejuniis,
1044 2344 1323 2404 commendaverunt
1336 2362 1385 2403 eos
1398 2345 1555 2418 Domino,

112 2431 227 2513 μόνοι-ιι
237 2431 360 2506 Παύλου,
369 2431 592 2513 Προσευξᾶμενοι,
603 2433 677 2514 φησί,
691 2433 760 2512 μετὰ
812 2441 845 2496 in
855 2458 941 2519 quem
955 2438 1152 2498 credideritne.
1168 2433 1301 2497 Vidistin'
1311 2433 1444 2496 servorem
1453 2437 1558 2497 Pauli?

123 2523 273 2607 παρέθεντο
291 2522 385 2592 aaut<
406 2527 445 2605 τῷ
460 2523 559 2607 Κυρίῳ.
584 2524 675 2606 Ὅρα,
691 2525 760 2604 μετὰ
814 2530 889 2589 Cum
903 2541 1044 2602 orassent,
1061 2527 1160 2607 inquit,
1178 2547 1245 2586 cum
1263 2530 1396 2609 jejuniis,
1412 2549 1557 2589 commen·

121 2613 333 2697 αίχειρυτονίαι.
344 2614 563 2691 Πόλιννηστεία,
574 2616 606 2676 τὸ
616 2617 759 2700 καθάρσιον
776 2635 796 2683 Ε
814 2623 959 2683 ιίανοηιιιι
973 2643 1023 2683 ees
1035 2623 1176 2685 Domino.
1199 2620 1284 2699 Vide,
1299 2641 1361 2680 cum
1371 2621 1483 2702 jejuniis
1507 2644 1557 2683 or·

112 2708 186 2791 τίριιτν
199 2711 306 2790 ψυχῶν.
333 2708 387 2769 Καί
400 2707 545 2776 διελθόντες
559 2708 607 2782 τὴν
623 2710 758 2788 Πισιδίαν,
813 2713 974 2780 dinationes.
1001 2717 1106 2775 Rursus
1126 2712 1272 2795 jejunium,
1298 2714 1424 2794 purgatio
1453 2716 1557 2776 anima-

112 2799 310 2882 ςΠαμςνυλίαν·
330 2799 376 2860 καὶ
386 2799 550 2872 λαλήσαντες
564 2790 590 2861 έν
606 2802 699 2886 Πέργῃ
713 2804 758 2864 τόν
815 2826 876 2864 rum
896 2819 1057 2866 nostrarum.
1071 2808 1120 2866 95.
1132 2806 1387 2886 ‘Transeuntesque
1396 2807 1554 2887 Pisidiam,

112 2892 267 2967 στένε-οσον
287 2896 324 2961 εἷς
342 2891 504 2954 Ἀττάλειαν.
522 2891 583 2954 Ἵνα
592 2894 645 2978 sip
660 2896 697 2976 μὴ
712 2922 759 2958 κτι-
814 2908 957 2958 remanat
980 2901 1014 2956 in
1028 2894 1243 2978 Pamphyliam
1253 2919 1266 2966 ;
1286 2896 1335 2956 at.
1353 2908 1383 2956 et
1403 2897 1555 2979 loquentes

112 2982 160 3044 'eh
177 2983 339 3066 φρονήματα
351 2989 404 3045 τῶν
419 2989 555 3064 μαθητῶν,
567 2985 608 3046 ὅτι
621 2990 646 3048 oi
656 2990 760 3068 νομιζύ-
813 2995 937 3051 verbum
962 2994 996 3050 in
1019 2993 1133 3072 Perge,
1166 2990 1377 3049 descenderunt
1403 2993 1436 3049 in
1456 2991 1552 3052 Atta-

112 3076 249 3138 δτοισιῦτα
269 3077 428 3158 πιίσχσυσιν,
440 3081 560 3151 εἰσῆλθον
574 3079 639 3159 πρδς
653 3080 757 3157 αύτούς,
813 3083 895 3142 liam
911 3082 982 3143 Nam
1002 3102 1036 3142 ne
1053 3080 1251 3162 discipulorum
1268 3080 1353 3141 animi
1367 3082 1551 3166 conciderent,

112 3170 230 3251 χθησιιν.
251 3169 304 3231 Καὶ
317 3170 380 3250 ύριι·
394 3175 500 3252 πρῶτον
513 3174 550 3239 είς
564 3172 669 3254 Δέρύην
684 3174 757 3257 ἐξὲρ-
812 3174 888 3256 quod
901 3173 962 3252 illi,
976 3172 1025 3255 qui
1045 3173 1086 3233 dii
1099 3172 1248 3232 existimati
1270 3173 1399 3253 fuerant,
1417 3177 1481 3237 talia
1501 3200 1554 3260 pa-

112 3261 171 3331 δσδς
187 3265 279 3330 αιἰτοῑς
296 3267 458 3324 ἀναπνεῦσαι
468 3269 515 3324 τοῦ
530 3269 625 3343 θυμοῦ,
643 3266 688 3326 καὶ
698 3267 758 3328 τότε
811 3282 951 3346 serentur,
974 3266 1088 3348 ingressi
1113 3279 1176 3326 sunt
1201 3264 1238 3324 ad
1260 3265 1345 3345 illos,
1369 3281 1396 3328 et
1420 3269 1555 3349 alloquuti

112 3353 263 3436 ςΛύστρον
275 3355 322 3414 καὶ
333 3355 442 3415 Ἰκόνιον
455 3355 501 3415 καὶ
514 3356 687 3438 Ἀντιόχειαν,
708 3365 758 3419 θυ-
809 3376 874 3422 sunt
886 3382 941 3421 eos.
955 3360 993 3421 Et
1012 3359 1093 3436 ride3
1110 3359 1187 3441 prius
1210 3359 1239 3417 in
1266 3360 1373 3420 Derben
1398 3360 1464 3438 exit,
1481 3361 1551 3423 dans

112 3472 123 3518 ς
142 3447 193 3527 μέν
213 3451 301 3515 αὐτοῖς
321 3447 414 3523 είκων,
433 3449 614 3528 πεπαυμένοις
628 3449 656 3510 δέ
671 3455 758 3512 ἐπιτι-
812 3453 867 3514 illis
888 3451 1039 3534 respirandi
1063 3452 1181 3511 loeuma
1197 3449 1305 3529 rurore,
1328 3465 1353 3511 et
1375 3465 1440 3512 tunc
1459 3474 1553 3515 rursus

119 3539 225 3624 Ὁρᾷς,
238 3539 281 3602 ὅτι
302 3543 331 3601 ὠ
345 3541 433 3600 πάντα
446 3540 555 3622 χάριτι,
571 3542 639 3603 ἀλλὰ
654 3544 700 3604 καί
713 3548 753 3606 οἰ·
765 3598 802 3639 243
811 3546 886 3607 venit
907 3547 1053 3627 Lystram,
1073 3543 1197 3603 Iconium
1216 3557 1242 3620 et
1256 3544 1445 3605 Antiochiam:
1461 3547 1554 3607 suren·
1615 3600 1617 3606 .

112 3633 176 3713 αιδῇ
200 3631 353 3714 ’διῴκουνς
376 3634 505 3693 Κάκεῖθεν
529 3632 698 3695 ἀπέπλευσαν
719 3641 756 3707 είς
773 3653 793 3700 a
813 3638 884 3699 tibus
909 3637 967 3698 illis
985 3636 1102 3713 cedens,
1128 3635 1235 3696 sedatos
1258 3657 1323 3697 vero
1349 3637 1452 3698 adiens.
1467 3640 1554 3701 Vides

112 3748 159 3796 ιν,
175 3724 236 3784 ὅθεν
257 3715 326 3796 ἦσαν
338 3724 547 3806 παραδεδομένοι
560 3729 594 3806 τῇ
605 3725 697 3808 χάριτι
709 3737 756 3790 τοῦ
811 3752 855 3791 eos
869 3729 1023 3792 nonomnia
1042 3728 1237 3810 pergratiam,
1264 3727 1409 3789 sedetiam
1429 3753 1478 3812 per
1490 3754 1555 3814 prc-

112 3816 242 3898 ιδέργον,
256 3816 271 3877 δ
285 3816 453 3897 ἐπλήρωσαν.
468 3816 520 3876 hdr
533 3817 560 3876 τί
574 3818 654 3878 πάλιν
665 3819 755 3901 έρχον-
810 3823 900 3904 prium
918 3822 1040 3883 studium
1056 3820 1266 3880 administrasse.
1285 3824 1335 3884 25.
1353 3825 1396 3882 Et
1415 3825 1485 3882 inde
1499 3846 1553 3884 na·

112 3907 332 3990 ισιόχεισνςἾνα
340 3909 523 3988 ἀπαγγείλωσι
536 3908 571 3970 εδ
584 3913 754 3991 ἐκεῐγενόρε-
812 3921 983 3997 rigaverunt
1010 3913 1216 3986 Antiochiam,
1239 3915 1317 3973 ande
1344 3928 1428 3974 erant
1451 3919 1555 3977 traditi

112 3999 165 4069 est
175 4000 224 4061 καί
234 4004 410 4080 οἰκονομεῖται
423 4000 491 4081 μέγα
502 4011 615 4082 πρᾶγμα
626 4008 753 4066 ἐντεῦθεν·
808 4013 913 4092 gratioe
926 4011 1041 4086 Dedin
1063 4027 1136 4087 opus
1149 4006 1230 4088 quod
1246 4007 1472 4086 compleverunt.
1497 4010 1554 4070 Cur

112 4092 204 4153 λοιπὸν
217 4092 499 4174 μιτδιπαρρησίαςτοῖς
509 4094 594 4155 ἔθνεσι
605 4095 752 4176 κηρύττειν.
809 4123 902 4161 narsus
924 4099 1097 4161 Antiochiam
1114 4095 1257 4160 veniunt?
1271 4102 1310 4162 Ut
1337 4101 1496 4163 annuntient
1522 4125 1552 4164 ea

112 4175 269 4247 ιωύνταῦτα
277 4184 495 4265 ἀπαγγέλλοντες,
504 4184 548 4246 ἵνα
556 4187 651 4247 εἰδέναι
661 4189 753 4271 ἔχωσι.
808 4215 868 4274 quae
885 4192 944 4253 illie
968 4190 1124 4254 factasunt.
1145 4191 1274 4271 Alioquin
1294 4214 1358 4253 vero
1370 4192 1435 4254 hinc
1455 4217 1553 4277 magna

112 4287 227 4358 νομιῑται
243 4276 302 4336 τότε
320 4280 455 4338 κατελθεῖν
466 4277 527 4345 τοὺς
537 4278 687 4351 κωλύοντας
698 4293 753 4353 τοῖς
807 4308 850 4347 res
870 4284 1077 4346 administratur
1093 4310 1100 4344 τ
1122 4285 1262 4368 oportebat
1278 4285 1351 4345 enim
1360 4286 1419 4368 jam
1440 4309 1503 4347 cunr
1519 4289 1554 4349 si«

112 4372 192 4430 ιιλιῖν
204 4414 213 4439 ,
225 4366 269 4428 iva
279 4369 371 4430 λοιπὸν
383 4370 435 4430 uini
448 4369 638 4453 Ἱεροσολύμων
649 4375 751 4450 πολλὴν
806 4379 886 4440 dueia
897 4379 1045 4462 predicare
1057 4379 1191 4461 gentibus.
1202 4378 1323 4439 Veniunt
1339 4400 1403 4460 ergo
1413 4380 1472 4441 lraec
1483 4403 1553 4442 nun·

118 4460 230 4535 ύδιιαν,
247 4459 316 4537 μιτδι
331 4460 483 4542 παρρησίας
500 4461 622 4525 ἀπίωσιν.
643 4462 682 4526 Ἢ
704 4467 751 4528 καί
806 4473 908 4551 tiaturi,
920 4487 952 4533 ut
971 4471 1040 4532 scire
1048 4471 1161 4554 possint.
1182 4470 1219 4531 Et
1236 4470 1419 4552 providetur,
1435 4487 1465 4533 ut
1488 4489 1553 4536 tuno

112 4549 221 4612 ¹⁶⁰th
235 4553 323 4611 αὐτῶν
335 4552 366 4612 τί)
374 4545 437 4625 ἦθος
447 4556 493 4614 οὒκ
504 4555 621 4623 αὔθαδες.
633 4555 750 4639 Ἔρχου·
768 4576 786 4624 Β
806 4566 914 4627 veniant
935 4565 956 4625 ii
979 4565 1026 4645 qui
1048 4563 1229 4647 prohibebant
1255 4586 1318 4624 cum
1343 4567 1468 4645 gentibus
1487 4591 1550 4629 ver-

112 4642 356 4725 θίντιπαῤῥησίαν
369 4645 573 4724 dimitriatam,
588 4647 750 4732 ὅτῑκαίχῡ»
804 4659 874 4737 οεεί,
903 4671 935 4717 ut
957 4656 1056 4718 deinde
1071 4678 1198 4738 magnam
1222 4679 1257 4717 ex
1270 4658 1449 4740 ierosolymis
1472 4661 1551 4721 fidu-

112 4759 134 4797 π
146 4742 203 4804 τοῖς
215 4735 314 4797 lhrww
329 4736 457 4818 ἶκήρυξαν
465 4782 474 4811 ,
489 4739 534 4798 καί
552 4739 600 4812 τὴν
614 4743 747 4819 ὑπακοὴν,
804 4753 875 4814 ciam
883 4750 984 4834 adepti,
1005 4750 1119 4811 fidenter
1128 4751 1242 4810 abirent.
1258 4749 1312 4814 Vel
1325 4751 1419 4812 aliter:
1433 4754 1552 4814 ostendit

112 4827 335 4910 ςᾶνᾱφὲρωσῑν·
356 4834 385 4892 Οὔ
399 4830 451 4912 γὰρ
469 4835 504 4901 ὣς
517 4840 632 4894 τοσαῦτα
645 4859 749 4918 κατωρ·
803 4865 896 4905 eorum
918 4863 1006 4903 mores
1032 4863 1085 4902 non
1107 4841 1288 4922 arrogantiam
1311 4864 1412 4924 sapere.
1427 4845 1550 4907 Veniunt

113 4920 309 4995 ἀπενοήθησαν.
343 4921 423 4983 Ὅθεν
440 4915 508 4997 ἦσαν
529 4928 747 5008 παραδεδομένοι,
803 4937 886 5014 enim,
900 4950 932 4996 ut
946 4951 973 4996 et
989 4935 1120 4997 fiduciam
1134 4957 1208 4996 suam
1222 4934 1376 5009 exhibeant,
1390 4936 1464 5016 quod
1483 4939 1549 5000 ebs·

113 5022 201 5107 χύριτι
214 5028 262 5085 ποῦ’
272 5026 352 5086 Θεοῦ.
373 5026 426 5087 Καὶ
439 5027 493 5108 μὴν
503 5028 533 5088 τδ
542 5031 654 5110 Πνεῦμα
666 5023 746 5093 εἶπεν·
804 5052 855 5110 que
874 5029 930 5090 illis
950 5028 1139 5111 praedicassent
1166 5028 1300 5108 gentibus,
1316 5043 1340 5090 et
1354 5029 1548 5112 obedientium,

112 5215 157 5260 ’ῐᾶ
173 5220 278 5295 ”qiam
295 5224 349 5265 τῶν·
783 5226 894 5278 iimreca·
906 5220 935 5275 C.
949 5223 1060 5276 iiteiaeas.
1075 5217 1103 5269 h.
1117 5217 1145 5272 δι’
1157 5218 1249 5284 οἴκτου]

119 5296 178 5340 reete
200 5291 230 5341 B.
254 5290 286 5341 D.
311 5303 337 5343 et
356 5290 478 5348 Commei.
501 5292 579 5348 Suril.
595 5307 622 5349 et
642 5296 734 5351 hianti,
