3728 5978
567 424 597 469 S.
625 422 764 472 totttttts
789 420 970 468 ctttttsost.
998 420 1154 468 Aucutttt‘.
1183 417 1451 466 consuuntuou.

236 407 307 498 tut

237 604 1800 641 &w

482 763 641 825 nomint
663 763 724 825 LV.
984 757 1020 798 ⁴¹¹
1315 760 1450 819 otttult
1474 759 1519 820 ιε’.

993 813 1013 858 Α

232 951 299 1015 (λιν.
311 947 445 1011 XXVlll.
456 968 484 1009 ν.
498 950 547 1008 17.
565 949 638 1007 Post
653 959 711 1006 tres
721 957 819 1005 autem
832 946 894 1004 dies
905 965 974 1004 con·
1028 944 1191 1023 Ἐγένττοδέ
1210 946 1278 1024 μετὰ
1300 955 1370 1028 τρεῖς
1392 948 1511 1027 ἡμέρας,
1532 946 1748 1028 συγκαλέσατθαι
1762 948 1805 1007 τὸν

273 1045 389 1102 vocavit
398 1039 516 1101 Paulus
524 1043 634 1119 primos
647 1039 828 1098 iudeorum.
844 1039 976 1117 Cumque

270 1136 493 1208 convenissent,
507 1133 624 1191 dicebat
636 1134 678 1190 eis
692 1132 772 1189 :Vtri
774 1131 906 1211 fratres,
921 1149 975 1210 ego

270 1242 337 1281 cum
361 1221 440 1290 nibil
455 1222 637 1278 contrarium
651 1219 788 1297 fecissem
803 1216 911 1296 populo
930 1216 977 1274 vel

269 1317 375 1394 patriis
384 1313 526 1383 moribus,
540 1311 702 1369 cinctusab
711 1308 908 1383 ierosolymis
916 1319 977 1388 tra·

270 1406 351 1464 ditus
365 1424 430 1462 sum
447 1406 479 1460 in
499 1421 605 1460 manus
621 1401 816 1458 Romanorum
831 1421 841 1454 .-
861 1395 909 1456 t8.
926 1399 977 1475 qui

271 1516 338 1555 cum
349 1496 611 1573 interrogationem
620 1492 658 1549 de
669 1511 715 1548 me
725 1488 907 1561 tebntssent,
923 1507 977 1546 oo-

271 1586 373 1644 lebant
389 1605 435 1642 me
452 1584 599 1641 dimittere
613 1626 624 1654 ,
647 1602 681 1640 eo
701 1582 780 1659 quod
800 1581 886 1638 nulla
904 1589 1012 1639 essettt

269 1696 362 1736 causa
377 1678 479 1734 mortis
498 1678 531 1732 in
550 1695 606 1732 me.
637 1673 684 1731 to.
703 1671 977 1730 contradicentibus

269 1780 368 1826 autem
378 1767 490 1825 Iudeis
503 1808 513 1840 ‚
535 1777 654 1824 coactus
672 1781 737 1822 sum
750 1762 900 1841 appellare
914 1762 976 1820 Coe·

268 1879 365 1917 sarem
382 1880 391 1913 .·
413 1876 472 1914 non
492 1859 578 1936 quasi
596 1856 721 1912 babeam
737 1854 774 1911 de
790 1846 848 1934 quo
861 1865 976 1932 gentem

268 1970 366 2009 meam
380 1969 523 2009 accusem.
536 1950 587 2008 20.
604 1950 731 2026 Propter
739 1947 817 2004 bunc
828 1966 895 2026 ergo
906 1966 973 2004 eau-

257 2040 335 2103 'sam
346 2045 491 2102 advocavi
500 2061 565 2114 vos,
577 2053 610 2099 ut
618 2040 749 2098 viderem
760 2050 789 2096 et
796 2039 974 2117 alloquerer:

1068 1038 1175 1097 Παῦλον
1189 1037 1248 1104 τοὺς
1261 1037 1337 1106 ὄντας
1349 1042 1402 1098 τῶν
1414 1038 1548 1098 ’Ἰουδαίων
1563 1038 1694 1119 πρώτους.
1713 1039 1806 1098 Συνελ-

1069 1127 1165 1188 θόντων
1179 1127 1207 1190 δέ
1217 1132 1318 1202 αὐτῶν,
1333 1129 1407 1211 ἐλεγε
1420 1132 1485 1214 πρὸς
1498 1130 1605 1197 αι’ντοιίς·
1620 1130 1716 1212 ἄνδρες
1732 1131 1805 1189 ἁδελ-

1068 1218 1180 1300 ‹bobini›
1194 1219 1265 1280 οθδέν
1275 1221 1391 1282 ἐναντίον
1399 1222 1513 1294 ποιήσας
1522 1226 1560 1303 τῷ
1569 1224 1628 1303 λαῷ
1641 1221 1726 1292 ἣτοίς
1737 1220 1804 1281 ἐθισι

1070 1319 1124 1378 τοῖς
1134 1310 1280 1392 πατρῴοις,
1296 1311 1402 1390 δέσμιος
1415 1311 1442 1381 ἐξ
1456 1312 1646 1392 Ἱεροσολύμων
1656 1312 1804 1393 παρεδόθην

1070 1405 1107 1471 εἰς
1118 1401 1166 1471 τὰς
1175 1410 1267 1483 χεῖρας
1277 1408 1329 1463 τῶν
1337 1403 1496 1483 Ῥωμαίων·
1509 1404 1602 1471 οἵτινες
1619 1403 1805 1482 ἀνακρίναντές

1071 1492 1263 1571 με,ἐ6υάλοντο
1272 1496 1417 1567 ἀπολῦσαι,
1427 1495 1471 1555 διδι
1481 1496 1512 1556 sb
1522 1495 1656 1574 μηδεμίαν
1668 1494 1758 1554 αἰτίαν
1766 1500 1806 1554 θα·

1069 1583 1147 1643 νάτου
1158 1584 1287 1666 ὑπάρχειν
1301 1588 1327 1645 ἐν
1341 1584 1409 1663 ἐμοί.
1421 1583 1619 1666 ’λντιλεγόντυιν
1635 1586 1664 1645 δέ
1672 1590 1726 1644 τῶν
1742 1585 1804 1646 ’loo-

1070 1675 1150 1735 δαίων
1162 1721 1170 1749 ,
1182 1676 1350 1757 ἠναγκάσθην
1366 1677 1572 1737 ἐπικαλέσασθαι
1593 1676 1736 1759 Καίσαρα,
1760 1681 1804 1758 obp

1068 1772 1105 1835 ὡς
1114 1775 1161 1827 τοῦ
1175 1769 1261 1834 ἔθνους
1272 1792 1321 1847 μου
1336 1757 1404 1850 ἔχων
1418 1792 1445 1827 τι
1459 1772 1652 1850 κατηγορῆσαι.
1676 1769 1730 1831 Διὰ
1741 1771 1801 1830 ταύ-

1067 1883 1116 1932 την
1138 1850 1182 1920 οὗν
1203 1858 1251 1932 τήν
1267 1858 1353 1919 αἰτίαν
1368 1860 1563 1939 ’παρεκαθιεσα
1584 1864 1655 1938 ὑμᾶς
1681 1862 1746 1920 ἰδεῖν
1761 1863 1801 1921 καὶ

1068 1955 1264 2034 προσλαλῆσαι·
1280 1952 1366 2012 tiezo
1381 1952 1433 2032 γδιρ
1448 1957 1495 2024 τῆς
1507 1952 1611 2021 ἐλπίδος
1621 1960 1669 2014 τοῦ
1680 1953 1802 2034 Ἰσραήλ,

1069 2043 1117 2117 τήν
1131 2042 1223 2104 ἅλυσιν
1236 2043 1333 2116 ταύτην
1344 2042 1506 2122 περίκειμαι,

266 2147 391 2214 propter
403 2153 482 2214 spem
497 2135 576 2191 enim
588 2130 710 2191 Israelis
727 2141 834 2189 eatena
846 2131 903 2189 bac
920 2131 976 2187 cir·

274 2227 429 2286 mutatus
440 2245 513 2284 sum.

268 2415 300 2470 1.
317 2410 377 2470 Hoc
389 2409 457 2469 bene
474 2423 500 2469 et
512 2421 692 2489 congruenter
703 2408 780 2488 agit,
796 2426 860 2472 cum
873 2404 975 2488 primos
1071 2414 1185 2479 ’Καλῶς
1193 2416 1275 2473 τοῦτο
1288 2413 1333 2473 καί
1352 2412 1536 2495 συμφερόντως
1550 2422 1633 2485 ποιεῖ,
1653 2413 1717 2481 τοὺς
1730 2412 1802 2494 npb-

228 2502 387 2566 iudeorum
400 2503 436 2564 ud
446 2503 611 2582 colloquium
622 2515 760 2564 convocet.
771 2502 890 2564 Volebat
902 2501 975 2560 enim
1028 2526 1087 2571 τους
1100 2508 1153 2563 τῶν
1172 2502 1307 2564 Ἰουδαίων
1323 2505 1359 2571 τίς
1373 2503 1484 2572 διάλεξιν
1499 2507 1647 2584 συγκαλῶν.
1661 2504 1803 2565 Ἐὃοάλιτυ

228 2610 257 2657 et
269 2617 298 2656 se
309 2609 335 2656 et
350 2596 417 2656 elios
432 2618 448 2656 u
462 2596 574 2655 crimine
586 2594 702 2655 liberare
719 2614 769 2653 :se
784 2638 793 2670 ,
809 2614 843 2653 ne
859 2613 971 2653 accusa-
1028 2593 1080 2676 γάρ
1094 2593 1140 2654 καὶ
1150 2595 1242 2654 ίαυτδν
1258 2593 1407 2663 ἀπαλλάξαι
1422 2594 1507 2663 αἰτίας
1521 2595 1565 2654 καὶ
1580 2595 1700 2676 ἑτάρους·
1713 2597 1802 2657 ἐαυτὸν

228 2701 306 2748 tetur
319 2687 428 2763 abeis,
444 2685 471 2746 et
485 2686 538 2745 boc
551 2685 607 2745 illis
620 2697 726 2745 nooeret
741 2706 750 2761 3
766 2683 925 2759 illosum,
941 2705 975 2743 no
1030 2686 1091 2765 μίν,
1112 2685 1156 2745 ἵνα
1180 2686 1218 2763 μή
1242 2690 1423 2768 κατηγορῶσιν
1437 2689 1531 2759 αὐτοῦ,
1550 2686 1596 2746 καί
1610 2675 1690 2748 τοῦτο
1711 2686 1803 2753 αὐτοὺς

227 2793 317 2840 totum
325 2778 445 2862 ipsorum
454 2777 595 2839 videretur
608 2798 675 2837 esse.
688 2774 845 2839 Ven'simile
855 2774 928 2834 enim
934 2788 975 2834 est
992 2797 1010 2844 c
1030 2778 1151 2858 βλάπτῃ·
1165 2776 1277 2844 ἐκείνως
1288 2777 1332 2850 δέ,
1345 2776 1389 2836 ίνα
1401 2776 1438 2856 μὴ
1450 2776 1512 2856 δόξῃ
1527 2781 1612 2837 αὐτῶν
1625 2770 1733 2838 εἶναιτὸ
1743 2788 1802 2838 πᾶν.

226 2870 414 2952 pererebuisse
434 2871 558 2944 fimum,
580 2868 670 2949 ipsum
688 2889 705 2926 a
722 2865 827 2928 ludaeis
842 2866 973 2950 traditum
1028 2868 1108 2936 Εέιιδς
1119 2868 1173 2951 γάρ
1184 2873 1316 2949 κρατήσαι
1332 2867 1437 2948 φήμην,
1451 2865 1492 2926 δτι
1503 2868 1554 2927 ὑπὸ
1568 2867 1705 2928 Ἰουδαίων
1724 2893 1803 2951 tape-

226 2962 311 3023 l'uisse
325 2985 334 3040 ς
348 2961 430 3041 idque
443 2960 594 3020 sufficiebat
608 2958 645 3019 ad
658 2957 814 3018 terrendum
823 2957 895 3018 illos.
908 2958 972 3018 Su·
1029 2961 1104 3036 δάθη·
1125 2966 1202 3021 τοῦτο
1217 2958 1249 3020 δέ
1262 2960 1352 3020 ίιιανδν
1369 2951 1400 3032 ήν
1415 2957 1508 3027 αὐτοὺς
1519 2960 1630 3032 πλῆξαι.
1645 2960 1752 3029 Εὐθέως
1761 2953 1802 3020 obv

228 3053 279 3114 tim
296 3073 360 3132 ergo
376 3052 442 3111 huic
456 3052 496 3110 rei
511 3051 649 3127 occurrit,
670 3063 696 3109 et
711 3050 751 3110 sic
768 3050 886 3130 seipsum
900 3070 975 3108 mun·
1027 3052 1178 3134 πρδςτοῢτο
1190 3050 1314 3123 ἵσταται,
1336 3051 1381 3110 καὶ
1406 3050 1439 3111 sb
1466 3053 1525 3111 καθ’
1545 3052 1638 3111 ἐαυτδν
1659 3051 1730 3112 οὕτω
1749 3077 1803 3119 παις

228 3158 303 3205 suete
312 3142 443 3203 defendit.
462 3142 535 3203 Vide
548 3162 631 3222 porro
643 3141 779 3220 quomodo
793 3141 974 3201 defensionem
1027 3141 1119 3222 πράως
1132 3146 1312 3223 ἀπολογεῖται.
1326 3140 1400 3222 Ὅρα
1415 3141 1442 3201 δὲ
1464 3147 1521 3210 πῶς
1537 3143 1583 3202 καλ
1595 3143 1643 3215 τήν
1659 3144 1802 3225 ἀπολογίαν

228 3257 306 3295 suam
316 3248 401 3311 texat,
415 3233 527 3292 dicens:
543 3234 606 3290 Viri
613 3234 742 3314 fratres,
755 3252 807 3313 ego
817 3253 885 3291 cum
899 3231 976 3289 nibil
1028 3232 1144 3313 θραίνει,
1158 3232 1257 3313 λέγων·
1269 3233 1374 3313 Ἄνδρες
1389 3235 1508 3315 ἀδελρολ,
1530 3235 1583 3315 ἐγὼ
1597 3235 1670 3297 stetu
1687 3237 1800 3297 ἐναντίον

227 3327 561 3407 contrariumsecissem
577 3325 686 3404 populo
701 3325 751 3382 vel
760 3327 866 3404 patriis
882 3326 973 3380 mori·
1027 3326 1140 3398 ποιήσας
1152 3328 1190 3406 τῷ
1202 3323 1291 3407 taut
1307 3334 1361 3391 τοῖς
1376 3324 1446 3384 ἔθεσι
1463 3335 1517 3394 τοῖς
1534 3325 1683 3408 πατρῴοις,
1698 3328 1802 3407 δέσμιος

229 3422 302 3490 bus,
318 3422 439 3476 uinctus
457 3437 493 3475 ex
512 3415 709 3489 ierosolymis
725 3415 851 3472 traditus
865 3433 929 3472 sum
942 3417 975 3471 in
1028 3416 1056 3486 ἐξ
1066 3415 1257 3498 Ἱεροσολύμων
1267 3415 1415 3498 παρεδόθην
1431 3419 1467 3484 εἰς
1487 3418 1534 3486 τάς
1555 3429 1646 3499 χεῖρας
1669 3424 1723 3479 τῶν
1736 3419 1802 3479 Ῥω·

229 3529 336 3567 manus
350 3509 560 3567 Romanorum.
570 3504 675 3564 Deinde
686 3504 750 3582 quia
760 3503 974 3565 verisimileerut
1029 3509 1124 3588 μαίων.
1150 3499 1219 3568 Εἶτα
1240 3508 1323 3575 οὓτως
1345 3507 1442 3583 εἰπὼν,
1464 3511 1557 3584 ἐπειδὴ
1583 3512 1651 3578 εἰκὸς
1673 3504 1705 3585 ήν
1730 3512 1802 3576 τινλς

227 3602 333 3680 aliquos
347 3622 382 3660 ex
402 3599 574 3659 auditoribus
592 3598 712 3657 dicturos
727 3618 783 3656 esso
803 3620 809 3653 :
829 3596 974 3671 Quomodo
1029 3601 1171 3668 ἀκούοντας
1190 3605 1289 3674 εἰπεῖν,
1308 3604 1366 3666 πῶς
1389 3600 1444 3680 ἔχει
1464 3601 1540 3679 λόγον
1561 3603 1652 3669 ἁπλῶς
1672 3626 1703 3662 σε
1719 3627 1801 3686 παρα·

228 3693 356 3754 medatiu
368 3707 394 3753 le
412 3693 471 3751 sine
488 3712 568 3749 causa
584 3689 714 3749 traditum
728 3689 833 3753 luisse?
847 3689 971 3748 addidit:
1029 3694 1129 3766 δοῦναι;
1141 3692 1286 3773 ἐπήγαγεν·
1295 3691 1400 3757 Οἶτινες
1411 3692 1597 3772 ἀνακρίναντές
1608 3718 1654 3770 με,
1667 3694 1803 3755 ἐὸούλοντο

231 3791 290 3870 Qui
308 3810 375 3849 cum
396 3789 656 3867 interrogationem
674 3786 711 3844 de
725 3806 771 3843 mc
789 3786 972 3863 habuissent,
992 3799 1011 3845 n
1029 3788 1176 3845 ἀπολῦσαι·
1192 3783 1257 3844 ὡσεί
1270 3781 1359 3864 ἔλεγε·
1376 3789 1550 3864 μαρτυροῦσιν
1562 3789 1586 3844 οἱ
1600 3785 1745 3864 Ῥωμαίων
1758 3788 1802 3868 ἄρ·

229 3882 385 3942 voltterttut
403 3901 449 3938 mc
462 3880 608 3937 dimittere
621 3899 630 3952 ς
644 3897 676 3935 uc
688 3876 711 3935 si
724 3874 841 3935 diceret:
856 3878 971 3936 Testeu·
1027 3900 1136 3957 χοντες,
1151 3876 1176 3935 οἳ
1197 3875 1243 3936 καλ
1257 3874 1394 3957 άνέκριναν
1414 3876 1460 3935 καὶ
1475 3876 1567 3948 ήθελον
1585 3877 1720 3937 ἀπολύειν.
1738 3881 1803 3943 Πῶς

227 3987 274 4033 tur
291 3975 475 4033 Romanorum
493 3967 646 4051 principes,
668 3967 715 4044 qui
737 3979 764 4025 et
783 3965 974 4026 exentinarunt
1028 3960 1072 4027 obv
1091 3969 1137 4027 οὐκ
1157 3968 1308 4039 ἀπέλυσαν;
1332 3967 1531 4046 Ἁντιλεγόντων
1550 3968 1701 4043 Ἰουδαίων,
1717 3971 1802 4050 φησίν.

228 4089 272 4126 me
291 4079 318 4126 et
337 4066 479 4128 voluerunt
500 4060 646 4121 dimittere.
667 4058 812 4131 Quomodo
834 4080 899 4140 ergo
921 4081 973 4119 uon
1028 4057 1111 4137 Ὁρᾷς
1131 4061 1188 4126 πῶς
1215 4065 1335 4140 καθαιρεῖ
1355 4062 1441 4118 αὐτῶν
1463 4057 1497 4117 ‘cb
1518 4060 1690 4137 ἐγκλήματας
1706 4063 1740 4120 Ei
1754 4061 1803 4141 γάρ

227 4156 415 4217 dimiserunt?
430 4153 707 4213 contradicentibus
719 4152 854 4224 Iudeis,
874 4150 973 4228 inquit.
1029 4149 1152 4211 ἐάοθλιτο
1169 4150 1293 4221 αὐξῆσαι,
1319 4154 1378 4221 ἐνῆν
1396 4152 1442 4210 καὶ
1465 4151 1714 4232 καταρορικώτερον
1736 4154 1803 4233 χρή-

228 4252 328 4314 Viden'
341 4247 476 4329 quomodo
486 4247 597 4307 illorum
608 4246 721 4305 crimina
733 4244 893 4304 minuiti’Si
903 4244 975 4305 enim
1030 4247 1135 4302 αασθαι.
1150 4241 1199 4300 Διδ
1214 4241 1259 4300 καλ
1282 4239 1363 4306 obrue
1390 4240 1482 4315 εἰπὼν,
1500 4241 1649 4321 ἐπήγαγεν·
1667 4244 1803 4323 Ἠναγκά-

229 4367 327 4427 augere
349 4343 501 4418 voluisset,
519 4355 624 4423 poterat
643 4340 829 4401 vehementius
855 4362 973 4421 carpere.
1030 4338 1096 4405 οθην
1109 4331 1316 4395 ἐπαυλίσασθαι
1341 4330 1478 4412 Καίσαρα·
1503 4330 1572 4392 ὥστε
1601 4332 1761 4413 συγγνώμης
1778 4338 1805 4394 τὸ

229 4440 346 4518 Ideoque
365 4439 405 4497 sic
427 4438 556 4515 loquutus
570 4481 579 4513 ,
596 4435 719 4495 subdidit
735 4459 742 4492 ι
765 4437 893 4494 Coactus
911 4456 977 4494 sum
1030 4435 1083 4484 πᾶν
1093 4424 1173 4485 ἐστίν.
1188 4414 1270 4497 Εἶτα,
1282 4423 1325 4480 tte
1337 4424 1428 4499 μηδεὶς
1441 4424 1518 4503 εἴτι-η,
1529 4425 1556 4484 τί
1566 4415 1626 4499 οθν;
1639 4427 1687 4484 καὶ
1700 4425 1745 4486 lua
1759 4429 1805 4485 αὐ-

228 4529 381 4610 appellare
405 4528 561 4585 Coesarem.
586 4524 680 4603 Itaque
698 4523 737 4582 od
758 4523 865 4582 veniam
885 4521 977 4581 omnia
1030 4521 1083 4575 τῶν
1103 4515 1303 4594 κατηγορήσῃς,
1318 4519 1395 4573 τοῦτο
1411 4515 1574 4589 πεποίηκας
1597 4515 1641 4575 bib
1667 4522 1716 4591 τῆς
1739 4522 1804 4578 ἐπα-

228 4634 356 4704 speetnnt.
368 4616 472 4678 Deinde
484 4615 589 4692 nequis
599 4614 701 4674 diceret
716 4638 723 4672 ι
739 4614 814 4687 Quid
825 4615 931 4694 igitur?
942 4635 977 4672 an
1031 4612 1120 4688 γωγῆς
1141 4609 1288 4686 διορθοῦται
1313 4605 1343 4664 τὸ
1362 4611 1509 4686 θρορμοθν,
1530 4607 1576 4666 καί
1596 4607 1682 4688 λέγει·
1698 4613 1760 4691 Οδρ
1774 4616 1806 4675 ὡς

232 4729 263 4774 ιιι
281 4735 326 4773 eos
340 4699 466 4785 accuses,
480 4709 539 4767 hec
558 4707 645 4767 fecisti
660 4709 674 4767 t
691 4710 742 4767 Per
757 4729 788 4768 en
810 4728 869 4786 que
888 4707 978 4785 addit,
995 4725 1014 4771 u
1031 4706 1077 4760 τοῦ
1104 4699 1190 4765 ἔθνους
1216 4722 1265 4775 μου
1289 4697 1357 4776 ἔχων
1380 4722 1407 4757 τι
1423 4703 1622 4778 κατηγορήσειν
1636 4697 1806 4771 brustans,

229 4809 281 4868 boc
302 4804 424 4885 corrigit,
443 4801 537 4860 dicens
553 4826 560 4859 ς
578 4802 648 4860 Non
670 4806 757 4882 quasi
780 4802 918 4874 babeam,
942 4803 978 4860 de
1032 4792 1234 4869 ἐπεκαλεσάμην
1249 4788 1372 4870 Καίσαρα
1386 4791 1436 4870 οὐχ
1449 4789 1517 4848 ὥστε
1532 4797 1735 4871 κατηγορῆσαι,
1750 4796 1805 4851 ἀλλ’

261 4978 274 5005 ε
284 4978 446 5046 [mpugpm
457 4978 509 5040 upa»,
520 4979 558 5024 καὶ
572 4975 727 5042 προσλαλῆσαι
738 4972 760 5020 ὓ
774 4971 783 5035 ]
1038 4964 1146 5021 absunt,
1157 4976 1187 5010 ex
1200 4961 1232 5013 D.
1245 4958 1422 5025 supplevimus.
1438 4956 1508 5007 Idem
1520 4974 1578 5007 cum
1591 4961 1619 5009 Δ.
1637 4959 1808 5025 suppeditouit

261 5072 272 5096 .
290 5051 400 5118 Quidam
411 5055 472 5104 31³⁸,
484 5049 593 5114 ommi&
607 5062 686 5109 mg,-
696 5056 804 5103 wem„
814 5058 937 5115 συγκαλῶ,
952 5051 991 5100 tn,
1039 5042 1105 5096 inire
1122 5037 1215 5111 ἐχθρῶς,
1223 5040 1251 5088 B.
1259 5039 1290 5092 C.
1302 5046 1387 5106 ίχθρος.
1398 5035 1465 5087 Sasil
1484 5047 1510 5087 et
1521 5035 1611 5087 blontl.
1626 5053 1639 5085 e
1651 5038 1808 5089 Commetino

230 5132 327 5198 cipiunt
337 5130 371 5180 eb
383 5128 421 5181 his
432 5127 523 5193 verbis,
532 5133 636 5183 totino
648 5136 693 5198 γὰρ
704 5135 741 5180 καὶ
755 5132 843 5182 ἐαυτὸν.
1043 5121 1183 5196 ἐχθρωδῶς-1

264 5214 277 5251 ο
295 5210 385 5275 Hinc,
404 5217 549 5265 somiein...
568 5218 739 5278 κατηγορῆσαι,
755 5222 811 5274 qun
829 5208 856 5258 in
878 5205 996 5258 omnibus
