3728 5978
525 413 559 459 ιιν
587 411 676 460 κατι
702 409 958 462 inosrororuu.
987 410 1107 461 uouu.
1136 413 1217 462 xuu.
1581 390 1650 464 555

81 534 213 615 ἀργυροῦς
231 532 364 612 γενέσθαι,
384 533 463 603 Ἴσως
476 537 511 603 ὡς
523 534 638 616 κιόώρια
651 533 752 617 μικρό·
766 531 852 607 πολλὴ
908 535 1025 593 Dianoe.
1038 532 1215 614 thuomodo
1225 516 1338 617 possiunt
1348 535 1419 598 aedes
1430 549 1560 618 argeuteae
1571 537 1650 598 fieri?

80 624 134 704 γὰρ
149 625 247 698 ταύτης
261 618 325 700 ἥνὴ
345 628 410 707 τιμὴ
433 633 460 689 ἐν
474 629 591 710 Ἐφέσῳ,
607 629 672 690 ὅπου
683 629 728 688 καί
741 628 772 688 τὸ
784 627 854 710 ἱερὸν
908 625 988 684 Forte
997 624 1075 703 quasi
1084 625 1184 686 ciboria
1192 647 1411 708 parvazmaguus
1421 629 1493 689 enim
1502 629 1556 712 ipsi
1566 630 1652 691 honor
1733 653 1803 700 nim

82 718 170 776 αὐτῶν
195 717 347 799 ἐμπρησθὲν
368 719 449 787 οὕτως
473 721 605 793 ἐλύπησεν
625 719 734 794 αὐτοὺς,
754 723 790 788 ὡς
809 718 854 778 τὸν
908 730 966 777 erat
979 716 1094 798 Ephesi,
1107 717 1156 777 uhi
1176 719 1285 779 illorum
1301 719 1408 780 incenso
1428 722 1529 803 templo
1548 722 1585 782 ita
1602 722 1727 820 (ίοοθγ11111
1744 719 1802 761 ‘⁰¹¹¹

81 809 258 891 ἐμπρήσαντα
276 810 389 871 κελεύειν
409 813 478 892 μηδέ
498 812 609 890 ὀνόματι
637 811 768 891 λέγεσθαι.
783 810 855 894 Ὅρα
908 808 991 886 luere,
1005 823 1034 868 ut
1048 830 1081 869 ue
1095 808 1190 870 nomen
1204 811 1314 889 quidem
1329 812 1397 893 ejus,
1406 813 1453 892 qui
1466 814 1651 895 succenderat,
1661 793 1711 884 iq„
1727 780 1805 839 Epire·

81 905 220 981 πανταχοῦ
238 902 288 975 τὴν
300 903 517 987 εἰδωλολατρείαν
534 904 587 963 ἀπὸ
599 902 746 986 χρημάτων
763 909 854 982 Ιγινο·
910 900 1024 981 proferri
1033 901 1170 983 juberent.
1184 903 1260 964 Vide
1273 903 1375 983 ubique
1387 905 1569 966 idololatriam
1582 929 1599 967 a
1611 928 1655 990 pe·

83 991 177 1072 μίνην.
192 997 316 1054 Κάκεῖνοι
327 996 370 1056 διὰ
381 997 519 1078 χρήματα,
530 989 855 1077 καὶοῦτοςδιθχρήματο·
911 991 998 1052 cuniis
1017 1007 1146 1054 constare.
1158 994 1197 1054 m
1218 994 1260 1054 illi
1279 1009 1391 1076 propter
1410 996 1547 1077 pecunias,
1565 1012 1591 1057 et
1610 998 1655 1058 bic

81 1087 134 1166 σύγ
145 1089 183 1154 ὡς
202 1090 250 1159 τῆς
267 1088 401 1158 εύσεόείας
420 1089 617 1161 κινδυνευούσης
630 1092 735 1164 αὐτοῖς,
750 1091 807 1148 ἀλλ’
820 1092 856 1156 ὡς
911 1099 1020 1167 propter
1028 1087 1155 1168 pecunias
1166 1111 1173 1145 τ
1183 1109 1237 1148 nou
1247 1089 1325 1166 quasi
1338 1088 1468 1169 religione
1477 1090 1655 1171 periclitante,

83 1183 131 1238 τοῦ
144 1187 277 1259 πορισμοῦ
289 1181 338 1254 τὴν
357 1183 479 1243 ὑπόθεσιν
495 1185 541 1242 οὐκ
559 1183 673 1262 ἔχοντος.
696 1181 750 1242 Καὶ
762 1180 857 1242 σκόπει
911 1175 959 1236 sed
972 1177 1050 1255 quasi
1062 1192 1167 1256 quaestu
1181 1177 1321 1238 materiam
1333 1199 1386 1240 non
1400 1180 1525 1242 habente.
1541 1181 1578 1241 Et
1593 1204 1655 1264 pec·

83 1269 182 1330 κακίαν
204 1270 306 1353 ἀνδρός.
333 1270 453 1352 Εύπορος
472 1263 505 1344 ἦν
519 1272 605 1344 αὐτὸς,
619 1271 665 1330 καί
679 1273 751 1350 αύτῷ
763 1267 813 1348 μὲν
827 1271 857 1330 οὗ
911 1266 997 1347 pende
1016 1269 1070 1328 viri
1085 1269 1292 1349 malignitatem.
1306 1272 1457 1352 Opulentus
1478 1273 1525 1333 ille
1547 1288 1614 1350 erat,
1630 1287 1657 1335 et

84 1361 201 1434 τοσαύτη
221 1362 315 1440 ἔμελλε
335 1363 422 1442 βλιίύη
438 1362 558 1443 γενέσθαι
577 1365 606 1422 ἐκ
619 1360 728 1422 τούτου·
749 1361 857 1430 ἐκείνοις
873 1367 892 1415 G
911 1357 976 1418 hinc
991 1359 1032 1419 illi
1048 1382 1101 1421 uon
1113 1375 1219 1421 tautum
1232 1361 1363 1422 damnum
1377 1365 1500 1423 futurum
1515 1379 1589 1444 erat,
1601 1364 1656 1426 illis

85 1452 114 1513 δέ
128 1445 161 1526 ἦν
175 1453 272 1529 πολλὴ,
283 1455 330 1515 ἅτε
343 1456 452 1529 πένησιν
461 1445 519 1515 oder
529 1455 576 1514 καί
591 1454 645 1514 ἀπὸ
658 1459 706 1527 τῆς
720 1455 778 1513 καθ’
788 1452 855 1532 ἠμί·
912 1471 991 1529 vero,
1011 1465 1105 1533 utpote
1134 1453 1300 1535 paupersstus
1326 1454 1459 1534 multum,
1482 1457 1530 1536 qui
1557 1455 1657 1518 diurno

86 1569 135 1626 ραν
156 1546 282 1627 ἐργασίας
297 1547 474 1629 τρεφομένοις.
489 1548 542 1608 Καὶ
556 1547 628 1625 ὅμως
641 1535 712 1606 οὗτοι
724 1544 773 1624 μίν
784 1543 857 1606 οὐδέν
911 1556 1016 1619 quaestu
1029 1542 1133 1606 victum
1143 1559 1276 1626 pararent.
1288 1548 1413 1607 Attamen
1426 1548 1457 1606 hi
1469 1548 1539 1607 nihil
1551 1548 1656 1627 dicunt,

85 1638 216 1718 λέγωσιν,
234 1640 310 1710 αὐτὸς
332 1639 376 1700 δέ·
398 1638 537 1707 κοινωνοὺς
558 1638 586 1698 δὲ
609 1639 685 1706 ὄντας
699 1636 792 1705 αὐτοὺς
809 1641 857 1710 τῆς
912 1631 960 1692 sed
979 1632 1027 1694 ille
1039 1647 1145 1695 tanturn
1156 1636 1238 1697 :artis
1250 1657 1315 1697 vcro
1334 1637 1401 1697 socii
1421 1659 1484 1698 curu
1500 1654 1597 1719 essent,
1613 1654 1657 1701 tu·

86 1730 191 1810 τέγνης,
206 1731 344 1799 κοινωνούς
362 1731 494 1810 λαμόοίνει
515 1730 561 1790 καί
581 1737 627 1790 τοῦ
647 1729 765 1811 θορύόου.
788 1720 857 1791 Ε’ίτοι
911 1724 1014 1786 multus
1026 1740 1161 1787 consortes
1168 1728 1290 1788 assumit.
1302 1728 1406 1789 Deinde
1416 1729 1497 1789 etiam
1505 1732 1659 1812 periculum

86 1824 133 1883 καὶ
147 1824 192 1884 τὸν
207 1823 325 1884 κίνδυνον
339 1824 468 1897 ηὔξησεν,
483 1821 641 1902 ἐπαγαγὼν,
654 1821 696 1882 ότι
708 1821 858 1882 Κινδυνεύει
911 1817 1203 1898 exaggeravit,dicens:
1211 1822 1284 1879 Hoec
1289 1822 1476 1902 periclitatur
1483 1826 1567 1882 nobis
1572 1845 1655 1903 pars,

88 1921 153 1995 ἡμῖν
164 1923 240 1977 τοῦτο
250 1917 281 1977 τὸ
292 1917 370 2000 μέρος
384 1920 421 1985 είς
431 1916 579 1994 ἀπελεγμὸν
596 1919 690 1975 ἐλθεῖν.
706 1918 793 1976 Τοῦτο
805 1913 858 1997 γίιρ
913 1931 949 1969 ne
967 1914 1004 1969 iu
1025 1914 1258 1994 consulationem
1281 1907 1403 1976 incidat·
1428 1913 1487 1982 Hoc
1510 1914 1583 1974 enlm
1603 1917 1659 1976 sere

88 2008 182 2090 σχεδὸν
198 2008 241 2068 διὰ
254 2007 345 2068 τούτου
361 2009 452 2083 δηλοῖ,
474 2005 514 2066 ότι
531 2006 584 2066 ἀπὸ
596 2011 644 2080 τῆς
654 2006 750 2088 τέχνης
760 2005 859 2080 ταύτης
911 1999 1047 2081 significat
1059 2027 1066 2060 ε
1078 2004 1121 2062 Ab
1129 2003 1181 2064 hac
1194 2003 1291 2064 artein
1305 2005 1404 2065 samem
1417 2005 1508 2066 delabi
1522 2006 1658 2088 periclita-

88 2099 271 2179 κινδυνεύομεν
285 2104 321 2168 εἷς
334 2102 411 2179 λιμὸν
423 2103 558 2179 ἐμπεσεῖν.
580 2099 675 2160 Καίτοι
685 2099 720 2160 τά
732 2098 860 2182 εἰρημένα
913 2110 984 2153 mur·
1000 2093 1084 2174 Atqui
1096 2110 1220 2177 poteraut
1233 2095 1307 2156 dicta
1317 2096 1366 2156 illa
1376 2096 1448 2178 ipsos
1460 2098 1497 2158 ad
1509 2098 1585 2180 piam
1597 2098 1661 2159 reli·
1682 2100 1684 2104 ί

88 2193 167 2254 nmo
177 2197 216 2262 τίς
226 2193 360 2254 εύσέόειαν
372 2193 466 2260 αὐτοὺς
477 2195 603 2273 ἀγαγεῖν·
616 2191 685 2252 ἀλλὰ
695 2190 860 2272 ταλαίπωροί
913 2181 1021 2260 gionem
1031 2184 1165 2247 adducere
1172 2210 1183 2266 3
1195 2185 1242 2246 sod
1255 2186 1346 2246 miseri
1361 2207 1393 2246 ac
1406 2187 1474 2249 viles
1485 2210 1547 2248 curu
1560 2204 1658 2269 essent,

88 2309 158 2354 τινος
177 2286 249 2354 ὄντες
268 2285 313 2345 καὶ
328 2285 435 2368 ψυχροί,
451 2283 667 2345 ἐπισιτίσωνται
678 2285 779 2362 μᾶλλον
791 2327 800 2357 ,
814 2281 860 2342 καὶ
876 2279 896 2327 D
913 2274 1059 2357 insurgunt
1071 2278 1169 2360 magis,
1182 2300 1232 2340 nec
1250 2279 1378 2360 cogitant,
1389 2278 1412 2338 si
1429 2280 1475 2341 hic
1495 2281 1577 2343 homo
1594 2283 1660 2343 talia

89 2380 138 2438 οὐκ
148 2382 289 2452 ἐννοοῦσιν,
298 2378 339 2438 ότι
355 2380 378 2437 εί
389 2382 403 2438 ὁ
415 2378 552 2460 ἄνθρωπος
562 2368 636 2443 οὗτος
646 2382 764 2436 τοσαῦτα
775 2374 860 2457 ἰσχύει
915 2369 1013 2450 possit,
1031 2386 1063 2431 ut
1085 2393 1176 2433 omnes
1196 2385 1336 2434 convertat
1360 2387 1386 2432 et
1403 2372 1444 2432 dii
1460 2374 1659 2455 periclitentur,

90 2474 127 2538 ὡς
139 2476 306 2550 μεταστῆσαι
321 2470 433 2544 πάντας,
448 2470 494 2529 καί
507 2468 650 2529 κινδυνεύει
663 2467 697 2527 τὰ
712 2472 765 2527 τιῗνν
784 2470 860 2544 θεῶν,
916 2477 1033 2542 quantus
1047 2465 1083 2526 sit
1095 2465 1171 2527 illius
1178 2469 1253 2528 Deus
1266 2490 1273 2524 z
1285 2479 1311 2526 et
1320 2465 1394 2546 quod
1404 2467 1491 2528 multo
1505 2469 1592 2550 magis
1603 2469 1661 2552 ipse

90 2563 182 2634 ἡλίκος
200 2568 216 2623 θ
236 2561 330 2624 τούτου
343 2562 425 2631 Θεός·
439 2561 485 2622 καί
503 2560 544 2621 ὅτι
556 2563 648 2641 πολλῷ
660 2561 761 2640 μᾶλλον
773 2562 862 2621 ἐκεῖνα
915 2553 994 2616 nobis
1014 2555 1063 2617 ille
1078 2554 1168 2634 dabit,
1177 2579 1228 2640 pro
1242 2557 1343 2637 quibus
1360 2557 1496 2619 timemuS.
1514 2562 1575 2622 Jam
1589 2581 1662 2641 prae-

91 2659 157 2733 ἡμῐν
169 2652 258 2725 δύσει,
272 2653 338 2734 ὑπὲρ
354 2645 390 2713 ὧν
406 2653 564 2734 φοόοόμεθα.
580 2652 652 2725 Ἤδη
663 2650 860 2734 προκατέλαόεν
915 2661 1096 2728 occupaverat
1116 2647 1228 2709 illorum
1251 2648 1368 2727 animos,
1381 2648 1474 2710 dicens
1485 2673 1491 2707 ι
1504 2653 1574 2711 Non
1592 2665 1663 2712 sunt

92 2750 179 2806 αὐτῶν
193 2746 242 2813 τὰς
262 2746 363 2827 ψυχὰς,
382 2745 486 2826 λέγων,
505 2745 546 2804 ότι
564 2746 624 2804 Οὐκ
643 2744 694 2804 εἰσὶ
709 2744 762 2803 θεολ
776 2748 800 2804 oi
811 2743 862 2806 θπθ
915 2738 969 2817 dii,
983 2743 1035 2820 qui
1047 2745 1184 2802 manibus
1198 2743 1337 2801 humanis
1341 2742 1435 2822 fiunt
1454 2741 1526 2806 Vide
1544 2765 1595 2825 pro
1605 2766 1662 2824 qua

88 2841 188 2919 χειρῶν
207 2836 354 2918 ἀνθρώπων
367 2836 516 2917 ζγινόμενοι.
537 2835 613 2917 Ὅρα
629 2835 697 2916 ὑπὲρ
711 2834 780 2905 τίνος
794 2837 861 2914 ἀγα·
916 2850 945 2889 re
968 2830 1144 2913 indignentur
1163 2833 1276 2914 gentiles
1295 2856 1302 2890 t
1319 2833 1384 2912 quia
1402 2832 1528 2894 dixerat:
1543 2837 1601 2914 Qui
1622 2840 1661 2897 ab

90 2935 228 2990 νακτοῦσιν
241 2930 389 3004 Ἕλληνες·
404 2928 495 3002 ἐπειδὴ
506 2918 588 3002 εἶπεν,
599 2927 640 2986 ότι
651 2929 688 2986 Οἱ
699 2927 750 2987 θπὸ
761 2925 861 3009 ἀνθρώ·
916 2919 1084 2983 dominibus
1087 2926 1173 3006 sacti
1186 2936 1265 2996 sunt,
1283 2944 1343 2982 non
1360 2936 1430 2984 sunt
1442 2924 1493 2984 dii.
1511 2924 1621 3007 Ubique
1634 2928 1663 2988 iu

87 3043 146 3080 ταων
181 3020 334 3101 γινόμενοι,
357 3024 406 3081 οὐκ
426 3021 477 3081 είσί
501 3020 563 3080 θεοί.
588 3021 731 3099 Πανταχοῦ
753 3021 790 3086 είς
811 3017 860 3093 τὴν
915 3025 1002 3074 mem
1014 3035 1163 3075 sermonem
1178 3015 1317 3077 convertit·
1334 3015 1440 3076 Deinde
1454 3015 1527 3096 quod
1541 3018 1663 3080 maxime

86 3111 184 3194 τέχνην
199 3113 262 3172 ὠθεῖ
276 3113 321 3173 τὸν
336 3112 424 3193 λόγον.
445 3103 513 3172 Εἶτα
528 3112 559 3170 τί)
570 3111 687 3189 proditore
702 3108 795 3178 edroi<
811 3112 861 3170 λυ·
915 3104 945 3167 iu
958 3126 1090 3188 angorem
1104 3107 1234 3189 conjicere
1253 3119 1368 3189 poterat,
1384 3107 1462 3188 dicit,
1482 3110 1552 3168 Non
1566 3111 1663 3172 solum

51 3205 58 3221 '
85 3207 178 3276 στῆσαν
197 3204 305 3288 ὕστερον
323 3205 421 3278 τίθησι,
439 3202 597 3284 λέγων·οὐ
616 3201 860 3282 μόνονδὲτοῦτοτθ
915 3199 977 3259 θετο
985 3221 1056 3281 pars
1063 3198 1304 3282 periclitatumid
1312 3213 1363 3279 eat,
1371 3199 1489 3260 aliorum
1499 3200 1577 3262 nobis
1587 3203 1663 3264 nulla
1856 3246 1859 3259 .

87 3297 168 3380 μέρος
179 3296 479 3371 κινδυνεύει·τουτε’στι,
491 3301 544 3356 τῶν
559 3294 607 3373 μέν
621 3294 802 3364 ἀλλωνοῦδελς
814 3294 857 3356 λό·
876 3305 896 3352 E
916 3314 981 3353 cura
995 3309 1050 3376 est,
1065 3293 1113 3355 sed
1133 3294 1209 3375 quod
1221 3315 1326 3374 magnae
1341 3294 1398 3354 deae
1417 3295 1513 3356 Dianae
1530 3297 1662 3379 templum
1838 3286 1857 3375 Γ

85 3409 141 3466 γος,
163 3385 223 3446 ἀλλ’
237 3385 279 3447 ότι
289 3386 335 3445 καί
348 3387 380 3446 τὸ
393 3391 441 3458 τῆς
458 3385 575 3464 μεγάλης
585 3391 647 3452 θεᾶς
658 3384 726 3465 ἱερὸν
738 3382 859 3465 Ἀρτίμι-
916 3385 1017 3446 destrui
1028 3386 1202 3469 periclitetur.
1213 3385 1319 3446 Deinde
1327 3408 1361 3447 ue
1369 3385 1573 3448 videaturlucri
1583 3410 1663 3451 causa

85 3471 282 3547 θοςκινθυνεύει
291 3483 482 3559 καθαιρεῖσθαι.
497 3467 565 3537 Εἶτα
575 3474 619 3536 ἵνα
629 3475 667 3554 μὴ
680 3474 741 3555 δόξῃ
751 3499 860 3557 χρημα·
915 3477 974 3539 haec
987 3477 1084 3558 dicere,
1095 3478 1157 3541 vide
1171 3476 1239 3558 quid
1255 3476 1356 3539 addat:
1374 3479 1469 3558 Quam
1484 3482 1563 3541 orbis
1577 3482 1660 3542 colit.

86 3575 183 3649 τισμῶ
197 3569 284 3630 ἕνεκεν
297 3569 383 3650 λέγειν
394 3576 488 3642 ταῦτα,
503 3567 551 3650 θρα
562 3569 588 3627 τί
598 3566 772 3650 προστίθησιν
784 3592 791 3605 ·
805 3567 860 3629 Ἢν
915 3571 1017 3633 Viden'
1030 3570 1166 3651 quomodo
1184 3570 1314 3652 majorem
1331 3570 1552 3632 ostendatPauli
1571 3573 1661 3636 virtu-

86 3667 104 3734 ἡ
123 3662 264 3742 οἰκουμένη
286 3662 401 3724 σέύεται.
430 3661 513 3742 Ὁρᾷς
537 3664 594 3729 πῶς
615 3661 696 3730 ἔδειξε
713 3661 796 3741 μείζω
809 3659 858 3735 τὴν
914 3677 980 3743 tem,
993 3677 1296 3724 omnesaerumnososet
1309 3663 1422 3724 miseros
1435 3664 1497 3726 illos
1510 3667 1662 3745 emenderis,

85 3762 133 3816 τοῦ
153 3755 262 3816 Παύλου
285 3755 406 3836 δύναμιν,
428 3755 530 3821 πόντος
545 3754 649 3822 ἀθλίους
662 3754 708 3815 καί
719 3753 855 3815 ταλαιπώ-
913 3755 936 3815 si
944 3756 1025 3816 homo
1033 3755 1128 3837 pulsus
1138 3769 1165 3814 et
1177 3754 1354 3815 tentoriorum
1365 3754 1466 3824 artifex
1475 3757 1541 3816 talia
1551 3762 1662 3840 potest?

86 3871 147 3927 ρως
164 3846 258 3916 airolae
271 3847 433 3929 ἀποφαίνων,
447 3848 513 3927 εἴγε
531 3847 667 3927 ἄνθρωπος
687 3845 858 3926 ἐλαυνόμενος
912 3850 986 3913 Vide
997 3849 1147 3909 testimonia
1162 3848 1197 3908 de
1207 3848 1379 3929 apostolisab
1388 3849 1455 3930 ipsis
1468 3849 1587 3910 inimicis
1599 3852 1662 3913 red-

84 3940 133 4000 καί
150 3940 306 4012 σκηνοποιθς
320 3946 437 4001 τοσαῦτα
455 3939 582 4013 δύναται)
595 3937 669 4020 Ὅρα
680 3939 745 4022 παρ’
756 3943 857 4021 ἐχθρῶν
912 3940 979 4002 dita.
991 3941 1052 4001 lllic
1064 3939 1173 4020 quidem
1187 3938 1312 4000 dicebaut
1323 3964 1330 3998 t
1340 3942 1418 4001 Ecce
1431 3942 1558 4022 impletis
1568 3945 1660 4005 Jeru-
1670 3945 1724 3992 Aa·
1734 3946 1756 3994 ⁵·
1771 3948 1811 3998 ²8·

85 4032 134 4102 τάς
154 4032 301 4114 μαρτυρίας
320 4042 375 4100 τοῖς
388 4031 543 4098 ἀποστολσις
556 4030 702 4111 γινομένας.
725 4033 798 4092 Ἐκεῖ
810 4031 857 4109 μέν
912 4036 1007 4094 salem
1027 4035 1164 4094 doctrina
1181 4033 1374 4112 e·estra;hic,
1390 4037 1537 4095 Futurum
1549 4050 1607 4112 est,
1627 4051 1661 4101 ut

86 4125 187 4206 ἔλεγον,
198 4124 267 4185 Ἰδοὺ
278 4124 472 4206 πεπληρώκατε
481 4124 531 4198 τὴν
542 4122 718 4203 Ἰερουσαλὴμ
728 4127 775 4196 τῆς
786 4124 858 4183 διδα-
912 4129 1081 4187 destruatur
1099 4127 1208 4185 Diome
1227 4130 1390 4208 majestas:
1409 4142 1474 4189 tuuc
1496 4129 1658 4213 audiebant,

85 4221 138 4297 χῆς
160 4220 252 4295 ὑμῶν·
269 4219 399 4289 ἐνταῦθα,
415 4214 457 4275 ότι
476 4215 578 4276 Μέλλει
601 4221 783 4295 καθαιρεῖσθαι
809 4220 858 4288 τῆς
916 4220 973 4298 Qui
983 4221 1186 4278 subverterunt
1197 4219 1294 4276 orbem
1305 4230 1460 4293 terrorum,
1472 4223 1521 4281 ίιία
1532 4224 1658 4297 adeum
1669 4228 1730 4272 1⁶¹³·
1743 4229 1810 4285 116-

86 4309 237 4388 Ἀρτέμιδος
250 4315 268 4383 ἡ
289 4308 476 4388 μεγαλειότης·
495 4307 570 4381 τότε,
594 4310 631 4368 οί
643 4305 690 4378 τὴν
702 4305 995 4397 oixoupe'qu319uunc,
1009 4309 1204 4369 Periclitatur
1217 4311 1301 4368 nobis
1312 4311 1374 4370 ltaec
1385 4332 1457 4391 pars
1473 4316 1506 4371 in
1518 4317 1659 4398 confuta·

87 4400 331 4474 ἀναστατώσαντες,
342 4399 494 4475 innuenda
504 4391 575 4460 οὗτοι
585 4398 631 4458 καί
641 4398 732 4458 ἐνθόδε
739 4399 856 4481 πάρεισι·
875 4413 895 4460 Δ
913 4407 1021 4463 tionem
1038 4404 1152 4460 venire.
1171 4398 1219 4460 Sic
1230 4399 1319 4462 Judaei
1335 4399 1370 4461 dc
1386 4402 1495 4464 Christo
1515 4403 1656 4468 dicebant:

86 4498 151 4567 νῦν,
174 4491 217 4554 ότι
230 4492 382 4554 Κινδυνεύει
404 4498 468 4572 ἡμῖν
484 4491 601 4552 ταῦτατὸ
616 4489 695 4571 μέρος
709 4494 746 4558 εἷς
760 4493 858 4552 ἀττιλτ-
914 4497 1015 4556 Wdete
1031 4495 1111 4576 quod
1129 4495 1256 4554 mundus
1275 4508 1342 4575 post
1364 4499 1460 4577 ipsum
1479 4501 1593 4572 vadat‚·
1613 4516 1654 4582 et,
1666 4502 1733 4546 ΙΜ-
1756 4511 1792 4546 ¹²·

85 4587 154 4665 γμθν
174 4589 267 4646 ἐλθεῖν.
292 4584 372 4645 θύσω
395 4585 441 4645 καί
464 4584 588 4645 Ἰουδαῖοι
608 4585 652 4645 ἐπί
673 4588 718 4644 τοῦ
741 4584 858 4663 Χριστοῦ
914 4591 1037 4647 Venient
1048 4588 1176 4645 Romani
1185 4598 1214 4645 et
1229 4585 1336 4645 tollent
1350 4602 1481 4648 nostram
1494 4594 1653 4656 civitatem.
1665 4574 1707 4684 ἐξ)
1727 4570 1750 4606 ‘¹
1772 4576 1808 4607 Μ’

85 4680 194 4758 ἔλεγον·
214 4678 330 4760 Ὁρᾶτε,
351 4678 393 4737 ὅτι
409 4681 424 4735 θ
439 4676 537 4755 κόσμος
552 4675 637 4737 ὀπίσω
659 4677 738 4736 αὐτοῦ
751 4676 857 4757 ὑπάγει,
911 4682 968 4739 His
983 4690 1081 4739 autem
1101 4677 1221 4749 auditis,
1235 4678 1340 4758 repleti
1354 4693 1423 4739 sunt
1432 4682 1552 4761 surore.
1576 4685 1657 4746 Unde

85 4771 132 4830 καί
151 4768 301 4831 ἐλεύσονται
319 4771 344 4829 oi
364 4768 497 4847 Ῥωμαῖοι
520 4768 566 4828 καὶ
586 4773 694 4849 ἀροῦσιν
713 4772 791 4852 ἡμῶν
809 4769 857 4841 τὴν
911 4773 988 4832 furor
1002 4770 1069 4830 ille?
1082 4768 1199 4843 Quando
1212 4768 1247 4829 dc
1263 4769 1350 4829 Diana
1372 4770 1533 4848 audierunt,
1548 4776 1675 4854 quando·

84 4863 176 4923 πολιν.
190 4860 358 4929 Ἀκούσαντες
368 4859 491 4920 δὲταῦτα
503 4860 672 4933 ἐπλήσθησαν
682 4865 774 4937 θυμοῦ.
787 4858 859 4919 Πότε
912 4863 947 4924 de
964 4863 1035 4924 lueri
1045 4864 1160 4945 jactura.
1180 4860 1258 4921 Talis
1278 4861 1350 4920 enim
1369 4862 1516 4925 sorensium
1531 4889 1591 4929 moe
1603 4850 1662 4950 esci

85 4955 196 5033 θθυμδε
214 4954 333 5034 ‘siloem
349 4952 418 5014 Ὅτε
439 4952 501 5033 περί
514 4955 562 5022 τῆς
574 4951 723 5036 Ἀρτέμιδος
734 4950 860 5026 ἤκουσαν,
914 4958 968 5021 levi
980 4956 1014 5018 de
1028 4979 1108 5018 causa
1122 4954 1211 5037 abripi
1226 4968 1254 5015 et
1265 4953 1384 5015 accendi.
1400 4956 1504 5020 Idcirco
1520 4980 1582 5022 cum
1594 4976 1668 5044 ²¹³⁴
1689 4972 1692 4983 ·
1711 4984 1714 4993 ’

119 5168 130 5190 ·
150 5159 267 5217 γινομένην
278 5149 348 5202 deest
359 5153 383 5201 iu
397 5168 454 5202 uuo.
467 5147 519 5202 Sub
532 5150 583 5202 haec
597 5151 732 5204 innumera
744 5162 882 5217 sequuntur
895 5150 1028 5201 varietates
1040 5145 1176 5197 lectionum
1189 5144 1241 5194 aine
1252 5160 1338 5194 censue
1350 5142 1504 5199 discrimine.

191 5251 259 5291 rou.
276 5252 316 5291 rx.
1374 5269 1377 5275 =
1461 5229 1499 5286 25
