3728 5978
113 448 157 518 70
447 446 476 492 S.
505 444 647 493 torturus
671 443 856 493 cuursosu.
886 441 1042 492 ARCHOEP.
1071 444 1346 496 cousrsuutuor.

111 577 287 660 desperabunt
300 579 334 637 de
350 579 435 638 salute
449 575 514 638 sua:
530 580 591 639 ideo
612 581 679 640 tales
702 578 765 640 tacti
782 592 856 639 sunt.
907 580 1052 663 παρόντας,
1077 583 1123 642 κοιλ
1145 581 1215 664 μέγα
1237 589 1389 665 φρονοῦντες
1408 582 1448 663 ἐφ’
1469 583 1582 649 ἑαυτοῖς.
1600 580 1680 663 Ἄπιρ

112 673 285 749 Agnoverunt
296 670 375 749 quale
385 684 537 753 receperant
550 670 664 732 donum.
906 674 959 734 ἔδει
979 675 1099 755 γενέσθαι
1119 675 1222 736 ἐποίουν
1247 680 1358 750 ἐκεῖνοι,
1382 680 1461 754 ἡμεῖς
1479 673 1508 737 δέ
1522 674 1679 735 τούναντίον.

907 766 1084 845 Κατέγνωσαν
1105 770 1205 829 ἑαυτῶν
1226 770 1340 843 ἐκεῖνον,
1358 766 1515 849 ἐπέγνωσαν
1529 770 1616 827 nocuo
1633 772 1680 840 τῆς

908 859 1051 941 σωτηρίας·
1077 859 1121 920 διδ
1141 865 1219 922 τοῦτο
1242 867 1354 922 τοιοῦτον
1374 859 1522 941 γεγόνασιν.
1537 859 1679 940 'Epium

906 950 966 1010 ὅσον
983 951 1181 1033 ἐλαὸονδῶρον.

152 1056 182 1114 ί.
198 1054 342 1127 Quomodo
354 1076 403 1116 vos
417 1055 472 1114 illis
481 1054 582 1114 similes
593 1054 679 1132 eritis,
692 1054 740 1134 qui
752 1068 856 1114 eontra·
947 1055 1011 1121 Πῶς
1025 1051 1053 1112 δέ
1067 1058 1140 1132 ὑμεῖς
1154 1053 1244 1114 ἐσεσθι
1256 1060 1386 1129 τοιοῦτον,
1401 1053 1561 1122 ἀπεναντίας
1575 1051 1680 1119 ἐκείνοις

112 1149 152 1206 riu
161 1148 250 1207 omnin
264 1147 370 1206 facitis?
381 1148 426 1207 llli
437 1147 528 1207 statim
545 1161 625 1227 atque
635 1147 791 1222 audierunt,
805 1146 857 1206 ba·
872 1143 891 1191 Β
908 1145 1012 1206 ἅπαντα
1020 1144 1190 1226 πράττοντεςς
1202 1144 1318 1206 Ἐκεῖνοι
1326 1147 1383 1227 ἅμα
1391 1147 1506 1219 ἤκουσαν
1517 1144 1680 1206 relidenti-

111 1239 205 1319 ptirati
219 1252 281 1298 sunt
294 1262 300 1295 :
315 1260 369 1298 non
380 1239 508 1315 dixenrnt
519 1239 566 1297 illa
577 1238 677 1319 frigida
688 1239 781 1317 verba,
796 1260 856 1317 quae
908 1261 1003 1298 σαντο·
1020 1241 1067 1297 οὐκ
1084 1228 1158 1296 εἷπον
1178 1245 1262 1313 ταῦτα
1275 1236 1309 1297 τδι
1324 1237 1431 1318 ῥήματα
1448 1237 1484 1298 rb
1495 1236 1600 1320 ψυχρὰ,
1613 1235 1681 1320 δπερ

45 1360 49 1367 v
111 1351 184 1389 nunc
200 1352 247 1390 nos
267 1330 396 1408 dicimus,
413 1352 499 1409 neque
522 1353 611 1391 meras
632 1344 793 1406 nexuerunt,
808 1329 856 1389 etsi
907 1334 984 1408 ἡμεῖς
994 1335 1048 1405 νῦν,
1055 1328 1112 1389 οὐδὲ
1121 1327 1170 1400 τὴν
1179 1327 1310 1402 δνσδολῆν
1321 1328 1583 1413 ἐπραγματεύσαντο·
1595 1328 1681 1391 καίτοι

112 1444 165 1483 non
178 1444 268 1482 omnes
280 1423 417 1483 audissent
435 1421 659 1502 justificationes,
675 1422 722 1481 scd
734 1421 786 1481 boc
801 1435 857 1481 tan·
907 1447 938 1502 γε
952 1424 980 1482 οὗ
990 1422 1078 1482 πάντα
1087 1421 1202 1493 ἤκουσαν
1211 1420 1245 1480 el
1256 1420 1438 1500 δικαιώματα,
1449 1421 1520 1482 ἀλλὰ
1534 1420 1624 1500 μόνον,
1637 1421 1681 1494 τὸ,

114 1528 182 1589 tum,
196 1516 362 1575 Solvamr'ni
375 1537 393 1573 a
406 1517 597 1594 generatione
605 1517 673 1573 ista.
690 1514 751 1572 Nou
766 1533 858 1591 segnes
907 1511 1018 1587 Σώθητε
1031 1513 1084 1573 ἀπὸ
1095 1516 1143 1585 τῆς
1153 1521 1243 1595 γενεᾶς
1256 1511 1364 1586 ταύτης.
1378 1515 1437 1574 Οὔκ
1449 1510 1578 1596 θκνηροθς
1590 1511 1681 1581 ubsola<

112 1607 228 1679 fuerunt,
243 1606 289 1666 sed
308 1606 358 1666 lios
378 1626 512 1665 sermones
535 1619 715 1685 exceperunt,
733 1618 758 1663 et
785 1605 857 1682 quod
907 1605 1038 1678 ἐποίησεν,
1053 1603 1122 1664 ἀλλὰ
1136 1603 1294 1674 ἀπεδέξαντο
1306 1601 1367 1671 robe
1379 1603 1487 1684 λόγους·
1502 1602 1549 1664 καλ
1564 1600 1606 1663 δτι
1616 1605 1681 1663 ἐπι-

1 1768 8 1780 ,
112 1700 283 1779 accepissent,
303 1699 429 1781 oporibus
451 1710 644 1774 monstrarunt,
657 1710 684 1755 et
697 1696 743 1775 qui
763 1710 857 1771 essent,
908 1696 1028 1769 δέξαντο,
1043 1692 1087 1754 διὰ
1100 1699 1152 1755 τῶν
1165 1695 1249 1776 ἔργων
1268 1694 1417 1768 ἐδήλωσαν,
1434 1695 1480 1757 καί
1494 1696 1596 1767 ἔδειξαν
1620 1698 1682 1754 ἐαυ-

112 1793 304 1852 exbibuerunt.
328 1791 425 1852 Statim
441 1791 468 1850 in
481 1805 614 1850 certamen
638 1789 760 1869 ingressi,
776 1811 857 1848 exue·
907 1788 965 1858 τοθς
978 1788 1045 1856 τίνες
1057 1778 1136 1860 ἦσαν.
1155 1785 1228 1866 Ἅμα
1243 1787 1295 1868 γὰρ
1309 1788 1436 1863 ἐνέδησαν
1452 1793 1489 1858 είς
1507 1790 1554 1850 τὸν
1576 1790 1682 1868 ἀγῶνα,

114 1897 177 1943 runt
190 1884 346 1943 vestimenta
358 1907 364 1940 ε
375 1902 495 1944 nosrero
505 1881 630 1961 ingressi,
643 1903 704 1940 cum
716 1881 858 1941 vestimen·
907 1880 1070 1942 ἀπεδύσαυτο
1088 1879 1123 1938 τί
1142 1877 1254 1957 ἱμάτια·
1267 1885 1346 1959 ἡμεῖς
1363 1879 1390 1940 δέ
1406 1879 1590 1960 ἐμὸαίνοντες,
1614 1878 1682 1958 μετὰ

114 1977 149 2035 tis
164 1991 264 2036 certare
286 1976 422 2037 volumus.
438 1974 555 2053 ldeoque
576 1974 744 2054 antagonistae
770 1987 859 2033 noster
908 1973 1019 2054 ἱματίων
1033 1973 1156 2034 παλαίειν
1171 1972 1328 2052 βουλόμεθα.
1343 1973 1395 2033 Διὰ
1408 1979 1486 2035 τοῦτο
1499 1977 1529 2036 ob
1540 1976 1624 2035 δεῖται
1637 1974 1683 2034 πό-

114 2069 206 2128 labore
217 2089 286 2150 opus
299 2089 352 2126 non
365 2067 458 2144 babet,
473 2088 536 2126 curn
560 2066 717 2148 nobisipsis
730 2065 859 2146 impliciti
907 2089 958 2126 νων
975 2070 989 2124 ὁ
1006 2064 1218 2146 ἀνταγωνιστὴς,
1240 2068 1299 2126 ἀλλ’
1316 2069 1344 2126 ἐν
1365 2068 1453 2134 αὐτοῖς
1474 2065 1682 2146 περιπλακέντες

113 2181 183 2240 saepe
203 2159 371 2240 dejiciamur.
385 2157 509 2239 ldipsum
536 2157 608 2217 enim
632 2157 755 2235 facimus,
776 2180 807 2217 ac
835 2157 858 2217 si
875 2157 1683 2243 0πολλάκιςκατηνέχθημεν.Ταθτ“ονγδρποιοῦμον,ὥσπερ

112 2251 174 2328 quis
188 2252 319 2311 athletam
341 2250 455 2332 pulvere
470 2270 655 2331 conspersum,
671 2249 790 2329 nigrum,
807 2270 857 2308 nu·
909 2250 939 2311 διν
958 2251 982 2310 εί
1002 2275 1042 2319 τις
1055 2251 1138 2331 ἄνδρα
1157 2249 1273 2325 ἀθλητὴν
1291 2249 1487 2330 ’κεκονιμένοη
1502 2250 1620 2331 μέλανα,
1634 2277 1680 2333 γυ-

112 2342 189 2420 (ίιιιιι,
204 2344 308 2421 videns,
320 2343 355 2403 ab
364 2364 444 2403 arena
459 2355 511 2401 eta
525 2342 580 2401 sole
589 2343 704 2402 multum
715 2343 858 2403 habentem
909 2332 1053 2424 μυούμενον
1074 2343 1146 2418 ἰδὼν,
1164 2342 1244 2404 πολὺν
1263 2343 1309 2404 καί
1326 2343 1379 2404 ἀπὸ
1394 2347 1442 2416 τῆς
1461 2343 1554 2423 ἄμμου
1573 2344 1683 2406 καὶτοῦ

112 2435 173 2510 luti,
182 2436 249 2512 olco,
260 2433 358 2496 sudore
368 2449 395 2495 et
408 2455 485 2496 coeno
495 2433 660 2512 delibutum,
670 2434 728 2516 ipse
738 2456 858 2515 unguen-
908 2438 983 2509 ἡλίου
996 2435 1081 2508 πηλδν
1095 2435 1207 2518 ἔχοντα,
1222 2435 1268 2495 καί
1282 2435 1521 2519 ἀνακτχρωσμίνον
1532 2439 1572 2518 τῷ
1585 2437 1683 2518 ἐλαίῳ,

112 2541 140 2587 to
153 2529 288 2609 fragrans,
299 2528 391 2588 sericis
412 2525 544 2602 vestibus,
559 2526 647 2586 aureis
661 2526 767 2605 calocio,
790 2527 858 2586 stola
907 2528 1006 2607 καὶτῷ
1026 2531 1133 2612 ἱδρῶτι,
1153 2526 1197 2588 καλ
1220 2532 1259 2608 τῷ
1278 2530 1373 2610 πηλῷ,
1395 2528 1473 2596 αὐτὸς
1496 2528 1589 2611 μύρων
1606 2528 1683 2604 ὄζων,

115 2621 246 2700 usquead
256 2621 393 2695 malleolos
409 2620 559 2697 defluente,
574 2620 696 2678 aureolas
712 2618 799 2700 capite
812 2640 858 2700 ge·
908 2622 1006 2705 σηρικδι
1029 2619 1119 2701 λαβὼν
1140 2621 1234 2700 ἱμάτια
1254 2621 1301 2682 καὶ
1322 2631 1409 2703 χρυσᾶ
1432 2620 1614 2699 ὑποδήματα,
1636 2623 1683 2683 καλ

113 2727 197 2787 stans,
215 2735 278 2774 cum
291 2712 339 2772 illo
359 2711 557 2792 congrediatur.
568 2710 624 2783 Qui
637 2711 709 2771 enim
727 2713 790 2772 talis
810 2724 859 2789 est,
908 2714 1004 2787 στολὴν
1026 2714 1106 2794 μέχρι
1120 2718 1224 2795 σφυρῶν
1243 2714 1410 2793 καθιεμένην,
1434 2712 1481 2774 καὶ
1499 2714 1600 2796 χρυσία
1619 2717 1681 2798 περὶ

113 2827 166 2866 non
178 2806 341 2889 impedietur
351 2805 449 2884 solum,
459 2806 505 2864 sed
515 2826 608 2864 curam
619 2804 720 2864 babens
732 2827 765 2866 ne
773 2819 859 2866 vestes
909 2806 958 2879 elo
979 2806 1106 2888 κεφαλὴν,
1126 2802 1305 2883 συμπλέκοντα
1327 2804 1425 2866 εἰσιών.
1440 2803 1475 2866 ‘0
1489 2805 1542 2887 γὰρ
1565 2814 1682 2877 τοιοῦτος

113 2899 247 2960 foedentur
259 2900 304 2960 rel
325 2898 491 2974 scindantur,
506 2899 533 2957 in
548 2898 638 2979 primo
653 2919 796 2979 congressu
815 2921 859 2959 ea·
911 2902 959 2961 οὐκ
970 2897 1193 2979 ἐμποδισθήσεται
1207 2895 1296 2974 μόνον,
1307 2896 1376 2957 ἀλλὰ
1388 2896 1434 2957 καί
1444 2906 1534 2958 πᾶσαν
1546 2898 1595 2972 τὴν
1605 2923 1683 2982 φροι-

113 2990 169 3055 det,
184 2989 266 3070 idque
284 2990 401 3071 patietur
413 2989 487 3068 quod
501 2989 593 3048 statim
608 2989 709 3066 timuit,
721 2991 748 3049 in
759 2991 857 3071 preci·
911 2992 970 3052 τίδοι
981 2992 1042 3073 περί
1052 2989 1083 3052 τὸ
1097 2991 1134 3069 μὴ
1146 2992 1256 3068 μολῦναι
1269 2989 1336 3068 μηδὲ
1348 2987 1488 3071 διαρρῆξαι
1497 2989 1557 3058 robe
1567 2994 1683 3072 χιτῶνας

113 3084 177 3166 puis
188 3083 312 3165 partibus
325 3082 414 3141 lasus.
431 3083 553 3162 Tempus
566 3081 640 3140 adest
659 3082 821 3160 certaminis,
835 3097 861 3143 et
912 3085 991 3165 ἔχων,
1009 3087 1038 3144 ἐκ
1061 3083 1169 3165 πρώτης
1188 3081 1283 3150 εὐθέως
1301 3080 1451 3163 προσδολῆς
1472 3090 1613 3158 πεσεῖται,
1636 3083 1683 3144 καλ

115 3190 145 3234 tu
156 3174 249 3235 sericis
258 3173 378 3234 indueris
389 3173 397 3236 l
410 3187 517 3255 tempus
534 3172 743 3248 exercitationis,
755 3188 861 3256 tempus
911 3174 976 3257 ὅπερ
990 3174 1114 3248 δέδοικεν,
1126 3173 1219 3241 εὐθέως
1229 3175 1305 3233 τοῦτο
1318 3171 1454 3246 πείσεται,
1470 3174 1532 3255 περὶ
1547 3177 1638 3235 δκεῖνα
1649 3173 1683 3235 rb

114 3268 196 3328 stadii
204 3291 213 3347 5
227 3281 253 3328 et
269 3281 299 3327 tu
323 3267 400 3347 quasi
423 3267 450 3326 in
464 3289 563 3349 pompa
583 3267 696 3348 teipsum
709 3269 809 3328 ornas?
825 3270 862 3329 Et
878 3276 896 3322 θ
911 3269 1002 3348 καίρια
1016 3267 1065 3341 τὴν
1078 3266 1175 3345 ζημίαν
1192 3264 1291 3326 λαθών.
1306 3266 1404 3349 Καιρδς
1423 3268 1522 3346 ἀγῶνος
1542 3266 1682 3341 ἐνέστηκε·

115 3360 250 3441 quomodo
264 3360 424 3443 superabis?
436 3362 478 3419 Ne
489 3359 523 3419 ad
533 3354 656 3438 'externa,
671 3360 717 3420 sed
729 3360 765 3420 ad
779 3361 861 3422 inter·
911 3360 942 3421 ob
964 3362 992 3439 δέ
1012 3359 1159 3442 περιὸἄλλῃ
1179 3358 1289 3440 σηρικᾶ;
1304 3357 1395 3438 καιρὸς
1411 3357 1575 3440 γυμνασίας,
1593 3359 1684 3441 καιρὸς

114 3475 150 3515 na
164 3455 299 3536 respicias.
310 3454 361 3512 llis
376 3453 448 3512 eninr
461 3453 534 3512 euris
547 3474 595 3512 eeu
606 3453 735 3533 gravibus
745 3454 860 3515 vinculis
911 3453 1033 3514 σταδίου·
1052 3451 1084 3513 σθ
1108 3450 1136 3513 δέ
1156 3450 1275 3532 καθάπερ
1289 3454 1316 3512 ἐν
1330 3455 1425 3531 πομπῇ
1443 3458 1552 3530 κοσμεῖς
1572 3449 1683 3525 σαυτόν,

115 3546 237 3625 undiquc
249 3545 339 3605 anima
351 3544 551 3625 constringitur,
570 3566 681 3603 manum
695 3567 748 3606 non
772 3546 860 3607 sinens
910 3548 963 3609 Καὶ
976 3551 1034 3614 πῶς
1047 3543 1174 3627 περιέοῃς
1186 3543 1234 3615 Μή
1256 3566 1301 3621 μοι
1321 3542 1386 3624 πρὸς
1399 3541 1433 3601 τδ
1451 3541 1501 3610 ἐξω
1522 3541 1600 3622 ίδης,
1615 3544 1683 3604 ἀλλὰ

114 3638 246 3714 attollere,
258 3658 306 3696 nec
315 3650 404 3696 contra
415 3636 520 3695 bostem
530 3636 658 3716 proferre,
667 3658 715 3696 nos
725 3638 820 3697 molles
829 3660 860 3697 ac
908 3639 973 3719 πρὸς
994 3638 1029 3698 rb
1049 3636 1110 3697 έσω.
1130 3638 1198 3703 Ταῖς
1215 3630 1267 3715 γδρ
1285 3633 1384 3694 τούτων
1403 3632 1537 3715 φροντίσι,
1559 3635 1684 3719 καθάπερ
1704 3671 1707 3674 >

114 3728 243 3789 delicatos
257 3728 353 3790 reddit.
364 3728 477 3788 Utinam
488 3727 596 3786 liberati
609 3727 716 3788 vincere
726 3728 859 3809 possimus
908 3729 1034 3810 σχοινίοις
1042 3732 1177 3810 χαλεποῖς,
1186 3727 1314 3788 ποίντοθεν
1323 3730 1340 3798 ἡ
1349 3724 1423 3806 ψυχὴ
1434 3723 1595 3800 συνδέδιται,
1605 3735 1683 3810 χεῖρα

115 3827 250 3906 impuram
264 3824 338 3883 illam
356 3835 523 3904 potestatem.
545 3820 610 3880 ldeo
632 3821 764 3898 Christus,
786 3845 816 3882 ac
836 3823 858 3882 si
907 3826 954 3882 οὐκ
968 3825 1039 3882 ἐῶσα
1053 3823 1181 3900 ἀντᾶραι,
1196 3817 1253 3879 οὐδὲ
1265 3815 1682 3900 ἐπανατείνασθαιτῷπολεμίηι,

115 3920 247 3978 nonsatis
268 3917 303 3977 sit
322 3916 433 3977 divitias
447 3916 575 3997 abjicere,
590 3915 654 3975 uide
667 3915 734 3995 quid
760 3916 836 3976 dicat
851 3941 857 3974 :
909 3913 1041 3994 μαλακοὺς
1055 3911 1216 3994 ἐργαζομένη
1238 3909 1283 3969 καλ
1305 3907 1430 3976 ἁπαλούς.
1443 3906 1604 3986 Ἀγαπητδν,
1617 3911 1683 3971 πιίυ-

1 4028 38 4055 tr·
83 4044 88 4055 ·
117 4012 217 4069 Vende
233 4014 412 4090 omniaque
430 4010 574 4080 houset
597 4009 637 4066 du
655 4013 857 4089 pauperibus:
907 4031 960 4067 τιον
979 4004 1167 4085 ἀπαλλαγέντα
1184 4004 1326 4076 δυνηθῆναι
1347 4000 1529 4083 περιγενέσθαι
1551 4007 1601 4076 τῆς
1620 4007 1684 4064 dxc·

115 4116 143 4162 et
154 4107 234 4175 oeni,
246 4123 365 4183 sequere
386 4124 441 4160 me.
457 4099 538 4172 Quod
553 4100 587 4177 si,
604 4100 733 4181 depositis
751 4102 858 4183 opibus,
909 4100 1004 4182 θάρτου
1028 4096 1162 4176 δυνάμεως
1181 4094 1292 4167 ἐκείνης.
1307 4091 1360 4153 dele
1372 4098 1448 4152 τοῦτο
1460 4090 1506 4153 καί
1520 4096 1534 4152 θ
1550 4093 1682 4175 Χριστὸς,

115 4193 235 4253 nondum
250 4194 279 4251 in
294 4206 351 4250 tuto
363 4214 466 4263 sumus,
479 4191 526 4250 sed
539 4192 593 4251 alia
608 4206 664 4251 arte
677 4193 857 4254 etaceuratio-
872 4191 892 4239 Ε
909 4196 944 4259 ὡς
957 4194 1004 4250 οὐκ
1019 4189 1148 4273 ἀρκούσης
1159 4192 1206 4260 τῆς
1218 4191 1270 4246 τῶν
1284 4184 1430 4267 χρημάτων
1444 4183 1523 4260 μόνον
1537 4186 1681 4261 ἀποὸολῆς,

114 4307 147 4345 ue
171 4285 249 4344 nobis
263 4298 302 4343 cst
322 4306 402 4365 opus3
418 4285 617 4363 multomagis,
637 4285 659 4342 si
684 4284 857 4363 retineamus,
908 4283 957 4366 ὅρα
978 4283 1004 4343 τί
1025 4308 1104 4366 φησι,
1121 4279 1249 4353 Πώλησθν
1262 4302 1308 4339 σου
1323 4278 1357 4337 τὰ
1378 4277 1550 4357 ὑπάρχοντα,
1574 4279 1621 4339 καί
1640 4279 1682 4348 δὸς

114 4381 183 4440 nihil
199 4401 327 4459 inagnum
340 4378 523 4460 operabimur,
536 4378 581 4437 secl
591 4377 699 4437 ridiculi
710 4360 740 4438 ‘et
753 4395 858 4461 specta·
909 4385 1041 4458 πτωχοῖς,
1054 4374 1100 4436 καί
1118 4375 1192 4453 δεῦρο
1207 4369 1342 4431 ἀκολούθει
1359 4391 1414 4448 μοι.
1435 4370 1468 4428 El
1488 4366 1531 4443 bl,
1546 4369 1607 4430 οὐδὲ
1619 4368 1681 4432 ὅταν

114 4476 218 4534 toribus
227 4488 253 4533 et
265 4473 317 4555 ipsi
327 4472 522 4551 malignolrosti
533 4470 694 4532 videbimur.
701 4473 776 4532 Licet
786 4474 858 4535 eninr
909 4467 1101 4546 ἀποδυσώμεθα
1110 4465 1144 4524 ed
1156 4462 1300 4545 χρήματα,
1311 4461 1415 4522 οὐδέπω
1426 4464 1452 4520 ἐν
1463 4461 1598 4545 ἀσφαλείᾳ
1607 4464 1683 4537 ἐστί-

111 4569 298 4628 diabolusnon
311 4579 386 4642 esset,
397 4564 460 4623 lieet
476 4564 566 4622 nullus
584 4563 763 4645 impugnaret,
778 4566 857 4626 innu-
908 4587 1004 4641 καμεν,
1018 4559 1086 4621 ἀλλὰ
1106 4556 1152 4617 καί
1173 4556 1263 4637 ἑτέρας
1284 4555 1354 4621 τινος
1369 4552 1463 4634 τέχνης
1481 4552 1527 4612 καλ
1546 4555 1682 4635 ἀκριόείας

111 4659 380 4739 meraeunrliqneviu
395 4678 476 4738 opum
489 4669 622 4714 amantem
647 4657 682 4716 ael
708 4658 856 4737 gehennam
908 4662 973 4734 ἡμῖν
990 4655 1041 4711 δεῖ·
1055 4652 1146 4730 πολλῷ
1167 4650 1267 4726 μᾶλλον
1283 4645 1400 4726 ἔχοντες,
1420 4641 1491 4704 οὐδὲν
1514 4645 1682 4726 ἐργασόμεθα

109 4754 221 4813 ducunt.
233 4753 289 4813 Ubi
315 4773 386 4811 nunc
401 4762 460 4808 sunt
476 4748 522 4827 qui
537 4748 632 4808 dieunt
647 4774 653 4806 :
667 4751 857 4812 Curdiabulus
910 4749 994 4828 μέγα,
1009 4744 1076 4805 ἀλλὰ
1101 4741 1293 4820 καταγέλαστοι
1308 4738 1353 4798 καί
1364 4745 1417 4802 τοῖς
1428 4740 1531 4805 θεαταῖς
1551 4737 1598 4797 καὶ
1610 4740 1681 4821 αὐτῷ

72 4829 80 4842 ’
109 4839 856 4915 saciusesttssceehiediabolnsnihil,scdnosrorum
908 4839 1071 4922 γενησόμεθα
1084 4839 1122 4915 τῷ
1135 4836 1251 4914 πονηρῷ.
1266 4829 1386 4911 Κᾶνγθρ
1398 4826 1517 4896 &liliolus
1532 4822 1602 4911 μθῆ
1612 4829 1680 4905 ,κᾶν

142 5056 152 5077 ⁸
171 5036 257 5087 Codex
271 5056 332 5087 unus
345 5045 491 5104 κεκονιμένον,
507 5033 867 5105 ulittsclsmil-remunerem,
918 5046 937 5092 οῖ
956 5042 979 5089 δέ
997 5037 1134 5106 ὀρθοστάδην
1156 5039 1289 5096 κεκονιμένοι
1311 5035 1349 5082 καὶ
1367 5034 1431 5082 αὐτοί
1445 5036 1546 5083 παίουσιν
1565 5034 1678 5089 ἀλλήλους

108 5115 195 5166 Μοιυί.
215 5123 379 5181 κεκακωμένου.
394 5118 518 5165 Douuacus
536 5113 588 5164 lime
607 5125 700 5163 notat:
722 5115 868 5183 legendum
917 5126 1090 5186 προσπεσόντας,
1101 5118 1138 5164 καί
1151 5116 1299 5172 λακτίζουσιν.

109 5200 254 5262 κεκονιμένον.
270 5193 398 5243 erct'rrnus
411 5196 435 5241 ιἰι
451 5194 592 5259 Ογνιιιιοειό
604 5195 655 5241 sire
668 5192 866 5245 Arracltarside:
