3728 5978
431 427 461 474 S.
488 420 626 474 toanuts
652 419 835 469 cttttt'sost.
865 422 1021 472 tuentur.
1049 421 1322 473 coustantium.

100 402 168 496 196

95 552 193 611 lentus.
215 550 345 630 Magnum
367 562 406 608 est
429 571 458 609 es
483 548 564 608 fontis
582 546 657 606 illins
673 569 679 602 :
691 566 792 625 purum
814 557 841 604 et
896 549 1017 622 πλουτεῖ,
1031 547 1091 608 τότε
1113 549 1227 628 εὐπορεῖ.
1246 546 1329 628 Μέγα
1340 545 1441 621 ἐκείνης
1463 548 1495 608 τὸ
1511 547 1599 627 στόμα
1621 553 1667 621 τῆς

96 644 245 727 limpidum
259 645 317 725 ejus
338 642 479 703 fluentum.
497 643 528 703 Si
541 642 614 700 hune
627 660 679 700 nen
693 640 838 715 obstruas,
895 645 1000 718 πηγῆς·
1014 641 1128 722 καθαρὸν
1142 642 1173 702 τό
1191 642 1273 713 αὐτῆς
1286 651 1359 719 νᾶμα
1378 640 1425 700 καί
1449 640 1551 707 διειδίς.
1562 640 1610 701 Ἂν
1626 641 1661 719 μὴ

97 759 181 816 neque
206 736 284 795 illum
307 736 439 795 obstrues.
463 735 546 796 Nulla
570 734 734 793 infructuosa
757 734 839 813 juxta
858 747 877 794 e
894 731 993 802 ταύτην
1003 730 1166 813 ἀπορράξῃς,
1177 730 1235 790 οὐδὲ
1245 730 1458 805 ἐκείνην.Μηδέν
1473 732 1598 812 ἄκαρπον
1606 757 1666 805 ατη·

95 829 174 888 illurn
185 842 235 888 stet
248 828 336 905 arbor,
348 849 381 888 ne
393 828 535 888 humorem
549 826 626 885 illum
637 826 768 884 absumat.
784 825 840 883 Ha·
894 821 963 882 κε’τω
977 829 1041 907 παρ’
1057 824 1140 896 αὐτὴν
1154 822 1270 904 δένδρον,
1286 821 1329 882 ίνα
1343 823 1381 901 μὴ
1395 822 1445 896 τὴν
1458 822 1573 885 1’νοτίδα
1588 827 1665 898 αὐτῆς

94 922 141 981 bes
151 921 332 980 divitiasttte
346 921 449 1002 plantes
460 918 707 982 illicsalieesttalis
721 917 838 976 estenim
893 917 1079 997 καταναλώσῃ.
1095 915 1188 998 Ἔχεις
1198 917 1343 998 χρήματας
1359 916 1406 989 Μὴ
1427 914 1523 999 φύτευε
1539 919 1665 1001 αἰγείρους

94 1016 151 1095 ejus
161 1014 287 1095 voluptas
302 1037 308 1070 ι
324 1014 409 1073 multa
420 1012 542 1088 insumit,
553 1026 578 1071 et
590 1010 659 1070 nihil
673 1010 740 1070 inse
753 1024 839 1070 osten·
893 1011 964 1067 ἐκεῖ·
977 1017 1093 1071 τοιοῦτον
1105 1011 1157 1092 γὰρ
1170 1015 1189 1082 ἡ
1204 1009 1305 1091 τρυρὴ,·
1328 1010 1415 1070 πολλὰ
1440 1009 1597 1085 ἀναλίσκει,
1621 1013 1664 1072 καί

93 1108 153 1184 dit,
168 1106 216 1166 sed
234 1108 351 1166 sructura
367 1105 465 1187 perdit.
485 1107 526 1167 Ne
538 1105 642 1185 plantes
663 1104 781 1180 salicem,
806 1124 839 1162 ne
893 1099 966 1161 οὐδὲν
980 1101 1108 1162 δείκνυσιν
1122 1105 1149 1161 ἐν
1160 1106 1256 1184 ἑαυτῇ,
1271 1101 1340 1162 ἀλλά
1351 1101 1483 1164 ἀπόλλυσι
1493 1104 1538 1162 τὸν
1555 1103 1663 1183 καρπόν.

92 1198 197 1279 pinum,
209 1218 257 1256 nec
270 1197 339 1277 quid
350 1196 449 1269 simile,
467 1195 540 1274 qued
550 1208 688 1254 consumat
703 1208 729 1254 et
742 1195 838 1254 inutile

92 1289 127 1349 sit
144 1313 151 1346 ι
166 1289 227 1349 talis
236 1291 308 1349 enim
320 1303 360 1349 est
370 1288 484 1350 vestium
499 1288 633 1368 voluptas,
644 1287 706 1346 visu
718 1287 837 1368 pulchrae

92 1397 172 1456 sunt,
194 1381 241 1442 sed
253 1382 290 1442 ad
300 1382 369 1441 nihil
392 1381 478 1440 utiles.
494 1381 582 1462 lmple
594 1380 711 1439 surculis
727 1404 733 1437 ι
748 1381 837 1441 οιιιιιὶα

92 1474 228 1534 fructifera
243 1477 345 1557 plantes
356 1475 384 1534 in
396 1495 491 1533 manus
500 1494 653 1554 pauperum
662 1494 838 1552 quaecumque

92 1569 221 1629 volueris.
231 1566 306 1626 Nihil
316 1567 368 1625 hac
378 1579 447 1625 terra
461 1565 592 1646 pinguius
602 1564 837 1644 ;quamvisparra

92 1661 126 1720 sit
145 1680 240 1719 manus
258 1657 408 1739 capacitas,
426 1669 543 1714 attamen
567 1653 647 1713 arbor
658 1654 705 1713 illa
719 1654 838 1735 plantata

893 1191 940 1265 Μὴ
956 1193 1084 1275 φυτεύσῃς
1095 1194 1206 1268 πεύκην,
1218 1193 1256 1272 μὴ
1277 1204 1365 1269 πῖτυν,
1387 1194 1456 1273 μηδὲ
1477 1195 1545 1255 ἀλλο
1567 1220 1594 1254 τι
1614 1200 1664 1255 τῶν

893 1283 1016 1344 τοιούτων
1029 1288 1083 1344 τῶν
1104 1286 1299 1346 ἀναλισκόντων
1314 1284 1372 1364 μὲν,
1389 1288 1505 1366 οὐδαμοῦ
1527 1286 1663 1368 δδχρησί-

893 1400 951 1454 μων
961 1401 967 1414 ·
978 1385 1080 1439 τοιοῦτο
1090 1380 1170 1461 γάρὴ
1187 1381 1240 1438 τῶν
1255 1377 1368 1456 ἱματίων
1389 1379 1493 1460 τρυρὴ,
1509 1381 1574 1440 ἰδεῖν
1588 1381 1662 1459 μόνω

891 1468 981 1544 καλὸν,
1001 1472 1116 1549 οὐδαμοῦ
1132 1473 1160 1531 δὲ
1171 1471 1316 1554 χρήσιμον.
1327 1469 1538 1554 Ἀναδενδράδων
1558 1473 1662 1554 πλήρεα

892 1585 937 1622 σον
949 1586 955 1600 ·
967 1563 1054 1623 πάντα
1064 1563 1098 1623 τά
1114 1565 1237 1643 κάρπιμα
1250 1561 1375 1644 φύτευσεν
1388 1566 1415 1623 ἐν
1430 1574 1489 1632 ταῖς
1507 1568 1561 1624 τῶν
1580 1565 1661 1636 πενή-

891 1678 942 1715 των
954 1655 1057 1736 χερσίν,
1071 1654 1139 1736 άπερ
1153 1654 1185 1713 ἀν
1203 1655 1288 1735 θέλῃς.
1302 1657 1387 1716 Οὐδὲν
1402 1655 1502 1729 ταύτης
1515 1657 1662 1738 λιπαριύτε·

91 1751 331 1832 adusquecaelum
352 1748 492 1831 pertingit,
509 1761 535 1807 et
549 1748 627 1807 firma
646 1760 707 1807 stat.
722 1749 781 1807 Hoc
798 1763 837 1808 est
847 1800 884 1840 ,ω
893 1771 935 1828 ρον
956 1753 1003 1820 τῆς
1024 1753 1090 1827 γῆς·
1104 1748 1190 1808 καίτοι
1213 1748 1306 1830 μικρόν
1326 1751 1383 1808 ἐστι
1406 1749 1437 1809 τὸ
1459 1749 1596 1830 διάστημα
1617 1756 1661 1824 τῇς

92 1867 154 1904 vere
168 1843 374 1926 plantareNam
384 1841 457 1920 quod
471 1841 498 1899 in
508 1854 577 1899 terra
589 1839 738 1920 plantatur,
751 1839 774 1899 si
785 1861 837 1900 non
857 1858 874 1903 Α
891 1840 992 1921 χειρὸς,
1003 1841 1061 1899 ἀλλ’
1080 1837 1152 1918 όμως
1165 1841 1230 1921 πρὸς
1245 1841 1323 1901 αὐτόν
1338 1840 1429 1921 φθάνει
1443 1842 1488 1902 τὸν
1508 1843 1617 1922 οὐρανὸν
1633 1844 1660 1903 τό

92 1959 174 2015 nune,
191 1948 368 2018 postcentum
381 1932 837 2013 annesperibit.Cnrarberasplan·
891 1932 1062 2013 φυτευόμενον
1090 1931 1210 2014 δένδρον,
1233 1933 1279 1992 καί
1310 1932 1416 2015 βέόαιον
1443 1934 1550 2008 ἔστηκε.
1578 1935 1658 1996 Τοῦτό

91 2044 141 2106 tas,
150 2031 249 2110 quibus
258 2050 312 2089 non
320 2026 429 2102 frueris;
443 2026 638 2104 sedantequam
646 2025 753 2100 fruaris,
765 2047 839 2086 mors
891 2026 946 2083 ἐστι
958 2030 1092 2105 φυτεῦσαι.
1104 2026 1145 2086 Tb
1157 2025 1205 2103 μὲν
1214 2026 1266 2107 γάρ
1277 2026 1451 2106 ρυτευόμενον
1466 2029 1493 2087 ἕν
1503 2033 1540 2110 τῇ
1553 2053 1587 2108 γρ
1594 2074 1603 2102 ,
1613 2028 1658 2088 κᾶν

93 2122 224 2183 invadens
242 2135 268 2181 te
284 2119 399 2201 abripiet
412 2119 426 2178 ἱ)
439 2119 504 2178 Haec
522 2118 614 2195 arbor,
631 2139 694 2177 cum
716 2132 838 2178 mortuns
893 2116 930 2194 μὴ
945 2122 1000 2190 νῦν,
1017 2118 1085 2195 μετὰ
1099 2119 1194 2179 ίκατύν
1206 2117 1252 2190 ἔτη
1266 2119 1413 2178 ἀπολεῖται.
1428 2119 1466 2179 Τί
1479 2119 1596 2201 φυτεύεις
1611 2120 1657 2180 δέν·

91 2214 183 2289 lucris,
206 2227 270 2272 tunc
284 2212 334 2272 tibi
345 2213 461 2271 fructum
478 2208 564 2269 dabit.
577 2210 607 2271 Si
622 2210 724 2291 plantes
738 2257 747 2283 ,
764 2232 797 2271 ne
810 2211 838 2270 in
892 2207 940 2288 δρα
950 2251 958 2279 ,
970 2198 1006 2266 ὧν
1022 2211 1069 2267 οὐκ
1085 2205 1321 2287 ἀπολαύσῃ,ἀλλύ
1341 2209 1404 2288 πρὶν
1422 2207 1440 2279 ἡ
1460 2210 1655 2282 ἀπολαύσεις,θ

91 2306 285 2385 gastrimargia
293 2317 386 2365 ventre
394 2304 548 2385 plantes,ne
557 2303 584 2362 in
593 2324 726 2363 secessum
735 2306 838 2366 tructus
892 2298 1001 2367 θάνατος
1015 2297 1131 2359 ἐπελθὼν
1156 2299 1321 2379 προαρπᾶίεν
1340 2323 1383 2372 σει
1397 2303 1485 2360 Τοῦτο
1508 2303 1540 2362 τὸ
1553 2301 1654 2380 δένδρον,

92 2410 187 2473 exeat;
202 2396 250 2455 sed
265 2397 356 2475 planta
369 2396 397 2452 in
407 2394 506 2453 afflicto
517 2407 620 2471 ventre,
636 2408 666 2453 ut
679 2396 783 2455 fruetus
802 2397 839 2456 ad
892 2390 954 2451 όταν
973 2391 1124 2472 ἀποθάνῃς,
1138 2390 1198 2451 τότε
1218 2416 1258 2453 σον
1273 2392 1364 2452 δίδωσι
1375 2395 1420 2453 τὸν
1433 2394 1547 2476 καρπόν.
1563 2397 1595 2455 Εἰ
1614 2420 1665 2475 ρον

92 2488 189 2546 caelum
202 2487 310 2546 exsiliat
323 2509 329 2542 ι
345 2505 434 2544 recrea
445 2484 563 2544 animam
573 2485 698 2568 pauperis
716 2485 743 2545 in
753 2509 838 2567 angu·
891 2481 973 2550 τεύεις
982 2526 990 2555 ,
1000 2482 1038 2562 μὴ
1051 2487 1077 2544 ἐν
1090 2488 1123 2563 τῇ
1135 2489 1183 2557 τῆς
1195 2484 1408 2567 γαστριμαργίας
1420 2487 1553 2568 φυτεύσῃς
1561 2487 1652 2569 κοιλίῃ,

91 2579 142 2638 stia
156 2578 299 2654 versantis,
315 2590 346 2635 ut
360 2597 393 2635 ne
410 2576 491 2635 latam
509 2589 583 2635 tuam
591 2576 665 2637 viam
675 2593 768 2638 arctes.
778 2581 838 2639 Non
891 2572 934 2632 ἵνα
951 2575 988 2655 μὴ
1004 2579 1039 2643 είς
1052 2576 1189 2657 ἀφεδρῶνα
1200 2576 1324 2655 θκαρπθς
1335 2578 1350 2606 *
1361 2578 1428 2657 ἒκόῇ
1441 2602 1447 2616 ·
1459 2578 1530 2637 ἀλλὰ
1540 2577 1651 2660 ρύτευοον

91 2670 179 2746 vides,
190 2669 324 2750 quomedo
336 2668 458 2745 arbores,
475 2668 600 2747 quaesine
613 2671 838 2751 mensurarigan-
892 2671 918 2729 ἐν
930 2667 1091 2748 τεθλιμμίιῃ
1105 2665 1199 2740 νηδύι,
1213 2666 1257 2727 ἵνα
1275 2668 1383 2751 πηδήσῃ
1397 2695 1418 2729 π

92 2778 146 2841 tur,
157 2786 172 2822 a
185 2764 275 2823 radice
283 2774 490 2842 corrumpantur
498 2784 507 2837 ς
515 2783 574 2839 qna
585 2776 674 2821 autem
687 2785 748 2823 curn
759 2786 837 2823 men·
858 2771 876 2817 B
892 2759 1001 2841 reputit.
1018 2759 1179 2819 Ἀνοίπαυσον
1195 2758 1242 2830 τὴν
1254 2761 1502 2841 στενοχωρουμένην
1514 2761 1600 2844 ψυχὴν
1612 2760 1651 2832 rip

91 2879 166 2935 sura,
182 2856 324 2916 crescant?
342 2855 383 2912 lta
406 2868 432 2913 et
444 2868 475 2913 tu
486 2874 519 2913 nc
541 2868 662 2914 ventrem
676 2870 753 2915 tuum
772 2871 838 2938 potu
856 2934 859 2938 ι

91 2950 251 3031 ingurgites,
269 2971 302 3010 ne
318 2961 452 3029 putrescat
460 2946 564 3006 arboris
578 2947 659 3007 radix
675 2964 789 3029 :potum
803 2949 837 3008 da

91 3041 202 3119 sitienti,
216 3055 246 3100 ut
264 3041 385 3100 fructum
407 3040 483 3099 ierat.
496 3039 563 3110 Quae
587 3039 724 3100 moderate
743 3055 839 3122 potum

91 3135 247 3216 accipiunt,
263 3154 316 3192 nen
325 3132 466 3214 putrefacit
478 3131 528 3206 sel,
546 3130 592 3191 sed
603 3154 662 3210 quae
677 3132 840 3193 immodera-

92 3241 136 3287 te:
153 3226 214 3285 talis
223 3226 324 3306 quippe
335 3239 373 3284 est
387 3225 451 3284 solis
465 3238 570 3284 natura.
587 3224 696 3303 Ubique
707 3226 777 3284 mala
801 3242 839 3287 est

92 3316 280 3378 immoderatio
291 3316 421 3394 :ideoque
434 3315 509 3373 illam
522 3313 721 3390 exscindamus,
735 3332 766 3377 ut
781 3341 839 3397 qua

892 2859 937 2912 τοῦ
951 2851 1076 2927 πένητος,
1091 2852 1133 2912 ίνα
1146 2851 1183 2931 μὴ
1198 2851 1245 2924 τὴν
1266 2852 1412 2935 εὐρύχωρον
1427 2853 1581 2936 θλίψῃςγτὴν
1596 2855 1647 2926 σόν.

892 2947 952 3025 Οὐχ
959 2943 1118 3025 δρᾷς,ότιτά
1126 2943 1285 3023 ποτιζόμενα
1295 2951 1347 3006 τῶν
1358 2945 1471 3029 δένδρων
1480 2947 1601 3030 ἀμέτρως
1610 2945 1652 3006 ἀπὸ

892 3041 939 3108 τῆς
953 3037 1024 3116 ῥίζης
1035 3036 1164 3109 σὴπεται·
1175 3036 1209 3096 τδι
1219 3037 1246 3096 δὲ
1261 3036 1524 3121 μετάγσυμμετρίας,
1536 3038 1651 3110 ciliman

893 3127 972 3188 Ούτω
988 3128 1020 3201 δὴ
1041 3129 1086 3189 καί
1110 3128 1141 3190 σθ
1167 3129 1204 3208 μὴ
1220 3128 1267 3203 τὴν
1289 3138 1385 3192 σαυτοῦ
1407 3131 1520 3213 ποτίσης
1543 3132 1653 3214 ἀμέτροις
1676 3133 1678 3137 ’

893 3221 1025 3303 γαστέρα,
1039 3219 1081 3280 ἵνα
1097 3221 1134 3301 μὴ
1155 3227 1229 3303 σαπῇ
1245 3227 1262 3294 ἡ
1279 3223 1336 3302 ῥίζα
1351 3228 1396 3284 τοῦ
1416 3223 1542 3306 δένδρου·
1556 3225 1652 3284 πότισνν

893 3313 941 3387 τὴν
963 3316 1095 3396 διψῶσαν,
1115 3314 1158 3373 ίνα
1181 3316 1282 3397 καρπδν
1297 3315 1417 3396 ’ἐνέγκῃ
1439 3315 1484 3376 Tb
1507 3316 1653 3396 συμμέτρως
1688 3364 1691 3369 .

93 3410 208 3491 petimus
227 3428 409 3486 assequamur.
430 3407 462 3465 In
475 3405 614 3465 altissimis
635 3407 841 3471 lecisdieuntur
892 3408 1050 3488 ποτιζόμενα
1067 3408 1096 3465 οὐ
1113 3406 1220 3480 σὴπειδ
1239 3407 1328 3481 ἤλας’,
1349 3407 1383 3466 τδι
1404 3407 1432 3467 δὲ
1455 3409 1596 3490 ἀμέτρως,
1610 3412 1652 3483 αὴ-

92 3500 262 3561 lentesoriri.
275 3499 349 3579 Ergo
364 3498 448 3557 simus
461 3498 643 3557 etuasanime
656 3500 804 3576 sublimes,
817 3519 842 3564 et
894 3523 951 3560 πει·
972 3499 1081 3571 τοιαύτη
1102 3499 1153 3580 γὰρ
1167 3501 1184 3572 ἡ
1201 3505 1247 3559 τοῦ
1271 3498 1345 3572 ἡλίου
1367 3498 1453 3581 ρύσις.
1476 3504 1621 3583 Πανταχοῦ
1640 3509 1653 3575 ἡ

94 3593 261 3673 eleemosyna
273 3591 327 3650 cite
340 3590 469 3650 manabit.
481 3589 650 3667 Nequeenim
662 3605 747 3671 petest
755 3595 841 3653 subli-
894 3593 1006 3673 ἀμετρία
1018 3592 1113 3651 κακόν·
1128 3592 1167 3651 διὸ
1180 3592 1364 3675 περικόψωμεν
1375 3591 1467 3667 αὐτὴν,
1477 3592 1521 3653 ἵνα
1533 3596 1580 3654 καὶ
1588 3602 1654 3675 ἡμεῖς

94 3684 146 3744 mis
158 3684 246 3743 anima
254 3705 307 3742 non
318 3681 480 3758 misericors,
490 3695 515 3740 et
527 3680 679 3741 misericors
689 3704 742 3743 non
756 3686 841 3745 subli-
893 3685 1014 3766 τύχωμεν
1029 3676 1066 3743 ὧν
1084 3688 1215 3763 αἰτοῦμεν.
1231 3684 1278 3744 Ἐν
1291 3693 1345 3751 τοῖς
1365 3685 1543 3765 ὑψηλοτάτοις
1557 3689 1654 3769 χωρίοις

94 3778 147 3836 mis
156 3799 221 3837 esse.
234 3776 289 3847 Qui
303 3797 365 3856 ergo
377 3774 503 3856 pecumas
513 3774 637 3855 despicit,
653 3777 743 3838 radice
757 3782 841 3841 male-
860 3782 878 3829 C
895 3780 921 3836 αί
933 3776 1016 3857 πηγαί
1030 3776 1150 3857 λέγονται
1167 3776 1309 3838 τίκτεσθαι.
1324 3780 1427 3839 Οὐκοῦν
1443 3778 1584 3859 γενώμεθα
1599 3783 1656 3861 bb,

94 3891 155 3930 rum
168 3870 291 3951 superior
304 3883 352 3929 est.
367 3870 464 3928 Fontes
480 3867 506 3926 in
524 3866 637 3927 desertis
659 3885 719 3929 sunt
735 3886 763 3930 ut
775 3873 840 3953 plu·
894 3870 934 3929 λολ
946 3869 990 3928 καί
1004 3875 1081 3946 ἡμεῖς
1096 3867 1144 3942 τὴν
1162 3871 1260 3950 ψυχὴν,
1274 3870 1319 3929 καί
1338 3869 1441 3950 ταχίους
1462 3875 1480 3943 ἡ
1502 3872 1656 3950 ἐλεημοσύνη
1685 3878 1695 3896 “

94 3964 212 4022 rimam:
226 3978 252 4023 et
262 3985 310 4023 nes
319 3961 438 4022 animam
451 3983 485 4020 ex
497 3961 615 4020 tumultu
632 3961 800 4043 educainus,
816 3981 842 4025 et
895 3961 996 4042 ῥεύσει·
1013 3966 1043 4022 οὐ
1055 3961 1107 4044 γάρ
1120 3962 1177 4021 ἔστι
1190 3960 1238 4035 τὴν
1252 3961 1355 4042 ὑψηλὴν
1367 3961 1456 4045 ψυχὴν
1480 3963 1518 4043 μὴ
1532 3965 1579 4025 καί
1593 3964 1658 4037 ἔλειξ-

95 4056 169 4137 apnd
180 4077 229 4116 nos
242 4055 367 4116 scaturiet
377 4056 553 4136 eleemosyna.
563 4055 661 4114 Fontes
674 4072 774 4135 quanto
781 4081 840 4118 ma·
895 4078 961 4133 μονα
970 4044 1051 4127 εἶναι,
1061 4053 1107 4113 καί
1118 4052 1165 4127 τὴν
1180 4053 1311 4132 ἐλεήμονα
1321 4053 1357 4128 μὴ
1368 4055 1415 4113 καί
1430 4056 1547 4136 ὑψηλήν.
1563 4056 1597 4117 Ὁ
1605 4062 1657 4135 γοῦν

96 4151 138 4229 gis
148 4164 298 4229 purgantur
309 4195 317 4224 ,
330 4162 404 4208 tanto
419 4148 554 4207 uberiores
565 4162 646 4207 strnt:
664 4148 700 4207 ita
713 4171 762 4210 nos
775 4174 842 4232 quo·
892 4147 1039 4231 χρημάτων
1054 4149 1204 4227 ὑπερορῶν,
1219 4151 1267 4218 τῆς
1288 4145 1360 4225 ῥίζης
1382 4146 1516 4230 ἀνιθτερός
1536 4153 1594 4211 ἐστι
1613 4154 1658 4209 τῶν

96 4261 156 4318 que,
168 4262 222 4319 quo
233 4241 318 4319 magis
332 4241 509 4314 insumemus,
526 4254 551 4298 et
568 4241 656 4318 magis
668 4241 739 4300 bona
754 4259 842 4304 scatu-
894 4246 992 4300 κακῶν.
1008 4243 1043 4300 Αἱ
1058 4239 1142 4318 πηγαί
1153 4241 1179 4298 ἐν
1191 4237 1312 4318 ἐρημίαις
1329 4239 1393 4299 εἰσὶν
1410 4245 1445 4308 ὡς
1459 4243 1494 4301 τὰ
1508 4242 1609 4302 πολλά·
1620 4239 1659 4301 καί

96 4332 174 4390 rient.
188 4330 243 4402 Qui
257 4332 357 4388 sontem
368 4330 459 4404 babet,
469 4349 522 4388 nen
536 4330 629 4389 timet:
645 4332 668 4389 si
682 4353 745 4411 ergo
757 4348 783 4392 et
794 4357 842 4395 nos
895 4339 973 4412 ἡμεῖς
995 4331 1042 4404 τὴν
1065 4331 1152 4413 ψυχὴν
1176 4336 1224 4404 τῆς
1242 4331 1403 4412 πολυσχλίας
1423 4332 1607 4414 ἐξαγάγωμιν,
1621 4331 1660 4392 καί

98 4425 199 4483 iontem
222 4422 370 4481 babeamus
383 4422 587 4502 eleemosynam,
605 4444 657 4482 non
676 4424 841 4488 timebimus.
896 4425 1011 4505 πηγάσει
1027 4427 1090 4506 παρ’
1104 4428 1196 4501 ἡμῖνὴ
1210 4423 1382 4501 ἐλεημοσύνη.
1399 4427 1434 4483 Αἱ
1452 4425 1556 4504 πηγαί,
1568 4427 1660 4507 όσῳάν

99 4515 152 4576 Ηίο
165 4515 267 4596 quippe
279 4515 337 4572 fens
352 4513 388 4573 ad
404 4526 519 4594 potum,
538 4512 572 4572 ad
589 4514 795 4595 irrigationem,
810 4521 846 4579 ad
896 4517 1086 4600 καθαίρωνται,
1108 4514 1307 4598 θάρθονόιτεραι
1323 4515 1456 4593 γίνονται·
1477 4515 1547 4576 οθτω
1571 4518 1603 4591 δὴ
1621 4516 1661 4577 καί

99 4609 225 4684 aedificia,
239 4606 274 4667 ad
289 4608 378 4666 omnia
392 4606 469 4666 nobis
481 4606 555 4665 utilis
565 4621 611 4665 est.
623 4608 700 4667 Nihil
713 4609 766 4669 boe
779 4628 845 4692 potu
896 4617 988 4688 ἡμεῖς,
1005 4609 1058 4691 ὅσῳ
1073 4608 1103 4668 ἀν
1125 4607 1313 4686 ἀναλώσωμεν,
1337 4607 1455 4690 τοσούτῳ
1470 4611 1614 4689 βλαστάνει
1632 4610 1660 4668 τί

99 4700 302 4763 melius2nescit
312 4698 358 4757 bie
367 4700 425 4758 lens
436 4697 591 4757 ebrietatem
602 4699 847 4765 inducere:melius
898 4703 975 4764 καλά.
990 4703 1025 4763 Ὁ
1049 4702 1240 4784 ιτηγὴνῗέχων,
1261 4701 1437 4762 οὐ’δε’δοικεν·
1462 4701 1494 4760 ἀν
1516 4703 1602 4763 robur
1622 4701 1660 4761 καὶ

99 4811 137 4857 est
146 4798 227 4856 talem
236 4793 336 4853 habere
344 4793 542 4870 iontem,quam
552 4793 611 4851 auri
621 4794 705 4853 fontes
714 4797 844 4858 emittere.
864 4814 884 4860 t)
897 4804 973 4876 ἡμεῖς
986 4796 1089 4875 ἔχωμεν
1100 4793 1147 4867 τὴν
1158 4792 1333 4872 ἐλεημοσύνην
1348 4791 1455 4872 πηγὴν,
1467 4797 1497 4854 οὐ
1509 4793 1659 4875 φοόηθηοό-

134 5003 146 5037 ί)
159 5000 229 5051 ldem
243 5002 317 5053 νοτίδα
329 5006 428 5069 Egeria-57·
443 5004 500 5064 ἔχεις
510 5010 630 5068 χρήματα.

133 5081 145 5103 ⁴¹
158 5079 226 5143 [ἐμεῖ’-ᾗ
239 5075 315 5127 Editi.
331 5085 384 5145 tata
395 5075 523 5142 Codices]

133 5172 143 5193 ν
157 5153 241 5205 Codex
251 5173 314 5206 ιιιιιιο
335 5165 421 5222 ἐνέγκῃ.
442 5163 469 5209 ἀν
488 5166 622 5228 συμμέτρως
635 5165 738 5228 ποτίοῃς,
754 5165 777 5212 οὐ
792 5173 856 5220 σήπει

908 5011 919 5057 θ
932 5010 1005 5063 ἥλιος·
1019 5011 1046 5055 ἀν
1057 5006 1079 5052 d'r
1091 5008 1204 5069 ἀμέτρως,
1218 5009 1270 5051 τότε
1282 5009 1354 5055 σήπει.

940 5084 953 5120 l'
966 5081 1036 5131 1de
1049 5087 1206 5151 καθαρώτεροι
1218 5085 1322 5144 γίνονται.
