<?xml version="1.0" encoding="UTF-8"?>
<!DOCTYPE html PUBLIC "-//W3C//DTD XHTML 1.0 Transitional//EN"
    "http://www.w3.org/TR/xhtml1/DTD/xhtml1-transitional.dtd">
<html xmlns="http://www.w3.org/1999/xhtml" xml:lang="en" lang="en">
 <head>
  <title>
</title>
<meta http-equiv="Content-Type" content="text/html;charset=utf-8" />
  <meta name='ocr-system' content='tesseract 3.04.00' />
  <meta name='ocr-capabilities' content='ocr_page ocr_carea ocr_par ocr_line ocrx_word'/>
</head>
<body>
  <div class='ocr_page' id='page_1' title='image "./sanctipatrisnos01chrygoog_0393.png"; bbox 0 0 3728 5978; ppageno 0'>
   <div class='ocr_carea' id='block_1_1' title="bbox 236 407 1477 500">
    <p class='ocr_par' dir='ltr' id='par_1_1' title="bbox 236 407 1477 500">
     <span class='ocr_line' id='line_1_1' title="bbox 236 407 1477 500; baseline -0.002 -20"><span class='ocrx_word' id='word_1_1' title='bbox 236 407 309 500; x_wconf 76' lang='lat'><strong>364</strong></span> <span class='ocrx_word' id='word_1_2' title='bbox 570 431 780 482; x_wconf 72' lang='lat' dir='ltr'><strong>stamme.</strong></span> <span class='ocrx_word' id='word_1_3' title='bbox 809 425 992 479; x_wconf 79' lang='lat' dir='ltr'><strong>euersosr.</strong></span> <span class='ocrx_word' id='word_1_4' title='bbox 1021 422 1179 475; x_wconf 74' lang='lat' dir='ltr'><strong>incarne.</strong></span> <span class='ocrx_word' id='word_1_5' title='bbox 1207 427 1477 480; x_wconf 79' lang='lat' dir='ltr'><strong>cousranrrnon.</strong></span> 
     </span>
    </p>
   </div>
   <div class='ocr_carea' id='block_1_2' title="bbox 233 550 1817 4686">
    <p class='ocr_par' dir='ltr' id='par_1_2' title="bbox 233 550 1817 4050">
     <span class='ocr_line' id='line_1_2' title="bbox 235 550 1809 642; baseline 0.003 -27"><span class='ocrx_word' id='word_1_6' title='bbox 235 574 300 615; x_wconf 84' lang='lat' dir='ltr'><strong>vero</strong></span> <span class='ocrx_word' id='word_1_7' title='bbox 310 573 397 633; x_wconf 87' lang='lat' dir='ltr'><strong>neque</strong></span> <span class='ocrx_word' id='word_1_8' title='bbox 406 566 470 613; x_wconf 86' lang='lat' dir='ltr'><strong>tune</strong></span> <span class='ocrx_word' id='word_1_9' title='bbox 481 574 566 634; x_wconf 85' lang='lat' dir='ltr'><strong>neque</strong></span> <span class='ocrx_word' id='word_1_10' title='bbox 579 576 651 615; x_wconf 91' lang='lat' dir='ltr'><strong>nune</strong></span> <span class='ocrx_word' id='word_1_11' title='bbox 663 556 775 632; x_wconf 88' lang='lat' dir='ltr'><strong>Paulus,</strong></span> <span class='ocrx_word' id='word_1_12' title='bbox 785 552 834 616; x_wconf 88' lang='lat' dir='ltr'><strong>sed</strong></span> <span class='ocrx_word' id='word_1_13' title='bbox 845 550 981 624; x_wconf 87' lang='lat' dir='ltr'><strong>Christus,</strong></span> <span class='ocrx_word' id='word_1_14' title='bbox 1036 551 1084 609; x_wconf 82' lang='grc' dir='ltr'>οὐκ</span> <span class='ocrx_word' id='word_1_15' title='bbox 1095 550 1215 628; x_wconf 78' lang='grc' dir='ltr'>θπίστη,</span> <span class='ocrx_word' id='word_1_16' title='bbox 1235 553 1293 614; x_wconf 72' lang='grc' dir='ltr'>οὐδὲ</span> <span class='ocrx_word' id='word_1_17' title='bbox 1316 553 1399 616; x_wconf 75' lang='grc' dir='ltr'>ἔδεισα</span> <span class='ocrx_word' id='word_1_18' title='bbox 1412 556 1457 616; x_wconf 83' lang='grc' dir='ltr'><strong>τὸν</strong></span> <span class='ocrx_word' id='word_1_19' title='bbox 1471 554 1589 617; x_wconf 81' lang='grc' dir='ltr'>κίνδυνον</span> <span class='ocrx_word' id='word_1_20' title='bbox 1603 556 1641 639; x_wconf 75' lang='grc' dir='ltr'><strong>μὴ</strong></span> <span class='ocrx_word' id='word_1_21' title='bbox 1656 567 1809 642; x_wconf 61' lang='grc' dir='ltr'>κατενεχθῇ,</span> 
     </span>
     <span class='ocr_line' id='line_1_3' title="bbox 235 642 1809 734; baseline 0.003 -26"><span class='ocrx_word' id='word_1_22' title='bbox 235 660 263 708; x_wconf 89' lang='lat' dir='ltr'><strong>et</strong></span> <span class='ocrx_word' id='word_1_23' title='bbox 272 667 351 708; x_wconf 86' lang='lat' dir='ltr'><strong>nemo</strong></span> <span class='ocrx_word' id='word_1_24' title='bbox 361 645 446 707; x_wconf 88' lang='lat' dir='ltr'><strong>audit.</strong></span> <span class='ocrx_word' id='word_1_25' title='bbox 461 647 522 708; x_wconf 90' lang='lat' dir='ltr'><strong>Nou</strong></span> <span class='ocrx_word' id='word_1_26' title='bbox 537 646 653 707; x_wconf 78' lang='lat' dir='ltr'>fenestra</span> <span class='ocrx_word' id='word_1_27' title='bbox 668 669 741 708; x_wconf 88' lang='lat' dir='ltr'><strong>nnnc</strong></span> <span class='ocrx_word' id='word_1_28' title='bbox 757 660 808 725; x_wconf 91' lang='lat' dir='ltr'><strong>est,</strong></span> <span class='ocrx_word' id='word_1_29' title='bbox 823 666 876 706; x_wconf 88' lang='lat' dir='ltr'><strong>non</strong></span> <span class='ocrx_word' id='word_1_30' title='bbox 892 644 983 718; x_wconf 84' lang='lat' dir='ltr'><strong>fames,</strong></span> <span class='ocrx_word' id='word_1_31' title='bbox 1037 643 1072 702; x_wconf 87' lang='lat' dir='ltr'><strong>Ei</strong></span> <span class='ocrx_word' id='word_1_32' title='bbox 1088 642 1116 703; x_wconf 85' lang='grc' dir='ltr'><strong>θί</strong></span> <span class='ocrx_word' id='word_1_33' title='bbox 1135 645 1325 723; x_wconf 63' lang='grc' dir='ltr'>ααίξνυοτύξας</span> <span class='ocrx_word' id='word_1_34' title='bbox 1339 647 1487 724; x_wconf 77' lang='grc' dir='ltr'>κατέπεσε,</span> <span class='ocrx_word' id='word_1_35' title='bbox 1501 648 1538 727; x_wconf 82' lang='grc' dir='ltr'><strong>μὴ</strong></span> <span class='ocrx_word' id='word_1_36' title='bbox 1554 651 1706 732; x_wconf 75' lang='grc' dir='ltr'>θωμάσῃς·</span> <span class='ocrx_word' id='word_1_37' title='bbox 1717 658 1748 712; x_wconf 76' lang='grc' dir='ltr'><strong>αθ</strong></span> <span class='ocrx_word' id='word_1_38' title='bbox 1761 654 1809 734; x_wconf 73' lang='grc' dir='ltr'>γὰρ</span> 
     </span>
     <span class='ocr_line' id='line_1_4' title="bbox 236 735 1808 824; baseline 0.003 -25"><span class='ocrx_word' id='word_1_39' title='bbox 236 759 290 800; x_wconf 93' lang='lat' dir='ltr'><strong>non</strong></span> <span class='ocrx_word' id='word_1_40' title='bbox 304 760 413 799; x_wconf 85' lang='lat' dir='ltr'><strong>somnus</strong></span> <span class='ocrx_word' id='word_1_41' title='bbox 426 739 587 800; x_wconf 86' lang='lat' dir='ltr'><strong>interturbat</strong></span> <span class='ocrx_word' id='word_1_42' title='bbox 591 764 602 819; x_wconf 68' lang='grc' dir='ltr'>ς</span> <span class='ocrx_word' id='word_1_43' title='bbox 618 755 748 802; x_wconf 86' lang='lat' dir='ltr'><strong>ettamen</strong></span> <span class='ocrx_word' id='word_1_44' title='bbox 762 762 814 801; x_wconf 95' lang='lat' dir='ltr'><strong>non</strong></span> <span class='ocrx_word' id='word_1_45' title='bbox 829 739 957 800; x_wconf 84' lang='lat' dir='ltr'><strong>audimus</strong></span> <span class='ocrx_word' id='word_1_46' title='bbox 973 761 980 795; x_wconf 77' lang='grc' dir='ltr'><strong>ε</strong></span> <span class='ocrx_word' id='word_1_47' title='bbox 1036 735 1089 797; x_wconf 77' lang='grc' dir='ltr'>ἀπὸ</span> <span class='ocrx_word' id='word_1_48' title='bbox 1103 737 1232 818; x_wconf 77' lang='grc' dir='ltr'>ρρθυμίας</span> <span class='ocrx_word' id='word_1_49' title='bbox 1250 738 1397 815; x_wconf 76' lang='grc' dir='ltr'>ἐνύσταξαν,</span> <span class='ocrx_word' id='word_1_50' title='bbox 1411 739 1472 800; x_wconf 76' lang='grc' dir='ltr'>ἀλλ’</span> <span class='ocrx_word' id='word_1_51' title='bbox 1486 740 1540 801; x_wconf 77' lang='grc' dir='ltr'>ἀπὸ</span> <span class='ocrx_word' id='word_1_52' title='bbox 1562 741 1680 822; x_wconf 74' lang='grc' dir='ltr'>ἀνάγκης</span> <span class='ocrx_word' id='word_1_53' title='bbox 1700 744 1808 824; x_wconf 77' lang='grc' dir='ltr'>φύσεως.</span> 
     </span>
     <span class='ocr_line' id='line_1_5' title="bbox 235 825 1809 917; baseline 0 -22"><span class='ocrx_word' id='word_1_54' title='bbox 235 855 289 895; x_wconf 90' lang='lat' dir='ltr'><strong>non</strong></span> <span class='ocrx_word' id='word_1_55' title='bbox 307 847 346 894; x_wconf 79' lang='lat' dir='ltr'><strong>ast</strong></span> <span class='ocrx_word' id='word_1_56' title='bbox 360 835 484 914; x_wconf 89' lang='lat' dir='ltr'><strong>angustia</strong></span> <span class='ocrx_word' id='word_1_57' title='bbox 494 835 559 912; x_wconf 88' lang='lat' dir='ltr'><strong>loci,</strong></span> <span class='ocrx_word' id='word_1_58' title='bbox 573 857 627 896; x_wconf 92' lang='lat' dir='ltr'><strong>non</strong></span> <span class='ocrx_word' id='word_1_59' title='bbox 638 836 715 897; x_wconf 87' lang='lat' dir='ltr'><strong>aliud</strong></span> <span class='ocrx_word' id='word_1_60' title='bbox 726 836 869 917; x_wconf 77' lang='lat' dir='ltr'><strong>quidpiam</strong></span> <span class='ocrx_word' id='word_1_61' title='bbox 881 832 980 894; x_wconf 87' lang='lat' dir='ltr'><strong>simile.</strong></span> <span class='ocrx_word' id='word_1_62' title='bbox 1035 825 1076 890; x_wconf 76' lang='grc' dir='ltr'><strong>Σύ</strong></span> <span class='ocrx_word' id='word_1_63' title='bbox 1085 828 1115 888; x_wconf 80' lang='grc' dir='ltr'><strong>δέ</strong></span> <span class='ocrx_word' id='word_1_64' title='bbox 1124 851 1169 906; x_wconf 94' lang='grc' dir='ltr'><strong>μοι</strong></span> <span class='ocrx_word' id='word_1_65' title='bbox 1184 829 1239 903; x_wconf 74' lang='grc' dir='ltr'>θύα,</span> <span class='ocrx_word' id='word_1_66' title='bbox 1247 829 1288 890; x_wconf 82' lang='grc' dir='ltr'><strong>ὅτι</strong></span> <span class='ocrx_word' id='word_1_67' title='bbox 1300 830 1382 900; x_wconf 77' lang='grc' dir='ltr'>οὕτως</span> <span class='ocrx_word' id='word_1_68' title='bbox 1392 831 1503 914; x_wconf 82' lang='grc' dir='ltr'>ίζεοντῇ</span> <span class='ocrx_word' id='word_1_69' title='bbox 1517 833 1666 916; x_wconf 73' lang='grc' dir='ltr'>προθυμία,</span> <span class='ocrx_word' id='word_1_70' title='bbox 1676 834 1809 896; x_wconf 62' lang='lat' dir='ltr'><strong>terreto</strong></span> 
     </span>
     <span class='ocr_line' id='line_1_6' title="bbox 235 911 1808 1008; baseline 0.001 -22"><span class='ocrx_word' id='word_1_71' title='bbox 235 925 370 1006; x_wconf 85' lang='lat' dir='ltr'><strong>Quodque</strong></span> <span class='ocrx_word' id='word_1_72' title='bbox 382 927 484 986; x_wconf 90' lang='lat' dir='ltr'><strong>mirum</strong></span> <span class='ocrx_word' id='word_1_73' title='bbox 498 941 537 987; x_wconf 88' lang='lat' dir='ltr'><strong>est</strong></span> <span class='ocrx_word' id='word_1_74' title='bbox 552 927 655 989; x_wconf 89' lang='lat' dir='ltr'><strong>etiamsi</strong></span> <span class='ocrx_word' id='word_1_75' title='bbox 669 928 822 989; x_wconf 81' lang='lat' dir='ltr'><strong>adolescens</strong></span> <span class='ocrx_word' id='word_1_76' title='bbox 838 940 916 1003; x_wconf 87' lang='lat' dir='ltr'><strong>esset,</strong></span> <span class='ocrx_word' id='word_1_77' title='bbox 929 945 982 985; x_wconf 93' lang='lat' dir='ltr'><strong>non</strong></span> <span class='ocrx_word' id='word_1_78' title='bbox 1036 919 1165 1002; x_wconf 80' lang='grc' dir='ltr'>τριστίγῳ</span> <span class='ocrx_word' id='word_1_79' title='bbox 1178 911 1260 994; x_wconf 70' lang='grc' dir='ltr'>ἦσαν·</span> <span class='ocrx_word' id='word_1_80' title='bbox 1274 921 1349 982; x_wconf 83' lang='grc' dir='ltr'>οὔπω</span> <span class='ocrx_word' id='word_1_81' title='bbox 1363 922 1416 1007; x_wconf 77' lang='grc' dir='ltr'>γὰρ</span> <span class='ocrx_word' id='word_1_82' title='bbox 1427 915 1490 997; x_wconf 65' lang='lat' dir='ltr'><strong>irat</strong></span> <span class='ocrx_word' id='word_1_83' title='bbox 1505 925 1644 1000; x_wconf 74' lang='grc' dir='ltr'>ἐκκλησία.</span> <span class='ocrx_word' id='word_1_84' title='bbox 1665 925 1714 1000; x_wconf 71' lang='grc' dir='ltr'><strong>Μὴ</strong></span> <span class='ocrx_word' id='word_1_85' title='bbox 1734 932 1808 1008; x_wconf 87' lang='grc' dir='ltr'>θορν-</span> 
     </span>
     <span class='ocr_line' id='line_1_7' title="bbox 235 1012 1810 1100; baseline 0.001 -23"><span class='ocrx_word' id='word_1_86' title='bbox 235 1031 291 1078; x_wconf 87' lang='lat' dir='ltr'><strong>erat</strong></span> <span class='ocrx_word' id='word_1_87' title='bbox 301 1019 388 1100; x_wconf 88' lang='lat' dir='ltr'><strong>piger,</strong></span> <span class='ocrx_word' id='word_1_88' title='bbox 400 1032 426 1078; x_wconf 91' lang='lat' dir='ltr'><strong>et</strong></span> <span class='ocrx_word' id='word_1_89' title='bbox 437 1039 531 1083; x_wconf 78' lang='lat' dir='ltr'><strong>mmno</strong></span> <span class='ocrx_word' id='word_1_90' title='bbox 547 1035 676 1100; x_wconf 83' lang='lat' dir='ltr'><strong>gravatus</strong></span> <span class='ocrx_word' id='word_1_91' title='bbox 691 1042 745 1082; x_wconf 92' lang='lat' dir='ltr'><strong>non</strong></span> <span class='ocrx_word' id='word_1_92' title='bbox 756 1020 887 1093; x_wconf 75' lang='lat' dir='ltr'><strong>discessit,</strong></span> <span class='ocrx_word' id='word_1_93' title='bbox 897 1038 984 1096; x_wconf 88' lang='lat' dir='ltr'><strong>neque</strong></span> <span class='ocrx_word' id='word_1_94' title='bbox 1037 1013 1141 1087; x_wconf 82' lang='grc' dir='ltr'>ύεῖσθε,</span> <span class='ocrx_word' id='word_1_95' title='bbox 1156 1012 1249 1094; x_wconf 83' lang='grc' dir='ltr'>φησίν·</span> <span class='ocrx_word' id='word_1_96' title='bbox 1262 1019 1281 1087; x_wconf 79' lang='grc' dir='ltr'>ἡ</span> <span class='ocrx_word' id='word_1_97' title='bbox 1292 1014 1344 1095; x_wconf 75' lang='grc' dir='ltr'>γὰρ</span> <span class='ocrx_word' id='word_1_98' title='bbox 1356 1015 1432 1098; x_wconf 69' lang='grc' dir='ltr'><strong>ψυχὴ</strong></span> <span class='ocrx_word' id='word_1_99' title='bbox 1446 1021 1526 1080; x_wconf 79' lang='grc' dir='ltr'>αὐτοῦ</span> <span class='ocrx_word' id='word_1_100' title='bbox 1536 1021 1563 1077; x_wconf 79' lang='grc' dir='ltr'><strong>ἐν</strong></span> <span class='ocrx_word' id='word_1_101' title='bbox 1572 1021 1646 1098; x_wconf 79' lang='grc' dir='ltr'>αὐτῷ</span> <span class='ocrx_word' id='word_1_102' title='bbox 1658 1021 1741 1078; x_wconf 79' lang='grc' dir='ltr'>ἐστιν.</span> <span class='ocrx_word' id='word_1_103' title='bbox 1755 1022 1810 1079; x_wconf 83' lang='grc' dir='ltr'><strong>Οὐκ</strong></span> 
     </span>
     <span class='ocr_line' id='line_1_8' title="bbox 235 1096 1809 1191; baseline 0.002 -23"><span class='ocrx_word' id='word_1_104' title='bbox 235 1108 388 1191; x_wconf 87' lang='lat' dir='ltr'><strong>periculum</strong></span> <span class='ocrx_word' id='word_1_105' title='bbox 408 1110 577 1188; x_wconf 84' lang='lat' dir='ltr'><strong>formidavit,</strong></span> <span class='ocrx_word' id='word_1_106' title='bbox 589 1133 623 1171; x_wconf 88' lang='lat' dir='ltr'><strong>ne</strong></span> <span class='ocrx_word' id='word_1_107' title='bbox 637 1113 781 1172; x_wconf 87' lang='lat' dir='ltr'><strong>laberetur.</strong></span> <span class='ocrx_word' id='word_1_108' title='bbox 793 1110 909 1185; x_wconf 91' lang='lat' dir='ltr'><strong>Quodsi</strong></span> <span class='ocrx_word' id='word_1_109' title='bbox 919 1110 984 1172; x_wconf 91' lang='lat' dir='ltr'><strong>dor·</strong></span> <span class='ocrx_word' id='word_1_110' title='bbox 1037 1096 1119 1179; x_wconf 76' lang='lat' dir='ltr'><strong>einer,</strong></span> <span class='ocrx_word' id='word_1_111' title='bbox 1132 1105 1325 1183; x_wconf 62' lang='grc' dir='ltr'>ἀναστήσεται,</span> <span class='ocrx_word' id='word_1_112' title='bbox 1342 1111 1425 1191; x_wconf 77' lang='grc' dir='ltr'>ἐγερῶ</span> <span class='ocrx_word' id='word_1_113' title='bbox 1442 1108 1494 1191; x_wconf 71' lang='grc' dir='ltr'>γὰρ</span> <span class='ocrx_word' id='word_1_114' title='bbox 1510 1111 1606 1171; x_wconf 82' lang='grc' dir='ltr'>αὐτόν·</span> <span class='ocrx_word' id='word_1_115' title='bbox 1620 1111 1690 1171; x_wconf 75' lang='grc' dir='ltr'>ἀλλὰ</span> <span class='ocrx_word' id='word_1_116' title='bbox 1703 1110 1748 1187; x_wconf 66' lang='grc' dir='ltr'><strong>τίς</strong></span> <span class='ocrx_word' id='word_1_117' title='bbox 1764 1112 1809 1184; x_wconf 73' lang='grc' dir='ltr'><strong>Μὴ</strong></span> 
     </span>
     <span class='ocr_line' id='line_1_9' title="bbox 237 1194 1810 1284; baseline 0.001 -24"><span class='ocrx_word' id='word_1_118' title='bbox 237 1200 336 1261; x_wconf 80' lang='lat' dir='ltr'><strong>mitons</strong></span> <span class='ocrx_word' id='word_1_119' title='bbox 349 1200 488 1280; x_wconf 89' lang='lat' dir='ltr'><strong>deciderit,</strong></span> <span class='ocrx_word' id='word_1_120' title='bbox 502 1222 536 1262; x_wconf 92' lang='lat' dir='ltr'><strong>ne</strong></span> <span class='ocrx_word' id='word_1_121' title='bbox 545 1204 669 1283; x_wconf 73' lang='lat' dir='ltr'><strong>mireris,</strong></span> <span class='ocrx_word' id='word_1_122' title='bbox 683 1205 851 1284; x_wconf 84' lang='lat' dir='ltr'><strong>nequeenim</strong></span> <span class='ocrx_word' id='word_1_123' title='bbox 862 1204 983 1283; x_wconf 84' lang='lat' dir='ltr'><strong>exigna·</strong></span> <span class='ocrx_word' id='word_1_124' title='bbox 1038 1194 1197 1277; x_wconf 76' lang='grc' dir='ltr'>θορυὸεῖσθε.</span> <span class='ocrx_word' id='word_1_125' title='bbox 1210 1195 1281 1277; x_wconf 82' lang='grc' dir='ltr'>Ὅρα</span> <span class='ocrx_word' id='word_1_126' title='bbox 1291 1197 1322 1258; x_wconf 76' lang='grc' dir='ltr'>τὸ</span> <span class='ocrx_word' id='word_1_127' title='bbox 1336 1199 1444 1279; x_wconf 75' lang='grc' dir='ltr'>ἄτυφον,</span> <span class='ocrx_word' id='word_1_128' title='bbox 1454 1198 1500 1260; x_wconf 79' lang='grc' dir='ltr'><strong>καί</strong></span> <span class='ocrx_word' id='word_1_129' title='bbox 1510 1200 1722 1279; x_wconf 83' lang='grc' dir='ltr'>παρακλητικύν.</span> <span class='ocrx_word' id='word_1_130' title='bbox 1737 1201 1810 1262; x_wconf 79' lang='grc' dir='ltr'>Ἀνα-</span> 
     </span>
     <span class='ocr_line' id='line_1_10' title="bbox 235 1287 1811 1372; baseline 0.002 -21"><span class='ocrx_word' id='word_1_131' title='bbox 235 1290 284 1352; x_wconf 84' lang='lat' dir='ltr'><strong>via</strong></span> <span class='ocrx_word' id='word_1_132' title='bbox 307 1291 483 1369; x_wconf 78' lang='lat' dir='ltr'><strong>dormitabat,</strong></span> <span class='ocrx_word' id='word_1_133' title='bbox 503 1293 552 1353; x_wconf 87' lang='lat' dir='ltr'><strong>sed</strong></span> <span class='ocrx_word' id='word_1_134' title='bbox 572 1317 607 1355; x_wconf 77' lang='lat' dir='ltr'><strong>ex</strong></span> <span class='ocrx_word' id='word_1_135' title='bbox 623 1309 726 1355; x_wconf 69' lang='lat' dir='ltr'><strong>natura</strong></span> <span class='ocrx_word' id='word_1_136' title='bbox 747 1296 910 1357; x_wconf 81' lang='lat' dir='ltr'><strong>necessitate.</strong></span> <span class='ocrx_word' id='word_1_137' title='bbox 937 1295 984 1353; x_wconf 88' lang='lat' dir='ltr'><strong>Tu</strong></span> <span class='ocrx_word' id='word_1_138' title='bbox 1038 1287 1087 1356; x_wconf 70' lang='lat' dir='ltr'><strong>di&lt;</strong></span> <span class='ocrx_word' id='word_1_139' title='bbox 1096 1289 1142 1349; x_wconf 78' lang='grc' dir='ltr'>νιιιλ</span> <span class='ocrx_word' id='word_1_140' title='bbox 1156 1288 1371 1370; x_wconf 48' lang='lat' dir='ltr'><strong>dictaveris,</strong></span> <span class='ocrx_word' id='word_1_141' title='bbox 1383 1290 1462 1371; x_wconf 77' lang='grc' dir='ltr'>ἄρτον</span> <span class='ocrx_word' id='word_1_142' title='bbox 1480 1290 1526 1350; x_wconf 81' lang='grc' dir='ltr'><strong>καί</strong></span> <span class='ocrx_word' id='word_1_143' title='bbox 1541 1291 1712 1372; x_wconf 75' lang='grc' dir='ltr'>γευσάμενος.</span> <span class='ocrx_word' id='word_1_144' title='bbox 1726 1295 1811 1354; x_wconf 80' lang='grc' dir='ltr'>Τοῦτο</span> 
     </span>
     <span class='ocr_line' id='line_1_11' title="bbox 236 1379 1811 1465; baseline 0.006 -21"><span class='ocrx_word' id='word_1_145' title='bbox 236 1403 301 1444; x_wconf 85' lang='lat' dir='ltr'><strong>vero</strong></span> <span class='ocrx_word' id='word_1_146' title='bbox 313 1384 464 1446; x_wconf 81' lang='lat' dir='ltr'><strong>consideres</strong></span> <span class='ocrx_word' id='word_1_147' title='bbox 474 1386 566 1463; x_wconf 82' lang='lat' dir='ltr'><strong>velim,</strong></span> <span class='ocrx_word' id='word_1_148' title='bbox 574 1387 636 1448; x_wconf 87' lang='lat' dir='ltr'><strong>illos</strong></span> <span class='ocrx_word' id='word_1_149' title='bbox 643 1401 717 1448; x_wconf 88' lang='lat' dir='ltr'><strong>tanto</strong></span> <span class='ocrx_word' id='word_1_150' title='bbox 724 1387 814 1448; x_wconf 90' lang='lat' dir='ltr'><strong>studio</strong></span> <span class='ocrx_word' id='word_1_151' title='bbox 823 1402 910 1448; x_wconf 93' lang='lat' dir='ltr'><strong>motos</strong></span> <span class='ocrx_word' id='word_1_152' title='bbox 919 1388 985 1448; x_wconf 84' lang='lat' dir='ltr'><strong>fuis·</strong></span> <span class='ocrx_word' id='word_1_153' title='bbox 1002 1394 1022 1442; x_wconf 84' lang='lat' dir='ltr'><strong>c</strong></span> <span class='ocrx_word' id='word_1_154' title='bbox 1039 1381 1143 1461; x_wconf 67' lang='grc' dir='ltr'>διίκαθε</span> <span class='ocrx_word' id='word_1_155' title='bbox 1151 1381 1197 1442; x_wconf 78' lang='grc' dir='ltr'><strong>τὸν</strong></span> <span class='ocrx_word' id='word_1_156' title='bbox 1206 1379 1294 1460; x_wconf 85' lang='grc' dir='ltr'>λόγον,</span> <span class='ocrx_word' id='word_1_157' title='bbox 1309 1384 1338 1441; x_wconf 77' lang='grc' dir='ltr'><strong>οὗ</strong></span> <span class='ocrx_word' id='word_1_158' title='bbox 1352 1380 1406 1460; x_wconf 68' lang='grc' dir='ltr'><strong>μὴν</strong></span> <span class='ocrx_word' id='word_1_159' title='bbox 1420 1381 1543 1465; x_wconf 66' lang='grc' dir='ltr'>ἶὸλνψιν·</span> <span class='ocrx_word' id='word_1_160' title='bbox 1555 1382 1638 1464; x_wconf 62' lang='grc' dir='ltr'>Ὁρᾷς</span> <span class='ocrx_word' id='word_1_161' title='bbox 1648 1389 1696 1444; x_wconf 65' lang='grc' dir='ltr'><strong>τοῦ</strong></span> <span class='ocrx_word' id='word_1_162' title='bbox 1708 1383 1811 1445; x_wconf 67' lang='grc' dir='ltr'>δείπνου</span> 
     </span>
     <span class='ocr_line' id='line_1_12' title="bbox 238 1472 1812 1556; baseline 0.003 -22"><span class='ocrx_word' id='word_1_163' title='bbox 238 1496 277 1553; x_wconf 93' lang='lat' dir='ltr'><strong>se,</strong></span> <span class='ocrx_word' id='word_1_164' title='bbox 289 1489 320 1535; x_wconf 92' lang='lat' dir='ltr'><strong>ut</strong></span> <span class='ocrx_word' id='word_1_165' title='bbox 342 1477 423 1536; x_wconf 85' lang='lat' dir='ltr'><strong>etiam</strong></span> <span class='ocrx_word' id='word_1_166' title='bbox 442 1478 471 1538; x_wconf 89' lang='lat' dir='ltr'><strong>in</strong></span> <span class='ocrx_word' id='word_1_167' title='bbox 490 1479 570 1538; x_wconf 88' lang='lat' dir='ltr'><strong>tertio</strong></span> <span class='ocrx_word' id='word_1_168' title='bbox 592 1481 729 1540; x_wconf 88' lang='lat' dir='ltr'><strong>ooenaculo</strong></span> <span class='ocrx_word' id='word_1_169' title='bbox 751 1493 850 1555; x_wconf 81' lang='lat' dir='ltr'><strong>essent3</strong></span> <span class='ocrx_word' id='word_1_170' title='bbox 866 1479 985 1540; x_wconf 89' lang='lat' dir='ltr'><strong>nondum</strong></span> <span class='ocrx_word' id='word_1_171' title='bbox 1038 1473 1069 1534; x_wconf 73' lang='lat' dir='ltr'><strong>si</strong></span> <span class='ocrx_word' id='word_1_172' title='bbox 1081 1472 1237 1556; x_wconf 68' lang='grc' dir='ltr'>ύαίριττονς</span> <span class='ocrx_word' id='word_1_173' title='bbox 1256 1474 1310 1534; x_wconf 77' lang='grc' dir='ltr'>Καὶ</span> <span class='ocrx_word' id='word_1_174' title='bbox 1322 1472 1499 1553; x_wconf 71' lang='grc' dir='ltr'>γευσάμενος,</span> <span class='ocrx_word' id='word_1_175' title='bbox 1516 1475 1606 1556; x_wconf 76' lang='grc' dir='ltr'>φησίν,</span> <span class='ocrx_word' id='word_1_176' title='bbox 1623 1480 1664 1556; x_wconf 85' lang='grc' dir='ltr'><strong>ἐφ’</strong></span> <span class='ocrx_word' id='word_1_177' title='bbox 1681 1476 1772 1538; x_wconf 84' lang='grc' dir='ltr'>ίιισνύν</span> <span class='ocrx_word' id='word_1_178' title='bbox 1785 1502 1812 1536; x_wconf 90' lang='grc' dir='ltr'><strong>τε</strong></span> 
     </span>
     <span class='ocr_line' id='line_1_13' title="bbox 239 1565 1812 1652; baseline 0.006 -25"><span class='ocrx_word' id='word_1_179' title='bbox 239 1567 313 1628; x_wconf 88' lang='lat' dir='ltr'><strong>enim</strong></span> <span class='ocrx_word' id='word_1_180' title='bbox 324 1583 382 1629; x_wconf 89' lang='lat' dir='ltr'><strong>erat</strong></span> <span class='ocrx_word' id='word_1_181' title='bbox 393 1569 621 1631; x_wconf 65' lang='lat' dir='ltr'><strong>ecclesiaticum</strong></span> <span class='ocrx_word' id='word_1_182' title='bbox 634 1575 758 1644; x_wconf 81' lang='lat' dir='ltr'><strong>turbari,</strong></span> <span class='ocrx_word' id='word_1_183' title='bbox 768 1572 871 1652; x_wconf 71' lang='lat' dir='ltr'><strong>inquit,</strong></span> <span class='ocrx_word' id='word_1_184' title='bbox 883 1576 987 1632; x_wconf 89' lang='lat' dir='ltr'><strong>anima</strong></span> <span class='ocrx_word' id='word_1_185' title='bbox 1039 1565 1170 1645; x_wconf 72' lang='grc' dir='ltr'><strong>ὁμιλήσας</strong></span> <span class='ocrx_word' id='word_1_186' title='bbox 1192 1567 1269 1648; x_wconf 72' lang='grc' dir='ltr'>ἄχρις</span> <span class='ocrx_word' id='word_1_187' title='bbox 1294 1570 1393 1647; x_wconf 59' lang='lat' dir='ltr'><strong>vitiis,</strong></span> <span class='ocrx_word' id='word_1_188' title='bbox 1414 1565 1497 1636; x_wconf 64' lang='lat' dir='ltr'><strong>otta&lt;</strong></span> <span class='ocrx_word' id='word_1_189' title='bbox 1522 1567 1638 1642; x_wconf 59' lang='lat' dir='ltr'><strong>arton.</strong></span> <span class='ocrx_word' id='word_1_190' title='bbox 1660 1568 1745 1652; x_wconf 70' lang='grc' dir='ltr'>Ὁρᾷς</span> <span class='ocrx_word' id='word_1_191' title='bbox 1759 1575 1812 1636; x_wconf 71' lang='lat' dir='ltr'><strong>air&lt;</strong></span> 
     </span>
     <span class='ocr_line' id='line_1_14' title="bbox 238 1651 1811 1745; baseline 0.006 -26"><span class='ocrx_word' id='word_1_192' title='bbox 238 1663 318 1720; x_wconf 81' lang='lat' dir='ltr'><strong>enim</strong></span> <span class='ocrx_word' id='word_1_193' title='bbox 336 1663 399 1742; x_wconf 76' lang='lat' dir='ltr'><strong>ejus</strong></span> <span class='ocrx_word' id='word_1_194' title='bbox 417 1666 449 1720; x_wconf 83' lang='lat' dir='ltr'><strong>in</strong></span> <span class='ocrx_word' id='word_1_195' title='bbox 466 1667 528 1742; x_wconf 83' lang='lat' dir='ltr'><strong>ipso</strong></span> <span class='ocrx_word' id='word_1_196' title='bbox 543 1677 598 1725; x_wconf 89' lang='lat' dir='ltr'><strong>est.</strong></span> <span class='ocrx_word' id='word_1_197' title='bbox 614 1665 674 1723; x_wconf 90' lang='lat' dir='ltr'><strong>Non</strong></span> <span class='ocrx_word' id='word_1_198' title='bbox 690 1663 772 1740; x_wconf 82' lang='lat' dir='ltr'><strong>dixit,</strong></span> <span class='ocrx_word' id='word_1_199' title='bbox 784 1667 926 1745; x_wconf 84' lang='lat' dir='ltr'><strong>Resurget,</strong></span> <span class='ocrx_word' id='word_1_200' title='bbox 941 1686 987 1724; x_wconf 91' lang='lat' dir='ltr'><strong>su·</strong></span> <span class='ocrx_word' id='word_1_201' title='bbox 1041 1657 1245 1738; x_wconf 76' lang='grc' dir='ltr'>διινυκτίρευανς</span> <span class='ocrx_word' id='word_1_202' title='bbox 1259 1660 1390 1720; x_wconf 76' lang='grc' dir='ltr'>Τοιαῦται</span> <span class='ocrx_word' id='word_1_203' title='bbox 1412 1663 1440 1719; x_wconf 76' lang='grc' dir='ltr'>αἱ</span> <span class='ocrx_word' id='word_1_204' title='bbox 1456 1659 1586 1739; x_wconf 75' lang='grc' dir='ltr'>τράπεζαι</span> <span class='ocrx_word' id='word_1_205' title='bbox 1609 1651 1690 1735; x_wconf 61' lang='grc' dir='ltr'>ἦσαν,</span> <span class='ocrx_word' id='word_1_206' title='bbox 1709 1665 1747 1729; x_wconf 74' lang='grc' dir='ltr'>ὣς</span> <span class='ocrx_word' id='word_1_207' title='bbox 1766 1662 1811 1733; x_wconf 79' lang='grc' dir='ltr'><strong>νύ·</strong></span> 
     </span>
     <span class='ocr_line' id='line_1_15' title="bbox 237 1749 1813 1833; baseline 0.004 -21"><span class='ocrx_word' id='word_1_208' title='bbox 237 1751 341 1813; x_wconf 78' lang='grc' dir='ltr'>εοίαίιο</span> <span class='ocrx_word' id='word_1_209' title='bbox 359 1753 433 1828; x_wconf 83' lang='lat' dir='ltr'><strong>enim</strong></span> <span class='ocrx_word' id='word_1_210' title='bbox 455 1753 551 1826; x_wconf 87' lang='lat' dir='ltr'><strong>iltum;</strong></span> <span class='ocrx_word' id='word_1_211' title='bbox 567 1754 617 1814; x_wconf 85' lang='lat' dir='ltr'><strong>sed</strong></span> <span class='ocrx_word' id='word_1_212' title='bbox 641 1754 731 1833; x_wconf 72' lang='lat' dir='ltr'><strong>qiud?</strong></span> <span class='ocrx_word' id='word_1_213' title='bbox 749 1758 850 1817; x_wconf 83' lang='lat' dir='ltr'><strong>Nolite</strong></span> <span class='ocrx_word' id='word_1_214' title='bbox 866 1760 987 1818; x_wconf 82' lang='lat' dir='ltr'><strong>turbari.</strong></span> <span class='ocrx_word' id='word_1_215' title='bbox 1040 1771 1135 1831; x_wconf 81' lang='grc' dir='ltr'>ροντατ</span> <span class='ocrx_word' id='word_1_216' title='bbox 1145 1749 1226 1810; x_wconf 75' lang='grc' dir='ltr'>πάλιν</span> <span class='ocrx_word' id='word_1_217' title='bbox 1236 1751 1344 1811; x_wconf 76' lang='grc' dir='ltr'>ἀπιέναι</span> <span class='ocrx_word' id='word_1_218' title='bbox 1353 1749 1413 1818; x_wconf 75' lang='grc' dir='ltr'>τοὺς</span> <span class='ocrx_word' id='word_1_219' title='bbox 1423 1750 1569 1831; x_wconf 67' lang='grc' dir='ltr'>ἀκροατὰς,</span> <span class='ocrx_word' id='word_1_220' title='bbox 1582 1751 1629 1811; x_wconf 80' lang='grc' dir='ltr'><strong>καί</strong></span> <span class='ocrx_word' id='word_1_221' title='bbox 1638 1751 1704 1831; x_wconf 69' lang='grc' dir='ltr'>πρὸς</span> <span class='ocrx_word' id='word_1_222' title='bbox 1714 1751 1813 1833; x_wconf 72' lang='grc' dir='ltr'>ἀκρίς·</span> 
     </span>
     <span class='ocr_line' id='line_1_16' title="bbox 238 1835 1812 1927; baseline 0.003 -22"><span class='ocrx_word' id='word_1_223' title='bbox 238 1841 311 1905; x_wconf 90' lang='lat' dir='ltr'><strong>Vide</strong></span> <span class='ocrx_word' id='word_1_224' title='bbox 322 1866 403 1924; x_wconf 90' lang='lat' dir='ltr'><strong>quam</strong></span> <span class='ocrx_word' id='word_1_225' title='bbox 418 1845 479 1905; x_wconf 92' lang='lat' dir='ltr'><strong>sita</strong></span> <span class='ocrx_word' id='word_1_226' title='bbox 494 1847 566 1906; x_wconf 87' lang='lat' dir='ltr'><strong>fastu</strong></span> <span class='ocrx_word' id='word_1_227' title='bbox 578 1846 693 1922; x_wconf 89' lang='lat' dir='ltr'><strong>alienus,</strong></span> <span class='ocrx_word' id='word_1_228' title='bbox 707 1848 833 1926; x_wconf 78' lang='lat' dir='ltr'><strong>quemad</strong></span> <span class='ocrx_word' id='word_1_229' title='bbox 844 1849 988 1909; x_wconf 86' lang='lat' dir='ltr'><strong>consolan-</strong></span> <span class='ocrx_word' id='word_1_230' title='bbox 1041 1867 1083 1903; x_wconf 83' lang='grc' dir='ltr'><strong>σιν</strong></span> <span class='ocrx_word' id='word_1_231' title='bbox 1097 1835 1164 1903; x_wconf 71' lang='grc' dir='ltr'>εἶναι</span> <span class='ocrx_word' id='word_1_232' title='bbox 1184 1843 1355 1917; x_wconf 73' lang='grc' dir='ltr'>ἐπιτηδείως.</span> <span class='ocrx_word' id='word_1_233' title='bbox 1377 1843 1413 1904; x_wconf 88' lang='grc' dir='ltr'><strong>Τί</strong></span> <span class='ocrx_word' id='word_1_234' title='bbox 1432 1849 1516 1904; x_wconf 78' lang='grc' dir='ltr'>κυνῶν</span> <span class='ocrx_word' id='word_1_235' title='bbox 1539 1844 1696 1927; x_wconf 71' lang='grc' dir='ltr'>διαφέρομεν</span> <span class='ocrx_word' id='word_1_236' title='bbox 1721 1849 1812 1924; x_wconf 68' lang='grc' dir='ltr'>ἡμεῖςς</span> 
     </span>
     <span class='ocr_line' id='line_1_17' title="bbox 239 1933 1813 2022; baseline 0.001 -27"><span class='ocrx_word' id='word_1_237' title='bbox 239 1933 307 1995; x_wconf 91' lang='lat' dir='ltr'><strong>dum</strong></span> <span class='ocrx_word' id='word_1_238' title='bbox 320 1958 432 2018; x_wconf 72' lang='lat' dir='ltr'><strong>pronius.</strong></span> <span class='ocrx_word' id='word_1_239' title='bbox 446 1938 632 2011; x_wconf 81' lang='lat' dir='ltr'><strong>Ascendens,</strong></span> <span class='ocrx_word' id='word_1_240' title='bbox 640 1938 774 2018; x_wconf 68' lang='lat' dir='ltr'><strong>inquitet</strong></span> <span class='ocrx_word' id='word_1_241' title='bbox 779 1943 923 2022; x_wconf 81' lang='lat' dir='ltr'><strong>frangens</strong></span> <span class='ocrx_word' id='word_1_242' title='bbox 932 1963 989 2022; x_wconf 88' lang='lat' dir='ltr'><strong>pa-</strong></span> <span class='ocrx_word' id='word_1_243' title='bbox 1041 1935 1140 2017; x_wconf 76' lang='grc' dir='ltr'>Ὁρθτε</span> <span class='ocrx_word' id='word_1_244' title='bbox 1158 1936 1240 1998; x_wconf 82' lang='grc' dir='ltr'>πόσον</span> <span class='ocrx_word' id='word_1_245' title='bbox 1261 1936 1291 1997; x_wconf 82' lang='grc' dir='ltr'><strong>τὸ</strong></span> <span class='ocrx_word' id='word_1_246' title='bbox 1311 1938 1449 2018; x_wconf 81' lang='grc' dir='ltr'>διάραρον;</span> <span class='ocrx_word' id='word_1_247' title='bbox 1466 1936 1647 2018; x_wconf 77' lang='grc' dir='ltr'><strong>1’Ἤγαγονδί</strong></span> <span class='ocrx_word' id='word_1_248' title='bbox 1665 1938 1711 1998; x_wconf 82' lang='grc' dir='ltr'><strong>τὸν</strong></span> <span class='ocrx_word' id='word_1_249' title='bbox 1732 1939 1813 1997; x_wconf 83' lang='grc' dir='ltr'>παῖδα</span> 
     </span>
     <span class='ocr_line' id='line_1_18' title="bbox 239 2029 1812 2114; baseline 0.003 -27"><span class='ocrx_word' id='word_1_250' title='bbox 239 2049 306 2087; x_wconf 86' lang='lat' dir='ltr'><strong>nem</strong></span> <span class='ocrx_word' id='word_1_251' title='bbox 318 2041 347 2088; x_wconf 90' lang='lat' dir='ltr'><strong>et</strong></span> <span class='ocrx_word' id='word_1_252' title='bbox 358 2043 491 2110; x_wconf 88' lang='lat' dir='ltr'><strong>gustans.</strong></span> <span class='ocrx_word' id='word_1_253' title='bbox 504 2031 562 2091; x_wconf 84' lang='lat' dir='ltr'><strong>Hoc</strong></span> <span class='ocrx_word' id='word_1_254' title='bbox 574 2052 724 2091; x_wconf 88' lang='lat' dir='ltr'><strong>sermonem</strong></span> <span class='ocrx_word' id='word_1_255' title='bbox 735 2031 928 2114; x_wconf 87' lang='lat' dir='ltr'><strong>interpellavit,</strong></span> <span class='ocrx_word' id='word_1_256' title='bbox 940 2055 989 2093; x_wconf 87' lang='lat' dir='ltr'><strong>nec</strong></span> <span class='ocrx_word' id='word_1_257' title='bbox 1041 2031 1140 2104; x_wconf 82' lang='grc' dir='ltr'>ζῶντα,</span> <span class='ocrx_word' id='word_1_258' title='bbox 1158 2029 1204 2089; x_wconf 84' lang='grc' dir='ltr'><strong>καί</strong></span> <span class='ocrx_word' id='word_1_259' title='bbox 1223 2029 1428 2112; x_wconf 76' lang='grc' dir='ltr'>παρεκλήθησαν</span> <span class='ocrx_word' id='word_1_260' title='bbox 1445 2033 1475 2092; x_wconf 86' lang='grc' dir='ltr'>οὐ</span> <span class='ocrx_word' id='word_1_261' title='bbox 1491 2030 1612 2112; x_wconf 86' lang='grc' dir='ltr'>μετρίως.</span> <span class='ocrx_word' id='word_1_262' title='bbox 1630 2031 1741 2112; x_wconf 84' lang='grc' dir='ltr'>Σρύδρα</span> <span class='ocrx_word' id='word_1_263' title='bbox 1758 2056 1812 2092; x_wconf 84' lang='grc' dir='ltr'><strong>πα-</strong></span> 
     </span>
     <span class='ocr_line' id='line_1_19' title="bbox 234 2119 1812 2208; baseline 0.009 -28"><span class='ocrx_word' id='word_1_264' title='bbox 234 2119 428 2184; x_wconf 67' lang='lat' dir='ltr'><strong>laesieviden&#39;</strong></span> <span class='ocrx_word' id='word_1_265' title='bbox 439 2144 520 2184; x_wconf 81' lang='lat' dir='ltr'><strong>coenae</strong></span> <span class='ocrx_word' id='word_1_266' title='bbox 534 2124 736 2204; x_wconf 78' lang='lat' dir='ltr'><strong>frugalitatem?</strong></span> <span class='ocrx_word' id='word_1_267' title='bbox 745 2129 786 2187; x_wconf 86' lang='lat' dir='ltr'><strong>Et</strong></span> <span class='ocrx_word' id='word_1_268' title='bbox 797 2141 931 2208; x_wconf 82' lang='lat' dir='ltr'><strong>gustans,</strong></span> <span class='ocrx_word' id='word_1_269' title='bbox 946 2127 987 2187; x_wconf 91' lang='lat' dir='ltr'><strong>in·</strong></span> <span class='ocrx_word' id='word_1_270' title='bbox 1042 2123 1236 2204; x_wconf 82' lang='grc' dir='ltr'>ραιιαλοῦνται,</span> <span class='ocrx_word' id='word_1_271' title='bbox 1249 2121 1290 2182; x_wconf 79' lang='grc' dir='ltr'><strong>ὅτι</strong></span> <span class='ocrx_word' id='word_1_272' title='bbox 1304 2146 1333 2181; x_wconf 79' lang='grc' dir='ltr'><strong>τε</strong></span> <span class='ocrx_word' id='word_1_273' title='bbox 1346 2126 1432 2192; x_wconf 71' lang='grc' dir='ltr'>ζῶντα</span> <span class='ocrx_word' id='word_1_274' title='bbox 1444 2122 1590 2193; x_wconf 68' lang='grc' dir='ltr'>ιἰιιὲλινόννν</span> <span class='ocrx_word' id='word_1_275' title='bbox 1602 2122 1644 2183; x_wconf 71' lang='grc' dir='ltr'><strong>ὅνι</strong></span> <span class='ocrx_word' id='word_1_276' title='bbox 1661 2145 1692 2182; x_wconf 63' lang='grc' dir='ltr'><strong>τί</strong></span> <span class='ocrx_word' id='word_1_277' title='bbox 1706 2132 1812 2200; x_wconf 54' lang='lat' dir='ltr'><strong>minim</strong></span> 
     </span>
     <span class='ocr_line' id='line_1_20' title="bbox 235 2210 1813 2298; baseline 0.004 -29"><span class='ocrx_word' id='word_1_278' title='bbox 235 2210 307 2288; x_wconf 90' lang='lat' dir='ltr'><strong>quit,</strong></span> <span class='ocrx_word' id='word_1_279' title='bbox 320 2218 450 2295; x_wconf 82' lang='lat' dir='ltr'><strong>satisque</strong></span> <span class='ocrx_word' id='word_1_280' title='bbox 463 2216 635 2298; x_wconf 78' lang='lat' dir='ltr'><strong>alloquutus</strong></span> <span class='ocrx_word' id='word_1_281' title='bbox 649 2238 742 2298; x_wconf 82' lang='lat' dir='ltr'><strong>usque</strong></span> <span class='ocrx_word' id='word_1_282' title='bbox 760 2219 802 2277; x_wconf 85' lang='lat' dir='ltr'><strong>ad</strong></span> <span class='ocrx_word' id='word_1_283' title='bbox 823 2219 928 2290; x_wconf 86' lang='lat' dir='ltr'><strong>lucem,</strong></span> <span class='ocrx_word' id='word_1_284' title='bbox 945 2222 988 2278; x_wconf 88' lang='lat' dir='ltr'><strong>sie</strong></span> <span class='ocrx_word' id='word_1_285' title='bbox 1040 2213 1155 2293; x_wconf 84' lang='grc' dir='ltr'>γίγονεν.</span> <span class='ocrx_word' id='word_1_286' title='bbox 1174 2213 1270 2292; x_wconf 83' lang='grc' dir='ltr'>Ἡμεῖς</span> <span class='ocrx_word' id='word_1_287' title='bbox 1283 2215 1311 2274; x_wconf 76' lang='grc' dir='ltr'><strong>δὲ</strong></span> <span class='ocrx_word' id='word_1_288' title='bbox 1325 2214 1513 2298; x_wconf 69' lang='grc' dir='ltr'>προσελθόντα</span> <span class='ocrx_word' id='word_1_289' title='bbox 1530 2215 1575 2277; x_wconf 84' lang='grc' dir='ltr'>ἐπί</span> <span class='ocrx_word' id='word_1_290' title='bbox 1587 2214 1617 2275; x_wconf 83' lang='grc' dir='ltr'><strong>τὸ</strong></span> <span class='ocrx_word' id='word_1_291' title='bbox 1628 2216 1734 2290; x_wconf 87' lang='grc' dir='ltr'>πλοῖον,</span> <span class='ocrx_word' id='word_1_292' title='bbox 1748 2217 1813 2288; x_wconf 69' lang='grc' dir='ltr'>ἀνί-</span> 
     </span>
     <span class='ocr_line' id='line_1_21' title="bbox 234 2297 1814 2391; baseline 0.004 -29"><span class='ocrx_word' id='word_1_293' title='bbox 234 2306 383 2385; x_wconf 73' lang='lat' dir='ltr'><strong>profectus</strong></span> <span class='ocrx_word' id='word_1_294' title='bbox 392 2320 444 2369; x_wconf 90' lang='lat' dir='ltr'><strong>est.</strong></span> <span class='ocrx_word' id='word_1_295' title='bbox 455 2306 555 2369; x_wconf 86' lang='lat' dir='ltr'><strong>Viden’</strong></span> <span class='ocrx_word' id='word_1_296' title='bbox 567 2309 703 2387; x_wconf 87' lang='lat' dir='ltr'><strong>quomodo</strong></span> <span class='ocrx_word' id='word_1_297' title='bbox 716 2310 987 2391; x_wconf 81' lang='lat' dir='ltr'><strong>pernoctarentiTa·</strong></span> <span class='ocrx_word' id='word_1_298' title='bbox 1040 2313 1142 2388; x_wconf 78' lang='grc' dir='ltr'>χθημαν</span> <span class='ocrx_word' id='word_1_299' title='bbox 1159 2311 1196 2376; x_wconf 84' lang='grc' dir='ltr'><strong>τίς</strong></span> <span class='ocrx_word' id='word_1_300' title='bbox 1209 2304 1257 2378; x_wconf 73' lang='grc' dir='ltr'><strong>τὴν</strong></span> <span class='ocrx_word' id='word_1_301' title='bbox 1269 2304 1374 2382; x_wconf 81' lang='grc' dir='ltr'>Ἄσσον,</span> <span class='ocrx_word' id='word_1_302' title='bbox 1386 2297 1485 2368; x_wconf 71' lang='lat' dir='ltr'><strong>inciter</strong></span> <span class='ocrx_word' id='word_1_303' title='bbox 1503 2307 1643 2386; x_wconf 68' lang='grc' dir='ltr'>μέλλοντες</span> <span class='ocrx_word' id='word_1_304' title='bbox 1658 2308 1814 2385; x_wconf 79' lang='grc' dir='ltr'>ἂναλαμύοί-</span> 
     </span>
     <span class='ocr_line' id='line_1_22' title="bbox 236 2392 1814 2481; baseline 0.003 -28"><span class='ocrx_word' id='word_1_305' title='bbox 236 2392 275 2454; x_wconf 85' lang='lat' dir='ltr'><strong>les</strong></span> <span class='ocrx_word' id='word_1_306' title='bbox 287 2408 363 2456; x_wconf 76' lang='lat' dir='ltr'><strong>mant</strong></span> <span class='ocrx_word' id='word_1_307' title='bbox 376 2419 485 2475; x_wconf 77' lang='lat' dir='ltr'><strong>mensae,</strong></span> <span class='ocrx_word' id='word_1_308' title='bbox 498 2412 528 2458; x_wconf 91' lang='lat' dir='ltr'><strong>ut</strong></span> <span class='ocrx_word' id='word_1_309' title='bbox 544 2399 628 2459; x_wconf 85' lang='lat' dir='ltr'><strong>sobrii</strong></span> <span class='ocrx_word' id='word_1_310' title='bbox 637 2399 766 2481; x_wconf 85' lang='lat' dir='ltr'><strong>discipuli</strong></span> <span class='ocrx_word' id='word_1_311' title='bbox 779 2400 896 2475; x_wconf 88' lang='lat' dir='ltr'><strong>abirent,</strong></span> <span class='ocrx_word' id='word_1_312' title='bbox 913 2400 988 2460; x_wconf 89' lang='lat' dir='ltr'><strong>etad</strong></span> <span class='ocrx_word' id='word_1_313' title='bbox 1004 2404 1024 2451; x_wconf 81' lang='grc' dir='ltr'><strong>ί)</strong></span> <span class='ocrx_word' id='word_1_314' title='bbox 1041 2423 1092 2460; x_wconf 90' lang='grc' dir='ltr'>νειν</span> <span class='ocrx_word' id='word_1_315' title='bbox 1102 2401 1146 2461; x_wconf 82' lang='grc' dir='ltr'><strong>τὸν</strong></span> <span class='ocrx_word' id='word_1_316' title='bbox 1157 2403 1280 2461; x_wconf 70' lang='grc' dir='ltr'>Παῦλον·</span> <span class='ocrx_word' id='word_1_317' title='bbox 1295 2399 1364 2461; x_wconf 76' lang='grc' dir='ltr'>οὕτω</span> <span class='ocrx_word' id='word_1_318' title='bbox 1374 2399 1426 2481; x_wconf 69' lang='grc' dir='ltr'>γὰρ</span> <span class='ocrx_word' id='word_1_319' title='bbox 1435 2392 1468 2472; x_wconf 69' lang='grc' dir='ltr'><strong>ἦν</strong></span> <span class='ocrx_word' id='word_1_320' title='bbox 1482 2399 1697 2479; x_wconf 83' lang='grc' dir='ltr'>διατεταγμένος,</span> <span class='ocrx_word' id='word_1_321' title='bbox 1712 2398 1814 2478; x_wconf 73' lang='grc' dir='ltr'>μέλλων</span> 
     </span>
     <span class='ocr_line' id='line_1_23' title="bbox 236 2489 1814 2573; baseline 0.003 -25"><span class='ocrx_word' id='word_1_322' title='bbox 236 2489 402 2550; x_wconf 88' lang='lat' dir='ltr'><strong>audiendum</strong></span> <span class='ocrx_word' id='word_1_323' title='bbox 424 2494 533 2573; x_wconf 89' lang='lat' dir='ltr'><strong>promti.</strong></span> <span class='ocrx_word' id='word_1_324' title='bbox 547 2494 624 2567; x_wconf 92' lang='lat' dir='ltr'><strong>Quid</strong></span> <span class='ocrx_word' id='word_1_325' title='bbox 646 2516 694 2554; x_wconf 92' lang='lat' dir='ltr'><strong>nos</strong></span> <span class='ocrx_word' id='word_1_326' title='bbox 712 2516 728 2553; x_wconf 90' lang='lat' dir='ltr'><strong>a</strong></span> <span class='ocrx_word' id='word_1_327' title='bbox 748 2495 861 2555; x_wconf 90' lang='lat' dir='ltr'><strong>canibus</strong></span> <span class='ocrx_word' id='word_1_328' title='bbox 878 2494 986 2555; x_wconf 89' lang='lat' dir='ltr'><strong>differi-</strong></span> <span class='ocrx_word' id='word_1_329' title='bbox 1039 2493 1116 2562; x_wconf 74' lang='grc' dir='ltr'>αὐτὸς</span> <span class='ocrx_word' id='word_1_330' title='bbox 1125 2493 1250 2563; x_wconf 79' lang='grc' dir='ltr'>πεζεύειν.</span> <span class='ocrx_word' id='word_1_331' title='bbox 1261 2493 1309 2562; x_wconf 88' lang='grc' dir='ltr'>Ὡς</span> <span class='ocrx_word' id='word_1_332' title='bbox 1323 2491 1352 2555; x_wconf 84' lang='grc' dir='ltr'><strong>δί</strong></span> <span class='ocrx_word' id='word_1_333' title='bbox 1364 2493 1506 2554; x_wconf 79' lang='grc' dir='ltr'>συνέύαλεν</span> <span class='ocrx_word' id='word_1_334' title='bbox 1520 2498 1585 2572; x_wconf 77' lang='grc' dir='ltr'>ἡμῖν</span> <span class='ocrx_word' id='word_1_335' title='bbox 1601 2494 1637 2561; x_wconf 81' lang='grc' dir='ltr'><strong>εἰς</strong></span> <span class='ocrx_word' id='word_1_336' title='bbox 1648 2490 1699 2565; x_wconf 74' lang='grc' dir='ltr'><strong>τὴν</strong></span> <span class='ocrx_word' id='word_1_337' title='bbox 1712 2491 1814 2564; x_wconf 78' lang='grc' dir='ltr'>Ἄσσον,</span> 
     </span>
     <span class='ocr_line' id='line_1_24' title="bbox 237 2583 1817 2665; baseline 0.006 -21"><span class='ocrx_word' id='word_1_338' title='bbox 237 2583 423 2647; x_wconf 77' lang='lat' dir='ltr'><strong>musiVidete</strong></span> <span class='ocrx_word' id='word_1_339' title='bbox 432 2600 565 2665; x_wconf 89' lang='lat' dir='ltr'><strong>quantum</strong></span> <span class='ocrx_word' id='word_1_340' title='bbox 575 2587 611 2647; x_wconf 88' lang='lat' dir='ltr'><strong>sit</strong></span> <span class='ocrx_word' id='word_1_341' title='bbox 621 2587 987 2648; x_wconf 78' lang='lat' dir='ltr'><strong>discrimenAdduxerum</strong></span> <span class='ocrx_word' id='word_1_342' title='bbox 1038 2585 1214 2652; x_wconf 73' lang='grc' dir='ltr'>ιἰναλαὸύντις</span> <span class='ocrx_word' id='word_1_343' title='bbox 1224 2587 1301 2646; x_wconf 72' lang='grc' dir='ltr'>αὐτὸν</span> <span class='ocrx_word' id='word_1_344' title='bbox 1310 2584 1426 2665; x_wconf 63' lang='grc' dir='ltr'>ἤλθθμν</span> <span class='ocrx_word' id='word_1_345' title='bbox 1442 2585 1479 2653; x_wconf 61' lang='lat' dir='ltr'><strong>dt</strong></span> <span class='ocrx_word' id='word_1_346' title='bbox 1492 2584 1658 2657; x_wconf 70' lang='grc' dir='ltr'>Μυτιλήνην·</span> <span class='ocrx_word' id='word_1_347' title='bbox 1672 2586 1817 2665; x_wconf 65' lang='lat' dir='ltr'><strong>nonque</strong></span> 
     </span>
     <span class='ocr_line' id='line_1_25' title="bbox 236 2675 1816 2760; baseline -0.001 -24"><span class='ocrx_word' id='word_1_348' title='bbox 236 2689 337 2737; x_wconf 88' lang='lat' dir='ltr'><strong>autem</strong></span> <span class='ocrx_word' id='word_1_349' title='bbox 347 2699 470 2758; x_wconf 87' lang='lat' dir='ltr'><strong>puerum</strong></span> <span class='ocrx_word' id='word_1_350' title='bbox 482 2682 642 2754; x_wconf 80' lang='lat' dir='ltr'><strong>viventem,</strong></span> <span class='ocrx_word' id='word_1_351' title='bbox 654 2694 683 2740; x_wconf 88' lang='lat' dir='ltr'><strong>et</strong></span> <span class='ocrx_word' id='word_1_352' title='bbox 691 2682 838 2740; x_wconf 86' lang='lat' dir='ltr'><strong>consolati</strong></span> <span class='ocrx_word' id='word_1_353' title='bbox 846 2695 915 2741; x_wconf 89' lang='lat' dir='ltr'><strong>sunt</strong></span> <span class='ocrx_word' id='word_1_354' title='bbox 927 2704 987 2742; x_wconf 92' lang='lat' dir='ltr'><strong>non</strong></span> <span class='ocrx_word' id='word_1_355' title='bbox 1038 2681 1091 2737; x_wconf 85' lang='grc' dir='ltr'><strong>τῶν</strong></span> <span class='ocrx_word' id='word_1_356' title='bbox 1106 2683 1231 2757; x_wconf 81' lang='grc' dir='ltr'>μαθητῶν</span> <span class='ocrx_word' id='word_1_357' title='bbox 1245 2678 1378 2744; x_wconf 65' lang='lat' dir='ltr'><strong>anneto&lt;</strong></span> <span class='ocrx_word' id='word_1_358' title='bbox 1398 2676 1551 2760; x_wconf 83' lang='grc' dir='ltr'>χωρίζεται.</span> <span class='ocrx_word' id='word_1_359' title='bbox 1574 2675 1643 2737; x_wconf 78' lang='lat' dir='ltr'><strong>’ltot</strong></span> <span class='ocrx_word' id='word_1_360' title='bbox 1659 2676 1714 2759; x_wconf 73' lang='grc' dir='ltr'>γὰρ</span> <span class='ocrx_word' id='word_1_361' title='bbox 1727 2676 1816 2749; x_wconf 77' lang='grc' dir='ltr'>πάλιν,</span> 
     </span>
     <span class='ocr_line' id='line_1_26' title="bbox 235 2767 1810 2853; baseline -0.001 -26"><span class='ocrx_word' id='word_1_362' title='bbox 235 2773 369 2829; x_wconf 87' lang='lat' dir='ltr'><strong>minime.</strong></span> <span class='ocrx_word' id='word_1_363' title='bbox 385 2772 516 2849; x_wconf 81' lang='lat' dir='ltr'><strong>Magnam</strong></span> <span class='ocrx_word' id='word_1_364' title='bbox 530 2770 667 2853; x_wconf 87' lang='lat' dir='ltr'><strong>accipiunt</strong></span> <span class='ocrx_word' id='word_1_365' title='bbox 685 2772 910 2849; x_wconf 88' lang='lat' dir='ltr'><strong>consolationem,</strong></span> <span class='ocrx_word' id='word_1_366' title='bbox 928 2787 987 2833; x_wconf 89' lang='lat' dir='ltr'><strong>tum</strong></span> <span class='ocrx_word' id='word_1_367' title='bbox 1038 2767 1117 2836; x_wconf 77' lang='grc' dir='ltr'>αὐτὸς</span> <span class='ocrx_word' id='word_1_368' title='bbox 1137 2768 1185 2846; x_wconf 82' lang='grc' dir='ltr'><strong>μίν</strong></span> <span class='ocrx_word' id='word_1_369' title='bbox 1207 2767 1325 2841; x_wconf 84' lang='grc' dir='ltr'>πεζεύει,</span> <span class='ocrx_word' id='word_1_370' title='bbox 1339 2771 1433 2829; x_wconf 81' lang='grc' dir='ltr'>ἐκεῖνοι</span> <span class='ocrx_word' id='word_1_371' title='bbox 1449 2767 1476 2828; x_wconf 76' lang='grc' dir='ltr'><strong>δὲ</strong></span> <span class='ocrx_word' id='word_1_372' title='bbox 1490 2773 1528 2851; x_wconf 78' lang='grc' dir='ltr'><strong>τῷ</strong></span> <span class='ocrx_word' id='word_1_373' title='bbox 1549 2767 1635 2851; x_wconf 77' lang='grc' dir='ltr'>πλοίῳ</span> <span class='ocrx_word' id='word_1_374' title='bbox 1655 2768 1810 2847; x_wconf 79' lang='grc' dir='ltr'>ἀνοίγονται·</span> 
     </span>
     <span class='ocr_line' id='line_1_27' title="bbox 236 2859 1813 2945; baseline -0.001 -23"><span class='ocrx_word' id='word_1_375' title='bbox 236 2861 301 2941; x_wconf 89' lang='lat' dir='ltr'><strong>quia</strong></span> <span class='ocrx_word' id='word_1_376' title='bbox 316 2862 414 2924; x_wconf 79' lang='lat' dir='ltr'><strong>rivum</strong></span> <span class='ocrx_word' id='word_1_377' title='bbox 426 2878 598 2944; x_wconf 89' lang='lat' dir='ltr'><strong>acceperunt,</strong></span> <span class='ocrx_word' id='word_1_378' title='bbox 611 2878 670 2923; x_wconf 90' lang='lat' dir='ltr'><strong>tum</strong></span> <span class='ocrx_word' id='word_1_379' title='bbox 684 2863 749 2944; x_wconf 90' lang='lat' dir='ltr'><strong>quia</strong></span> <span class='ocrx_word' id='word_1_380' title='bbox 761 2865 871 2945; x_wconf 90' lang='lat' dir='ltr'><strong>signum</strong></span> <span class='ocrx_word' id='word_1_381' title='bbox 884 2866 986 2925; x_wconf 90' lang='lat' dir='ltr'><strong>factum</strong></span> <span class='ocrx_word' id='word_1_382' title='bbox 1038 2861 1069 2921; x_wconf 81' lang='grc' dir='ltr'><strong>τὸ</strong></span> <span class='ocrx_word' id='word_1_383' title='bbox 1079 2859 1126 2939; x_wconf 73' lang='grc' dir='ltr'><strong>μὲν</strong></span> <span class='ocrx_word' id='word_1_384' title='bbox 1137 2861 1293 2943; x_wconf 68' lang='grc' dir='ltr'>παυρότερον</span> <span class='ocrx_word' id='word_1_385' title='bbox 1306 2860 1413 2927; x_wconf 73' lang='grc' dir='ltr'>ἐκείνοις</span> <span class='ocrx_word' id='word_1_386' title='bbox 1425 2861 1584 2940; x_wconf 74' lang='grc' dir='ltr'>ἐπιτρίτων,</span> <span class='ocrx_word' id='word_1_387' title='bbox 1594 2860 1626 2918; x_wconf 86' lang='grc' dir='ltr'><strong>τὸ</strong></span> <span class='ocrx_word' id='word_1_388' title='bbox 1640 2859 1668 2921; x_wconf 76' lang='lat' dir='ltr'><strong>dl</strong></span> <span class='ocrx_word' id='word_1_389' title='bbox 1682 2859 1813 2920; x_wconf 78' lang='grc' dir='ltr'>ἐπιπονιύ·</span> 
     </span>
     <span class='ocr_line' id='line_1_28' title="bbox 234 2951 1811 3034; baseline -0.001 -20"><span class='ocrx_word' id='word_1_390' title='bbox 234 2967 285 3014; x_wconf 86' lang='lat' dir='ltr'><strong>est.</strong></span> <span class='ocrx_word' id='word_1_391' title='bbox 298 2958 348 3016; x_wconf 73' lang='grc'><strong>15.</strong></span> <span class='ocrx_word' id='word_1_392' title='bbox 362 2958 425 3015; x_wconf 80' lang='lat' dir='ltr'><strong>Nos</strong></span> <span class='ocrx_word' id='word_1_393' title='bbox 439 2969 538 3015; x_wconf 85' lang='lat' dir='ltr'><strong>autem</strong></span> <span class='ocrx_word' id='word_1_394' title='bbox 560 2957 750 3016; x_wconf 83' lang='lat' dir='ltr'><strong>ascendentes</strong></span> <span class='ocrx_word' id='word_1_395' title='bbox 772 2961 883 3029; x_wconf 81' lang='lat' dir='ltr'><strong>navim,</strong></span> <span class='ocrx_word' id='word_1_396' title='bbox 901 2962 986 3017; x_wconf 90' lang='lat' dir='ltr'><strong>navi·</strong></span> <span class='ocrx_word' id='word_1_397' title='bbox 1037 2976 1112 3034; x_wconf 86' lang='grc' dir='ltr'>τερον</span> <span class='ocrx_word' id='word_1_398' title='bbox 1123 2953 1199 3019; x_wconf 77' lang='grc' dir='ltr'>αὐτὸς</span> <span class='ocrx_word' id='word_1_399' title='bbox 1211 2952 1371 3034; x_wconf 81' lang='grc' dir='ltr'>αἱρούμενος.</span> <span class='ocrx_word' id='word_1_400' title='bbox 1383 2951 1533 3023; x_wconf 83' lang='grc' dir='ltr'>Ἐπίζεαεν,</span> <span class='ocrx_word' id='word_1_401' title='bbox 1551 2951 1608 3029; x_wconf 78' lang='grc' dir='ltr'><strong>ἅμα</strong></span> <span class='ocrx_word' id='word_1_402' title='bbox 1621 2952 1667 3012; x_wconf 80' lang='grc' dir='ltr'><strong>καί</strong></span> <span class='ocrx_word' id='word_1_403' title='bbox 1682 2952 1811 3013; x_wconf 69' lang='lat' dir='ltr'><strong>actitat-</strong></span> 
     </span>
     <span class='ocr_line' id='line_1_29' title="bbox 233 3042 1810 3127; baseline -0.003 -21"><span class='ocrx_word' id='word_1_404' title='bbox 233 3050 371 3127; x_wconf 86' lang='lat' dir='ltr'><strong>gavimas</strong></span> <span class='ocrx_word' id='word_1_405' title='bbox 387 3051 420 3106; x_wconf 92' lang='lat' dir='ltr'><strong>in</strong></span> <span class='ocrx_word' id='word_1_406' title='bbox 434 3047 546 3120; x_wconf 84' lang='lat' dir='ltr'><strong>Asson,</strong></span> <span class='ocrx_word' id='word_1_407' title='bbox 560 3049 630 3106; x_wconf 81' lang='lat' dir='ltr'><strong>inde</strong></span> <span class='ocrx_word' id='word_1_408' title='bbox 649 3053 811 3127; x_wconf 82' lang='lat' dir='ltr'><strong>suscepturi</strong></span> <span class='ocrx_word' id='word_1_409' title='bbox 828 3050 984 3107; x_wconf 88' lang='lat' dir='ltr'><strong>Paulum:</strong></span> <span class='ocrx_word' id='word_1_410' title='bbox 1038 3050 1167 3123; x_wconf 79' lang='grc' dir='ltr'>κονομῶν,</span> <span class='ocrx_word' id='word_1_411' title='bbox 1185 3045 1242 3124; x_wconf 73' lang='grc' dir='ltr'><strong>ἅμα</strong></span> <span class='ocrx_word' id='word_1_412' title='bbox 1259 3044 1305 3104; x_wconf 85' lang='grc' dir='ltr'><strong>καί</strong></span> <span class='ocrx_word' id='word_1_413' title='bbox 1320 3044 1452 3105; x_wconf 86' lang='grc' dir='ltr'>παιδεύων</span> <span class='ocrx_word' id='word_1_414' title='bbox 1467 3044 1536 3124; x_wconf 80' lang='grc' dir='ltr'>μηδὲ</span> <span class='ocrx_word' id='word_1_415' title='bbox 1550 3042 1641 3112; x_wconf 74' lang='grc' dir='ltr'>αὐτούς</span> <span class='ocrx_word' id='word_1_416' title='bbox 1652 3043 1810 3125; x_wconf 81' lang='grc' dir='ltr'>χωρίζεσθαι</span> 
     </span>
     <span class='ocr_line' id='line_1_30' title="bbox 235 3137 1809 3223; baseline -0.001 -27"><span class='ocrx_word' id='word_1_417' title='bbox 235 3142 278 3197; x_wconf 91' lang='lat' dir='ltr'><strong>sie</strong></span> <span class='ocrx_word' id='word_1_418' title='bbox 291 3142 371 3197; x_wconf 89' lang='lat' dir='ltr'><strong>enim</strong></span> <span class='ocrx_word' id='word_1_419' title='bbox 389 3141 571 3218; x_wconf 78' lang='lat' dir='ltr'><strong>disposuerat</strong></span> <span class='ocrx_word' id='word_1_420' title='bbox 592 3144 663 3219; x_wconf 85' lang='lat' dir='ltr'><strong>ipse,</strong></span> <span class='ocrx_word' id='word_1_421' title='bbox 676 3161 729 3219; x_wconf 88' lang='lat' dir='ltr'><strong>per</strong></span> <span class='ocrx_word' id='word_1_422' title='bbox 741 3153 851 3199; x_wconf 87' lang='lat' dir='ltr'><strong>terram</strong></span> <span class='ocrx_word' id='word_1_423' title='bbox 867 3145 923 3199; x_wconf 90' lang='lat' dir='ltr'><strong>iter</strong></span> <span class='ocrx_word' id='word_1_424' title='bbox 924 3143 985 3223; x_wconf 86' lang='lat' dir='ltr'><strong>sa·</strong></span> <span class='ocrx_word' id='word_1_425' title='bbox 1039 3142 1127 3200; x_wconf 83' lang='grc' dir='ltr'>αὐτοῦ.</span> <span class='ocrx_word' id='word_1_426' title='bbox 1141 3142 1269 3199; x_wconf 82' lang='grc' dir='ltr'>Κάκεῖθεν</span> <span class='ocrx_word' id='word_1_427' title='bbox 1281 3137 1494 3207; x_wconf 73' lang='grc' dir='ltr'>ἀποπλεύσαντες</span> <span class='ocrx_word' id='word_1_428' title='bbox 1508 3142 1542 3218; x_wconf 83' lang='grc' dir='ltr'><strong>τῇ</strong></span> <span class='ocrx_word' id='word_1_429' title='bbox 1561 3137 1699 3218; x_wconf 81' lang='grc' dir='ltr'>ἐπαύριον,</span> <span class='ocrx_word' id='word_1_430' title='bbox 1712 3161 1809 3210; x_wconf 82' lang='grc' dir='ltr'>αατην·</span> 
     </span>
     <span class='ocr_line' id='line_1_31' title="bbox 234 3228 1809 3312; baseline -0.003 -22"><span class='ocrx_word' id='word_1_431' title='bbox 234 3244 345 3291; x_wconf 87' lang='lat' dir='ltr'><strong>cturus.</strong></span> <span class='ocrx_word' id='word_1_432' title='bbox 356 3233 403 3291; x_wconf 80' lang='lat' dir='ltr'><strong>ti.</strong></span> <span class='ocrx_word' id='word_1_433' title='bbox 420 3233 494 3291; x_wconf 88' lang='lat' dir='ltr'><strong>Cum</strong></span> <span class='ocrx_word' id='word_1_434' title='bbox 513 3246 612 3291; x_wconf 88' lang='lat' dir='ltr'><strong>autem</strong></span> <span class='ocrx_word' id='word_1_435' title='bbox 631 3237 866 3292; x_wconf 82' lang='lat' dir='ltr'><strong>convenissemus</strong></span> <span class='ocrx_word' id='word_1_436' title='bbox 878 3237 911 3291; x_wconf 90' lang='lat' dir='ltr'><strong>in</strong></span> <span class='ocrx_word' id='word_1_437' title='bbox 925 3234 986 3293; x_wconf 81' lang='lat' dir='ltr'><strong>As·</strong></span> <span class='ocrx_word' id='word_1_438' title='bbox 1037 3230 1156 3306; x_wconf 78' lang='grc' dir='ltr'>τήσαμεν</span> <span class='ocrx_word' id='word_1_439' title='bbox 1169 3228 1277 3309; x_wconf 80' lang='grc' dir='ltr'>ἀντικρύ</span> <span class='ocrx_word' id='word_1_440' title='bbox 1288 3228 1371 3289; x_wconf 87' lang='grc' dir='ltr'>Χίου·</span> <span class='ocrx_word' id='word_1_441' title='bbox 1385 3235 1418 3308; x_wconf 84' lang='grc' dir='ltr'><strong>τῇ</strong></span> <span class='ocrx_word' id='word_1_442' title='bbox 1439 3229 1467 3289; x_wconf 74' lang='grc' dir='ltr'><strong>δὲ</strong></span> <span class='ocrx_word' id='word_1_443' title='bbox 1485 3229 1563 3312; x_wconf 80' lang='grc' dir='ltr'>ίτέρρ</span> <span class='ocrx_word' id='word_1_444' title='bbox 1578 3228 1765 3309; x_wconf 74' lang='grc' dir='ltr'>παρεύύλομεν</span> <span class='ocrx_word' id='word_1_445' title='bbox 1775 3232 1809 3294; x_wconf 84' lang='grc' dir='ltr'><strong>είς</strong></span> 
     </span>
     <span class='ocr_line' id='line_1_32' title="bbox 235 3319 1809 3405; baseline -0.002 -22"><span class='ocrx_word' id='word_1_446' title='bbox 235 3343 299 3398; x_wconf 81' lang='grc' dir='ltr'>σοιν,</span> <span class='ocrx_word' id='word_1_447' title='bbox 312 3337 443 3384; x_wconf 89' lang='lat' dir='ltr'><strong>assumto</strong></span> <span class='ocrx_word' id='word_1_448' title='bbox 452 3345 487 3384; x_wconf 83' lang='grc' dir='ltr'><strong>σο</strong></span> <span class='ocrx_word' id='word_1_449' title='bbox 495 3329 632 3385; x_wconf 78' lang='lat' dir='ltr'><strong>uenimus</strong></span> <span class='ocrx_word' id='word_1_450' title='bbox 643 3326 821 3400; x_wconf 84' lang='lat' dir='ltr'><strong>Mitylenen.</strong></span> <span class='ocrx_word' id='word_1_451' title='bbox 829 3327 906 3405; x_wconf 80' lang='lat' dir='ltr'><strong>Saepe</strong></span> <span class='ocrx_word' id='word_1_452' title='bbox 912 3327 984 3384; x_wconf 88' lang='lat' dir='ltr'><strong>Pau·</strong></span> <span class='ocrx_word' id='word_1_453' title='bbox 1038 3322 1141 3401; x_wconf 85' lang='grc' dir='ltr'>Σύμον,</span> <span class='ocrx_word' id='word_1_454' title='bbox 1153 3322 1199 3382; x_wconf 84' lang='grc' dir='ltr'><strong>καλ</strong></span> <span class='ocrx_word' id='word_1_455' title='bbox 1214 3321 1348 3401; x_wconf 78' lang='grc' dir='ltr'>μείναντες</span> <span class='ocrx_word' id='word_1_456' title='bbox 1362 3325 1388 3381; x_wconf 78' lang='grc' dir='ltr'><strong>ἐν</strong></span> <span class='ocrx_word' id='word_1_457' title='bbox 1404 3321 1564 3403; x_wconf 80' lang='grc' dir='ltr'>Τρωγυλίῳ,</span> <span class='ocrx_word' id='word_1_458' title='bbox 1577 3326 1610 3400; x_wconf 79' lang='grc' dir='ltr'><strong>τῇ</strong></span> <span class='ocrx_word' id='word_1_459' title='bbox 1630 3320 1746 3402; x_wconf 76' lang='grc' dir='ltr'>ἐχομένῃ</span> <span class='ocrx_word' id='word_1_460' title='bbox 1764 3319 1809 3391; x_wconf 71' lang='lat' dir='ltr'><strong>ii·</strong></span> 
     </span>
     <span class='ocr_line' id='line_1_33' title="bbox 235 3411 1808 3498; baseline -0.002 -24"><span class='ocrx_word' id='word_1_461' title='bbox 235 3415 279 3475; x_wconf 92' lang='lat' dir='ltr'><strong>lus</strong></span> <span class='ocrx_word' id='word_1_462' title='bbox 293 3438 309 3475; x_wconf 89' lang='lat' dir='ltr'><strong>a</strong></span> <span class='ocrx_word' id='word_1_463' title='bbox 323 3415 467 3498; x_wconf 89' lang='lat' dir='ltr'><strong>discipulis</strong></span> <span class='ocrx_word' id='word_1_464' title='bbox 483 3431 647 3497; x_wconf 87' lang='lat' dir='ltr'><strong>segregatur.</strong></span> <span class='ocrx_word' id='word_1_465' title='bbox 660 3418 730 3477; x_wconf 85' lang='lat' dir='ltr'><strong>Ecce</strong></span> <span class='ocrx_word' id='word_1_466' title='bbox 743 3439 858 3497; x_wconf 90' lang='lat' dir='ltr'><strong>namque</strong></span> <span class='ocrx_word' id='word_1_467' title='bbox 868 3420 926 3498; x_wconf 90' lang='lat' dir='ltr'><strong>jam</strong></span> <span class='ocrx_word' id='word_1_468' title='bbox 939 3419 987 3479; x_wconf 88' lang='lat' dir='ltr'><strong>ille</strong></span> <span class='ocrx_word' id='word_1_469' title='bbox 1004 3415 1023 3461; x_wconf 75' lang='grc' dir='ltr'>Ε</span> <span class='ocrx_word' id='word_1_470' title='bbox 1038 3420 1116 3492; x_wconf 86' lang='grc' dir='ltr'>θσμεν</span> <span class='ocrx_word' id='word_1_471' title='bbox 1131 3418 1169 3483; x_wconf 85' lang='grc' dir='ltr'><strong>εἰς</strong></span> <span class='ocrx_word' id='word_1_472' title='bbox 1184 3417 1211 3473; x_wconf 84' lang='lat' dir='ltr'><strong>M</strong></span> <span class='ocrx_word' id='word_1_473' title='bbox 1216 3414 1313 3486; x_wconf 85' lang='grc' dir='ltr'>ίλητον.</span> <span class='ocrx_word' id='word_1_474' title='bbox 1328 3415 1402 3494; x_wconf 88' lang='grc' dir='ltr'>Ὅρα</span> <span class='ocrx_word' id='word_1_475' title='bbox 1416 3419 1473 3482; x_wconf 85' lang='grc' dir='ltr'><strong>πῶς</strong></span> <span class='ocrx_word' id='word_1_476' title='bbox 1486 3411 1656 3491; x_wconf 78' lang='grc' dir='ltr'>ἐπειγομένου</span> <span class='ocrx_word' id='word_1_477' title='bbox 1671 3417 1718 3470; x_wconf 73' lang='grc' dir='ltr'><strong>τοῦ</strong></span> <span class='ocrx_word' id='word_1_478' title='bbox 1734 3411 1808 3471; x_wconf 87' lang='grc' dir='ltr'>Παύ-</span> 
     </span>
     <span class='ocr_line' id='line_1_34' title="bbox 236 3504 1808 3589; baseline -0.003 -22"><span class='ocrx_word' id='word_1_479' title='bbox 236 3507 319 3589; x_wconf 88' lang='lat' dir='ltr'><strong>pedes</strong></span> <span class='ocrx_word' id='word_1_480' title='bbox 340 3509 391 3568; x_wconf 88' lang='lat' dir='ltr'><strong>iter</strong></span> <span class='ocrx_word' id='word_1_481' title='bbox 409 3510 484 3582; x_wconf 90' lang='lat' dir='ltr'><strong>facit,</strong></span> <span class='ocrx_word' id='word_1_482' title='bbox 503 3510 544 3568; x_wconf 90' lang='lat' dir='ltr'><strong>illi</strong></span> <span class='ocrx_word' id='word_1_483' title='bbox 558 3531 622 3569; x_wconf 86' lang='lat' dir='ltr'><strong>vero</strong></span> <span class='ocrx_word' id='word_1_484' title='bbox 638 3509 702 3569; x_wconf 83' lang='lat' dir='ltr'><strong>navi</strong></span> <span class='ocrx_word' id='word_1_485' title='bbox 720 3533 727 3566; x_wconf 75' lang='grc' dir='ltr'><strong>ε</strong></span> <span class='ocrx_word' id='word_1_486' title='bbox 744 3509 817 3588; x_wconf 92' lang='lat' dir='ltr'><strong>quod</strong></span> <span class='ocrx_word' id='word_1_487' title='bbox 829 3509 917 3569; x_wconf 88' lang='lat' dir='ltr'><strong>levius</strong></span> <span class='ocrx_word' id='word_1_488' title='bbox 931 3525 988 3570; x_wconf 90' lang='lat' dir='ltr'><strong>erat</strong></span> <span class='ocrx_word' id='word_1_489' title='bbox 1038 3508 1084 3566; x_wconf 89' lang='grc' dir='ltr'>λου</span> <span class='ocrx_word' id='word_1_490' title='bbox 1097 3506 1252 3585; x_wconf 83' lang='grc' dir='ltr'>ἀνοίγονται,</span> <span class='ocrx_word' id='word_1_491' title='bbox 1271 3506 1317 3566; x_wconf 84' lang='grc' dir='ltr'><strong>καί</strong></span> <span class='ocrx_word' id='word_1_492' title='bbox 1337 3508 1366 3565; x_wconf 83' lang='grc' dir='ltr'>ού</span> <span class='ocrx_word' id='word_1_493' title='bbox 1381 3505 1605 3587; x_wconf 79' lang='grc' dir='ltr'>χρονοτριύοῦοιν,</span> <span class='ocrx_word' id='word_1_494' title='bbox 1626 3504 1696 3564; x_wconf 73' lang='grc' dir='ltr'>ἀλλὰ</span> <span class='ocrx_word' id='word_1_495' title='bbox 1709 3504 1808 3584; x_wconf 79' lang='grc' dir='ltr'>παρέρ-</span> 
     </span>
     <span class='ocr_line' id='line_1_35' title="bbox 235 3597 1808 3682; baseline -0.003 -23"><span class='ocrx_word' id='word_1_496' title='bbox 235 3599 292 3659; x_wconf 88' lang='lat' dir='ltr'><strong>illis</strong></span> <span class='ocrx_word' id='word_1_497' title='bbox 302 3599 384 3672; x_wconf 83' lang='lat' dir='ltr'><strong>cedit,</strong></span> <span class='ocrx_word' id='word_1_498' title='bbox 397 3600 469 3679; x_wconf 89' lang='lat' dir='ltr'><strong>quod</strong></span> <span class='ocrx_word' id='word_1_499' title='bbox 480 3602 619 3661; x_wconf 89' lang='lat' dir='ltr'><strong>molestius</strong></span> <span class='ocrx_word' id='word_1_500' title='bbox 625 3602 683 3682; x_wconf 90' lang='lat' dir='ltr'><strong>ipse</strong></span> <span class='ocrx_word' id='word_1_501' title='bbox 689 3603 811 3662; x_wconf 87' lang='lat' dir='ltr'><strong>assumit.</strong></span> <span class='ocrx_word' id='word_1_502' title='bbox 822 3601 907 3661; x_wconf 86' lang='lat' dir='ltr'><strong>Pedes</strong></span> <span class='ocrx_word' id='word_1_503' title='bbox 917 3601 985 3679; x_wconf 87' lang='lat' dir='ltr'><strong>ibat,</strong></span> <span class='ocrx_word' id='word_1_504' title='bbox 1038 3620 1132 3677; x_wconf 80' lang='grc' dir='ltr'>χονται</span> <span class='ocrx_word' id='word_1_505' title='bbox 1142 3597 1189 3665; x_wconf 72' lang='lat' dir='ltr'><strong>sit&lt;</strong></span> <span class='ocrx_word' id='word_1_506' title='bbox 1202 3598 1304 3671; x_wconf 76' lang='grc' dir='ltr'>νήσους.</span> <span class='ocrx_word' id='word_1_507' title='bbox 1316 3597 1425 3680; x_wconf 71' lang='lat' dir='ltr'><strong>&#39;Expers</strong></span> <span class='ocrx_word' id='word_1_508' title='bbox 1443 3597 1520 3679; x_wconf 82' lang='grc' dir='ltr'>γίιρδ</span> <span class='ocrx_word' id='word_1_509' title='bbox 1535 3597 1643 3663; x_wconf 80' lang='grc' dir='ltr'>Παῦλος</span> <span class='ocrx_word' id='word_1_510' title='bbox 1657 3598 1808 3675; x_wconf 82' lang='grc' dir='ltr'>παραπλεῦ-</span> 
     </span>
     <span class='ocr_line' id='line_1_36' title="bbox 236 3687 1809 3774; baseline -0.004 -24"><span class='ocrx_word' id='word_1_511' title='bbox 236 3705 297 3751; x_wconf 90' lang='lat' dir='ltr'><strong>tum</strong></span> <span class='ocrx_word' id='word_1_512' title='bbox 309 3706 340 3751; x_wconf 90' lang='lat' dir='ltr'><strong>ut</strong></span> <span class='ocrx_word' id='word_1_513' title='bbox 354 3693 440 3752; x_wconf 90' lang='lat' dir='ltr'><strong>multa</strong></span> <span class='ocrx_word' id='word_1_514' title='bbox 450 3692 627 3774; x_wconf 84' lang='lat' dir='ltr'><strong>dispensaret,</strong></span> <span class='ocrx_word' id='word_1_515' title='bbox 640 3708 700 3753; x_wconf 89' lang='lat' dir='ltr'><strong>tum</strong></span> <span class='ocrx_word' id='word_1_516' title='bbox 713 3708 743 3753; x_wconf 91' lang='lat' dir='ltr'><strong>ut</strong></span> <span class='ocrx_word' id='word_1_517' title='bbox 755 3693 863 3753; x_wconf 88' lang='lat' dir='ltr'><strong>doceret</strong></span> <span class='ocrx_word' id='word_1_518' title='bbox 873 3693 943 3771; x_wconf 89' lang='lat' dir='ltr'><strong>illos,</strong></span> <span class='ocrx_word' id='word_1_519' title='bbox 955 3716 988 3754; x_wconf 93' lang='lat' dir='ltr'><strong>ne</strong></span> <span class='ocrx_word' id='word_1_520' title='bbox 1039 3688 1142 3761; x_wconf 76' lang='grc' dir='ltr'>σαιτὴν</span> <span class='ocrx_word' id='word_1_521' title='bbox 1156 3689 1280 3770; x_wconf 84' lang='grc' dir='ltr'>Ἔρεσον,</span> <span class='ocrx_word' id='word_1_522' title='bbox 1290 3691 1362 3756; x_wconf 78' lang='grc' dir='ltr'>ὅπως</span> <span class='ocrx_word' id='word_1_523' title='bbox 1376 3689 1414 3768; x_wconf 67' lang='grc' dir='ltr'><strong>μὴ</strong></span> <span class='ocrx_word' id='word_1_524' title='bbox 1430 3689 1538 3769; x_wconf 79' lang='grc' dir='ltr'>γένηται</span> <span class='ocrx_word' id='word_1_525' title='bbox 1552 3689 1624 3765; x_wconf 80' lang='grc' dir='ltr'>αὐτῷ</span> <span class='ocrx_word' id='word_1_526' title='bbox 1638 3687 1809 3767; x_wconf 78' lang='grc' dir='ltr'>χρονοτριύῆ·</span> 
     </span>
     <span class='ocr_line' id='line_1_37' title="bbox 235 3770 1808 3866; baseline -0.004 -22"><span class='ocrx_word' id='word_1_527' title='bbox 235 3783 271 3844; x_wconf 83' lang='lat' dir='ltr'><strong>ab</strong></span> <span class='ocrx_word' id='word_1_528' title='bbox 282 3805 311 3844; x_wconf 87' lang='lat' dir='ltr'><strong>se</strong></span> <span class='ocrx_word' id='word_1_529' title='bbox 323 3797 519 3866; x_wconf 83' lang='lat' dir='ltr'><strong>separarentur.</strong></span> <span class='ocrx_word' id='word_1_530' title='bbox 533 3785 580 3845; x_wconf 85' lang='grc'><strong>15.</strong></span> <span class='ocrx_word' id='word_1_531' title='bbox 594 3787 636 3845; x_wconf 86' lang='lat' dir='ltr'><strong>Et</strong></span> <span class='ocrx_word' id='word_1_532' title='bbox 647 3786 717 3844; x_wconf 86' lang='lat' dir='ltr'><strong>inde</strong></span> <span class='ocrx_word' id='word_1_533' title='bbox 733 3789 917 3866; x_wconf 85' lang='lat' dir='ltr'><strong>navigantes,</strong></span> <span class='ocrx_word' id='word_1_534' title='bbox 937 3807 984 3845; x_wconf 91' lang='lat' dir='ltr'><strong>se·</strong></span> <span class='ocrx_word' id='word_1_535' title='bbox 1040 3802 1086 3839; x_wconf 91' lang='grc' dir='ltr'><strong>σαι</strong></span> <span class='ocrx_word' id='word_1_536' title='bbox 1104 3785 1131 3842; x_wconf 80' lang='grc' dir='ltr'><strong>ἐν</strong></span> <span class='ocrx_word' id='word_1_537' title='bbox 1146 3787 1179 3862; x_wconf 83' lang='grc' dir='ltr'><strong>τῇ</strong></span> <span class='ocrx_word' id='word_1_538' title='bbox 1192 3781 1275 3862; x_wconf 70' lang='grc' dir='ltr'>Ἀσία.</span> <span class='ocrx_word' id='word_1_539' title='bbox 1286 3781 1420 3842; x_wconf 85' lang='grc' dir='ltr'>Ἕσπευδε</span> <span class='ocrx_word' id='word_1_540' title='bbox 1439 3780 1507 3861; x_wconf 77' lang='grc' dir='ltr'>γὰρ,</span> <span class='ocrx_word' id='word_1_541' title='bbox 1521 3780 1544 3838; x_wconf 86' lang='grc' dir='ltr'><strong>εί</strong></span> <span class='ocrx_word' id='word_1_542' title='bbox 1559 3777 1666 3837; x_wconf 83' lang='grc' dir='ltr'>δυνατὸν</span> <span class='ocrx_word' id='word_1_543' title='bbox 1685 3770 1719 3851; x_wconf 75' lang='grc' dir='ltr'><strong>ἦν</strong></span> <span class='ocrx_word' id='word_1_544' title='bbox 1741 3782 1808 3856; x_wconf 74' lang='grc' dir='ltr'>αὐτῷ</span> 
     </span>
     <span class='ocr_line' id='line_1_38' title="bbox 236 3869 1808 3958; baseline -0.003 -22"><span class='ocrx_word' id='word_1_545' title='bbox 236 3881 339 3957; x_wconf 81' lang='lat' dir='ltr'><strong>quenti</strong></span> <span class='ocrx_word' id='word_1_546' title='bbox 359 3878 407 3937; x_wconf 83' lang='lat' dir='ltr'><strong>die</strong></span> <span class='ocrx_word' id='word_1_547' title='bbox 431 3881 568 3937; x_wconf 81' lang='lat' dir='ltr'><strong>venimus</strong></span> <span class='ocrx_word' id='word_1_548' title='bbox 594 3891 698 3937; x_wconf 86' lang='lat' dir='ltr'><strong>eontra</strong></span> <span class='ocrx_word' id='word_1_549' title='bbox 719 3878 989 3958; x_wconf 78' lang='lat' dir='ltr'><strong>Citium;sequenti</strong></span> <span class='ocrx_word' id='word_1_550' title='bbox 1039 3872 1087 3945; x_wconf 79' lang='grc' dir='ltr'><strong>τὴν</strong></span> <span class='ocrx_word' id='word_1_551' title='bbox 1107 3872 1210 3955; x_wconf 76' lang='grc' dir='ltr'>ἡμέραν</span> <span class='ocrx_word' id='word_1_552' title='bbox 1225 3878 1273 3946; x_wconf 76' lang='grc' dir='ltr'><strong>τῆς</strong></span> <span class='ocrx_word' id='word_1_553' title='bbox 1295 3876 1475 3947; x_wconf 76' lang='grc' dir='ltr'>πεντηκοστῆς</span> <span class='ocrx_word' id='word_1_554' title='bbox 1497 3869 1618 3950; x_wconf 79' lang='grc' dir='ltr'>γενέσθαι</span> <span class='ocrx_word' id='word_1_555' title='bbox 1636 3871 1674 3937; x_wconf 86' lang='grc' dir='ltr'><strong>είς</strong></span> <span class='ocrx_word' id='word_1_556' title='bbox 1696 3869 1808 3949; x_wconf 85' lang='grc' dir='ltr'>Ἱεροσό-</span> 
     </span>
     <span class='ocr_line' id='line_1_39' title="bbox 234 3966 1121 4050; baseline -0.003 -21"><span class='ocrx_word' id='word_1_557' title='bbox 234 3990 306 4029; x_wconf 88' lang='lat' dir='ltr'><strong>vero</strong></span> <span class='ocrx_word' id='word_1_558' title='bbox 316 3969 483 4050; x_wconf 84' lang='lat' dir='ltr'><strong>appulimus</strong></span> <span class='ocrx_word' id='word_1_559' title='bbox 495 3971 626 4042; x_wconf 88' lang='lat' dir='ltr'><strong>Samum,</strong></span> <span class='ocrx_word' id='word_1_560' title='bbox 638 3982 666 4028; x_wconf 86' lang='lat' dir='ltr'><strong>et</strong></span> <span class='ocrx_word' id='word_1_561' title='bbox 677 3982 828 4029; x_wconf 83' lang='lat' dir='ltr'><strong>manentes</strong></span> <span class='ocrx_word' id='word_1_562' title='bbox 844 3971 986 4050; x_wconf 71' lang='lat' dir='ltr'><strong>rrogrttt,</strong></span> <span class='ocrx_word' id='word_1_563' title='bbox 1039 3966 1121 4044; x_wconf 89' lang='grc' dir='ltr'>λομα.</span> 
     </span>
    </p>

    <p class='ocr_par' dir='ltr' id='par_1_3' title="bbox 233 4059 987 4143">
     <span class='ocr_line' id='line_1_40' title="bbox 233 4059 987 4143; baseline -0.001 -22"><span class='ocrx_word' id='word_1_564' title='bbox 233 4066 369 4143; x_wconf 85' lang='lat' dir='ltr'><strong>sequenti</strong></span> <span class='ocrx_word' id='word_1_565' title='bbox 388 4063 436 4120; x_wconf 87' lang='lat' dir='ltr'><strong>die</strong></span> <span class='ocrx_word' id='word_1_566' title='bbox 456 4066 592 4122; x_wconf 81' lang='lat' dir='ltr'><strong>venimus</strong></span> <span class='ocrx_word' id='word_1_567' title='bbox 606 4062 752 4122; x_wconf 80' lang='lat' dir='ltr'><strong>Miletum.</strong></span> <span class='ocrx_word' id='word_1_568' title='bbox 764 4059 836 4122; x_wconf 90' lang='lat' dir='ltr'><strong>Vide</strong></span> <span class='ocrx_word' id='word_1_569' title='bbox 850 4061 987 4139; x_wconf 89' lang='lat' dir='ltr'><strong>quomodo</strong></span> 
     </span>
    </p>

    <p class='ocr_par' dir='ltr' id='par_1_4' title="bbox 234 4146 987 4235">
     <span class='ocr_line' id='line_1_41' title="bbox 234 4146 987 4235; baseline 0.003 -24"><span class='ocrx_word' id='word_1_570' title='bbox 234 4146 378 4213; x_wconf 81' lang='lat' dir='ltr'><strong>festinante</strong></span> <span class='ocrx_word' id='word_1_571' title='bbox 392 4154 477 4214; x_wconf 87' lang='lat' dir='ltr'><strong>Paulo</strong></span> <span class='ocrx_word' id='word_1_572' title='bbox 491 4169 618 4235; x_wconf 88' lang='lat' dir='ltr'><strong>pergunt,</strong></span> <span class='ocrx_word' id='word_1_573' title='bbox 636 4175 684 4214; x_wconf 89' lang='lat' dir='ltr'><strong>nec</strong></span> <span class='ocrx_word' id='word_1_574' title='bbox 696 4175 786 4213; x_wconf 89' lang='lat' dir='ltr'><strong>moras</strong></span> <span class='ocrx_word' id='word_1_575' title='bbox 799 4153 923 4230; x_wconf 89' lang='lat' dir='ltr'><strong>trahunt,</strong></span> <span class='ocrx_word' id='word_1_576' title='bbox 938 4153 987 4213; x_wconf 86' lang='lat' dir='ltr'><strong>sed</strong></span> 
     </span>
    </p>

    <p class='ocr_par' dir='ltr' id='par_1_5' title="bbox 234 4244 986 4325">
     <span class='ocr_line' id='line_1_42' title="bbox 234 4244 986 4325; baseline 0.003 -23"><span class='ocrx_word' id='word_1_577' title='bbox 234 4258 396 4324; x_wconf 87' lang='lat' dir='ltr'><strong>praetereunt</strong></span> <span class='ocrx_word' id='word_1_578' title='bbox 408 4244 519 4305; x_wconf 90' lang='lat' dir='ltr'><strong>insulas.</strong></span> <span class='ocrx_word' id='word_1_579' title='bbox 536 4248 582 4305; x_wconf 90' lang='grc'><strong>16.</strong></span> <span class='ocrx_word' id='word_1_580' title='bbox 597 4249 796 4325; x_wconf 86' lang='lat' dir='ltr'><strong>Proposuerat</strong></span> <span class='ocrx_word' id='word_1_581' title='bbox 809 4248 887 4302; x_wconf 88' lang='lat' dir='ltr'><strong>enim</strong></span> <span class='ocrx_word' id='word_1_582' title='bbox 901 4247 986 4304; x_wconf 88' lang='lat' dir='ltr'><strong>Pau-</strong></span> 
     </span>
    </p>

    <p class='ocr_par' dir='ltr' id='par_1_6' title="bbox 235 4335 987 4416">
     <span class='ocr_line' id='line_1_43' title="bbox 235 4335 987 4416; baseline 0.003 -23"><span class='ocrx_word' id='word_1_583' title='bbox 235 4335 283 4394; x_wconf 90' lang='lat' dir='ltr'><strong>lus</strong></span> <span class='ocrx_word' id='word_1_584' title='bbox 303 4341 529 4416; x_wconf 78' lang='lat' dir='ltr'><strong>transnavigare</strong></span> <span class='ocrx_word' id='word_1_585' title='bbox 549 4338 709 4415; x_wconf 78' lang='lat' dir='ltr'><strong>Ephesum,</strong></span> <span class='ocrx_word' id='word_1_586' title='bbox 731 4349 763 4395; x_wconf 93' lang='lat' dir='ltr'><strong>ut</strong></span> <span class='ocrx_word' id='word_1_587' title='bbox 787 4357 881 4415; x_wconf 86' lang='lat' dir='ltr'><strong>neque</strong></span> <span class='ocrx_word' id='word_1_588' title='bbox 903 4357 987 4395; x_wconf 91' lang='lat' dir='ltr'><strong>mora</strong></span> 
     </span>
    </p>

    <p class='ocr_par' dir='ltr' id='par_1_7' title="bbox 234 4425 983 4508">
     <span class='ocr_line' id='line_1_44' title="bbox 234 4425 983 4508; baseline 0.005 -25"><span class='ocrx_word' id='word_1_589' title='bbox 234 4425 283 4484; x_wconf 87' lang='lat' dir='ltr'><strong>illi</strong></span> <span class='ocrx_word' id='word_1_590' title='bbox 301 4439 375 4485; x_wconf 90' lang='lat' dir='ltr'><strong>esset</strong></span> <span class='ocrx_word' id='word_1_591' title='bbox 392 4430 425 4484; x_wconf 85' lang='lat' dir='ltr'><strong>in</strong></span> <span class='ocrx_word' id='word_1_592' title='bbox 444 4427 531 4486; x_wconf 83' lang='lat' dir='ltr'><strong>Asia.</strong></span> <span class='ocrx_word' id='word_1_593' title='bbox 546 4430 721 4486; x_wconf 82' lang='lat' dir='ltr'><strong>Festinabat</strong></span> <span class='ocrx_word' id='word_1_594' title='bbox 738 4440 837 4486; x_wconf 88' lang='lat' dir='ltr'><strong>autem</strong></span> <span class='ocrx_word' id='word_1_595' title='bbox 851 4431 877 4487; x_wconf 85' lang='lat' dir='ltr'><strong>si</strong></span> <span class='ocrx_word' id='word_1_596' title='bbox 888 4432 983 4508; x_wconf 89' lang='lat' dir='ltr'><strong>possi·</strong></span> 
     </span>
    </p>

    <p class='ocr_par' dir='ltr' id='par_1_8' title="bbox 235 4517 983 4600">
     <span class='ocr_line' id='line_1_45' title="bbox 235 4517 983 4600; baseline 0.005 -23"><span class='ocrx_word' id='word_1_597' title='bbox 235 4517 294 4577; x_wconf 80' lang='lat' dir='ltr'><strong>bile</strong></span> <span class='ocrx_word' id='word_1_598' title='bbox 304 4521 362 4577; x_wconf 86' lang='lat' dir='ltr'><strong>sibi</strong></span> <span class='ocrx_word' id='word_1_599' title='bbox 372 4531 456 4593; x_wconf 90' lang='lat' dir='ltr'><strong>esset,</strong></span> <span class='ocrx_word' id='word_1_600' title='bbox 466 4520 582 4578; x_wconf 88' lang='lat' dir='ltr'><strong>utdiem</strong></span> <span class='ocrx_word' id='word_1_601' title='bbox 594 4523 780 4579; x_wconf 87' lang='lat' dir='ltr'><strong>Pentecostes</strong></span> <span class='ocrx_word' id='word_1_602' title='bbox 792 4533 889 4600; x_wconf 88' lang='lat' dir='ltr'><strong>ageret</strong></span> <span class='ocrx_word' id='word_1_603' title='bbox 900 4522 983 4581; x_wconf 82' lang='lat' dir='ltr'><strong>Jeru-</strong></span> 
     </span>
    </p>

    <p class='ocr_par' dir='ltr' id='par_1_9' title="bbox 237 4611 374 4686">
     <span class='ocr_line' id='line_1_46' title="bbox 237 4611 374 4686; baseline -0.015 -16"><span class='ocrx_word' id='word_1_604' title='bbox 237 4611 374 4686; x_wconf 86' lang='lat' dir='ltr'><strong>solymis.</strong></span> 
     </span>
    </p>
   </div>
   <div class='ocr_carea' id='block_1_3' title="bbox 232 4723 1811 4995">
    <p class='ocr_par' dir='ltr' id='par_1_10' title="bbox 232 4723 1811 4995">
     <span class='ocr_line' id='line_1_47' title="bbox 275 4723 1811 4810; baseline -0.001 -22"><span class='ocrx_word' id='word_1_605' title='bbox 275 4733 305 4788; x_wconf 71' lang='grc'><strong>2.</strong></span> <span class='ocrx_word' id='word_1_606' title='bbox 329 4731 399 4803; x_wconf 83' lang='lat' dir='ltr'><strong>Quae</strong></span> <span class='ocrx_word' id='word_1_607' title='bbox 423 4728 481 4787; x_wconf 76' lang='lat' dir='ltr'><strong>hac</strong></span> <span class='ocrx_word' id='word_1_608' title='bbox 501 4726 655 4786; x_wconf 73' lang='lat' dir='ltr'><strong>festinatio?</strong></span> <span class='ocrx_word' id='word_1_609' title='bbox 667 4729 726 4788; x_wconf 90' lang='lat' dir='ltr'><strong>Non</strong></span> <span class='ocrx_word' id='word_1_610' title='bbox 751 4741 861 4810; x_wconf 88' lang='lat' dir='ltr'><strong>propter</strong></span> <span class='ocrx_word' id='word_1_611' title='bbox 878 4729 984 4807; x_wconf 90' lang='lat' dir='ltr'><strong>festum,</strong></span> <span class='ocrx_word' id='word_1_612' title='bbox 1077 4729 1155 4801; x_wconf 75' lang='grc' dir='ltr'>Τίςί,</span> <span class='ocrx_word' id='word_1_613' title='bbox 1170 4726 1267 4796; x_wconf 78' lang='grc' dir='ltr'>ἔπειξις</span> <span class='ocrx_word' id='word_1_614' title='bbox 1287 4723 1371 4801; x_wconf 59' lang='lat' dir='ltr'><strong>ailam</strong></span> <span class='ocrx_word' id='word_1_615' title='bbox 1386 4725 1427 4783; x_wconf 79' lang='lat' dir='ltr'><strong>ot</strong></span> <span class='ocrx_word' id='word_1_616' title='bbox 1443 4724 1485 4785; x_wconf 76' lang='grc' dir='ltr'>διὰ</span> <span class='ocrx_word' id='word_1_617' title='bbox 1500 4726 1547 4798; x_wconf 73' lang='grc' dir='ltr'><strong>τὴν</strong></span> <span class='ocrx_word' id='word_1_618' title='bbox 1562 4727 1664 4808; x_wconf 67' lang='grc' dir='ltr'>ἑορτὴν,</span> <span class='ocrx_word' id='word_1_619' title='bbox 1679 4726 1750 4787; x_wconf 71' lang='grc' dir='ltr'>ἀλλὰ</span> <span class='ocrx_word' id='word_1_620' title='bbox 1768 4727 1811 4786; x_wconf 73' lang='grc' dir='ltr'>διὰ</span> 
     </span>
     <span class='ocr_line' id='line_1_48' title="bbox 234 4819 1809 4905; baseline -0.001 -23"><span class='ocrx_word' id='word_1_621' title='bbox 234 4821 280 4881; x_wconf 86' lang='lat' dir='ltr'><strong>sed</strong></span> <span class='ocrx_word' id='word_1_622' title='bbox 295 4837 404 4905; x_wconf 89' lang='lat' dir='ltr'><strong>propter</strong></span> <span class='ocrx_word' id='word_1_623' title='bbox 420 4821 630 4881; x_wconf 89' lang='lat' dir='ltr'><strong>multitudinem.</strong></span> <span class='ocrx_word' id='word_1_624' title='bbox 645 4821 733 4882; x_wconf 89' lang='lat' dir='ltr'><strong>Simul</strong></span> <span class='ocrx_word' id='word_1_625' title='bbox 743 4821 853 4882; x_wconf 84' lang='lat' dir='ltr'><strong>induxit</strong></span> <span class='ocrx_word' id='word_1_626' title='bbox 866 4821 917 4881; x_wconf 91' lang='lat' dir='ltr'><strong>hoc</strong></span> <span class='ocrx_word' id='word_1_627' title='bbox 931 4826 984 4884; x_wconf 89' lang='lat' dir='ltr'><strong>Ju-</strong></span> <span class='ocrx_word' id='word_1_628' title='bbox 1038 4822 1068 4882; x_wconf 80' lang='grc' dir='ltr'><strong>τὸ</strong></span> <span class='ocrx_word' id='word_1_629' title='bbox 1078 4824 1186 4894; x_wconf 76' lang='grc' dir='ltr'>πλῆθος.</span> <span class='ocrx_word' id='word_1_630' title='bbox 1196 4819 1270 4899; x_wconf 75' lang='grc' dir='ltr'><strong>Ἅμα</strong></span> <span class='ocrx_word' id='word_1_631' title='bbox 1283 4823 1328 4880; x_wconf 81' lang='grc' dir='ltr'><strong>καί</strong></span> <span class='ocrx_word' id='word_1_632' title='bbox 1340 4819 1424 4901; x_wconf 79' lang='grc' dir='ltr'>τούτῳ</span> <span class='ocrx_word' id='word_1_633' title='bbox 1434 4819 1575 4888; x_wconf 79' lang='grc' dir='ltr'>Ἰουδαίως</span> <span class='ocrx_word' id='word_1_634' title='bbox 1586 4821 1717 4900; x_wconf 73' lang='grc' dir='ltr'>ἐπήγετο,</span> <span class='ocrx_word' id='word_1_635' title='bbox 1728 4825 1765 4888; x_wconf 81' lang='grc' dir='ltr'>ὡς</span> <span class='ocrx_word' id='word_1_636' title='bbox 1778 4819 1809 4891; x_wconf 79' lang='grc' dir='ltr'><strong>δὴ</strong></span> 
     </span>
     <span class='ocr_line' id='line_1_49' title="bbox 232 4909 1809 4995; baseline -0.001 -21"><span class='ocrx_word' id='word_1_637' title='bbox 232 4915 316 4993; x_wconf 76' lang='lat' dir='ltr'><strong>deos,</strong></span> <span class='ocrx_word' id='word_1_638' title='bbox 331 4914 405 4995; x_wconf 90' lang='lat' dir='ltr'><strong>quod</strong></span> <span class='ocrx_word' id='word_1_639' title='bbox 419 4913 575 4973; x_wconf 75' lang='lat' dir='ltr'><strong>festivitates</strong></span> <span class='ocrx_word' id='word_1_640' title='bbox 585 4913 694 4990; x_wconf 86' lang='lat' dir='ltr'><strong>coleret;</strong></span> <span class='ocrx_word' id='word_1_641' title='bbox 711 4913 793 4973; x_wconf 92' lang='lat' dir='ltr'><strong>simul</strong></span> <span class='ocrx_word' id='word_1_642' title='bbox 813 4928 840 4972; x_wconf 94' lang='lat' dir='ltr'><strong>et</strong></span> <span class='ocrx_word' id='word_1_643' title='bbox 860 4913 985 4974; x_wconf 83' lang='lat' dir='ltr'><strong>inimicos</strong></span> <span class='ocrx_word' id='word_1_644' title='bbox 1037 4919 1123 4993; x_wconf 84' lang='grc' dir='ltr'>τιμῶν</span> <span class='ocrx_word' id='word_1_645' title='bbox 1134 4912 1181 4981; x_wconf 78' lang='grc' dir='ltr'><strong>τὰς</strong></span> <span class='ocrx_word' id='word_1_646' title='bbox 1192 4913 1299 4993; x_wconf 74' lang='grc' dir='ltr'>ἑορτάς·</span> <span class='ocrx_word' id='word_1_647' title='bbox 1312 4912 1357 4971; x_wconf 86' lang='grc' dir='ltr'><strong>καί</strong></span> <span class='ocrx_word' id='word_1_648' title='bbox 1368 4911 1428 4980; x_wconf 74' lang='grc' dir='ltr'>τοὺς</span> <span class='ocrx_word' id='word_1_649' title='bbox 1438 4909 1546 4994; x_wconf 72' lang='grc' dir='ltr'>ἐχθρούς</span> <span class='ocrx_word' id='word_1_650' title='bbox 1557 4914 1624 4972; x_wconf 77' lang='grc' dir='ltr'>ἑλεῖν</span> <span class='ocrx_word' id='word_1_651' title='bbox 1637 4913 1809 4993; x_wconf 79' lang='grc' dir='ltr'>βουλόμενος,</span> 
     </span>
    </p>
   </div>
   <div class='ocr_carea' id='block_1_4' title="bbox 268 5122 1101 5193">
    <p class='ocr_par' dir='ltr' id='par_1_11' title="bbox 268 5122 1101 5193">
     <span class='ocr_line' id='line_1_50' title="bbox 268 5122 1101 5193; baseline 0.002 -20"><span class='ocrx_word' id='word_1_652' title='bbox 268 5125 281 5162; x_wconf 79' lang='lat' dir='ltr'>b</span> <span class='ocrx_word' id='word_1_653' title='bbox 301 5125 373 5188; x_wconf 84' lang='lat' dir='ltr'><strong>Here,</strong></span> <span class='ocrx_word' id='word_1_654' title='bbox 393 5135 475 5191; x_wconf 70' lang='grc' dir='ltr'>ἤγαγον</span> <span class='ocrx_word' id='word_1_655' title='bbox 494 5130 517 5177; x_wconf 84' lang='lat' dir='ltr'><strong>ii</strong></span> <span class='ocrx_word' id='word_1_656' title='bbox 537 5132 574 5180; x_wconf 81' lang='grc' dir='ltr'><strong>τὸν</strong></span> <span class='ocrx_word' id='word_1_657' title='bbox 596 5130 664 5180; x_wconf 72' lang='grc' dir='ltr'>παῖδα</span> <span class='ocrx_word' id='word_1_658' title='bbox 684 5122 918 5191; x_wconf 76' lang='grc' dir='ltr'>ςῶντα,(1ιεααιειε</span> <span class='ocrx_word' id='word_1_659' title='bbox 939 5122 1101 5193; x_wconf 83' lang='lat' dir='ltr'><strong>quibusdam.</strong></span> 
     </span>
    </p>
   </div>
   <div class='ocr_carea' id='block_1_5' title="bbox 0 0 1869 5978">
    <p class='ocr_par' dir='ltr' id='par_1_12' title="bbox 0 0 1869 5978">
     <span class='ocr_line' id='line_1_51' title="bbox 0 0 1869 5978; baseline 0 0"><span class='ocrx_word' id='word_1_660' title='bbox 0 0 1869 5978; x_wconf 95' lang='lat' dir='ltr'><strong> </strong></span> 
     </span>
    </p>
   </div>
  </div>
 </body>
</html>
