3728 5978
126 381 190 455 150
453 406 482 453 S.
510 405 653 453 JOANMS
679 403 864 453 CHRYSOST.
894 404 1050 455 ruentum
1080 407 1356 459 consranrtrton.

1 548 20 582 ι.
33 540 56 598 q.
72 537 108 584 ι6.
119 527 157 585 xii
171 526 296 587 dicebant
308 527 412 614 {Quid
420 527 566 606 faciemus
587 528 752 586 nominibus
771 531 859 586 istis?
879 533 895 579 B
911 552 956 607 γον
964 553 978 565 ··
988 530 1025 589 Τί
1038 530 1184 611 ποιήσομεν
1207 542 1261 602 τοῖς
1275 531 1422 614 ἀνθρένιιοις
1435 532 1551 607 τούτοις

118 619 194 679 itaet
215 620 245 678 hi
265 619 440 678 dissecantur.
462 617 542 695 Atqui
563 617 610 677 ille
625 632 699 692 erat,
730 619 777 698 qui
798 640 859 680 suc·
912 621 957 680 καί
971 615 1227 708 ούτοιδιαπρίονται.
1242 627 1296 686 Καὶ
1313 626 1559 706 μὴνόθυμωθῆναι

117 734 223 773 censere
234 712 362 788 debebat,
376 711 423 790 qui
438 711 509 770 nihii
521 711 643 789 laeserat,
658 726 683 772 et
696 734 728 774 ae
740 713 764 773 si
776 713 859 774 laesis-
912 717 1008 784 ἐκεῖνος
1020 709 1064 789 ἧν,
1079 722 1093 777 θ
1107 718 1188 796 μηδὲν
1204 717 1251 796 μὲν
1265 720 1412 793 ἀδικήσας,
1423 720 1457 780 τά
1477 720 1505 779 δὲ
1521 724 1558 779 τῶ

118 821 157 867 set
164 829 257 888 passus
265 819 290 865 et
297 804 583 886 calumniisimpetitus
598 805 659 864 fuit.
668 805 725 866 Sed
737 806 801 866 hinc
815 828 860 866 ca-
912 807 997 868 κότοιν
1017 809 1108 869 παθὼν
1122 813 1168 870 καλ
1187 810 1435 892 συκοφαντούμενος.
1458 812 1530 873 Ἀλλ’
1553 838 1558 871 ι

116 899 290 958 lumniatores
301 897 387 977 magis
396 898 570 957 evincuntur:
582 896 621 957 sic
631 916 727 959 verum
734 911 774 958 est
786 899 859 979 quod
913 899 1008 980 ράνται
1024 904 1125 980 μᾶλλον
1140 904 1293 985 ἐλέγχονται
1305 904 1351 963 καλ
1364 905 1462 982 ταύτῃ·
1477 903 1558 973 ούτιος

20 1005 83 1049 tum.
116 1012 221 1073 semper
240 988 363 1049 dicebam
386 989 483 1047 :Male
500 990 604 1066 iacere,
631 1003 669 1048 est
697 990 767 1050 male
788 991 856 1072 pati.
912 992 1141 1074 όπεράελέλεγον,
1154 996 1195 1055 ότι
1215 997 1246 1057 τὸ
1262 1006 1346 1056 ποιεῖν
1360 1002 1468 1068 κακῶς,
1481 995 1558 1057 rotat

116 1082 194 1142 Certe
203 1082 249 1141 ille
260 1081 329 1141 nihil
343 1081 521 1141 calumniatus
533 1095 586 1159 est,
602 1081 650 1141 sed
664 1103 727 1143 vera
739 1083 860 1143 declara-
911 1084 1026 1167 πάσχειν
1040 1092 1136 1157 κακῶς.
1158 1088 1253 1148 Καίτοι
1275 1089 1352 1156 αὐτὸς
1368 1087 1441 1149 οὐδὲν
1461 1092 1558 1169 ίανιιοφ

114 1171 163 1232 vit.
180 1174 235 1250 Sic,
244 1195 307 1234 cum
317 1171 478 1233 contumelia
487 1172 634 1249 afficimur,
649 1171 716 1233 dum
729 1174 801 1233 nihil
811 1195 859 1234 no·
913 1179 971 1236 ἀλλ’
978 1178 1302 1255 ἀπέδειξεν.Ούτως,ύταν
1309 1179 1476 1262 θέριξώμεθα
1484 1171 1558 1247 iaci<

114 1266 157 1325 bis
176 1267 275 1327 conscii
295 1288 389 1326 sumus
397 1311 407 1345 ,
421 1265 491 1324 nihil
505 1286 568 1325 vero
581 1265 710 1346 patimur.
724 1267 860 1329 Volebam
912 1270 1011 1349 δαμεν,
1023 1268 1114 1333 ιὀὐδὲν
1124 1273 1271 1354 πάσχομεν.
1283 1271 1441 1334 Ἐόούλοντο
1454 1272 1503 1351 μίν
1515 1262 1558 1331 ὧν

112 1379 177 1440 ergo
197 1359 277 1418 illum
292 1357 426 1434 occidere;
442 1357 556 1417 sednon
571 1356 662 1417 statim
682 1357 712 1417 id
736 1358 858 1435 faciunt,
912 1365 1120 1426 ἀλλὀθποιοῦσι
1130 1371 1222 1440 τοῦτο,
1235 1366 1321 1425 αἰτίαν
1332 1365 1449 1433 θέλοντες
1458 1364 1558 1444 εὔλογον

113 1471 221 1509 causam
232 1451 320 1532 specie
329 1451 432 1531 justam
445 1449 556 1508 facinori
571 1449 690 1509 volentes
704 1450 856 1512 obtendere.
910 1461 999 1538 ναιτῷ
1007 1458 1169 1538 τολμήματι.
1175 1459 1213 1518 Τί
1222 1449 1279 1532 oin
1290 1463 1307 1530 ἡ
1317 1458 1391 1538 ύόριτ
1400 1461 1449 1518 οθκ
1458 1449 1558 1531 ἥνεύλι

112 1543 188 1614 Quid
208 1543 312 1622 igitur?
332 1563 420 1601 annon
444 1541 605 1602 contumelia
625 1541 673 1602 illa
689 1542 857 1603 rationabilis
874 1561 894 1609 c
909 1540 942 1622 ἦν
957 1553 1034 1610 αὐτοῦ
1048 1556 1065 1622 ἡ
1079 1550 1167 1630 diets,
1185 1551 1253 1610 ἀλλὰ
1267 1555 1313 1610 τοῦ
1334 1551 1468 1632 upapam
1491 1572 1558 1609 χαςν

111 1658 191 1695 causa
205 1637 285 1696 erat?
301 1636 361 1694 Non
375 1649 432 1695 erat
445 1635 519 1695 ittius
536 1636 711 1712 contumelia,
733 1636 782 1697 sed
794 1659 857 1718 pro-
911 1643 1013 1711 ἑκόντες
1034 1644 1080 1702 καλ
1101 1643 1289 1713 ἀνεέάλλοντο,
1301 1642 1371 1702 tim
1396 1643 1434 1722 μὴ
1451 1640 1557 1711 δόξαιδ

110 1728 197 1809 phetae
207 1727 342 1788 accusatio
355 1751 362 1784 ι
375 1727 421 1787 vel
434 1740 528 1808 sponte
541 1725 702 1787 differebant
710 1771 720 1806 ,
733 1749 767 1788 ne
780 1729 857 1790 vide·
911 1733 1003 1802 αὐτοὺς
1018 1736 1094 1796 αὐτὸν
1115 1739 1226 1807 ἀνελεῖν,
1249 1734 1340 1815 ῶσπερ
1354 1725 1398 1794 ὧν
1417 1732 1462 1794 καλ
1485 1733 1532 1794 τὸν
1553 1735 1557 1792 ἶ

111 1834 203 1879 rentur
216 1820 298 1879 illum
307 1818 344 1879 ob
356 1819 538 1879 accusationes
549 1818 603 1877 sibi
618 1818 709 1879 illatas
721 1820 857 1898 occidere,
910 1827 979 1887 ἀλλὰ
992 1826 1028 1887 δι’
1041 1827 1173 1890 ἀνέσειεν
1186 1830 1273 1889 Τοῦτο
1295 1828 1323 1889 δὲ
1343 1825 1475 1896 gustetis<
1495 1817 1530 1899 ἦν
1549 1849 1557 1883 ι

47 1946 50 1950 ’
109 1913 179 1972 sicut
199 1912 281 1972 etiam
301 1912 329 1970 in
350 1911 458 1971 Christo
467 1909 690 1992 ,sedpropter
681 1912 855 1993 impietatem.
909 1922 959 1982 Διδ
978 1921 1045 2001 μιτά
1066 1926 1113 1980 τοῦ
1137 1923 1237 1981 ἀνελεῖν
1254 1923 1445 2002 ἐπιχειροῦντες
1464 1919 1511 1980 καὶ
1538 1943 1557 1980 τ

109 2005 266 2065 Hocautem
276 2002 719 2084 quodloquebatur,pietatiserat
733 2006 855 2065 verbum.
910 2018 988 2076 αὐτοῦ
1000 2014 1116 2097 βλάψε,
1136 2014 1197 2073 δςςπ
1199 2013 1293 2094 pm
1307 2012 1468 2095 Εφοὸεῦνςο
1485 2012 1557 2096 γὰρ,

108 2097 171 2157 ideo
179 2112 321 2180 postquam
336 2095 505 2175 oeciderant,
517 2095 654 2155 tamam·
630 2117 688 2177 ejus
701 2096 856 2159 ledereco·
908 2109 950 2167 λιν
963 2106 1161 2189 καινόνςνπερλ
1177 2105 1254 2166 αὐτὸν
1264 2103 1457 2185 ἀλλογόννγται.
1471 2095 1557 2180 Εἶτα,

107 2206 228 2269 nantes,
228 2195 471 2253 Dissecabontur:
482 2141 613 2250 timebant
626 2188 699 2250 enim
709 2211 743 2251 ne
752 2211 856 2254 novum
908 2220 954 2258 του
937 2199 1081 2280 Χριστοῦ
1087 2199 1208 2268 ποιοῦσι,
1217 2193 1344 2254 τοῦτοκαὶ
1355 2194 1399 2254 ἐπὶ
1410 2216 1456 2252 του
1439 2194 1557 2274 Ἴαιρα

107 2284 291 2366 quidpiam
268 2305 339 2344 cirea
363 2284 442 2343 iilum
469 2281 611 2343 accideret.
634 2282 757 2361 Deinde,
781 2286 854 2391 quod
908 2289 1028 2369 καθαπερ
1036 2293 1103 2362 ixei
1113 2277 1284 2359 έπειδὴεῖπεν
1291 2283 1557 2365 ,Ὅψεσθεάκδιξιῶ

107 2375 214 2435 Christo
249 2377 384 2449 fecerant,
408 2375 545 2456 Stephano
581 2373 704 2452 iaciunt,
731 2389 757 2435 et
784 2378 854 2439 sicut
907 2379 1011 2460 νάμεοις
1020 2381 1121 2441 stent
1120 2376 1334 2459 ντοῦάνθρόιπου
1342 2377 1498 2456 καθήμενον,
1507 2378 1557 2456 βλο

106 2465 179 2543 illic,
203 2467 267 2546 quia
294 2466 416 2544 dixerat,
448 2467 589 2525 ndentes
614 2467 728 2525 Filium
755 2469 853 2529 homi·
907 2496 924 2531 τ
924 2473 1062 2556 δπρθγμα
1079 2472 1168 2554 ῖλεγον
1183 2470 1375 2554 καλμάρτυρας
1388 2469 1554 2550 τοθςάχλως

105 2565 152 2621 nis
166 2583 186 2620 a
199 2562 311 2620 dextris
337 2562 458 2620 minutis
478 2560 649 2633 sedentem,
674 2557 704 2618 id
727 2557 854 2642 blasphe-
869 2584 889 2630 ι)
907 2564 976 2626 οὕτω
994 2565 1027 2637 δὴ
1041 2566 1087 2625 καλ
1109 2568 1229 2626 ἐνταῦθα.
1253 2563 1328 2624 Ἐκεῖ
1352 2560 1490 2644 διέρρηξαν
1511 2561 1549 2621 sd

104 2654 189 2713 mium
201 2674 258 2714 esse
272 2653 416 2725 dicebant,
431 2665 458 2710 et
476 2664 554 2711 testes
572 2603 667 2710 turbis
683 2653 851 2714 evocabant.
905 2645 1067 2716 οιδετάοιτα
1078 2657 1213 2737 συνέσχον.
1220 2652 1556 2736 ὙπάρχοινδίπλήρηςΠ

103 2745 384 2806 sicetnuncsaciunt.
399 2743 461 2803 iilic
474 2743 632 2804 vestimenta
644 2742 791 2823 sciderunt,
805 2746 851 2808 hic
905 2747 998 2828 ἁγίου,
1009 2747 1131 2815 ἀτενίσας
1144 2745 1234 2816 εῖςτδν
1249 2746 1369 2827 οὐρανὸν,
1381 2736 1433 2805 dte
1450 2743 1556 2813 δόξανξ

102 2863 181 2904 aures
201 2844 399 2936 continuerunt,
418 2841 465 2902 55.
483 2840 557 2900 Cum
570 2853 672 2900 autem
682 2841 789 2921 pientes
803 2862 848 2904 es·
904 2843 1007 2912 Ιησοῶν
1021 2843 1124 2902 ἑστῶτα
1137 2843 1167 2900 ia
1182 2840 1270 2909 δεξιῶν
1289 2850 1337 2899 τὀυ
1319 2840 1436 2912 ”Θεοῶ,
1455 2837 1501 2896 καλ
1520 2827 1556 2897 ε’ίι

103 2947 146 2993 set
157 2936 266 3016 Spiritu
286 2945 408 3006 sancto,
425 2934 602 2992 intendens
591 2954 624 2992 ιιι
635 2934 754 3010 σιτίσαι,
771 2938 850 2996 vidit
903 2937 994 3014 θεωρῶ
1012 2933 1072 3001 τοὺς
1092 2928 1214 3014 οὐρανους
1229 2929 1424 3012 ἀνεῳγμένους,
1437 2927 1544 2990 καὶτδν

101 3029 227 3112 gloriam
255 3029 322 3101 Dei,
350 3039 378 3086 et
408 3027 511 3085 Jesum
539 3037 667 3084 stantem
691 3045 711 3084 α
739 3027 849 3088 dextre
904 3024 1041 3109 ἀνθρώπου
1058 3028 1089 3086 ἐκ
1102 3024 1192 3095 δεξιῶν
1207 3024 1463 3084 ἑοτῶιατοῶθεοῶ.
1479 3020 1555 3104 Κράξ

101 3125 175 3196 Dei,
188 3133 217 3180 et
230 3124 291 3179 ait:
286 3120 385 3178 ·Ecce
399 3118 487 3176 video
501 3116 589 3175 coelos
605 3129 733 3196 opertos,
755 3132 783 3178 et
797 3123 849 3179 Fi·
903 3124 977 3199 φωνῇ
998 3119 1118 3200 ρεγαλῃ,
1139 3118 1265 3199 συνέσχον
1277 3105 1351 3178 τά
1331 3141 1389 3175 οιτα
1409 3118 1507 3185 αὐτῶν,
1523 3137 1556 3174 κα

100 3216 172 3274 lium
195 3215 321 3272 hominis
340 3223 467 3270 stentem
481 3209 622 3267 adextris
637 3210 703 3268 Dei.
717 3210 767 3270 56.
783 3212 848 3270 Ex·
903 3235 952 3271 σαν
974 3211 1138 3290 ὁμοθυμαδὸν
1161 3213 1203 3271 ἀπ’
1216 3208 1301 3269 αὐτόν.
1324 3207 1549 3275 Καλέκόαλόντες

100 3309 264 3366 clamantes
288 3317 386 3364 cutem
401 3322 475 3362 voce
491 3320 616 3381 magna,
639 3305 848 3364 continuerunt
902 3301 1087 3378 πολεως,θ
1031 3306 1087 3362 nto
1089 3302 1206 3363 οόόλσον.
1230 3301 1281 3362 aa
1301 3301 1338 3379 μὴ
1320 3301 1391 3374 tut
1404 3299 1548 3380 ἐψεύδετο,

99 3422 186 3461 aures
197 3420 282 3472 suas
308 3411 336 3458 et
356 3402 495 3476 impetum
510 3395 648 3475 fecerunt
668 3400 848 3456 unanimiter
901 3394 1007 3472 νόμενον
1022 3395 1073 3456 ἔδει
1086 3400 1199 3476 ἀφεῖναι.
1214 3393 1249 3455 Ὁ
1273 3394 1301 3454 δὲ
1323 3393 1405 3462 otro<
1424 3384 1496 3467 eine,
1520 3397 1556 3472 βα

98 3497 131 3551 in
144 3515 220 3552 erim.
233 3495 274 3550 Et
283 3495 432 3592 ejicientes
445 3508 511 3547 eum
525 3500 609 3546 extra
626 3490 786 3567 civitatem,
799 3490 846 3548 la-
864 3505 882 3551 Ε
902 3485 994 3556 αὐτούς
1007 3488 1194 3567 ἐπαγαγέσθαι.
1208 3486 1262 3546 Καὶ
1272 3486 1362 3559 ἐπειδὴ
1374 3484 1455 3547 εἰπὼν
1468 3486 1555 3566 περλτ

95 3586 249 3663 pidabant.
265 3580 380 3658 Atqui
360 3601 382 3638 si
397 3579 524 3638 mentitus
537 3592 610 3655 erat,
625 3592 656 3638 ut
669 3578 843 3642 insanientem
899 3603 945 3638 του
956 3601 1046 3658 μονον
1062 3603 1094 3639 πε
1098 3577 1382 3658 ρλάναστάσεοιςούδὲν
1393 3577 1532 3658 δ,ιελέχθη
1542 3601 1555 3636 κ

96 3696 160 3734 eum
170 3671 316 3732 dimisisse
343 3671 470 3751 oportuit.
493 3670 544 3730 Ille
567 3691 632 3730 vero
656 3670 695 3731 sic
715 3672 842 3753 dixerat,
898 3670 1026 3731 λοιπον
1002 3694 1178 3752 ευκαιρωιπ
1165 3669 1334 3751 wisunt
1310 3693 1340 3731 το
1353 3670 1449 3749 δόγμα
1460 3668 1542 3729 Οὕτω

96 3766 189 3826 volens
208 3786 253 3824 eos
273 3763 412 3824 abducere.
436 3762 472 3822 Et
491 3762 556 3842 quia
577 3762 611 3821 de
636 3778 723 3825 morte
742 3721 844 3826 Christi
897 3763 969 3844 λεγιι
980 3788 1108 3845 ρανηναι
1120 3762 1218 3832 ῶςπου
1232 3762 1366 3832 διέξεισιν,
1378 3762 1423 3822 ἵνα
1433 3761 1482 3822 κάν
1494 3760 1555 3822 σύτο

95 3872 201 3918 tantum
215 3859 361 3937 loquutus,
377 3854 411 3914 de
425 3855 616 3915 resurrectione
631 3856 701 3916 nihil
719 3857 841 3937 dixerat,
897 3878 942 3915 ται
952 3856 996 3915 τὸν
1010 3856 1103 3936 λόγον,
1122 3855 1197 3928 tae
1185 3854 1283 3916 ἐπεὶ
1259 3877 1289 3913 το
1308 3858 1389 3914 εἰπεῖν
1404 3858 1535 3926 καθῆσθαι
1551 3879 1555 3908 ι

96 3945 841 4032 hocdogmaopportunedemumadjicit.ltaautemsibi
879 4018 883 4025 ¹
898 3949 985 4015 αὐτοῖς
996 3940 1042 4023 ἦν,
1057 3948 1122 4016 τέως
1139 3949 1182 4009 τὸν
1196 3949 1257 4029 περὶ
1276 3953 1323 4021 τῆς
1339 3946 1508 4014 ἀναστάσεως
1528 3970 1555 4005 κι

95 4043 249 4124 apparuisse
262 4042 347 4118 dicit,
365 4054 396 4099 ut
408 4053 530 4116 enarrat,
547 4062 600 4119 quo
615 4040 654 4100 sic
668 4041 762 4100 saltem
783 4043 841 4123 ejus
895 4065 951 4120 γον,
965 4039 1010 4101 καί
1024 4064 1103 4121 φησιν
1116 4041 1194 4100 αὐτὸν
1208 4039 1339 4101 ἵστασθαι.
1355 4039 1420 4099 Ἀπὸ
1434 4038 1527 4098 τούτου
1548 4063 1555 4097 ι

94 4157 243 4195 sermonem
254 4147 422 4215 acciperent
446 4133 512 4211 qui,
528 4132 656 4211 quoniam
675 4132 784 4193 dixerat
801 4136 840 4193 il·
897 4158 945 4211 μαι
959 4133 1197 4214 καλτοπρόοιοπον
1210 4136 1291 4193 αὐτου
1313 4130 1473 4200 δεδοξάσθαι.
1489 4131 1555 4211 Ογ

93 4227 410 4304 lumsedcre,molestus
425 4224 566 4300 illiserat,
582 4223 1077 4340 interimderesur-quoivOpunoe
1101 4251 1153 4300 οιν,
1176 4217 1251 4284 δι’ἵν
1232 4250 1267 4284 οιν
1289 4222 1491 4284 ἐπεόουλεύοντο
1509 4227 1553 4283 ἐκε

93 4319 208 4377 rectione
228 4336 377 4376 sermonem
390 4327 496 4391 movet,
518 4328 545 4373 et
565 4314 645 4373 illum
667 4329 737 4375 stare
762 4282 858 4379 dicit.¹
857 4285 1156 4386 ίαθτῶνέόούλετᾙ
1128 4315 1220 4383 αυτους
1244 4314 1454 4389 ἐκκαλέσασθαι,
1478 4318 1501 4374 εἰ
1525 4338 1555 4374 κο

93 4412 163 4470 Hinc
172 4412 301 4492 conjecto,
315 4409 410 4467 sacrem
420 4407 495 4465 illius
505 4406 757 4487 glorificatamesse
770 4413 839 4470 Nam
893 4408 972 4468 πλέον
986 4409 1097 4489 ἐγένετο.
1121 4406 1174 4469 Καὶ
1190 4405 1344 4475 exsatiem
1362 4405 1459 4475 ἔξω
1426 4431 1474 4487 τῃς
1490 4406 1554 4466 πόλι

92 4508 182 4578 Deus,
193 4503 325 4583 benignus
337 4521 399 4559 cum
413 4499 460 4575 sit,
476 4521 523 4579 per
536 4521 596 4577 quae
611 4499 653 4559 illi
667 4499 778 4562 insidias
790 4507 907 4584 pa-t)
894 4501 1025 4562 θοόολουν.
1042 4501 1127 4560 Παλιν
1148 4499 1243 4568 ἔξω
1211 4523 1259 4571 της
1282 4498 1383 4566 πόλεως
1404 4504 1419 4559 θ
1440 4499 1553 4566 θάνατος

89 4595 203 4671 rabant,
221 4614 269 4675 per
282 4589 375 4650 eadem
389 4590 494 4649 uolebat
511 4588 572 4647 illos
587 4610 714 4666 evocare;
730 4592 780 4651 etsi
794 4592 837 4651 ui'-
893 4594 938 4653 ἐπὶ
949 4601 994 4652 τοῦ
1006 4594 1138 4672 Χριστοῦ,
1157 4592 1202 4651 καλ
1215 4595 1240 4651 ἐν
1258 4594 1330 4674 αὐτῷ
1339 4595 1378 4672 τῷ
1392 4592 1498 4672 θανάτῳ
1511 4597 1529 4665 ἡ
1545 4597 1554 4652 t

91 4688 131 4745 hii
142 4687 260 4768 amplius
271 4686 371 4742 sactum
387 4682 429 4742 sit.
444 4683 491 4740 57.
504 4684 545 4739 Et
557 4684 703 4761 ejicientes
713 4704 779 4742 eum
791 4706 839 4743 ex·
894 4686 939 4744 aei
952 4685 982 4743 τὸ
993 4683 1120 4764 κήρυγμα
1129 4683 1356 4798 διαγγελλόμενον.
1369 4683 1421 4743 Καὶ
1432 4688 1456 4744 οῖ
1467 4683 1554 4765 μάρτυ

89 4795 136 4840 tm
147 4785 306 4853 ciuitatem,
321 4777 504 4856 lapidabant.
520 4777 625 4833 Rursus
643 4788 719 4835 extra
737 4777 839 4837 civita-
895 4783 968 4837 θεντο
980 4775 1014 4835 τά
1026 4777 1168 4852 ῖμάτια’
1140 4780 1225 4835 αυτῶν
1237 4799 1276 4833 πα
1279 4772 1383 4855 ράτους
1395 4774 1479 4842 πόδας
1496 4799 1554 4834 νεαν

86 4888 140 4933 tem
151 4895 234 4951 mors,
243 4869 350 4931 sicutin
362 4867 518 4927 Christotet
527 4867 555 4924 in
566 4867 623 4948 ipsa
638 4883 725 4930 morte
738 4870 842 4929 conses-
893 4869 1019 4947 λουμένου
1032 4868 1149 4942 Σαύλου,
1159 4892 1205 4927 και
1194 4866 1381 4927 ἐλιθοόολοον
1393 4867 1473 4927 τδν
1451 4867 1554 4948 ,πέραν

117 5049 189 5096 bitte
210 5057 338 5110 perpetue
361 5045 569 5094 suntvarictotes
588 5044 614 5093 io
633 5045 682 5094 situ
706 5058 835 5108 vocum,1
830 5043 855 5092 in
937 5047 1064 5108 -λθδγον-
1053 5052 1089 5096 οιὰ
1104 5066 1216 5098 τοοτοκκ
1217 5050 1348 5111 ιτσδπρό
1349 5065 1409 5098 ωπον
1424 5047 1494 5095 αυτοῦ
1482 5045 1551 5094 υδιδ

85 5126 168 5176 verbis
179 5127 254 5174 etiam
276 5123 343 5188 ipsis.
364 5125 494 5173 assensus
507 5139 572 5173 unus
584 5134 635 5187 eat,
649 5121 692 5174 sed
706 5139 771 5188 saepe
783 5123 856 5173 iutri·
905 5130 958 5190 γάρ,
972 5122 1007 5171 sic
1020 5138 1091 5170 tinus.

86 5207 166 5257 catior
176 5206 201 5253 in
213 5203 388 5266 itiaomeriptis
