3728 5978
248 375 319 462 τοῦ
595 394 624 443 s.
653 389 793 445 rounurs
817 390 1002 445 οειιεοατ.
1029 394 1187 447 armine.
1215 394 1486 446 corsrsnrmor.

244 548 310 589 oum
332 527 424 588 beatos
447 522 577 607 predicat
595 523 792 602 misericordes,
804 543 859 584 non
875 543 921 584 eos
940 523 988 603 qui
1039 521 1100 593 τοῦς
1110 524 1271 603 ἐλεήμονας,
1282 528 1312 585 οῦ
1326 523 1386 593 τοῦς
1400 525 1445 586 διδ
1455 523 1610 608 χρημάτων
1623 525 1763 591 ἐλεοῦντες
1775 525 1815 600 μδ

245 619 387 701 pecuniam
400 631 510 697 erogant
531 629 646 692 tantum,
659 614 707 675 sed
729 615 812 675 etiem
830 635 876 675 eos
894 615 943 694 qui
953 635 988 674 ex
1038 639 1093 693 νον,
1115 616 1242 677 ἀλλὰκαὶ
1258 615 1317 684 τὼς
1334 616 1378 675 διδ
1391 616 1578 699 προαιρέσεως
1590 623 1675 677 τοῦτο
1687 621 1816 682 ποιοῦσαι

245 709 329 771 animi
348 709 487 792 proposito
510 709 563 769 hoo
582 707 694 784 faciunt,
718 707 819 767 laudnt.
840 707 900 766 Hoc
924 726 988 787 ergo
1040 709 1180 789 μακαρίζει
1200 709 1245 768 καὶ
1267 711 1379 769 ἐπαινεῖ.
1409 710 1521 782 Ταύτην
1546 708 1639 768 τοίνυν
1663 707 1816 788 παρίχυμιν

244 800 329 861 animi
344 800 513 882 propositum
536 812 662 881 paratum
673 798 820 858 babeamus
831 797 868 858 ad
882 797 987 857 miseri·
1029 799 1191 881 Ἰἐπιτηδείαν
1208 800 1273 882 πρὸς
1291 799 1372 875 ίλεον,
1388 800 1434 860 καί
1447 800 1538 860 πάντα
1564 799 1665 880 ἕψεται
1679 797 1715 858 rb
1728 801 1816 878 αγαθί

243 893 408 970 mediamet
424 893 514 953 omnia
529 907 676 972 sequentur
696 893 775 953 bona.
787 893 857 952 Nam
869 892 918 972 qui
936 892 988 952 be-
1005 897 1026 945 lt
1041 889 1135 971 Ὁγδρ
1146 889 1330 973 φιλάνθρωπον
1344 890 1454 971 γνώμην
1470 891 1540 973 ἔχων
1555 892 1605 952 καὶ
1616 889 1764 968 ἐλεήμονα,
1776 891 1817 949 xlv

243 984 326 1066 nigro
334 999 362 1045 et
373 984 542 1045 misericordi
559 983 652 1043 animo
667 983 798 1064 praeditus
809 996 858 1058 est,
869 983 892 1042 si
906 1004 989 1064 pecu·
1040 983 1168 1063 χρήματα
1178 984 1227 1063 ἔχῃ
1238 1027 1247 1056 ,
1258 983 1422 1063 προήσεται,
1433 983 1483 1042 κδν
1493 987 1521 1043 ἐν
1535 990 1695 1065 συμφοραῖς
1704 983 1747 1062 ἴδη
1759 983 1817 1053 τινὰ,

243 1077 303 1138 nias
317 1079 425 1156 habeat,
436 1076 567 1158 largietur
580 1077 657 1153 illas;
670 1076 694 1135 si
706 1097 786 1154 quem
799 1075 827 1135 in
840 1074 992 1136 calamitate
1039 1073 1183 1133 eluderent
1198 1074 1243 1134 καλ
1263 1075 1407 1155 θρηνήσει,
1428 1074 1478 1135 nti
1493 1075 1672 1156 ἀδικωμίνφ
1686 1075 1817 1154 essperia,

247 1170 360 1250 viderit,
374 1170 631 1250 flebitlug'ehitque;
646 1170 669 1229 si
684 1169 855 1250 injustelaeso
864 1190 988 1229 oecurre-
1040 1164 1237 1244 προστήσεται,
1259 1164 1309 1224 κδν
1328 1166 1541 1248 έπηρεαίόμενον
1565 1165 1724 1240 θεάσηται,
1750 1177 1817 1247 χεῖρα

246 1261 295 1334 tit,
307 1261 362 1343 ipsi
372 1262 599 1345 patrocinabitur3
621 1262 645 1321 si
658 1261 759 1342 injuria
774 1262 901 1321 allectum
911 1261 990 1323 vide-
1039 1255 1132 1335 ὄρίξιι·
1153 1256 1208 1316 Τὸν
1219 1255 1271 1336 γὰρ
1282 1256 1414 1340 θησαυρὸν
1426 1261 1496 1338 ἔχων
1510 1261 1565 1318 τῶν
1579 1261 1706 1337 ἀγαθῶν,
1720 1257 1768 1330 τὴν
1779 1281 1817 1338 φι-

180 1338 185 1350 *
243 1352 291 1430 rit,
306 1374 416 1412 manum
430 1353 560 1434 porriget.
586 1354 659 1412 Cum
683 1352 755 1411 enim
775 1352 910 1412 bonorum
932 1353 989 1412 the·
1039 1347 1194 1430 λάνθριυπον
1208 1348 1254 1408 καί
1270 1349 1399 1428 ἐλεήμονα
1412 1351 1517 1431 ψυχὴν,
1530 1350 1629 1411 πάντα
1642 1354 1746 1411 ἐκεῖθεν
1759 1355 1818 1409 ἀνα·

243 1463 355 1502 saurum
374 1442 481 1516 habeat,
504 1442 654 1502 humanum
671 1455 697 1502 et
717 1441 917 1503 misericordem
929 1443 988 1502 ani·
1041 1437 1132 1499 ύλύσει
1151 1438 1185 1497 τδι
1196 1439 1263 1521 ὑπὲρ
1277 1442 1329 1499 τῶν
1344 1442 1473 1522 ἀδελφῶν,
1487 1440 1665 1501 καθισάντων
1679 1442 1817 1502 ἀπολαύοε·

242 1556 330 1614 mum,
341 1535 431 1596 omnia
442 1536 507 1596 hino
520 1536 642 1596 effundet
649 1556 699 1615 pro
711 1535 850 1606 fratribus,
866 1549 892 1594 et
901 1535 988 1594 omni·
1039 1534 1157 1589 seriniis
1176 1531 1250 1610 παρὰ
1269 1538 1316 1592 τοῦ
1335 1534 1405 1591 Θεοῦ
1421 1532 1551 1611 κειμένων
1566 1537 1688 1612 μισθῶν.
1709 1532 1770 1593 Ἵνα
1780 1526 1816 1592 oli

241 1626 294 1688 bus
302 1629 426 1688 t'nretura
434 1630 491 1688 Deo
499 1628 868 1710 repositispraemiis.Utergo
875 1627 932 1686 haee
939 1647 987 1687 nos
1039 1620 1085 1682 καί
1096 1626 1174 1700 ἡμεῖς
1187 1621 1287 1682 τούτων
1298 1622 1474 1703 ἐπιπίχωμεν,
1483 1624 1540 1706 πρδ
1549 1624 1667 1684 πάντων
1678 1624 1730 1697 τὴν
1740 1627 1817 1705 pepli

241 1719 324 1779 etiam
343 1741 530 1798 assequamur,
558 1734 620 1780 ante
640 1718 730 1778 omnia
760 1718 882 1781 animum
907 1720 988 1778 nobis
1038 1712 1137 1791 ἥμερον
1149 1714 1402 1793 κατασκευάσωμεν.
1414 1714 1557 1796 Ούτοιγδρ
1567 1715 1619 1774 καί
1631 1719 1749 1775 ἐνταῦθα
1757 1718 1818 1782 ὄντες

242 1824 412 1870 mansuetum
427 1833 563 1892 paremus.
577 1810 623 1871 sic
632 1809 705 1869 enim
720 1823 747 1870 et
761 1809 807 1870 hic
818 1810 899 1891 positi
910 1810 987 1870 mille
1040 1803 1123 1886 μυρία
1141 1804 1307 1886 έργασόμεθα
1326 1805 1428 1884 ἀγαθδι,
1454 1805 1568 1865 καὶτῶν
1587 1806 1747 1886 μελλόντων
1762 1812 1817 1868 ἀπο

240 1901 414 1984 operabimur
426 1903 537 1975 bonnet
549 1901 647 1961 suturis
657 1902 779 1961 fruemur
788 1901 910 1963 coronis:
922 1924 989 1982 quas
1004 1905 1023 1954 E
1037 1895 1192 1975 λαυσύμεθα
1207 1897 1359 1977 στεφάνων·
1370 1887 1408 1956 ὧν
1418 1896 1521 1978 γε’νοιτο
1530 1897 1641 1966 πάντας
1651 1905 1727 1978 ἡμᾶς
1737 1904 1817 1960 ἔπιτε

182 2060 185 2065 .
241 1994 347 2055 utinum
371 2016 464 2056 omnes
492 2015 681 2076 assequamur,
703 1995 789 2074 gratia
813 2007 840 2054 et
864 1995 988 2077 benigni·
1040 1997 1098 2068 χεῖν
1114 1988 1207 2069 χάριτι
1217 1988 1262 2048 καὶ
1273 1989 1455 2071 φιλανθρωπίᾳ
1466 2035 1475 2065 ,
1488 1990 1536 2050 καί
1547 1990 1584 2051 τὰ
1596 1989 1671 2063 blitt-

241 2099 311 2169 ure,
327 2101 380 2149 en.

463 2488 466 2497 ,
489 2428 649 2490 nonnula
670 2426 737 2490 XX.
994 2427 1031 2529 δῖ
1335 2434 1472 2493 oulntn
1491 2431 1527 2492 κ’.

241 2613 309 2673 Cur.
326 2611 392 2675 Xll.
406 2634 434 2674 r.
450 2615 479 2674 ί.
505 2607 634 2675 Obsecro
653 2616 755 2696 itaque
774 2634 840 2687 uos,
858 2615 983 2698 frutres,
1038 2612 1194 2696 Παρακαλῶ
1213 2605 1258 2676 σύν
1272 2621 1358 2695 θμθς,
1371 2616 1495 2697 ἀδελφοὶ,
1520 2617 1566 2676 διδ
1594 2621 1651 2678 τῶν
1680 2623 1815 2701 οἰκτιρμῶν

269 2726 332 2787 με·
343 2707 573 2766 misericordium
590 2707 656 2781 Dei,
667 2717 697 2764 ut
708 2706 872 2764 exlu‘beatt's
885 2724 986 2784 corpo·
1076 2713 1123 2768 τοῦ
1144 2709 1228 2781 Θεοῦ,
1246 2712 1419 2789 παραστῆσαι
1441 2707 1477 2767 nd
1501 2707 1623 2786 σώματα
1639 2713 1721 2789 ὑμῶν
1735 2713 1815 2772 θυσίαν

279 2817 317 2859 ru
328 2811 430 2858 oestro
443 2799 572 2857 bostiam
585 2800 745 2873 viventem,
759 2810 906 2869 sanctam,
921 2797 985 2855 Deo
1076 2801 1172 2873 ζῶσαν,
1184 2797 1272 2877 ἁγίαν,
1286 2800 1423 2881 εὐάρεστον
1437 2802 1476 2881 τῷ
1488 2801 1571 2880 Θεῷ,
1584 2799 1638 2873 τήν
1651 2802 1766 2882 λογικήν
1774 2807 1817 2861 λα-

277 2889 455 2970 placentem,
466 2889 646 2948 rationabile
656 2891 825 2971 obsequium
840 2901 983 2952 oestrum.
1076 2890 1165 2970 τρείαν
1180 2893 1265 2969 ὑμῶν.

280 3078 309 3138 l.
321 3078 471 3165 Postquam
489 3075 576 3135 multa
590 3072 625 3136 de
638 3072 690 3135 Dei
710 3072 877 3155 benignitate
896 3071 985 3135 disse·
1077 3075 1297 3158 Πολλδπερίτῆς
1307 3083 1354 3140 τοῦ
1361 3079 1432 3139 Θεοῦ
1442 3078 1652 3160 φιλανθρωπίας
1663 3079 1816 3160 διαλεχθεὶς,

240 3182 342 3246 ruerat,
355 3167 560 3247 ostenderetque
581 3168 641 3248 ejus
661 3167 826 3227 ineffabilem
840 3166 986 3248 provideo·
1039 3170 1084 3230 καὶ
1110 3167 1195 3237 δείξας
1216 3171 1294 3228 αὐτοῦ
1316 3168 1364 3242 τήν
1384 3168 1485 3249 ἄφατον
1509 3170 1692 3247 κηδεμονίαν,
1715 3171 1761 3230 καί
1776 3171 1815 3241 τὴν

239 3261 318 3333 tiam,
329 3259 587 3339 inenarrabilemque
595 3258 799 3338 benignitatem,
809 3279 892 3338 quam
908 3278 987 3318 nemo
1003 3266 1022 3313 B
1040 3260 1189 3342 ἀπόρρητον
1204 3261 1355 3339 ἀγαθότητα
1369 3261 1414 3319 καὶ
1435 3259 1493 3320 οὐδὲ
1510 3262 1696 3339 ἐρευνηθῆναι
1710 3263 1814 3339 δυναμί-

240 3353 355 3414 serutari
372 3367 466 3432 queat3
488 3353 564 3412 illam
585 3351 674 3433 ipsam
688 3350 786 3410 deinde
805 3351 916 3432 profert,
933 3372 987 3429 quo
1040 3376 1098 3426 νην,
1114 3351 1195 3424 αὐτὴν
1209 3353 1301 3412 λοιπὸν
1315 3353 1413 3423 ταύτην
1426 3350 1624 3430 προύοίλλεται,
1638 3355 1681 3419 εἰς
1692 3352 1724 3410 τὸ
1737 3362 1814 3411 πεῖσαι

240 3446 371 3507 beneficio
385 3444 488 3504 affectis
507 3441 627 3517 suadeat,
642 3455 671 3500 ut
690 3455 764 3500 tanto
780 3440 852 3500 douo
874 3441 988 3520 dignum
1039 3443 1100 3511 τοὺς
1113 3442 1329 3525 εὐεργετηθέντας
1348 3442 1424 3511 ἀξίαν
1438 3449 1486 3515 τῆς
1511 3444 1615 3524 δωρεᾶς
1640 3445 1813 3513 ἐπιδείξασθαι

241 3536 388 3598 exhibeant
398 3536 462 3594 vitae
476 3533 640 3592 institutum.
654 3531 762 3590 Etcum
773 3545 863 3592 tantus
873 3533 988 3611 talisque
1040 3535 1088 3609 τήν
1109 3533 1253 3596 πολιτείαν.
1277 3535 1331 3594 Καί
1350 3539 1471 3601 τοσοῦτος
1491 3533 1529 3593 ὧν
1542 3535 1591 3594 καὶ
1605 3539 1814 3610 τηλικοῦτος,αί

240 3628 287 3707 sit,
302 3647 355 3687 non
379 3639 486 3685 recusat
499 3622 560 3682 illos
574 3622 713 3682 obsecrare
724 3621 821 3701 :idque
841 3645 894 3682 non
907 3645 988 3704 super
1040 3635 1210 3709 παραιτεῖται
1223 3630 1402 3707 παρακαλεῖν·
1420 3627 1560 3686 καὶταῦτα
1577 3629 1629 3708 οὐχ
1641 3629 1716 3710 ὑπὲρ
1731 3621 1766 3688 ῶν
1776 3633 1814 3686 αθ-

241 3719 285 3795 iis,
301 3719 401 3799 quibus
417 3717 474 3798 ipse
494 3715 638 3791 frueretur,
657 3713 704 3773 sed
720 3734 801 3794 super
814 3713 858 3792 iiS,
874 3735 933 3792 quae
951 3714 988 3773 ad
1040 3721 1083 3790 τδς
1094 3722 1202 3799 ἔμελλεν
1215 3719 1368 3793 ἀπολαύειν,
1388 3723 1445 3780 ἀλλ’
1461 3721 1527 3800 ὑπὲρ
1545 3711 1586 3778 ὧν
1601 3726 1703 3782 ἐκεῖνοι
1725 3723 1814 3802 κερδα-

240 3811 351 3873 ἰΗοῃιιῃ
364 3811 472 3895 lucrum
485 3806 619 3868 oederent.
634 3806 742 3886 Ecquid
758 3807 877 3881 miraris,
892 3807 913 3866 si
930 3807 988 3888 ipse
1040 3822 1093 3872 νεῖν
1107 3803 1187 3892 εἶχον.
1202 3812 1255 3871 Καὶ
1268 3812 1294 3870 τί
1306 3813 1464 3890 θαυμάζεις,
1480 3815 1502 3870 εί
1517 3812 1597 3880 αὐτὸς
1608 3817 1639 3872 ού
1650 3822 1815 3894 παραιτεῖται

143 3921 148 3932 ’
240 3926 294 3967 non
317 3917 421 3965 recuset
439 3902 591 3978 obsecrare,
616 3899 723 3978 quando
737 3899 921 3959 miserationes
936 3899 988 3959 Dei
1039 3906 1214 3985 παρακαλεῖν,
1231 3902 1295 3962 ὅπου
1308 3927 1339 3982 γε
1361 3902 1407 3963 καὶ
1429 3901 1488 3970 τοὺς
1510 3904 1670 3983 οίκτιρροῦς
1694 3913 1740 3965 τοῦ
1753 3909 1815 3964 Θεοῦ

240 3998 385 4082 proponit?
398 3997 470 4070 Quia
482 3995 566 4062 enim,
582 3993 680 4073 inquit,
697 3993 838 4053 innumera
850 3994 988 4055 vobisbo·
1040 3994 1231 4077 προὸοίλλεταις
1246 3993 1357 4068 Ἐπειδὴ
1379 3993 1431 4075 γὰρ
1454 3992 1489 4053 rb
1514 3995 1597 4075 μυρία
1614 4000 1683 4073 ύμῖν
1696 4000 1816 4063 ἐντεῦθεν,

240 4115 275 4155 nt
286 4091 528 4154 amiserationibus
539 4089 590 4148 Dei
601 4087 759 4169 procedunt,
778 4088 850 4170 ipsas
866 4110 985 4148 reveren·
1040 4089 1131 4170 φησὶν,
1153 4088 1240 4168 ἂγαθδ
1261 4087 1314 4148 ἀπὸ
1333 4091 1387 4148 τῶν
1400 4091 1544 4169 οἰκτιρμῶν
1563 4096 1611 4149 τοῦ
1622 4093 1717 4164 Θεοῦ,
1733 4090 1816 4153 αὐτούς

242 4183 322 4261 mini,
338 4184 409 4264 ipsas
421 4181 494 4242 adite
517 4179 660 4239 humiliter
675 4201 756 4238 :nam
773 4179 838 4260 ipsae
851 4179 988 4261 supplica·
1042 4180 1194 4254 αἰδέσθητε,
1213 4179 1306 4248 αὐτούς
1325 4181 1509 4253 δυσωπήθητε.
1527 4182 1583 4241 Καὶ
1600 4184 1656 4262 γὰρ
1680 4184 1757 4244 αὐτοί
1776 4183 1818 4254 τήν

242 4277 463 4355 tionem'parant‚
473 4287 504 4331 ut
517 4294 551 4332 ne
565 4271 633 4351 quid
646 4271 702 4330 illis
715 4271 858 4352 indignum
872 4273 986 4333 faciatis.
1005 4288 1025 4336 c
1042 4272 1177 4354 ἱκετηρίαν
1191 4272 1318 4346 τιθέασιν,
1331 4271 1375 4332 ἵνα
1390 4271 1472 4350 μηδὲν
1494 4271 1598 4340 ἀνάξιον
1613 4277 1705 4333 αὐτῶν
1725 4275 1819 4334 ἐπιδεί-

173 4424 177 4431 .
242 4370 296 4430 Per
305 4367 367 4426 illas
375 4367 458 4444 igitur
473 4366 556 4446 ipsas,
572 4364 669 4443 inquit,
681 4365 801 4441 obsecro,
811 4388 860 4447 per
873 4387 940 4445 quas
949 4389 990 4427 sa·
1043 4365 1131 4438 ξησθε.
1145 4368 1186 4423 Δι’
1210 4368 1295 4423 αὐτῶν
1309 4355 1354 4423 σύν
1367 4364 1477 4436 τούτων,
1500 4364 1582 4444 φησὶ,
1595 4368 1770 4447 παρακαλῶ,
1791 4368 1818 4423 δι’

243 4458 328 4518 lutem
341 4456 412 4515 nacti
423 4453 733 4532 estiszquemadmodum
744 4455 766 4514 si
782 4456 843 4533 quis
858 4477 930 4533 eum,
943 4458 991 4536 qui
1043 4448 1080 4526 ὧν
1094 4456 1227 4529 ἐσώθητε·
1242 4454 1332 4535 ὥσπερ
1346 4454 1378 4513 δν
1395 4455 1419 4514 εί
1435 4479 1475 4523 τις
1493 4456 1538 4515 τὸν
1558 4455 1669 4534 μεγάλα
1684 4459 1820 4536 εὐεργετη-

243 4569 341 4631 magna
354 4546 457 4627 accepit
470 4543 613 4620 beneficia,
628 4543 733 4624 pudore
744 4546 902 4608 suffundere
912 4549 988 4622 velit,
1045 4547 1121 4608 θέντα
1134 4546 1258 4627 ίντρέψαι
1274 4546 1445 4625 βουλόμενος,
1460 4547 1539 4606 αὐτὸν
1552 4547 1598 4606 τδν
1609 4548 1822 4628 εὐεργετήσαντα

242 4641 323 4703 illum
333 4641 422 4721 ipsum
432 4637 480 4718 qui
490 4633 621 4696 beneficia
629 4636 899 4718 contulitsupplicem
910 4639 993 4699 indu·
1045 4638 1134 4711 ἱκέτην
1149 4640 1253 4719 ἀγάγοι.
1272 4639 1325 4699 Καὶ
1338 4640 1366 4697 τί
1378 4639 1556 4720 παρακαλεῖς,
1573 4638 1633 4697 εἶπέ
1650 4663 1713 4717 μοι,
1732 4642 1824 4720 Παρε-

244 4727 669 4812 cat.Erquid‚quaeso,obseeras?
680 4730 993 4813 Utexlrr‘beait'scorpo·
1045 4731 1186 4803 σιῆσαιτδι
1199 4730 1310 4809 σώματα
1324 4733 1397 4809 ὑμῶν
1413 4729 1502 4789 θυσίαν
1516 4734 1613 4803 ζῶσαν,
1630 4729 1722 4809 ἁγίαν,
1736 4733 1825 4811 εύάρε·

244 4839 385 4887 rnoestra
396 4825 524 4883 bostiam
531 4823 842 4900 viventem,sanetam,
852 4826 916 4882 Deo
921 4825 989 4906 pla·
1046 4847 1106 4885 στον
1120 4827 1159 4905 τῷ
1177 4826 1253 4904 Θεῷ,
1268 4821 1316 4894 τήν
1332 4821 1443 4902 λογικήν
1464 4820 1590 4902 λατρείαν
1606 4825 1696 4899 ὑμῶν.
1711 4823 1824 4892 ἸἰπειδέΙ

245 4931 370 4990 nentem,
383 4914 563 4976 rationabile
576 4915 745 4991 obsequium
766 4927 908 4975 oestrum.
922 4918 991 4977 Cum
1045 4916 1098 4997 γδιρ
1109 4906 1181 4988 εἶπε,
1197 4914 1308 4986 Θυσίαν,
1327 4913 1371 4974 ίνα
1386 4912 1425 4993 μή
1440 4937 1478 4980 τις
1491 4913 1608 4993 νομίσῃ,
1622 4913 1668 4974 δτι
1688 4920 1826 4996 κατασφά-

246 5010 318 5071 enim
333 5011 458 5069 bostiam
479 5005 612 5081 dixisset3
628 5024 662 5063 ne
682 5005 744 5083 quis
769 5020 876 5087 putaret
896 5008 992 5088 jubere
1043 5008 1089 5078 ξαι
1104 5007 1204 5068 κελεύει
1228 5005 1262 5066 τὰ
1276 5005 1402 5085 σώματα,
1425 5004 1528 5085 ταχέως
1552 5004 1693 5086 ἐπήγαγε,
1721 5011 1827 5068 Ζῶσαι.

246 5102 335 5183 ipsum
360 5120 470 5181 corpora
491 5096 596 5173 occidi,
609 5096 701 5157 statim
715 5098 866 5179 subjunxit,
881 5102 991 5159 Viven—
1045 5093 1115 5162 Eleu
1124 5101 1232 5183 διαιρῶν
1241 5098 1322 5171 αὐτὴν
1333 5097 1387 5159 ἀπὸ
1396 5101 1444 5169 τῆς
1451 5096 1614 5176 Ἰουδαϊκῆς,
1625 5099 1828 5178 φησὶν,Ἁγίαν,

247 5208 315 5254 tem.
327 5192 434 5253 Deinde
453 5191 623 5271 distinguens
642 5190 719 5251 illam
738 5213 753 5251 a
773 5191 899 5273 ludaica,
913 5190 992 5271 dicit,
1046 5193 1184 5273 εθιίρεατον
1195 5195 1232 5273 τῷ
1243 5187 1727 5272 Θεῷμήνλογικήνλατριίανθμῶν·
1741 5193 1827 5263 ἐκείνη
