3742 5970
298 438 370 511 852
1016 450 1153 500 srunrr.

298 584 362 659 Dei,
387 582 436 661 qui
456 578 579 641 omnium
599 578 740 637 miseretur
762 588 788 635 et
806 573 897 634 omnia
912 571 1038 633 dimittit.
1094 573 1249 671 crrltdggrotr
1264 572 1310 632 καὶ
1324 571 1553 651 ἕλεήμονοςθαῶ
1568 576 1620 632 τοῦ
1629 572 1739 633 πάντων
1753 578 1858 648 inmas,

299 665 438 741 Quotquot
455 657 659 719 inhumanitatis
674 653 804 735 discipuli
816 666 845 713 et
857 653 939 713 amici
954 653 1040 729 estis,
1094 653 1140 712 καί
1166 675 1256 711 παντα
1275 658 1486 731 συγρωροῦντος.
1499 650 1587 711 Ὅσοι
1614 654 1736 730 μαθηταὶ
1751 655 1792 715 καί
1807 664 1860 737 phu

299 741 406 803 induite
419 740 523 800 viscera
536 735 728 796 miserirordiae
740 757 747 790 :
758 735 826 793 dum
839 746 946 813 tempus
959 732 1043 791 habe·
1094 730 1154 793 έστδ
1176 736 1225 803 τῆς
1246 730 1441 833 derivetur,
1454 732 1611 790 ἐνδύσασθε
1627 732 1771 813 σπλάγχνα
1784 738 1858 817 ἀκτιρ

300 842 363 881 mus
391 819 527 878 diseamus
540 814 752 875 misericordiam
773 826 800 872 et
822 812 1039 883 miserationem,
1096 816 1168 888 μῶν·
1185 814 1222 879 ὡς
1235 810 1327 892 καιρόν
1341 833 1448 890 εχομεν,
1461 810 1600 889 μάθωμεν
1616 813 1705 869 ἐλεεῖν
1722 814 1862 891 κείσομαι-

300 864 437 959 disuimus
455 895 562 956 veniam
580 892 735 954 concedere.
756 891 813 963 Qui
825 891 891 950 olim
905 890 1044 972 tyrannice
1095 896 1162 961 θεῖν,
1178 890 1305 968 μάθωμεν
1329 912 1360 948 συ
1390 900 1499 969 „oprte-
1523 894 1550 948 ot
1573 890 1646 949 ποι-θ
1668 891 1863 969 repererim,

301 976 433 1057 agebatis,
470 986 578 1046 cessate,
608 972 795 1049 neminemque
815 970 975 1048 exagiteris5
1003 984 1046 1029 sat
1095 969 1250 1040 παύσασθε,
1264 970 1311 1028 καί
1332 912 1434 1048 μηόένα
1449 967 1634 1044 διασείσητε,
1648 970 1698 1027 καλ
1711 972 1864 1051 ἀρκῆσθιιύς

302 1056 382 1118 robis
392 1056 445 1115 sint
459 1052 571 1113 obsonia
587 1066 674 1111 vestra
685 1075 692 1108 ι
705 1054 753 1130 qui
766 1049 896 1110 mollibus
908 1048 1042 1126 studetis,
1095 1047 1217 1128 δψωνίσις
1237 1051 1327 1124 ὑμῶν·
1348 1051 1373 1106 οἱ
1393 1049 1428 1108 rh
1448 1047 1570 1126 paluel«
1595 1055 1754 1129 φρονοῦντες
1770 1051 1810 1109 καί
1828 1052 1863 1121 τὴν

302 1149 329 1195 et
341 1130 565 1194 immisericordes
577 1130 650 1205 estis,
663 1129 767 1189 induite
779 1130 883 1189 viscera
893 1129 1045 1187 misericor·
1097 1126 1292 1208 ἀσπλαγρνίαν,
1305 1126 1444 1187 ἐνδύσασθε
1463 1126 1621 1205 celdwa
1635 1130 1865 1206 οἷκτιρμῶν,ειιὺρ

302 1213 365 1289 diae,
378 1227 407 1272 ut
414 1212 492 1293 jubet
504 1210 628 1270 Christus
638 1230 688 1299 per
698 1230 729 1269 os
741 1208 900 1286 Paulirqui
912 1207 1045 1267 maximas
1094 1206 1345 1286 κελεύειθλίρισπδς
1366 1207 1411 1265 διδ
1429 1211 1479 1266 τοῦ
1509 1205 1656 1282 στόματος
1677 1208 1865 1278 Παύλοε·σίιλς

302 1294 398 1351 domos
417 1288 571 1350 construitis
588 1301 614 1348 et
637 1288 695 1347 rllic
716 1288 883 1367 omniaque
904 1288 975 1345 bona
990 1308 1046 1367 pu·
1096 1286 1223 1363 μεγίστας
1245 1286 1329 1351 οἰκίας
1348 1286 1572 1362 οἰκοδομοῦντες,
1598 1287 1651 1344 καλ
1668 1286 1865 1366 συνάγωτιςθεῑ

302 1384 394 1430 tantur
412 1390 472 1460 esse
481 1366 624 1459 congeritis
637 1388 685 1457 per
698 1387 794 1426 manus
806 1379 832 1425 et
849 1364 960 1425 sudores
977 1387 1046 1446 pau·
1059 1364 1079 1413 G
1095 1364 1201 1461 ἅπαντα
1214 1363 1248 1464 τὰ
1261 1362 1420 1465 νομιζόμενα
1431 1365 1527 1461 ἀραθά
1543 1362 1595 1463 διδρ
1605 1368 1711 1445 χειρῶν
1720 1365 1764 1425 καί
1773 1365 1864 1463 repta·

302 1469 461 1587 &hilii
464 1470 473 1506 ¹
485 1446 705 1605 {tumbali
714 1444 875 1584 'iiiiii
876 1445 1046 1583 latitet
1094 1446 1865 1621 iiulwismpissiiuiiiffli

302 1606 382 1667 dives
405 1606 475 1665 male
499 1605 647 1676 consultus,
680 1604 726 1682 qui
739 1603 826 1663 instar
889 1603 978 1683 uperis
999 1624 1046 1693 spe
1095 1600 1200 1674 όουλας,
1217 1599 1410 1680 ἀποδυρόμενος
1431 1600 1516 1672 δίκην
1533 1601 1661 1672 πένητος
1675 1605 1864 1681 ἀπεγνωσμένα,

302 1684 425 1745 destituti
443 1684 553 1763 lugebat
571 1683 738 1761 dicebatque,
760 1681 835 1754 Quid
851 1624 958 1757 liciam,
980 1702 1045 1760 quta
1095 1682 1142 1740 καὶ
1161 1681 1294 1759 λέγοντος,
1311 1678 1477 1754 elmericus,
1500 1678 1547 1739 ὅτι
1573 1682 1630 1741 οὐκ
1653 1681 1712 1761 ἔχω
1732 1684 1864 1761 πλατυτέρας

304 1785 356 1824 nou
372 1764 457 1823 haheo
470 1763 566 1822 latiora
580 1762 726 1822 horrealn
741 1761 899 1820 memoriam
918 1782 1046 1820 revocan-
1096 1758 1357 1831 ἀποθήκας.Τούτυε
1375 1759 1425 1831 τὴν
1449 1762 1484 1817 ἐκ
1510 1762 1592 1819 θεοῦ
1614 1763 1745 1821 ἐλθοῦσαν
1763 1764 1863 1841 ἀπέρρει

151 1858 257 1903 euers.
304 1856 344 1903 tes
355 1842 513 1903 sentenuam
532 1840 573 1898 illi
587 1862 604 1899 a
618 1842 675 1898 Deo
693 1841 835 1921 prolatam,
859 1841 969 1920 Aperite
984 1840 1045 1898 the·
1096 1843 1133 1907 εις
1153 1839 1404 1918 μνημηνέλθόντες,
1418 1838 1550 1905 ἀνοίξατε
1563 1838 1633 1905 τούς
1653 1840 1863 1921 θησαυράιςύμῦι,

151 1916 193 1966 ³³·
303 1942 398 1981 sauros
412 1933 512 1982 vestros
524 1933 550 1978 et
564 1918 626 1978 date
638 1918 855 2000 eleemosynam3
870 1919 949 1978 lacitc
967 1920 1047 1979 rolris
1096 1917 1142 1977 καὶ
1168 1918 1227 1978 δότε
1251 1916 1445 1995 ἐλεημοσύνην·
1462 1918 1612 1989 ποιήσατε
1639 1920 1744 1985 inuenit
1763 1922 1863 2001 θηοευρα

302 2000 459 2059 thesaurum
473 1997 669 2057 indeficientem
684 1999 712 2058 in
726 1998 800 2071 carlo,
813 2013 844 2057 ιιι
856 1998 977 2089 precipit
992 2001 1047 2059 Do·
1097 1997 1237 2057 ἀνέκλιπον
1262 2000 1288 2055 έν
1304 2001 1342 2076 τῷ
1360 1999 1487 2077 οὐρανῷ,
1502 1997 1603 2065 καθὼς
1625 1998 1787 2079 προστάσσει
1803 2000 1862 2061 tlt

303 2079 402 2138 minus.
416 2078 472 2153 Qui
484 2078 590 2156 iniquas
600 2077 712 2136 divitias
722 2099 755 2137 ex
771 2098 853 2136 usura
866 2092 892 2136 et
904 2078 1047 2156 iniquitate
1097 2100 1161 2157 ριος.
1178 2080 1214 2138 0t
1225 2077 1271 2135 τὸν
1281 2076 1430 2155 ἐμπαίκιην
1447 2078 1573 2137 πλοῦτον
1592 2080 1628 2135 ἐκ
1642 2078 1724 2138 τόκοι
1735 2081 1777 2138 καὶ
1788 2078 1811 2145 l}
1820 2081 1861 2137 iit·

152 2173 189 2218 ιι.
210 2172 246 2221 ιθ.
261 2188 286 2235 9.
302 2157 458 2239 possidetis,
480 2157 559 2216 facite
572 2158 651 2217 vobis
667 2156 768 2216 amicos
787 2157 822 2215 de
835 2178 998 2225 mammona,
1015 2172 1047 2218 ut
1095 2157 1155 2225 κίας
1176 2156 1360 2228 συλλέξαντες,
1385 2155 1524 2227 ποιήσατε
1545 2160 1662 2226 ἑαυτοῖς
1685 2157 1771 2237 φίλως
1789 2162 1814 2218 ἐκ
1831 2163 1861 2215 τά

301 2237 425 2319 precipit
441 2236 582 2312 Dominus,
606 2251 637 2295 ut
656 2257 720 2295 eum
740 2236 900 2312 defeceritis,
916 2236 1047 2317 recipiant
1096 2234 1326 2313 μαμωνᾶ,καθὼς
1338 2233 1562 2314 παρακελεύεται
1578 2242 1596 2296 ὁ
1610 2238 1859 2311 Δεσπότης,ίνεότα

302 2336 352 2377 ros
369 2317 398 2376 in
413 2330 511 2376 aterna
526 2316 774 2407 tabernacularqui
793 2316 954 2405 injustitiam
969 2338 1047 2376 exer·
1095 2316 1236 2388 ἀκλίπητε,
1251 2314 1376 2382 δέξωνται
1399 2316 1473 2392 ὑμᾶς
1497 2318 1538 2382 εἰς
1564 2315 1619 2383 τὰς
1650 2318 1758 2383 αἰωνίες
1776 2320 1858 2389 mre·

303 2396 377 2471 cetis,
400 2396 516 2475 cogitate
532 2395 611 2454 illurn
625 2395 672 2473 qui
688 2395 752 2454 saort
765 2394 902 2477 judicium
917 2395 1046 2476 iujuriam
1094 2397 1119 2454 el
1135 2395 1284 2460 distraheret
1303 2392 1445 2463 ἀννοήσατε
1467 2394 1577 2462 πάντες
1601 2400 1654 2455 τοῦ
1676 2402 1802 2463 ποιῶνται
1818 2396 1859 2473 rpi-

302 2475 488 2555 patientibus,
517 2488 542 2533 ct
559 2474 740 2533 exhorrescite
761 2498 769 2530 r
787 2474 835 2552 qui
868 2476 1080 2535 mercenariustt
1096 2497 1134 2551 μα
1153 2482 1208 2541 τοῖς
1234 2472 1413 2549 ἀδικουμένοις
1438 2473 1489 2532 καλ
1512 2473 1654 2554 ρρίξατε·
1676 2480 1703 2535 ot
1726 2476 1857 2553 μισθυλςρυ·

302 2553 425 2614 mercede
442 2553 582 2628 fraudatis,
604 2552 784 2612 recordamini
806 2554 864 2633 ejus
884 2554 931 2632 qui
954 2553 1045 2613 dicit:
1095 2555 1203 2612 σθωτῶν
1223 2556 1442 2651 ἀποστερῶντες,
1469 2555 1622 2629 μνήσθητε
1638 2561 1688 2614 τοῦ
1709 2554 1858 2635 λέγοντος,’θ

154 2652 276 2717 mcum.
306 2634 364 2711 Qui
377 2634 505 2713 fraudat
523 2635 683 2691 mercedem
697 2635 881 2705 mercenarii,
896 2639 982 2713 quasi
1016 2637 1048 2693 ui
1094 2633 1247 2712 ἀποστερῶν
1263 2638 1355 2709 μισθον
1375 2636 1538 2709 μισθωτοῦ,
1571 2636 1615 2702 ὡς
1642 2638 1659 2693 θ
1683 2635 1779 2715 ἀκχέων
1796 2626 1857 2711 εἶμι·

152 2730 192 2775 27·
303 2713 436 2849 epsuudit
456 2715 691 2791 sarromirremret
711 2712 758 2789 qui
779 2710 921 2771 fraudatur
940 2657 1047 2773 aeoliis
1095 2713 1140 2771 καὶ
1164 2710 1238 2770 deri
1264 2708 1480 2791 ἀπεστερημένος
1496 2715 1547 2792 ἀφ’
1570 2716 1654 2791 ὑμῶν
1678 2718 1776 2795 κράζει,
1790 2716 1838 2809 Κάρ
1841 2714 1858 2770 rl

302 2805 422 2861 camat‚·
441 2793 482 2850 Er
503 2792 646 2851 clamores
661 2796 830 2850 metentium
843 2795 876 2849 irr
894 2796 974 2873 agris
989 2814 1045 2851 oe·
1096 2792 1157 2871 βοαὶ
1175 2793 1229 2850 τῶν
1244 2789 1405 2863 ἀμησάντων
1426 2790 1479 2858 τδις
1505 2790 1611 2873 χώρας
1634 2796 1713 2871 ὑμῶν
1737 2793 1810 2861 tirel
1822 2816 1858 2851 rrrr

302 2877 382 2941 stris,
400 2872 442 2929 ad
454 2891 542 2930 aures
556 2871 679 2929 Domini
689 2873 838 2930 sabaothr'
878 2875 950 2930 ressi
962 2884 1042 2932 sunt.
1094 2874 1135 2932 to
1154 2872 1194 2929 lm
1218 2845 1328 2930 σαόαὼθ
1347 2869 1514 2941 εἰσελήλυθε.
1539 2874 1583 2931 Ol
1608 2872 1755 2941 τύπτοντες
1766 2872 1858 2951 ἀδελράι

301 2949 358 3021 Qui
368 2950 462 3008 iratres
472 2950 630 3022 verberatis,
640 2948 775 3023 desistite3
784 2892 932 3009 imozcies
942 2965 1046 3013 vestras
1093 2956 1239 3022 παυσασθε,
1248 2951 1347 3027 μᾶλλον
1358 2948 1386 3008 δὲ
1396 2948 1516 3028 ἀρξασθε
1526 2951 1650 3012 τύπτειν
1661 2953 1797 3013 etrum
1804 2952 1857 3034 τρία

302 3029 445 3088 verberare
457 3028 578 3110 incipite,
602 3049 732 3088 memores
745 3028 922 3088 intolerabilis
934 3028 1047 3090 demna·
1094 3054 1178 3101 ωπιι,
1210 3028 1415 3108 μνημονεύοντες
1438 3028 1472 3088 τὸ
1497 3030 1650 3111 ἀφόρητον
1668 3056 1687 3092 κ
1705 3032 1752 3111 ίμα
1773 3036 1856 3111 tirh-

303 3106 384 3166 tionis
396 3129 499 3184 eorum,
518 3108 564 3186 qui
579 3107 782 3188 impeccabilem
796 3109 945 3167 Dominum
959 3110 1045 3192 alapis
1093 3110 1227 3169 πισάντων
1248 3110 1293 3168 τὸν
1317 3108 1508 3186 ἀναμάρτητον
1531 3110 1654 3193 Κύριον,
1678 3057 1720 3173 ἔτι
1741 3112 1857 3174 ttulit

302 3184 473 3262 ceciderunt;
496 3206 598 3245 necnon
617 3188 675 3266 ejus
692 3187 739 3266 qui
756 3188 903 3267 flagellarit
923 3209 996 3261 eum,
1019 3201 1046 3249 et
1093 3188 1327 3269 ρλαγελλιύσαντος
1339 3194 1446 3256 τοῦτον,
1464 3187 1512 3246 καλ
1525 3189 1683 3259 στενάξατε
1694 3237 1703 3265 ,
1716 3190 1856 3251 tamum

302 3266 480 3344 ingemiscite,
502 3267 566 3345 quia
580 3287 649 3346 sepe
661 3267 687 3324 in
706 3267 788 3326 tratre
801 3289 881 3345 quem
896 3269 1043 3342 verberas,
1093 3272 1120 3328 ἐν
1132 3274 1170 3349 τῷ
1184 3267 1338 3350 τυπτομένῳ
1348 3267 1454 3347 ἀδελρῷ
1471 3267 1669 3347 έγκρύπτεται
1687 3278 1704 3332 θ
1722 3272 1855 3351 terenti

302 3346 452 3405 occultatur
474 3346 608 3420 Christus,
633 3347 680 3423 qui
716 3368 861 3405 rursuma
884 3360 910 3406 te
932 3347 1046 3423 llagellis
1094 3347 1323 3425 πιζόμενοςπάλιν
1347 3345 1856 3431 καλύπδσοῦ.1(α“ι·ράροίτάρί,μί

302 3424 424 3483 wditur.
439 3426 509 3483 Nam
523 3425 569 3503 qui
584 3447 599 3482 a
613 3424 690 3484 nobis
700 3425 787 3505 alapis
801 3425 949 3499 creduntur,
966 3427 1046 3486 Chri·
1095 3428 1265 3509 ραπιζόμενοι
1284 3427 1327 3487 τδν
1354 3426 1473 3506 Χριστὸν
1487 3426 1672 3503 δνδέδυνται,
1686 3429 1770 3499 καθύς
1780 3432 1856 3509 parnt

155 3525 210 3570 cat.
221 3523 291 3580 ³·27·
302 3517 375 3562 stum
392 3503 547 3578 induerunt,
572 3517 603 3561 ut
616 3504 654 3560 ait
675 3505 812 3583 apostolus
824 3528 830 3560 r
844 3506 920 3582 Quot
941 3520 992 3564 ιιοι
1012 3510 1046 3565 in
1095 3505 1254 3579 ἀπόστολος,
1267 3504 1308 3565 ὅτι
1323 3505 1403 3565 Ὅσοι
1416 3508 1455 3571 εἰς
1470 3507 1602 3586 Χριστὸν
1617 3509 1802 3583 ἐύαπτίαθητι,
1811 3509 1855 3589 tp.-

303 3584 420 3641 Ctrtsro
443 3585 585 3661 baptizati
606 3586 685 3655 estis,
711 3585 860 3642 Christum
881 3527 1018 3645 iuriuistis
1033 3609 1040 3643 ε
1094 3585 1156 3645 στὸν
1169 3585 1335 3657 ἐνεδύσασθε,
1349 3586 1383 3643 δι’
1395 3574 1432 3642 ὧν
1445 3585 1494 3644 καλ
1506 3587 1653 3657 ἀπέθανε,
1670 3593 1729 3668 μεθ’
1739 3582 1773 3649 ὧν
1784 3590 1856 3666 eripe

302 3682 351 3742 pro
370 3674 410 3719 ter
423 3682 488 3740 quos
502 3661 548 3720 ille
563 3674 687 3719 mortuus
701 3674 752 3737 est,
778 3662 941 3739 quibuscum
958 3664 1045 3745 alapis
1093 3664 1207 3733 πίζεται.
1220 3655 1287 3747 Ἆρα
1305 3670 1389 3724 ’ταῦτα
1401 3662 1509 3723 ἀκούων
1523 3669 1559 3725 ού
1575 3669 1716 3748 ρρίι-εεις,
1728 3673 1757 3729 ολ
1771 3668 1856 3748 τρόμοι.

302 3683 426 3800 caditur.
442 3744 538 3799 Annon
557 3740 614 3798 haee
627 3739 738 3799 audiens
749 3742 923 3815 exhorrescis,
942 3757 968 3801 et
981 3766 1044 3803 con·
1059 3750 1079 3800 Ε
1093 3748 1124 3804 ού
1137 3744 1208 3815 παύη
1222 3745 1331 3804 τύπτειν
1342 3742 1402 3809 τοὺς
1415 3744 1604 3821 συνδούλουςς
1621 3740 1677 3830 ἀρα
1694 3757 1775 3810 ταῦτα
1786 3745 1856 3807 ἀκούω

301 3820 451 3879 tremiscis?
467 3841 520 3880 non
531 3841 617 3878 cessas
627 3820 768 3879 verberare
782 3823 942 3881 conservos?
955 3844 1044 3883 annon
1093 3827 1141 3884 οὐκ
1156 3810 1285 3903 ἐνάρκησέ
1298 3847 1345 3883 σσυ
1356 3828 1374 3895 ἡ
1384 3822 1461 3902 χείρς
1483 3823 1567 3904 Ἐγὼ
1582 3829 1634 3887 καὶ
1651 3829 1732 3890 μόνον
1745 3823 1856 3887 truite

300 3898 465 3971 hisauditis,
481 3921 576 3959 manus
587 3913 632 3958 tua
645 3900 806 3980 obtorpuit?
817 3900 876 3980 Ego
888 3902 944 3960 haee
955 3903 1044 3962 solum
1093 3904 1190 3985 τρομός
1202 3907 1272 3981 εἰμι·
1289 3903 1320 3963 σὺ
1336 3902 1365 3962 θλ
1378 3907 1392 3960 θ
1403 3907 1490 3962 ποιῶν
1505 3911 1622 3982 ταῦτα,
1680 3933 1699 3967 α
1717 3908 1787 3968 παίω
1797 3906 1858 3984 trab

300 3978 429 4069 loquutus
440 3992 525 4038 tremo
537 4004 544 4036 r
557 3993 586 4038 tu
598 4000 662 4038 vero
671 3979 718 4057 qrri
733 3979 790 4037 hac
801 3981 877 4051 lacis,
891 3981 969 4061 cujus
981 3982 1043 4041 serae
1092 3984 1202 4063 γνώμην
1219 3982 1363 4055 κέκτησαι,
1378 3980 1420 4041 ότι
1433 3982 1629 4057 ἀδυσώπητος
1647 3989 1771 4066 ἔμειναςρ
1782 3972 1857 4081 ἀρειλ

300 4079 423 4116 ιιιιιιιιιιιιι
435 4058 531 4130 habes,
556 4057 671 4136 quisine
685 4058 789 4139 pudore
804 4061 977 4140 perseveres?
995 4082 1044 4120 an·
1093 4066 1120 4121 έν
1135 4088 1157 4145 ῳ
1172 4070 1293 4145 μετρεῖς,
1307 4065 1353 4121 ούκ
1367 4063 1646 4142 ἀντιμετρηθήσεται
1667 4090 1725 4141 σοις
1736 4062 1856 4127 namra

301 4157 355 4196 non
388 4160 421 4197 ua
437 4159 561 4197 mensura
574 4159 681 4197 mensus
699 4138 790 4211 fueris,
805 4139 958 4198 remetietur
970 4141 1041 4199 tibi?
1094 4143 1186 4223 μικρὸν
1202 4146 1304 4201 παῦσαι
1318 4139 1372 4201 aet
1385 4145 1434 4212 τῆς
1450 4144 1662 4221 ματαιότητος,
1678 4147 1724 4207 ἵνα
1737 4146 1857 4225 pierre.-

154 4223 292 4281 Metel-7³·
302 4160 425 4277 Tandem
438 4218 482 4277 rel
495 4217 637 4297 paululum
649 4216 741 4276 desine
752 4238 768 4275 a
779 4219 906 4289 vanitate,
920 4240 954 4278 ne
972 4222 1044 4279 The·
1094 4220 1169 4301 ρίτης
1180 4224 1268 4302 ἐαυτῷ
1277 4219 1359 4301 ἀργὴν
1372 4222 1398 4279 έν
1409 4221 1502 4301 ἡμέρα
1517 4226 1610 4305 ὀργῆς
1632 4226 1684 4287 καλ
1702 4224 1858 4303 ἀποκαλύψαι

152 4307 219 4352 nom.
235 4322 257 4352 α.
269 4301 433 4355 &saurim
454 4301 508 4356 tibi
521 4301 598 4354 iram
612 4301 644 4354 in
663 4299 710 4355 die
733 4302 785 4355 irre
808 4310 835 4356 et
854 4300 1043 4358 revelationis
1093 4301 1139 4360 καλ
1150 4300 1341 4381 δικαιοκρισίας
1351 4302 1439 4359 Θεοῦ·
1454 4300 1482 4367 ὃς
1497 4303 1648 4364 ἀποδώσει
1660 4306 1765 4367 ἑκάστω
1776 4300 1856 4363 neti

151 4367 176 4413 ⁶·
302 4388 331 4434 et
335 4378 410 4456 justi
412 4378 519 4453 judieii
527 4377 595 4446 Dei,
608 4380 660 4455 qui
669 4377 770 4434 reddet
779 4380 934 4457 rrrrieuiqrre
941 4399 1041 4436 securr-
1095 4379 1160 4461 ίργα
1175 4385 1265 4440 αὐτοῦ.
1281 4378 1360 4438 Ἀλλά
1373 4378 1455 4436 πόλιν
1467 4382 1572 4459 μικρὸν
1591 4384 1738 4444 ἀναλαύδνν
1748 4366 1856 4450 breona

301 4456 372 4520 dum
392 4476 479 4533 opera
496 4476 560 4515 stra.
580 4458 613 4511 ‚tr
630 4477 739 4517 rursum
760 4476 895 4515 resumens
909 4458 1042 4547 singulos,
1093 4459 1203 4520 έκαστον
1217 4461 1253 4526 ὡς
1267 4463 1293 4519 ἐν
1311 4459 1447 4541 κεραλαίῳ
1460 4460 1495 4517 rh
1514 4460 1626 4523 δέοντα.
1642 4467 1682 4524 Ol
1696 4448 1856 4535 ἀπηνεῑξτλύ

301 4546 332 4591 ιιι
339 4533 426 4607 decet,
439 4532 588 4592 admonebo
597 4537 765 4592 summatim.
779 4536 923 4595 lnhumani
935 4537 1042 4612 divites,
1094 4543 1183 4599 necrol
1197 4538 1394 4620 εύρραινόμενοι
1406 4540 1467 4595 καθ’
1483 4540 1613 4620 ἡμέραν,
1627 4544 1765 4621 μνήσθητε
1774 4543 1855 4602 τοῦπε-

301 4612 348 4697 qui
362 4612 482 4705 quotidie
495 4613 630 4687 laetamini,
652 4634 783 4672 memores
798 4629 881 4675 estote
895 4616 1043 4676 immiseri·
1094 4618 1221 4693 λεήμονσς
1238 4618 1338 4679 ἐκείνου
1351 4616 1491 4689 πλουσίου,
1505 4619 1538 4678 ὃν
1551 4624 1604 4680 ούκ
1615 4624 1731 4704 ἀφίησιν
1741 4630 1757 4695 ί,
1767 4624 1854 4691 ἀτελεῖ·

301 4693 391 4753 eordrs
406 4693 479 4752 illius
493 4693 597 4765 dir-iris,
618 4714 699 4770 quem
713 4714 761 4751 sua
775 4713 828 4752 non
839 4695 903 4753 sinit
918 4695 1043 4755 inlruma·
1094 4698 1157 4779 χνία
1171 4697 1295 4770 διαύῆναι
1306 4698 1352 4756 καὶ
1367 4698 1429 4755 ἰδεῖν
1443 4698 1534 4757 ἐκεῖνο
1545 4701 1579 4760 τὸ
1588 4703 1707 4781 χάσμα,
1721 4703 1781 4781 ὅπερ
1788 4700 1854 4779 ‹lp-riu

301 4772 370 4833 nitas
388 4773 549 4853 pertransire
563 4772 668 4832 hiatum
687 4772 777 4846 illurn,
802 4796 881 4851 quem
897 4775 949 4856 ipsi
972 4776 1042 4835 forlit
1095 4781 1167 4858 αὐτῷ
1180 4783 1197 4850 ἡ
1212 4775 1397 4858 ἀσπλαγρνία,
1411 4776 1458 4833 καὶ
1470 4771 1610 4858 ρρίξατεῖ
1623 4789 1650 4843 οι
1677 4783 1722 4843 ἐπὶ
1735 4782 1795 4858 μόνη
1809 4800 1854 4854 τερ-

301 4850 543 4927 immisericordia,
559 4851 855 4931 etexhorrescitezqui
868 4854 903 4913 de
917 4855 973 4913 sola
987 4856 1043 4914 vir·
1095 4858 1167 4937 θενίᾳ
1181 4855 1377 4937 ἐγκαυχόιμενοι
1392 4854 1491 4935 καλιῇ
1520 4861 1646 4933 ἀπηνεία
1669 4852 1854 4940 resultatura·

300 4931 413 5009 ginitate
425 4932 577 5010 gloriamini
590 4946 615 4990 et
629 4931 825 4991 inhumanitate
838 4934 910 5013 pleni
925 4935 999 5010 estis,
1011 4956 1088 5002 nem
1096 4936 1133 5015 μὴ
1150 4937 1303 4996 ἔπιλόθεσθε
1317 4942 1369 4995 τῶν
1381 4937 1478 5013 μιαρῶν
1490 4928 1658 5019 παρθένωύ·
1670 4942 1738 5002 ciel
1749 4940 1852 5014 arleff*

300 5010 498 5072 obliviscamini
522 5012 662 5087 virginum
683 5013 818 5071 fatuarum
842 5036 848 5068 :
870 5014 919 5091 qui
939 5015 1042 5074 viscera
1061 5016 1225 5083 herisiense<
1240 5016 1294 5074 ἀπδ
1304 5019 1356 5074 τῶν
1369 5016 1539 5095 χρηιζόντων,
1556 5021 1600 5078 ἀεὶ
1615 5026 1732 5081 ἐννοεῖτε
1742 5025 1789 5079 τῶν
1798 5036 1851 5090 erp·

301 5089 434 5150 clausistis
445 5091 544 5171 egenis,
567 5112 672 5170 semper
685 5092 799 5169 cogitate
812 5114 867 5159 eos,
884 5094 929 5171 qui
949 5094 1043 5153 asini·
1095 5096 1233 5156 σταυένων
1240 5095 1266 5163 ἐξ
1274 5094 1426 5172 εὐωνύμων,
1436 5097 1482 5153 καὶ
1492 5101 1557 5172 μετ’
1564 5100 1700 5180 αἰσχύνης
1708 5096 1850 5170 πελλῇςκτα

301 5170 363 5225 stris
377 5182 458 5246 stant,
473 5184 497 5229 et
516 5192 577 5228 cum
589 5170 694 5251 prrdore
707 5171 793 5230 multo
807 5187 889 5252 caput
902 5173 1041 5248 inclinant,
1094 5156 1231 5249 νευόντων,
1241 5177 1287 5233 καὶ
1301 5174 1449 5234 ἀκουόντων
1460 5180 1511 5247 τῆς
1523 5170 1661 5260 ὀδυνηρᾶς
1673 5182 1769 5252 ἐκείνης
1778 5177 1848 5257 ptuit·

301 5246 430 5327 illamque
449 5270 569 5308 amaram
590 5270 682 5312 rocem
705 5249 838 5311 audiunt:
856 5254 1005 5313 Discerlite
1024 5276 1044 5312 ιι
1095 5255 1305 5335 &stuphete
1320 5256 1365 5313 ἀπ’
1385 5257 1450 5332 ἐμοῦ
1466 5258 1490 5315 οἱ
1516 5262 1707 5341 κατηραμένοι
1728 5264 1761 5323 εἷς
1779 5258 1846 5314 :teir
