3728 5978
433 190 493 241 ‘a

418 472 487 547 ‚m
514 472 601 523 sorr
628 432 1013 526 noscamini-‘rinna
1042 479 1150 530 κινιι.
1510 463 1580 560 599

104 588 241 681 slpjbte
260 595 372 675 βατιιὺ
387 593 551 679 πρόγματαθ
563 599 610 656 οόκ
624 596 656 654 όν
679 619 719 663 τις
741 596 783 655 δι’·
838 610 952 675 ctanmr,
966 620 1044 660 nemo
1062 601 1203 662 admiserit
1220 614 1326 682 testem,
1337 601 1486 664 innumeris
1504 621 1580 666 nota·

104 689 216 773 ιόρτυρα
228 689 329 770 μυρίων
339 688 455 769 γόμοντα
466 692 569 747 κακῶν·
582 692 673 770 πολλῷ
682 692 782 768 μᾶλλον
836 701 895 749 tum
908 690 1019 770 flagitiis
1033 715 1039 748 :
1053 693 1139 752 multo
1154 693 1244 753 minus
1254 693 1310 768 hic,
1322 695 1368 754 ubi
1382 709 1462 755 tantae
1473 718 1515 756 res
1524 711 1580 757 tm·

104 807 136 856 α,
152 781 213 841 ίνθα
234 783 296 863 περί
318 781 444 843 τοιούτων
464 781 630 862 πραγμάτων
652 788 669 855 ἡ
691 781 784 862 σκέψις
836 794 950 842 crantor.
965 784 1020 844 Nos
1033 784 1159 858 dicimus,
1169 785 1243 864 quod
1255 786 1411 846 audirimus
1426 789 1576 863 Christum,

104 870 197 952 'lipare
214 873 338 952 λε’γομεν,
356 873 397 933 ότι
418 872 569 950 ἠκούσαμεν
588 877 634 931 τοῦ
648 875 780 952 Χριστοῦ,
833 887 864 946 Ιθθ
881 873 1016 935 eredimus
1032 876 1076 950 iis,
1090 898 1150 956 quae
1166 878 1225 959 ipse
1246 879 1370 959 promisit
1381 903 1388 937 τ
1399 880 1495 941 dicunt
1514 882 1577 941 illi:

104 965 240 1044 ισταίομεν·
262 955 300 1034 οἷς
321 964 510 1044 ἐπηγγείλατο·
530 962 651 1043 λέγουσιν
674 967 782 1035 ἐκεῖνοι,
838 967 902 1026 llaec
915 968 1046 1028 ostendite
1054 991 1102 1051 per
1114 972 1276 1050 opera3vita
1289 970 1406 1051 namque
1419 987 1506 1033 vestra
1515 994 1579 1033 oon-

104 1062 221 1131 ιτούηΙ
235 1056 278 1115 διδ
298 1061 351 1116 τῶν
365 1054 556 1136 ίργων·ὁγδιρ
576 1057 632 1134 βίος
651 1059 725 1133 θμῶν
749 1054 782 1114 τό
836 1055 919 1114 traria
933 1057 1101 1131 testificatur,
1117 1059 1191 1137 qnod
1204 1080 1299 1140 nempe
1311 1080 1363 1120 non
1372 1060 1495 1121 medatis.
1507 1061 1579 1122 Vul-
1648 1080 1729 1125 costra

104 1171 116 1206 ιι
131 1156 277 1230 μαρτυρεῖ,
288 1148 328 1207 ότι
352 1149 381 1209 οὐ
400 1147 546 1208 πιστεύετε.
560 1146 630 1213 'fulc
648 1169 783 1227 χρηματι-
837 1144 904 1206 tione
921 1146 1060 1207 videamus
1080 1170 1139 1223 eos,
1161 1150 1209 1228 qui
1226 1151 1354 1232 pecunias
1377 1151 1522 1232 colligunt,
1538 1156 1663 1211 ττι-’ΨΜ
1709 1153 1733 1186 ‘¹

104 1264 147 1314 υς,
176 1238 237 1308 τοὺς
261 1238 441 1321 ἁρπάζοντας,
473 1238 532 1305 τὼς
563 1239 783 1305 πλεονεκτοῦντας
836 1260 924 1320 pocot,
933 1261 1040 1319 avaros,
1048 1262 1092 1302 eos
1106 1243 1153 1322 qui
1168 1243 1309 1325 plangunt,
1320 1244 1367 1323 qui
1379 1245 1480 1324 lugent,
1489 1244 1578 1304 aedili·
1589 1218 1688 1261 npetu.

104 1336 136 1392 θι
169 1332 284 1409 ίδωμεν;
310 1332 372 1400 τοὺς
397 1336 568 1402 πενθοῦντος,
594 1328 654 1399 τοὺς
683 1353 782 1390 κοττο-
800 1342 819 1390 l:
837 1344 908 1405 cant,
921 1333 1063 1413 omniaque
1073 1335 1242 1414 negotiantur
1251 1335 1328 1414 qnasi
1340 1356 1487 1415 numquam
1498 1337 1580 1395 mori-

104 1451 121 1499 ν,
140 1421 202 1491 τοὺς
222 1425 439 1501 οἰκοδομοῦντας,
459 1421 519 1490 τοὺς
547 1421 634 1481 πάντα
656 1445 783 1503 πραγμα-
838 1424 916 1482 turi?
937 1425 967 1485 Si
983 1447 1046 1507 ergo
1065 1448 1119 1486 non
1141 1427 1250 1488 creditis
1270 1449 1318 1488 vos
1340 1449 1398 1488 esse
1417 1430 1577 1506 morituros,

104 1512 181 1584 ἶνους,
198 1517 234 1583 όις
248 1518 295 1574 οὐκ
314 1512 556 1592 άποθανουμίνουςς
572 1514 607 1571 El
624 1511 721 1571 τοίνυν
739 1513 782 1571 ότι
837 1514 899 1574 lioet
916 1536 959 1574 res
978 1516 1016 1576 ita
1037 1532 1107 1576 certa
1122 1532 1148 1577 et
1163 1518 1302 1578 manifesta
1319 1518 1364 1597 sit,
1372 1519 1508 1599 quomodo
1531 1541 1581 1581 vos
1725 1596 1729 1603 .

104 1612 182 1668 ιεῖσθι
202 1609 231 1667 ού
245 1603 549 1685 πιατεύετε,πρόγματι
564 1602 633 1662 οότω
646 1603 719 1684 δόλῳ
734 1603 781 1663 καλ
836 1607 1008 1668 testificantes
1020 1609 1179 1669 credemus?
1192 1611 1261 1670 Sunt
1276 1610 1440 1685 enim‚sunt,
1457 1611 1579 1690 inquam,
1657 1666 1676 1703 ,

104 1702 131 1779 ό,
155 1703 213 1764 πῶς
232 1703 294 1776 ύμῖν
317 1696 493 1774 πιστεύσομεν
517 1694 782 1777 μαρτυροῦσινςΕἰσλ
837 1699 918 1758 multi
943 1700 1065 1761 homines
1095 1702 1132 1760 ita
1148 1703 1258 1781 allecti,
1276 1704 1344 1762 acsi
1367 1724 1516 1782 numquam
1534 1725 1580 1764 es-

104 1789 240 1852 ίαλπολλοὶ
252 1792 305 1846 τῶν
321 1786 477 1867 ἀνθρώπων,
491 1787 516 1845 οἳ
534 1788 602 1847 οὕτω
619 1788 782 1860 διάκεινται,
837 1807 895 1851 sent
904 1794 1037 1853 morituri.
1054 1797 1124 1855 Nam
1140 1816 1204 1854 cum
1221 1796 1249 1854 in
1269 1796 1346 1875 gravi
1362 1796 1580 1855 senectute'inci-

104 1882 345 1960 ιόποθανούμενοι.
357 1879 445 1939 Ὅταν
464 1879 517 1960 γάρ
541 1883 568 1939 ἐν
592 1879 664 1961 γήριρ
686 1883 782 1960 μακρῷ
838 1884 913 1964 piant
931 1885 1077 1963 aedisrcnre,
1097 1901 1125 1947 et
1138 1907 1218 1967 agros
1242 1887 1339 1964 colere,
1355 1885 1529 1967 quandonam
1547 1887 1583 1946 de

104 1998 148 2034 ται
166 1976 313 2052 οἰκοδομεῖν
332 1973 378 2033 καλ
405 1982 540 2052 γεωργεῖν,
566 1972 630 2032 πότε
655 1971 782 2049 λογισμὸν
838 1991 923 2037 morte
941 1977 1121 2056 rogitabunt?
1141 1981 1201 2038 Non
1220 1999 1335 2059 parrum
1357 1991 1395 2036 est
1418 1978 1496 2037 nobis
1515 2000 1580 2058 sup·

104 2089 139 2128 αιι
149 2067 278 2140 θανάτους
291 2067 332 2126 Οὐ
343 2065 426 2145 μικρδι
440 2070 457 2137 ἡ
469 2065 576 2132 κολασις
587 2068 651 2142 ἡμῖν
661 2066 783 2134 κληθεῑσι
792 2069 950 2160 858μίίσίιιιτι
967 2069 995 2129 in
1014 2070 1198 2129 testimonium
1219 2071 1334 2146 vocatis,
1355 2091 1407 2129 non
1427 2091 1505 2151 posse
1522 2092 1582 2149 quac

104 2158 289 2240 ςμαρτυρίαν,
304 2158 341 2235 μὴ
368 2158 498 2227 δυνηθεῖσι
521 2155 548 2215 δέ
573 2160 742 2235 μαρωρῆσιιι
764 2155 782 2213 θ
803 2178 820 2223 λ
839 2161 959 2221 vidimus
985 2162 1133 2221 testificari.
1153 2161 1283 2223 Vidimus
1306 2181 1355 2220 nos
1387 2161 1474 2220 oculis
1496 2181 1579 2239 ange-

104 2272 123 2310 t.
133 2251 248 2329 Εἴδαμεν
259 2251 305 2310 καλ
318 2253 397 2327 ἡμεῖς
410 2250 553 2328 ὀφθαλμοῖς
568 2247 628 2314 τοὺς
642 2245 782 2326 ἅγγελννς,
837 2253 877 2311 los
883 2299 892 2329 ,
909 2265 934 2312 et
952 2253 1051 2312 clarius
1066 2273 1147 2331 quam
1161 2253 1198 2329 ii,
1213 2251 1261 2331 qui
1280 2273 1343 2313 rere
1354 2251 1490 2315 viderunt.
1507 2251 1581 2330 Ergo

104 2342 229 2425 plmpor
242 2347 296 2403 τῶν
312 2340 476 2422 ἑωρακότων.
491 2343 593 2400 Οὐκοῦν
608 2338 782 2419 μαρτυρήσω·
837 2338 1011 2428 testificentur
1024 2343 1132 2404 Christo
1147 2367 1154 2401 ι
1170 2365 1222 2403 non
1235 2343 1308 2403 enim
1322 2343 1363 2402 illi
1374 2343 1423 2402 soli
1434 2355 1523 2420 testes,
1533 2342 1581 2401 sed

104 2438 246 2518 ῖΧριστῷ·
261 2438 291 2494 οὗ
302 2435 355 2515 γάρ
377 2433 410 2506 δὴ
425 2434 519 2492 ἐκεῖνοι
540 2432 672 2511 μάρτυρες
692 2430 779 2507 μόνον,
837 2456 886 2496 nos
896 2435 988 2521 etiam
1004 2436 1049 2495 Illi
1069 2435 1199 2495 dicuntur
1211 2449 1343 2517 martyres
1357 2457 1403 2495 seu
1417 2449 1505 2512 testes,
1516 2436 1580 2515 quia

104 2526 138 2589 uel
159 2531 246 2604 ἡμεῖς.
261 2526 313 2585 Διὰ
332 2531 409 2584 τοῦτο
423 2526 518 2582 ἐκεῖνοι
538 2521 661 2602 λέγονται
680 2522 781 2601 pepen-
833 2528 902 2608 jussi
916 2524 1051 2607 abjurare,
1066 2528 1156 2589 omnia
1175 2528 1324 2608 patiuntur,
1338 2541 1368 2587 ut
1383 2528 1523 2587 veritatem
1536 2527 1579 2587 di·

104 2643 127 2680 τι
147 2620 314 2695 κελευόμενοι
330 2616 506 2695 ἐξομόσασθαι
519 2615 608 2673 πάντα
630 2613 781 2691 θπυμίνου-
835 2632 897 2678 cant
909 2643 916 2676 τ
929 2632 956 2679 et
975 2639 1023 2679 nos
1043 2618 1151 2698 quando
1169 2619 1204 2679 ab
1221 2619 1305 2678 animi
1323 2619 1442 2678 motibus
1455 2619 1581 2699 abjurare

104 2735 117 2770 ι
136 2710 185 2784 τὴν
207 2709 334 2781 ἀλήθειαν
351 2707 459 2767 είπωσι·
473 2705 519 2765 καί
538 2710 628 2783 ἡμεῖς,
643 2704 705 2765 όταν
728 2704 780 2765 ὑπὸ
832 2711 977 2789 jubemur,
998 2731 1032 2769 ne
1048 2711 1267 2770 succumbamus.
1289 2713 1396 2771 Aurum
1419 2709 1488 2768 dicit
1505 2733 1513 2767 ι
1528 2710 1581 2770 Dio

104 2806 167 2862 ιθῶν
184 2799 352 2879 κελευιύμεθα
368 2796 609 2876 ἐξομόσασθαι,μὴ
628 2795 779 2874 ἡττώμεθα.
836 2801 976 2884 Christum
987 2823 1047 2880 gnon
1067 2823 1123 2862 esse
1145 2802 1285 2861 Christum
1305 2825 1312 2858 τ
1333 2823 1367 2861 ne
1385 2801 1481 2861 audias
1502 2802 1584 2880 quasi

104 2893 249 2973 ὣτλίγει·
262 2890 417 2965 domui
437 2889 552 2969 Χριστός
574 2891 621 2948 οὐκ
634 2888 690 2948 ίστι
710 2890 779 2968 Χρι-
834 2886 997 2969 Βτυιιιριθιί
1016 2894 1075 2974 ejus
1093 2895 1169 2974 jussu
1189 2908 1335 2954 contemne.
1351 2892 1580 2976 Concupiscentia

104 2984 136 3058 αὴ
151 2975 197 3043 σύν
210 2983 290 3044 ἄκουε
301 2980 333 3042 σὺ
345 2986 381 3048 ὡς
392 2984 479 3053 Θεοῦ,
491 2981 560 3040 ἀλλὰ
579 2978 779 3060 καταφρόνησον
835 2986 914 3045 malae
927 2984 1047 3066 idipsum
1060 2984 1171 3062 dicunt;
1187 2985 1233 3046 sed
1247 2999 1278 3044 tu
1292 3007 1327 3045 ne
1339 2986 1517 3066 obtemperes,
1532 2985 1579 3045 sed

104 3075 173 3136 τίνου
190 3073 413 3156 προσταγμάτων.
427 3078 461 3132 Αἱ
474 3072 612 3151 ἐπιθυμίαι
625 3075 652 3130 αί
666 3069 780 3151 πονηραὶ
834 3090 875 3136 sta
886 3077 1002 3155 fortiter,
1013 3098 1047 3139 ue
1056 3077 1126 3137 etde
1138 3078 1216 3137 nobis
1231 3078 1338 3138 dicatur
1349 3102 1355 3135 ι
1368 3080 1466 3138 Deum
1481 3078 1578 3160 confi·
1592 3099 1640 3146 m,
1656 3114 1676 3146 r.
1692 3100 1729 3148 15,

104 3168 263 3247 λλίγιιισιν·
280 3165 348 3227 ἀλλὰ
369 3164 401 3225 el
424 3164 462 3243 μθ
485 3168 686 3246 παραπεισθῇς,
710 3159 779 3221 ἀλλὰ
835 3183 934 3230 teretur
949 3174 1039 3246 seire,
1048 3172 1148 3252 sactis
1166 3183 1266 3230 eutem
1286 3183 1404 3251 negant.
1429 3170 1488 3229 lloc
1506 3171 1579 3230 anim

104 3259 235 3340 Μαίας,
246 3258 289 3318 lto
304 3259 342 3336 μὴ
357 3258 403 3318 ml
416 3257 478 3339 περὶ
493 3259 698 3336 aporiatum·
709 3254 779 3315 Θεὸν
834 3281 887 3320 non
909 3273 950 3320 est
968 3261 1090 3337 testium,
1112 3259 1161 3320 sed
1179 3259 1406 3320 adversariorum.
1428 3260 1510 3333 Quod
1531 3262 1579 3321 alii

104 3358 178 3411 ῶτιν
190 3352 302 3423 dileat,
316 3360 370 3418 τοῖς
384 3350 412 3409 δὲ
428 3350 513 3428 ἔργοις
530 3354 677 3428 ἀρνοῦνται·
693 3348 779 3406 Τοῦτο
796 3359 815 3405 B
834 3367 942 3433 negent,
956 3353 1025 3413 nihil
1039 3355 1154 3432 mirum3
1171 3353 1245 3432 quod
1258 3368 1348 3413 autem
1363 3375 1422 3427 nos,
1438 3353 1525 3434 quiin
1540 3367 1579 3414 te·

116 3444 266 3525 μαρτύρων,
279 3443 348 3503 άλλδι
366 3443 396 3501 τὸ
408 3441 532 3501 ἐναντίον.
544 3441 596 3501 Kal
609 3441 640 3500 τό
656 3439 703 3517 μὲν
719 3437 779 3505 τοὺς
834 3445 992 3505 stimonium
1006 3464 1144 3520 vocamur,
1159 3465 1295 3524 negemus,
1309 3445 1337 3504 id
1351 3466 1434 3525 grave
1447 3459 1472 3504 et
1486 3466 1579 3505 onero·

116 3539 267 3620 ἀρνεῖσθαι,
280 3536 354 3596 οὐδὲν
372 3531 537 3611 θαυμαστόν·
550 3533 580 3592 τὸ
598 3531 626 3591 δὲ
638 3537 709 3610 ἡμᾶς
719 3531 779 3599 τοὺς
833 3559 894 3598 sum
908 3550 947 3598 ert
957 3562 964 3596 ι
976 3538 1027 3597 hoc
1040 3537 1159 3597 maxime
1179 3537 1260 3597 rebus
1282 3537 1380 3597 nostris
1396 3538 1510 3597 noxium
1529 3552 1577 3597 est.

104 3627 201 3709 ρτύριον
214 3627 359 3700 κληθέντας
370 3627 491 3706 ἐξάρνους
502 3625 636 3704 γενέσθαι,
652 3623 718 3706 βαρὺ
732 3624 778 3683 ml
833 3634 871 3689 Ιιι
886 3635 1082 3690 testimonium
1096 3629 1151 3689 illis
1169 3633 1291 3704 eveniet,
1303 3628 1393 3709 inquit
1407 3654 1414 3687 ι
1429 3630 1476 3690 sed
1487 3630 1510 3689 si
1525 3650 1578 3689 non
1589 3648 1686 3692 ινωι.
1695 3645 1730 3690 ιδ.

104 3720 142 3782 όν·
160 3725 237 3780 τοῦτο
259 3719 375 3798 μάλιστα
398 3718 511 3796 βλάπτει
533 3717 567 3777 τδι
589 3715 716 3797 ἡμέτερα.
731 3719 778 3784 Εἰς
833 3722 1002 3794 resiliamus,
1027 3724 1049 3780 si
1070 3722 1256 3781 consistamus.
1279 3721 1309 3780 Si
1327 3712 1426 3780 'omnes
1449 3721 1579 3782 vellemus

104 3836 149 3873 ιιιιι
162 3816 249 3879 αὐτοῖς
273 3811 454 3883 ιἰτυύήσεται,
468 3808 561 3890 φησίν·
576 3811 634 3868 ἀλλ’
653 3809 715 3868 όταν
730 3812 778 3867 οὐκ
833 3814 941 3874 Christo
958 3813 1107 3887 testificari,
1123 3813 1177 3872 cito
1192 3813 1286 3872 multis
1305 3812 1451 3892 gentilibus
1469 3834 1579 3893 persua·

104 3902 308 3983 δήσωμεν,όταν
333 3907 474 3980 ἐνστῶμτν.
495 3905 527 3961 Et
551 3901 647 3968 πάντες
666 3900 776 3960 ἐόουλό-
834 3907 891 3966 suri
901 3926 1027 3966 essemus.

104 4006 238 4079 εαρτυμεῑν
255 4002 294 4079 τῷ
314 3999 438 4080 Χριστῷ,
459 3995 562 4074 ταχέως
581 3993 612 4052 θν
636 3993 778 4071 ἐπείσαμεν

104 4091 211 4163 λλήνων
222 4087 282 4156 τὼς
291 4089 411 4157 πολλούς.

104 4216 125 4252 ἀ
150 4191 222 4273 βίος,
238 4189 388 4270 ἀγαπητοί·
407 4190 456 4248 κᾶν
480 4189 580 4271 σφόδρα
605 4189 736 4271 θηριώδης
758 4181 777 4271 ᾖ
872 4188 901 4245 ό.
914 4186 1008 4267 Magni
1030 4185 1159 4245 momenti
1175 4199 1215 4245 est
1230 4185 1297 4258 vita,
1313 4184 1422 4244 dilecti:
1435 4183 1499 4245 lieet
1517 4183 1580 4264 quis

104 4284 129 4343 lv
153 4289 271 4365 φανερῶς
286 4285 315 4344 οὔ
330 4282 537 4362 θκαταγινιίισκῃ
559 4282 603 4340 διδι
623 4283 653 4341 τὸ
676 4281 776 4359 δόγμα,
833 4279 913 4341 valde
926 4280 998 4338 ierus
1013 4279 1057 4353 sit,
1071 4280 1165 4338 saltem
1179 4291 1271 4359 aperte
1289 4299 1340 4338 non
1355 4278 1496 4338 damnabit
1516 4300 1579 4360 pro·

104 4378 237 4456 τοδίχεται
249 4376 351 4458 λάθρα,
364 4377 423 4435 ἀλλ’
437 4374 619 4441 ἐπαινέσεται,
629 4373 696 4431 ἀλλὰ
709 4380 776 4433 θαυ-
795 4387 814 4434 c
833 4385 893 4453 pter
905 4372 1024 4452 dogma3
1040 4371 1088 4431 sed
1107 4371 1177 4453 elam
1191 4371 1325 4447 admittet,
1340 4372 1464 4433 laudabit
1485 4386 1511 4431 et
1526 4371 1578 4431 ad-

104 4493 128 4529 ιι.
146 4469 199 4529 Καί
213 4467 303 4535 πόθεν,
321 4467 410 4548 φησὶν,
425 4466 455 4524 ἂν
469 4467 570 4545 γίνοιτο
585 4467 639 4544 βίος
658 4465 775 4546 ἄριστος
832 4464 1023 4524 ιιτίτιιίιὶῖιιτ.Ει
1036 4463 1180 4537 undenam,
1191 4464 1306 4542 inquies,
1320 4464 1370 4523 erit
1379 4464 1435 4524 vita
1448 4461 1578 4546 optima?

104 4561 168 4637 όθεν,
184 4561 272 4633 ἀλλ’ἢ
291 4562 344 4621 ἀπὸ
363 4560 433 4628 θείας
448 4562 584 4642 ἐνεργείας.
595 4561 631 4619 Τί
645 4551 698 4631 οὖν,
713 4560 775 4619 ὅταν
832 4558 893 4616 Non
916 4547 1036 4632 aliunde,
1051 4577 1134 4634 quam
1158 4573 1192 4615 ex
1211 4556 1305 4615 divina
1320 4556 1484 4639 operatione.
1503 4556 1577 4628 Quid

104 4657 191 4730 λληνες
207 4643 258 4712 ὦσι
276 4661 403 4721 τοιοῦτοις
418 4652 532 4713 Ἐκεῖνοι
553 4653 640 4711 εἵπου
663 4653 708 4711 καί
724 4644 775 4711 εἶεν
832 4669 896 4728 ergo
904 4649 927 4708 si
942 4649 1053 4728 gentiles
1062 4648 1115 4706 sint
1125 4649 1192 4707 tales
1203 4648 1217 4706 ,⁰
1227 4648 1274 4708 llli
1288 4649 1309 4707 si
1322 4648 1430 4727 qnando
1438 4649 1503 4707 tales
1511 4648 1575 4725 sint,

105 4771 127 4822 ι,
138 4750 163 4807 ol
186 4745 234 4824 μίν
255 4744 345 4825 φύσει,
364 4749 387 4803 σί
408 4745 435 4805 δέ
449 4746 492 4804 διδι
513 4743 668 4812 κενοδοξίαν.
681 4743 775 4804 Βούλει
832 4741 860 4800 ἰιί
873 4741 921 4799 alii
931 4762 965 4799 ex
979 4754 1084 4814 natura,
1098 4740 1144 4798 alii
1156 4762 1191 4800 ex
1212 4761 1282 4800 vana
1297 4740 1383 4819 gloria
1399 4739 1508 4797 liabent.
1524 4739 1577 4799 Vis

104 4887 108 4910 ,
124 4839 204 4910 δσηὴ
225 4842 271 4897 τοῦ
297 4838 353 4916 βίου
368 4837 541 4917 λαμπρότης,
562 4837 625 4908 όσην
650 4836 706 4916 ἔχει
725 4836 775 4908 τὴν
831 4832 943 4909 discere,
954 4832 1001 4911 qui
1016 4830 1052 4890 sit
1064 4830 1174 4891 virtutis
1192 4829 1329 4911 splendor,
1344 4844 1474 4908 quantum
1490 4830 1577 4889 valeat

113 4930 213 4990 Πολλοὶ
235 4932 287 4988 τῶν
309 4932 447 5010 αἱρετικῶν
463 4927 545 4992 οὕτως
565 4928 693 5008 ίσγυσαν,
706 4927 775 4987 *καί
831 4927 865 5001 ad
881 4925 1117 5010 persuadendum?
1132 4926 1215 4985 lllulti
1229 4924 1358 4999 heretici,
1381 4923 1430 4983 etsi
1450 4923 1578 5003 dogmata

104 5043 172 5100 ματα
186 5019 273 5080 καίτοι
283 5024 370 5087 αὐτοῖς
384 5020 447 5079 όντα
467 5020 658 5101 διεφθαρμένα,
672 5021 696 5079 οί
712 5022 776 5079 πολ·
831 5033 959 5102 corrupta
972 5020 1112 5094 haberent,
1132 5018 1170 5077 ita
1184 5018 1332 5096 invaluere,
1348 5030 1378 5075 ut
1393 5016 1473 5076 multi
1488 5017 1577 5077 lromi·

104 5217 108 5230 .
121 5177 153 5230 C.
166 5186 334 5242 καταγινώσκιι.
350 5173 495 5242 Legendum
507 5172 608 5225 videtur
621 5177 770 5243 permoreris
818 5176 934 5242 dermet,
946 5187 974 5226 at
985 5175 1052 5225 clam
1063 5177 1126 5241 etc]

104 5267 167 5326 ῖσαῃ.
188 5253 300 5303 Multum
320 5254 406 5314 ναίει,
419 5255 515 5320 inquit,
534 5257 591 5303 vita
608 5264 683 5303 reeta.
698 5253 770 5303 Licet
852 5255 863 5282 *¹
882 5253 944 5320 [Sic
963 5252 1030 5304 miti
1042 5250 1179 5317 Commcl.‚
1191 5249 1280 5318 snit,
1292 5250 1384 5305 llontl.
1402 5263 1428 5302 ct
1446 5251 1480 5305 l).
1494 5249 1581 5305 triante

104 5337 172 5391 riam
185 5331 264 5382 valde
275 5332 382 5400 affines,
394 5331 452 5382 licet
465 5344 549 5400 aperte
561 5332 592 5381 ού
603 5332 695 5398 dogma
708 5350 767 5381 corr·
