3728 5978
632 465 665 512 ιν
694 460 799 511 enisu.
829 457 875 505 ιιι
901 455 983 503 nou.
1014 456 1129 507 uouit„
1160 455 1269 507 xxiv.·
1638 440 1708 536 765

138 587 216 641 τοῦτο
238 585 338 654 πολλῆς
360 588 423 661 ἡμῖν
444 585 483 643 δεῖ
506 588 553 656 τῆς
574 586 732 667 ἀγρυπνίας,
747 584 848 654 πολλῆς
862 583 910 653 τῆς
964 591 1018 638 tem
1037 599 1108 639 unus
1127 593 1231 641 tantum
1253 580 1297 641 vel
1317 579 1372 640 duo
1394 581 1449 642 sint
1469 582 1515 662 qui
1532 603 1641 644 recensu
1661 586 1708 645 lu-

138 675 283 755 ᾱσραλείας
292 721 300 752 ,
315 675 383 736 ὥστε
398 675 435 756 μὴ
449 677 483 738 τὰ
496 677 740 752 Mammea„
964 690 1054 749 cerna,
1070 672 1173 732 canteris
1194 673 1320 733 omnibus
1339 675 1417 753 quasi
1436 675 1521 735 multa
1542 690 1621 737 noete
1641 677 1709 739 dor·

963 764 1119 842 mientibus,
1139 766 1343 846 vigilenttideo
1368 767 1454 828 multa
1478 789 1547 849 opus
1569 770 1649 831 nobis
1669 785 1709 831 est

962 856 1114 937 vigilantia,
1129 858 1216 918 multa
1229 859 1360 936 cautione,
1372 880 1405 920 ne
1422 860 1602 921 intolerabilia
1620 862 1709 944 patio-

961 968 1032 1008 mur.

178 1034 249 1116 Οὐχὶ
263 1036 334 1096 δοκεῖ
350 1037 491 1121 λαμπρλὴ
504 1041 594 1124 ἡμέραν
606 1034 674 1103 εἶναι
684 1049 745 1122 νῦν,
759 1047 818 1129 ώχθ
836 1049 906 1108 πάν.
1001 1039 1031 1099 δ.
1045 1041 1144 1099 Annon
1159 1038 1317 1121 splendidus
1334 1060 1406 1100 nunc
1425 1040 1534 1102 uidetur
1557 1062 1613 1103 esso
1629 1039 1710 1102 dies?

136 1153 179 1195 τες
193 1128 363 1210 ἐγρηγορέναι
385 1130 525 1211 νομίζομεν
549 1134 594 1194 καλ
618 1137 721 1217 volpem
747 1139 814 1199 Ἀλλ’
835 1143 908 1220 ὅμως
959 1150 1049 1192 annon
1059 1153 1150 1193 omnes
1160 1154 1209 1193 nos
1219 1147 1346 1214 putamus
1355 1147 1382 1194 et
1390 1133 1488 1214 vigiles
1498 1150 1524 1194 et
1533 1135 1708 1196 cautosesse?

136 1224 150 1252 *
162 1220 225 1292 (καί
233 1221 304 1300 τότχα
315 1221 457 1301 γελιίαεσθε
471 1225 502 1283 τδ
515 1226 662 1308 εἰρημένον,
675 1228 728 1310 ἐγὼ
739 1229 830 1310 μέντοι
841 1233 906 1293 αὐτὸ
960 1229 1085 1285 Attamen
1096 1226 1175 1300 (forte
1186 1225 1261 1304 quod
1274 1225 1398 1285 dicturus
1411 1248 1471 1286 sum
1486 1249 1549 1288 cum
1558 1228 1615 1288 risu
1630 1248 1708 1290 exce·

136 1318 203 1392 ἐρῶ)
217 1321 271 1380 τοῖς
285 1316 312 1372 έν
329 1315 422 1396 βαθείᾳ
435 1316 509 1375 νυκτὶ
522 1318 674 1380 καθεύδουσί
687 1345 715 1380 τε
728 1324 774 1382 καὶ
793 1324 906 1406 §ewu-
925 1345 943 1391 η
960 1317 1036 1397 pturi
1047 1317 1115 1394 sitis,
1127 1318 1180 1378 lroe
1198 1333 1285 1378 tamen
1300 1317 1408 1394 dicam)
1420 1318 1454 1378 iis
1468 1319 1517 1398 qui
1532 1320 1617 1380 mrdta
1632 1334 1709 1381 noete

136 1429 178 1464 σιν
195 1404 316 1480 ἐοίκαμεν
331 1406 452 1474 ἅπαντες.
464 1406 517 1467 Καλ
531 1409 556 1466 εί
563 1433 594 1488 γε
607 1411 698 1472 οὐσίαν
713 1414 854 1494 ἀσώματον
874 1407 907 1489 ἦν
960 1405 1100 1468 dormiunt
1112 1424 1138 1470 et
1156 1423 1281 1488 stertunt,
1294 1431 1385 1470 omnes
1399 1411 1500 1470 similes
1519 1433 1623 1472 sumus.
1637 1415 1673 1473 lit
1685 1412 1709 1471 si

135 1497 207 1569 ἰδεῖν,
215 1495 299 1565 έδειξα
309 1495 339 1555 διν
351 1500 413 1576 ὑμῖν
424 1501 480 1566 πῶς
491 1504 515 1560 οἱ
524 1499 572 1579 μέν
582 1501 687 1571 πλείους
699 1505 866 1586 ρέγχουσιν,ό
880 1508 908 1569 θλ
960 1500 1144 1583 incorpoream
1154 1502 1331 1575 substantiam
1351 1503 1445 1565 videtu
1463 1525 1610 1585 possemus,
1621 1519 1708 1566 osten·
1749 1549 1751 1553 ι

136 1588 510 1671 διάὸολοςδιοριίττειτοίχαυς,
519 1593 564 1651 καλ
573 1598 905 1678 καταοράττεικειμένους,
959 1591 1053 1652 desem
1063 1593 1143 1654 voltis
1158 1594 1294 1673 q¹1⁰1110d⁰
1311 1595 1434 1675 plerique
1443 1609 1569 1674 storum,
1581 1594 1708 1657 diabolus

135 1679 181 1737 κοιλ
191 1683 340 1760 ὑφαιρεῖται
350 1681 384 1741 et
395 1680 475 1758 ἔνδον,
486 1684 606 1764 καθάπερ
617 1689 643 1745 έν
655 1687 742 1769 σκόιιμ
753 1692 829 1770 βαθεῖ
839 1691 908 1770 μετὰ
960 1704 1025 1744 vero
1038 1705 1130 1744 muros
1151 1684 1280 1745 suffodiat
1294 1700 1320 1746 et
1336 1687 1454 1767 jacentes
1468 1686 1582 1766 occidat,
1595 1709 1628 1748 ac
1648 1709 1709 1768 quse

135 1770 226 1838 oidelae
241 1773 346 1832 ἅπαντα
368 1774 503 1856 πράττων,
519 1778 630 1838 Μᾶλλον
643 1779 685 1855 δὲ,
700 1784 723 1842 εί
737 1782 784 1842 καλ
805 1787 905 1864 ὀρθαλ-
960 1773 1033 1834 intus
1055 1788 1118 1834 ειιιιι
1139 1776 1255 1853 auferat,
1278 1776 1355 1853 quasi
1376 1776 1403 1834 in
1423 1777 1568 1857 profundis
1590 1778 1709 1839 tenebris

136 1871 195 1939 pote
218 1868 295 1926 τοῦτο
315 1867 377 1925 ίδιῑν
403 1867 540 1945 ἀδύνατον,
566 1872 762 1955 {tempti-lupar
782 1875 847 1935 αθτδ
868 1880 907 1959 τῷ
960 1867 1055 1930 omnia
1075 1888 1125 1948 pm
1139 1866 1218 1926 libito
1228 1867 1337 1928 faciens.
1352 1870 1412 1927 lmo
1426 1889 1501 1940 uero,
1517 1870 1566 1928 etsi
1580 1868 1611 1929 id
1624 1870 1710 1930 oeulis

134 1954 220 2036 λόγῳ,
236 1957 281 2016 καλ
297 1958 460 2037 ἐννοήσαιμεν
473 1961 550 2021 πόσοι
566 1965 618 2022 tet
629 1966 775 2045 έπιθυμιῶν
790 1970 840 2027 slot
854 1991 906 2027 πο-
960 1963 1098 2044 prrcipete
1121 1983 1175 2025 non
1197 1963 1351 2037 valeamus,
1365 1963 1449 2023 uerbo
1465 1978 1553 2024 tumen
1571 1963 1709 2027 decuba-

134 2052 221 2129 νηρῶν
238 2048 429 2129 βεὸαρημένοι,
444 2051 521 2113 πόσοι
533 2057 572 2134 τῷ
586 2058 698 2138 χαλεπῷ
710 2063 758 2132 τῆς
772 2060 908 2140 ἀσελγείας
961 2081 1031 2135 mus,
1041 2071 1068 2118 et
1080 2057 1229 2139 cogitemus
1243 2071 1310 2137 quot
1327 2057 1381 2117 sint
1395 2058 1425 2136 ii,
1438 2059 1485 2138 qui
1506 2060 1599 2140 pruris
1611 2081 1708 2121 concu-

134 2140 209 2220 καίριμ
222 2141 410 2222 κατεχόμενοι,
420 2144 466 2203 καλ
487 2146 518 2205 τδ
539 2151 648 2227 ρῶςτοῶ
661 2148 811 2228 πνεύματος
819 2176 907 2213 κατα-
961 2149 1099 2231 piscentiis
1115 2151 1220 2230 gravati
1235 2162 1308 2224 sunt,
1319 2163 1384 2228 qrtot
1399 2151 1475 2230 gravi
1484 2151 1603 2212 lascivire
1612 2174 1709 2234 sopore

134 2231 353 2300 αδεννόντεςΔιαί
362 2258 403 2294 τοι
413 2235 573 2320 τοῦτοὲτερα
583 2243 638 2298 ἀνθ’
649 2240 745 2322 έτέρων
755 2241 908 2323 βλέπωσιν,
924 2251 944 2300 B
960 2239 1075 2318 detenti,
1091 2240 1140 2320 qui
1155 2241 1243 2300 lucem
1253 2239 1366 2320 spiritus
1380 2240 1580 2303 exstinxerunt.
1593 2243 1708 2325 Propter

135 2325 214 2406 ἕτερα
223 2327 278 2384 ἀνθ’
293 2325 406 2407 δέτερων
423 2328 561 2405 ἀκούουσι,
574 2331 620 2390 καί
634 2332 719 2392 οὐδενί
731 2338 784 2394 τῶν
795 2337 908 2396 ἐνταῦθα
960 2331 1012 2392 hoc
1020 2331 1073 2392 alia
1083 2352 1133 2413 pm
1144 2331 1206 2390 aliis
1222 2330 1326 2403 vident,
1338 2330 1392 2389 alia
1404 2353 1454 2411 pro
1466 2332 1529 2393 aliis
1544 2330 1672 2412 audiunt,
1683 2349 1710 2395 et

135 2417 283 2497 λεγομένοιν
295 2419 478 2502 προσέχουσιν.
488 2425 520 2482 tlt
533 2421 560 2484 δδ
570 2423 623 2505 ίγδι
635 2425 854 2507 ψεύδομαιταῦτα
864 2430 907 2490 λέ·
959 2424 1027 2485 nulli
1036 2423 1113 2484 exiis
1123 2444 1183 2502 qure
1190 2421 1615 2499 hiedicunturattcndttnt.Quod
1626 2426 1649 2486 si
1659 2447 1709 2506 ego

134 2532 197 2588 γων,
218 2511 263 2570 καὶ
277 2512 428 2594 ἐγρηγορὼς
447 2515 573 2591 ἕστηκας,
590 2517 650 2577 εἶπέ
672 2518 779 2598 pomi
799 2520 905 2600 γέγονεν
959 2515 1074 2576 mentior
1088 2513 1331 2591 lraecdiccus,ettu
1344 2514 1411 2594 vigil
1423 2529 1490 2593 stas,
1501 2515 1709 2597 diemilri,quid

132 2606 244 2663 ἐνταῦθα
259 2605 385 2687 σήμερον,
406 2610 429 2666 εἰ
450 2608 488 2685 μὴ
504 2612 540 2678 ῶς
553 2611 696 2691 ὀνειράτων
709 2611 839 2686 ἤκουοαςς
852 2613 906 2674 ttet
958 2607 1005 2667 hie
1018 2607 1100 2668 hodie
1110 2607 1212 2667 ίειίιιιιι
1223 2620 1272 2681 est,
1285 2627 1374 2666 annon
1388 2607 1447 2666 haee
1459 2621 1595 2687 tamquam
1605 2609 1708 2671 somnia

132 2687 191 2754 οἶδα
213 2698 271 2773 μέν,
290 2695 331 2756 ότι
347 2699 435 2777 ἔροῶοί
450 2723 534 2768 τινες·
552 2703 612 2761 οὐδέ
627 2702 685 2784 Ιγὰρ
706 2702 776 2764 κατδ
796 2703 903 2764 πόντων
959 2699 1708 2780 erudisti?Etscioquidemquosdamdicturosesseene·
1815 2766 1820 2771 ,

131 2792 215 2845 ταῦτα
228 2786 297 2866 λέγω
312 2811 319 2825 ·
334 2789 402 2848 stit
420 2788 451 2849 αθ
470 2794 552 2861 θεοῖς
565 2792 713 2875 εἰρημέναις
728 2793 817 2876 έναχος
830 2795 877 2871 διν,
890 2800 905 2856 θ
957 2814 1012 2873 que
1023 2791 1445 2872 enimadversusomnesloquot·;
1457 2794 1538 2854 sedtu
1555 2796 1709 2875 quihisoh·

133 2879 221 2957 μάτην
236 2883 346 2941 ἐνταῦθα
360 2883 494 2955 εἰσελθὼν,
506 2884 581 2956 εἰπὲ,
593 2886 634 2953 τίς
646 2887 799 2968 πρηθτης,
812 2895 906 2958 *ποῖος
958 2887 1058 2948 noxius
1067 2885 1330 2965 es,quis1ustral1uc
1339 2887 1639 2967 ingressusoe,dicquis
1648 2911 1707 2970 pru·

132 2973 279 3040 ἀπόστολος
297 2974 412 3055 αίμερον
433 2975 555 3056 διελέχθη
577 2982 652 3056 ἡμῖν,
676 2979 721 3039 καί
740 2980 903 3060 nepisinos.
958 2979 1049 3061 pheta,
1062 2979 1125 3059 quis
1147 2977 1438 3059 apostolusnoltiscum
1454 2978 1528 3041 etde
1542 2980 1707 3059 quibusnam

132 3066 202 3124 Ἀλλ’
215 3066 262 3125 αθκ
276 3064 306 3123 δν
321 3065 390 3147 ἔχοις
402 3070 493 3127 εἰπεῖν·
506 3069 550 3127 καί
564 3069 615 3151 γὰρ
627 3071 713 3132 πολλὰ
726 3076 762 3140 ὡς
775 3075 802 3132 ίν
814 3074 905 3157 ὀνείρῳ
959 3073 1040 3133 mlius
1063 3073 1192 3152 loquutus
1215 3085 1263 3131 est.
1278 3069 1334 3132 Sed
1351 3091 1406 3130 nou
1422 3070 1513 3132 dicere
1530 3072 1632 3153 possis:
1643 3094 1706 3133 narn

132 3158 269 3240 διελέχθης
280 3163 390 3219 ἐνταῦθα
400 3206 408 3234 ,
418 3164 471 3219 τῶν
483 3163 614 3234 ἀληθινῶν
630 3167 678 3224 οὐκ
698 3165 812 3236 ἀκοιίσας
830 3189 902 3247 πρε·
913 3165 1097 3255 ο,,ιιιιιίια1ιίο
1106 3164 1182 3246 quasi
1196 3164 1224 3224 in
1238 3184 1332 3224 somno
1344 3162 1508 3243 disseruisti,
1528 3184 1707 3244 verasqueres

131 3250 348 3327 γμαίτων.Τα”υ’τα
359 3251 387 3310 δέ
394 3277 439 3329 μοι
448 3253 494 3312 καί
505 3254 568 3333 πρδς
576 3265 702 3336 γυναῖκας
712 3258 833 3339 εἰρήσθω·
842 3259 904 3319 ’καί
922 3270 943 3318 Α
959 3277 1012 3316 non
1020 3254 1433 3317 audistiflaecveromutierihus
1442 3277 1571 3335 (quinques
1581 3278 1625 3317 me
1632 3258 1706 3318 dicta

131 3340 184 3422 γὰρ
194 3344 221 3400 ἐν
235 3342 347 3411 ἐκείναις
356 3343 460 3412 πολδςδ
471 3344 550 3414 θπνος
562 3371 569 3384 ·
583 3349 629 3407 καλ
644 3349 694 3410 είθε
708 3348 796 3419 ὕπνος.
809 3349 843 3410 Ὁ
856 3351 904 3431 μίν
958 3364 1037 3411 sunto
1050 3371 1128 3410 :nam
1141 3349 1195 3409 illae
1211 3348 1296 3408 multo
1310 3368 1404 3407 somno
1417 3347 1515 3409 deditae
1538 3363 1615 3428 sunt;
1626 3363 1707 3430 atque

131 3432 183 3516 γδρ
196 3434 328 3494 καθεύδων
342 3436 402 3496 οὔτε
415 3438 530 3519 πονηρόν
544 3463 570 3500 τι
591 3439 746 3520 φθέγγεται,
757 3441 818 3503 οὔτι
837 3467 905 3525 χρη-
958 3443 1064 3503 utinam
1076 3440 1186 3504 somno!
1203 3443 1274 3501 Nam
1288 3439 1336 3519 qui
1348 3438 1462 3518 dormit,
1479 3461 1528 3502 nee
1540 3441 1644 3503 malum
1656 3464 1705 3503 nee

133 3523 208 3583 στόν·
221 3525 273 3586 δδὲ
289 3526 371 3596 οὕτως
384 3528 534 3611 ἐγρηγορὼς
546 3533 582 3598 ὡς
600 3536 688 3608 ὑμεῖς,
702 3533 790 3593 πολλὰ
800 3534 844 3593 καλ
861 3533 905 3594 ἐπὶ
957 3535 1061 3595 Ιιοιιιιιιι
1078 3533 1219 3616 quidpiam
1240 3532 1361 3614 loquitur
1379 3533 1449 3611 :qui
1468 3536 1560 3593 autem
1577 3532 1615 3595 ita
1629 3535 1703 3616 vigi·

131 3620 207 3697 κακῷ
221 3623 268 3691 τῆς
286 3623 380 3682 ἑαυτοῦ
393 3624 510 3703 κεφαλῆς
530 3623 653 3683 ἐκίόλλει
669 3624 791 3710 ῥήματα,
812 3627 904 3700 τόκους
957 3626 1006 3704 λεί,
1023 3642 1054 3689 ut
1070 3649 1119 3689 vos
1132 3627 1264 3709 vigilatis,
1284 3612 1370 3685 multa
1385 3626 1413 3685 in
1438 3627 1541 3686 malum
1551 3627 1647 3708 cepitis
1661 3630 1704 3689 sui

132 3711 262 3788 ἀριθμῶν,
282 3710 424 3791 λογισμοὺς
443 3714 626 3794 δανεισμάτων
647 3717 789 3794 συντιθείς,
811 3743 903 3795 κεπη-
956 3721 1041 3781 verba
1055 3719 1205 3802 pmlundit,
1225 3738 1321 3779 usuras
1342 3738 1497 3792 numerans,
1509 3718 1642 3780 loenorum
1655 3742 1701 3781 eo·

132 3801 205 3868 λείας
225 3804 400 3886 θναιοχιίντου
416 3806 598 3885 μεμνημένος,
612 3808 660 3875 τίς
676 3808 791 3878 ἀκάνθας
805 3814 905 3882 ποκνδς
957 3812 1100 3892 qitauones
1107 3832 1227 3887 versans,
1240 3808 1408 3890 impudentis
1415 3813 1703 3891 cattponaeetnegotiass

132 3895 319 3974 καταρυτεόων
331 3899 358 3957 lu
370 3903 404 3978 τῇ
416 3901 510 3959 ἑαυτοῦ
522 3901 614 3980 ψυχῇ,
629 3900 730 3961 καὶτὸν
745 3902 842 3983 σπόρον
854 3907 903 3966 οὐκ
956 3905 1037 3965 tionis
1044 3921 1156 3979 memor,
1163 3903 1254 3984 spinas
1262 3902 1362 3961 multas
1373 3902 1497 3982 plantans
1507 3903 1533 3963 in
1544 3903 1634 3963 enims
1644 3925 1702 3983 sua,

133 3986 207 4066 ἀρελς
221 3987 278 4049 οὐδέ
292 3989 385 4070 μικρὸν
398 3990 531 4072 προκύψαν
548 3991 621 4053 ποτέ.
636 3991 716 4053 Ἀλλὰ
731 3995 902 4072 διανιίατηθι,
955 4016 1003 4056 nec
1017 3996 1145 4077 injectum
1163 4014 1253 4054 semen
1276 3993 1322 4052 rel
1339 3992 1480 4053 tantillum
1501 3995 1592 4055 sinens
1617 4018 1700 4056 emer·

132 4078 177 4137 καὶ
186 4079 233 4149 τὰς
242 4080 357 4152 ἀκάνθας
376 4083 473 4151 ταίντας
493 4083 649 4165 προρρίζους
672 4086 835 4163 ἀνάσπασον,
856 4089 901 4149 καλ
954 4086 1311 4170 gereSedexpergiseereet
1323 4084 1373 4144 has
1386 4085 1478 4166 spinas
1490 4085 1620 4147 radicitus
1629 4088 1701 4150 evel-

129 4171 178 4244 τὴν
198 4172 282 4251 μέθην
302 4174 469 4246 ἀποτίναξαι·
486 4177 531 4235 καλ
551 4177 604 4260 γὰρ
628 4181 745 4239 ἐντεῦθεν
771 4186 793 4241 t·
809 4181 897 4252 ὕπνος.
954 4181 992 4260 le,
1008 4182 1215 4260 ebrietatemque
1235 4190 1424 4237 excutetnnm
1448 4177 1511 4237 hinc
1527 4199 1698 4243 somnusve-

129 4264 221 4339 Μέθην
238 4265 266 4326 δέ
279 4269 326 4327 οθκ
340 4267 408 4328 οἴνου
421 4267 491 4349 λέγω
513 4268 603 4347 μόνον,
618 4270 685 4329 ἀλλὰ
699 4271 744 4333 καί
763 4276 817 4332 τῶν
839 4277 901 4352 βιω·
917 4288 936 4342 n
954 4274 1005 4334 nit.
1021 4273 1185 4334 Ebrietatem
1197 4283 1288 4330 aulem
1303 4288 1355 4328 non
1377 4289 1411 4328 ex
1425 4269 1489 4329 rino
1502 4283 1606 4331 tantum
1623 4271 1698 4348 dico,

128 4362 208 4417 τικῶν
223 4358 377 4439 φροντίδων,
393 4360 439 4420 καὶ
461 4361 529 4440 μετδι
546 4361 706 4423 τούτωνκαὶ
725 4363 901 4438 τὴνάπδτοῶ
955 4365 1004 4427 sed
1022 4386 1057 4426 ex
1078 4363 1254 4426 saeettlarihus
1280 4359 1362 4420 etiam
1386 4360 1475 4437 curis,
1500 4374 1527 4421 et
1548 4375 1640 4444 postea
1659 4363 1700 4424 il-

128 4448 206 4508 οίνοο.
222 4452 317 4510 Ταῦτα
332 4451 360 4511 δὲ
376 4453 436 4532 οὐχί
452 4453 585 4524 πλουσίοις
600 4453 688 4534 μόνον,
703 4455 772 4517 etit
787 4457 832 4517 καλ
852 4461 900 4521 πέ-
954 4458 1010 4518 lam
1027 4477 1087 4537 quae
1106 4478 1142 4518 ex
1163 4455 1227 4518 vino
1245 4451 1378 4536 procedit.
1394 4450 1457 4512 llaec
1482 4473 1562 4533 porro
1583 4475 1636 4514 non
1656 4454 1699 4515 di-

127 4564 188 4612 νησι
200 4546 340 4622 παραινῶ,
354 4544 400 4603 καλ
417 4544 533 4619 μαλιστα
550 4554 605 4614 τοῖς
618 4545 652 4606 τδι
670 4548 763 4629 ριλικδ
785 4574 898 4632 συγκρο-
954 4553 1059 4613 vitibus
1071 4565 1188 4626 tantum,
1204 4547 1348 4612 sedetiam
1367 4546 1536 4629 pauperibus
1549 4545 1623 4626 dico,
1636 4570 1699 4608 ma-
1819 4628 1824 4633 .

126 4637 200 4692 τοῶαι
218 4634 363 4712 συμπόσια.
380 4639 421 4697 Οὐ
435 4636 488 4718 γάρ
504 4639 560 4697 ἐστι
572 4646 649 4700 τοῦτο
665 4640 750 4724 τρυρλ
765 4642 824 4702 οὐδὲ
838 4644 899 4704 dur·
955 4645 1081 4725 ximeque
1092 4643 1189 4723 iis,qui
1198 4643 1349 4703 amicorum
1359 4639 1485 4701 convivia
1495 4653 1599 4719 parant
1606 4641 1700 4719 Neque

126 4748 181 4797 σις,
194 4725 263 4786 ἀλλὰ
272 4725 381 4798 κόλασις
389 4728 435 4789 καί
444 4731 573 4810 τιμωρία·
584 4732 669 4814 τρυφὴ
679 4733 731 4817 γὰρ
741 4738 789 4795 odat
801 4735 900 4818 αίαχρθ
955 4740 1027 4800 enim
1045 4739 1097 4799 hoc
1109 4736 1214 4797 deliciae
1235 4748 1296 4794 sunt
1308 4746 1356 4793 etit
1370 4731 1509 4808 recreatio,
1524 4731 1571 4790 sed
1584 4753 1662 4813 poens
1673 4746 1700 4792 et

125 4820 219 4892 εἰπεῖν,
248 4819 318 4879 stit
346 4820 431 4898 σεμνδι
454 4821 626 4903 φθέγξασθαι,
649 4827 850 4904 ίμπλησθῆναι,
869 4831 899 4890 οὗ
953 4827 1248 4915 suppliciumzdeliciae
1262 4827 1332 4886 enim
1354 4846 1424 4884 vere
1446 4837 1520 4900 sunt,
1539 4845 1593 4884 non
1608 4827 1699 4907 turpia

126 4911 309 4992 διαρραγῆναι.
324 4915 357 4972 Et
371 4913 399 4974 δέ
414 4914 510 4988 ἡδονὴν
524 4917 587 4976 αι’ντδ
608 4918 736 4995 νομίζεις,
750 4919 833 4989 δεῖξόν
854 4944 898 5000 μοι
954 4923 1038 5002 loqui,
1050 4921 1099 4982 sed
1111 4921 1221 4981 honesta
1230 4917 1360 4998 prolerre,
1372 4915 1476 4993 satiari,
1489 4936 1541 4974 non
1550 4913 1697 4997 disrumpi.

127 5005 154 5060 ἐν
168 5003 267 5086 ἑσπέρᾳ
280 5005 329 5078 τὴν
343 5007 452 5080 ἡδονήν·
473 5010 531 5068 ἀλλ’
543 5010 591 5068 οὐκ
611 5009 642 5068 δν
657 5011 735 5091 ἔχοις.
757 5013 809 5074 Καί
824 5014 897 5076 οὔπω
956 5015 1038 5088 Quod
1052 5015 1075 5075 si
1087 5013 1115 5074 id
1136 5013 1301 5092 voluptatem
1314 5026 1371 5069 etse
1387 5020 1476 5088 putam,
1490 5028 1599 5090 vespere
1619 5011 1698 5073 volu·

159 5164 170 5185 “
191 5163 342 5230 [legebatur
352 5174 371 5219 εί
382 5175 419 5219 καὶ
431 5175 501 5234 τάχα.
509 5166 558 5218 Sed
570 5176 589 5221 εί
599 5169 721 5222 omittunt
733 5174 761 5223 tt.
769 5185 796 5224 et
807 5174 884 5226 Saril.
969 5192 980 5214 ι
996 5176 1076 5241 [ποῖος
1088 5189 1134 5240 pto
1148 5178 1181 5232 τίς
1192 5167 1340 5223 admistu-
1350 5184 1380 5219 ιι
1392 5170 1421 5219 Α.
1432 5179 1457 5219 et
1470 5184 1549 5236 marg.
1559 5168 1650 5243 savii]

125 5244 183 5291 llox
196 5246 224 5291 Α.
235 5248 437 5312 κτταγιλάαιεθι.]
970 5257 976 5272 ’
994 5253 1042 5318 [Α.
1056 5259 1148 5322 καὶγὰρ
1161 5255 1199 5304 καὶ
1211 5244 1325 5312 latium]

159 5325 171 5361 θ
190 5323 328 5395 llaec,lesp«
337 5330 386 5382 ἀνθ’
396 5331 479 5398 δείρειν
490 5332 611 5394 βλέπουσι,
620 5327 711 5382 desum
722 5331 747 5385 in
761 5348 819 5385 uno.
