3728 5978
463 463 473 475 .
585 426 617 471 ιιι
645 389 731 474 neit
762 423 1024 474 nrosrononun.
1053 422 1172 471 ιιιιιιιι.
1200 424 1249 471 ιιι.
1285 397 1431 495 m]
1658 404 1702 495 37

127 571 202 628 μενος
211 549 302 629 λέγω,
317 552 378 612 ἀλλ’
392 556 468 667 ὐμῶν
480 555 601 636 ίιτισχεῑν
611 555 660 629 τὴν
675 556 825 636 ἐπιθυμίαν.
833 553 909 635 Ποίρ
924 559 943 606 n
961 551 1131 628 suffundam,
1141 551 1188 612 sed
1198 566 1228 612 ut
1238 563 1354 614 vestram
1362 551 1506 612 cohibeam
1516 549 1702 632 cupiditatem

127 642 176 722 γὰρ
194 642 360 702 συνειδότι
345 669 378 704 αν
391 646 454 725 γίνη
469 646 649 719 σπωδάσαςῆ
663 648 706 710 διὰ
720 653 818 709 σαυτοῦ
826 645 859 719 ἢ
874 647 907 705 δι
961 643 1024 715 Quo
1047 643 1129 702 uteris
1146 643 1269 719 conscio,
1280 666 1303 703 st
1296 644 1418 704 ambias
1436 644 1480 703 vel
1497 656 1582 723 perte
1595 642 1639 702 vel
1659 664 1706 723 per

129 734 232 815 ίτίρω;
246 735 336 802 ποίοις
349 739 495 817 ὀφθαλμοῖς
509 738 674 819 ἀντιόλίθπις
689 738 835 822 flarlep*
800 763 839 799 τω
852 759 908 799 συν
960 689 1707 816 aliumi'quibusoculiirespicicseunrquitibiluitau·

130 826 291 939 εργήαιιντις
307 829 335 887 τί
350 828 659 922 ἰξειςάιισλυγιῇιααθαη
668 830 828 912 (ρομλυγὰ
837 831 908 890 ἄκων
960 824 1706 929 xilio?qnidpotcrisadtuidefensionemprolerreiNam

130 918 324 998 ιιαὶβιασθείς,
339 921 433 980 καλ’
406 946 455 983 ουκ
478 909 589 995 ίθέλίιιν,
603 923 660 1006 ἔχοι
675 925 708 984 ἄν
727 949 787 985 τινα
813 926 910 983 ἀπολο-
962 916 1011 996 qui
1022 916 1125 979 invitus
1141 933 1247 978 ooaetns
1256 919 1452 999 lnrt,aqunum
1466 919 1548 978 babet
1557 931 1709 977 excusatio·

130 1014 197 1092 γίαν,
211 1016 238 1072 εἰ
249 1037 298 1073 καί
286 1014 346 1073 τὰ
364 1015 482 1091 μαλιστα
501 1017 547 1076 καί
564 1008 637 1085 οθτος
655 1015 770 1097 ἀπεστίρ
771 1039 834 1088 ηται
848 1039 910 1094 αυγ-
963 1030 1035 1084 ιιειιι,
1045 1024 1151 1070 etiamst
1144 1011 1321 1092 plerumque
1328 1012 1373 1071 lnc
1382 1032 1490 1091 quoquc
1499 1010 1603 1069 nullam
1612 1010 1710 1069 habeat

132 1129 251 1183 γνωμης·
267 1106 343 1179 πλὴν
358 1107 516 1192 ἀλλάπαρά
528 1108 671 1190 τυύτσίχιι
685 1109 745 1168 τινά
759 1105 911 1186 ἀπολογίαν.
963 1102 1098 1163 veniam·
1091 1147 1098 1160 .
1116 1118 1243 1164 ceterum
1263 1104 1383 1184 aliquam
1402 1119 1490 1163 tamen
1512 1102 1710 1162 exeusationem

133 1198 275 1269 Ἐννόησον
289 1200 320 1258 τί
330 1201 425 1278 Σίμων
435 1199 531 1275 ἔπαθες
545 1202 581 1262 Τί
599 1201 667 1284 γὰρ,
689 1194 718 1260 εί
733 1201 770 1280 μὴ
792 1200 913 1282 ἀργύριον
966 1194 1057 1253 babet.
1075 1194 1184 1275 Cogita,
1200 1196 1267 1273 quid
1279 1194 1407 1255 acciderit
1420 1194 1535 1255 Simoni.
1553 1193 1630 1269 Quid
1639 1193 1713 1252 enim

132 1289 219 1365 δίδως,
234 1291 300 1351 ἀλλ’
311 1292 373 1352 ἀντί
385 1293 509 1376 ἀργυρίου
519 1293 683 1369 καλακεθεις,
694 1293 742 1352 καί
756 1291 916 1353 κατασκευαί·
968 1289 1060 1365 refert,
1076 1290 1099 1349 si
1116 1303 1257 1370 argentum
1275 1311 1328 1349 non
1343 1289 1465 1366 dedetis3
1482 1289 1506 1348 si
1523 1289 1624 1368 argenti
1641 1288 1710 1366 loco,

135 1385 183 1450 ίιις
194 1383 301 1457 πολλὰ,
313 1385 363 1446 καὶ
374 1396 497 1466 μηχανᾳς
510 1387 552 1446 Τὸ
564 1385 686 1468 ἀργθριόν
701 1409 748 1446 σου
761 1383 809 1444 οὐν
824 1383 915 1455 σοίιίη
968 1380 1099 1460 aduleris,
1110 1397 1136 1442 et
1148 1383 1285 1442 machinas
1296 1383 1445 1442 adhibeas?
1455 1383 1621 1463 Argentum
1631 1396 1713 1442 tuum
1722 1403 1775 1450 Art.
1785 1401 1809 1451 t.
1823 1415 1860 1446 ια.

137 1476 171 1539 είς
192 1473 344 1536 eduum.
368 1478 441 1556 Πρὸς
461 1469 558 1538 ἐκεῖνον
573 1468 646 1551 elate,
670 1477 716 1536 καὶ
733 1475 835 1542 τούτοις
848 1470 915 1556 ἐριί·
970 1478 1153 1533 tecumsitin
1168 1476 1370 1554 perditionem.
1385 1475 1443 1533 Hoc
1458 1475 1500 1533 illi
1514 1473 1601 1553 dixit3
1618 1474 1713 1554 hisque

137 1567 265 1640 ἡαπωδὴ
283 1571 364 1646 θμῶν
386 1574 444 1646 μεθ’
468 1575 542 1649 opor
563 1571 632 1631 ἔστω
655 1571 692 1638 ιίς
711 1569 857 1643 ἀπώλειαν,
875 1567 916 1627 ὅτι
932 1575 951 1623 G
968 1563 1058 1624 dicet:
1070 1565 1191 1624 Ambitio
1207 1580 1295 1627 vestra
1313 1565 1456 1625 vobiscum
1478 1566 1514 1624 sit
1535 1565 1562 1623 in
1584 1566 1713 1646 perditio-

135 1660 437 1743 ίνιμίαατσιτιριδρυμῇ
448 1661 599 1744 ἀνθρωπίνῃ
610 1662 658 1736 τὴν
672 1662 772 1743 θωρεάν
786 1669 832 1723 τοῦ
846 1662 916 1721 Θεοῦ
968 1677 1041 1735 nem,
1051 1657 1116 1737 quia
1124 1657 1239 1739 putastis
1253 1680 1301 1719 vos
1314 1658 1433 1717 humana
1444 1658 1601 1718 circuitione
1610 1658 1713 1717 donum

136 1759 256 1813 κτᾶσθαι.
273 1756 351 1814 Ἀλλ’
375 1754 460 1822 οὐθείς
481 1759 539 1815 ἐστι
558 1762 687 1827 τοιούτυςς
708 1753 785 1828 tinet
806 1753 915 1832 γένοιτο.
968 1748 1017 1807 Dei
1030 1770 1195 1830 possessuros
1209 1771 1276 1810 esse.
1296 1753 1332 1810 At
1347 1749 1438 1809 nullus
1451 1750 1513 1810 talis
1526 1750 1588 1809 est?
1603 1751 1715 1810 Utinam

136 1846 202 1908 utet
214 1846 270 1927 γάρ
287 1846 421 1927 βουλιμαι
434 1847 508 1908 οὐδὲν
526 1848 591 1930 πρὸς
607 1853 677 1929 ὑμᾶς
690 1839 758 1907 εἶναι
773 1852 826 1907 τῶν
841 1850 916 1926 λιγο-
969 1841 1078 1901 nonsit.
1091 1841 1222 1923 Cuperem
1237 1864 1300 1902 sane
1315 1842 1415 1900 hortum
1434 1842 1505 1902 nihil
1518 1841 1553 1901 ad
1566 1863 1616 1902 vos
1633 1842 1716 1923 perti-

135 1937 231 2015 pbm·
245 1937 307 1998 νινὶ
320 1937 350 1998 δὲ
364 1941 396 1997 ἐκ
412 1944 459 2012 τῆς
478 1940 631 2007 ἀκολουθίας
645 1942 681 2006 είς
700 1939 808 2005 τούτους
825 1937 917 1999 ἐνεπέ-
970 1952 1033 1992 nere
1045 1957 1052 1990 ι
1068 1954 1140 1992 nnnc
1149 1948 1238 1994 autem
1251 1954 1287 1994 ex
1301 1935 1447 1995 verborum
1461 1935 1529 1994 serie
1539 1933 1568 1993 in
1583 1933 1633 1993 bos
1647 1934 1714 1996 inci-

135 2053 211 2108 ταμεν
225 2029 300 2097 τὼς·
311 2030 416 2111 λόγως.
434 2030 506 2091 Οὐδὲ
527 2031 578 2111 γὰρ
595 2031 659 2092 όταν
675 2031 744 2091 κατά
768 2029 918 2100 πλεονεξίας
968 2023 1061 2083 dimus
1078 2046 1221 2086 sermones.
1234 2028 1327 2105 Neque
1346 2026 1430 2105 enim,
1442 2026 1550 2106 quando
1571 2028 1714 2089 avaritiam

134 2122 262 2199 λέγοιμεν,
274 2123 345 2204 πρὸς
360 2127 430 2201 ὑμᾶς
441 2121 565 2201 λέγομεν,
578 2125 636 2183 ἀλλ’
652 2122 712 2184 nont
722 2124 787 2204 πρὸς
799 2123 857 2182 ἵνα.
870 2121 919 2182 st·
969 2117 1143 2198 insectemur,
1156 2134 1250 2179 contra
1264 2140 1313 2181 vos
1325 2120 1474 2199 loquimur,
1488 2119 1534 2180 sed
1548 2143 1633 2200 neque
1650 2143 1715 2182 con·

134 2236 200 2273 νιιτο
215 2216 279 2294 εἰκῇ
293 2214 331 2274 τά
342 2214 475 2296 ράρμακα
491 2214 558 2295 παρ’
566 2220 648 2294 ,ἡμῶν
668 2214 918 2284 κατασκευάζεσθαι.
970 2224 1012 2270 tra
1030 2218 1114 2270 unum
1129 2211 1250 2290 quidem.
1265 2212 1379 2272 Utinam
1390 2234 1456 2274 vero
1470 2213 1528 2272 bac
1546 2213 1719 2294 pharmacaa

136 2309 167 2365 ll
185 2308 241 2365 τῖιν
268 2309 374 2386 ἰατρῶν
390 2307 468 2388 εὐχαί
488 2307 608 2366 τοιαῦταί
621 2311 696 2379 εἰσιν,
719 2310 767 2367 οὐκ
790 2308 859 2367 ἀλλα
879 2309 919 2365 αὐ·
971 2302 1049 2363 nobis
1063 2304 1163 2363 frustra
1183 2304 1400 2386 parentur:baec
1410 2320 1473 2365 sunt
1485 2306 1653 2365 medicorum
1667 2326 1716 2367 vo·

136 2397 274 2472 anicani
293 2397 370 2458 oen
391 2399 460 2477 μετὰ
481 2398 527 2458 τὸν
541 2397 622 2458 πολύν
637 2399 715 2459 πόνον
734 2400 826 2466 ἁπλῶς
843 2402 920 2480 ῥιρῆ-
971 2409 1010 2472 ta,
1024 2395 1094 2454 nihil
1115 2396 1192 2455 alind
1208 2396 1418 2478 postulantium,
1435 2419 1518 2476 qnam
1533 2412 1563 2457 ut
1576 2397 1719 2480 postmul-

137 2490 222 2549 ναιτά
238 2488 388 2570 φάρμακα.
403 2494 499 2551 Ταῦτα
516 2491 562 2552 καὶ
576 2497 654 2570 ἡμεῖς
667 2490 817 2571 εὐχόμεθα,
830 2491 921 2557 ἁπλῶς
972 2500 1031 2546 tum
1043 2487 1163 2547 laborem
1178 2486 1296 2548 remedia
1309 2489 1409 2548 frustra
1423 2503 1517 2570 parata
1532 2489 1718 2570 projiciantur.

136 2586 172 2650 εἷς
193 2583 262 2662 ἀέρα
292 2583 424 2661 λέγεσθαι
447 2584 482 2644 τά
504 2583 612 2664 ῥήματα
626 2582 661 2643 et
683 2583 824 2662 ἡμέτερα,
852 2582 921 2642 όιστε
971 2580 1036 2640 llaec
1048 2594 1074 2640 et
1085 2602 1132 2639 nos
1145 2595 1280 2662 optamus,
1296 2595 1326 2640 ut
1335 2583 1417 2641 verba
1433 2596 1522 2641 nostra
1536 2583 1638 2642 frustra
1651 2596 1678 2641 ct
1692 2582 1720 2640 in

139 2670 244 2756 ρέματα
265 2675 352 2754 μόνον
371 2666 447 2735 εἶναι.
468 2676 564 2736 Πάντα
577 2681 723 2749 ὑποστῆναι
736 2676 840 2755 ἕτοιμος
854 2676 920 2755 ἐγὼ,
939 2688 957 2734 n
972 2694 1060 2732 aerem
1074 2673 1186 2749 abeant,
1197 2687 1224 2731 et
1235 2673 1316 2733 verba
1328 2686 1434 2731 tantum
1448 2674 1511 2732 sint.
1525 2673 1659 2751 Equidem
1671 2695 1718 2754 pa·

139 2768 204 2827 ὐστε
217 2767 259 2846 μὴ
285 2769 327 2834 είς
351 2767 447 2847 χρείαν
466 2774 631 2842 καταστῆναι
656 2775 702 2830 πού
722 2775 806 2828 ταῦτα
823 2767 920 2849 λέγειν.
972 2779 1047 2824 ratus
1064 2786 1125 2823 snm
1139 2765 1175 2824 ad
1191 2764 1281 2824 omnia
1305 2765 1470 2839 sustinenda,
1485 2779 1516 2822 nt
1530 2785 1584 2824 non
1598 2765 1633 2824 sit
1652 2786 1720 2846 opus

140 2861 171 2920 l]
190 2860 219 2920 ἀί
240 2859 402 2940 βαόλεσθε,
421 2860 468 2919 καί
484 2862 740 2942 σιγήσομενμόνον
758 2861 827 2922 ἔστω
844 2861 923 2920 ἀκίν-
973 2859 1030 2916 haec
1043 2857 1139 2917 dicere.
1159 2857 1232 2930 Quin
1250 2857 1274 2917 si
1292 2858 1393 2928 vultis,
1414 2857 1581 2933 tacebimus,
1597 2857 1664 2917 dum
1680 2859 1718 2917 si·

140 2954 209 3021 θυνος
238 2957 258 3025 ἡ
287 2952 368 3033 σιγή.
392 2955 434 3012 Οὐ
452 2953 506 3035 γάρ
528 2944 604 3033 οἶμαι
629 2954 735 3028 cottia,
759 2955 809 3014 κάν
822 2953 924 3035 σρόθρα
973 2949 1087 3009 lentium
1098 2949 1133 3008 sit
1144 2949 1201 3011 sine
1213 2949 1344 3031 periculo.
1356 2951 1448 3029 Neque
1461 2950 1534 3009 enim
1545 2963 1612 3031 puto
1627 2971 1722 3029 quem-

141 3043 271 3112 ιενόδσξος
285 3035 321 3124 ᾖ,
343 3044 383 3124 μὴ
405 3045 537 3118 καλούσης
549 3044 640 3126 χρείας
654 3049 764 3118 θελῆσαι
778 3046 810 3104 ἂν
833 3048 924 3113 ἁπλῶς
974 3042 1049 3123 piam
1061 3043 1235 3121 quantumvis
1253 3063 1329 3104 vanae
1342 3042 1435 3122 gloriae
1448 3043 1593 3125 cupidum,
1609 3044 1662 3107 nisi
1673 3065 1721 3106 vo·

142 3135 352 3196 ίπιδείιινοαθαι.
394 3137 633 3218 Παραχωρήσσμιν
670 3142 719 3210 τῆς
754 3138 924 3207 διδασκαλίας
975 3150 1016 3195 cet
1030 3136 1181 3214 necessitas,
1198 3136 1268 3196 velle
1282 3137 1381 3195 frustra
1397 3158 1454 3196 sese
1469 3138 1573 3197 efferre.
1590 3137 1722 3198 Concede·

142 3231 211 3305 ὐμὶν·
236 3227 310 3300 αὐτη
336 3227 392 3308 γάρ
416 3228 542 3306 μείζωνή
558 3229 716 3289 διδασκαλία
729 3234 766 3302 ’ἡ
787 3228 831 3289 διά
850 3254 924 3313 πρα-
977 3229 1122 3289 musvobis
1131 3228 1284 3289 doctrinam
1298 3253 1305 3286 ι
1317 3229 1375 3288 baec
1384 3229 1485 3311 quippe
1494 3231 1580 3310 major
1588 3229 1722 3308 doctrina,

144 3320 263 3399 ῃιάτων·
278 3319 343 3380 ἐπεὶ
367 3321 414 3379 καί
427 3325 486 3385 τῶν
495 3324 591 3403 ἰατρῶν
607 3326 631 3382 οἱ
646 3320 766 3404 ἀριστοι,
785 3322 872 3382 καίτοι
895 3347 926 3404 γε
978 3346 1039 3404 quae
1049 3324 1125 3384 lactis
1137 3322 1223 3384 docet.
1234 3322 1459 3401 Quandoquidem
1470 3336 1496 3382 et
1505 3324 1601 3405 optimi
1610 3324 1722 3404 medici,

144 3413 276 3483 ιῆςνόσου
303 3415 362 3473 τῶν
380 3414 534 3492 καμνόντων
551 3413 678 3533 ρερυίσης
696 3417 784 3483 αὐτοῖς
804 3415 926 3493 μισθοὺς,
977 3417 1083 3476 etiamsi
1099 3437 1232 3496 aegrorum
1253 3415 1341 3475 morbi
1360 3416 1511 3476 mercedem
1523 3416 1591 3497 ipsis
1604 3418 1721 3497 pariant,

146 3507 277 3584 βαθαιντσ
293 3507 326 3565 ἀν
340 3507 468 3586 ὑγιαίνειν
485 3507 546 3575 τούς
570 3511 655 3568 αὐτῶν
667 3507 765 3590 φίλους.
780 3507 834 3568 Καὶ
849 3513 926 3587 ἡμεῖς
978 3510 1073 3569 malint
1087 3523 1174 3568 tamen
1185 3508 1285 3567 amicos
1295 3529 1358 3567 suos
1372 3509 1439 3567 bene
1451 3508 1550 3568 valere.
1563 3508 1599 3567 Et
1613 3530 1662 3568 nos
1675 3530 1722 3568 cn-

145 3601 293 3678 βαιιομιθα
304 3601 430 3666 ἅπαντας
441 3599 574 3680 ὐγιαινειν
586 3600 692 3683 Οὐγθιρ
707 3600 751 3660 ίνα
764 3603 868 3681 ίμεις
854 3601 926 3662 οοκι
978 3624 1070 3684 prmus
1082 3623 1175 3663 omncs
1189 3602 1257 3660 bene
1272 3601 1370 3661 ualere.
1384 3604 1444 3660 Non
1454 3623 1527 3660 emm
1537 3621 1663 3682 cupimus
1675 3623 1723 3661 nos

146 3682 275 3770 μσιόιμεν
292 3691 492 3773 βοιιλόμιθα,“
481 3701 556 3770 υμεῖς
570 3692 598 3752 δὲ
612 3693 735 3773 ἀδόκιμοι
753 3685 811 3766 ἥτε.
829 3693 960 3755 ’Esou-E
979 3697 1104 3778 probatos
1117 3716 1184 3772 esse,
1197 3709 1343 3755 vosautem
1354 3692 1489 3775 reprobos
1501 3695 1617 3774 Vellem,
1629 3717 1651 3754 ιι
1645 3696 1722 3754 fieri

144 3783 227 3863 λθιην
242 3775 497 3864 εἰοῖόντιύθιι’
468 3808 534 3864 αὐτη
517 3783 724 3866 ”τὴνάγιίπην,
736 3785 769 3858 ἣν
783 3787 844 3866 περί
857 3791 926 3864 θμας
979 3802 1085 3870 posset,
1102 3809 1189 3847 meam
1202 3809 1264 3867 erga
1282 3808 1330 3846 tos
1348 3787 1485 3847 caritatem
1499 3787 1565 3868 ipsis
1578 3787 1664 3846 oeulis
1677 3809 1723 3852 ex-

145 3876 212 3956 ίχιι,
227 3875 433 3947 ἀπιδιίξαοθαι·
451 3875 535 3945 οὐδεὶς
562 3876 614 3959 γάρ
637 3901 683 3957 μοι
701 3877 851 3938 λοιπθνθ
806 3903 834 3938 ου
837 3879 879 3938 δέν
894 3879 925 3938 ἀν
979 3883 1103 3940 hibere:
1098 3880 1217 3940 ·nullns
1248 3881 1320 3939 enim
1349 3894 1440 3961 postca
1466 3902 1510 3940 me
1539 3880 1720 3960 redargueret,

146 3969 317 4043 ἐνεκάλεσεν,
331 3970 358 4028 εί
369 3967 416 4028 καί
429 3969 531 4051 σφόδρα
540 3962 681 4050 τραχθςῆν
693 3975 708 4030 θ
721 3971 806 4051 λόγος.
821 3972 865 4032 'ld
875 3971 927 4054 γὰρ
978 3975 1083 4035 etiamsi
1092 3996 1187 4055 aspero
1196 3995 1316 4035 somnne
1325 3976 1497 4033 uterer.Nnm
1506 3976 1722 4055 Fidedigniora
1732 3986 1862 4050 rrovayo

146 4061 216 4142 ταρά
229 4062 319 4144 φίλων
336 4059 484 4139 λιγιίμενα,
506 4060 646 4144 κάνθόρις
662 4054 693 4144 ᾖ,
712 4065 826 4144 ρορητά.
848 4064 927 4133 Ἀξιο-
980 4080 1049 4127 sunt
1063 4068 1190 4126 vulnera
1211 4070 1310 4137 antici,
1331 4088 1421 4146 queam
1440 4080 1603 4147 spontaneo
1621 4069 1722 4129 oscula

145 4154 290 4236 πιστότερα
303 4153 361 4234 γὰρ
371 4153 513 4235 τραύματα
527 4153 620 4236 pileo,
633 4154 650 4227 ἢ
663 4160 769 4216 ἑκούσια
790 4157 927 4239 φιλήματα
979 4164 1101 4218 inimici.
1117 4158 1194 4219 Nihil
1209 4156 1275 4217 mibi
1289 4159 1377 4218 carius
1387 4159 1478 4237 iobis,
1494 4170 1529 4219 nc'
1542 4160 1600 4240 ipsa
1612 4161 1723 4240 quidem

148 4250 248 4327 ἐχθροῦ.
266 4245 358 4307 Οὐδλν
372 4245 434 4323 ἐμοὶ
446 4246 625 4327 ποθεινότερον
637 4251 727 4326 ὑμῶν,
738 4249 795 4310 οὐδὲ
810 4255 887 4308 τοῦτο
898 4251 928 4310 τὸ
979 4253 1039 4311 lux.
1060 4251 1185 4333 Optarim
1205 4251 1277 4309 enim
1297 4249 1340 4312 vel
1362 4250 1460 4311 millies
1483 4253 1626 4330 excecari,
1642 4254 1665 4313 si
1684 4255 1723 4315 sic

148 4345 206 4418 pie.
217 4339 361 4421 Μυριόκις
373 4338 427 4418 γὰρ
442 4337 473 4398 ἀν
489 4339 616 4418 εὐξαίμην
630 4341 706 4408 αὐτὸς
718 4348 875 4424 πηρωθῆναι
882 4390 891 4419 ,
905 4344 929 4404 εί
979 4344 1082 4404 animas
1093 4358 1195 4403 uestras
1208 4357 1362 4403 convertere
1371 4365 1476 4424 possem
1489 4368 1495 4402 :
1510 4345 1550 4405 sic
1568 4346 1636 4405 mihi
1649 4347 1724 4411 satur

150 4457 176 4511 γι
193 4436 255 4505 ἐνῆν
275 4432 323 4492 ded
336 4429 433 4490 ταίτου
446 4430 494 4499 τάς
508 4431 636 4514 ὑμετέρας
654 4433 811 4515 ἐπιπρέψαι
826 4435 929 4516 ψυχάς·
981 4451 1069 4499 vestra
1083 4437 1141 4517 ipsa
1155 4437 1215 4496 lnce
1229 4435 1336 4496 dulcior
1356 4450 1405 4496 est.
1421 4436 1495 4509 Quid
1519 4438 1591 4497 enim
1610 4455 1724 4520 prosunt

151 4525 227 4592 ιθιινς
242 4529 328 4586 αὐτοῦ
354 4530 402 4584 τοῦ
424 4526 511 4606 ρωτθς
534 4526 649 4605 γλυκίων
670 4527 759 4606 {polit
776 4533 928 4612 σωτηρίαὴ
981 4528 1049 4590 mihi
1072 4531 1171 4589 solares
1194 4528 1274 4604 radii,
1293 4529 1316 4588 si
1337 4527 1416 4589 dolor
1436 4545 1546 4612 propter
1565 4554 1613 4594 vos
1629 4548 1723 4613 ortus,

151 4617 273 4725 ὑμετέρα
285 4615 326 4676 Τί
344 4615 398 4698 γάρ
423 4617 516 4699 ὄφελός
534 4642 579 4696 μοι
591 4622 644 4677 τῶν
661 4619 774 4679 ἀκτίνων
787 4625 839 4679 τῶν
854 4623 929 4692 ἡλια-
984 4623 1075 4684 oculos
1102 4622 1217 4681 tenebris
1245 4621 1387 4682 offundat?
1408 4624 1488 4683 Tunc
1507 4624 1558 4685 lux
1577 4626 1649 4685 bona
1668 4642 1722 4702 est,

153 4712 217 4784 ιεἰν,
230 4710 297 4770 ὅταν
317 4716 337 4783 ό
352 4709 389 4769 δι
399 4713 469 4788 ὑμᾶς
482 4709 582 4787 ἀθυμία
595 4714 662 4771 πολὺ
681 4713 910 4793 κατασκεδοίζῃ
874 4738 927 4774 των
943 4762 968 4802 ⁸,
983 4714 1091 4794 quando
1102 4736 1163 4773 cum
1177 4715 1269 4774 laetitia
1291 4715 1401 4796 prodit:
1414 4716 1536 4776 moerenti
1556 4718 1657 4799 quippe
1668 4719 1725 4777 ani-

154 4756 332 4883 θρθαλμῶν
304 4829 338 4864 το
354 4804 471 4879 ακότσςς
466 4805 521 4864 Ὶθ
543 4805 648 4887 γὰρ
611 4829 664 4886 ρως
685 4806 745 4868 τότε
758 4807 849 4883 καλὸν,
864 4807 928 4869 ὅταν
946 4821 966 4864 Λ
983 4828 1034 4868 mae
1049 4807 1160 4867 molesta
1173 4820 1222 4868 est.
1236 4806 1317 4879 Quod
1336 4829 1400 4869 vero
1414 4829 1467 4867 nnn
1479 4809 1604 4886 mentiar,
1622 4812 1726 4872 utinam

156 4897 179 4953 ἐν
192 4897 338 4980 εὐρρσσόνη
353 4897 495 4980 μαίνηται
512 4898 614 4980 ἐπείτη
627 4900 780 4981 λυπουμένῃ
797 4906 869 4983 ψυχῇ
883 4904 929 4963 καί
982 4922 1132 5005 numquam
1151 4899 1288 4981 contingat
1308 4900 1491 5005 experimento
1510 4899 1620 4962 discere.
1640 4903 1726 4965 Caete·
1836 4888 1863 4957 τι·

157 4990 351 5067 ταμναχλεὶν
335 4996 417 5047 nont
431 4986 505 5047 Οτι
523 4985 550 5044 δὲ
572 4989 810 5070 ιθψιθδσμαιμλ
773 5017 792 5070 μ
830 4992 930 5072 γένοιτο
984 5015 1046 5054 rum
1063 4992 1206 5072 siquando
1221 5006 1361 5072 contugerit
1373 5013 1526 5074 quempiam
1537 5009 1655 5056 vestrum
1666 5018 1729 5078 pcc

189 5197 198 5220 ·
215 5180 250 5233 ll.
264 5193 277 5244 η
291 5193 305 5245 ἡ
316 5190 354 5239 διὰ
365 5192 531 5256 πραγμάτων.

331 5303 407 5341 ΤΟΠ.
438 5301 485 5338 lx.
