3728 5978
105 449 175 546 572
454 471 483 518 S.
512 471 652 521 sortutttls
678 471 860 519 cnutsosr.
889 469 1046 519 tuctttssu.
1074 470 1343 520 consummor.

104 600 191 674 sistit;
202 610 233 657 ut
247 617 308 657 cum
319 595 369 656 tibi
383 594 484 656 dixerit
494 595 616 671 sudeus,
631 594 775 671 Quomodo
794 614 848 654 uno
901 595 1012 677 δυνηθῇς
1030 597 1103 678 αὐτῷ
1116 596 1202 678 λίγιιν
1215 641 1223 670 ,
1236 599 1311 669 πῶς,
1329 594 1385 663 lube
1397 591 1623 674 παρακούσαντας
1633 595 1675 652 τοῦ

105 690 215 752 Christo
230 701 301 749 recte
309 702 445 769 operante,
460 687 534 748 orbis
544 689 659 748 salutem
668 686 848 768 estadeptus?
900 686 1002 766 Ἀδὰμ,
1023 693 1041 760 ἡ
1064 688 1204 767 οἰκουμένη
1227 686 1389 769 κατικρίθη;
1409 684 1547 764 καίτοιγε
1561 687 1610 744 οῦκ
1624 683 1676 744 ίσον

105 783 192 866 possis
215 781 268 863 ipsi
292 781 382 842 dicere
402 806 409 840 ι
432 781 576 854 Quomodo
598 802 653 842 uno
677 781 849 841 inobediente
900 777 1020 858 ἁμαρτία
1032 779 1079 839 καί
1091 778 1190 861 χιίρις,
1211 776 1326 839 οδκίσον
1346 775 1457 844 θιίνατος
1474 773 1523 834 καὶ
1538 773 1613 847 ζωὴ,
1633 776 1677 832 σῦκ

104 874 230 953 Adamo,
246 873 321 934 orbis
336 871 528 933 condemnatus
543 873 605 932 est?
616 893 778 952 quumquam
793 893 848 932 non
900 868 957 929 ίσον
968 868 1088 939 διοίόολος
1100 871 1145 930 καί
1155 870 1239 945 Geir,
1251 867 1312 930 ἀλλ’
1322 868 1431 950 dissipor
1441 867 1476 927 τὸ
1488 866 1583 945 μέσον.
1592 862 1676 925 Ὅταν

105 988 157 1048 por
173 966 209 1026 sit
225 978 365 1047 peecatum
380 965 483 1046 gratia,
497 985 546 1024 nee
562 985 614 1046 par
632 965 667 1024 sit
684 985 757 1024 mors
770 964 849 1042 vitae,
900 952 945 1021 οῦν
956 961 1002 1022 καί
1015 962 1069 1022 ἀπὸ
1080 967 1128 1036 τῆς
1140 970 1187 1024 τοῦ
1197 962 1353 1044 πράγματος
1365 961 1489 1042 φύσεως,
1503 957 1553 1019 καί
1566 957 1621 1018 ἀπὸ
1632 959 1676 1027 τῆς

106 1080 155 1119 nen
168 1057 293 1118 diabulus
311 1060 379 1136 Boo,
394 1057 441 1116 sed
459 1057 622 1117 immensum
640 1057 676 1117 sit
689 1057 848 1118 discrimen.
900 1054 1122 1134 τοῦμιτιλθόντος
1133 1056 1279 1134 δυνάμεως,
1293 1053 1398 1115 καίάπ’
1410 1048 1674 1132 αδτοῦτοῦπρίπαν

107 1152 178 1213 Cum
190 1151 275 1231 igitur
287 1164 313 1210 et
326 1171 362 1210 ex
372 1163 471 1209 natura
481 1149 566 1225 rei,et
581 1170 665 1210 arem
678 1149 850 1231 suscipientis
900 1169 944 1214 τοι
953 1146 1031 1222 (πολὺ
1039 1147 1091 1228 γδρ
1100 1150 1208 1228 operti
1214 1151 1293 1207 τοῦτο
1300 1141 1677 1226 πριπωδίατερον,τδσοἰζιιν,

106 1256 246 1325 potestate,
257 1256 283 1302 et
293 1241 397 1323 abipso
407 1240 505 1302 decoro
517 1245 585 1318 (Deo
595 1242 697 1324 quippe
705 1243 792 1302 multo
801 1241 850 1302 de·
901 1233 1676 1318 ἢτδκολσίζειν),ἐνταῦθαηθπιροχὴκαίτδναητόρικτίνα

106 1335 212 1401 centius
232 1348 272 1394 ost
289 1354 405 1409 servare,
417 1355 501 1413 quam
513 1334 622 1415 punire)
637 1357 648 1394 ι
662 1354 725 1393 oum
742 1355 777 1393 ex
795 1333 849 1410 bis,
857 1376 892 1416 η,
903 1329 1009 1412 δνίγοις
1015 1332 1092 1412 λόγον
1101 1335 1137 1399 τίς
1146 1331 1282 1406 ἀπιστίαν,
1289 1331 1348 1392 ιίπί
1356 1329 1490 1408 μοιςὍτι
1498 1327 1549 1409 μίν
1555 1318 1603 1389 adu
1611 1327 1677 1387 κατθ

107 1426 234 1506 inquam,
256 1425 412 1507 praestantia
432 1438 458 1485 et
478 1425 590 1486 victoria
608 1424 740 1506 pariatur,
753 1446 850 1504 quam,
867 1433 887 1478 Α
902 1422 979 1502 λόγον
990 1423 1021 1483 sb
1030 1421 1214 1504 γεγενημένον,
1229 1420 1326 1492 ἔδειξεν
1337 1421 1435 1482 εἶπόν·
1448 1420 1523 1482 Ἀλλ’
1533 1424 1587 1501 οὐχ
1598 1424 1635 1487 ὣς
1648 1422 1677 1480 τὸ

106 1538 210 1597 queso,
221 1515 420 1577 incredulitatis
429 1516 561 1576 rationem
573 1515 693 1579 babeas?
704 1515 787 1588 Quod
796 1517 850 1598 igi-
902 1516 1093 1596 παράπτωμα,
1107 1513 1176 1575 οῦτω
1187 1514 1244 1576 ικαί
1265 1515 1297 1574 rb
1311 1514 1445 1596 χάρισμα.
1470 1516 1505 1574 El
1516 1513 1573 1592 γὰρ
1585 1516 1625 1593 τῷ
1634 1517 1678 1571 ταῦ

106 1623 152 1670 tur
164 1608 193 1669 id
210 1607 286 1688 quod
302 1608 403 1668 factum
417 1621 457 1668 est
477 1607 582 1668 ratione
600 1607 712 1685 uitauit,
734 1608 852 1669 ostendit
902 1606 958 1675 ἑνδς
970 1606 1172 1690 παραπτώματι
1182 1611 1206 1668 ot
1216 1607 1310 1669 πολλοὶ
1320 1606 1461 1677 ἀπίθανον,
1471 1608 1568 1686 πολλῷ
1579 1606 1677 1684 μᾶλλον

106 1701 217 1762 dicens:
232 1703 280 1762 15.
294 1701 352 1762 Sed
364 1720 425 1759 non
437 1704 513 1760 siout
527 1700 678 1778 delictum,
694 1704 739 1760 ita
756 1714 785 1760 et
799 1703 850 1760 do-
902 1706 920 1774 η
940 1699 1019 1781 χόρις
1038 1704 1084 1759 τοῦ
1099 1701 1170 1760 Θεοῦ
1184 1700 1231 1760 καί
1247 1699 1362 1781 ἡδωριδ
1374 1702 1401 1759 o
1414 1698 1509 1779 χάριτι
1519 1701 1557 1778 τῇ
1567 1703 1615 1757 τοῦ
1625 1695 1677 1762 nte

108 1794 325 1859 παιδίσκαι
337 1796 424 1853 unius
435 1792 543 1851 delicto
552 1792 639 1851 multi
651 1797 760 1852 mortui
766 1807 849 1869 sunt,
904 1791 1042 1874 ἀνθρώπου
1056 1791 1145 1866 Ἰησοῦ
1165 1793 1298 1873 Χριστοῦ,
1310 1794 1346 1858 είς
1360 1790 1420 1859 τοῦς
1438 1789 1559 1859 πολλὼς
1572 1791 1677 1871 trepto-

106 1887 310 1966 multomagis
330 1888 431 1967 gratia
449 1886 507 1944 Dei
526 1896 554 1944 et
576 1886 687 1944 donum
707 1889 851 1967 ingratia
903 1909 1004 1946 σευσεν.
1030 1884 1068 1946 Ὃ
1089 1885 1141 1967 γὰρ
1151 1883 1236 1965 λέγει,
1250 1883 1365 1944 τοιοῦτόν
1379 1887 1468 1944 ἔστιν·
1491 1882 1678 1962 είηᾰμαρσίσ

107 1981 193 2039 unius
207 1979 336 2038 bominis
348 1979 422 2038 lesu
438 1977 591 2037 christiin
602 1978 702 2057 plures
718 1981 851 2038 abunda-
902 1981 1025 2038 τοιοῦτον
1035 1975 1130 2058 ίαχιισε
1141 2021 1150 2052 ,
1161 1976 1207 2036 καί
1221 1973 1360 2054 ἀνθρώπου
1372 1973 1492 2056 ἁμαρτία
1503 1975 1577 2042 ίνός·
1591 1975 1677 2056 χάρις,

107 2074 158 2131 vit.
167 2071 202 2131 ld
213 2069 293 2146 πηοί
302 2082 444 2151 peccatum
456 2082 561 2128 tantum
571 2068 669 2144 valuit,
681 2083 761 2149 atquo
770 2071 851 2131 unius
903 2068 948 2128 καί
957 2072 1027 2130 Θιοῦ
1039 2067 1188 2151 χείρωκαὶ
1199 2070 1229 2129 οῦ
1242 2066 1349 2149 Πατρδς
1360 2064 1450 2144 μόνου,
1462 2065 1536 2127 ἀλλὰ
1546 2067 1595 2126 καί
1606 2067 1678 2137 Υίοῦ,

103 2161 223 2223 bominis
243 2174 400 2243 peceatum5
424 2160 520 2241 gratia,
540 2160 595 2220 imo
613 2161 664 2222 Dei
684 2163 781 2241 gratia,
801 2183 852 2223 neo
902 2165 960 2230 πῶς
978 2163 1008 2222 od
1021 2161 1160 2244 περιέσται
1175 2159 1318 2239 μειζόνως,
1338 2159 1432 2239 πολλῷ
1446 2158 1499 2239 γὰρ
1513 2165 1595 2220 τοῦτο
1608 2160 1677 2219 ιῦλο

104 2252 186 2315 nodo
215 2253 320 2329 Patris,
349 2251 397 2313 sed
422 2252 504 2312 etiam
533 2252 614 2331 Filii,
636 2253 776 2332 quomodo
796 2275 850 2314 non
902 2255 1029 2338 γιίιτερον.
1051 2255 1093 2315 Tb
1115 2252 1162 2332 μὶν
1183 2251 1236 2334 γὰρ
1255 2251 1343 2333 ἕτερον
1359 2252 1393 2310 δι’
1405 2252 1493 2331 ἕτερον
1509 2252 1676 2322 κολάζεσθαι,

103 2348 187 2429 longe
206 2344 363 2429 superabit?
379 2345 431 2406 boc
445 2345 518 2405 enim
537 2346 729 2426 multomagis
750 2347 850 2408 rationi
902 2351 932 2409 οὐ
944 2345 1045 2428 σφόδρα
1066 2348 1137 2406 δοκεῖ
1156 2343 1234 2424 λόγον
1253 2343 1339 2424 ἔχειν·
1356 2343 1388 2403 τδ
1399 2342 1426 2402 δὲ
1438 2342 1529 2424 ἕτερον
1546 2345 1581 2402 δι’
1592 2344 1676 2424 ἕτερον

102 2461 261 2502 consonum.
275 2439 400 2500 Alterum
417 2438 490 2498 enim
501 2459 551 2519 pro
561 2439 646 2498 altero
661 2460 754 2520 poeuas
766 2439 848 2519 dare,
902 2440 1050 2514 σώζεσθαι,
1062 2438 1109 2500 καί
1117 2437 1334 2520 πρεπωδέστερον
1352 2440 1452 2516 μᾶλλον
1467 2437 1515 2496 καί
1528 2436 1675 2516 ιθλογιίπ-

103 2554 155 2594 uou
169 2552 278 2612 equum
294 2530 405 2592 videtur
411 2553 423 2609 ς
440 2529 556 2590 alterum
576 2550 642 2590 vesu
660 2545 770 2613 propter
782 2533 849 2594 alte·
864 2547 884 2594 B
903 2557 955 2616 ρον.
978 2535 1013 2595 Et
1025 2530 1111 2592 τοίνυν
1123 2533 1207 2591 ίκεῑνο
1219 2528 1327 2607 γίγονε,
1340 2531 1432 2611 πολλῷ
1445 2531 1550 2607 μᾶλλον
1561 2536 1646 2590 τοῦτο.

102 2648 165 2687 rum
182 2624 296 2702 servari,
313 2622 342 2684 id
358 2637 428 2684 certe
441 2619 528 2704 magis
546 2621 675 2684 demtum
688 2638 715 2684 et
732 2645 846 2687 oousen·

102 2733 220 2781 haeum
248 2716 278 2780 si
311 2737 375 2799 ergo
398 2714 488 2794 illud,
513 2714 600 2774 multo
624 2715 711 2797 magis
732 2717 785 2778 boo
805 2719 848 2779 tn-
897 2768 902 2774 .
972 2752 981 2768 ·

100 2828 234 2892 etumost
1195 2895 1197 2898 Α

69 2896 72 2903 ’
140 2913 171 2970 2.
187 2906 270 2984 Quod
282 2927 347 2989 ergo
360 2905 390 2967 id
400 2906 561 2967 deoommet
575 2908 790 2987 congruebaut,
803 2907 847 2969 bis
938 2911 1005 2973 'Otr
1021 2912 1069 2991 μίν
1083 2904 1127 2974 οῦν
1149 2911 1218 2982 etat<
1231 2913 1278 2972 καί
1289 2911 1412 2994 εὔλογον,
1423 2913 1455 2972 ίιι
1465 2912 1569 2973 τούτων
1582 2911 1673 2981 ἔδειξα·

100 3001 148 3063 ille
160 3000 311 3084 probavit:
334 3000 383 3061 illo
397 3000 470 3060 enim
481 3013 699 3076 commonstrato,
707 3001 760 3063 boc
772 3017 846 3083 post·
899 3002 966 3063 ικαί
986 3002 1038 3085 γὰρ
1063 3003 1163 3065 ἐκείνου
1183 3003 1455 3078 κατασκευασθίντος,
1479 3005 1673 3088 τόπαρόδικτυν

100 3117 132 3156 ea
144 3092 224 3154 facile
244 3091 437 3153 admittebatur
453 3091 544 3173 :quod
557 3112 623 3153 vero
635 3092 717 3153 etiam
726 3115 846 3156 necessa-
898 3103 976 3159 τοῦτο
989 3096 1081 3158 λοιπδν
1092 3096 1202 3176 ίμιλλεν
1216 3087 1283 3156 εἶναι
1296 3119 1303 3134 ·
1318 3094 1399 3156 tunt
1415 3095 1462 3155 καί
1474 3099 1634 3176 ἀναγκαῖον,
1646 3098 1673 3156 ἐκ

100 3187 200 3264 mum,
227 3206 263 3245 ex
299 3182 475 3263 sequentibus
498 3182 607 3265 probat.
638 3183 783 3256 Quomodo
816 3187 846 3249 id
897 3192 951 3248 τῶν
964 3187 1023 3262 ἑξῆς
1034 3186 1233 3257 κατασκευάζει.
1246 3189 1309 3255 Πῶς
1320 3178 1363 3247 οῦν
1376 3192 1455 3247 τοῦτο
1465 3187 1674 3259 κατασκευάζει,

99 3278 221 3362 probat?
243 3279 291 3338 16.
317 3278 386 3337 Νοα
413 3280 490 3336 sicut
519 3297 573 3356 per
596 3298 687 3336 unum
716 3301 845 3358 peccan-
897 3281 1007 3360 Οῦχὼς
1021 3281 1056 3338 δι’
1071 3280 1125 3346 ἐνὸς
1139 3278 1381 3359 ἁμαρτήσαντοςτδ
1400 3278 1632 3359 διίρημσ,ρησί·
1646 3280 1675 3337 rb

100 3385 157 3431 tem
172 3418 181 3444 ,
198 3375 242 3430 ita
264 3383 292 3430 et
317 3371 426 3428 donum
434 3413 444 3441 ,
475 3368 583 3447 inquit:
605 3391 675 3428 nam
695 3373 844 3453 judicium
899 3370 946 3450 plu
957 3370 1009 3450 γὰρ
1023 3370 1108 3453 κρίμα
1122 3371 1148 3440 ἐξ
1162 3370 1218 3439 ίνδς
1229 3374 1265 3440 είς
1279 3369 1432 3452 κατάκριμα
1445 3393 1451 3408 ·
1462 3372 1494 3431 τδ
1504 3370 1533 3432 δὲ
1552 3372 1674 3454 χάρισμα

3 3496 5 3501 ·
99 3465 217 3545 quidem
242 3485 280 3521 ex
309 3481 367 3520 uno
396 3465 428 3519 in
453 3463 754 3538 condemnationem
776 3487 841 3546 gra·
898 3466 1042 3524 ἐκπολλνῒιν
1052 3463 1279 3545 παραπτωμάτων
1289 3467 1325 3531 είς
1339 3462 1484 3542 δικαίωμα.
1498 3464 1556 3523 Καὶ
1572 3464 1598 3524 τί
1610 3463 1674 3523 ποτέ

99 3559 143 3615 tia
164 3568 264 3614 autem
286 3575 322 3612 ex
340 3553 441 3611 multt‘s
466 3552 580 3611 delictis
602 3555 635 3610 ιἰι
650 3556 843 3636 justificatio·
897 3559 954 3616 ἐστι
967 3561 1045 3617 τοῦτο
1060 3557 1091 3616 τδ
1110 3557 1270 3637 λεγόμενον,
1287 3555 1354 3617 Ὀτι
1367 3555 1412 3615 τὸν
1431 3555 1480 3635 μὲν
1499 3555 1616 3616 θαίνατον
1631 3557 1675 3618 καί

100 3656 175 3708 nem.
195 3645 304 3725 Ecquid
327 3646 379 3705 boc
403 3644 455 3704 sibi
482 3645 569 3707 vult?
593 3645 677 3720 Quod
701 3662 842 3728 peccatum
896 3649 927 3708 τδ
943 3649 1097 3732 κατάκριμα
1109 3648 1215 3730 ίσγυσεν
1229 3648 1347 3730 ἁμαρτία
1362 3648 1412 3727 μία
1425 3651 1603 3726 εἰσενεγκεῖν·
1616 3650 1672 3723 ἠδὲ

98 3754 212 3802 mortem
224 3752 250 3799 et
263 3731 463 3799 damnationem
479 3735 614 3797 induoere-
626 3740 762 3819 potuerit3
781 3762 842 3822 gra·
895 3743 974 3825 χάρις
992 3743 1022 3802 οῦ
1043 3740 1092 3816 τὴν
1112 3742 1174 3820 μίαν
1193 3740 1296 3813 ἐκείνην
1318 3740 1452 3822 ἁμαρτίαν
1473 3744 1563 3803 ἀνεῖλε
1586 3743 1674 3822 μόνον,

96 3832 136 3893 tia
143 3853 207 3894 vero
220 3852 273 3892 nou
283 3828 352 3890 illud
364 3827 447 3889 modo
462 3841 601 3909 pennatum
617 3829 779 3909 abstulerit,
793 3832 842 3893 sed
859 3856 877 3906 α
897 3834 967 3896 ἀλλὰ
989 3833 1034 3894 καί
1054 3833 1102 3902 τδς
1123 3833 1184 3912 μετ’
1199 3833 1301 3906 ἐκείνην
1315 3833 1527 3902 ἐπεισιλθαίσας.
1540 3835 1605 3895 Ἵνα
1624 3835 1675 3918 γδρ

96 3926 150 3987 alia
164 3922 384 4005 quoqueomnia,
397 3934 530 4002 quaepost
545 3919 616 3981 illud
631 3921 749 3983 admissa
769 3939 841 3987 sunt.
897 3927 936 4001 ιδ,
949 3931 1001 4000 ὡς,
1015 3927 1062 3986 καί
1075 3928 1115 4003 τὸ,
1130 3925 1207 3999 οότω,
1221 3927 1366 4005 τιθέμενον,
1380 3925 1418 4005 μὴ
1430 3926 1485 3987 ἴσον
1506 3928 1605 4009 εἰσάγῃ
1624 3929 1673 4007 μί-

97 4021 140 4080 Ne
152 4018 225 4079 enim
233 4015 320 4095 illud,
335 4020 468 4087 sicut„et
478 4013 568 4093 illud,
582 4018 644 4087 ita,
659 4037 752 4096 parem
761 4017 842 4077 indu·
897 4045 957 4105 τρον
969 4023 1022 4081 τῶν
1036 4023 1142 4100 ἀγαθῶν
1152 4019 1218 4101 πρὸς
1230 4019 1264 4080 sd
1274 4019 1354 4089 κακὰ,
1370 4018 1437 4098 μηδδ
1446 4019 1560 4100 νομίσῃς
1571 4021 1674 4081 ἀκούων

97 4125 185 4172 terent
197 4110 331 4170 bonorum
342 4122 368 4169 et
380 4107 514 4167 malorum
527 4127 696 4183 mensuram
710 4129 778 4170 neve
790 4131 842 4192 pu·
897 4115 941 4175 τὸν
956 4112 1056 4194 Ἀδὰμ,
1077 4114 1178 4186 ἐκείνην
1192 4114 1339 4192 ἀνῃρῆσθαι
1363 4113 1445 4190 μόνην
1459 4112 1508 4185 flu
1523 4114 1674 4196 ἁμαρτίαν,

97 4220 178 4277 tam,
190 4203 285 4266 audita
299 4200 397 4261 Adurni
410 4222 486 4274 voce,
498 4199 583 4281 ipsius
594 4197 738 4260 dumtaxat
749 4223 842 4283 pecca·
897 4207 931 4281 ἣν
940 4211 1036 4274 ἐκεῖνος
1052 4205 1201 4286 εἰσήνεγκε,
1214 4204 1287 4285 λέγει
1304 4203 1346 4264 ότι
1359 4206 1465 4265 πολλῶν
1484 4207 1674 4289 παραπτωμά·

97 4310 156 4357 tum
162 4295 312 4355 abstersum
319 4314 388 4369 esse,
401 4291 468 4352 dicit
479 4291 525 4351 ille
535 4289 636 4351 delicta
649 4292 734 4352 multa
746 4284 841 4354 sublti·
897 4323 949 4358 των
965 4302 982 4370 ἡ
996 4297 1129 4378 ἀναίρεσις
1138 4295 1238 4376 γόγονι.
1253 4296 1339 4356 Πόθεν
1353 4298 1448 4371 δῆλονς
1460 4296 1528 4357 Ὅτι
1543 4299 1615 4376 μετὰ
1627 4298 1673 4366 τός

97 4386 226 4448 taluisse.
239 4384 383 4446 Undenam
397 4383 448 4443 boo
466 4382 578 4462 liquet?
596 4383 669 4454 Quia
688 4398 750 4465 post
761 4385 842 4446 iunu-
897 4389 1021 4471 ἀπείρους
1032 4389 1165 4470 ἁμαρτίας
1177 4388 1225 4456 τὰς
1239 4390 1296 4467 μετ’
1310 4388 1413 4462 ἐκείνην
1425 4387 1475 4462 τὴν
1488 4392 1517 4449 ἐν
1532 4395 1572 4472 τῷ
1585 4417 1673 4473 παρα-

97 4501 170 4540 mera
182 4478 229 4539 illa
243 4490 368 4560 peccata,
385 4497 445 4555 quae
459 4488 520 4556 post
535 4473 606 4534 illud
615 4475 643 4535 in
655 4475 783 4557 paradiso
793 4477 842 4538 od·
896 4481 975 4562 διίσῳ
992 4484 1030 4549 είς
1049 4480 1182 4558 δικαίωμα
1197 4481 1227 4540 rb
1248 4489 1361 4562 πρᾶγμα
1374 4479 1460 4553 ἐξίόη.
1475 4480 1566 4542 Ὅπου
1583 4482 1611 4544 δί
1632 4484 1671 4542 δι·

53 4640 60 4647 ,
96 4572 211 4633 missum
227 4583 340 4649 sequuta
355 4580 434 4642 sunt,
447 4566 475 4627 in
486 4565 708 4648 justificationem
731 4590 774 4629 rer
794 4569 842 4630 de·
895 4573 1039 4648 κσιοσόνη,
1056 4572 1083 4643 tt
1102 4573 1218 4653 ἀνάγκης
1236 4573 1283 4632 καί
1296 4571 1350 4645 ζωὴ
1367 4573 1474 4641 πόντως
1488 4572 1604 4647 ἕπεται,
1627 4576 1672 4634 καὶ

95 4665 179 4726 ducta
190 4676 240 4724 est.
251 4660 308 4722 Ubi
317 4672 408 4719 autem
425 4672 464 4718 est
478 4658 585 4740 justitia
597 4703 607 4737 ,
623 4659 662 4718 ibi
676 4659 732 4721 vita
742 4675 768 4721 et
779 4662 842 4722 infi-
894 4666 928 4726 τθ
944 4665 1027 4748 μυρία
1042 4664 1137 4744 όγαθδι,
1150 4663 1240 4743 ὥσπερ
1251 4655 1312 4739 odo,
1327 4664 1393 4724 ὅπου
1407 4665 1537 4746 ἁμαρτία,
1551 4667 1671 4733 θάνατος.

96 4760 152 4820 nita
172 4759 244 4820 bona
254 4753 403 4816 necessario
426 4753 719 4832 consequunttrr3sicut
737 4754 783 4814 ubi
803 4771 842 4816 est
895 4757 982 4819 Πλίσν
996 4757 1047 4839 γὰρ
1066 4762 1113 4830 τῆς
1132 4758 1201 4829 ζωῆς
1219 4762 1236 4828 ἡ
1251 4757 1419 4831 δικαιοσύνη,
1439 4759 1531 4832 ἐπειδὴ
1548 4760 1597 4819 καί
1613 4761 1669 4840 ῥίζα

0 4880 86 4923 mun.
96 4867 254 4935 peccatum,
269 4848 308 4908 ibi
320 4859 560 4926 morsquoquecst.
572 4846 682 4906 lustitia
696 4846 768 4909 enim
779 4848 841 4929 plus
858 4864 878 4910 Ι)
895 4852 951 4912 ἐστὶ
964 4854 1042 4923 ζωῆς.
1053 4850 1120 4910 Ὅτι
1135 4849 1182 4930 μὲν
1197 4841 1241 4909 σόν
1255 4850 1363 4910 πλείονα
1379 4853 1501 4923 εἰσῆκται
1514 4851 1549 4911 rb
1572 4853 1669 4932 ἀγαθὰ,

12 4942 83 4986 radix.
95 4959 133 5006 ως
157 4964 239 5024 quam
257 4941 330 5016 vita,
355 4936 573 5018 quandoquidem
600 4935 681 4998 radix
703 4938 767 4999 vitae
791 4955 839 5001 est.
895 4943 941 5002 καί
954 4945 1002 5004 οὐκ
1014 4942 1100 5015 ίκείνη
1116 4942 1246 5022 ἀνῄρηται
1262 4947 1279 5014 ἡ
1296 4942 1414 5022 ἁμαρτία
1427 4942 1522 5022 μόνον,
1539 4946 1669 5006 ἀλλὰκαὶ

126 5183 138 5205 ⁸·
154 5166 196 5218 sic
207 5161 286 5214 Savil.
300 5173 325 5210 ot
348 5160 405 5209 llas.
425 5169 500 5209 recte.
518 5154 604 5208 δίοιεΙ.
626 5173 758 5224 perperam
775 5163 799 5210 οὐ
811 5166 855 5225 γὰρ
904 5157 1022 5210 omuibus
1034 5155 1150 5213 babetur.
1164 5158 1208 5210 Sat
1216 5156 1241 5210 il.
1260 5155 1292 5208 nd
1309 5156 1446 5226 marginem
1461 5157 1560 5224 posuit,
1574 5155 1620 5209 sed
1634 5156 1666 5205 ad

93 5228 188 5300 ίαιίνοι.ι
197 5241 267 5294 lutra
278 5238 353 5302 illud,
367 5252 413 5299 πῶς
425 5242 462 5293 οὖν
478 5245 544 5291 τοῦτο
563 5246 742 5304 attentatum
754 5237 780 5289 iu
794 5236 853 5289 Mos.
904 5237 992 5288 seriem
1001 5239 1119 5304 pertiuet.
