3728 5978
601 463 644 510 DE
670 461 798 510 saturn
823 462 952 510 ANIMAE.

114 587 249 660 ίλλονται,
264 585 288 644 οἱ
311 583 556 664 καταφρονήσαντες
572 586 625 643 τῶν
639 585 763 665 ἐπιγείων

114 692 127 725 ν
142 667 175 726 eh
185 666 315 746 οὐράνια·
332 663 406 743 μόνοι
429 664 456 724 δὲ
480 669 557 741 ἡμεῖς
575 670 600 724 ol
622 665 708 724 ἀθλιοι
727 669 762 746 τῇ

115 746 193 813 ἀξίως
214 745 411 826 παρεδόθημεν·
425 743 471 802 καὶ
488 749 532 803 νῦν
557 743 696 823 κράζομεν,
716 746 762 806 καί

114 848 136 883 ιν
161 830 175 883 ό
198 829 294 883 ἐλεῶν·
316 823 484 901 στενάζομεν,
507 823 553 881 καί
580 827 628 882 οὐκ
653 825 723 883 ἔστιν
747 830 763 886 δ

114 903 166 962 'lna
175 896 218 963 σύν
232 906 269 980 μὴ
280 903 325 962 καί
339 909 416 981 ἡμεῖς
427 905 485 979 μετ’
495 902 601 961 ἐκείνων
610 907 663 962 τῶν
678 902 761 983 ἀφρό-

122 989 232 1043 τοιαῦτα
255 984 362 1062 ῥήματα
385 986 412 1041 ἐν
432 984 471 1061 τῷ
491 983 614 1059 μέλλοντι
629 986 705 1043 αἰῶνι
719 981 761 1041 εί·

118 1064 191 1123 δεῦτε
212 1062 405 1143 προφθάσωμεν
433 1061 478 1119 τὸν
498 1061 615 1131 κλέπτην
638 1065 690 1120 τῶν
713 1066 762 1142 θο-

113 1147 164 1201 ῶν·
182 1142 336 1221 δράμωμεν,
351 1139 400 1206 ἕως
422 1139 513 1221 καιρὸν
534 1140 646 1220 ίχομιν·
669 1141 761 1201 στενά-

113 1221 320 1296 εετανοὴσωμεν,
335 1218 530 1296 ἐξυπνισθῶμεν
539 1265 547 1293 ,
556 1221 718 1299 παρακαλῶ,
730 1223 761 1279 ἐκ

1485 443 1557 542 9ιό

817 605 887 659 mus,
911 603 960 643 nee
974 593 1015 643 est
1033 585 1080 664 qui
1104 583 1494 667 misercatur3ingemiscimus‚
1508 610 1559 650 nec

816 676 855 723 eet
863 663 911 801 φμί
923 684 972 722 nos
981 679 1077 723 servet.
1089 667 1128 724 Ut
1140 687 1175 726 ne
1188 666 1272 745 igitur
1285 688 1333 727 nos
1347 667 1473 728 cumillis
1484 668 1558 730 insa·

815 743 858 801 nis
893 742 1029 822 ujusmodi
1037 745 1118 803 rerba
1129 745 1156 803 in
1165 747 1257 806 futuro
1267 746 1366 806 saeculo
1377 748 1556 828 proferamus,

815 821 904 884 venite
916 823 1112 902 preveniamus
1124 824 1211 884 furem
1230 826 1383 885 animarum
1391 840 1554 910 nostrarum,

813 921 954 991 curramus
974 901 1041 961 dum
1062 916 1168 983 tempus
1182 904 1324 975 habemns,
1340 904 1557 984 ingemiscamus,

813 981 998 1060 penitentiam
1021 1002 1143 1060 agamus,
1158 983 1388 1063 expergiscamur,
1405 1006 1507 1062 queso,
1522 1007 1557 1046 ex

814 1080 907 1118 semim
925 1061 1094 1138 negligentiae
1108 1075 1216 1137 nostrae,
1240 1083 1276 1120 ex
1288 1083 1368 1122 onem
1384 1077 1556 1143 peccatorum

813 1151 839 1196 et
863 1139 986 1217 segnitiei
1002 1154 1117 1217 nostrae,
1142 1141 1319 1200 extendamus
1332 1162 1428 1201 manus
1450 1157 1557 1203 nostras

813 1216 849 1276 ad
860 1238 921 1277 eum
940 1219 986 1296 qui
1007 1240 1055 1278 nos
1066 1240 1173 1279 servare
1186 1233 1283 1300 potest,
1303 1233 1330 1278 et
1339 1219 1462 1281 dicamus
1475 1245 1481 1279 :
1493 1224 1557 1281 Do-
1568 1243 1651 1288 araret.
1664 1243 1689 1292 8.

113 1323 140 1358 ,u
155 1303 203 1370 τῆς
225 1298 353 1381 ῥᾳθυμίας
368 1303 455 1372 ἥψω,
469 1303 499 1358 ἐκ
520 1303 566 1359 τοῦ
593 1298 687 1378 βάρους
708 1304 761 1359 τῶν
779 1308 796 1354 Β
814 1301 901 1369 mine,
920 1298 1008 1357 salvo
1026 1319 1089 1369 nos,
1113 1303 1251 1378 perimus.
1268 1299 1436 1359 Festincmus
1459 1302 1606 1378 solum,2⁵·

113 1404 128 1436 u
142 1379 188 1436 καί
200 1384 247 1449 τῆς
259 1377 383 1455 ἀμελείας
395 1380 472 1454 ἡμῶν
484 1400 490 1414 ·
505 1377 652 1454 ίιψῶσωμεν
670 1386 762 1457 χεῖρας

122 1456 263 1535 δυνάμενον
273 1460 358 1516 σῶσαι
366 1462 450 1533 ἡμᾶς,
462 1454 509 1515 καί
519 1456 635 1534 εἴπωμεν
646 1480 653 1493 ·
663 1456 761 1536 Κύριε,

113 1546 176 1611 μάς,
192 1535 372 1611 ἀπολλύμεθα.
389 1536 551 1611 Σπεύσωμεν
572 1535 650 1611 μόνον
665 1561 686 1595 π
702 1535 760 1609 λνὴ

113 1638 161 1693 σῃ,
175 1615 237 1694 πρίν
251 1615 268 1685 ἡ
282 1613 348 1694 θύρα
359 1617 535 1691 ἀποκλεισθῇ,
551 1613 639 1692 πρὶνὴ
653 1560 702 1682 vbi
711 1640 760 1674 κα-

120 1693 206 1754 ’hale
235 1693 268 1774 ἀρ
288 1700 305 1765 ἡ
320 1691 467 1772 πανήγυρις
485 1695 570 1769 λυθῇ,
584 1693 667 1759 οὐδεὶς
690 1717 761 1775 πρα-

113 1797 167 1833 ται·
182 1720 248 1832 tale
260 1773 290 1831 τδ
304 1773 411 1851 θέατρον
422 1773 488 1848 λυθῇ
500 1815 507 1840 ,
519 1770 601 1836 οὐδεὶς
613 1778 759 1850 στεφανοῦ-

113 1853 149 1919 ale
162 1850 326 1927 ἀγωνίζεται.
342 1851 391 1910 Διὸ
412 1850 570 1928 δράμωμεν·
589 1848 686 1929 δρόμου
708 1852 759 1931 γὰρ

113 1929 218 2011 ,διλφοί,
232 1930 277 1988 καὶ
299 1929 396 2008 δρόμου
409 1929 536 2006 σφοδρά),
550 1926 594 1986 ίνα
607 1930 759 2008 φθάσωμεν,

116 2010 162 2068 καί
182 2013 259 2084 ἡμεῖς
275 2008 431 2088 κρούσαντες
451 2005 616 2084 ἀκούσωμεν,
632 2010 692 2067 Οὐκ
702 1999 761 2068 οἶδα

112 2088 299 2165 ξυποδὴσωμεν,
313 2087 407 2166 μικρὸν
418 2089 609 2166 αἰσχυνθῶμεν.
624 2087 702 2145 Πόσα
716 2089 759 2147 τὸν

115 2190 128 2224 ν
151 2168 326 2244 ἀτιμάζομενς
346 2168 417 2225 πόσα
433 2166 477 2224 τὸν
491 2165 632 2245 εὐεργέτην
659 2189 761 2247 παρορ·

134 2245 217 2310 Αὐτὸς
237 2249 379 2323 εὐεργετεῖ,
393 2245 439 2303 καί
461 2248 538 2320 ἡμεῖς
562 2247 621 2304 καθ’
644 2245 760 2319 ἑκάστην

112 2347 151 2384 ιν·
174 2325 252 2390 αὐτὸς
274 2325 413 2403 οἷκτείρει,
433 2322 479 2381 καί
502 2329 579 2400 ἡμεῖς
599 2326 759 2401 ἀθετοῦμεν·

114 2403 184 2483 ε’φει,
198 2403 302 2463 σκέπων
316 2412 480 2482 προνοεῖται,
495 2403 541 2460 καί
558 2409 635 2480 ἡμεῖς
652 2403 700 2470 τὰς
717 2407 761 2462 αὖ·

112 2484 153 2550 tt<
166 2485 225 2541 καθ’
239 2482 352 2553 ἑκάστην
367 2479 576 2562 παραόαίνομεν,
592 2483 637 2540 καί
658 2485 706 2541 οὐκ
721 2487 760 2543 ai-

813 1388 956 1454 antequam
971 1377 1011 1435 sol
1024 1376 1138 1452 occidat,
1153 1391 1295 1457 antequam
1306 1378 1389 1457 janua
1400 1379 1555 1457 claudatur,
1623 1442 1625 1449 ,

812 1468 954 1533 antequam
969 1456 1023 1514 irox
1037 1456 1174 1517 adveniat.
1187 1457 1257 1515 Cum
1272 1459 1343 1516 enim
1359 1472 1442 1518 eoetus
1451 1459 1556 1519 solutus

812 1533 901 1602 fuerit,
923 1555 1003 1593 nemo
1022 1535 1202 1613 negotiabitur
1208 1559 1218 1611 ;
1238 1557 1302 1595 cum
1328 1536 1463 1598 theatrum
1482 1539 1555 1598 solu-

812 1624 870 1671 tum
881 1613 973 1687 luerit,
985 1635 1063 1672 nemo
1069 1613 1253 1686 coronabitur,
1265 1635 1342 1674 nemo
1353 1617 1474 1677 certabit.
1483 1619 1556 1689 Qua·

810 1705 1071 1779 propterneurramus
1084 1715 1183 1752 :cursu
1204 1693 1277 1752 enim
1297 1716 1366 1774 opus
1385 1709 1435 1770 est,
1447 1696 1554 1775 fratres,

811 1789 844 1827 ac
857 1784 988 1828 concitato
1004 1792 1096 1847 cursu,
1125 1787 1155 1830 ut
1178 1772 1385 1851 praeveniamus,
1408 1787 1439 1832 ut
1461 1795 1494 1833 ne
1507 1796 1556 1835 nos

812 1848 893 1906 etiam
902 1849 1041 1928 pulsantes
1057 1849 1211 1923 audiamus,
1222 1853 1329 1909 Nescio
1341 1873 1396 1911 υοε
1412 1876 1420 1908 .·
1435 1850 1555 1913 celeriter

813 1948 963 2005 curramus,
983 1929 1064 1987 etiam
1077 1950 1140 1987 cum
1154 1928 1259 1987 tantfflo
1274 1929 1387 2009 pudore.
1402 1931 1431 1987 ln
1446 1932 1556 2008 quantis

813 2006 963 2065 Dominum
977 2007 1207 2080 inhonoravimus,
1231 2007 1259 2066 in
1284 2009 1390 2085 quantis
1404 2009 1555 2070 benefacto·

813 2104 870 2143 rem
890 2084 926 2142 ad
945 2086 1014 2143 iram
1029 2085 1245 2144 concitavimus?
1261 2085 1306 2144 ille
1329 2087 1407 2145 nubis
1420 2088 1555 2150 beneficia

813 2164 926 2236 confert,
939 2177 965 2223 et
979 2184 1027 2223 nos
1047 2163 1078 2223 id
1091 2164 1212 2242 quotidie
1225 2165 1397 2242 ignoramus,
1415 2167 1460 2226 ille
1475 2169 1555 2228 misc·
1650 2175 1652 2180 '

813 2255 898 2313 ratur,
912 2255 937 2301 et
948 2263 996 2300 uos
1007 2243 1217 2319 contemnimus;
1234 2243 1281 2302 ille
1292 2244 1341 2302 alit
1351 2244 1483 2322 nobisque
1492 2268 1556 2327 pro·

814 2320 904 2400 spicit,
919 2334 945 2380 ct
967 2341 1015 2381 nos
1029 2323 1087 2402 ejus
1099 2336 1233 2413 praecepta
1246 2322 1368 2402 quotidie
1387 2326 1555 2404 transgredi·

814 2420 886 2474 mur,
902 2421 950 2459 nec
972 2421 1020 2459 nos
1034 2400 1127 2493 pudet.
1148 2404 1204 2461 Nos
1225 2401 1335 2460 demum
1354 2401 1453 2482 pudeat
1470 2428 1476 2460 ι
1492 2426 1555 2466 nam

813 2491 920 2616 tempus
932 2495 1130 2571 appropinquat
1137 2494 1163 2539 et
1174 2480 1232 2539 dics
1242 2480 1360 2554 advenit,
1375 2495 1400 2540 et
1411 2503 1459 2542 nus
1472 2504 1555 2573 opor-

112 2568 148 2621 λα.
164 2565 355 2661 Αἷσγυνθῶμεν
368 2559 477 2620 λοιπόν·
498 2565 512 2619 ὁ
533 2560 585 2642 γὰρ
603 2561 695 2641 καιρὸς
712 2562 759 2642 ἡγ-
776 2569 795 2618 C
813 2569 850 2616 tet
883 2571 969 2617 etota
993 2573 1051 2618 urta
1068 2574 1157 2618 nostra
1172 2559 1301 2618 rationem
1318 2559 1437 2620 reddere.
1460 2563 1556 2622 Finem

112 2640 122 2699 ί
135 2646 153 2712 ἡ
166 2647 255 2721 ἡμερα
266 2640 376 2719 ἔφθασε,
393 2640 438 2698 καὶ
452 2639 491 2698 δεῖ
506 2645 578 2717 ἡμᾶς
597 2640 673 2720 λόγον
688 2644 760 2700 ἀπο-

112 2719 168 2798 νπὲρ
187 2719 248 2778 ὅλου
270 2724 315 2778 τοῦ
339 2720 396 2795 βίου
416 2721 502 2795 ἡμῶν.
523 2718 697 2796 Παυσιίιμεθα
715 2713 760 2779 eir

112 2803 137 2868 ἧς
150 2799 264 2880 ἀμέτρου
274 2803 388 2880 τρυφῆς,
398 2798 443 2855 καὶ
453 2803 499 2854 τοῦ
510 2799 619 2879 αἰσχροῦ
630 2798 759 2876 γε’λωτος,

112 2887 140 2936 :ei
150 2877 305 2954 κλαύσωμεν
315 2880 430 2957 πικρῶς·
441 2875 604 2952 παυσώμεθα
610 2877 670 2945 τοὺς
682 2879 759 2938 ἀδελ·

112 2960 235 3038 ίοροῦντες
251 2955 297 3015 καλ
308 2963 445 3035 μισοῦντες
458 2955 503 3016 καί
518 2959 666 3024 ἀδικοῦντες
677 2981 759 3018 meu·

112 3036 321 3115 θησαυριζοντες,
331 3039 518 3103 σπαταλῶντες
525 3037 570 3095 καί
578 3036 758 3117 πορνεύοντες·

112 3139 156 3193 μεν
166 3126 223 3183 ταῖς
234 3119 336 3196 εὐχαῖς,
347 3126 404 3183 ταῖς
415 3115 519 3187 δεήσεσι
527 3124 597 3188 ,ταῖς
610 3116 760 3194 ἀναγνώσε-

112 3196 252 3268 νηστείαις,
262 3203 320 3263 ταῖς
329 3195 493 3272 μετανοίαις·
502 3194 690 3272 ἐπιδειζώμεθα
702 3197 758 3274 βίον

112 3273 344 3351 ιμολογησώμεθα,
361 3273 577 3353 ἐπιστρέψωμεν·
597 3279 758 3358 ἐπιστροφῆς

112 3352 176 3431 ιρός.
199 3353 424 3430 Μιτσινοὴσωμεν,
443 3353 626 3434 δακρύσωμεν,
656 3355 757 3414 ἐπιδει-

112 3436 148 3510 τῷ
170 3435 233 3513 Θεῷ
258 3433 399 3509 μετάνοιαν
413 3432 585 3514 ἐμμέριμνον,
599 3434 646 3493 καί
668 3436 757 3514 ἀμαρ-

112 3509 211 3588 ἡσωμεν
220 3536 226 3549 ·
235 3512 389 3590 πσνίσωμεν
399 3503 464 3584 ὧδε,
474 3515 623 3591 παρακαλῶ
632 3559 640 3585 ,
652 3514 756 3593 μικρὸν,

113 3593 284 3670 κολασθῶμεν
309 3596 363 3651 ἐκεῖ
382 3591 465 3652 πολύ·
491 3591 683 3669 ἀγωνισώμεθα
704 3618 725 3652 π
743 3593 750 3612 “

812 2635 921 2696 demum
942 2637 1112 2718 imponamus
1134 2638 1319 2698 immoderatis
1344 2639 1449 2700 deliciis
1462 2642 1554 2722 turpi-

814 2737 866 2793 que
879 2717 955 2791 risui,
973 2738 1007 2775 ne
1019 2717 1077 2776 illic
1098 2738 1188 2775 amare
1206 2719 1317 2777 lleamus
1332 2719 1477 2778 :fratribus
1502 2741 1554 2793 nn-

814 2795 1029 2855 striseonvieiari
1042 2816 1184 2871 cessemus,
1196 2797 1390 2855 necillosodio
1408 2797 1555 2859 habeamus

812 2874 856 2932 rel
869 2874 1007 2935 laedamus.
1028 2875 1122 2934 Finem
1136 2877 1265 2935 faciamus
1279 2876 1489 2947 thesaurizandi,
1505 2876 1554 2937 de-

811 2952 1105 3029 liciandi„fornieandi
1131 2978 1138 3011 ι
1165 2953 1352 3014 incumbamus
1378 2956 1555 3032 orationibus,

811 3033 1049 3103 obsecrationibus,
1060 3034 1228 3109 lectionibus,
1234 3034 1359 3113 jejuniis,
1370 3035 1531 3115 poeuitentiae
1547 3060 1554 3092 ι

811 3134 909 3172 novam
920 3113 1004 3175 vitam
1016 3114 1203 3188 exhibeamus,
1214 3116 1400 3186 confiteamur,
1412 3129 1556 3174 converta-

811 3213 872 3251 mur
885 3216 893 3250 ι
907 3214 969 3252 nam
983 3193 1164 3252 conversionis
1178 3207 1284 3273 tempus
1302 3207 1349 3252 est.
1364 3194 1555 3255 Poeuitentiam

810 3291 932 3349 agamus,
954 3272 1101 3351 ploremus,
1131 3273 1189 3330 Deo
1212 3271 1389 3332 exhibeamus
1411 3273 1556 3332 sollicitam
1590 3346 1593 3352 Ι

809 3351 1003 3431 poenitentiam,
1030 3364 1056 3409 et
1094 3364 1214 3409 eecatum
1239 3350 1301 3409 odio
1321 3351 1477 3411 habeamus.
1504 3352 1557 3411 Hic

810 3430 934 3510 paulum,
951 3451 1051 3508 quaeso,
1074 3372 1243 3505 laboremus,
1266 3443 1296 3488 ut
1312 3451 1348 3489 ne.
1366 3431 1423 3489 illic
1439 3430 1558 3490 multum

808 3509 969 3568 cruciemur.
996 3511 1169 3568 Decertemus
1184 3523 1246 3568 ante
1264 3523 1381 3590 tempus,
1395 3511 1502 3582 iratres,
1525 3525 1556 3569 ut

809 3610 843 3647 ne
858 3589 1010 3648 cruciemur
1023 3589 1051 3649 in
1065 3602 1203 3648 aternum.
1213 3590 1333 3679 Tempus
1343 3589 1425 3648 breve
1443 3603 1493 3661 est,
1509 3591 1557 3670 ju·

111 3672 234 3748 ἀδελφοί,
245 3671 289 3729 ἵνα
301 3671 338 3749 μὴ
354 3671 557 3750 βασσνισθῶμεν
576 3672 697 3739 αἰωνίως.
730 3675 791 3730 01)
808 3667 913 3727 dicium
933 3669 1067 3759 longum,
1084 3668 1146 3726 linis
1171 3690 1220 3749 pro
1240 3690 1266 3743 e,
1291 3683 1371 3759 timor
1389 3689 1515 3760 maguus,
1530 3682 1559 3740 et

111 3749 198 3829 ικρδς,
214 3756 231 3823 ἡ
251 3751 279 3808 δὲ
292 3749 378 3826 κρίσις
398 3749 504 3827 μακρδι,
517 3749 563 3808 καί
577 3750 608 3810 nh
628 3751 702 3818 τέλος
715 3753 756 3830 ἐγ-

113 3831 128 3886 δ
143 3826 221 3907 pito<
231 3827 325 3896 πολὺς,
339 3829 384 3886 καί
399 3833 413 3886 θ
430 3829 509 3887 ἐλεῶν
521 3829 611 3895 οὐδείς.
636 3830 755 3902 Ζητὴοει

111 3905 208 3988 καιρὸν,
226 3906 254 3966 ὃν
268 3911 356 3974 κακῶς
376 3905 539 3977 ἐδαπάνησεν
562 3905 687 3976 ἕκαστος·
709 3909 755 3968 καί

111 4008 148 4064 ιη.
163 3984 233 4044 Οὐαί
245 3990 284 4066 τῷ
294 3988 499 4057 καταλαλοῦντι,
509 3984 550 4046 ότι
567 3987 675 4058 ζηιὴσει
689 4011 756 4046 στα-

111 4086 169 4131 ατος
183 4065 358 4145 φλεγόμενος,
372 4065 417 4124 καί
432 4067 482 4144 οὐχ
495 4064 626 4146 εὑρίσκει·
637 4066 696 4126 οὐαί
716 4070 755 4146 τῷ

111 4167 151 4217 τι,
161 4143 203 4207 θτι
224 4143 335 4210 αἰωνίως
346 4144 540 4216 κολασθήσεται
552 4166 558 4180 ·
570 4144 629 4204 οὐαί
641 4149 678 4224 τῷ
691 4149 754 4221 ἀμε·

111 4222 143 4280 ’νει
165 4223 230 4305 πρὸς
246 4224 375 4305 αὐστηρὸν
398 4224 491 4301 κριιὴν
515 4222 674 4302 πορεύεται·
697 4225 754 4284 οὐαί

111 4300 293 4382 ,γωνιζομίνμ
308 4301 349 4360 ότι
364 4301 508 4378 ἀποτόμοις
524 4303 645 4382 ἀγγέλοις
662 4327 754 4401 παρα-

111 4380 219 4458 θίρυσίον
241 4385 255 4439 θ
275 4380 415 4442 ἀπολλύων
430 4383 546 4462 εὑρίσκει
567 4384 646 4442 ἀλλο·
660 4406 753 4464 χρονον

111 4459 161 4526 σίας
176 4461 254 4519 ἀλλον
267 4464 350 4542 εὑρεῖν
360 4465 388 4520 οὖ
401 4460 519 4520 δύναται.
533 4462 580 4534 Μὴ
592 4463 755 4542 φεισώμεθα,

117 4541 169 4598 τῶν
182 4542 281 4599 ἑαυτῶν
292 4540 435 4617 στομάτων,
449 4540 518 4600 ἀλλά
534 4547 617 4599 ταῦτα
625 4540 754 4620 κατατρί-

111 4617 193 4691 ίπειδὴ
207 4618 342 4697 Μακάριοι
356 4626 380 4679 οἱ
393 4624 533 4687 πεινῶντες
553 4620 599 4678 καί
615 4621 755 4699 διψῶντες,

122 4700 146 4757 οἱ
157 4697 361 4764 πενθοῦντεςΤδ
374 4697 425 4778 γάρ
433 4703 512 4775 σῶμα
524 4697 608 4772 πηλός
619 4703 675 4758 ἐστι
687 4723 694 4737 ·
709 4701 756 4759 καί

111 4801 115 4836 ι
136 4776 195 4858 ὥρα
215 4777 260 4837 καί
282 4777 372 4856 ἡμέρα
392 4777 492 4858 φοάερδι
515 4780 561 4837 καί
585 4778 687 4860 πονηρά
707 4778 755 4837 καί

808 3826 883 3904 quod
896 3826 1011 3903 quisque
1024 3826 1094 3883 male
1107 3826 1244 3902 insumsrt,
1256 3838 1282 3883 et
1295 3826 1399 3885 utinam
1411 3846 1465 3885 non
1475 3847 1556 3884 rnre-

808 3905 874 3963 niat.
895 3905 946 3966 vae
968 3904 1151 3977 obtrectatori,
1172 3903 1234 3980 quia
1255 3902 1351 3963 ardens
1371 3926 1447 3982 aquae
1469 3904 1557 3967 stillas

808 3997 919 4062 quaeret,
937 4003 987 4042 nec
1001 3981 1135 4044 inveniet!
1160 4003 1202 4041 να·
1216 3981 1367 4053 incredulo,
1425 3983 1460 4041 iia
1477 3995 1556 4042 aeter·

807 4084 873 4123 num
889 4060 1069 4122 cruciabitur!
1086 4082 1129 4120 τοι
1140 4061 1294 4140 negligenti,
1306 4061 1370 4139 qnia
1380 4003 1423 4120 κάι
1430 4082 1556 4122 severum

808 4142 933 4204 Judicem
943 4141 1033 4222 pergit
1048 4138 1056 4201 ί
1072 4161 1114 4200 rae
1138 4139 1179 4198 illi
1194 4140 1242 4217 qui
1257 4161 1309 4200 non
1324 4141 1475 4214 certaverit,
1489 4141 1553 4219 quia

808 4221 975 4281 immanibus
998 4219 1102 4299 angelis
1127 4217 1273 4278 tradendus
1291 4219 1349 4281 est!
1376 4219 1433 4289 Qui
1458 4241 1557 4279 aurum

808 3769 887 3807 nemo
902 3761 951 3806 erit
962 3770 1009 3825 qur
1031 3760 1197 3805 misereatur.
1214 3691 1424 3824 liequtrctentm
1440 3762 1557 3838 tempus,

773 4320 775 4325 ·
808 4300 907 4382 perdit,
920 4298 996 4360 aliud
1010 4320 1108 4358 aurnm
1121 4298 1225 4357 invenit
1230 4321 1239 4374 ;
1263 4299 1338 4357 aliud
1348 4319 1413 4358 vero
1425 4299 1556 4380 preniten-

808 4381 853 4440 tiae
871 4394 979 4460 tempus
1002 4377 1117 4438 inveniri
1145 4398 1198 4437 non
1222 4391 1319 4458 potest.
1344 4379 1385 4438 Ne
1404 4399 1556 4458 pareamus,

807 4459 915 4534 iratres,
931 4459 1029 4517 uostris
1055 4457 1223 4536 cerporibus,
1247 4456 1295 4516 sed
1320 4457 1367 4516 illa
1386 4470 1554 4517 atteramus:

808 4539 873 4616 quia
884 4541 972 4597 Beati
983 4541 1034 4617 qui
1044 4540 1177 4595 esuriunt
1186 4549 1214 4594 et
1223 4539 1338 4608 sitiunt,
1355 4540 1436 4596 beati
1448 4542 1500 4616 qui
1512 4538 1704 4598 lte-Mareade.

807 4632 886 4697 gent.
904 4618 1008 4698 Corpus
1021 4615 1092 4675 enim
1106 4615 1195 4673 lutum
1208 4626 1247 4674 est
1261 4638 1270 4672 :
1285 4616 1430 4693 venietque
1443 4617 1509 4675 hora
1530 4629 1556 4675 ct

807 4696 866 4758 dies
887 4694 1034 4769 tremenda,
1055 4694 1126 4753 mala
1143 4709 1169 4753 et
1183 4694 1360 4770 inevitabilis,
1386 4708 1412 4753 et
1429 4707 1501 4755 terra
1526 4694 1556 4755 in

807 4791 907 4836 terram
919 4776 971 4834 ibit
990 4775 1137 4855 pulvisque
1146 4774 1174 4832 in
1189 4773 1329 4863 pulverem
1343 4773 1492 4853 redigetur.
1504 4773 1557 4836 Vi·

111 4878 179 4926 μσς,
190 4856 236 4915 καί
260 4859 296 4924 εἰς
309 4861 358 4934 γῆν
379 4862 396 4927 ἡ
419 4860 454 4936 γῆ
475 4856 648 4936 πορεύσεται,
670 4857 716 4917 καί
735 4862 752 4928 ἡ
769 4862 788 4910 E
805 4855 1069 4935 gilemus',fratres,
1085 4854 1413 4930 obsecro,1teragamus,
1442 4851 1556 4934 respire-

111 4955 142 4993 ιιν
160 4935 231 5001 κόνις
242 4935 352 5014 γίνεται.
368 4936 515 5014 Νὴψωμεν,
526 4936 677 5013 ἀγαπητοί,
691 4937 752 4996 δυσ·

110 5014 295 5094 ἀπορήσωμεν,
307 5013 504 5090 ἀνανεύσωμεν·
517 5015 650 5074 ἐλεύσεται
687 5016 720 5094 ἀρ
733 5020 750 5088 ἡ

110 5039 752 5241 ossensele

126 5196 281 5328 πλοάτῶμεν
297 5197 491 5323 πενίὴκγονάσίὴ
506 5218 551 5311 >iel
570 5197 666 5312 tonici
684 5196 750 5326 lii]3

805 4957 865 4995 mus
882 4957 891 4994 ε
904 4933 994 4993 veniet
1003 4935 1077 4991 enim
1093 4933 1169 5007 hora,
1182 4944 1207 4990 et
1223 4952 1289 4990 vere
1302 4930 1391 4991 veniet
1405 4931 1496 4992 exitus
1507 4953 1556 4993 ne-

804 5015 851 5073 stri
870 5037 876 5070 :
894 5034 927 5072 ne
947 5033 994 5071 nos
1010 5011 1083 5092 ipsos
1096 5010 1275 5091 decipiamus.
1293 5009 1371 5088 Esto,
1386 5010 1490 5089 dilecti,
1506 5011 1555 5071 de-

803 5093 940 5166 liciemur;
960 5106 1029 5168 esto,
1056 5089 1156 5149 divites
1169 5090 1254 5149 simus
1267 5089 1478 5169 quinquaginta,
1496 5089 1555 5152 imo

802 5187 910 5232 centum
923 5171 1018 5230 annis:
1031 5182 1057 5229 et
1077 5183 1137 5249 post
1155 5168 1214 5227 hae
1228 5169 1316 5228 morbi
1330 5183 1355 5228 et
1368 5168 1554 5229 senectusad-

802 5251 927 5328 veniunt,
952 5263 979 5309 et
992 5247 1122 5331 posthaec
1137 5248 1223 5328 quid?
1237 5248 1421 5311 Infirmitaset
1442 5264 1554 5310 merset
1637 5266 1640 5271 ·
1739 5292 1744 5306 .
