3728 5978
267 372 339 472 758
584 389 645 441 ἐ.
672 392 813 443 solunte
838 388 1021 442 euersosr.
1049 391 1207 440 incuruo.
1233 385 1522 446 consciumnoo.

264 516 396 599 dignatur
410 516 485 576 Deus
498 535 617 576 amorem
631 529 658 575 te
670 534 840 576 communem
853 515 968 592 habere;
980 534 1013 574 ec
1067 523 1148 594 μισεῖ.
1167 512 1202 575 Ὁ
1216 512 1264 594 μίν
1283 513 1337 596 γὰρ
1351 511 1531 594 ἀνθρώπινος
1545 509 1649 592 φθόνοι
1663 508 1708 568 nal
1719 513 1820 589 βιττοίε

265 629 320 668 non
339 627 508 667 communem
525 606 669 666 habentem
682 606 750 670 odit.
771 609 913 667 llumanus
930 604 1012 687 quip-⁸
1066 603 1159 687 γίμει,
1183 612 1198 667 δ
1222 605 1250 666 δέ
1272 611 1341 674 θεῖος
1361 603 1470 671 παντὸς
1487 604 1675 675 ἀπηλλωιται
1687 603 1777 669 πάθας
1795 610 1821 665 E

265 721 301 783 pe
312 721 389 760 amor
397 698 502 759 invidia
513 713 539 760 ct
550 700 636 760 livore
643 701 739 780 plenus
752 713 801 776 est;
812 698 925 761 divinus
937 698 1012 759 omni
1066 698 1112 758 καλ
1126 698 1264 766 κοινωνοὺς
1277 702 1398 771 ἐπιζητεῖ
1417 701 1473 770 τῆς
1488 695 1605 778 φιλίας·
1620 696 1693 776 φίλει
1704 695 1751 778 γδρ
1760 744 1767 769 ,
1777 704 1820 776 ’,τη

264 792 388 874 passione
405 813 516 852 vacuus
535 794 679 872 Propterea
701 791 799 870 quaerit
811 790 858 869 qui
878 811 969 850 secum
984 790 1012 848 in
1067 792 1124 869 μετ’
1148 793 1230 871 ἐμοῦ,
1253 792 1299 851 καὶ
1313 790 1375 852 τότε
1395 813 1430 849 σε
1453 790 1504 849 καί
1528 787 1590 868 ἐγὼ
1610 787 1716 868 φιλήσει
1729 791 1820 866 nstin

265 903 356 956 amore
375 885 592 943 communicent:
612 882 705 961 Dilige
730 903 846 958 meeum,
864 881 962 961 inquit,
985 894 1011 939 et
1066 882 1149 965 Ὁρᾷς
1177 885 1288 964 ἐραστοῦ
1308 885 1428 964 σφοδροῦ
1453 882 1596 962 ρήματας
1626 879 1697 940 ’Edu
1714 881 1821 960 ριλῇςτι.ι

264 986 324 1037 tum
337 994 387 1054 ego
406 988 432 1033 te
451 972 537 1052 magis
551 972 656 1032 amabo.
668 972 769 1049 Vidcn’
792 972 875 1032 verba
892 972 1012 1032 ardentis
1065 972 1144 1051 ἐμοὺς
1158 974 1316 1054 ἐρωμένοις,
1330 973 1391 1033 τότε
1407 977 1543 1051 ἡγοῦμαι
1562 971 1615 1031 καί
1630 973 1709 1038 αιίτῖις
1720 975 1821 1040 σταδαῖα

264 1066 413 1126 amatoris?
426 1066 456 1125 si
469 1064 582 1125 dilectos
594 1085 667 1125 moos
678 1064 818 1136 dilexeris,
830 1077 895 1125 tunc
903 1063 1012 1124 credam
1029 1082 1048 1130 c
1065 1067 1198 1145 φιλεῖσθαι
1209 1065 1282 1146 παρδι
1296 1071 1353 1126 σοῦ.
1374 1064 1434 1124 Καὶ
1443 1063 1501 1147 γὰρ
1514 1063 1632 1145 σφόδρα
1643 1062 1784 1143 ἐρέττειτῆς
1792 1089 1820 1123 εν

265 1177 310 1217 me
325 1158 427 1217 sinoere
447 1180 462 1217 a
486 1172 512 1217 te
528 1157 618 1237 diligi.
643 1157 752 1217 Etenim
766 1157 880 1217 salutem
893 1171 1013 1217 nostram
1065 1155 1158 1240 τηρίας
1173 1162 1221 1230 τῆς
1233 1157 1380 1237 ἡμετέρας,
1392 1155 1444 1215 ιεαὶ
1461 1163 1549 1216 τοῦτο
1564 1154 1667 1223 ἔδειξεν
1679 1154 1774 1214 ένιιθιι.
1785 1157 1820 1215 ’δι

265 1246 413 1308 admodum
426 1246 572 1324 desiderat,
586 1262 614 1306 et
628 1246 748 1328 hocjam
763 1247 829 1307 olim
849 1247 1010 1308 declaravit.
1065 1255 1127 1326 γοῦν
1140 1249 1184 1308 τδν
1199 1248 1336 1330 ένθροιπον
1351 1248 1502 1319 ἐπλαττεν,
1516 1247 1644 1307 ἄκουσον
1655 1246 1683 1305 τί
1696 1271 1764 1327 φησι·
1775 1250 1820 1306 net

114 1412 118 1419 Ι
267 1339 384 1414 Quando
397 1339 534 1399 hominem
550 1339 715 1417 efformavit,
730 1339 795 1398 audi
809 1339 877 1419 quid
891 1338 1010 1399 dixerit:
1066 1363 1154 1420 σωμεν
1177 1340 1315 1421 ένθρυιπον
1334 1342 1394 1398 κατ’
1419 1338 1522 1399 εἰκόνα
1544 1338 1706 1419 ἡμετέραν·
1720 1340 1821 1407 utens

116 1438 176 1483 cen.
189 1435 255 1484 neo·
266 1420 427 1491 Faciamus
439 1433 587 1492 itominem
599 1434 641 1490 ad
651 1435 809 1513 imaginem
824 1446 955 1491 nostram
960 1455 973 1501 ,·
987 1444 1014 1490 et
1066 1430 1227 1511 Ποιήσωμεν
1242 1435 1313 1513 αὐτῷ
1328 1430 1441 1510 βοηθόν·
1457 1433 1488 1492 οὔ
1505 1431 1601 1491 καλὸν
1613 1421 1818 1508 εἶναιαῖπδιροιι

115 1539 150 1583 ιιι·
158 1541 176 1583 ι.
184 1551 207 1584 2.
220 1540 255 1590 ιε.
267 1546 375 1585 rursum
383 1528 553 1586 :Faciamus
559 1527 784 1607 eiadjutorium;
792 1538 899 1584 nonest
905 1526 1014 1583 bonum
1065 1524 1136 1585 ’Καὶ
1151 1522 1193 1585 ότι
1204 1525 1428 1606 παρανομήσαντι
1440 1523 1532 1582 πόλιν
1550 1522 1731 1600 ἐπετίμησα,
1743 1523 1781 1603 ipe
1790 1527 1820 1583 at

266 1617 1013 1698 eumessesolumEtcumposteapraevarimtnmincre-
1066 1616 1187 1699 ήμίριυς·
1204 1619 1234 1678 οὔ
1255 1616 1308 1698 γὰρ
1329 1609 1402 1677 εἶπεν
1423 1619 1520 1696 αὐτῷ,
1549 1614 1640 1696 μιαρὲ
1658 1614 1820 1693 καὶταμμίεςι

265 1711 352 1791 penit,
376 1709 441 1770 vide
455 1732 537 1789 quam
555 1724 692 1769 mansuete
705 1708 736 1768 id
755 1709 854 1769 iaciat:
873 1709 1015 1768 nonenim
1067 1714 1184 1771 τοσαῦτα
1198 1709 1385 1792 εὔεργετηθεὶς,
1396 1707 1581 1788 τῷδεαὸόλῳ
1597 1705 1674 1787 μετὰ
1685 1710 1821 1768 sciverim

267 1799 339 1860 dixit
349 1801 389 1859 illi
393 1845 402 1877 ,
415 1802 540 1874 sceleste,
553 1799 727 1875 exsecrande,
738 1813 776 1859 tot
784 1800 901 1880 acceptis
907 1801 1012 1859 benoli·
1068 1801 1240 1876 ἐπίστευσας,
1252 1803 1299 1862 nel
1307 1803 1351 1862 τὸν
1361 1803 1511 1881 εὐεργέτην
1523 1802 1612 1882 ἀρεῖς
1620 1805 1664 1882 τῷ
1673 1805 1770 1882 πονηρῷ
1775 1826 1821 1882 τρι-

267 1889 327 1964 ciis,
341 1890 452 1950 diabolo
460 1904 550 1972 poster
561 1891 588 1950 in
596 1890 722 1950 omnibus
734 1889 883 1967 credidisti,
894 1905 920 1950 et
932 1892 1014 1950 bene·
1069 1891 1146 1974 ίσχες
1165 1893 1286 1971 δαίμονι·
1312 1880 1380 1953 ἀλλὰ
1401 1892 1431 1952 τί
1448 1917 1543 1974 φησι;
1585 1893 1642 1962 Τίς
1663 1917 1707 1954 σοι
1726 1885 1820 1959 sirmis

267 1982 368 2042 factore
381 1983 485 2058 relicto,
498 1982 618 2062 maligno
628 1981 745 2042 dtemoni
756 1983 875 2043 haesisti:
890 1982 936 2042 sed
947 1981 1014 2062 quid
1032 2004 1051 2050 n
1068 1985 1166 2065 γυμνδς
1179 1976 1221 2057 εἶ,
1235 1989 1258 2046 εί
1280 1985 1317 2064 μὴ
1336 1986 1389 2045 tut
1400 1992 1450 2046 τοῦ
1468 1985 1557 2053 ξύλου
1570 2028 1580 2055 ,
1594 1977 1629 2045 οὗ
1643 1986 1822 2063 ἐνττειλόμηιπ

119 2080 210 2129 εοεαε.
222 2072 323 2134 inniti
335 2075 469 2153 Quistibi
479 2077 644 2156 dicitquod
654 2077 749 2136 nudrts
760 2097 847 2149 esses,
866 2080 923 2136 nisi
934 2076 1016 2156 quod
1068 2075 1160 2138 codron
1176 2077 1255 2157 μόνου
1275 2078 1313 2156 μὴ
1333 2086 1443 2159 φαγεῖν,
1463 2079 1517 2137 ἀπ’
1544 2080 1637 2138 αὐτοῦ
1654 2077 1762 2158 ίραγιςς
1775 2078 1821 2139 ici·

268 2167 307 2227 de
318 2167 409 2248 tigno,
420 2168 457 2226 de
470 2188 529 2250 qno
538 2169 861 2248 solopraeceperomtibi
874 2187 911 2227 ne
919 2187 1015 2226 come·
1069 2173 1092 2229 ei
1102 2170 1193 2250 πατὴρ
1203 2169 1269 2249 πρδς
1277 2168 1382 2230 παιδίον
1394 2167 1548 2229 κελευσθὲν
1564 2168 1608 2248 μή
1621 2169 1791 2230 καθόιιτεοθει
1797 2194 1823 2246 ρι-

269 2260 363 2331 detes,
377 2261 552 2320 comedisti?
565 2259 631 2320 acsi
646 2273 733 2341 pater,
749 2281 812 2346 enm
832 2260 892 2320 nlio
907 2260 1015 2339 negla-
1068 2260 1181 2343 χαίροις,
1204 2252 1261 2323 ε’ίτα
1275 2266 1449 2343 παρακοῦσαι
1472 2261 1526 2321 nei
1542 2262 1659 2341 πληγὲν
1679 2264 1761 2342 λέγοι·
1779 2266 1823 2321 τοῖν

270 2349 350 2410 dium
365 2351 529 2431 contingeret
541 2350 719 2431 praecepisset,
730 2349 773 2409 illi
784 2371 837 2411 non
853 2351 1014 2429 obsequuto,
1069 2353 1200 2433 ἐπλήγης;
1213 2354 1331 2414 Ἐκεῖθεν
1355 2352 1492 2431 ἐπλήγης,
1527 2352 1577 2414 ὅτι
1599 2358 1654 2415 οὐκ
1673 2354 1824 2430 ήιιοισέςρι-
1863 2400 1864 2437 γ

269 2455 296 2502 et
310 2442 451 2504 vulnerato
466 2441 583 2501 diceret:
600 2441 682 2502 Unde
702 2441 862 2501 vulneratus
880 2443 930 2501 es?
949 2441 1017 2502 lude
1069 2443 1153 2526 Ὁρᾷς
1173 2444 1249 2525 φίλου
1263 2444 1298 2506 τὰ
1311 2444 1419 2526 ῥήματα
1434 2447 1562 2523 μᾶλλον,
1579 2446 1600 2519 ἢ
1616 2447 1771 2524 Δεσπόταις
1784 2447 1825 2527 τέο

268 2534 381 2612 sedicet,
389 2536 454 2615 qnia
462 2556 506 2594 me
516 2555 569 2594 non
579 2533 691 2595 audisti.
712 2533 812 2596 Viden’
827 2535 908 2594 amici
925 2536 1017 2616 potius
1070 2537 1316 2616 καταφρονουμένου
1327 2581 1336 2610 ,
1349 2536 1394 2595 καὶ
1410 2535 1472 2596 etet
1487 2536 1586 2607 οὕτως
1596 2539 1788 2620 ἀφισταμένοις
1798 2542 1826 2598 l.-

269 2627 352 2705 dicta,
377 2648 458 2707 quam
473 2627 608 2687 Domini?
627 2625 720 2704 amici,
741 2627 862 2707 inquam,
880 2628 1017 2705 contemti,
1071 2626 1219 2708 μησόιμεθα
1227 2628 1312 2690 τοίνυν
1323 2628 1411 2698 αὐτὸν,
1422 2629 1470 2687 καὶ
1481 2628 1556 2690 όταν
1570 2634 1758 2712 ἐπιτιμῶμεν,
1769 2633 1827 2699 seito

269 2739 319 2781 neo
336 2719 399 2783 ideo
418 2741 508 2780 amare
527 2718 663 2779 cessantis.
678 2719 819 2779 Imitemur
837 2739 901 2800 ergo
927 2719 1018 2796 illum,
1070 2724 1194 2802 τηρῶμεν
1203 2720 1253 2793 τὴν
1262 2718 1413 2782 ἐπιείκειαν.
1427 2720 1485 2781 Καὶ
1496 2719 1559 2802 γὰρ
1573 2724 1625 2784 καί
1638 2729 1675 2804 τῇ
1688 2725 1828 2804 muium

271 2827 298 2878 et
312 2836 373 2876 cum
391 2815 572 2897 increpamus,
591 2813 662 2873 lianc
679 2834 817 2875 servemus
834 2813 1019 2874 mansuetudi·
1070 2817 1118 2886 τῆς
1132 2815 1214 2886 αὐτῆς
1226 2813 1308 2873 πόλιν
1320 2811 1487 2892 ἡμερότητος
1507 2815 1706 2889 ἐπιπλήττει·
1729 2816 1829 2895 univi

272 2921 346 2969 nem.
358 2908 428 2968 Nam
440 2921 466 2967 et
476 2907 617 2967 mulierem
629 2927 691 2966 cum
709 2904 804 2966 cadem
815 2905 1020 2966 mansuetudine
1035 2903 1055 2967 Ἐ
1071 2903 1129 2965 οὐδέ
1146 2903 1301 2978 ἐπίπληξις,
1322 2904 1391 2963 ἀλλὰ
1410 2904 1540 2964 νουθεσία
1556 2909 1610 2968 καὶ
1624 2908 1830 2991 διόρθωσιςτλῖι
1863 2977 1864 2984 γ

164 3068 169 3078 ,
273 3000 1019 3085 increpat5imononincrepatio,scdadmonitioetemen-
1071 2997 1171 3076 γόμενα
1194 2988 1237 3071 ήν,
1249 2997 1295 3056 καὶ
1314 2997 1380 3076 πρδς
1398 2997 1429 3056 τδ
1449 2997 1557 3076 μέλλον
1580 3001 1733 3082 ἀσφάλεια.
1754 3001 1831 3067 *stt
1863 2986 1864 2999 ¹

276 3093 435 3155 όεῐίοοτοιιε
441 3093 704 3173 qnaedicebet,atque
711 3093 746 3153 ad
752 3095 844 3153 lutura
852 3093 1019 3154 cantio.Pro·
1072 3095 1150 3149 τοῦτο
1161 3089 1227 3170 πρδς
1238 3088 1283 3150 τδν
1298 3089 1356 3170 όριν
1369 3087 1442 3149 οὐδέν
1455 3113 1544 3170 φησιν
1556 3115 1564 3128 ·
1586 3094 1675 3162 αιἰτδς
1687 3094 1741 3175 γδρ
1750 3087 1832 3167 dultin

269 3199 361 3267 pterea
370 3186 771 3268 adserpcntemnihildicitzille
778 3206 893 3266 namque
900 3198 956 3245 erat
965 3206 1021 3244 ma·
1073 3185 1162 3242 ιιαιιῶν
1177 3181 1352 3262 ἀρχιτέκτων,
1366 3180 1411 3240 καὶ
1425 3183 1473 3241 οὐκ
1489 3172 1569 3263 εἶχεν
1586 3187 1631 3265 ἐρ’
1648 3185 1741 3267 ἕτερον
1752 3192 1833 3264 uerisi-

269 3277 358 3340 lorum
368 3293 502 3357 anctor‚et
512 3301 564 3340 non
578 3280 665 3361 potuit
673 3278 707 3338 ad
717 3279 801 3338 alium
810 3279 954 3338 transferre
963 3279 1021 3338 cul·
1073 3298 1116 3334 ναι
1128 3273 1177 3346 τήν
1192 3274 1294 3334 αἰτίαν·
1309 3275 1349 3334 διὸ
1364 3273 1408 3332 καὶ
1421 3277 1550 3354 σφοδρῶς
1566 3279 1655 3337 αιίτδν
1673 3280 1785 3345 tanen„
1803 3280 1833 3335 lu

179 3411 183 3418 ·
269 3373 613 3453 pameqnapropteretiam
623 3370 794 3429 veliementer
806 3369 884 3428 illum
898 3369 1019 3450 punivit.
1072 3364 1130 3426 οὐδέ
1146 3367 1258 3425 ἐνταῦθα
1271 3365 1395 3436 ἵσταται,
1415 3365 1486 3425 ἀλλὰ
1504 3368 1558 3427 καὶ
1574 3369 1628 3442 τήν
1645 3375 1701 3450 γῆν
1712 3376 1834 3437 musonis:

270 3463 364 3539 Neque
372 3462 417 3521 hic
428 3463 560 3534 substitit,
570 3462 616 3520 sed
625 3476 652 3520 et
663 3476 764 3521 terram
779 3461 916 3520 maledicti
933 3460 1019 3540 parti·
1072 3465 1143 3516 ποιεῖ
1156 3462 1203 3530 τῆς
1215 3461 1288 3540 ἀρᾶς.
1301 3461 1335 3518 El
1349 3457 1376 3516 δέ
1391 3457 1499 3527 ἐξέόαλε
1512 3461 1714 3541 παραδείσου,
1729 3464 1770 3522 αεὶ
1783 3486 1835 3520 επ

270 3554 358 3635 cipem
374 3555 443 3613 lecit.
456 3552 570 3626 Quodsi
583 3553 720 3611 hominem
734 3551 980 3633 ejecitoparadiso,
992 3567 1018 3613 et
1072 3548 1164 3610 δίκασε
1184 3550 1276 3632 πόνῳ,
1290 3551 1335 3611 nul
1350 3550 1393 3610 διὰ
1406 3556 1483 3611 τοῦτο
1498 3551 1632 3629 μάλιστα
1649 3565 1799 3634 προσκυνεῖν
1808 3557 1835 3611 ιζ·
1856 3572 1861 3581 ·

269 3646 304 3707 ad
312 3647 432 3706 laborem
443 3645 593 3722 damnavit5
608 3644 668 3704 ideo
677 3645 895 3726 maximeipsum
905 3645 1018 3707 adorare
1071 3641 1115 3700 τὸν
1136 3641 1181 3701 καὶ
1204 3643 1346 3720 θαυμάζειν
1366 3641 1430 3721 χρή·
1460 3641 1581 3717 Ἐπειδὴ
1603 3646 1664 3729 γὰρ
1687 3651 1726 3714 εἰς
1740 3653 1837 3728 §quiem

269 3752 296 3800 et
305 3738 435 3800 admirari
444 3739 583 3799 debemus.
596 3738 667 3811 Quia
679 3739 750 3798 enim
761 3738 864 3799 deliciae
878 3739 1016 3800 hominem
1025 3785 1062 3824 ,9,
1071 3731 1198 3813 ἐξήγαγεν
1212 3741 1229 3807 ἡ
1242 3733 1340 3814 τρυφὴ,
1354 3733 1510 3812 περικόπτει
1520 3734 1576 3808 τὴν
1590 3740 1769 3818 εὐφροσύνην,
1779 3740 1836 3796 λίποι

268 3831 303 3893 ad
314 3833 452 3914 ignaviam
461 3830 642 3905 deduxerant5
652 3832 774 3891 letitiam
783 3831 929 3903 abscindit,
938 3831 1017 3893 dolo·
1034 3844 1054 3887 Λ
1071 3825 1237 3906 ἐπιτειχίζων
1256 3831 1290 3906 τῇ
1304 3825 1420 3908 ῥᾳθυμία
1431 3870 1439 3897 ,
1452 3823 1496 3884 ίνα
1508 3827 1582 3905 πρὸς
1597 3828 1654 3900 τήν
1674 3831 1779 3909 ἀγάπην
1791 3833 1838 3887 ἐτι-

268 3945 379 4004 remque
391 3924 467 4003 quasi
480 3945 589 3983 murum
603 3922 637 3983 ad
652 3923 786 4003 ignaviam
802 3924 1014 4006 propulsandum
1069 3914 1201 3995 νελθωμεν
1215 3915 1264 3989 τήν
1275 3920 1363 3976 αὐτοῦ.
1384 3916 1421 3976 Τί
1432 3914 1459 3974 δὲ
1471 3916 1515 3976 itti
1526 3926 1578 3978 τοῦ
1590 3923 1668 3980 Κοίῖν
1679 3945 1688 3995 3
1701 3925 1732 3981 οὐ
1741 3927 1776 4002 τῷ
1786 3924 1835 3980 riri

267 4017 368 4096 posuit,
387 4029 418 4075 ut
439 4015 473 4075 ad
494 4015 552 4096 cjus
569 4014 741 4075 dilectionem
763 4015 913 4075 redeamus.
939 4016 1016 4088 Quid
1069 4007 1199 4088 κίχρηται
1216 4008 1435 4091 τῆςὴμερότητος
1445 4008 1553 4089 τρόπῳς
1570 4014 1630 4072 Καὶ
1642 4015 1702 4094 γὰρ
1712 4019 1774 4094 παρ’
1785 4018 1835 4073 int·

267 4131 332 4170 vero
352 4131 416 4189 erga
431 4110 546 4169 Cainum
561 4108 642 4168 lecit?
667 4130 754 4168 annon
775 4108 868 4168 eodem
894 4130 957 4168 usus
975 4122 1015 4168 est
1070 4124 1113 4159 νου
1133 4100 1214 4161 πόλιν
1228 4098 1376 4179 ὖὸρισῦῑίςι
1391 4101 1438 4160 Οὐκ
1452 4099 1631 4181 ἅθθυὸρίζει,
1647 4106 1725 4166 ἀλλὰ
1738 4127 1836 4184 περιει-

268 4197 481 4258 mensnetudinis
504 4196 607 4256 modo?
631 4196 701 4255 Nam
723 4196 759 4255 ab
783 4195 832 4254 illo
853 4195 1014 4254 contumelia
1069 4195 1110 4251 λεῖ
1131 4190 1178 4252 καί
1194 4216 1287 4273 φησιν·
1310 4192 1370 4251 Ἵνα
1383 4192 1411 4252 τί
1428 4193 1557 4254 συνέπεσε
1575 4198 1608 4257 τὸ
1628 4201 1838 4281 πρόσωπόντοιι

267 4285 390 4362 effectus,
405 4308 458 4347 non
467 4287 658 4346 contumeliam
672 4287 776 4362 retulit,
792 4285 838 4344 sed
851 4285 976 4345 hortatur
989 4299 1015 4346 et
1070 4283 1165 4344 Καίτοι
1175 4307 1206 4362 γε
1219 4284 1250 4343 τδ
1263 4283 1401 4365 γενόμενον
1413 4282 1576 4364 συγγνώμης
1592 4291 1748 4369 ἐπέρηται
1760 4290 1837 4357 πέσοι·

118 4403 180 4448 1ttd.
193 4402 220 4460 γ,
232 4397 257 4446 ς,
267 4375 350 4436 dicit:
362 4378 424 4436 Cur
441 4380 571 4436 concidit
584 4378 686 4437 nultus
706 4384 798 4437 tuus?
821 4390 847 4435 et
867 4377 890 4436 si
913 4377 1014 4437 lanum
1070 4376 1116 4436 καὶ
1136 4374 1265 4438 δείκνυσιν
1281 4382 1296 4437 θ
1315 4374 1439 4456 νεώτερος
1455 4376 1578 4455 ἀδελφός.
1606 4379 1689 4439 Ἀλλ’
1708 4383 1839 4442 metemus

268 4469 341 4530 illud
350 4469 454 4528 nnllam
463 4469 580 4529 habebat
596 4469 721 4529 ueniam:
743 4468 858 4529 ostendit
869 4468 921 4528 hoc
934 4470 1015 4529 irater
1071 4468 1244 4545 ἐπιπλήττει,
1258 4468 1328 4528 ἀλλὰ
1342 4467 1367 4527 τί
1380 4491 1478 4547 φησινς
1502 4466 1675 4551 Ἧμαρτες;
1698 4473 1840 4554 Ἦσόγαπι.

264 4561 369 4646 junior.
386 4564 422 4620 tt
436 4581 521 4639 neque
531 4561 570 4620 sic
585 4561 715 4641 increpat,
729 4560 777 4619 sed
789 4559 857 4638 quid
872 4561 1015 4620 aitiPec·
1072 4561 1110 4639 μὴ
1125 4565 1242 4643 προσθῇς
1255 4561 1310 4621 in·
1325 4560 1391 4643 πρδς
1401 4561 1430 4620 σὲ
1442 4565 1459 4631 ἡ
1471 4564 1633 4644 ἀποστροφὴ
1652 4567 1756 4640 αὐτοῦ,
1772 4561 1838 4624 xzis‘.

268 4657 492 4736 castilqniesce,
505 4674 541 4711 ne
552 4652 678 4732 adjicias
692 4653 774 4711 ultro
786 4676 794 4707 :
808 4653 850 4709 ad
860 4664 888 4710 te
898 4673 1017 4712 conver·
1072 4657 1151 4713 αὐτοῦ
1169 4652 1273 4732 ἄρξεις,
1293 4657 1339 4712 τοῦ
1354 4652 1465 4731 ἀδελφοῦ
1479 4651 1577 4730 λέγων.
1601 4657 1639 4716 Et
1655 4658 1713 4737 γὰρ
1732 4659 1840 4717 δέδοοιιε.

268 4753 314 4811 sio
327 4753 390 4832 ejus
405 4752 471 4822 erit,
488 4760 518 4806 et
533 4758 564 4806 tu
584 4746 783 4805 dominaberis
805 4745 897 4819 illius,
911 4744 946 4804 dc
964 4745 1017 4804 lra·
1069 4745 1135 4826 φησὶ
1148 4791 1156 4819 ,
1170 4746 1273 4824 μήποτε
1289 4743 1334 4804 διὰ
1347 4743 1394 4816 τήν
1409 4743 1499 4803 θυσίαν
1512 4743 1616 4818 ταύτην
1628 4749 1684 4821 τήν
1697 4757 1746 4810 τοῦ
1756 4770 1839 4829 epum

300 4947 312 4973 ι
328 4933 416 4983 Morel.
428 4937 466 4985 καῖ
478 4940 674 5000 παρανομήσαντι.
1081 4925 1123 4978 Sic
1141 4923 1315 4991 intelligendus
1331 4922 1529 4994 chrysostomus
1544 4937 1596 4991 est,
1608 4944 1674 4980 cum
1695 4928 1761 4983 dicit
1779 4931 1838 4979 Dein

302 5013 315 5050 ¹³
333 5012 450 5077 Serpenti
466 5008 528 5061 nihil
546 5007 612 5059 dixit
630 5008 708 5071 Dens,
726 5003 795 5074 quod
814 5023 870 5056 eum
888 5024 902 5057 e
920 5005 1031 5073 nequitie
1082 5001 1190 5071 ιετρεοιί
1209 5001 1271 5054 nihil
1288 5001 1393 5066 dixisse,
1404 5001 1448 5052 sod
1465 5000 1594 5055 Adamum
1610 5018 1639 5056 et
1656 5009 1742 5059 Evam
1761 5020 1838 5058 ιιιιιυοι

268 5101 409 5150 averteret,
425 5105 506 5156 neque
524 5088 620 5137 monite
639 5084 710 5138 dedit
729 5088 765 5149 ei,
783 5084 852 5153 quod
872 5083 964 5136 mutari
982 5101 1034 5136 non
1083 5082 1240 5150 alloquutum
1252 5081 1334 5135 luisse.
1344 5081 1421 5134 Sicin
1432 5081 1598 5147 sequentibus
1609 5085 1734 5153 quadem
1746 5085 1836 5155 ρτοίοιε.

269 5179 366 5235 posset,
385 5182 431 5220 noc
445 5165 478 5219 od
494 5162 622 5218 meliorem
640 5181 666 5216 se
685 5162 782 5233 frugem
800 5161 912 5232 recipere
930 5160 1033 5217 valeret.
1084 5179 1139 5230 φιιο
1150 5160 1275 5231 explicatu
1288 5178 1351 5230 οριιε
1363 5157 1465 5214 Ιιιιίιειιι.
