3728 5978
86 1363 192 1406 cumciaio

85 1438 142 1481 qua.

130 2834 135 2841 ’
236 2840 326 2920 cisque
338 2840 447 2900 exlocis
457 2839 608 2915 videreest,
613 2839 689 2899 illam
701 2861 754 2900 non
765 2839 933 2901 fuissevalde
941 2861 985 2899 ne-

111 1269 378 1352 v012011.splremare
392 1272 491 1348 Deum,
506 1269 640 1350 quodlegi
649 1269 814 1330 contrarium
825 1283 872 1330 cst.
888 1271 923 1329 At
932 1269 985 1329 cir-

196 1393 202 1416 .
237 1361 376 1440 cumcisio,
401 1361 515 1441 inquies,
535 1383 632 1441 magna
653 1382 695 1420 res
707 1375 755 1420 cst.
770 1360 804 1420 ld
817 1361 915 1437 lateor3
936 1360 984 1421 sed

239 387 313 463 518

240 535 340 615 pliccm
349 536 620 595 accusationemNon
631 535 805 618 solumssenim
813 532 875 615 ipsi,
886 533 986 611 iuquit,
1040 533 1148 594 ἔθνεσιν.
1161 533 1229 594 Ἰδοὺ
1243 535 1290 594 καὶ
1305 536 1381 615 ἑτέρα
1396 538 1477 608 διπλῆ
1500 536 1648 618 κατηγορία
1662 536 1753 596 πάλιν.
1778 541 1817 597 08

241 627 401 686 contumelia
415 627 546 702 afficiunt,
558 626 606 685 sed
626 640 652 685 et
662 626 731 686 alios
742 625 777 684 ad
800 623 829 684 id
842 640 984 706 apparant.
1038 623 1091 706 γὰρ
1102 624 1180 702 μόνον
1191 626 1265 686 αὐτοί
1272 627 1384 706 ,ρησίη
1396 627 1430 685 86
1433 627 1555 709 ρίζουαιν,
1567 628 1638 688 ἀλλὰ
1652 628 1701 687 καὶ
1714 628 1816 708 ἐτέρους

241 719 331 793 Quae
323 718 406 798 igitur
416 717 779 801 doctrinaeutilitas,quaudo
791 738 839 777 vos
850 717 923 797 ipsos
935 738 988 776 non
1039 718 1076 781 είς
1089 721 1165 776 τοῦτο
1179 718 1418 798 παρασκευάζουσι.
1433 719 1524 778 Τί’
1483 743 1568 779 τοινυν
1583 723 1632 791 τῆς
1646 721 1817 789 διδασκαλίας

239 809 360 870 docetis?
374 813 475 871 Verum
485 810 537 870 hoc
545 823 649 871 tantum
644 832 780 892 superius
789 808 873 885 dtxll
885 809 930 870 luc
941 831 988 871 ve
1039 806 1180 887 ὄφελος,8
1180 833 1227 867 ταν
1249 809 1356 876 ἑαυτοὺς
1374 813 1446 889 μὴ
1432 812 1472 869 uo
1474 811 1588 886 ἄσκητες
1602 812 1675 872 Ἀλλ’
1695 816 1816 896 ἀνωτέρω

239 922 270 961 το
285 902 313 960 in
328 902 492 962 contrarium
502 903 594 964 vertit.
610 904 670 962 Non
692 901 780 961 solum
791 902 863 961 enim
874 923 928 961 non
940 923 987 962 vos
1040 895 1087 976 μὲν
1100 903 1176 958 τοῦτο
1189 889 1214 957 εἶ
1213 923 1246 958 πε
1264 899 1353 977 μόνον,
1374 904 1484 962 ἐνταῦθα
1500 902 1528 961 δὲ
1540 903 1586 962 καί
1605 904 1682 972 είς
1655 929 1688 964 το
1702 907 1816 964 ἐναντίον

240 993 324 1076 ipsos,
339 993 388 1054 sed
410 995 691 1055 necaliosdocetisea
707 1017 768 1074 quae
782 994 885 1074 agenda
899 1010 982 1056 sunt:
1002 987 1132 1070 ΰπῑρῑίτ
1135 995 1222 1071 Ἢεψῑν
1235 991 1306 1051 Οὐδὲ
1323 991 1375 1074 γὰρ
1390 992 1467 1071 μόνον
1482 994 1604 1067 ἑαυτοὺς,
1617 998 1678 1055 ἀλλ’
1687 996 1749 1056 οὐδὲ
1763 997 1816 1057 ἕτὲ·

236 1097 263 1144 ει
276 1084 349 1163 qund
361 1085 443 1166 longe
455 1087 565 1166 gravius
576 1100 626 1159 est,
642 1108 695 1146 nou
709 1086 797 1146 solum
812 1107 854 1160 ea,
869 1109 929 1164 quae
946 1086 985 1145 lc·
1041 1103 1100 1160 ρους
1111 1081 1250 1142 διδάσκετε
1262 1083 1297 1142 τδι
1307 1085 1445 1164 πρακτέα·
1458 1086 1503 1145 καί
1513 1086 1543 1144 τὸ
1556 1090 1647 1167 πολλῷ
1657 1088 1816 1169 χαλεπώτε·

237 1176 362 1257 gissunt,
377 1176 557 1254 nondocetis3
574 1177 619 1238 sed
640 1178 774 1237 contraria
787 1176 898 1253 docetis,
920 1177 982 1237 bla·
1041 1172 1182 1253 ρον,ὅτιού
1194 1173 1272 1253 μόνον
1285 1178 1315 1235 οὔ
1331 1176 1468 1235 διδάσκετε
1480 1177 1512 1236 τὰ
1523 1183 1568 1237 τοῦ
1578 1179 1678 1257 νόμω,
1690 1180 1761 1239 ἀλλὰ
1773 1182 1816 1240 καὶ

1038 1263 1072 1323 ad
1083 1265 1190 1325 ἐναντία
1204 1267 1357 1344 διδάσκετε,
1368 1273 1535 1350 βλασφημεῖν
1549 1271 1593 1331 τδν
1603 1271 1685 1345 θεὸν,
1695 1271 1763 1353 ὅπερ
1777 1277 1815 1334 ε’ν-

1040 1355 1127 1418 αντίον
1141 1357 1199 1416 ἐστὶ
1212 1362 1250 1439 τῷ
1261 1359 1344 1440 νόμῳ.
1359 1361 1429 1421 Ἀλλ’
1441 1367 1458 1434 ἡ
1470 1363 1601 1443 περιτομὴ
1617 1367 1707 1444 μέγα,
1728 1367 1814 1446 φησίν.

1039 1446 1200 1528 Ὁμολογῶ“
1222 1449 1314 1529 κάγιίι,
1335 1453 1404 1512 ἀλλὰ
1418 1455 1494 1526 τότε,
1520 1455 1581 1514 ὅταν
1601 1455 1651 1537 ἔχῃ
1673 1455 1723 1530 τὴν
1746 1457 1814 1519 ἔνδον

1039 1540 1195 1620 περιτομήν.
1205 1542 1260 1602 Καὶ
1271 1544 1364 1604 σκόπει
1375 1545 1478 1605 σύνεσιν
1480 1552 1552 1621 ,πῶς
1551 1548 1727 1665 εὐκαίρως
1701 1572 1749 1609 τον
1758 1553 1815 1631 περί

584 414 612 461 S·
643 413 783 461 Joauuts
809 411 993 461 cuutsos'r.
1025 411 1182 459 tuentur.
1211 411 1480 462 coustantium.

237 1466 311 1531 tuuc,
324 1474 386 1513 cum
396 1452 565 1512 circumcisio
572 1453 645 1513 intus
656 1453 782 1512 habetur.
796 1452 832 1512 Et
843 1451 905 1512 vide
912 1474 983 1532 pru-

236 1545 365 1622 dentiam,
378 1568 460 1626 quam
471 1559 621 1627 opportune
634 1546 691 1627 ejus
705 1545 866 1605 mentionem
880 1544 983 1604 intule-

236 1635 280 1698 rit.
291 1639 353 1699 Non
366 1639 438 1699 enim
460 1639 551 1698 statim
571 1640 606 1697 ab
619 1638 668 1697 illa
684 1659 762 1698 orsus
786 1651 835 1710 cst,
857 1636 985 1714 quoniam

235 1752 333 1811 magna
348 1745 405 1791 erat
415 1729 451 1791 dc
463 1731 510 1790 illa
522 1730 614 1811 opinio
618 1754 628 1808 γ
645 1729 693 1789 sed
706 1743 851 1812 postquam
867 1729 985 1789 ostendit

236 1824 301 1885 illos
314 1825 439 1906 amajori
453 1824 605 1895 offendisse,
619 1837 645 1883 et
658 1821 835 1904 blasphemia
853 1821 881 1881 in
895 1823 985 1881 Deum

237 1935 347 1977 causam
356 1938 430 1976 esse:
446 1930 510 1975 tunc
525 1915 636 1974 demum
648 1914 803 1974 auditorem
817 1914 919 1973 habeus
927 1917 986 1997 jam

1041 1635 1122 1705 αὐτῆς
1138 1632 1262 1714 εἰσήγαγε
1275 1635 1362 1714 λόγον.
1376 1636 1462 1695 08
1434 1663 1486 1720 γαρ
1502 1642 1558 1698 eoo
1546 1638 1594 1708 ε’ως
1607 1643 1653 1698 ἀπ’
1656 1644 1753 1715 αὐτῆς
1765 1643 1815 1722 dp·

1040 1723 1116 1799 ξατο,
1127 1726 1218 1798 ἐπειδὴ
1232 1719 1350 1800 πολλὴ
1333 1752 1364 1800 ην
1377 1733 1457 1802 αὐτῆς
1470 1735 1487 1803 ἡ
1500 1732 1645 1811 ὑποληψις·
1660 1736 1722 1794 ἀλλ’
1738 1735 1814 1808 ἡνίκα

1039 1817 1175 1887 ἔδειξεν
1146 1816 1239 1886 αυτοίις
1251 1820 1304 1880 ἀπὸ
1312 1842 1357 1878 του
1341 1822 1486 1900 ’“μείζονος
1497 1826 1762 1905 προσκεκρουκότας,
1772 1831 1814 1888 καὶ

1037 1913 1086 1982 τῆς
1100 1913 1136 1977 τίς
1157 1911 1202 1973 τδν
1224 1913 1294 1972 Θεὸν
1319 1915 1489 1994 βλασφημίας
1511 1917 1624 1990 αἰτίους,
1642 1918 1703 1978 τότε
1727 1920 1814 1981 λοιπὸν

236 2007 299 2069 illos
312 2007 495 2084 damnantem,
506 2021 532 2068 et
546 2008 602 2067 illis
616 2029 633 2066 a
656 2006 776 2089 primatu
797 2005 925 2082 exclusis,
951 2006 985 2067 dc
999 2023 1019 2070 Ι)
1038 1998 1128 2062 λαθὼν
1141 2001 1186 2081 τὸν
1200 2003 1332 2084 ἀκροατὴν
1343 2008 1529 2088 κατεγνωκότα
1543 2013 1642 2084 αὐτῶν,
1652 2011 1699 2070 καί
1711 2013 1815 2090 γυμνώ-

236 2103 439 2164 circumcisione
461 2102 529 2183 agit,
550 2100 687 2162 confidens
709 2100 843 2162 neminem
862 2100 919 2160 fore
937 2102 985 2181 qui

236 2194 278 2255 illi
291 2196 467 2275 suffragatum
477 2210 503 2254 et
518 2195 577 2254 ait·
593 2195 641 2254 u5.
664 2195 854 2253 Circumcisio
868 2196 985 2275 quidem

233 2289 364 2395 prodest,
379 2293 406 2348 si
422 2290 514 2369 legem
526 2292 666 2360 observes.
683 2287 766 2390 Atqui
783 2299 888 2368 poterat
906 2286 985 2347 alitor

236 2380 350 2452 illam
326 2381 431 2461 ejicere,
441 2380 603 2459 dicereque·
618 2368 723 2452 Quid
703 2379 776 2438 enim
789 2393 829 2438 εει
842 2378 984 2439 circumci-

1038 2120 1087 2164 σας
1099 2100 1147 2169 τῆς
1163 2097 1317 2179 προεδρίας,
1337 2099 1438 2179 είσοίγει
1461 2102 1506 2162 τὸν
1522 2102 1583 2182 περὶ
1601 2107 1651 2174 τῆς
1668 2102 1815 2184 περιτομῆς

1037 2189 1124 2268 λόγον,
1139 2191 1254 2271 θαρβῶν,
1269 2187 1310 2248 ὅτι
1325 2190 1409 2258 οὐδεὶς
1423 2196 1489 2273 αὐτῇ
1501 2197 1639 2275 ψηφιεῖται
1654 2195 1759 2270 λοιπὸν,
1771 2197 1815 2256 καί

1038 2301 1118 2358 φησι·
1132 2279 1270 2359 Περιτομὴ
1282 2279 1329 2359 μὲν
1340 2281 1390 2363 γὰρ
1403 2287 1513 2366 ὠφελεῖ,
1529 2287 1573 2345 ε’διν
1587 2285 1668 2366 νόμον
1681 2287 1812 2369 πράσσῃς.

1038 2371 1132 2433 Καίτοι
1153 2397 1184 2452 γε
1198 2377 1257 2447 ἐνῆν
1279 2375 1366 2442 άλλως
1380 2377 1461 2451 αὐτὴν
1476 2378 1608 2453 ἐκβαλεῖν,
1620 2377 1666 2438 καὶ
1682 2383 1776 2456 εἰπεῖν,
1787 2383 1812 2441 τί

236 2471 297 2531 sio?
310 2492 376 2531 num
385 2493 454 2552 opus
462 2471 565 2529 bonum
572 2472 685 2551 estejus,
696 2492 743 2548 qm
736 2469 982 2530 illamhahuerit?
1036 2464 1087 2545 γάρ
1099 2467 1169 2524 ἔστιν
1188 2470 1206 2537 ἡ
1228 2467 1377 2550 περιτομή,
1397 2469 1436 2549 μὴ
1450 2472 1502 2553 γὰρ
1513 2471 1676 2553 κατόρθωμά
1695 2478 1753 2535 ἐστι
1767 2482 1811 2535 τοῦ

235 2584 304 2623 uum
314 2562 379 2622 boui
394 2563 525 2645 propositi
520 2562 745 2642 argumentum?
756 2561 863 2640 Atqui
854 2582 882 2621 m
906 2574 985 2621 atate
1037 2557 1158 2638 {pompm
1173 2557 1211 2670 μὴ
1225 2559 1278 2673 γὰρ
1292 2562 1471 2642 προαιρέσεως
1491 2569 1590 2644 ἀγαθῆς
1606 2565 1748 2641 taudem
1761 2570 1813 2629 Ιίαί

236 2655 270 2716 fit
283 2655 429 2717 immatura
444 2679 451 2712 ι
470 2655 554 2734 etqui
569 2655 597 2714 in
608 2654 713 2714 deserto
723 2668 809 2730 erant,
821 2655 906 2715 multo
916 2669 984 2715 tcm-
1037 2649 1121 2730 γὰρ’
1109 2673 1135 2710 εν
1150 2649 1229 2731 ἀώρῳ
1244 2651 1345 2731 γίνεται
1361 2655 1470 2737 ἡλικία,
1493 2679 1538 2715 και
1557 2661 1582 2715 οἱ
1595 2659 1668 2716 tv*
1635 2683 1669 2738 τη
1683 2658 1812 2773 ἐρημιρδί

237 2746 305 2830 ροτε
319 2762 476 2809 manserunt
485 2747 666 2809 incircumcisi
680 2771 686 2804 :
701 2761 781 2826 atque
793 2744 903 2824 aliunde
914 2748 987 2808 mul
1038 2765 1136 2811 παντες
1148 2741 1281 2821 ἔμειναν
1266 2743 1442 2860 απερίτμητοι
1451 2771 1545 2828 γρυνυν
1555 2750 1652 2810 πολυν
1664 2776 1712 2812 και
1702 2753 1814 2834 ἕτερον

1039 2840 1080 2895 θεν
1093 2832 1120 2893 88
1134 2835 1298 2949 πολλαχόθεν
1310 2836 1359 2896 ίδοι
1371 2863 1411 2905 τις
1426 2838 1457 2897 ἂν
1479 2841 1561 2914 αὐτὴν
1573 2864 1602 2900 ου
1590 2843 1719 2924 σφόδρα
1731 2850 1812 2925 ἅναγ·

237 2933 387 3012 oaasariam.
396 2934 519 2992 Attamen
528 2953 580 2992 non
592 2931 653 2991 ideo
663 2932 739 2992 illam
747 2932 845 3012 rejicit,
859 2931 986 2993 scdunde
1039 2915 1158 2985 καίαν
1128 2949 1217 2987 ουσαν
1230 2927 1299 2988 Ἀλλ’
1314 2929 1421 3008 ὅμως
1396 2955 1444 2991 ουκ
1458 2934 1575 2991 ἐντεῦθεν
1588 2935 1672 3006 αυτὴν
1681 2937 1813 3012 ἐκὸαλλει,

238 3027 359 3087 maxime
373 3027 523 3108 oportebat,
536 3026 571 3085 ab
588 3026 753 3085 Abrahamo.
770 3027 842 3086 Nam
864 3026 985 3088 hincvi-
1000 3017 1098 3079 Edll'
1122 3015 1180 3076 ὅθεν
1200 3018 1380 3100 μάλισταέρ
1345 3025 1423 3133 γρῆυ,
1440 3022 1492 3082 ἀπὸ
1510 3047 1555 3083 του
1539 3023 1700 3106 Ἀθραάμ.
1715 3027 1814 3110 Ἥγδιρ

241 3119 327 3179 ctoria
339 3118 469 3178 celebrior
484 3132 532 3194 cst,
548 3140 571 3178 st
564 3116 645 3177 inde
657 3117 832 3199 despicabilis
846 3116 984 3196 videatur,

240 3210 332 3271 unde
323 3212 390 3292 ipsis
401 3211 563 3271 venerahilis
578 3224 643 3269 erat.
659 3210 832 3289 Quamquam
840 3208 930 3269 dicere
936 3231 985 3291 po·

238 3317 317 3380 terat,
343 3304 488 3386 prophetas
516 3303 626 3365 Judaeos
649 3323 746 3361 vocare
768 3301 984 3378 incircumcisos;

239 3416 334 3456 venum
348 3417 400 3455 nou
414 3409 452 3454 est
462 3395 514 3454 hoc
526 3393 736 3454 circumcisionis
755 3393 863 3468 vitium,
877 3393 924 3452 sed
937 3415 984 3454 co-

240 3508 312 3560 mm,
323 3486 369 3565 qui
382 3485 503 3544 illamale
511 3485 663 3543 utebantur.
675 3483 705 3543 ld
712 3484 786 3563 quod
793 3485 923 3563 quaritur
932 3499 982 3563 est,

240 3592 271 3638 ut
283 3576 439 3637 ostendatur
453 3576 570 3635 illumin
585 3575 686 3656 optima
700 3576 757 3637 vita
782 3576 853 3635 nihil
878 3576 984 3636 roboris

239 3671 338 3732 habere
352 3695 359 3728 ε
371 3671 424 3730 hoc
446 3682 536 3730 autcm
555 3669 602 3728 illc
614 3667 742 3750 deinceps
765 3668 871 3750 probat.
886 3669 922 3728 Et
939 3669 983 3730 hic

239 3762 351 3843 quidem
358 3759 540 3844 patriarcham
551 3781 604 3819 nou
617 3759 739 3835 adducit,
751 3760 798 3820 sed
812 3760 866 3819 alia
872 3781 906 3819 ex
920 3783 983 3841 par-

239 3870 266 3918 ιε
285 3856 363 3939 prius
382 3855 459 3914 illam
471 3853 609 3936 dejiciens,
635 3866 727 3957 ppstea
749 3852 828 3912 illum
843 3854 981 3930 observat,

88 3969 185 4028 Roma
192 3982 227 4016 ιο.
238 3971 301 4011 cum
317 3948 421 4009 deiide
441 3948 523 4010 verba
545 3945 626 4018 facit,
642 3945 681 4006 sic
702 3944 814 4005 diceus.
833 3947 1070 4024 ρυοοιοάοπη

238 4039 615 4126 igiturimputntaestfides
623 4037 778 4098 Abrahae?
765 4044 855 4097 icum
868 4051 941 4098 esset
952 4042 1014 4131 iu⁴7

1038 3107 1217 3190 ὑπερβολὴ
1184 3134 1232 3183 της
1242 3111 1394 3184 νίκηςαυτη
1401 3160 1409 3188 ,
1423 3114 1504 3183 δεῖξαι
1514 3120 1630 3176 ἐντεῦθεν
1642 3111 1766 3191 αὐτδν
1734 3145 1812 3181 ουσαν

1038 3203 1278 3283 εὐκαταφρόνητον,
1298 3205 1396 3265 ὅθεν
1367 3216 1452 3274 αυτοῖς
1468 3208 1524 3267 αίδέ
1513 3232 1632 3286 ε,σιμος
1615 3202 1658 3270 ίν
1674 3212 1771 3272 Καίτοι
1784 3238 1812 3294 γι

1037 3295 1151 3367 ἠδύνατο
1160 3296 1256 3376 λε’γειν,
1269 3298 1310 3359 ὅτι
1321 3298 1367 3358 καί
1377 3303 1401 3358 οί
1415 3306 1548 3380 προφῆται
1561 3305 1757 3383 ἀπεριτμήτους
1766 3331 1812 3366 κα-

1037 3390 1128 3449 λοῦσιν
1151 3388 1308 3459 Ἰουδαίους·
1324 3395 1383 3452 ἀλλ’
1406 3393 1479 3452 οὔπω
1502 3401 1580 3453 τοῦτο
1595 3401 1642 3468 τῆς
1666 3406 1811 3479 περιτομῆς

1037 3483 1108 3542 ἔστιν
1124 3481 1282 3562 ἐλάττωμα,
1305 3485 1373 3545 ἀλλὰ
1387 3491 1438 3545 τῶν
1455 3492 1543 3554 κακῶς
1562 3489 1642 3562 αὐτὴν
1658 3492 1809 3567 μετιόντων.

1037 3574 1077 3633 Τὸ
1090 3573 1117 3634 88
1129 3575 1297 3654 ζητούμενον,
1309 3577 1389 3645 δεῖξαι
1403 3578 1444 3639 ὅτι
1458 3580 1504 3637 καί
1519 3584 1546 3640 ἓν
1558 3582 1659 3663 ἀρίστῳ
1672 3584 1723 3664 βίῳ
1737 3588 1809 3645 οὐδε·

1037 3666 1100 3746 μίαν
1116 3666 1191 3748 ίσγίιν
1205 3668 1276 3749 ἔχει·
1293 3676 1370 3729 τοῦτο
1385 3671 1416 3745 δὴ
1431 3675 1623 3742 κατασκευάζει
1637 3678 1742 3738 λοιπόν.
1759 3680 1809 3739 Καί

1037 3761 1148 3819 ἐνταῦθα
1166 3762 1214 3839 μὲν
1228 3763 1258 3820 08
1272 3763 1386 3843 παράγει
1399 3765 1443 3824 τδν
1457 3765 1636 3848 πατριάρχην,
1653 3769 1723 3830 α’λλδ
1740 3774 1808 3851 πρό-

1036 3874 1110 3932 τερον
1124 3851 1249 3934 ἑτέρωθεν
1262 3855 1344 3927 αὐτὴν
1356 3881 1376 3914 π
1379 3857 1606 3936 ροκαταὸαλὼν,“
1588 3884 1700 3974 ρστερον
1713 3863 1808 3923 ἐκεινου

1037 3953 1126 4057 eppei,
1141 3943 1238 4003 dcun*
1246 3945 1290 4004 τδν
1307 3948 1367 4028 περὶ
1379 3953 1426 4020 τῆς
1446 3949 1560 4018 πίστεως
1575 3953 1704 4033 εἰσαγάγῃ
1724 3954 1809 4033 λόγον,

1016 4035 1106 4127 5οίίτω
1117 4037 1215 4116 λεγων·
1225 4029 1331 4107 Πῶς
1301 4063 1345 4097 ουν
1357 4042 1479 4120 ἐλογίσθη
1490 4048 1507 4114 ἡ
1520 4045 1656 4111 πίστις
1620 4068 1658 4124 τῳ
1671 4045 1808 4126 Ἀθραάμ·

237 4155 468 4208 circumcisione,
477 4154 519 4193 an
527 4153 592 4192 cum
599 4145 672 4192 esset
682 4153 715 4190 m
721 4132 984 4213 preputiotlionec
1000 4145 1020 4191 Λ
1037 4131 1064 4187 ἐν
1077 4152 1209 4210 περιτουῃ
1192 4129 1345 4204 ὄντι,ῆέ
1345 4158 1358 4191 ν
1373 4135 1439 4214 ακρ
1426 4135 1549 4215 οὸυστία;
1562 4134 1636 4203 Ἕως
1652 4137 1700 4214 μὲν
1713 4139 1791 4221 γὰρ
1779 4164 1809 4198 αν

238 4231 312 4292 enim
323 4230 383 4290 hac
395 4229 525 4290 adversus
539 4227 665 4308 gentilem
679 4241 704 4287 et
717 4227 908 4309 praeputiatum
929 4227 981 4287 de-

238 4336 334 4401 certat,
349 4321 419 4382 nihil
430 4321 529 4381 homm
539 4320 599 4380 vult
609 4318 708 4423 dicere,
723 4340 757 4378 ne
767 4317 982 4379 valdconerosus

238 4417 295 4477 sit:
311 4428 473 4475 comantem
491 4410 661 4473 circumcisio
679 4411 810 4472 adversus
828 4409 912 4470 fidem
926 4432 981 4490 pu-

237 4520 314 4588 gnat,
325 4521 390 4567 tunc
403 4519 494 4565 contra
508 4504 584 4563 illam
594 4502 753 4582 accingitur.
764 4501 875 4561 lnterim
885 4499 980 4561 adver·

237 4623 284 4663 sus
298 4599 461 4684 praeputium
472 4619 563 4679 pugna
575 4611 614 4656 est
626 4621 633 4654 ι
644 4609 807 4677 quapropter
820 4595 912 4654 mitius
935 4595 979 4655 lo-

237 4694 342 4773 quitur,
355 4707 381 4753 et
399 4692 459 4751 ait:
475 4692 665 4750 Circumcisio
679 4689 795 4769 quidem
812 4689 941 4768 prodest,
955 4691 980 4747 si

238 4788 526 4871 legemobscrves;si
547 4795 647 4842 autem
669 4784 880 4861 praevaricator
909 4781 979 4861 legis

236 4885 340 4962 fueris,
370 4880 552 4939 circumcisio
582 4888 635 4934 tua
655 4877 687 4932 in
709 4878 884 4954 praeputium
911 4894 978 4932 oer-

270 5054 281 5078 ε
298 5039 377 5103 [nasas
392 5030 538 5085 addidimus
557 5047 587 5082 ex
600 5033 629 5081 d.
649 5031 824 5098 quipraeterca
846 5037 908 5084 ἀλλὰ
925 5041 990 5096 ποτε,

236 5116 290 5169 Cir.
301 5133 326 5180 p.
338 5116 402 5175 475,
416 5114 445 5163 l).
459 5112 468 5178 ]

271 5198 283 5236 Ι)
301 5203 339 5248 τδν
356 5207 396 5254 τῆς
413 5201 519 5255 πίστεως,
531 5191 567 5241 εἰσ
582 5187 633 5239 alii.
646 5186 652 5257 [
663 5186 733 5240 lnt'ra
746 5186 814 5254 lraec,
828 5195 841 5249 ἡ
854 5197 936 5251 πίστις,
950 5187 995 5239 ‹le-

1036 4220 1155 4303 πρδςν
1110 4221 1155 4282 τδν
1166 4221 1308 4282 ἕθνικδν“
1278 4247 1343 4298 αυτη
1354 4224 1454 4286 καὶτὸν
1465 4226 1627 4307 οίκρόὸυστον
1639 4229 1772 4308 σἰγωνίζητ
1773 4256 1808 4303 αι,

1036 4317 1080 4375 ουδ
1053 4313 1108 4376 ’δέν
1122 4315 1244 4396 βνίιλεται
1257 4315 1355 4376 τούτων
1370 4321 1462 4389 εἰπεῖν,
1472 4319 1514 4378 ἵνα
1524 4319 1564 4430 μὴ
1577 4320 1677 4401 σφόδρα
1688 4326 1809 4406 φορτικὸς

1035 4432 1068 4486 ῃ·
1083 4409 1146 4469 ὅταν
1158 4409 1185 4468 δ
1200 4408 1264 4490 πρδς
1275 4407 1368 4481 τῆν’
1337 4434 1426 4469 πιστιν
1439 4415 1530 4489 απομα
1532 4436 1628 4492 purat,
1641 4413 1702 4475 τότε
1718 4419 1808 4496 μειζο-

1035 4525 1085 4568 νως
1105 4499 1169 4582 πρὸς
1188 4499 1309 4572 αιἰτῆν’
1294 4501 1445 4562 αποδύεται.
1469 4502 1544 4570 [ἕως
1567 4504 1658 4582 μέντοι
1679 4508 1789 4620 πρδς
1761 4535 1808 4583 την

1035 4592 1209 4674 άκροὸυστίαν
1224 4599 1241 4666 ἡ
1258 4594 1347 4675 μάχη·
1365 4595 1462 4655 διὸκαὶ
1479 4597 1623 4688 ὑφειμένως
1636 4601 1750 4683 προάγει
1765 4605 1808 4664 τὸν

1033 4683 1119 4797 λόγον,
1135 4683 1181 4743 καί
1203 4708 1282 4765 φησι·
1298 4687 1496 4767 Πετριτομῆ
1467 4712 1514 4767 μεν
1538 4689 1590 4771 γὰρ
1611 4693 1724 4804 ὠφελεῖ,
1740 4694 1808 4756 ἔδυ

1033 4775 1154 4857 πράσσῃς
1169 4774 1213 4834 τὸν
1230 4777 1324 4854 νόμον·
1347 4779 1391 4839 ἐὰν
1409 4778 1653 4861 δὲπαραθάτης’
1623 4805 1705 4861 νομου
1726 4778 1807 4865 ᾖς,θ,

1033 4867 1163 4949 περιτομή
1186 4891 1232 4928 σου
1249 4871 1459 4950 ἀκροθυστία’
1430 4896 1527 4953 γεγονε.
1543 4872 1597 4935 Διίυ
1622 4875 1675 4955 γδρ
1696 4881 1807 4936 ἐνταῦθα

1041 5028 1137 5078 suntin
1151 5028 1191 5093 λ.]

1076 5105 1088 5132 ¹¹
1106 5106 1145 5171 [A.
1159 5115 1197 5160 ίαν
1209 5120 1277 5176 νόμον
1288 5116 1399 5180 πράττῃς.
1411 5107 1452 5160 Sic
1465 5109 1545 5161 Ediu.
1559 5111 1637 5178 Bibl]
