<?xml version="1.0" encoding="UTF-8"?>
<!DOCTYPE html PUBLIC "-//W3C//DTD XHTML 1.0 Transitional//EN"
    "http://www.w3.org/TR/xhtml1/DTD/xhtml1-transitional.dtd">
<html xmlns="http://www.w3.org/1999/xhtml" xml:lang="en" lang="en">
 <head>
  <title>
</title>
<meta http-equiv="Content-Type" content="text/html;charset=utf-8" />
  <meta name='ocr-system' content='tesseract 3.04.00' />
  <meta name='ocr-capabilities' content='ocr_page ocr_carea ocr_par ocr_line ocrx_word'/>
</head>
<body>
  <div class='ocr_page' id='page_1' title='image "./sanctipatrisnos01chrygoog_0029.png"; bbox 0 0 3728 5978; ppageno 0'>
   <div class='ocr_carea' id='block_1_1' title="bbox 89 451 1333 504">
    <p class='ocr_par' dir='ltr' id='par_1_1' title="bbox 89 451 1333 504">
     <span class='ocr_line' id='line_1_1' title="bbox 89 451 1333 504; baseline -0.005 0"><span class='ocrx_word' id='word_1_1' title='bbox 89 452 141 504; x_wconf 77' lang='lat'>12¹</span> <span class='ocrx_word' id='word_1_2' title='bbox 436 453 465 500; x_wconf 83' lang='lat' dir='ltr'>S.</span> <span class='ocrx_word' id='word_1_3' title='bbox 493 452 634 500; x_wconf 77' lang='lat' dir='ltr'><strong>toattuts</strong></span> <span class='ocrx_word' id='word_1_4' title='bbox 660 451 845 500; x_wconf 81' lang='lat' dir='ltr'><strong>CHRYSOST·</strong></span> <span class='ocrx_word' id='word_1_5' title='bbox 875 452 1030 500; x_wconf 74' lang='lat' dir='ltr'><strong>tuentur.</strong></span> <span class='ocrx_word' id='word_1_6' title='bbox 1059 452 1333 501; x_wconf 75' lang='lat' dir='ltr'><strong>cottsrturtuor.</strong></span> 
     </span>
    </p>
   </div>
   <div class='ocr_carea' id='block_1_2' title="bbox 0 572 1696 4989">
    <p class='ocr_par' dir='ltr' id='par_1_2' title="bbox 0 572 1696 4989">
     <span class='ocr_line' id='line_1_2' title="bbox 83 572 1659 655; baseline -0.005 -18"><span class='ocrx_word' id='word_1_7' title='bbox 83 576 252 650; x_wconf 79' lang='lat' dir='ltr'><strong>haeserimus,</strong></span> <span class='ocrx_word' id='word_1_8' title='bbox 272 573 432 634; x_wconf 84' lang='lat' dir='ltr'><strong>beneficium</strong></span> <span class='ocrx_word' id='word_1_9' title='bbox 446 594 499 633; x_wconf 89' lang='lat' dir='ltr'>nou</span> <span class='ocrx_word' id='word_1_10' title='bbox 520 572 600 635; x_wconf 89' lang='lat' dir='ltr'><strong>valde</strong></span> <span class='ocrx_word' id='word_1_11' title='bbox 615 572 769 633; x_wconf 85' lang='lat' dir='ltr'>sentiemus.</span> <span class='ocrx_word' id='word_1_12' title='bbox 782 573 828 633; x_wconf 88' lang='lat' dir='ltr'>Sic</span> <span class='ocrx_word' id='word_1_13' title='bbox 883 572 942 635; x_wconf 72' lang='lat' dir='ltr'><strong>etta</strong></span> <span class='ocrx_word' id='word_1_14' title='bbox 963 576 1011 646; x_wconf 76' lang='grc' dir='ltr'>τῆς</span> <span class='ocrx_word' id='word_1_15' title='bbox 1033 573 1182 655; x_wconf 73' lang='grc' dir='ltr'>υλεργεοίας</span> <span class='ocrx_word' id='word_1_16' title='bbox 1200 572 1300 654; x_wconf 84' lang='grc' dir='ltr'>ορόδρα</span> <span class='ocrx_word' id='word_1_17' title='bbox 1314 574 1498 651; x_wconf 82' lang='grc' dir='ltr'>αἰσθανόμεθα.</span> <span class='ocrx_word' id='word_1_18' title='bbox 1513 573 1595 633; x_wconf 85' lang='grc' dir='ltr'>Οθτω</span> <span class='ocrx_word' id='word_1_19' title='bbox 1611 572 1659 632; x_wconf 80' lang='grc' dir='ltr'>καὶ</span> 
     </span>
     <span class='ocr_line' id='line_1_3' title="bbox 85 656 1658 746; baseline -0.006 -15"><span class='ocrx_word' id='word_1_20' title='bbox 85 684 112 732; x_wconf 84' lang='grc' dir='ltr'>ει</span> <span class='ocrx_word' id='word_1_21' title='bbox 125 670 210 731; x_wconf 88' lang='lat' dir='ltr'><strong>Paulo</strong></span> <span class='ocrx_word' id='word_1_22' title='bbox 224 689 277 729; x_wconf 90' lang='lat' dir='ltr'>uon</span> <span class='ocrx_word' id='word_1_23' title='bbox 290 667 381 728; x_wconf 90' lang='lat' dir='ltr'><strong>statim</strong></span> <span class='ocrx_word' id='word_1_24' title='bbox 396 666 461 726; x_wconf 92' lang='lat' dir='ltr'><strong>data</strong></span> <span class='ocrx_word' id='word_1_25' title='bbox 473 680 514 726; x_wconf 88' lang='lat' dir='ltr'>est</span> <span class='ocrx_word' id='word_1_26' title='bbox 529 666 629 746; x_wconf 89' lang='lat' dir='ltr'><strong>gratia,</strong></span> <span class='ocrx_word' id='word_1_27' title='bbox 644 665 692 726; x_wconf 87' lang='lat' dir='ltr'>sed</span> <span class='ocrx_word' id='word_1_28' title='bbox 706 664 829 725; x_wconf 90' lang='lat' dir='ltr'><strong>triduum</strong></span> <span class='ocrx_word' id='word_1_29' title='bbox 883 666 942 727; x_wconf 64' lang='lat' dir='ltr'><strong>teet</strong></span> <span class='ocrx_word' id='word_1_30' title='bbox 956 664 1079 725; x_wconf 78' lang='grc' dir='ltr'>Παύλου·</span> <span class='ocrx_word' id='word_1_31' title='bbox 1101 669 1149 726; x_wconf 79' lang='grc' dir='ltr'>οὐκ</span> <span class='ocrx_word' id='word_1_32' title='bbox 1165 666 1257 732; x_wconf 80' lang='grc' dir='ltr'>εὐθέως</span> <span class='ocrx_word' id='word_1_33' title='bbox 1271 670 1288 737; x_wconf 83' lang='grc' dir='ltr'>ἡ</span> <span class='ocrx_word' id='word_1_34' title='bbox 1305 665 1344 745; x_wconf 89' lang='grc' dir='ltr'>χά</span> <span class='ocrx_word' id='word_1_35' title='bbox 1363 689 1385 732; x_wconf 86' lang='grc' dir='ltr'>ις</span> <span class='ocrx_word' id='word_1_36' title='bbox 1394 656 1486 739; x_wconf 73' lang='grc' dir='ltr'>ἦλθεν,</span> <span class='ocrx_word' id='word_1_37' title='bbox 1504 664 1574 725; x_wconf 74' lang='grc' dir='ltr'>ἀλλὰ</span> <span class='ocrx_word' id='word_1_38' title='bbox 1584 672 1658 744; x_wconf 98' lang='grc' dir='ltr'>τρεῖς</span> 
     </span>
     <span class='ocr_line' id='line_1_4' title="bbox 85 689 1659 840; baseline -0.004 -17"><span class='ocrx_word' id='word_1_39' title='bbox 85 761 233 823; x_wconf 72' lang='lat' dir='ltr'><strong>intercessit</strong></span> <span class='ocrx_word' id='word_1_40' title='bbox 253 782 307 840; x_wconf 92' lang='lat' dir='ltr'><strong>quo</strong></span> <span class='ocrx_word' id='word_1_41' title='bbox 329 780 415 819; x_wconf 78' lang='lat' dir='ltr'><strong>cacus</strong></span> <span class='ocrx_word' id='word_1_42' title='bbox 436 772 512 836; x_wconf 87' lang='lat' dir='ltr'><strong>erat,</strong></span> <span class='ocrx_word' id='word_1_43' title='bbox 530 772 612 836; x_wconf 86' lang='lat' dir='ltr'><strong>atque</strong></span> <span class='ocrx_word' id='word_1_44' title='bbox 631 757 738 818; x_wconf 80' lang='lat' dir='ltr'><strong>interim</strong></span> <span class='ocrx_word' id='word_1_45' title='bbox 756 771 830 817; x_wconf 90' lang='lat' dir='ltr'><strong>metu</strong></span> <span class='ocrx_word' id='word_1_46' title='bbox 881 758 981 837; x_wconf 78' lang='grc' dir='ltr'>ἡμέραι</span> <span class='ocrx_word' id='word_1_47' title='bbox 999 758 1118 836; x_wconf 83' lang='grc' dir='ltr'>ἐγένοντο</span> <span class='ocrx_word' id='word_1_48' title='bbox 1140 756 1256 838; x_wconf 80' lang='grc' dir='ltr'>μεταξὺ,</span> <span class='ocrx_word' id='word_1_49' title='bbox 1277 758 1304 815; x_wconf 88' lang='grc' dir='ltr'>ἐν</span> <span class='ocrx_word' id='word_1_50' title='bbox 1319 689 1405 829; x_wconf 61' lang='lat' dir='ltr'><strong>aliis</strong></span> <span class='ocrx_word' id='word_1_51' title='bbox 1423 756 1531 838; x_wconf 84' lang='grc' dir='ltr'>τυρλδς,</span> <span class='ocrx_word' id='word_1_52' title='bbox 1544 757 1597 816; x_wconf 77' lang='grc' dir='ltr'>ὑπὸ</span> <span class='ocrx_word' id='word_1_53' title='bbox 1610 763 1659 816; x_wconf 79' lang='grc' dir='ltr'>τοῦ</span> 
     </span>
     <span class='ocr_line' id='line_1_5' title="bbox 86 847 1657 938; baseline -0.004 -25"><span class='ocrx_word' id='word_1_54' title='bbox 86 851 502 938; x_wconf 83' lang='lat' dir='ltr'><strong>purgabaturctpraeparabatur.</strong></span> <span class='ocrx_word' id='word_1_55' title='bbox 512 849 751 926; x_wconf 78' lang='lat' dir='ltr'><strong>Quemadmodum</strong></span> <span class='ocrx_word' id='word_1_56' title='bbox 760 851 833 911; x_wconf 86' lang='lat' dir='ltr'><strong>enim</strong></span> <span class='ocrx_word' id='word_1_57' title='bbox 883 848 964 930; x_wconf 75' lang='grc' dir='ltr'>φύύοιι</span> <span class='ocrx_word' id='word_1_58' title='bbox 979 848 1148 930; x_wconf 86' lang='grc' dir='ltr'>σμηχύμενος</span> <span class='ocrx_word' id='word_1_59' title='bbox 1161 849 1207 910; x_wconf 77' lang='grc' dir='ltr'>καί</span> <span class='ocrx_word' id='word_1_60' title='bbox 1222 847 1543 930; x_wconf 76' lang='grc' dir='ltr'>προπαρασκευαζόμενος.</span> <span class='ocrx_word' id='word_1_61' title='bbox 1560 847 1657 907; x_wconf 72' lang='lat' dir='ltr'><strong>Katat-</strong></span> 
     </span>
     <span class='ocr_line' id='line_1_6' title="bbox 86 939 1659 1029; baseline -0.005 -22"><span class='ocrx_word' id='word_1_62' title='bbox 86 949 134 1028; x_wconf 90' lang='lat' dir='ltr'>qui</span> <span class='ocrx_word' id='word_1_63' title='bbox 159 967 308 1029; x_wconf 82' lang='lat' dir='ltr'>purpuram</span> <span class='ocrx_word' id='word_1_64' title='bbox 331 945 462 1024; x_wconf 86' lang='lat' dir='ltr'><strong>tingunt,</strong></span> <span class='ocrx_word' id='word_1_65' title='bbox 488 943 563 1026; x_wconf 88' lang='lat' dir='ltr'><strong>prius</strong></span> <span class='ocrx_word' id='word_1_66' title='bbox 585 942 749 1023; x_wconf 89' lang='lat' dir='ltr'><strong>quibusdam</strong></span> <span class='ocrx_word' id='word_1_67' title='bbox 769 942 831 1002; x_wconf 88' lang='lat' dir='ltr'><strong>aliis</strong></span> <span class='ocrx_word' id='word_1_68' title='bbox 882 966 933 1024; x_wconf 88' lang='grc' dir='ltr'>περ</span> <span class='ocrx_word' id='word_1_69' title='bbox 944 943 996 1024; x_wconf 79' lang='grc' dir='ltr'>γάρ</span> <span class='ocrx_word' id='word_1_70' title='bbox 1005 944 1030 1002; x_wconf 76' lang='lat' dir='ltr'><strong>cl</strong></span> <span class='ocrx_word' id='word_1_71' title='bbox 1039 941 1088 1015; x_wconf 77' lang='grc' dir='ltr'>τλν</span> <span class='ocrx_word' id='word_1_72' title='bbox 1099 941 1240 1023; x_wconf 82' lang='grc' dir='ltr'>ἁλουργίδα</span> <span class='ocrx_word' id='word_1_73' title='bbox 1252 941 1544 1022; x_wconf 84' lang='grc' dir='ltr'>βάπτοντες,πρότερον</span> <span class='ocrx_word' id='word_1_74' title='bbox 1558 939 1659 1021; x_wconf 83' lang='grc' dir='ltr'>έτάροις</span> 
     </span>
     <span class='ocr_line' id='line_1_7' title="bbox 86 1032 1657 1120; baseline -0.006 -21"><span class='ocrx_word' id='word_1_75' title='bbox 86 1051 239 1120; x_wconf 69' lang='lat' dir='ltr'><strong>praeparant</strong></span> <span class='ocrx_word' id='word_1_76' title='bbox 251 1036 299 1115; x_wconf 90' lang='lat' dir='ltr'><strong>id,</strong></span> <span class='ocrx_word' id='word_1_77' title='bbox 322 1037 395 1116; x_wconf 88' lang='lat' dir='ltr'><strong>quod</strong></span> <span class='ocrx_word' id='word_1_78' title='bbox 416 1036 562 1095; x_wconf 89' lang='lat' dir='ltr'><strong>tincturam</strong></span> <span class='ocrx_word' id='word_1_79' title='bbox 581 1048 754 1116; x_wconf 88' lang='lat' dir='ltr'><strong>accepturum</strong></span> <span class='ocrx_word' id='word_1_80' title='bbox 772 1048 828 1113; x_wconf 89' lang='lat' dir='ltr'><strong>est,</strong></span> <span class='ocrx_word' id='word_1_81' title='bbox 882 1034 938 1095; x_wconf 80' lang='grc' dir='ltr'>τισί</span> <span class='ocrx_word' id='word_1_82' title='bbox 950 1035 982 1095; x_wconf 81' lang='grc' dir='ltr'>τό</span> <span class='ocrx_word' id='word_1_83' title='bbox 1001 1033 1140 1115; x_wconf 74' lang='grc' dir='ltr'>δεχόμενον</span> <span class='ocrx_word' id='word_1_84' title='bbox 1163 1035 1211 1109; x_wconf 80' lang='grc' dir='ltr'>τὴν</span> <span class='ocrx_word' id='word_1_85' title='bbox 1237 1033 1324 1115; x_wconf 77' lang='grc' dir='ltr'>βαρὴν</span> <span class='ocrx_word' id='word_1_86' title='bbox 1347 1032 1657 1116; x_wconf 78' lang='grc' dir='ltr'>προπαρασκευάζουσιν,</span> 
     </span>
     <span class='ocr_line' id='line_1_8' title="bbox 86 1123 1657 1208; baseline -0.004 -17"><span class='ocrx_word' id='word_1_87' title='bbox 86 1151 120 1191; x_wconf 88' lang='lat' dir='ltr'><strong>ne</strong></span> <span class='ocrx_word' id='word_1_88' title='bbox 133 1131 182 1191; x_wconf 87' lang='lat' dir='ltr'>flos</span> <span class='ocrx_word' id='word_1_89' title='bbox 202 1129 336 1191; x_wconf 84' lang='lat' dir='ltr'><strong>evanidus</strong></span> <span class='ocrx_word' id='word_1_90' title='bbox 356 1130 405 1189; x_wconf 86' lang='lat' dir='ltr'><strong>sit:</strong></span> <span class='ocrx_word' id='word_1_91' title='bbox 419 1129 457 1188; x_wconf 88' lang='lat' dir='ltr'>ita</span> <span class='ocrx_word' id='word_1_92' title='bbox 476 1127 523 1188; x_wconf 90' lang='lat' dir='ltr'>bic</span> <span class='ocrx_word' id='word_1_93' title='bbox 537 1148 644 1207; x_wconf 88' lang='lat' dir='ltr'><strong>quoque</strong></span> <span class='ocrx_word' id='word_1_94' title='bbox 659 1128 734 1186; x_wconf 88' lang='lat' dir='ltr'><strong>Deus</strong></span> <span class='ocrx_word' id='word_1_95' title='bbox 754 1126 832 1208; x_wconf 88' lang='lat' dir='ltr'><strong>prius</strong></span> <span class='ocrx_word' id='word_1_96' title='bbox 883 1126 927 1186; x_wconf 75' lang='grc' dir='ltr'>ἵνα</span> <span class='ocrx_word' id='word_1_97' title='bbox 951 1128 989 1205; x_wconf 74' lang='grc' dir='ltr'>μὴ</span> <span class='ocrx_word' id='word_1_98' title='bbox 1004 1127 1120 1200; x_wconf 80' lang='grc' dir='ltr'>ἐξίτηλον</span> <span class='ocrx_word' id='word_1_99' title='bbox 1132 1127 1243 1206; x_wconf 88' lang='grc' dir='ltr'>γένηται</span> <span class='ocrx_word' id='word_1_100' title='bbox 1255 1128 1287 1187; x_wconf 79' lang='grc' dir='ltr'>τὸ</span> <span class='ocrx_word' id='word_1_101' title='bbox 1304 1126 1398 1205; x_wconf 77' lang='grc' dir='ltr'>ἄνθος·</span> <span class='ocrx_word' id='word_1_102' title='bbox 1417 1125 1486 1186; x_wconf 73' lang='lat' dir='ltr'><strong>obtat</strong></span> <span class='ocrx_word' id='word_1_103' title='bbox 1504 1124 1536 1198; x_wconf 78' lang='grc' dir='ltr'>δὴ</span> <span class='ocrx_word' id='word_1_104' title='bbox 1552 1123 1598 1185; x_wconf 80' lang='grc' dir='ltr'>καλ</span> <span class='ocrx_word' id='word_1_105' title='bbox 1613 1128 1657 1185; x_wconf 79' lang='grc' dir='ltr'>ἐν·</span> 
     </span>
     <span class='ocr_line' id='line_1_9' title="bbox 5 1215 1656 1370; baseline -0.004 -88.866"><span class='ocrx_word' id='word_1_106' title='bbox 5 1239 77 1343; x_wconf 60' lang='lat' dir='ltr'><strong>ippu-</strong></span> <span class='ocrx_word' id='word_1_107' title='bbox 61 1217 832 1326; x_wconf 75' lang='lat' dir='ltr'><strong>1sollicitamanimampraeparat,ettuncgratiaminlun·</strong></span> <span class='ocrx_word' id='word_1_108' title='bbox 884 1225 967 1280; x_wconf 81' lang='grc' dir='ltr'>ταῖθα</span> <span class='ocrx_word' id='word_1_109' title='bbox 985 1220 1111 1302; x_wconf 80' lang='grc' dir='ltr'>πρότερον</span> <span class='ocrx_word' id='word_1_110' title='bbox 1138 1218 1371 1370; x_wconf 82' lang='grc' dir='ltr'>μεμεριμνημένην</span> <span class='ocrx_word' id='word_1_111' title='bbox 1393 1219 1561 1287; x_wconf 85' lang='grc' dir='ltr'>καταοκευάζ</span> <span class='ocrx_word' id='word_1_112' title='bbox 1561 1241 1586 1276; x_wconf 89' lang='grc' dir='ltr'>ει</span> <span class='ocrx_word' id='word_1_113' title='bbox 1547 1215 1656 1290; x_wconf 75' lang='grc' dir='ltr'>ζτην</span> 
     </span>
     <span class='ocr_line' id='line_1_10' title="bbox 20 1309 1657 1421; baseline -0.006 -43.622"><span class='ocrx_word' id='word_1_114' title='bbox 20 1309 138 1421; x_wconf 50' lang='lat' dir='ltr'><strong>‘fig&#39;dit</strong></span> <span class='ocrx_word' id='word_1_115' title='bbox 163 1317 269 1378; x_wconf 92' lang='lat' dir='ltr'><strong>ldcirco</strong></span> <span class='ocrx_word' id='word_1_116' title='bbox 289 1337 342 1375; x_wconf 91' lang='lat' dir='ltr'>uon</span> <span class='ocrx_word' id='word_1_117' title='bbox 363 1314 455 1374; x_wconf 87' lang='lat' dir='ltr'><strong>statim</strong></span> <span class='ocrx_word' id='word_1_118' title='bbox 475 1313 609 1395; x_wconf 90' lang='lat' dir='ltr'><strong>Spiritum</strong></span> <span class='ocrx_word' id='word_1_119' title='bbox 632 1311 719 1388; x_wconf 87' lang='lat' dir='ltr'><strong>misit,</strong></span> <span class='ocrx_word' id='word_1_120' title='bbox 735 1311 810 1370; x_wconf 87' lang='lat' dir='ltr'><strong>setl</strong></span> <span class='ocrx_word' id='word_1_121' title='bbox 802 1333 830 1371; x_wconf 92' lang='grc' dir='ltr'>ιιι</span> <span class='ocrx_word' id='word_1_122' title='bbox 848 1324 867 1372; x_wconf 83' lang='lat' dir='ltr'><strong>c</strong></span> <span class='ocrx_word' id='word_1_123' title='bbox 884 1312 972 1394; x_wconf 72' lang='grc' dir='ltr'>ψυχὴν</span> <span class='ocrx_word' id='word_1_124' title='bbox 987 1318 1001 1372; x_wconf 86' lang='grc' dir='ltr'>ό</span> <span class='ocrx_word' id='word_1_125' title='bbox 1015 1312 1099 1383; x_wconf 87' lang='grc' dir='ltr'>Θεος,</span> <span class='ocrx_word' id='word_1_126' title='bbox 1116 1311 1163 1370; x_wconf 81' lang='grc' dir='ltr'>καλ</span> <span class='ocrx_word' id='word_1_127' title='bbox 1181 1312 1241 1371; x_wconf 92' lang='grc' dir='ltr'>τότε</span> <span class='ocrx_word' id='word_1_128' title='bbox 1254 1310 1352 1386; x_wconf 76' lang='grc' dir='ltr'>τλν</span> <span class='ocrx_word' id='word_1_129' title='bbox 1314 1336 1369 1395; x_wconf 81' lang='grc' dir='ltr'>χᾳ</span> <span class='ocrx_word' id='word_1_130' title='bbox 1356 1337 1394 1394; x_wconf 92' lang='grc' dir='ltr'>ριν</span> <span class='ocrx_word' id='word_1_131' title='bbox 1414 1313 1499 1391; x_wconf 81' lang='grc' dir='ltr'>ἐκχεῖ.</span> <span class='ocrx_word' id='word_1_132' title='bbox 1513 1309 1568 1370; x_wconf 73' lang='lat' dir='ltr'><strong>deb</strong></span> <span class='ocrx_word' id='word_1_133' title='bbox 1579 1331 1657 1369; x_wconf 89' lang='grc' dir='ltr'>τουτο</span> 
     </span>
     <span class='ocr_line' id='line_1_11' title="bbox 0 1362 1656 1528; baseline -0.006 -56"><span class='ocrx_word' id='word_1_134' title='bbox 0 1427 28 1469; x_wconf 62' lang='grc' dir='ltr'>ιι</span> <span class='ocrx_word' id='word_1_135' title='bbox 6 1362 247 1528; x_wconf 53' lang='grc' dir='ltr'>011ζίν.Ρειιιεοοοιιι</span> <span class='ocrx_word' id='word_1_136' title='bbox 258 1408 371 1482; x_wconf 91' lang='lat' dir='ltr'><strong>Quod</strong></span> <span class='ocrx_word' id='word_1_137' title='bbox 349 1431 372 1470; x_wconf 81' lang='grc' dir='ltr'>ιι</span> <span class='ocrx_word' id='word_1_138' title='bbox 382 1431 444 1487; x_wconf 78' lang='lat' dir='ltr'><strong>quis</strong></span> <span class='ocrx_word' id='word_1_139' title='bbox 456 1406 575 1467; x_wconf 77' lang='lat' dir='ltr'><strong>dixerit</strong></span> <span class='ocrx_word' id='word_1_140' title='bbox 568 1407 643 1465; x_wconf 90' lang='lat' dir='ltr'>Cur</span> <span class='ocrx_word' id='word_1_141' title='bbox 653 1426 701 1466; x_wconf 90' lang='lat' dir='ltr'>nos</span> <span class='ocrx_word' id='word_1_142' title='bbox 711 1426 766 1465; x_wconf 90' lang='lat' dir='ltr'>non</span> <span class='ocrx_word' id='word_1_143' title='bbox 778 1405 830 1465; x_wconf 90' lang='lat' dir='ltr'><strong>hoc</strong></span> <span class='ocrx_word' id='word_1_144' title='bbox 883 1404 999 1467; x_wconf 83' lang='grc' dir='ltr'>καλούδέ</span> <span class='ocrx_word' id='word_1_145' title='bbox 1012 1402 1107 1471; x_wconf 81' lang='grc' dir='ltr'>εὐθέως</span> <span class='ocrx_word' id='word_1_146' title='bbox 1120 1404 1151 1464; x_wconf 83' lang='grc' dir='ltr'>τὸ</span> <span class='ocrx_word' id='word_1_147' title='bbox 1165 1405 1276 1482; x_wconf 81' lang='grc' dir='ltr'>Πνεῦμα</span> <span class='ocrx_word' id='word_1_148' title='bbox 1289 1400 1418 1485; x_wconf 71' lang='grc' dir='ltr'>ίπεμψεν,</span> <span class='ocrx_word' id='word_1_149' title='bbox 1431 1407 1490 1465; x_wconf 84' lang='grc' dir='ltr'>ἀλλ’</span> <span class='ocrx_word' id='word_1_150' title='bbox 1505 1405 1581 1463; x_wconf 65' lang='lat' dir='ltr'>tv*</span> <span class='ocrx_word' id='word_1_151' title='bbox 1546 1424 1656 1481; x_wconf 81' lang='grc' dir='ltr'>τῃπεν-</span> 
     </span>
     <span class='ocr_line' id='line_1_12' title="bbox 2 1494 1656 1593; baseline -0.008 -27.322"><span class='ocrx_word' id='word_1_152' title='bbox 2 1494 203 1593; x_wconf 57' lang='lat' dir='ltr'><strong>ffltmpore</strong></span> <span class='ocrx_word' id='word_1_153' title='bbox 228 1501 417 1584; x_wconf 75' lang='lat' dir='ltr'><strong>baptizamus?</strong></span> <span class='ocrx_word' id='word_1_154' title='bbox 449 1498 690 1582; x_wconf 82' lang='lat' dir='ltr'><strong>respondebimus,</strong></span> <span class='ocrx_word' id='word_1_155' title='bbox 715 1497 830 1578; x_wconf 75' lang='lat' dir='ltr'><strong>gratiam</strong></span> <span class='ocrx_word' id='word_1_156' title='bbox 882 1503 1008 1578; x_wconf 78' lang='grc' dir='ltr'>τηκοσσῇ.</span> <span class='ocrx_word' id='word_1_157' title='bbox 1023 1499 1057 1557; x_wconf 83' lang='grc' dir='ltr'>Εἰ</span> <span class='ocrx_word' id='word_1_158' title='bbox 1076 1495 1104 1556; x_wconf 81' lang='grc' dir='ltr'>δὲ</span> <span class='ocrx_word' id='word_1_159' title='bbox 1119 1495 1193 1577; x_wconf 87' lang='grc' dir='ltr'>λέγοι</span> <span class='ocrx_word' id='word_1_160' title='bbox 1208 1521 1266 1568; x_wconf 90' lang='grc' dir='ltr'>τις,</span> <span class='ocrx_word' id='word_1_161' title='bbox 1277 1518 1347 1563; x_wconf 89' lang='grc' dir='ltr'>τινος</span> <span class='ocrx_word' id='word_1_162' title='bbox 1359 1496 1445 1556; x_wconf 81' lang='grc' dir='ltr'>ἕνεκεν</span> <span class='ocrx_word' id='word_1_163' title='bbox 1458 1495 1503 1554; x_wconf 75' lang='grc' dir='ltr'>καί</span> <span class='ocrx_word' id='word_1_164' title='bbox 1517 1496 1634 1572; x_wconf 81' lang='grc' dir='ltr'>ἡμεις’</span> <span class='ocrx_word' id='word_1_165' title='bbox 1608 1517 1656 1553; x_wconf 89' lang='grc' dir='ltr'>ουκ</span> 
     </span>
     <span class='ocr_line' id='line_1_13' title="bbox 6 1549 1655 1673; baseline -0.008 -15.416"><span class='ocrx_word' id='word_1_166' title='bbox 6 1549 205 1658; x_wconf 63' lang='lat' dir='ltr'><strong>dmeamdem</strong></span> <span class='ocrx_word' id='word_1_167' title='bbox 217 1609 281 1656; x_wconf 90' lang='lat' dir='ltr'><strong>tunc</strong></span> <span class='ocrx_word' id='word_1_168' title='bbox 299 1595 453 1673; x_wconf 74' lang='lat' dir='ltr'><strong>fuisseque</strong></span> <span class='ocrx_word' id='word_1_169' title='bbox 474 1613 547 1652; x_wconf 89' lang='lat' dir='ltr'><strong>nunc</strong></span> <span class='ocrx_word' id='word_1_170' title='bbox 564 1605 621 1667; x_wconf 87' lang='lat' dir='ltr'><strong>est;</strong></span> <span class='ocrx_word' id='word_1_171' title='bbox 643 1589 692 1651; x_wconf 89' lang='lat' dir='ltr'>scd</span> <span class='ocrx_word' id='word_1_172' title='bbox 713 1603 829 1650; x_wconf 87' lang='lat' dir='ltr'><strong>mentem</strong></span> <span class='ocrx_word' id='word_1_173' title='bbox 883 1596 958 1652; x_wconf 88' lang='grc' dir='ltr'>ἐν</span> <span class='ocrx_word' id='word_1_174' title='bbox 922 1616 961 1672; x_wconf 87' lang='grc' dir='ltr'>τῳ</span> <span class='ocrx_word' id='word_1_175' title='bbox 974 1615 1059 1671; x_wconf 86' lang='grc' dir='ltr'>καιρῳ</span> <span class='ocrx_word' id='word_1_176' title='bbox 1075 1588 1159 1670; x_wconf 85' lang='grc' dir='ltr'>τούτῳ</span> <span class='ocrx_word' id='word_1_177' title='bbox 1174 1587 1350 1667; x_wconf 84' lang='grc' dir='ltr'>βαπτίζομεν;</span> <span class='ocrx_word' id='word_1_178' title='bbox 1370 1591 1453 1649; x_wconf 79' lang='grc' dir='ltr'>ἐκεῖνο</span> <span class='ocrx_word' id='word_1_179' title='bbox 1473 1586 1503 1646; x_wconf 81' lang='grc' dir='ltr'>δν</span> <span class='ocrx_word' id='word_1_180' title='bbox 1524 1585 1655 1665; x_wconf 78' lang='grc' dir='ltr'>εἴποιμεν,</span> 
     </span>
     <span class='ocr_line' id='line_1_14' title="bbox 81 1679 1655 1765; baseline -0.006 -17"><span class='ocrx_word' id='word_1_181' title='bbox 81 1689 268 1749; x_wconf 79' lang='lat' dir='ltr'><strong>sublimiorem</strong></span> <span class='ocrx_word' id='word_1_182' title='bbox 280 1707 352 1746; x_wconf 90' lang='lat' dir='ltr'><strong>nunc</strong></span> <span class='ocrx_word' id='word_1_183' title='bbox 365 1707 437 1761; x_wconf 86' lang='lat' dir='ltr'><strong>esse,</strong></span> <span class='ocrx_word' id='word_1_184' title='bbox 452 1684 548 1763; x_wconf 92' lang='lat' dir='ltr'><strong>quod</strong></span> <span class='ocrx_word' id='word_1_185' title='bbox 537 1682 641 1765; x_wconf 73' lang='lat' dir='ltr'><strong>jejunio</strong></span> <span class='ocrx_word' id='word_1_186' title='bbox 655 1696 827 1763; x_wconf 75' lang='lat' dir='ltr'><strong>preparetur.</strong></span> <span class='ocrx_word' id='word_1_187' title='bbox 881 1685 922 1745; x_wconf 84' lang='grc' dir='ltr'>ότι</span> <span class='ocrx_word' id='word_1_188' title='bbox 944 1690 962 1757; x_wconf 79' lang='grc' dir='ltr'>ἡ</span> <span class='ocrx_word' id='word_1_189' title='bbox 984 1681 1087 1762; x_wconf 70' lang='grc' dir='ltr'>μέν’</span> <span class='ocrx_word' id='word_1_190' title='bbox 1051 1706 1128 1764; x_wconf 89' lang='grc' dir='ltr'>χαρις</span> <span class='ocrx_word' id='word_1_191' title='bbox 1146 1687 1163 1754; x_wconf 83' lang='grc' dir='ltr'>ἡ</span> <span class='ocrx_word' id='word_1_192' title='bbox 1184 1679 1251 1753; x_wconf 79' lang='grc' dir='ltr'>αὐτ-λ</span> <span class='ocrx_word' id='word_1_193' title='bbox 1276 1705 1323 1741; x_wconf 90' lang='grc' dir='ltr'>και</span> <span class='ocrx_word' id='word_1_194' title='bbox 1341 1682 1402 1742; x_wconf 83' lang='grc' dir='ltr'>τότε</span> <span class='ocrx_word' id='word_1_195' title='bbox 1424 1679 1519 1740; x_wconf 80' lang='grc' dir='ltr'>καί</span> <span class='ocrx_word' id='word_1_196' title='bbox 1489 1702 1554 1737; x_wconf 87' lang='grc' dir='ltr'>νυν·</span> <span class='ocrx_word' id='word_1_197' title='bbox 1579 1685 1598 1752; x_wconf 78' lang='grc' dir='ltr'>ἡ</span> <span class='ocrx_word' id='word_1_198' title='bbox 1626 1680 1655 1739; x_wconf 76' lang='grc' dir='ltr'>δέ</span> 
     </span>
     <span class='ocr_line' id='line_1_15' title="bbox 83 1772 1655 1924; baseline -0.009 -80"><span class='ocrx_word' id='word_1_199' title='bbox 83 1780 249 1844; x_wconf 81' lang='lat' dir='ltr'><strong>Pentecostes</strong></span> <span class='ocrx_word' id='word_1_200' title='bbox 267 1803 332 1845; x_wconf 82' lang='lat' dir='ltr'><strong>vero</strong></span> <span class='ocrx_word' id='word_1_201' title='bbox 348 1795 454 1862; x_wconf 83' lang='lat' dir='ltr'><strong>tempus</strong></span> <span class='ocrx_word' id='word_1_202' title='bbox 470 1778 553 1838; x_wconf 87' lang='lat' dir='ltr'><strong>babet</strong></span> <span class='ocrx_word' id='word_1_203' title='bbox 566 1777 687 1857; x_wconf 91' lang='lat' dir='ltr'><strong>aliquam</strong></span> <span class='ocrx_word' id='word_1_204' title='bbox 698 1777 829 1838; x_wconf 87' lang='lat' dir='ltr'><strong>rationem</strong></span> <span class='ocrx_word' id='word_1_205' title='bbox 881 1775 983 1836; x_wconf 81' lang='grc' dir='ltr'>διάνοια</span> <span class='ocrx_word' id='word_1_206' title='bbox 1012 1773 1126 1855; x_wconf 77' lang='grc' dir='ltr'>ύψηλοτέ</span> <span class='ocrx_word' id='word_1_207' title='bbox 1128 1798 1161 1854; x_wconf 93' lang='grc' dir='ltr'>ρα</span> <span class='ocrx_word' id='word_1_208' title='bbox 1189 1772 1290 1852; x_wconf 88' lang='grc' dir='ltr'>γίνεται</span> <span class='ocrx_word' id='word_1_209' title='bbox 1313 1782 1369 1846; x_wconf 83' lang='grc' dir='ltr'>νῦν,</span> <span class='ocrx_word' id='word_1_210' title='bbox 1388 1773 1497 1924; x_wconf 76' lang='grc' dir='ltr'>νηστεία</span> <span class='ocrx_word' id='word_1_211' title='bbox 1513 1795 1655 1854; x_wconf 82' lang='grc' dir='ltr'>προπαρα·</span> 
     </span>
     <span class='ocr_line' id='line_1_16' title="bbox 81 1863 1654 1981; baseline -0.009 -44"><span class='ocrx_word' id='word_1_212' title='bbox 81 1897 136 1937; x_wconf 90' lang='lat' dir='ltr'><strong>ucn</strong></span> <span class='ocrx_word' id='word_1_213' title='bbox 152 1877 282 1981; x_wconf 50' lang='lat' dir='ltr'><strong>ineptam:</strong></span> <span class='ocrx_word' id='word_1_214' title='bbox 293 1874 426 1948; x_wconf 71' lang='lat' dir='ltr'><strong>Quaenam</strong></span> <span class='ocrx_word' id='word_1_215' title='bbox 443 1871 490 1930; x_wconf 89' lang='lat' dir='ltr'><strong>illa</strong></span> <span class='ocrx_word' id='word_1_216' title='bbox 515 1871 578 1930; x_wconf 73' lang='lat' dir='ltr'><strong>est⁹</strong></span> <span class='ocrx_word' id='word_1_217' title='bbox 594 1869 829 1931; x_wconf 79' lang='lat' dir='ltr'><strong>Existimaverunt</strong></span> <span class='ocrx_word' id='word_1_218' title='bbox 881 1866 1069 1946; x_wconf 87' lang='grc' dir='ltr'>οκευαζομένη.</span> <span class='ocrx_word' id='word_1_219' title='bbox 1083 1865 1213 1926; x_wconf 72' lang='lat' dir='ltr'><strong>Kato</strong></span> <span class='ocrx_word' id='word_1_220' title='bbox 1181 1890 1229 1938; x_wconf 81' lang='grc' dir='ltr'>της</span> <span class='ocrx_word' id='word_1_221' title='bbox 1248 1869 1428 1938; x_wconf 72' lang='grc' dir='ltr'>πεντηκοστῆς</span> <span class='ocrx_word' id='word_1_222' title='bbox 1448 1864 1581 1947; x_wconf 82' lang='grc' dir='ltr'>δὲκαιρδς</span> <span class='ocrx_word' id='word_1_223' title='bbox 1598 1863 1654 1945; x_wconf 75' lang='grc' dir='ltr'>ἔχει</span> 
     </span>
     <span class='ocr_line' id='line_1_17' title="bbox 80 1956 1654 2051; baseline -0.008 -22"><span class='ocrx_word' id='word_1_224' title='bbox 80 1982 172 2051; x_wconf 86' lang='lat' dir='ltr'><strong>patres</strong></span> <span class='ocrx_word' id='word_1_225' title='bbox 198 1966 305 2042; x_wconf 91' lang='lat' dir='ltr'><strong>nostri,</strong></span> <span class='ocrx_word' id='word_1_226' title='bbox 331 1965 465 2046; x_wconf 90' lang='lat' dir='ltr'><strong>baptisma</strong></span> <span class='ocrx_word' id='word_1_227' title='bbox 493 1984 549 2022; x_wconf 90' lang='lat' dir='ltr'><strong>esse</strong></span> <span class='ocrx_word' id='word_1_228' title='bbox 569 1963 676 2021; x_wconf 81' lang='lat' dir='ltr'><strong>frenum</strong></span> <span class='ocrx_word' id='word_1_229' title='bbox 699 1961 828 2021; x_wconf 89' lang='lat' dir='ltr'><strong>idoneum</strong></span> <span class='ocrx_word' id='word_1_230' title='bbox 880 1959 940 2020; x_wconf 80' lang='grc' dir='ltr'>τινὰ</span> <span class='ocrx_word' id='word_1_231' title='bbox 949 1957 1065 2038; x_wconf 87' lang='grc' dir='ltr'>λόγον</span> <span class='ocrx_word' id='word_1_232' title='bbox 1039 1981 1087 2017; x_wconf 94' lang='grc' dir='ltr'>ουκ</span> <span class='ocrx_word' id='word_1_233' title='bbox 1098 1956 1238 2017; x_wconf 86' lang='grc' dir='ltr'>σπεικότα</span> <span class='ocrx_word' id='word_1_234' title='bbox 1254 1958 1336 2016; x_wconf 86' lang='grc' dir='ltr'>Ποῖον</span> <span class='ocrx_word' id='word_1_235' title='bbox 1350 1956 1383 2030; x_wconf 75' lang='grc' dir='ltr'>δὴ</span> <span class='ocrx_word' id='word_1_236' title='bbox 1394 1979 1500 2016; x_wconf 85' lang='grc' dir='ltr'>τουτον</span> <span class='ocrx_word' id='word_1_237' title='bbox 1493 1957 1654 2037; x_wconf 67' lang='lat' dir='ltr'><strong>‚tipasam</strong></span> 
     </span>
     <span class='ocr_line' id='line_1_18' title="bbox 81 2041 1654 2162; baseline -0.008 -43"><span class='ocrx_word' id='word_1_238' title='bbox 81 2058 160 2119; x_wconf 85' lang='lat' dir='ltr'><strong>malae</strong></span> <span class='ocrx_word' id='word_1_239' title='bbox 171 2056 406 2139; x_wconf 72' lang='lat' dir='ltr'><strong>concupiscentie,</strong></span> <span class='ocrx_word' id='word_1_240' title='bbox 416 2074 595 2134; x_wconf 89' lang='lat' dir='ltr'><strong>magnamque</strong></span> <span class='ocrx_word' id='word_1_241' title='bbox 605 2052 754 2113; x_wconf 90' lang='lat' dir='ltr'><strong>doctrinam</strong></span> <span class='ocrx_word' id='word_1_242' title='bbox 766 2076 829 2114; x_wconf 90' lang='lat' dir='ltr'><strong>con-</strong></span> <span class='ocrx_word' id='word_1_243' title='bbox 881 2051 1006 2130; x_wconf 74' lang='grc' dir='ltr'>ἐνόμισαν</span> <span class='ocrx_word' id='word_1_244' title='bbox 1020 2053 1045 2110; x_wconf 89' lang='grc' dir='ltr'>οί</span> <span class='ocrx_word' id='word_1_245' title='bbox 1058 2048 1171 2132; x_wconf 80' lang='grc' dir='ltr'>πατέρες</span> <span class='ocrx_word' id='word_1_246' title='bbox 1184 2041 1272 2109; x_wconf 74' lang='grc' dir='ltr'>εἶναι</span> <span class='ocrx_word' id='word_1_247' title='bbox 1265 2049 1373 2162; x_wconf 84' lang='grc' dir='ltr'>χαλινὸν</span> <span class='ocrx_word' id='word_1_248' title='bbox 1385 2048 1524 2129; x_wconf 78' lang='grc' dir='ltr'>ἐπιθυμίας</span> <span class='ocrx_word' id='word_1_249' title='bbox 1536 2059 1654 2130; x_wconf 73' lang='grc' dir='ltr'>πονηρᾶς</span> 
     </span>
     <span class='ocr_line' id='line_1_19' title="bbox 80 2139 1696 2228; baseline -0.006 -18"><span class='ocrx_word' id='word_1_250' title='bbox 80 2149 180 2227; x_wconf 78' lang='lat' dir='ltr'><strong>tinere,</strong></span> <span class='ocrx_word' id='word_1_251' title='bbox 202 2162 233 2209; x_wconf 87' lang='lat' dir='ltr'><strong>ut</strong></span> <span class='ocrx_word' id='word_1_252' title='bbox 254 2149 297 2209; x_wconf 89' lang='lat' dir='ltr'><strong>vel</strong></span> <span class='ocrx_word' id='word_1_253' title='bbox 322 2161 442 2228; x_wconf 87' lang='lat' dir='ltr'><strong>tempore</strong></span> <span class='ocrx_word' id='word_1_254' title='bbox 464 2144 624 2204; x_wconf 77' lang='lat' dir='ltr'><strong>deliciarum</strong></span> <span class='ocrx_word' id='word_1_255' title='bbox 650 2157 828 2226; x_wconf 85' lang='lat' dir='ltr'><strong>temperantes</strong></span> <span class='ocrx_word' id='word_1_256' title='bbox 880 2144 926 2205; x_wconf 81' lang='grc' dir='ltr'>καλ</span> <span class='ocrx_word' id='word_1_257' title='bbox 942 2143 1060 2224; x_wconf 85' lang='grc' dir='ltr'>μεγάλην</span> <span class='ocrx_word' id='word_1_258' title='bbox 1072 2141 1281 2202; x_wconf 88' lang='grc' dir='ltr'>διδασκαλίαν</span> <span class='ocrx_word' id='word_1_259' title='bbox 1256 2165 1287 2201; x_wconf 90' lang='grc' dir='ltr'>το</span> <span class='ocrx_word' id='word_1_260' title='bbox 1303 2141 1457 2221; x_wconf 83' lang='grc' dir='ltr'>βάπτισμα,</span> <span class='ocrx_word' id='word_1_261' title='bbox 1474 2141 1553 2209; x_wconf 85' lang='grc' dir='ltr'>εἰςτὸ</span> <span class='ocrx_word' id='word_1_262' title='bbox 1566 2139 1612 2200; x_wconf 82' lang='grc' dir='ltr'>καλ</span> <span class='ocrx_word' id='word_1_263' title='bbox 1626 2143 1653 2201; x_wconf 79' lang='grc' dir='ltr'>ἐν</span> <span class='ocrx_word' id='word_1_264' title='bbox 1688 2160 1696 2167; x_wconf 84' lang='grc'>’</span> 
     </span>
     <span class='ocr_line' id='line_1_20' title="bbox 80 2224 1653 2320; baseline -0.006 -18"><span class='ocrx_word' id='word_1_265' title='bbox 80 2240 175 2301; x_wconf 88' lang='lat' dir='ltr'><strong>simus.</strong></span> <span class='ocrx_word' id='word_1_266' title='bbox 189 2241 263 2301; x_wconf 81' lang='lat' dir='ltr'><strong>Ac</strong></span> <span class='ocrx_word' id='word_1_267' title='bbox 241 2260 414 2320; x_wconf 86' lang='lat' dir='ltr'><strong>srergocum</strong></span> <span class='ocrx_word' id='word_1_268' title='bbox 427 2237 537 2298; x_wconf 88' lang='lat' dir='ltr'><strong>Christo</strong></span> <span class='ocrx_word' id='word_1_269' title='bbox 555 2236 716 2318; x_wconf 88' lang='lat' dir='ltr'><strong>epulemur,</strong></span> <span class='ocrx_word' id='word_1_270' title='bbox 730 2257 828 2297; x_wconf 76' lang='lat' dir='ltr'><strong>mensae</strong></span> <span class='ocrx_word' id='word_1_271' title='bbox 880 2240 966 2318; x_wconf 80' lang='grc' dir='ltr'>καιρῷ</span> <span class='ocrx_word' id='word_1_272' title='bbox 985 2241 1084 2317; x_wconf 75' lang='grc' dir='ltr'>τρυφῆς</span> <span class='ocrx_word' id='word_1_273' title='bbox 1098 2243 1249 2316; x_wconf 78' lang='grc' dir='ltr'>σωφρονεῖν</span> <span class='ocrx_word' id='word_1_274' title='bbox 1260 2224 1431 2314; x_wconf 79' lang='grc' dir='ltr'>Καθάπερ</span> <span class='ocrx_word' id='word_1_275' title='bbox 1401 2255 1445 2292; x_wconf 92' lang='grc' dir='ltr'>ουν</span> <span class='ocrx_word' id='word_1_276' title='bbox 1459 2234 1532 2312; x_wconf 83' lang='grc' dir='ltr'>αύτιρ</span> <span class='ocrx_word' id='word_1_277' title='bbox 1512 2233 1653 2292; x_wconf 90' lang='grc' dir='ltr'>συναλι-</span> 
     </span>
     <span class='ocr_line' id='line_1_21' title="bbox 81 2326 1651 2442; baseline -0.006 -49"><span class='ocrx_word' id='word_1_278' title='bbox 81 2335 140 2415; x_wconf 85' lang='lat' dir='ltr'><strong>ejus</strong></span> <span class='ocrx_word' id='word_1_279' title='bbox 158 2344 309 2406; x_wconf 85' lang='lat' dir='ltr'><strong>consortes,</strong></span> <span class='ocrx_word' id='word_1_280' title='bbox 323 2328 434 2410; x_wconf 86' lang='lat' dir='ltr'><strong>nequid</strong></span> <span class='ocrx_word' id='word_1_281' title='bbox 452 2327 710 2402; x_wconf 73' lang='lat' dir='ltr'><strong>lamereiaciamuS,</strong></span> <span class='ocrx_word' id='word_1_282' title='bbox 733 2327 807 2387; x_wconf 86' lang='lat' dir='ltr'>sed</span> <span class='ocrx_word' id='word_1_283' title='bbox 799 2351 828 2388; x_wconf 92' lang='lat' dir='ltr'><strong>tn</strong></span> <span class='ocrx_word' id='word_1_284' title='bbox 845 2345 864 2390; x_wconf 86' lang='grc'>1)</span> <span class='ocrx_word' id='word_1_285' title='bbox 881 2328 1033 2409; x_wconf 76' lang='grc' dir='ltr'>ζάμενοιτῷ</span> <span class='ocrx_word' id='word_1_286' title='bbox 1047 2331 1172 2442; x_wconf 84' lang='grc' dir='ltr'>Χριστῷ,</span> <span class='ocrx_word' id='word_1_287' title='bbox 1182 2326 1371 2406; x_wconf 79' lang='grc' dir='ltr'>καὶτραπέζης</span> <span class='ocrx_word' id='word_1_288' title='bbox 1388 2330 1585 2392; x_wconf 82' lang='grc' dir='ltr'>κοινωνοῦντες</span> <span class='ocrx_word' id='word_1_289' title='bbox 1596 2350 1651 2403; x_wconf 90' lang='grc' dir='ltr'>μη-</span> 
     </span>
     <span class='ocr_line' id='line_1_22' title="bbox 77 2418 1652 2508; baseline -0.006 -22"><span class='ocrx_word' id='word_1_290' title='bbox 77 2426 202 2508; x_wconf 81' lang='lat' dir='ltr'><strong>jejuniis,</strong></span> <span class='ocrx_word' id='word_1_291' title='bbox 216 2424 342 2507; x_wconf 88' lang='lat' dir='ltr'><strong>precibus</strong></span> <span class='ocrx_word' id='word_1_292' title='bbox 354 2435 381 2483; x_wconf 90' lang='lat' dir='ltr'>et</span> <span class='ocrx_word' id='word_1_293' title='bbox 399 2421 573 2504; x_wconf 86' lang='lat' dir='ltr'><strong>temperantia</strong></span> <span class='ocrx_word' id='word_1_294' title='bbox 585 2422 669 2480; x_wconf 89' lang='lat' dir='ltr'><strong>multa</strong></span> <span class='ocrx_word' id='word_1_295' title='bbox 686 2421 825 2501; x_wconf 88' lang='lat' dir='ltr'><strong>degamus.</strong></span> <span class='ocrx_word' id='word_1_296' title='bbox 880 2422 922 2482; x_wconf 81' lang='grc' dir='ltr'>δέν</span> <span class='ocrx_word' id='word_1_297' title='bbox 933 2424 1023 2489; x_wconf 80' lang='grc' dir='ltr'>ἁπλῶς</span> <span class='ocrx_word' id='word_1_298' title='bbox 1033 2418 1201 2502; x_wconf 84' lang='grc' dir='ltr'>πράττοιμεν,</span> <span class='ocrx_word' id='word_1_299' title='bbox 1214 2421 1272 2478; x_wconf 84' lang='grc' dir='ltr'>ἀλλ’</span> <span class='ocrx_word' id='word_1_300' title='bbox 1292 2422 1318 2479; x_wconf 93' lang='grc' dir='ltr'>ἐν</span> <span class='ocrx_word' id='word_1_301' title='bbox 1333 2419 1465 2490; x_wconf 83' lang='grc' dir='ltr'>νηστείαις</span> <span class='ocrx_word' id='word_1_302' title='bbox 1484 2418 1567 2477; x_wconf 69' lang='grc' dir='ltr'>καῖ’</span> <span class='ocrx_word' id='word_1_303' title='bbox 1543 2429 1652 2498; x_wconf 87' lang='grc' dir='ltr'>ευχαῖς,</span> 
     </span>
     <span class='ocr_line' id='line_1_23' title="bbox 79 2509 1653 2596; baseline -0.004 -18"><span class='ocrx_word' id='word_1_304' title='bbox 79 2521 150 2578; x_wconf 86' lang='lat' dir='ltr'>Nam</span> <span class='ocrx_word' id='word_1_305' title='bbox 176 2518 200 2577; x_wconf 91' lang='lat' dir='ltr'>si</span> <span class='ocrx_word' id='word_1_306' title='bbox 218 2517 256 2595; x_wconf 87' lang='lat' dir='ltr'>is,</span> <span class='ocrx_word' id='word_1_307' title='bbox 283 2516 331 2596; x_wconf 88' lang='lat' dir='ltr'>qui</span> <span class='ocrx_word' id='word_1_308' title='bbox 355 2515 510 2575; x_wconf 67' lang='lat' dir='ltr'><strong>saecularem</strong></span> <span class='ocrx_word' id='word_1_309' title='bbox 522 2512 669 2592; x_wconf 89' lang='lat' dir='ltr'><strong>quamdam</strong></span> <span class='ocrx_word' id='word_1_310' title='bbox 683 2514 827 2593; x_wconf 81' lang='lat' dir='ltr'><strong>prael&#39;ectu-</strong></span> <span class='ocrx_word' id='word_1_311' title='bbox 879 2514 925 2574; x_wconf 83' lang='grc' dir='ltr'>καὶ</span> <span class='ocrx_word' id='word_1_312' title='bbox 936 2511 1092 2595; x_wconf 76' lang='grc' dir='ltr'>σωφροσύνῃ</span> <span class='ocrx_word' id='word_1_313' title='bbox 1113 2514 1198 2591; x_wconf 85' lang='grc' dir='ltr'>πολλῇ</span> <span class='ocrx_word' id='word_1_314' title='bbox 1213 2510 1358 2590; x_wconf 76' lang='grc' dir='ltr'>διάγωμεν.</span> <span class='ocrx_word' id='word_1_315' title='bbox 1374 2512 1409 2571; x_wconf 79' lang='lat' dir='ltr'><strong>tu</strong></span> <span class='ocrx_word' id='word_1_316' title='bbox 1426 2509 1478 2590; x_wconf 72' lang='grc' dir='ltr'>γὰρ</span> <span class='ocrx_word' id='word_1_317' title='bbox 1500 2510 1544 2570; x_wconf 78' lang='grc' dir='ltr'>ἐπὶ</span> <span class='ocrx_word' id='word_1_318' title='bbox 1565 2513 1653 2592; x_wconf 82' lang='grc' dir='ltr'>ἀρχὴν</span> 
     </span>
     <span class='ocr_line' id='line_1_24' title="bbox 78 2602 1653 2686; baseline -0.003 -20"><span class='ocrx_word' id='word_1_319' title='bbox 78 2629 137 2670; x_wconf 89' lang='lat' dir='ltr'>ram</span> <span class='ocrx_word' id='word_1_320' title='bbox 156 2607 281 2668; x_wconf 82' lang='lat' dir='ltr'><strong>aditurus</strong></span> <span class='ocrx_word' id='word_1_321' title='bbox 295 2620 348 2684; x_wconf 89' lang='lat' dir='ltr'><strong>est,</strong></span> <span class='ocrx_word' id='word_1_322' title='bbox 366 2604 419 2667; x_wconf 87' lang='lat' dir='ltr'><strong>sibi</strong></span> <span class='ocrx_word' id='word_1_323' title='bbox 439 2618 516 2686; x_wconf 88' lang='lat' dir='ltr'><strong>parat</strong></span> <span class='ocrx_word' id='word_1_324' title='bbox 526 2603 662 2683; x_wconf 88' lang='lat' dir='ltr'><strong>quidquid</strong></span> <span class='ocrx_word' id='word_1_325' title='bbox 683 2602 719 2665; x_wconf 86' lang='lat' dir='ltr'>ad</span> <span class='ocrx_word' id='word_1_326' title='bbox 740 2604 826 2667; x_wconf 87' lang='lat' dir='ltr'><strong>vitam</strong></span> <span class='ocrx_word' id='word_1_327' title='bbox 879 2607 983 2685; x_wconf 87' lang='grc' dir='ltr'>μελλων</span> <span class='ocrx_word' id='word_1_328' title='bbox 1009 2602 1077 2664; x_wconf 80' lang='grc' dir='ltr'>ἰέναι</span> <span class='ocrx_word' id='word_1_329' title='bbox 1100 2627 1140 2670; x_wconf 87' lang='grc' dir='ltr'>τις</span> <span class='ocrx_word' id='word_1_330' title='bbox 1172 2602 1314 2682; x_wconf 75' lang='grc' dir='ltr'>βιωτικλν,</span> <span class='ocrx_word' id='word_1_331' title='bbox 1338 2603 1534 2682; x_wconf 75' lang='grc' dir='ltr'>παρασκευάζει</span> <span class='ocrx_word' id='word_1_332' title='bbox 1566 2606 1653 2684; x_wconf 77' lang='grc' dir='ltr'>ἑαυτῷ</span> 
     </span>
     <span class='ocr_line' id='line_1_25' title="bbox 78 2693 1653 2802; baseline -0.003 -43"><span class='ocrx_word' id='word_1_333' title='bbox 78 2701 210 2802; x_wconf 78' lang='lat' dir='ltr'><strong>pertinet·</strong></span> <span class='ocrx_word' id='word_1_334' title='bbox 227 2713 255 2758; x_wconf 89' lang='lat' dir='ltr'>et</span> <span class='ocrx_word' id='word_1_335' title='bbox 267 2712 297 2758; x_wconf 87' lang='lat' dir='ltr'><strong>ut</strong></span> <span class='ocrx_word' id='word_1_336' title='bbox 309 2697 470 2777; x_wconf 87' lang='lat' dir='ltr'><strong>dignitatem</strong></span> <span class='ocrx_word' id='word_1_337' title='bbox 485 2695 631 2798; x_wconf 78' lang='lat' dir='ltr'><strong>quamdam</strong></span> <span class='ocrx_word' id='word_1_338' title='bbox 649 2711 825 2776; x_wconf 80' lang='lat' dir='ltr'><strong>assequatur,</strong></span> <span class='ocrx_word' id='word_1_339' title='bbox 879 2698 984 2758; x_wconf 75' lang='grc' dir='ltr'>ἅπαντα</span> <span class='ocrx_word' id='word_1_340' title='bbox 999 2697 1044 2758; x_wconf 75' lang='grc' dir='ltr'>τὸν</span> <span class='ocrx_word' id='word_1_341' title='bbox 1058 2695 1124 2776; x_wconf 87' lang='grc' dir='ltr'>βίον,</span> <span class='ocrx_word' id='word_1_342' title='bbox 1140 2694 1186 2755; x_wconf 82' lang='grc' dir='ltr'>καὶ</span> <span class='ocrx_word' id='word_1_343' title='bbox 1199 2693 1323 2775; x_wconf 80' lang='grc' dir='ltr'>ίνατύχῃ</span> <span class='ocrx_word' id='word_1_344' title='bbox 1341 2695 1410 2762; x_wconf 78' lang='grc' dir='ltr'>τινὸς</span> <span class='ocrx_word' id='word_1_345' title='bbox 1423 2693 1590 2773; x_wconf 80' lang='grc' dir='ltr'>ἀξιώματος,</span> <span class='ocrx_word' id='word_1_346' title='bbox 1608 2696 1653 2755; x_wconf 81' lang='grc' dir='ltr'>καὶ</span> 
     </span>
     <span class='ocr_line' id='line_1_26' title="bbox 77 2785 1653 2903; baseline -0.001 -53"><span class='ocrx_word' id='word_1_347' title='bbox 77 2791 205 2872; x_wconf 82' lang='lat' dir='ltr'><strong>pecunias</strong></span> <span class='ocrx_word' id='word_1_348' title='bbox 220 2789 362 2871; x_wconf 79' lang='lat' dir='ltr'><strong>impendit,</strong></span> <span class='ocrx_word' id='word_1_349' title='bbox 372 2803 479 2869; x_wconf 81' lang='lat' dir='ltr'><strong>tempus</strong></span> <span class='ocrx_word' id='word_1_350' title='bbox 493 2786 637 2865; x_wconf 86' lang='lat' dir='ltr'><strong>consumit,</strong></span> <span class='ocrx_word' id='word_1_351' title='bbox 650 2801 677 2847; x_wconf 89' lang='lat' dir='ltr'>et</span> <span class='ocrx_word' id='word_1_352' title='bbox 690 2802 828 2849; x_wconf 84' lang='lat' dir='ltr'><strong>sexcentos</strong></span> <span class='ocrx_word' id='word_1_353' title='bbox 878 2791 1007 2873; x_wconf 77' lang='grc' dir='ltr'>χρήματα</span> <span class='ocrx_word' id='word_1_354' title='bbox 1020 2788 1170 2861; x_wconf 82' lang='grc' dir='ltr'>ἀναλίσκει,</span> <span class='ocrx_word' id='word_1_355' title='bbox 1184 2811 1219 2847; x_wconf 86' lang='grc' dir='ltr'>κα</span> <span class='ocrx_word' id='word_1_356' title='bbox 1219 2785 1340 2903; x_wconf 81' lang='grc' dir='ltr'>λχρύνον</span> <span class='ocrx_word' id='word_1_357' title='bbox 1354 2787 1472 2867; x_wconf 84' lang='grc' dir='ltr'>δαπανα,</span> <span class='ocrx_word' id='word_1_358' title='bbox 1486 2788 1532 2847; x_wconf 77' lang='grc' dir='ltr'>καὶ</span> <span class='ocrx_word' id='word_1_359' title='bbox 1545 2787 1653 2872; x_wconf 85' lang='grc' dir='ltr'>μυρίους</span> 
     </span>
     <span class='ocr_line' id='line_1_27' title="bbox 79 2879 1652 2962; baseline -0.001 -19"><span class='ocrx_word' id='word_1_360' title='bbox 79 2883 281 2944; x_wconf 81' lang='lat' dir='ltr'><strong>subitlaborcs·</strong></span> <span class='ocrx_word' id='word_1_361' title='bbox 272 2927 281 2959; x_wconf 87' lang='lat'>‚</span> <span class='ocrx_word' id='word_1_362' title='bbox 290 2904 343 2961; x_wconf 89' lang='lat' dir='ltr'><strong>quo</strong></span> <span class='ocrx_word' id='word_1_363' title='bbox 353 2903 402 2941; x_wconf 91' lang='lat' dir='ltr'>nos</span> <span class='ocrx_word' id='word_1_364' title='bbox 410 2880 488 2960; x_wconf 83' lang='lat' dir='ltr'><strong>drgnr</strong></span> <span class='ocrx_word' id='word_1_365' title='bbox 495 2880 626 2939; x_wconf 80' lang='lat' dir='ltr'><strong>fuerimus</strong></span> <span class='ocrx_word' id='word_1_366' title='bbox 636 2881 770 2961; x_wconf 89' lang='lat' dir='ltr'><strong>supplicio</strong></span> <span class='ocrx_word' id='word_1_367' title='bbox 780 2882 827 2961; x_wconf 90' lang='lat' dir='ltr'>qui</span> <span class='ocrx_word' id='word_1_368' title='bbox 879 2882 1004 2962; x_wconf 77' lang='grc' dir='ltr'>ὑπομένει</span> <span class='ocrx_word' id='word_1_369' title='bbox 1014 2882 1122 2949; x_wconf 76' lang='grc' dir='ltr'>πόνους·</span> <span class='ocrx_word' id='word_1_370' title='bbox 1134 2879 1225 2947; x_wconf 90' lang='grc' dir='ltr'>τίνος</span> <span class='ocrx_word' id='word_1_371' title='bbox 1212 2904 1242 2939; x_wconf 93' lang='grc' dir='ltr'>αν</span> <span class='ocrx_word' id='word_1_372' title='bbox 1256 2879 1347 2958; x_wconf 83' lang='grc' dir='ltr'>εἴημεν</span> <span class='ocrx_word' id='word_1_373' title='bbox 1358 2884 1436 2957; x_wconf 84' lang='grc' dir='ltr'>ἡμεῖς</span> <span class='ocrx_word' id='word_1_374' title='bbox 1449 2880 1517 2950; x_wconf 85' lang='grc' dir='ltr'>άςιοι</span> <span class='ocrx_word' id='word_1_375' title='bbox 1530 2882 1598 2961; x_wconf 79' lang='grc' dir='ltr'>μετὰ</span> <span class='ocrx_word' id='word_1_376' title='bbox 1609 2905 1652 2941; x_wconf 93' lang='grc' dir='ltr'>το-</span> 
     </span>
     <span class='ocr_line' id='line_1_28' title="bbox 82 2970 1653 3057; baseline -0.001 -24"><span class='ocrx_word' id='word_1_377' title='bbox 82 2993 145 3033; x_wconf 90' lang='lat' dir='ltr'><strong>cum</strong></span> <span class='ocrx_word' id='word_1_378' title='bbox 158 2986 231 3033; x_wconf 89' lang='lat' dir='ltr'><strong>tauta</strong></span> <span class='ocrx_word' id='word_1_379' title='bbox 238 2972 479 3050; x_wconf 87' lang='lat' dir='ltr'><strong>socordiaregnum</strong></span> <span class='ocrx_word' id='word_1_380' title='bbox 488 2970 828 3052; x_wconf 65' lang='lat' dir='ltr'><strong>calorumadimusueque</strong></span> <span class='ocrx_word' id='word_1_381' title='bbox 879 2975 977 3045; x_wconf 87' lang='grc' dir='ltr'>σαύτης</span> <span class='ocrx_word' id='word_1_382' title='bbox 992 2974 1172 3057; x_wconf 79' lang='grc' dir='ltr'>ροιθυμίας</span> <span class='ocrx_word' id='word_1_383' title='bbox 1138 2997 1173 3052; x_wconf 82' lang='grc' dir='ltr'>τη</span> <span class='ocrx_word' id='word_1_384' title='bbox 1195 2972 1366 3052; x_wconf 86' lang='grc' dir='ltr'>βασιλεία</span> <span class='ocrx_word' id='word_1_385' title='bbox 1331 2996 1382 3032; x_wconf 90' lang='grc' dir='ltr'>των</span> <span class='ocrx_word' id='word_1_386' title='bbox 1396 2975 1511 3052; x_wconf 83' lang='grc' dir='ltr'>οὐρανῶν</span> <span class='ocrx_word' id='word_1_387' title='bbox 1529 2972 1653 3053; x_wconf 85' lang='grc' dir='ltr'>προσιόν·</span> 
     </span>
     <span class='ocr_line' id='line_1_29' title="bbox 78 3063 1652 3168; baseline -0.001 -42"><span class='ocrx_word' id='word_1_388' title='bbox 78 3081 221 3145; x_wconf 87' lang='lat' dir='ltr'><strong>antequam</strong></span> <span class='ocrx_word' id='word_1_389' title='bbox 240 3085 414 3168; x_wconf 86' lang='lat' dir='ltr'><strong>assequamur</strong></span> <span class='ocrx_word' id='word_1_390' title='bbox 427 3063 549 3138; x_wconf 83' lang='lat' dir='ltr'><strong>solliciti,</strong></span> <span class='ocrx_word' id='word_1_391' title='bbox 563 3076 589 3121; x_wconf 92' lang='lat' dir='ltr'>et</span> <span class='ocrx_word' id='word_1_392' title='bbox 608 3076 670 3143; x_wconf 91' lang='lat' dir='ltr'><strong>post</strong></span> <span class='ocrx_word' id='word_1_393' title='bbox 687 3079 826 3145; x_wconf 86' lang='lat' dir='ltr'><strong>acceptum</strong></span> <span class='ocrx_word' id='word_1_394' title='bbox 878 3091 937 3137; x_wconf 88' lang='grc' dir='ltr'>τες,</span> <span class='ocrx_word' id='word_1_395' title='bbox 950 3067 1044 3126; x_wconf 81' lang='grc' dir='ltr'>καλ</span> <span class='ocrx_word' id='word_1_396' title='bbox 1015 3090 1074 3126; x_wconf 84' lang='grc' dir='ltr'>ουτι</span> <span class='ocrx_word' id='word_1_397' title='bbox 1087 3090 1148 3147; x_wconf 93' lang='grc' dir='ltr'>πριν</span> <span class='ocrx_word' id='word_1_398' title='bbox 1164 3063 1284 3136; x_wconf 78' lang='grc' dir='ltr'>ἣλαύεῖν</span> <span class='ocrx_word' id='word_1_399' title='bbox 1301 3064 1509 3140; x_wconf 79' lang='grc' dir='ltr'>σπουδάζοντες,</span> <span class='ocrx_word' id='word_1_400' title='bbox 1521 3065 1567 3124; x_wconf 82' lang='grc' dir='ltr'>καλ</span> <span class='ocrx_word' id='word_1_401' title='bbox 1583 3066 1652 3145; x_wconf 71' lang='grc' dir='ltr'>μετὰ</span> 
     </span>
     <span class='ocr_line' id='line_1_30' title="bbox 79 3156 1652 3239; baseline 0.001 -22"><span class='ocrx_word' id='word_1_402' title='bbox 79 3156 264 3238; x_wconf 72' lang='lat' dir='ltr'><strong>ignavilldeo</strong></span> <span class='ocrx_word' id='word_1_403' title='bbox 277 3156 347 3215; x_wconf 91' lang='lat' dir='ltr'><strong>enim</strong></span> <span class='ocrx_word' id='word_1_404' title='bbox 356 3168 500 3236; x_wconf 89' lang='lat' dir='ltr'><strong>postquam</strong></span> <span class='ocrx_word' id='word_1_405' title='bbox 507 3175 668 3236; x_wconf 74' lang='lat' dir='ltr'><strong>accepimus,</strong></span> <span class='ocrx_word' id='word_1_406' title='bbox 680 3175 773 3235; x_wconf 88' lang='lat' dir='ltr'><strong>segnes</strong></span> <span class='ocrx_word' id='word_1_407' title='bbox 780 3179 826 3217; x_wconf 87' lang='lat' dir='ltr'>su·</span> <span class='ocrx_word' id='word_1_408' title='bbox 878 3181 908 3217; x_wconf 90' lang='grc' dir='ltr'>το</span> <span class='ocrx_word' id='word_1_409' title='bbox 895 3157 1067 3217; x_wconf 80' lang='grc' dir='ltr'>λαύεῖνθ</span> <span class='ocrx_word' id='word_1_410' title='bbox 1019 3161 1067 3239; x_wconf 69' lang='lat' dir='ltr'><strong>qu</strong></span> <span class='ocrx_word' id='word_1_411' title='bbox 1068 3179 1209 3233; x_wconf 86' lang='grc' dir='ltr'>υμουντες;</span> <span class='ocrx_word' id='word_1_412' title='bbox 1223 3156 1276 3214; x_wconf 79' lang='grc' dir='ltr'>Διὰ</span> <span class='ocrx_word' id='word_1_413' title='bbox 1286 3156 1337 3236; x_wconf 79' lang='grc' dir='ltr'>γὰρ</span> <span class='ocrx_word' id='word_1_414' title='bbox 1351 3180 1428 3216; x_wconf 89' lang='grc' dir='ltr'>τουτο</span> <span class='ocrx_word' id='word_1_415' title='bbox 1438 3156 1543 3235; x_wconf 73' lang='grc' dir='ltr'>μετὰ</span> <span class='ocrx_word' id='word_1_416' title='bbox 1518 3180 1549 3217; x_wconf 89' lang='grc' dir='ltr'>το</span> <span class='ocrx_word' id='word_1_417' title='bbox 1559 3157 1652 3218; x_wconf 81' lang='grc' dir='ltr'>λαόεῖν</span> 
     </span>
     <span class='ocr_line' id='line_1_31' title="bbox 78 3243 1652 3332; baseline 0.003 -27"><span class='ocrx_word' id='word_1_418' title='bbox 78 3267 148 3325; x_wconf 82' lang='lat' dir='ltr'><strong>mus,</strong></span> <span class='ocrx_word' id='word_1_419' title='bbox 162 3246 224 3326; x_wconf 87' lang='lat' dir='ltr'><strong>quia</strong></span> <span class='ocrx_word' id='word_1_420' title='bbox 230 3258 374 3324; x_wconf 86' lang='lat' dir='ltr'><strong>antequam</strong></span> <span class='ocrx_word' id='word_1_421' title='bbox 382 3244 574 3325; x_wconf 86' lang='lat' dir='ltr'><strong>acciperemus,</strong></span> <span class='ocrx_word' id='word_1_422' title='bbox 583 3265 635 3304; x_wconf 89' lang='lat' dir='ltr'>nou</span> <span class='ocrx_word' id='word_1_423' title='bbox 644 3243 826 3324; x_wconf 79' lang='lat' dir='ltr'><strong>vigilavimus.</strong></span> <span class='ocrx_word' id='word_1_424' title='bbox 880 3253 1054 3332; x_wconf 72' lang='grc' dir='ltr'>ραθυμοῦμεν,</span> <span class='ocrx_word' id='word_1_425' title='bbox 1067 3247 1160 3320; x_wconf 76' lang='grc' dir='ltr'>ἐπειδὴ</span> <span class='ocrx_word' id='word_1_426' title='bbox 1177 3246 1238 3327; x_wconf 77' lang='grc' dir='ltr'>πρὶν</span> <span class='ocrx_word' id='word_1_427' title='bbox 1252 3246 1270 3319; x_wconf 74' lang='grc' dir='ltr'><strong>ἢ</strong></span> <span class='ocrx_word' id='word_1_428' title='bbox 1283 3246 1374 3308; x_wconf 81' lang='grc' dir='ltr'>λαόεῖν</span> <span class='ocrx_word' id='word_1_429' title='bbox 1394 3251 1441 3309; x_wconf 81' lang='grc' dir='ltr'>οὐκ</span> <span class='ocrx_word' id='word_1_430' title='bbox 1461 3248 1652 3330; x_wconf 83' lang='grc' dir='ltr'>ἐγρηγόραμεν.</span> 
     </span>
     <span class='ocr_line' id='line_1_32' title="bbox 78 3337 1651 3419; baseline 0.003 -21"><span class='ocrx_word' id='word_1_431' title='bbox 78 3338 184 3398; x_wconf 82' lang='lat' dir='ltr'><strong>Idcirco</strong></span> <span class='ocrx_word' id='word_1_432' title='bbox 200 3337 281 3401; x_wconf 90' lang='lat' dir='ltr'><strong>multi</strong></span> <span class='ocrx_word' id='word_1_433' title='bbox 298 3350 443 3418; x_wconf 87' lang='lat' dir='ltr'><strong>postquam</strong></span> <span class='ocrx_word' id='word_1_434' title='bbox 456 3349 631 3417; x_wconf 91' lang='lat' dir='ltr'><strong>acceperunt,</strong></span> <span class='ocrx_word' id='word_1_435' title='bbox 647 3337 772 3418; x_wconf 89' lang='lat' dir='ltr'><strong>protinus</strong></span> <span class='ocrx_word' id='word_1_436' title='bbox 791 3340 826 3400; x_wconf 89' lang='lat' dir='ltr'>ad</span> <span class='ocrx_word' id='word_1_437' title='bbox 842 3344 861 3392; x_wconf 77' lang='grc' dir='ltr'>Ε</span> <span class='ocrx_word' id='word_1_438' title='bbox 879 3338 931 3399; x_wconf 75' lang='grc' dir='ltr'>Διὰ</span> <span class='ocrx_word' id='word_1_439' title='bbox 954 3346 1032 3400; x_wconf 86' lang='grc' dir='ltr'>τοῦτο</span> <span class='ocrx_word' id='word_1_440' title='bbox 1052 3339 1145 3401; x_wconf 76' lang='grc' dir='ltr'>πολλοὶ</span> <span class='ocrx_word' id='word_1_441' title='bbox 1165 3339 1234 3419; x_wconf 86' lang='grc' dir='ltr'>μετά</span> <span class='ocrx_word' id='word_1_442' title='bbox 1258 3338 1288 3398; x_wconf 83' lang='grc' dir='ltr'>τδ</span> <span class='ocrx_word' id='word_1_443' title='bbox 1307 3341 1399 3400; x_wconf 78' lang='grc' dir='ltr'>λαθεῖν</span> <span class='ocrx_word' id='word_1_444' title='bbox 1422 3341 1517 3410; x_wconf 83' lang='grc' dir='ltr'>εὐθέως</span> <span class='ocrx_word' id='word_1_445' title='bbox 1538 3342 1582 3402; x_wconf 81' lang='grc' dir='ltr'>ἐπὶ</span> <span class='ocrx_word' id='word_1_446' title='bbox 1607 3343 1651 3403; x_wconf 78' lang='grc' dir='ltr'>τὸν</span> 
     </span>
     <span class='ocr_line' id='line_1_33' title="bbox 78 3427 1653 3514; baseline 0.002 -23"><span class='ocrx_word' id='word_1_447' title='bbox 78 3431 196 3512; x_wconf 89' lang='lat' dir='ltr'><strong>priorem</strong></span> <span class='ocrx_word' id='word_1_448' title='bbox 213 3429 346 3490; x_wconf 87' lang='lat' dir='ltr'><strong>vomitum</strong></span> <span class='ocrx_word' id='word_1_449' title='bbox 357 3427 494 3488; x_wconf 88' lang='lat' dir='ltr'><strong>redierunt</strong></span> <span class='ocrx_word' id='word_1_450' title='bbox 501 3473 510 3505; x_wconf 85' lang='lat'><strong>,</strong></span> <span class='ocrx_word' id='word_1_451' title='bbox 527 3429 630 3510; x_wconf 82' lang='lat' dir='ltr'><strong>pejores</strong></span> <span class='ocrx_word' id='word_1_452' title='bbox 645 3444 709 3490; x_wconf 91' lang='lat' dir='ltr'><strong>suut</strong></span> <span class='ocrx_word' id='word_1_453' title='bbox 718 3431 825 3512; x_wconf 45' lang='lat' dir='ltr'><strong>effecti,</strong></span> <span class='ocrx_word' id='word_1_454' title='bbox 878 3433 1005 3514; x_wconf 89' lang='grc' dir='ltr'>πρότερον</span> <span class='ocrx_word' id='word_1_455' title='bbox 1018 3435 1163 3503; x_wconf 79' lang='grc' dir='ltr'>ἐπανῆλθον</span> <span class='ocrx_word' id='word_1_456' title='bbox 1178 3429 1281 3509; x_wconf 82' lang='grc' dir='ltr'>ἔμετον,</span> <span class='ocrx_word' id='word_1_457' title='bbox 1292 3432 1337 3491; x_wconf 86' lang='grc' dir='ltr'>καί</span> <span class='ocrx_word' id='word_1_458' title='bbox 1346 3432 1450 3514; x_wconf 84' lang='grc' dir='ltr'>χείρους</span> <span class='ocrx_word' id='word_1_459' title='bbox 1463 3433 1591 3513; x_wconf 87' lang='grc' dir='ltr'>ἐγένοντο,</span> <span class='ocrx_word' id='word_1_460' title='bbox 1606 3436 1653 3494; x_wconf 82' lang='grc' dir='ltr'>καί</span> 
     </span>
     <span class='ocr_line' id='line_1_34' title="bbox 77 3518 1653 3609; baseline 0.003 -28"><span class='ocrx_word' id='word_1_461' title='bbox 77 3536 104 3581; x_wconf 93' lang='lat' dir='ltr'>et</span> <span class='ocrx_word' id='word_1_462' title='bbox 115 3523 226 3603; x_wconf 85' lang='lat' dir='ltr'><strong>gravius</strong></span> <span class='ocrx_word' id='word_1_463' title='bbox 247 3520 299 3580; x_wconf 91' lang='lat' dir='ltr'><strong>sibi</strong></span> <span class='ocrx_word' id='word_1_464' title='bbox 316 3518 481 3601; x_wconf 90' lang='lat' dir='ltr'><strong>supplicium</strong></span> <span class='ocrx_word' id='word_1_465' title='bbox 494 3533 677 3599; x_wconf 84' lang='lat' dir='ltr'><strong>attraxerunt,</strong></span> <span class='ocrx_word' id='word_1_466' title='bbox 692 3523 824 3604; x_wconf 83' lang='lat' dir='ltr'><strong>aptiori·</strong></span> <span class='ocrx_word' id='word_1_467' title='bbox 877 3525 1067 3608; x_wconf 84' lang='grc' dir='ltr'>χαλεπωτέραν</span> <span class='ocrx_word' id='word_1_468' title='bbox 1086 3523 1271 3584; x_wconf 80' lang='grc' dir='ltr'>ἐπεσπάσαντο</span> <span class='ocrx_word' id='word_1_469' title='bbox 1293 3524 1411 3600; x_wconf 89' lang='grc' dir='ltr'>κόλασιν,</span> <span class='ocrx_word' id='word_1_470' title='bbox 1425 3530 1478 3585; x_wconf 85' lang='grc' dir='ltr'>τῶν</span> <span class='ocrx_word' id='word_1_471' title='bbox 1493 3525 1540 3603; x_wconf 73' lang='grc' dir='ltr'>μὲν</span> <span class='ocrx_word' id='word_1_472' title='bbox 1554 3526 1653 3609; x_wconf 85' lang='grc' dir='ltr'>πρατέ-</span> 
     </span>
     <span class='ocr_line' id='line_1_35' title="bbox 76 3612 1653 3700; baseline 0.001 -25"><span class='ocrx_word' id='word_1_473' title='bbox 76 3615 130 3674; x_wconf 85' lang='lat' dir='ltr'>bus</span> <span class='ocrx_word' id='word_1_474' title='bbox 144 3614 251 3675; x_wconf 88' lang='lat' dir='ltr'><strong>liberati</strong></span> <span class='ocrx_word' id='word_1_475' title='bbox 269 3612 385 3695; x_wconf 77' lang='lat' dir='ltr'><strong>peccatis</strong></span> <span class='ocrx_word' id='word_1_476' title='bbox 400 3612 538 3691; x_wconf 88' lang='lat' dir='ltr'><strong>:hincque</strong></span> <span class='ocrx_word' id='word_1_477' title='bbox 553 3614 639 3692; x_wconf 87' lang='lat' dir='ltr'><strong>magis</strong></span> <span class='ocrx_word' id='word_1_478' title='bbox 655 3613 778 3694; x_wconf 88' lang='lat' dir='ltr'><strong>judicem</strong></span> <span class='ocrx_word' id='word_1_479' title='bbox 790 3617 825 3677; x_wconf 90' lang='lat' dir='ltr'>ad</span> <span class='ocrx_word' id='word_1_480' title='bbox 879 3642 930 3700; x_wconf 83' lang='grc' dir='ltr'>ρων</span> <span class='ocrx_word' id='word_1_481' title='bbox 948 3615 1145 3696; x_wconf 78' lang='grc' dir='ltr'>ἀπαλλαγέντες</span> <span class='ocrx_word' id='word_1_482' title='bbox 1165 3616 1377 3696; x_wconf 75' lang='grc' dir='ltr'>ἁμαρτημάτων,</span> <span class='ocrx_word' id='word_1_483' title='bbox 1388 3616 1471 3696; x_wconf 79' lang='grc' dir='ltr'>ταύτῃ</span> <span class='ocrx_word' id='word_1_484' title='bbox 1487 3619 1514 3676; x_wconf 81' lang='grc' dir='ltr'>δὲ</span> <span class='ocrx_word' id='word_1_485' title='bbox 1528 3618 1653 3695; x_wconf 87' lang='grc' dir='ltr'>μειζόνως</span> 
     </span>
     <span class='ocr_line' id='line_1_36' title="bbox 77 3703 1654 3791; baseline 0.003 -25"><span class='ocrx_word' id='word_1_486' title='bbox 77 3708 146 3767; x_wconf 92' lang='lat' dir='ltr'><strong>iram</strong></span> <span class='ocrx_word' id='word_1_487' title='bbox 165 3706 345 3781; x_wconf 87' lang='lat' dir='ltr'><strong>concitarunt,</strong></span> <span class='ocrx_word' id='word_1_488' title='bbox 361 3703 436 3785; x_wconf 90' lang='lat' dir='ltr'><strong>quod</strong></span> <span class='ocrx_word' id='word_1_489' title='bbox 454 3727 470 3764; x_wconf 91' lang='lat' dir='ltr'>a</span> <span class='ocrx_word' id='word_1_490' title='bbox 484 3718 558 3764; x_wconf 89' lang='lat' dir='ltr'><strong>tanto</strong></span> <span class='ocrx_word' id='word_1_491' title='bbox 571 3705 651 3765; x_wconf 92' lang='lat' dir='ltr'><strong>soluti</strong></span> <span class='ocrx_word' id='word_1_492' title='bbox 667 3707 777 3784; x_wconf 89' lang='lat' dir='ltr'><strong>morbo,</strong></span> <span class='ocrx_word' id='word_1_493' title='bbox 792 3731 826 3770; x_wconf 88' lang='lat' dir='ltr'><strong>ne</strong></span> <span class='ocrx_word' id='word_1_494' title='bbox 876 3710 921 3768; x_wconf 85' lang='grc' dir='ltr'>τὸν</span> <span class='ocrx_word' id='word_1_495' title='bbox 935 3707 1027 3790; x_wconf 79' lang='grc' dir='ltr'>κριτλν</span> <span class='ocrx_word' id='word_1_496' title='bbox 1041 3706 1250 3788; x_wconf 73' lang='grc' dir='ltr'>παροξύναντος,</span> <span class='ocrx_word' id='word_1_497' title='bbox 1262 3708 1304 3769; x_wconf 87' lang='grc' dir='ltr'>ότι</span> <span class='ocrx_word' id='word_1_498' title='bbox 1315 3708 1445 3781; x_wconf 87' lang='grc' dir='ltr'>τοσαύτης</span> <span class='ocrx_word' id='word_1_499' title='bbox 1456 3709 1654 3791; x_wconf 80' lang='grc' dir='ltr'>ἀπαλλαγέντες</span> 
     </span>
     <span class='ocr_line' id='line_1_37' title="bbox 77 3793 1652 3882; baseline 0.003 -23"><span class='ocrx_word' id='word_1_500' title='bbox 77 3797 236 3877; x_wconf 88' lang='lat' dir='ltr'><strong>sicquidem</strong></span> <span class='ocrx_word' id='word_1_501' title='bbox 248 3795 423 3878; x_wconf 88' lang='lat' dir='ltr'><strong>resipuerint,</strong></span> <span class='ocrx_word' id='word_1_502' title='bbox 440 3795 487 3855; x_wconf 87' lang='lat' dir='ltr'>sed</span> <span class='ocrx_word' id='word_1_503' title='bbox 500 3793 569 3855; x_wconf 88' lang='lat' dir='ltr'><strong>illud</strong></span> <span class='ocrx_word' id='word_1_504' title='bbox 581 3797 652 3876; x_wconf 87' lang='lat' dir='ltr'><strong>passi</strong></span> <span class='ocrx_word' id='word_1_505' title='bbox 666 3797 735 3875; x_wconf 88' lang='lat' dir='ltr'><strong>sint,</strong></span> <span class='ocrx_word' id='word_1_506' title='bbox 750 3798 824 3878; x_wconf 91' lang='lat' dir='ltr'><strong>quod</strong></span> <span class='ocrx_word' id='word_1_507' title='bbox 878 3801 1043 3882; x_wconf 71' lang='grc' dir='ltr'>ἀρρωστίας,</span> <span class='ocrx_word' id='word_1_508' title='bbox 1056 3799 1115 3860; x_wconf 77' lang='grc' dir='ltr'>οὐδὲ</span> <span class='ocrx_word' id='word_1_509' title='bbox 1128 3798 1211 3866; x_wconf 77' lang='grc' dir='ltr'>οὕτως</span> <span class='ocrx_word' id='word_1_510' title='bbox 1223 3800 1463 3881; x_wconf 82' lang='grc' dir='ltr'>ἐσωρρονίσθησαν,</span> <span class='ocrx_word' id='word_1_511' title='bbox 1480 3801 1539 3860; x_wconf 88' lang='grc' dir='ltr'>ἀλλ’</span> <span class='ocrx_word' id='word_1_512' title='bbox 1554 3800 1652 3863; x_wconf 77' lang='grc' dir='ltr'>ἔπαθον</span> 
     </span>
     <span class='ocr_line' id='line_1_38' title="bbox 78 3887 1652 3975; baseline 0.003 -25"><span class='ocrx_word' id='word_1_513' title='bbox 78 3890 228 3973; x_wconf 79' lang='lat' dir='ltr'><strong>paralytico</strong></span> <span class='ocrx_word' id='word_1_514' title='bbox 260 3888 438 3949; x_wconf 89' lang='lat' dir='ltr'><strong>comminatus</strong></span> <span class='ocrx_word' id='word_1_515' title='bbox 465 3901 505 3946; x_wconf 89' lang='lat' dir='ltr'>est</span> <span class='ocrx_word' id='word_1_516' title='bbox 534 3887 682 3966; x_wconf 87' lang='lat' dir='ltr'><strong>Christus,</strong></span> <span class='ocrx_word' id='word_1_517' title='bbox 712 3890 826 3953; x_wconf 89' lang='lat' dir='ltr'><strong>diceus:</strong></span> <span class='ocrx_word' id='word_1_518' title='bbox 875 3891 940 3974; x_wconf 77' lang='grc' dir='ltr'>ὅπερ</span> <span class='ocrx_word' id='word_1_519' title='bbox 966 3892 1095 3966; x_wconf 76' lang='grc' dir='ltr'>ἠπείλησε</span> <span class='ocrx_word' id='word_1_520' title='bbox 1119 3895 1158 3972; x_wconf 80' lang='grc' dir='ltr'>τῷ</span> <span class='ocrx_word' id='word_1_521' title='bbox 1179 3895 1353 3975; x_wconf 84' lang='grc' dir='ltr'>παραλυτικῷ</span> <span class='ocrx_word' id='word_1_522' title='bbox 1372 3897 1387 3951; x_wconf 83' lang='grc' dir='ltr'>δ</span> <span class='ocrx_word' id='word_1_523' title='bbox 1404 3893 1532 3975; x_wconf 78' lang='grc' dir='ltr'>Χριστὸς,</span> <span class='ocrx_word' id='word_1_524' title='bbox 1550 3894 1652 3974; x_wconf 85' lang='grc' dir='ltr'>λέγων·</span> 
     </span>
     <span class='ocr_line' id='line_1_39' title="bbox 1 3979 1652 4071; baseline -0.001 -26"><span class='ocrx_word' id='word_1_525' title='bbox 1 3997 66 4062; x_wconf 58' lang='grc' dir='ltr'>διό.</span> <span class='ocrx_word' id='word_1_526' title='bbox 77 3984 156 4043; x_wconf 81' lang='lat' dir='ltr'><strong>Ecce</strong></span> <span class='ocrx_word' id='word_1_527' title='bbox 169 4000 259 4041; x_wconf 81' lang='lat' dir='ltr'><strong>sanus</strong></span> <span class='ocrx_word' id='word_1_528' title='bbox 274 3982 377 4061; x_wconf 83' lang='lat' dir='ltr'><strong>sactus</strong></span> <span class='ocrx_word' id='word_1_529' title='bbox 397 4000 449 4051; x_wconf 71' lang='grc' dir='ltr'>εις</span> <span class='ocrx_word' id='word_1_530' title='bbox 464 3979 527 4036; x_wconf 78' lang='lat' dir='ltr'><strong>noti</strong></span> <span class='ocrx_word' id='word_1_531' title='bbox 543 3980 670 4059; x_wconf 80' lang='lat' dir='ltr'><strong>amplius</strong></span> <span class='ocrx_word' id='word_1_532' title='bbox 683 4003 821 4062; x_wconf 80' lang='lat' dir='ltr'><strong>peccare,</strong></span> <span class='ocrx_word' id='word_1_533' title='bbox 876 3986 930 4046; x_wconf 83' lang='grc' dir='ltr'>Ἴδε</span> <span class='ocrx_word' id='word_1_534' title='bbox 943 3985 1020 4067; x_wconf 72' lang='grc' dir='ltr'>ὑγιὴς</span> <span class='ocrx_word' id='word_1_535' title='bbox 1032 3985 1154 4065; x_wconf 87' lang='grc' dir='ltr'>γέγονας·</span> <span class='ocrx_word' id='word_1_536' title='bbox 1171 3985 1267 4063; x_wconf 87' lang='grc' dir='ltr'>μηκέτι</span> <span class='ocrx_word' id='word_1_537' title='bbox 1281 3986 1433 4067; x_wconf 78' lang='grc' dir='ltr'>ἁμάρτανε,</span> <span class='ocrx_word' id='word_1_538' title='bbox 1445 3985 1489 4045; x_wconf 75' lang='grc' dir='ltr'>ἵνα</span> <span class='ocrx_word' id='word_1_539' title='bbox 1508 3986 1546 4066; x_wconf 76' lang='grc' dir='ltr'>μὴ</span> <span class='ocrx_word' id='word_1_540' title='bbox 1561 3988 1652 4071; x_wconf 86' lang='grc' dir='ltr'>χεῖρόν</span> 
     </span>
     <span class='ocr_line' id='line_1_40' title="bbox 78 4072 1649 4160; baseline 0.002 -23"><span class='ocrx_word' id='word_1_541' title='bbox 78 4098 115 4137; x_wconf 80' lang='lat' dir='ltr'><strong>ne</strong></span> <span class='ocrx_word' id='word_1_542' title='bbox 126 4076 198 4156; x_wconf 82' lang='lat' dir='ltr'><strong>quid</strong></span> <span class='ocrx_word' id='word_1_543' title='bbox 208 4078 262 4135; x_wconf 79' lang='lat' dir='ltr'><strong>tibi</strong></span> <span class='ocrx_word' id='word_1_544' title='bbox 271 4076 397 4134; x_wconf 83' lang='lat' dir='ltr'><strong>deterius</strong></span> <span class='ocrx_word' id='word_1_545' title='bbox 410 4077 563 4154; x_wconf 79' lang='lat' dir='ltr'><strong>contingat</strong></span> <span class='ocrx_word' id='word_1_546' title='bbox 572 4099 581 4131; x_wconf 89' lang='grc'>.·</span> <span class='ocrx_word' id='word_1_547' title='bbox 591 4072 717 4156; x_wconf 87' lang='lat' dir='ltr'><strong>quodque</strong></span> <span class='ocrx_word' id='word_1_548' title='bbox 727 4075 762 4137; x_wconf 83' lang='lat' dir='ltr'><strong>de</strong></span> <span class='ocrx_word' id='word_1_549' title='bbox 775 4080 824 4141; x_wconf 87' lang='lat' dir='ltr'>Ju·</span> <span class='ocrx_word' id='word_1_550' title='bbox 838 4122 859 4159; x_wconf 60' lang='grc' dir='ltr'>,γ</span> <span class='ocrx_word' id='word_1_551' title='bbox 875 4077 902 4137; x_wconf 88' lang='grc' dir='ltr'>τί</span> <span class='ocrx_word' id='word_1_552' title='bbox 912 4102 954 4137; x_wconf 92' lang='grc' dir='ltr'>σοι</span> <span class='ocrx_word' id='word_1_553' title='bbox 966 4077 1087 4158; x_wconf 90' lang='grc' dir='ltr'>γένηται·</span> <span class='ocrx_word' id='word_1_554' title='bbox 1099 4075 1143 4134; x_wconf 78' lang='grc' dir='ltr'>καὶ</span> <span class='ocrx_word' id='word_1_555' title='bbox 1153 4075 1168 4136; x_wconf 84' lang='grc' dir='ltr'>ό</span> <span class='ocrx_word' id='word_1_556' title='bbox 1178 4077 1239 4156; x_wconf 78' lang='grc' dir='ltr'>περὶ</span> <span class='ocrx_word' id='word_1_557' title='bbox 1247 4082 1299 4136; x_wconf 85' lang='grc' dir='ltr'>τῶν</span> <span class='ocrx_word' id='word_1_558' title='bbox 1310 4076 1442 4137; x_wconf 84' lang='grc' dir='ltr'>Ἰουδαίων</span> <span class='ocrx_word' id='word_1_559' title='bbox 1454 4076 1481 4136; x_wconf 78' lang='grc' dir='ltr'>δὲ</span> <span class='ocrx_word' id='word_1_560' title='bbox 1492 4075 1649 4160; x_wconf 64' lang='grc' dir='ltr'>ἀπρούλεγε,</span> 
     </span>
     <span class='ocr_line' id='line_1_41' title="bbox 76 4163 1653 4250; baseline 0.001 -22"><span class='ocrx_word' id='word_1_561' title='bbox 76 4167 143 4229; x_wconf 81' lang='lat' dir='ltr'><strong>daeis</strong></span> <span class='ocrx_word' id='word_1_562' title='bbox 165 4166 314 4248; x_wconf 62' lang='lat' dir='ltr'><strong>praedixit,</strong></span> <span class='ocrx_word' id='word_1_563' title='bbox 341 4163 482 4225; x_wconf 85' lang='lat' dir='ltr'><strong>ostendens</strong></span> <span class='ocrx_word' id='word_1_564' title='bbox 513 4165 585 4247; x_wconf 88' lang='lat' dir='ltr'><strong>ipsos</strong></span> <span class='ocrx_word' id='word_1_565' title='bbox 616 4165 716 4245; x_wconf 82' lang='lat' dir='ltr'><strong>ingrati</strong></span> <span class='ocrx_word' id='word_1_566' title='bbox 739 4169 824 4229; x_wconf 87' lang='lat' dir='ltr'><strong>animi</strong></span> <span class='ocrx_word' id='word_1_567' title='bbox 840 4175 859 4222; x_wconf 78' lang='grc' dir='ltr'>Α</span> <span class='ocrx_word' id='word_1_568' title='bbox 876 4171 977 4238; x_wconf 79' lang='grc' dir='ltr'>δεικνὺς</span> <span class='ocrx_word' id='word_1_569' title='bbox 1000 4169 1041 4230; x_wconf 81' lang='grc' dir='ltr'>ὅτι</span> <span class='ocrx_word' id='word_1_570' title='bbox 1061 4168 1095 4229; x_wconf 77' lang='lat' dir='ltr'><strong>cd</strong></span> <span class='ocrx_word' id='word_1_571' title='bbox 1117 4169 1249 4241; x_wconf 83' lang='grc' dir='ltr'>ἀνήκεστα</span> <span class='ocrx_word' id='word_1_572' title='bbox 1265 4169 1402 4229; x_wconf 87' lang='grc' dir='ltr'>πείσονται</span> <span class='ocrx_word' id='word_1_573' title='bbox 1421 4173 1653 4250; x_wconf 84' lang='grc' dir='ltr'>ἀγνωμονοῦντες·</span> 
     </span>
     <span class='ocr_line' id='line_1_42' title="bbox 14 4253 1652 4343; baseline 0.001 -22"><span class='ocrx_word' id='word_1_574' title='bbox 14 4277 50 4323; x_wconf 81' lang='lat'>15.</span> <span class='ocrx_word' id='word_1_575' title='bbox 78 4282 158 4321; x_wconf 86' lang='lat' dir='ltr'><strong>eausa</strong></span> <span class='ocrx_word' id='word_1_576' title='bbox 171 4256 353 4318; x_wconf 85' lang='lat' dir='ltr'><strong>intolerabilia</strong></span> <span class='ocrx_word' id='word_1_577' title='bbox 371 4278 497 4338; x_wconf 89' lang='lat' dir='ltr'><strong>passuros</strong></span> <span class='ocrx_word' id='word_1_578' title='bbox 510 4277 567 4316; x_wconf 82' lang='lat' dir='ltr'><strong>esse</strong></span> <span class='ocrx_word' id='word_1_579' title='bbox 582 4279 588 4313; x_wconf 82' lang='grc' dir='ltr'>ι</span> <span class='ocrx_word' id='word_1_580' title='bbox 603 4257 634 4316; x_wconf 86' lang='lat' dir='ltr'><strong>Si</strong></span> <span class='ocrx_word' id='word_1_581' title='bbox 647 4279 707 4316; x_wconf 84' lang='lat' dir='ltr'>non</span> <span class='ocrx_word' id='word_1_582' title='bbox 720 4266 823 4321; x_wconf 79' lang='lat' dir='ltr'><strong>venis-</strong></span> <span class='ocrx_word' id='word_1_583' title='bbox 877 4267 910 4324; x_wconf 83' lang='grc' dir='ltr'>Εἰ</span> <span class='ocrx_word' id='word_1_584' title='bbox 922 4262 959 4342; x_wconf 79' lang='grc' dir='ltr'>μὴ</span> <span class='ocrx_word' id='word_1_585' title='bbox 968 4253 1047 4335; x_wconf 74' lang='grc' dir='ltr'>ἦλθον</span> <span class='ocrx_word' id='word_1_586' title='bbox 1059 4261 1104 4322; x_wconf 75' lang='grc' dir='ltr'>καί</span> <span class='ocrx_word' id='word_1_587' title='bbox 1114 4260 1232 4330; x_wconf 82' lang='grc' dir='ltr'>ἐλάλησα</span> <span class='ocrx_word' id='word_1_588' title='bbox 1244 4263 1348 4334; x_wconf 80' lang='grc' dir='ltr'>αὐτοῖς,</span> <span class='ocrx_word' id='word_1_589' title='bbox 1359 4260 1448 4341; x_wconf 82' lang='grc' dir='ltr'>ρησλν,</span> <span class='ocrx_word' id='word_1_590' title='bbox 1459 4262 1591 4343; x_wconf 82' lang='grc' dir='ltr'>ἁμαρτίαν</span> <span class='ocrx_word' id='word_1_591' title='bbox 1603 4268 1652 4325; x_wconf 76' lang='grc' dir='ltr'>οὐκ</span> 
     </span>
     <span class='ocr_line' id='line_1_43' title="bbox 78 4346 1652 4436; baseline 0.002 -23"><span class='ocrx_word' id='word_1_592' title='bbox 78 4375 138 4413; x_wconf 84' lang='lat' dir='ltr'>sem</span> <span class='ocrx_word' id='word_1_593' title='bbox 149 4365 177 4412; x_wconf 83' lang='lat' dir='ltr'>et</span> <span class='ocrx_word' id='word_1_594' title='bbox 189 4352 326 4430; x_wconf 84' lang='lat' dir='ltr'><strong>loquutus</strong></span> <span class='ocrx_word' id='word_1_595' title='bbox 328 4351 458 4430; x_wconf 80' lang='lat' dir='ltr'><strong>fuissem</strong></span> <span class='ocrx_word' id='word_1_596' title='bbox 469 4352 521 4419; x_wconf 83' lang='lat' dir='ltr'><strong>eis,</strong></span> <span class='ocrx_word' id='word_1_597' title='bbox 533 4361 686 4426; x_wconf 82' lang='lat' dir='ltr'><strong>peccatum</strong></span> <span class='ocrx_word' id='word_1_598' title='bbox 701 4355 824 4414; x_wconf 74' lang='lat' dir='ltr'><strong>nonha-</strong></span> <span class='ocrx_word' id='word_1_599' title='bbox 875 4346 956 4436; x_wconf 74' lang='grc' dir='ltr'>εἶχον.</span> <span class='ocrx_word' id='word_1_600' title='bbox 974 4352 1059 4413; x_wconf 85' lang='grc' dir='ltr'>Ὥστε</span> <span class='ocrx_word' id='word_1_601' title='bbox 1084 4354 1166 4411; x_wconf 80' lang='grc' dir='ltr'>διπλᾶ</span> <span class='ocrx_word' id='word_1_602' title='bbox 1193 4352 1239 4410; x_wconf 86' lang='grc' dir='ltr'>καί</span> <span class='ocrx_word' id='word_1_603' title='bbox 1266 4353 1403 4432; x_wconf 83' lang='grc' dir='ltr'>τετραπλᾶ</span> <span class='ocrx_word' id='word_1_604' title='bbox 1421 4354 1455 4413; x_wconf 74' lang='grc' dir='ltr'>τά</span> <span class='ocrx_word' id='word_1_605' title='bbox 1477 4354 1545 4428; x_wconf 76' lang='grc' dir='ltr'>μετά</span> <span class='ocrx_word' id='word_1_606' title='bbox 1566 4361 1652 4416; x_wconf 78' lang='grc' dir='ltr'>ταῦτα</span> 
     </span>
     <span class='ocr_line' id='line_1_44' title="bbox 79 4438 1652 4531; baseline 0.003 -26"><span class='ocrx_word' id='word_1_607' title='bbox 79 4448 188 4504; x_wconf 73' lang='lat' dir='ltr'><strong>herent.</strong></span> <span class='ocrx_word' id='word_1_608' title='bbox 204 4443 298 4518; x_wconf 86' lang='lat' dir='ltr'><strong>ltaque</strong></span> <span class='ocrx_word' id='word_1_609' title='bbox 319 4440 430 4521; x_wconf 88' lang='lat' dir='ltr'><strong>postbac</strong></span> <span class='ocrx_word' id='word_1_610' title='bbox 442 4438 527 4520; x_wconf 88' lang='lat' dir='ltr'><strong>dupla</strong></span> <span class='ocrx_word' id='word_1_611' title='bbox 540 4453 566 4499; x_wconf 86' lang='lat' dir='ltr'>et</span> <span class='ocrx_word' id='word_1_612' title='bbox 587 4441 741 4524; x_wconf 86' lang='lat' dir='ltr'><strong>quadrupla</strong></span> <span class='ocrx_word' id='word_1_613' title='bbox 761 4461 825 4507; x_wconf 91' lang='lat' dir='ltr'><strong>sunt</strong></span> <span class='ocrx_word' id='word_1_614' title='bbox 875 4447 1056 4531; x_wconf 74' lang='grc' dir='ltr'>ἁμαρτήματα</span> <span class='ocrx_word' id='word_1_615' title='bbox 1079 4445 1189 4525; x_wconf 87' lang='grc' dir='ltr'>γίνεται.</span> <span class='ocrx_word' id='word_1_616' title='bbox 1216 4445 1295 4517; x_wconf 80' lang='grc' dir='ltr'>Πῶς;</span> <span class='ocrx_word' id='word_1_617' title='bbox 1319 4444 1383 4505; x_wconf 84' lang='grc' dir='ltr'>Ὅτι</span> <span class='ocrx_word' id='word_1_618' title='bbox 1407 4444 1476 4520; x_wconf 73' lang='grc' dir='ltr'>μετὰ</span> <span class='ocrx_word' id='word_1_619' title='bbox 1499 4444 1548 4518; x_wconf 70' lang='grc' dir='ltr'>τὴν</span> <span class='ocrx_word' id='word_1_620' title='bbox 1570 4447 1652 4526; x_wconf 79' lang='grc' dir='ltr'>τιμὴν</span> 
     </span>
     <span class='ocr_line' id='line_1_45' title="bbox 76 4531 1652 4620; baseline 0.003 -23"><span class='ocrx_word' id='word_1_621' title='bbox 76 4549 196 4619; x_wconf 82' lang='lat' dir='ltr'><strong>peccata.</strong></span> <span class='ocrx_word' id='word_1_622' title='bbox 210 4534 271 4604; x_wconf 89' lang='lat' dir='ltr'>Quo</span> <span class='ocrx_word' id='word_1_623' title='bbox 284 4532 385 4614; x_wconf 76' lang='lat' dir='ltr'><strong>paeto?</strong></span> <span class='ocrx_word' id='word_1_624' title='bbox 395 4531 467 4605; x_wconf 92' lang='lat' dir='ltr'><strong>Quia</strong></span> <span class='ocrx_word' id='word_1_625' title='bbox 480 4545 540 4613; x_wconf 90' lang='lat' dir='ltr'><strong>post</strong></span> <span class='ocrx_word' id='word_1_626' title='bbox 552 4532 681 4596; x_wconf 89' lang='lat' dir='ltr'><strong>collatum</strong></span> <span class='ocrx_word' id='word_1_627' title='bbox 695 4536 823 4600; x_wconf 87' lang='lat' dir='ltr'><strong>bonorem</strong></span> <span class='ocrx_word' id='word_1_628' title='bbox 875 4540 1025 4620; x_wconf 77' lang='grc' dir='ltr'>ἀγνώμονες</span> <span class='ocrx_word' id='word_1_629' title='bbox 1040 4539 1165 4618; x_wconf 84' lang='grc' dir='ltr'>γινόμεθα</span> <span class='ocrx_word' id='word_1_630' title='bbox 1181 4539 1226 4598; x_wconf 81' lang='grc' dir='ltr'>καλ</span> <span class='ocrx_word' id='word_1_631' title='bbox 1237 4537 1357 4619; x_wconf 88' lang='grc' dir='ltr'>πονηροί.</span> <span class='ocrx_word' id='word_1_632' title='bbox 1370 4539 1424 4597; x_wconf 82' lang='grc' dir='ltr'>Καὶ</span> <span class='ocrx_word' id='word_1_633' title='bbox 1437 4537 1481 4598; x_wconf 72' lang='grc' dir='ltr'>διὰ</span> <span class='ocrx_word' id='word_1_634' title='bbox 1488 4543 1567 4600; x_wconf 81' lang='grc' dir='ltr'>τοῦτο</span> <span class='ocrx_word' id='word_1_635' title='bbox 1577 4540 1652 4601; x_wconf 80' lang='grc' dir='ltr'>οὐδὲν</span> 
     </span>
     <span class='ocr_line' id='line_1_46' title="bbox 78 4622 1651 4713; baseline 0.003 -25"><span class='ocrx_word' id='word_1_636' title='bbox 78 4628 177 4709; x_wconf 83' lang='lat' dir='ltr'><strong>ingrati</strong></span> <span class='ocrx_word' id='word_1_637' title='bbox 189 4646 283 4685; x_wconf 87' lang='lat' dir='ltr'><strong>sumus</strong></span> <span class='ocrx_word' id='word_1_638' title='bbox 303 4637 329 4682; x_wconf 89' lang='lat' dir='ltr'>et</span> <span class='ocrx_word' id='word_1_639' title='bbox 342 4622 468 4705; x_wconf 89' lang='lat' dir='ltr'><strong>improbi.</strong></span> <span class='ocrx_word' id='word_1_640' title='bbox 482 4624 653 4705; x_wconf 85' lang='lat' dir='ltr'><strong>Quapropter</strong></span> <span class='ocrx_word' id='word_1_641' title='bbox 665 4626 735 4686; x_wconf 90' lang='lat' dir='ltr'><strong>nihil</strong></span> <span class='ocrx_word' id='word_1_642' title='bbox 747 4630 825 4690; x_wconf 90' lang='lat' dir='ltr'><strong>nobis</strong></span> <span class='ocrx_word' id='word_1_643' title='bbox 874 4640 941 4712; x_wconf 83' lang='grc' dir='ltr'>ἡμῖν</span> <span class='ocrx_word' id='word_1_644' title='bbox 957 4636 1048 4712; x_wconf 86' lang='grc' dir='ltr'>βοηθεῖ</span> <span class='ocrx_word' id='word_1_645' title='bbox 1068 4632 1159 4691; x_wconf 83' lang='grc' dir='ltr'>λοιπὸν</span> <span class='ocrx_word' id='word_1_646' title='bbox 1174 4631 1204 4690; x_wconf 84' lang='grc' dir='ltr'>τὸ</span> <span class='ocrx_word' id='word_1_647' title='bbox 1217 4629 1325 4709; x_wconf 81' lang='grc' dir='ltr'>λουτρὸν</span> <span class='ocrx_word' id='word_1_648' title='bbox 1340 4633 1376 4697; x_wconf 85' lang='grc' dir='ltr'>εἰς</span> <span class='ocrx_word' id='word_1_649' title='bbox 1395 4631 1426 4690; x_wconf 84' lang='grc' dir='ltr'>τὸ</span> <span class='ocrx_word' id='word_1_650' title='bbox 1440 4630 1589 4713; x_wconf 80' lang='grc' dir='ltr'>πραοτέρας</span> <span class='ocrx_word' id='word_1_651' title='bbox 1602 4658 1651 4693; x_wconf 83' lang='grc' dir='ltr'>τυ·</span> 
     </span>
     <span class='ocr_line' id='line_1_47' title="bbox 76 4716 1650 4807; baseline 0 -25"><span class='ocrx_word' id='word_1_652' title='bbox 76 4721 185 4804; x_wconf 86' lang='lat' dir='ltr'><strong>prolicit</strong></span> <span class='ocrx_word' id='word_1_653' title='bbox 200 4719 353 4805; x_wconf 71' lang='lat' dir='ltr'><strong>lavacrum,</strong></span> <span class='ocrx_word' id='word_1_654' title='bbox 372 4731 402 4776; x_wconf 89' lang='lat' dir='ltr'><strong>ut</strong></span> <span class='ocrx_word' id='word_1_655' title='bbox 414 4716 508 4776; x_wconf 88' lang='lat' dir='ltr'><strong>mitius</strong></span> <span class='ocrx_word' id='word_1_656' title='bbox 521 4717 677 4797; x_wconf 84' lang='lat' dir='ltr'><strong>puniamur.</strong></span> <span class='ocrx_word' id='word_1_657' title='bbox 693 4721 822 4784; x_wconf 80' lang='lat' dir='ltr'><strong>Animad-</strong></span> <span class='ocrx_word' id='word_1_658' title='bbox 875 4735 931 4806; x_wconf 91' lang='grc' dir='ltr'>χεῖν</span> <span class='ocrx_word' id='word_1_659' title='bbox 945 4724 1082 4804; x_wconf 86' lang='grc' dir='ltr'>τιμωρίας.</span> <span class='ocrx_word' id='word_1_660' title='bbox 1097 4722 1198 4783; x_wconf 82' lang='grc' dir='ltr'>Σκόπει</span> <span class='ocrx_word' id='word_1_661' title='bbox 1211 4722 1255 4783; x_wconf 88' lang='grc' dir='ltr'>δέ·</span> <span class='ocrx_word' id='word_1_662' title='bbox 1269 4721 1332 4802; x_wconf 83' lang='grc' dir='ltr'>ἔσχε</span> <span class='ocrx_word' id='word_1_663' title='bbox 1345 4746 1385 4789; x_wconf 88' lang='grc' dir='ltr'>τις</span> <span class='ocrx_word' id='word_1_664' title='bbox 1399 4723 1583 4805; x_wconf 75' lang='grc' dir='ltr'>ἁμαρτήματα</span> <span class='ocrx_word' id='word_1_665' title='bbox 1597 4750 1650 4807; x_wconf 82' lang='grc' dir='ltr'>χα-</span> 
     </span>
     <span class='ocr_line' id='line_1_48' title="bbox 77 4807 1651 4898; baseline -0.004 -25"><span class='ocrx_word' id='word_1_666' title='bbox 77 4827 151 4874; x_wconf 83' lang='grc' dir='ltr'>νειιο</span> <span class='ocrx_word' id='word_1_667' title='bbox 160 4832 240 4892; x_wconf 90' lang='lat' dir='ltr'><strong>porro</strong></span> <span class='ocrx_word' id='word_1_668' title='bbox 250 4833 256 4866; x_wconf 93' lang='lat'>:</span> <span class='ocrx_word' id='word_1_669' title='bbox 268 4809 297 4867; x_wconf 90' lang='lat' dir='ltr'><strong>in</strong></span> <span class='ocrx_word' id='word_1_670' title='bbox 309 4807 401 4888; x_wconf 88' lang='lat' dir='ltr'><strong>gravia</strong></span> <span class='ocrx_word' id='word_1_671' title='bbox 412 4822 519 4889; x_wconf 86' lang='lat' dir='ltr'><strong>peccata</strong></span> <span class='ocrx_word' id='word_1_672' title='bbox 529 4808 590 4887; x_wconf 91' lang='lat' dir='ltr'><strong>quis</strong></span> <span class='ocrx_word' id='word_1_673' title='bbox 600 4810 708 4886; x_wconf 88' lang='lat' dir='ltr'><strong>incidit;</strong></span> <span class='ocrx_word' id='word_1_674' title='bbox 718 4814 762 4872; x_wconf 88' lang='lat' dir='ltr'><strong>vel</strong></span> <span class='ocrx_word' id='word_1_675' title='bbox 773 4836 822 4875; x_wconf 72' lang='lat' dir='ltr'><strong>caa-</strong></span> <span class='ocrx_word' id='word_1_676' title='bbox 875 4818 960 4890; x_wconf 78' lang='grc' dir='ltr'>λεπδ,</span> <span class='ocrx_word' id='word_1_677' title='bbox 980 4816 997 4888; x_wconf 78' lang='grc' dir='ltr'>ἢ</span> <span class='ocrx_word' id='word_1_678' title='bbox 1012 4814 1152 4897; x_wconf 77' lang='grc' dir='ltr'>φονεύσας,</span> <span class='ocrx_word' id='word_1_679' title='bbox 1166 4815 1184 4886; x_wconf 81' lang='grc' dir='ltr'>ἢ</span> <span class='ocrx_word' id='word_1_680' title='bbox 1199 4815 1361 4896; x_wconf 87' lang='grc' dir='ltr'>μοιχεύσας,</span> <span class='ocrx_word' id='word_1_681' title='bbox 1375 4813 1392 4886; x_wconf 76' lang='grc' dir='ltr'><strong>ἢ</strong></span> <span class='ocrx_word' id='word_1_682' title='bbox 1407 4814 1494 4896; x_wconf 72' lang='grc' dir='ltr'>ἕτερόν</span> <span class='ocrx_word' id='word_1_683' title='bbox 1506 4840 1533 4876; x_wconf 66' lang='lat' dir='ltr'><strong>n</strong></span> <span class='ocrx_word' id='word_1_684' title='bbox 1546 4819 1560 4847; x_wconf 86' lang='lat'>*</span> <span class='ocrx_word' id='word_1_685' title='bbox 1569 4821 1651 4898; x_wconf 57' lang='grc' dir='ltr'>χαλε.</span> 
     </span>
     <span class='ocr_line' id='line_1_49' title="bbox 76 4901 1648 4989; baseline 0.003 -24"><span class='ocrx_word' id='word_1_686' title='bbox 76 4906 139 4966; x_wconf 90' lang='lat' dir='ltr'><strong>dem</strong></span> <span class='ocrx_word' id='word_1_687' title='bbox 150 4951 157 4979; x_wconf 94' lang='lat'>‚</span> <span class='ocrx_word' id='word_1_688' title='bbox 168 4903 212 4965; x_wconf 82' lang='lat' dir='ltr'><strong>vcl</strong></span> <span class='ocrx_word' id='word_1_689' title='bbox 221 4901 401 4976; x_wconf 79' lang='lat' dir='ltr'><strong>adulterium,</strong></span> <span class='ocrx_word' id='word_1_690' title='bbox 412 4901 456 4962; x_wconf 86' lang='lat' dir='ltr'><strong>vel</strong></span> <span class='ocrx_word' id='word_1_691' title='bbox 470 4901 546 4961; x_wconf 88' lang='lat' dir='ltr'><strong>aliud</strong></span> <span class='ocrx_word' id='word_1_692' title='bbox 555 4901 697 4984; x_wconf 89' lang='lat' dir='ltr'><strong>quidpiam</strong></span> <span class='ocrx_word' id='word_1_693' title='bbox 705 4904 822 4968; x_wconf 90' lang='lat' dir='ltr'><strong>deterius</strong></span> <span class='ocrx_word' id='word_1_694' title='bbox 875 4909 992 4989; x_wconf 86' lang='grc' dir='ltr'>πώτερον</span> <span class='ocrx_word' id='word_1_695' title='bbox 1007 4907 1201 4988; x_wconf 87' lang='grc' dir='ltr'>ἐργασάμενος,</span> <span class='ocrx_word' id='word_1_696' title='bbox 1218 4909 1302 4986; x_wconf 80' lang='grc' dir='ltr'>ἀρέθη</span> <span class='ocrx_word' id='word_1_697' title='bbox 1316 4906 1358 4966; x_wconf 77' lang='grc' dir='ltr'>διὰ</span> <span class='ocrx_word' id='word_1_698' title='bbox 1368 4912 1413 4966; x_wconf 81' lang='grc' dir='ltr'>τοῦ</span> <span class='ocrx_word' id='word_1_699' title='bbox 1428 4908 1539 4988; x_wconf 80' lang='grc' dir='ltr'>λουτροῦ</span> <span class='ocrx_word' id='word_1_700' title='bbox 1552 4917 1648 4971; x_wconf 79' lang='grc' dir='ltr'>ταῦτα.</span> 
     </span>
    </p>
   </div>
   <div class='ocr_carea' id='block_1_3' title="bbox 76 5086 1649 5316">
    <p class='ocr_par' dir='ltr' id='par_1_3' title="bbox 76 5086 1649 5316">
     <span class='ocr_line' id='line_1_50' title="bbox 109 5086 1378 5163; baseline -0.016 -5"><span class='ocrx_word' id='word_1_701' title='bbox 109 5108 120 5131; x_wconf 75' lang='lat'>⁸</span> <span class='ocrx_word' id='word_1_702' title='bbox 139 5087 210 5141; x_wconf 61' lang='lat' dir='ltr'><strong>idem</strong></span> <span class='ocrx_word' id='word_1_703' title='bbox 221 5087 307 5139; x_wconf 68' lang='lat' dir='ltr'><strong>e⁰d⁸¹</strong></span> <span class='ocrx_word' id='word_1_704' title='bbox 324 5095 359 5142; x_wconf 62' lang='lat' dir='ltr'><strong>iffi</strong></span> <span class='ocrx_word' id='word_1_705' title='bbox 373 5093 464 5154; x_wconf 62' lang='lat' dir='ltr'><strong>natta.</strong></span> <span class='ocrx_word' id='word_1_706' title='bbox 476 5088 548 5152; x_wconf 69' lang='lat' dir='ltr'><strong>lM⁰¹</strong></span> <span class='ocrx_word' id='word_1_707' title='bbox 566 5086 642 5139; x_wconf 53' lang='lat' dir='ltr'><strong>smil·</strong></span> <span class='ocrx_word' id='word_1_708' title='bbox 654 5091 720 5140; x_wconf 65' lang='lat'>⁰10·</span> <span class='ocrx_word' id='word_1_709' title='bbox 739 5101 837 5156; x_wconf 77' lang='grc' dir='ltr'>τηκύμι-</span> <span class='ocrx_word' id='word_1_710' title='bbox 887 5097 917 5142; x_wconf 79' lang='grc' dir='ltr'>τά</span> <span class='ocrx_word' id='word_1_711' title='bbox 927 5098 1014 5158; x_wconf 77' lang='grc' dir='ltr'>ἔσχατα</span> <span class='ocrx_word' id='word_1_712' title='bbox 1025 5103 1118 5163; x_wconf 79' lang='grc' dir='ltr'>χείρονα</span> <span class='ocrx_word' id='word_1_713' title='bbox 1131 5108 1176 5145; x_wconf 84' lang='grc' dir='ltr'>τῶν</span> <span class='ocrx_word' id='word_1_714' title='bbox 1188 5104 1292 5161; x_wconf 78' lang='grc' dir='ltr'>πρώτων.</span> <span class='ocrx_word' id='word_1_715' title='bbox 1306 5097 1325 5142; x_wconf 80' lang='lat' dir='ltr'><strong>tl</strong></span> <span class='ocrx_word' id='word_1_716' title='bbox 1336 5101 1378 5156; x_wconf 78' lang='grc' dir='ltr'>μη.</span> 
     </span>
     <span class='ocr_line' id='line_1_51' title="bbox 76 5163 1649 5240; baseline -0.015 -3"><span class='ocrx_word' id='word_1_717' title='bbox 76 5195 109 5230; x_wconf 68' lang='lat'>⁹⁰5</span> <span class='ocrx_word' id='word_1_718' title='bbox 119 5187 167 5236; x_wconf 66' lang='grc' dir='ltr'>ΝΟ</span> <span class='ocrx_word' id='word_1_719' title='bbox 178 5168 340 5235; x_wconf 61' lang='grc' dir='ltr'>ῖμθκῦμένθῖύ</span> <span class='ocrx_word' id='word_1_720' title='bbox 919 5171 930 5195; x_wconf 75' lang='grc'><em>“</em></span> <span class='ocrx_word' id='word_1_721' title='bbox 949 5170 958 5235; x_wconf 90' lang='grc'><strong>[</strong></span> <span class='ocrx_word' id='word_1_722' title='bbox 967 5178 1128 5240; x_wconf 70' lang='grc' dir='ltr'>χαλεπώτερον</span> <span class='ocrx_word' id='word_1_723' title='bbox 1146 5169 1213 5236; x_wconf 88' lang='lat' dir='ltr'><strong>apud</strong></span> <span class='ocrx_word' id='word_1_724' title='bbox 1233 5168 1310 5221; x_wconf 83' lang='lat' dir='ltr'><strong>Savil.</strong></span> <span class='ocrx_word' id='word_1_725' title='bbox 1326 5172 1395 5220; x_wconf 84' lang='lat' dir='ltr'><strong>uncis</strong></span> <span class='ocrx_word' id='word_1_726' title='bbox 1409 5167 1533 5217; x_wconf 87' lang='lat' dir='ltr'><strong>iuclusum</strong></span> <span class='ocrx_word' id='word_1_727' title='bbox 1550 5163 1649 5216; x_wconf 78' lang='lat' dir='ltr'><strong>abesto</strong></span> 
     </span>
     <span class='ocr_line' id='line_1_52' title="bbox 108 5245 969 5316; baseline -0.014 -15"><span class='ocrx_word' id='word_1_728' title='bbox 108 5251 119 5281; x_wconf 71' lang='lat'><strong><em>⁴</em></strong></span> <span class='ocrx_word' id='word_1_729' title='bbox 136 5248 208 5300; x_wconf 84' lang='lat' dir='ltr'><strong>Unus</strong></span> <span class='ocrx_word' id='word_1_730' title='bbox 218 5245 304 5298; x_wconf 79' lang='lat' dir='ltr'><strong>Codex</strong></span> <span class='ocrx_word' id='word_1_731' title='bbox 317 5258 342 5296; x_wconf 85' lang='lat' dir='ltr'>et</span> <span class='ocrx_word' id='word_1_732' title='bbox 360 5245 437 5296; x_wconf 77' lang='lat' dir='ltr'><strong>savit.</strong></span> <span class='ocrx_word' id='word_1_733' title='bbox 451 5246 476 5296; x_wconf 90' lang='lat' dir='ltr'><strong>iu</strong></span> <span class='ocrx_word' id='word_1_734' title='bbox 490 5263 569 5314; x_wconf 89' lang='lat' dir='ltr'><strong>marg.</strong></span> <span class='ocrx_word' id='word_1_735' title='bbox 583 5251 714 5316; x_wconf 55' lang='grc' dir='ltr'>προύλεγεν,</span> <span class='ocrx_word' id='word_1_736' title='bbox 725 5255 760 5303; x_wconf 69' lang='grc' dir='ltr'>εςς</span> <span class='ocrx_word' id='word_1_737' title='bbox 772 5255 834 5302; x_wconf 55' lang='grc' dir='ltr'>ἕπῃ</span> <span class='ocrx_word' id='word_1_738' title='bbox 883 5249 946 5299; x_wconf 78' lang='lat' dir='ltr'>c,1)</span> <span class='ocrx_word' id='word_1_739' title='bbox 960 5250 969 5314; x_wconf 84' lang='grc'>]</span> 
     </span>
    </p>
   </div>
   <div class='ocr_carea' id='block_1_4' title="bbox 0 0 1868 5978">
    <p class='ocr_par' dir='ltr' id='par_1_4' title="bbox 0 0 1868 5978">
     <span class='ocr_line' id='line_1_53' title="bbox 0 0 1868 5978; baseline 0 1"><span class='ocrx_word' id='word_1_740' title='bbox 0 0 1868 5978; x_wconf 95' lang='lat' dir='ltr'> </span> 
     </span>
    </p>
   </div>
  </div>
 </body>
</html>
