3728 5978
153 405 224 478 206
280 397 284 402 Α
509 427 538 476 S.
565 425 700 475 tonnnls
727 421 914 472 CHRYSOST.
942 421 1097 470 ancumr.
1121 419 1387 470 consrtnrmor.

153 551 183 612 si
207 552 259 611 hoe
279 552 331 611 tibi
353 550 520 634 persuadeas,
535 571 630 630 nempe
651 547 823 630 providentia
843 547 893 605 Dei
913 551 930 598 B
947 555 1029 607 ποιεῖ·
1043 544 1084 605 δτι
1103 544 1263 605 καταλαύεῖν
1276 545 1363 604 αῦτιῦν
1375 545 1419 605 τδν
1439 542 1517 625 >al-sot
1532 545 1581 604 οῦκ

154 643 243 704 omnia
255 643 450 720 administrari,
461 641 508 722 qni
521 641 574 701 alia
586 640 717 722 permittit
729 661 781 719 qua
793 638 895 698 ratione
946 639 1021 706 λύσις
1035 637 1121 713 αύτη,
1140 638 1185 698 καλ
1198 636 1296 709 ταύτης
1309 635 1423 716 άριείνων
1442 635 1520 719 ἑτέρα
1539 638 1586 696 οῦκ

153 737 211 818 ipse
219 736 303 814 norit,
312 736 367 795 alia
375 750 465 795 antem
477 747 612 816 operatur,
621 732 657 793 ab
666 732 741 792 omni
751 732 896 811 quastione
947 731 1016 812 γάρ,
1032 730 1089 790 εἰπέ
1107 754 1169 808 μοι,
1188 735 1235 803 τῆς
1253 729 1352 796 λύσεως
1376 728 1467 810 ἔργονς
1486 729 1586 788 Πάντω

153 829 282 888 liberatus
300 850 338 907 cs,
354 841 380 887 et
392 827 533 888 solutionis
547 827 654 886 lucrum
673 824 825 907 percepisti.
841 822 897 885 Sed
948 828 1034 894 ζητεῖν
1048 823 1078 882 τὸ
1086 821 1173 883 λυθέν.
1186 820 1243 882 Κᾶν
1253 818 1428 904 τοῦτυΙπείσης
1439 820 1546 894 σαυτὸν,
1559 819 1586 880 άτ

153 920 190 980 ad
209 921 375 1002 propositum
392 935 567 982 revertamur.
584 919 656 994 Quia
672 919 757 999 igitur
768 916 844 977 vides
858 929 897 975 tot
947 917 1018 977 Θεοῦ
1029 914 1063 974 τὰ
1074 914 1160 975 πάντα
1175 916 1320 985 διοικεῖται,
1332 913 1367 975 cir
1380 914 1428 994 μὲν
1439 920 1586 995 ουγχωροῦι

153 1013 344 1095 insuppliciis
361 1036 427 1090 esse,
443 1016 584 1118 Deumque
598 1013 656 1071 liaec
675 1010 766 1093 omnia
784 1009 897 1092 permit·
949 1000 989 1069 οἶδ
975 1007 1100 1086 δελύγον,
1113 1007 1149 1068 τδ
1159 1007 1211 1067 888
1198 1011 1378 1125 ἐνεργοῦντος,
1394 1008 1555 1086 ἀπηλλάγης
1567 1031 1586 1065 τ

152 1117 224 1165 tere:
241 1106 394 1167 valetudine
410 1106 529 1188 eorporis
544 1120 617 1166 utere
630 1103 665 1163 ad
679 1102 774 1163 animae
791 1102 897 1163 valetu·
950 1101 1042 1161 καλ
1009 1125 1057 1172 της
1068 1100 1204 1168 λυσεως
1179 1125 1254 1161 τοκε
1246 1100 1424 1183 ρλοςέλαύες.
1437 1102 1508 1160 Ἀλλ’
1525 1102 1586 1160 ἐπαι

152 1198 253 1258 dinem.
270 1199 323 1259 Sed
338 1199 433 1260 dices:
426 1199 523 1272 ·Quid
541 1197 609 1259 mibi
624 1219 692 1279 opus
706 1209 746 1256 est
759 1195 900 1255 laboribus
950 1191 1172 1274 Ιτ.διτροκείμενον
1189 1126 1315 1254 ’linei
1284 1218 1328 1254 συν
1342 1198 1403 1273 δρᾷς
1416 1191 1586 1261 τοσούτουςέι

153 1304 179 1349 et
195 1290 312 1368 miseria,
323 1313 385 1351 cum
394 1291 464 1352 mihi
477 1291 555 1350 liceat
567 1289 658 1349 omnia
671 1309 728 1348 sine
736 1287 830 1347 labore
844 1286 899 1347 sol·
952 1310 995 1359 σι,
1017 1292 1100 1344 ταῦτα
1114 1285 1142 1346 88
1161 1291 1177 1346 8
1196 1285 1265 1356 Θεδς
1286 1293 1418 1367 συγχωρεῖ
1438 1284 1545 1357 πάντα,
1564 1308 1585 1364 χ

154 1383 236 1443 vere?
253 1384 310 1444 Hoc
332 1398 401 1444 certe
420 1404 473 1443 non
496 1383 669 1442 manifestum
690 1393 738 1441 est.
760 1380 900 1460 Contingit
951 1377 1027 1461 ὑγεία
1044 1385 1089 1438 τοῦ
1112 1378 1233 1458 σώματος
1255 1382 1291 1446 εἶς
1310 1378 1358 1453 τὴν
1373 1378 1464 1458 ὑγείαν
1476 1382 1525 1449 τῆς
1539 1379 1586 1458 δυ)

154 1475 263 1535 enimut
273 1475 413 1536 nonmodo
421 1497 474 1535 non
482 1476 539 1535 sine
548 1476 640 1534 labore
652 1472 749 1548 solvas,
760 1471 807 1532 sed
819 1473 900 1532 etiam
952 1476 1035 1552 ἐρεῖς,
1058 1471 1084 1531 τί
1111 1494 1157 1549 μοι
1176 1472 1254 1553 χρεία
1272 1471 1360 1531 πόνων
1380 1471 1425 1531 καὶ
1445 1474 1586 1554 ταλαιπωρ

154 1581 184 1629 ιιι
197 1568 322 1628 omnibus
333 1582 444 1629 onustus
457 1567 719 1628 decedascaeterum
732 1565 838 1626 etiamsi
848 1566 900 1625 hoe
953 1564 1065 1638 ἀπονητὶ
1092 1564 1180 1624 πάντα
1204 1564 1404 1639 ἀπολύσασθαι,
1430 1563 1561 1624 Μάλιστα

154 1662 326 1722 manifestum
343 1677 420 1739 esset,
434 1683 487 1722 non
509 1661 634 1722 ferendus
652 1674 740 1719 tamen
753 1658 800 1719 hic
812 1680 898 1719 sermo
917 1674 936 1722 c
953 1660 1031 1730 δηλον
1043 1664 1120 1718 τοῦτο
1113 1656 1197 1719 ’.ἐστι
1208 1657 1354 1736 Συμύαινει
1362 1659 1452 1742 γὰρ
1425 1681 1455 1719 ου
1466 1681 1545 1737 μονον
1560 1659 1586 1717 ἀι

154 1767 232 1813 esset.
248 1754 289 1813 ln
295 1754 440 1813 certamina
461 1753 569 1814 traxit.
584 1773 659 1812 arma
672 1750 761 1834 posita
774 1763 836 1811 sunt
850 1772 900 1810 au·
953 1749 1151 1825 ἀπολύσασθαι,
1162 1749 1286 1810 ἀλλὰκαὶ
1298 1751 1523 1813 ἀπελθεῑν’παντα
1534 1750 1586 1832 ἔχοι

155 1866 209 1904 rea.
222 1845 292 1904 Cum
313 1858 446 1927 oporteret
459 1845 507 1905 illa
526 1856 844 1920 sumereettraetare,tu
857 1843 901 1904 vis
953 1845 977 1903 εἰ
996 1841 1042 1901 καλ
1056 1846 1116 1902 τοῦ
1103 1865 1133 1900 -ο
1154 1843 1186 1901 δ“
1169 1842 1317 1917 λον,
1257 1843 1303 1901 ουδ
1304 1832 1426 1924 δὀύτσς
1428 1844 1586 1911 άνεκτδςδλ

155 1934 289 2014 inglorius
300 1936 544 2016 servar1,mhrlque
557 1935 622 1997 boni
637 1934 900 2016 operar1.D1cm1h1,
953 1937 1055 2014 ἀγῶνας
1074 1932 1207 1994 εἵλκυσεν·
1229 1934 1300 1996 ύπλα
1323 1945 1408 1996 κεῖται
1427 1946 1525 2017 χρυσᾶ.
1547 1935 1586 1996 ut

155 2049 179 2086 si
172 2027 322 2087 bellum
313 2043 434 2106 instaret,
452 2049 553 2110 rexque
570 2028 682 2102 adesset,
694 2041 721 2087 et
739 2027 809 2087 alios
822 2027 900 2090 vide·
953 2026 1020 2087 αὐτὰ
1036 2026 1082 2086 καλ
1096 2025 1345 2110 μεταχειρίσασθαι,
1360 2026 1393 2088 σύ
1415 2029 1442 2088 88
1455 2028 1546 2108 βούλει
1559 2028 1586 2089 ἀί

156 2141 198 2180 res
210 2120 238 2179 in
251 2119 354 2180 medias
366 2121 514 2202 phalangas
526 2120 719 2198 reimmittere,
730 2119 862 2181 cadentes
875 2135 901 2181 et
952 2124 1045 2193 θῆναι,
1059 2118 1105 2179 καλ
1130 2120 1213 2199 μηδὲν
1235 2120 1333 2199 ἀγαθὸν
1349 2121 1522 2200 ἐργάσασθαι.
1540 2123 1586 2182 lte

155 2212 311 2271 innumeros
325 2212 483 2273 vulneribus
497 2212 656 2289 afficientes,
671 2212 792 2291 aliosque
803 2213 832 2273 in
846 2212 902 2271 sin·
952 2210 1067 2290 πόλεμος
1082 2211 1263 2287 συνειστήκει,
1276 2213 1347 2274 rate
1360 2212 1484 2293 βασιλεὺς
1496 2218 1586 2296 παρῆν

156 2303 248 2384 gulare
258 2319 388 2364 certamen
397 2302 597 2382 descendentes,
605 2304 673 2364 alios
685 2304 821 2383 saltantes,
834 2303 902 2365 alios
956 2305 1003 2383 μὲν
1014 2296 1079 2372 εἶδες
1093 2307 1130 2373 εἰς
1148 2304 1230 2383 μέσας
1244 2304 1293 2373 τδς
1308 2305 1445 2387 ράλαγγας
1459 2311 1513 2366 τῶν
1528 2309 1586 2367 πολ

156 2416 239 2474 equos
261 2396 392 2476 agitantes
418 2418 434 2456 a
458 2417 521 2476 rege
537 2396 661 2473 laudari,
682 2396 711 2455 in
726 2394 903 2455 admiratione
954 2395 1095 2471 πεσόντας,
1109 2398 1155 2457 καλ
1166 2396 1394 2472 κατακάπτοντας,
1411 2398 1458 2457 καὶ
1470 2421 1586 2479 τραυμτ

155 2487 263 2565 baberi,
281 2488 422 2568 plausibus
442 2489 543 2570 excipi,
562 2488 683 2547 coronari
689 2511 699 2566 3
714 2487 782 2547 alios
800 2503 902 2565 contra,
955 2487 1077 2567 ζομένους
1100 2489 1225 2570 μυρίους,
1239 2489 1341 2571 ἑτέρους
1363 2497 1583 2573 μονομαχοῦντος

157 2579 205 2657 qui
218 2591 341 2659 optarent
355 2579 426 2639 nihil
441 2579 506 2638 mali
526 2579 591 2660 pati,
607 2593 633 2638 et
646 2579 762 2639 ultimos
780 2593 900 2640 tenerent
955 2582 1113 2661 πηδῶντας,
1134 2583 1229 2649 ἄλλους
1238 2585 1279 2664 ἐρ’
1293 2582 1383 2642 ἵππων
1397 2582 1578 2664 ὀρχουμένους

156 2670 264 2730 ordines
277 2695 283 2728 :
296 2669 445 2750 deindeque
458 2671 545 2731 soluto
557 2670 641 2745 bello,
655 2670 722 2730 alios
731 2671 835 2750 vocari,
846 2693 902 2732 ma·
954 2673 1095 2753 νουμένους
1110 2673 1161 2734 ύπδ
1170 2681 1217 2735 τοῦ
1227 2672 1372 2754 βασιλέως,
1386 2676 1586 2755 θαυμαζομένου

155 2764 216 2846 gnis
230 2762 388 2824 muneribus
404 2762 503 2844 excipi,
516 2776 542 2822 et
552 2761 683 2822 celebrari
690 2785 700 2841 3
717 2761 828 2822 illorum
839 2784 903 2824 vero
920 2779 940 2826 n
956 2770 1066 2843 μένους,
1086 2765 1308 2847 στερανουμίνους
1318 2789 1326 2828 ·,
1338 2766 1441 2848 ἐτέρους
1453 2764 1482 2827 88
1497 2767 1581 2828 πάλιν

155 2879 190 2917 ne
203 2878 299 2917 nomen
310 2856 421 2935 quidem
437 2855 561 2937 proferri,
574 2854 621 2915 sed
636 2855 719 2914 unam
732 2854 846 2915 salutem
859 2876 903 2915 ac·
955 2857 1131 2938 ἡγουμένους,
1144 2860 1168 2917 εί
1180 2857 1262 2938 μηδδν
1273 2858 1382 2920 πάθοιεν
1392 2860 1484 2934 κακδν,
1495 2859 1586 2932 καλτὴ

156 2948 244 3029 cipere
259 2948 393 3007 bonorum
418 2945 569 3006 mercedem
580 2971 586 3004 ε
597 2968 633 3006 ex
650 2960 773 3006 utrorum
792 2968 904 3007 numero
954 2950 1027 3019 τάξιν
1043 2951 1222 3032 φυλάττοντας
1244 2950 1290 3010 καὶ
1310 2949 1487 3030 καθημένοις·
1511 2943 1572 3013 εἶτα

156 3060 213 3098 esse
223 3039 327 3099 velles?
339 3038 453 3098 Etiamsi
467 3036 591 3119 lapideus
601 3060 682 3117 esses,
697 3038 803 3098 etiamsi
816 3039 904 3099 insen·
956 3047 1001 3102 τοῦ
1012 3043 1129 3121 πολέμου
1142 3043 1228 3118 λύσιν,
1236 3041 1296 3111 τοὺς
1310 3041 1358 3123 μὲν
1371 3039 1586 3122 Βκαλουμένουσς,

157 3130 291 3191 sibilibus·
308 3144 334 3190 et
356 3130 510 3189 inanimatis
531 3130 669 3211 ignavior3
692 3151 780 3190 annon
804 3131 903 3193 millies
954 3160 1013 3203 νους
1023 3145 1081 3203 ταῖς
1095 3136 1223 3216 μεγάλαις
1239 3137 1364 3219 δωρεαῖς,
1378 3138 1586 3219 άνακηρυιτομέ

157 3240 263 3308 optares
273 3248 309 3286 ex
318 3225 429 3285 illorum
438 3246 550 3287 numero
558 3226 632 3285 esse?
643 3225 820 3287 Etiamoroet
828 3227 904 3288 obse·
955 3252 1006 3288 νων
1023 3228 1050 3288 δὲ
1069 3226 1127 3288 οὐδὲ
1140 3229 1255 3307 τούνόμα
1279 3231 1357 3302 δῆλον
1381 3228 1530 3310 γενόμενον,
1556 3233 1586 3291 ἀλ

157 3341 211 3380 cro.
223 3318 338 3378 Etiamsi
350 3317 422 3377 enim
432 3332 598 3398 pugnantem
607 3318 700 3379 cadere
708 3335 850 3402 oporteret,
859 3343 904 3382 an·
956 3325 1003 3394 τῆς
1016 3321 1149 3403 σωτηρίας
1167 3325 1256 3387 αὐτοῖς
1275 3321 1325 3394 τὴν
1340 3324 1393 3381 τῶν
1412 3326 1519 3402 ἀγαθῶν
1536 3325 1586 3382 ἀντ

157 3434 210 3473 non
225 3412 296 3472 illud
307 3426 415 3472 strenue
428 3427 483 3472 erat
497 3412 673 3494 eligendum?
685 3415 745 3474 Non
757 3414 833 3477 vides
846 3438 902 3496 eos,
957 3436 1019 3474 σαν·
1034 3413 1111 3472 τίνων
1127 3412 1157 3473 ἂν
1172 3412 1302 3486 ἠθελησας
1317 3414 1453 3492 γενέσθαις
1470 3417 1505 3474 Εἰ
1515 3415 1587 3497 γὰρ]

156 3507 204 3586 qui
218 3508 245 3567 in
259 3506 302 3566 his
315 3507 396 3568 bellis
411 3506 523 3586 cadunt,
541 3530 622 3587 quam
639 3508 693 3569 sint
712 3510 778 3570 clari
801 3525 826 3570 et
845 3513 903 3592 qlo-
956 3507 996 3564 ‘el
1010 3503 1061 3587 γάρ
1075 3504 1241 3576 ἀναισθήτων
1256 3504 1302 3565 καὶ
1316 3504 1426 3586 ἀψύχων
1445 3506 1586 3590 νωθέστερι

157 3599 244 3659 riosi?
254 3599 337 3678 Atqui
350 3613 412 3682 post
425 3614 540 3660 mortem
555 3622 607 3661 non
625 3617 737 3682 possunt
749 3625 764 3662 a
779 3625 842 3684 rege
854 3604 903 3664 ho·
922 3597 941 3645 E
958 3597 1125 3677 ἐπεθύμησας
1138 3598 1243 3659 ἐκείνων
1258 3598 1379 3678 γενέσθαι
1391 3599 1530 3682 μοριοῖνιιτς
1546 3603 1586 3662 Νι

156 3696 259 3756 norari.
274 3698 307 3756 In
323 3696 372 3757 illo
386 3711 477 3756 autem
489 3697 562 3757 bello
575 3697 644 3757 nibil
656 3699 720 3778 tale,
733 3698 779 3760 sed
795 3701 904 3763 omnino
949 3691 1003 3750 *ml
1016 3692 1156 3751 ἇντιὸολιῗν·
1180 3694 1214 3751 El
1227 3691 1279 3774 γὰρ
1296 3701 1386 3751 πεοεῖν
1410 3694 1582 3771 πολεμοῦντα

157 3789 318 3870 conspicuus
339 3788 404 3865 eris,
424 3787 448 3848 si
471 3788 608 3848 cicatrices
626 3789 726 3850 babeas
742 3815 748 3848 ι
766 3813 833 3869 quas
851 3793 905 3854 uti-
959 3788 1039 3864 ἐχρῆν
1062 3783 1203 3864 προθύμοις
1223 3790 1300 3844 τοῦτο
1322 3783 1441 3860 ἕλεόθοιις
1463 3788 1526 3867 Οὖχ
1543 3790 1586 3867 δρᾶ,

157 3902 221 3941 nam
238 3903 287 3941 nos
304 3902 397 3941 omncs
421 3881 548 3942 exhibere
567 3882 715 3963 possimus,
732 3886 813 3945 etiam
828 3900 905 3947 extra
958 3885 1012 3944 τοῖς
1027 3875 1152 3955 πολέμου
1164 3874 1265 3944 τούτοις
1278 3875 1439 3951 πίπτοντος,
1450 3882 1508 3945 πῶς
1527 3881 1582 3938 εἶσι

157 3974 386 4056 persequutiones,
402 3973 431 4034 in
452 3975 561 4035 Christo
585 3978 648 4038 Jesu
668 3978 785 4038 Domino
805 3993 905 4055 nostro,
959 3971 1015 4036 πῶς
1039 3966 1151 4044 ἔνδοξοιὶ
1173 3967 1261 4028 καίτοι
1293 3968 1404 4029 θάνατον
1437 3970 1586 4042 ἆποθνῆιπιι

159 4066 269 4145 quicum
279 4067 353 4126 Patri
367 4081 394 4127 et
404 4067 519 4148 Spiritui
533 4082 623 4129 sancto
644 4071 740 4150 gloria,
749 4072 904 4152 imperium,
958 4061 987 4120 ὃν
1008 4064 1055 4121 οὒκ
1080 4061 1136 4120 ἔστι
1166 4065 1312 4140 τιμηθῆναι
1331 4059 1405 4143 παρὰ
1432 4068 1479 4121 τοῦ
1508 4066 1586 4141 βασι)

161 4157 257 4234 honor,
271 4179 344 4219 nnnc
360 4173 386 4218 et
400 4182 512 4242 semper,
528 4175 553 4221 et
570 4161 597 4221 in
613 4163 712 4223 sarcula
731 4163 902 4225 saeculorum.
959 4152 987 4214 δὲ
1010 4152 1109 4215 ἐκείνου
1127 4161 1174 4214 τοῦ
1198 4152 1316 4232 πολέμου
1341 4152 1415 4214 Οὐδὲν
1435 4160 1586 4229 ῗοῑνῧῖονιο

161 4249 255 4308 Arnen.
958 4271 1011 4315 τως
1031 4246 1191 4328 παραστήσῃ
1211 4246 1272 4315 τοὺς
1294 4244 1429 4325 μώλωπας
1451 4247 1538 4327 ἔχων·
1567 4251 1586 4309 ol

958 4339 1060 4408 πάντας
1082 4343 1153 4419 ἡμᾶς
1180 4337 1307 4408 ἐπιδεῖξαι
1335 4339 1381 4399 καλ
1409 4341 1493 4420 χωρὶς
1526 4342 1586 4422 διωγ

913 4484 949 4526 192
958 4431 1068 4515 Χριστῷ
1083 4432 1220 4505 ’1ηοοῦ”
1184 4456 1224 4513 τερ
1238 4435 1278 4492 Κυ
1282 4431 1329 4514 ίριρ
1342 4434 1430 4510 ἡμῶν,
1451 4437 1509 4512 μεθ’
1532 4424 1564 4494 οῦ

921 4523 1071 4602 Αάμα
1035 4548 1074 4605 τῳ
1096 4523 1163 4605 δγίῳ
1182 4523 1321 4602 ΙΙνεύματι
1346 4522 1424 4594 tote,
1445 4525 1562 4604 κράτος,

960 4614 1006 4674 καλ
1022 4583 1078 4689 ἀεί,
1094 4616 1140 4675 καὶ
1154 4614 1245 4684 εἰς
1205 4639 1265 4682 τους
1278 4618 1423 4685 αἰωνας”
1388 4639 1440 4675 των
1457 4615 1586 4683 αἰώνων.

197 4814 209 4838 “
225 4814 324 4879 [ἄλλους
339 4817 463 4874 πηδῶντας.
472 4815 532 4865 Haec
548 4811 648 4866 addunt
658 4817 689 4867 D.
702 4827 726 4866 et
738 4833 817 4886 marg.
831 4818 921 4886 senil]
1004 4820 1032 4887 ‘i
1045 4819 1088 4871 Sic
1100 4835 1186 4871 omnes
1199 4815 1282 4870 codd.
1296 4817 1437 4885 Legebatur
1448 4827 1468 4873 τί
1480 4822 1540 4886 καί]

199 4896 211 4932 b
224 4893 271 4943 Alii
283 4900 446 4961 καλουμένους,
459 4904 597 4964 τιμωμένους
609 4909 658 4956 ταῖς
670 4905 793 4965 μεγίσταις.
