3728 5978
347 414 350 419 ’
440 455 474 501 ιιι
499 454 585 501 sors
612 450 863 500 rrosrononou
888 451 1008 501 roure.
1037 451 1138 501 xxru.
1496 430 1566 506 205

102 579 280 659 τιλαὸύιμεθα
307 583 389 652 αὐτῆς
415 580 503 658 μόνον,
530 578 575 639 καλ
595 579 653 658 όψει
672 569 715 638 οἷοι
736 576 769 637 τὰ
786 579 804 626 C
821 573 887 634 bore
899 575 947 635 illu
959 576 1089 657 operaris,
1099 574 1185 655 quiin
1199 575 1244 636 his
1254 575 1291 635 ita
1302 575 1566 649 mollisesisstiam,

102 672 143 746 δίη
156 671 216 753 γὰρ
234 673 352 746 ἀπονητί
373 675 461 733 ίιιεῖνοι
473 677 622 752 κατορθοῖς,
645 670 686 732 ότι
705 671 770 752 πρδς
821 667 937 746 inquies,
952 668 1000 727 illa
1014 669 1071 729 sine
1083 668 1185 745 labore,
1199 669 1256 729 lraec
1267 691 1329 729 eum
1341 669 1441 730 labore.
1453 673 1545 755 quge
1559 695 1571 740 ι,

102 766 235 845 αλωιίζη;
250 766 307 827 Ναί
314 810 324 840 ,
337 765 428 847 ρησλν,
439 769 526 826 ἐκεῖνα
543 764 672 839 ἀπονητί,
684 768 769 824 ταῦτα
821 781 875 820 non
889 760 926 822 ita
937 773 979 822 r‘es
988 776 1036 838 est,
1044 785 1097 823 non
1106 764 1144 823 ita
1155 765 1261 844 utique;
1273 763 1321 824 sed
1331 764 1355 824 si
1363 786 1427 827 vere
1435 764 1567 842 dieamus,

110 856 207 918 πόνου.
220 857 343 938 Ἄπαγε·
361 859 408 919 uix
429 858 485 920 ἔστι
502 864 591 932 τούτο,
612 861 659 918 ούκ
681 856 768 916 ἔστιν·
821 854 868 914 illa
880 877 943 916 eum
954 858 1046 918 labore
1061 873 1087 919 et
1097 858 1195 920 sudore
1207 860 1304 941 majori
1309 883 1318 938 ς
1329 861 1387 920 lraee
1398 882 1473 937 vero,
1486 861 1510 921 si
1521 882 1568 924 ve-

102 952 177 1011 ιιδεῖ
198 949 317 1023 τάληθὲς
331 955 426 1023 εἰπεῖν,
448 955 534 1012 ἐκεῖνα
557 953 658 1030 μᾶλλον
680 949 769 1017 πόνοις
820 948 912 1025 limus,
922 950 1001 1011 facile
1020 951 1208 1032 perficiuntur.
1227 954 1268 1012 Ne
1286 951 1447 1030 resiliamus,
1461 973 1567 1033 regna

102 1066 154 1103 :m
174 1043 225 1103 καῖ
249 1043 320 1123 μετὰ
338 1044 419 1105 πόνου
442 1043 560 1113 πλείονος
580 1050 769 1125 κατορθοῦται,
819 1038 923 1100 divinis
933 1043 1078 1124 mysteriis.
1094 1045 1133 1103 Ne
1147 1043 1178 1103 id
1191 1058 1307 1125 spectes,
1323 1044 1395 1123 quod
1410 1044 1441 1122 is,
1448 1044 1495 1124 qui
1507 1059 1568 1104 ante

102 1134 128 1211 l,
143 1136 178 1194 ἂν
192 1135 339 1215 ἐθέλωμεν,
357 1136 461 1219 ῥᾳδίως.
475 1135 524 1209 Μὴ
538 1135 570 1209 δὴ
587 1139 768 1216 ἄποπηδῶμεν
821 1146 848 1192 te
863 1133 1033 1195 illuminatus
1053 1151 1100 1214 est,
1112 1136 1253 1218 improbus
1273 1136 1309 1196 sit
1326 1138 1436 1198 effectus
1452 1152 1478 1197 et
1492 1161 1507 1197 a
1521 1160 1568 1220 spe

102 1251 128 1288 ιν
139 1228 309 1309 μυστηρίων,
323 1233 488 1310 παρακαλῶ·
504 1228 541 1306 μὴ
552 1233 630 1290 τοῦτο
644 1228 717 1306 ίδης,
728 1228 769 1288 ότι
821 1249 870 1287 sna
885 1229 1026 1304 exciderit,
1042 1252 1094 1290 neu
1108 1245 1135 1290 te
1149 1231 1208 1314 ipso
1222 1230 1330 1312 segnior
1342 1232 1401 1292 fias.
1415 1232 1487 1292 Nam
1499 1234 1569 1292 inter

102 1322 287 1403 ὄροιτισθιλς
300 1325 400 1404 ραῦλος
417 1321 524 1402 γέγονε,
540 1321 586 1381 καὶ
603 1326 650 1395 τῆς
665 1321 770 1391 ἐλπίδος
822 1320 922 1381 milites
935 1321 1060 1384 videmus
1069 1322 1202 1402 alios‚qoi
1216 1344 1270 1384 non
1280 1337 1386 1384 strenue
1397 1323 1495 1384 militia
1503 1325 1568 1384 fun-

102 1417 151 1488 τῆς
160 1419 263 1488 noret,
275 1416 323 1476 καλ
332 1416 502 1499 ὀκνηρότερος
513 1420 608 1477 σαυτοῦ
618 1415 681 1495 γένη
692 1439 698 1454 ·
711 1414 769 1476 ἐπεὶ
821 1428 933 1493 guntur,
951 1415 1018 1476 alios
1031 1430 1121 1476 autem
1135 1415 1306 1498 conspicuos;
1319 1438 1405 1496 neque
1418 1417 1526 1498 ignavis
1534 1417 1568 1477 il·

102 1514 142 1576 οῖς
155 1507 337 1590 στρατιώταις
353 1514 456 1592 δρῶμεν
469 1507 528 1577 τοθς
542 1507 589 1588 μὲν
603 1512 650 1568 ούκ
661 1513 697 1576 εἰς
711 1509 769 1568 δέον
820 1508 855 1567 lis
868 1508 1042 1590 attendimus,
1054 1512 1103 1572 sed
1115 1511 1258 1595 praeclaros
1270 1511 1441 1572 aemulamur.
1457 1512 1501 1572 Ad
1512 1511 1569 1572 haec

102 1622 140 1670 ινς
156 1605 193 1682 τῇ
208 1602 351 1686 οτροιτιίιρ,
365 1600 425 1669 τοὺς
444 1600 471 1661 δί
494 1603 708 1715 εθδοριιμοῦντας·
723 1602 769 1661 καί
785 1618 805 1665 n
821 1600 971 1682 considera,
982 1618 1049 1683 quot
1067 1617 1128 1685 post
1143 1603 1278 1686 baptisma
1291 1603 1379 1682 angeli
1390 1625 1439 1684 pro
1450 1602 1568 1663 bomini·

102 1691 225 1775 ἰιρθύμυις
242 1693 420 1776 προσέχομεν,
439 1692 506 1754 ἀλλὰ
519 1692 626 1761 τούτους
640 1695 769 1773 ζηλοῦμεν
820 1696 873 1755 bus
883 1696 981 1756 faeti
960 1711 1022 1756 srnt.
1035 1697 1136 1758 Time
1128 1711 1258 1757 incertam
1272 1698 1358 1756 futuri
1373 1696 1563 1757 conditionem.
1607 1721 1671 1780 nnpu
1673 1737 1719 1766 ma

102 1790 272 1865 φθοῖῖντατ.
284 1787 359 1867 Προς
370 1785 473 1856 τούτοις
483 1787 613 1860 ἐννόησον,
628 1785 684 1847 ύσοι
701 1786 769 1865 μετὰ
821 1790 859 1849 Ut
869 1791 1014 1869 surnoetu,
1027 1791 1066 1850 sic
1079 1812 1152 1851 mors
1163 1789 1266 1870 veniet;
1278 1790 1461 1869 nequesolum
1472 1804 1503 1849 ut
1513 1791 1566 1870 sur,
1578 1799 1621 1828 ⁰¹¹⁰
1578 1849 1671 1891 md
1651 1785 1720 1827 ΜΕ·

102 1898 157 1955 τμσ
171 1877 284 1959 ἄγγελοι
297 1879 357 1939 ἀντὶ
371 1877 516 1961 ἀνθρωπυνν
527 1878 659 1960 γεγόνασι
675 1879 770 1953 Φούή-
822 1882 868 1942 sed
889 1881 966 1943 nobis
992 1836 1189 1943 dormientibus
1210 1882 1336 1960 invadet,
1357 1896 1384 1943 et
1402 1864 1601 1965 negligentem
1617 1910 1681 1954 1>.t
1693 1908 1717 1954 3.

109 1977 160 2032 τοῦ
180 1971 327 2048 μέλλοντος
339 1972 446 2046 ἄδηλον
461 1971 508 2041 Ὡς
519 1973 635 2045 κλέπτης
649 1978 675 2034 ἐν
686 1972 769 2048 νυκτὶ
822 1974 945 2057 abripiet.
960 1975 1026 2036 ldeo
1040 1978 1113 2036 Deus
1126 1978 1248 2036 futurum
1260 1974 1389 2055 rehqurt
1381 1990 1522 2051 incertum,
1537 1992 1568 2037 ut
1581 1985 1617 2019 ¹⁰

102 2062 230 2147 ’ρχεταιθ
245 2066 369 2134 θάνατος·
390 2064 449 2126 οὐδὲ
469 2066 560 2134 ἁπλῶς
579 2069 615 2134 ὡς
635 2066 751 2140 κλέπτης
760 2112 769 2143 ,
822 2089 928 2149 semper
940 2068 998 2128 ob
990 2082 1120 2129 incertam
1129 2069 1357 2150 exspectationem
1368 2068 1395 2128 in
1405 2068 1507 2129 virtute
1520 2070 1568 2130 de·

102 2158 251 2218 θιυδόντων
265 2162 342 2237 ἡμῶν
359 2157 521 2233 ἐπιτίθεται,
535 2159 580 2218 καὶ
591 2164 770 2242 ρρθυμοῢντας
822 2180 928 2239 gamus.
942 2160 995 2222 Sed
1007 2160 1122 2221 clemens
1139 2175 1187 2237 est,
1203 2160 1317 2241 inquies.
1331 2161 1479 2241 Quousque
1492 2162 1568 2242 frigi-

102 2247 200 2310 ίπιισι.
213 2249 267 2310 Ad
276 2253 355 2310 τοῦτο
365 2249 462 2322 ἄδηλον
482 2250 591 2323 ὶποίησε
603 2252 634 2312 τδ
650 2251 771 2331 με’λλονό
822 2250 890 2311 dum
899 2250 971 2311 illud
985 2267 1011 2312 et
1026 2252 1176 2312 ridiculum
1188 2251 1293 2311 dietum
1306 2253 1494 2334 proferemus?
1507 2253 1567 2333 Ego

102 2364 135 2401 να
156 2341 202 2402 del
224 2347 264 2426 τῷ
282 2349 331 2417 τῆς
352 2341 512 2424 προσδοκίας
531 2343 622 2424 οῖδηλῳ
639 2346 673 2409 ἐνΧ
688 2338 769 2426 ἀρειῇ
821 2364 875 2403 nou
886 2342 967 2405 modo
979 2345 1128 2425 benignum
1142 2365 1199 2406 esse
1210 2346 1300 2404 Deum
1310 2343 1382 2422 dico,
1395 2344 1444 2404 sed
1457 2358 1483 2404 et
1497 2344 1568 2405 nihil

102 2458 129 2495 α.
153 2434 240 2495 Ἀλλδι
266 2435 449 2518 ριλοίνθρωπός
477 2439 554 2511 ὶστι,
581 2436 654 2517 ρησί.
679 2437 770 2517 Μέχρι
821 2437 1567 2521 esseillobenignius‚quiutiliteromnianostrodispen·

103 2527 213 2609 ψυχρὸν
224 2534 305 2588 τοῦτο
320 2534 394 2609 ῥῆμα
411 2528 456 2588 καί
476 2527 674 2610 καταγέλαστον
693 2529 770 2610 λέγο-
821 2531 1026 2605 set.Quotvides
1032 2532 1320 2614 hominesperomnem
1326 2533 1567 2615 aetatemelepban-

102 2618 143 2700 ηδ
166 2624 221 2701 οὐχ
242 2620 283 2681 ότι
298 2621 481 2702 φιλάνθρωπός
504 2623 574 2683 ἐστιν
587 2627 600 2682 ό
612 2622 681 2689 Θιδς
699 2622 770 2702 λέγω
786 2635 805 2682 n
821 2623 883 2683 tiasi
896 2624 1173 2704 laborantesilquota
1190 2622 1279 2705 prima
1291 2635 1367 2682 aetate
1378 2621 1414 2682 ad
1433 2637 1565 2684 senectam

102 2711 282 2792 ιλπαύομαι·
302 2713 362 2772 ἀλλ’
379 2712 421 2774 ότι
433 2713 507 2774 οθδδν
525 2715 768 2798 φιλανθρωπότερον
821 2737 906 2795 usque
927 2736 1026 2793 oaeoos,
1041 2715 1109 2775 alios
1123 2728 1215 2796 postea
1230 2735 1313 2774 caecos
1339 2714 1436 2792 factos,
1448 2714 1515 2775 alios
1536 2714 1566 2774 in

102 2804 145 2866 ul
161 2806 209 2867 ότι
222 2805 365 2888 χρησίμως
377 2807 482 2866 ἅπαντα
492 2806 526 2867 rb
537 2811 597 2867 καθ’
610 2814 681 2885 ἡμᾶς
697 2811 769 2869 οἷκο·
820 2821 988 2889 paupertate,
996 2809 1062 2868 alios
1071 2808 1100 2867 in
1110 2805 1312 2883 vinculis‚alios
1323 2807 1352 2865 in
1367 2806 1566 2885 metallis,alios

102 2896 200 2966 Ιόσως
218 2902 283 2979 δρᾷς
307 2901 334 2958 ἐν
355 2897 447 2979 ἡλικίᾳ
466 2898 540 2979 ποίοη
564 2899 686 2980 ἐλέφαντι
713 2899 769 2958 διοί-
820 2901 888 2961 inibi
908 2902 1117 2978 contumulatos‚
1141 2899 1209 2960 alios
1233 2899 1305 2959 bello
1324 2899 1498 2960 interemtos?
1511 2903 1566 2961 Αιι·

120 2992 227 3059 πόσαις
248 2991 304 3052 ἀπὸ
321 2991 430 3074 πρώτης
450 2992 555 3065 ἡλικίας
571 2992 769 3074 τυρλύττοντας
819 3015 872 3054 non
880 3016 981 3074 quaeso,
991 2994 1049 3054 haee
1059 3016 1094 3053 ex
1103 2991 1269 3073 benignitate
1278 2990 1506 3072 proficiscuntur?
1518 3013 1565 3052 an-

102 3082 189 3167 ίριος,
207 3084 306 3154 ἄλλους
315 3086 343 3143 ἐν
354 3084 473 3168 πηρώσει
484 3084 553 3164 μετὰ
566 3090 651 3146 ταῦτα
661 3086 768 3164 γενομό·
819 3107 871 3145 non
880 3086 937 3146 haec
944 3099 1047 3169 poterat
1057 3084 1189 3167 impedire
1194 3084 1217 3144 si
1225 3082 1427 3145 voluissetlsed
1432 3084 1565 3166 permisit.

102 3178 206 3246 δωςέν
226 3176 324 3258 πενίᾳ,
336 3177 431 3245 ἄλλους
443 3179 471 3237 ἐν
490 3179 609 3257 δεσμοῖς,
627 3178 767 3261 ἑτέρουςέν
818 3178 920 3256 Etiam,
934 3178 1049 3259 inquies.
1065 3181 1110 3240 Τιι
1123 3199 1188 3240 vero
1199 3176 1246 3237 die
1262 3176 1341 3256 mihi,
1353 3200 1437 3257 qnare
1452 3179 1566 3258 quidam

102 3294 142 3348 ις,
160 3270 263 3337 ἅλλους
279 3275 347 3348 δμοῧ
363 3269 595 3351 καταχωσθίντας,
613 3271 725 3339 οσίλλους
740 3275 767 3331 ἐν
818 3293 895 3332 nona
908 3271 997 3353 prima
1006 3285 1083 3331 aetate
1094 3271 1179 3331 caeci?
1192 3272 1253 3331 Non
1262 3271 1364 3350 dicam,
1374 3271 1459 3332 donee
1467 3273 1564 3355 pollie-

102 3385 108 3431 ι
130 3361 339 3437 ἀναλωθέντας,
359 3365 453 3423 Ταῦτα
478 3366 524 3423 οὐκ
543 3363 600 3422 ἔστι
621 3367 768 3444 ριλανθρω-
818 3364 887 3423 earis
909 3363 977 3423 mihi
992 3377 1018 3423 te
1032 3361 1245 3422 illuminandum
1257 3383 1323 3438 esse,
1341 3377 1367 3423 et
1380 3362 1565 3424 illuminatum

102 3454 209 3534 τόμοι·
223 3462 313 3515 ταῦτα
331 3458 378 3515 ota
393 3455 502 3515 ἐδύνατο
521 3459 653 3532 κωλῦσαι,
666 3459 689 3517 εἰ
708 3458 769 3530 ἠθέ-
818 3469 889 3514 recte
899 3454 987 3516 vitam
999 3455 1186 3515 instituturum
1200 3476 1264 3514 esse.
1283 3457 1343 3516 Non
1357 3455 1421 3516 lieet
1433 3456 1484 3516 tibi
1499 3456 1565 3516 talia

102 3550 146 3609 λλ’
161 3546 276 3630 ἀφίησι.
290 3547 345 3608 Ναί
351 3571 444 3629 ,φησι
428 3547 531 3608 'nota
544 3549 676 3629 εἰπέμοι,
688 3549 768 3610 διὰτί
818 3543 943 3603 solvere:
936 3565 1045 3623 nequo
1058 3545 1129 3604 enim
1146 3544 1297 3626 voluptatis
1311 3544 1397 3625 gratia
1412 3567 1499 3607 sermo
1511 3560 1561 3607 est

102 3639 197 3722 ρι’πης
221 3639 332 3713 ήλυιίοις
359 3639 464 3720 τυρλοί,
483 3643 578 3701 Ούκέ
565 3644 636 3724 ἐρῶ,
661 3643 710 3709 ἕως
735 3641 784 3736 δν
818 3638 889 3696 Nam
902 3637 964 3696 lacet
984 3637 1053 3697 hane
1076 3639 1191 3713 ευίιειιιι,
1205 3638 1258 3697 alia
1281 3637 1405 3698 suecedet
1423 3640 1562 3717 questio.

102 3758 167 3814 μοι,
182 3733 227 3794 ὅτι
241 3731 365 3813 φωτίζη
377 3733 419 3794 ότι
434 3733 571 3814 ρυντισθείς
591 3738 657 3814 βιοῖς
674 3739 687 3796 ό
691 3741 765 3816 ρθῶς.
775 3697 930 3810 Αοθνιευε
940 3745 1198 3810 emmquaestronnm
1207 3730 1404 3812 estScriptura.
1411 3735 1503 3807 Quare
1512 3754 1565 3793 non

102 3847 169 3893 ισοι
191 3825 358 3884 τὰτοιαῦτα
378 3825 543 3885 ἒπιλύεθσθ·αι
557 3830 586 3886 ot
607 3827 659 3908 γδιρ
674 3827 741 3902 δὴμ
742 3827 767 3887 έ-
816 3823 905 3881 solum
927 3843 960 3883 ne
981 3824 1161 3883 assuefaciatis
1180 3844 1241 3901 vos,
1257 3837 1288 3882 ut
1314 3824 1476 3884 solutionem
1493 3846 1564 3902 qnae·

102 3917 159 3985 υύις
171 3920 251 3976 ἐστιν
263 3922 277 3976 δ
291 3916 377 3996 λόγος.
391 3916 449 3976 Κᾶν
461 3917 514 3999 γὰρ
526 3926 602 3981 τοῦτο
613 3919 698 3991 λύσω,
711 3919 766 3979 ἔτι·
817 3914 890 3989 ratis,
905 3914 953 3973 sed
967 3915 1085 3990 omnino,
1097 3929 1129 3974 ut
1141 3938 1174 3975 ne
1188 3915 1314 3995 quaeratis
1327 3940 1334 3973 ι
1350 3916 1469 3995 alioquin
1480 3937 1562 3977 num-

102 4008 234 4093 ndpLennt
255 4009 378 4087 ζήτημα·
394 4008 508 4076 όύυσσος
523 4010 574 4089 γοίρ
594 4013 651 4070 ἐστι
665 4014 766 4084 ’ζητη-
816 4030 898 4087 quam
908 4009 970 4068 finis
982 4009 1162 4087 quaestionum
1175 4009 1235 4068 erit.
1248 4009 1319 4069 Nam
1333 4009 1356 4069 si
1365 4008 1436 4069 hanc
1444 4010 1561 4089 solvam,

102 4102 238 4183 lspttqui.
264 4100 353 4161 Ὥστε
375 4102 413 4179 μὴ
433 4102 510 4180 μόνον
538 4103 635 4173 ἐθίζετε
658 4105 766 4171 ἑαυτοὺς
816 4102 891 4162 mille
903 4101 1096 4181 questionibus
1107 4102 1181 4164 viam
1192 4103 1323 4184 aperiam.
1335 4102 1415 4163 Unde
1426 4103 1562 4166 diseamus

115 4193 197 4255 λύσιν
218 4197 319 4267 ζητεῖν,
333 4193 402 4253 ἀλλδι
423 4195 468 4254 καί
482 4195 547 4276 πρδς
560 4196 591 4255 τδ
606 4196 643 4274 μὴ
664 4201 761 4269 ζητεῖν.
817 4193 902 4272 magis
913 4193 964 4253 hoc
979 4214 1106 4272 quaerere,
1121 4216 1203 4273 quam
1216 4194 1329 4273 quaesita
1344 4195 1455 4255 solvere.
1471 4197 1563 4277 Neque

102 4285 207 4347 δίποτε
229 4284 384 4364 στησόμεθα
400 4289 547 4359 ζητοῦντες.
564 4286 632 4348 Ἰδοὺ
648 4289 718 4372 γὰρ,
733 4289 764 4349 διν
815 4287 886 4345 enim
905 4287 928 4346 si
946 4286 1093 4359 solvamus,
1109 4287 1219 4347 omnino
1239 4288 1386 4365 solvimus3
1397 4289 1447 4349 sed
1465 4310 1562 4350 seeun-

102 4398 161 4451 σω,
180 4376 282 4459 μυρίας
295 4378 405 4459 νιροίδας
419 4380 575 4440 ἐπιδεικνύω
593 4382 763 4458 ζητημάτων.
816 4381 882 4440 dum
897 4382 1048 4441 humanum
1063 4383 1234 4442 ratiocinium
1251 4384 1359 4463 propria
1374 4384 1470 4443 talium
1483 4385 1561 4444 solu-

102 4470 268 4545 ιανθόνωμεν
285 4473 387 4548 μᾶλλον
399 4477 475 4530 τοῦτο
492 4476 588 4544 ζητεῖν,
602 4472 620 4546 ἢ
634 4473 667 4532 τδι
684 4478 763 4545 ζητη-
815 4473 853 4532 tio
878 4474 945 4533 fides
966 4489 1004 4534 est
1010 4498 1020 4552 ς
1038 4475 1106 4534 scire
1124 4496 1230 4556 nempe,
1253 4475 1343 4534 Deum
1363 4475 1453 4535 omnia
1475 4477 1559 4556 juste,

102 4560 155 4622 Ισιν.
169 4560 245 4621 (nin
259 4560 326 4645 γὰρ,
347 4559 392 4621 ιδν
401 4562 533 4643 λύσωμεν,
548 4563 653 4632 πάντως
667 4565 763 4624 ἐλύσα-
815 4565 930 4645 benigne
945 4580 971 4625 et
985 4566 1089 4626 utiliter
1106 4567 1203 4645 iacere,
1218 4588 1303 4646 neque
1317 4590 1393 4648 posse
1403 4570 1461 4650 ejus
1475 4569 1559 4628 ratio·

102 4651 391 4736 λὶκατθύνθρύιπινον
406 4655 533 4736 λογισμὸν
549 4658 633 4717 οἰκεία
646 4662 698 4717 τῶν
710 4682 764 4717 τοι,
816 4679 877 4716 nem
888 4659 1088 4739 comprehendi.
1096 4660 1160 4718 llaec
1169 4681 1222 4719 una
1238 4660 1336 4720 solutio
1350 4675 1399 4736 ost,
1411 4682 1496 4740 neque
1506 4661 1560 4720 alia

102 4743 170 4814 λύσις
191 4752 209 4819 ἡ
229 4744 320 4812 πίστις
334 4746 409 4820 ἔστι,
429 4747 459 4807 τὸ
479 4747 590 4824 εἰδέναι,
614 4749 655 4810 ότι
677 4750 763 4809 πόντοι
815 4750 910 4808 melior
928 4751 1055 4809 babetur.
1074 4751 1141 4822 Quas
1164 4751 1250 4827 euim,
1269 4745 1370 4831 quaeso,
1380 4752 1479 4813 solutio
1503 4753 1561 4813 est?

110 4839 156 4898 ιιαλ
173 4836 368 4919 φιλανθρώπως
382 4844 397 4898 δ
416 4840 485 4908 Θεδς
504 4842 549 4901 κοιλ
573 4843 763 4923 συμφερόντως
817 4843 936 4903 Omnino
949 4863 1003 4902 non
1019 4842 1090 4903 ultra
1104 4865 1223 4924 quaerere
1236 4844 1275 4918 id,
1292 4844 1365 4924 quod
1374 4846 1493 4906 solutum
1508 4860 1548 4906 est

102 5019 152 5070 tl).
167 5022 268 5072 Trestl.
289 5021 397 5075 13.th
399 5028 504 5082 λλονςῖ
526 5031 600 5078 πολιιι
584 5047 645 5089 ιιοις,
657 5023 750 5092 ubsque
800 5024 954 5091 [Si.ctresA
968 5028 996 5079 n.
1010 5028 1039 5078 C
1053 5039 1079 5078 et
1096 5026 1210 5081 Suillius.
1224 5027 1333 5078 atteram
1352 5027 1389 5078 lee
1380 5031 1484 5080 tionem
1501 5049 1547 5098 sup

102 5099 137 5150 ιῖο.
148 5097 214 5150 Edrtr
225 5111 281 5151 toto
293 5111 382 5151 cenent
393 5099 521 5167 articulo]
801 5103 989 5170 plev,imusel)
1005 5110 1113 5159 Deernnt
1128 5107 1195 5160 enim
1212 5104 1340 5161 ἰιιθίοιιιί
1356 5107 1487 5172 ternam
1458 5119 1527 5165 ,iia

102 5175 216 5227 ncodst
204 5189 351 5247 ,neapoleos
331 5186 458 5245 νμῶττι
441 5188 549 5250 pinpo,
567 5189 633 5236 τοῦτο
655 5190 748 5246 miger..
800 5196 834 5250 μὴ
848 5187 943 5251 ζητεῖν]
