3728 5978
112 397 186 470 586
455 419 493 484 s.
521 419 662 467 Joruurs
688 415 869 466 cuursosr.
900 415 1058 463 incurso.
1087 415 1357 480 cousraurruon

109 567 215 608 omnem
224 543 406 628 apprehendet
418 545 556 621 virtutem,
567 546 658 626 ipsum
673 546 777 605 habens
789 544 855 604 beili
908 544 997 616 πόσης
1013 545 1090 617 έπιλή
1073 545 1171 626 ήψεται
1184 550 1294 624 ἀρετῆς,
1308 543 1387 602 αὐτόν
1399 543 1468 624 έχων
1482 542 1631 623 σύμμαχον
1644 543 1687 604 τόν

108 638 328 700 sociumdesum:
322 635 703 716 hoceuimsignificatiilud‚
715 640 753 695 Ιιι
770 638 855 696 Cirri-
906 633 1024 705 Ἰησοῦν
1038 643 1115 696 τοῦτο
1138 636 1191 716 γάρ
1213 638 1295 704 ἐστιν,
1308 635 1356 694 Ἐν
1377 635 1500 715 Χριστίῖν.
1515 636 1550 692 Et
1572 632 1627 714 γὰρ
1645 656 1688 691 νε-

109 745 164 792 sto.
180 730 286 790 Nam
264 751 288 789 sr
305 749 353 789 nos
373 742 493 791 mortuos
510 728 660 803 suscitavit,
666 728 752 787 multo
768 728 854 807 magis
907 749 924 785 κ
927 724 984 805 ροθς
997 722 1106 795 ἄντας’
1092 727 1236 800 ανέστησε,
1257 728 1348 807 πολλῷ
1372 727 1472 804 μᾶλλον
1487 728 1591 793 ζῶντας
1606 747 1688 782 κατα-

109 821 231 883 viventes
243 821 378 880 continere
397 822 503 902 poterit.
526 824 573 881 ιθ.
586 823 663 879 Non
669 840 737 900 ergo
754 831 855 901 regnet
908 827 981 897 σγιῑν
995 818 1144 892 δυνήσεται.
1159 812 1259 894 Minos
1275 783 1464 898 βασιλευέτωὴ
1478 816 1602 897 ἁμαρτία
1616 819 1688 875 ἐντῶ·

107 925 258 1021 peccatum
270 916 302 970 in
313 923 412 971 oestro
422 912 543 970 mortali
552 931 681 991 corpore,
694 923 726 970 ιιι
736 911 852 969 obedia-
861 926 898 966 ιιι
909 912 1019 990 θνητῷ
1009 915 1083 989 υμῶν
1098 910 1217 991 σώματι,
1234 914 1271 977 εις
1291 909 1322 968 τὸ
1340 908 1456 969 θπακούι
1446 932 1483 967 ιν
1498 913 1569 988 αὐτῇ
1590 913 1619 967 ιν
1631 916 1688 974 ταῖς

89 1053 93 1057 .
109 1009 148 1065 ιιι
157 1026 183 1063 ει
195 1009 227 1063 in
237 1007 478 1084 concupiscentes
486 1023 558 1084 ejus
570 1004 630 1062 Nou
644 1002 728 1076 dixit,
740 1005 780 1061 Ne
789 1022 853 1081 ergo
871 983 1108 1080 ἐπιθυμίαις’
1079 1013 1168 1065 αυτοῦ
1183 995 1282 1064 Οὐκῖ
1256 1026 1268 1061 ε
1281 1027 1332 1074 πε,
1347 993 1440 1080 psi
1409 1024 1454 1060 ουν
1479 1001 1553 1073 ζήτω
1576 1007 1593 1073 ἡ
1610 999 1687 1080 σδιρς,

79 1095 185 1170 ¹vivat
198 1117 271 1172 caro,
283 1117 368 1176 neque
380 1109 525 1176 operetur
540 1094 598 1168 sed,
615 1098 661 1154 Ne
673 1108 773 1176 regnet
786 1116 853 1175 pec·
908 1093 1002 1170 μηδί’
989 1095 1137 1177 ενεργειτω,
1149 1099 1220 1166 ἀλλ
1234 1093 1401 1174 Ἦᾶμαρτία
1413 1092 1450 1171 μὴ
1464 1092 1682 1170 βασιλευέτω·’
1657 1117 1686 1152 ου

107 1201 224 1248 οαιιιιιιι
237 1186 405 1266 nequeenim
418 1186 493 1246 venit
507 1200 538 1246 ut
551 1201 676 1246 naturam
690 1185 851 1263 destrueret,
905 1182 958 1263 γὰρ
973 1183 1021 1257 τλν
1038 1180 1185 1267 ρόσινῆλθ
1186 1211 1213 1246 εν
1172 1189 1345 1257 θάνελεῖν,
1359 1183 1428 1245 ἀλλὰ
1456 1183 1505 1257 τὴν
1527 1185 1684 1265 προαίρεσιν

108 1279 157 1340 sed
176 1295 207 1340 ut
219 1280 398 1363 ριοροείιιιιιι
420 1279 566 1340 voluntatis
589 1278 725 1359 dirigeret.
749 1277 854 1337 Deinde
906 1275 1056 1355 διορθῶσαι.
1070 1269 1164 1338 Εἶτα
1150 1294 1268 1353 οεικνυς,
1284 1278 1364 1337 ὅτιού
1379 1276 1424 1356 βια
1432 1274 1504 1335 καὶ
1488 1275 1596 1355 αναγκη
1609 1299 1686 1335 κατε-

107 1369 314 1444 ostendens,nos
325 1390 379 1429 non
393 1369 461 1430 vict
475 1369 629 1430 necessitate
640 1390 656 1427 a
667 1368 771 1429 malitia
783 1369 853 1429 deti·
904 1365 1009 1446 χόμεθα
1028 1370 1126 1429 θπδ
1092 1395 1140 1443 της
1159 1370 1301 1453 πονηρίας,
1315 1368 1377 1429 ἀλλ’
1399 1367 1521 1441 ἑκόντες,
1537 1359 1638 1427 odse'⁸
1611 1391 1689 1445 ιιτε,

107 1461 176 1536 neri,
192 1461 240 1522 sed
253 1477 346 1543 sponte
359 1482 455 1541 agere,
467 1483 520 1521 non
531 1462 615 1536 drmt
629 1462 670 1521 Ne
679 1461 853 1543 tyrannidem
908 1457 1143 1540 μὴτυραννείτω,
1159 1463 1254 1542 όιτερ
1239 1463 1412 1540 ανάγκηςν
1380 1453 1422 1533 ἦν,
1435 1459 1521 1529 ἀλλὰ,
1535 1459 1585 1532 Μὴ
1611 1464 1686 1539 βασι·

106 1565 237 1628 exerceat,
248 1552 322 1631 quod
336 1552 499 1614 necessitatis
516 1568 600 1630 esset,
611 1552 668 1630 sed,
682 1554 728 1613 Ne
741 1567 851 1634 regnet.
906 1550 1014 1611 λευέτω.
1028 1554 1081 1613 Καὶ
1092 1552 1145 1633 γὰρ
1157 1555 1256 1614 αίτοπον
1271 1557 1306 1621 εις
1321 1551 1458 1632 βασιλείαν
1476 1551 1684 1630 ἀγομένουςτιῗιν

53 1671 57 1677 ·
107 1641 216 1704 Etenim
228 1643 378 1704 absurdum
399 1659 467 1704 esset
486 1643 521 1703 ad
534 1665 647 1724 regnum
661 1644 789 1704 celorum
799 1642 854 1703 du·
906 1646 1032 1726 σιρτνῶν,
1040 1646 1165 1724 βασιλίδα
1174 1645 1223 1719 τὴν
1243 1645 1376 1725 ἁμαρτίαν
1391 1645 1475 1725 ἔχειν,
1491 1643 1538 1702 καί
1551 1643 1685 1723 καλουμέ-

107 1748 164 1795 ctos
174 1757 264 1816 regem
274 1750 414 1818 peccatum
423 1736 531 1813 habere,
541 1750 567 1796 et
575 1750 685 1796 vocatos
695 1735 730 1796 ad
739 1756 854 1815 regnan·
906 1736 1182 1813 νουςσυμόασιλεῦσαι
1191 1741 1229 1817 τῷ
1239 1739 1357 1818 Χριστῷ,
1365 1741 1495 1818 αἱρεῖσθαι
1504 1734 1684 1809 γενέσθαιτῆς
1735 1788 1738 1792 a

31 1817 35 1823 ⁸
106 1826 251 1887 dumeum
275 1826 394 1901 Christo,
410 1828 514 1908 peccati
535 1827 657 1908 captivos
677 1839 734 1887 ‘esse
752 1827 853 1886 malie:
906 1827 1037 1908 ἁμαρτίας
1047 1828 1250 1909 αἰχμαλώτους·
1265 1826 1357 1910 ὥσπερ
1372 1826 1402 1886 διν
1416 1827 1442 1885 εί
1453 1851 1494 1894 τις
1512 1826 1546 1885 τό
1565 1827 1684 1905 διάδημα

4 1973 6 1977 .
106 1937 139 1978 ao
147 1917 173 1978 ti
183 1917 244 1997 quis
256 1916 382 1977 diadema
394 1917 539 1999 projiciens
549 1939 583 1977 ex
594 1917 693 1999 capite,
705 1915 853 1977 daemonia·
906 1919 983 2000 ῥίψας
997 1920 1051 1981 ἀπὸ
1063 1925 1110 1991 τῆς
1123 1921 1254 2000 κεφαλῆς,
1266 1917 1418 1996 δαιμονιίισῃ
1426 1917 1532 1996 γυναικὶ
1544 1917 1591 1976 καὶ
1602 1941 1684 1997 πρασ-

105 2029 144 2070 cae
163 2010 282 2086 mulieri,
302 2010 430 2070 mendice
450 2024 476 2070 ct
497 2030 623 2092 panuoeae
648 2009 749 2070 servire
772 2010 850 2072 velit.
908 2011 1019 2086 αιτούσῃ
1041 2010 1087 2070 καί
1102 2011 1181 2093 βοίκια
1195 2010 1411 2092 πιριόεόλημένῃ
1432 2009 1567 2069 δουλεύειν
1590 2010 1683 2070 ἐθέλοι.

104 2099 211 2161 Deinde
230 2101 293 2181 quia
314 2122 396 2181 grave
414 2115 455 2160 cst
474 2115 615 2183 peccatum
633 2121 772 2182 superare,
787 2101 852 2162 vide
869 2102 887 2149 Β
904 2092 987 2174 hire,
1005 2103 1096 2176 ἐπειδὴ
1118 2101 1185 2183 βοιρδ
1207 2103 1238 2162 τό
1260 2101 1442 2182 περιγενέσθαι
1467 2101 1619 2181 ἁμαρτίας,
1635 2100 1682 2180 δρα

104 2212 186 2272 quam
199 2191 278 2251 facile
292 2190 364 2250 illud
378 2212 434 2250 esse
447 2190 579 2270 ostendat,
593 2205 619 2251 et
633 2191 754 2252 laborem
767 2192 852 2252 emol-
903 2199 960 2262 πῶς
976 2194 1022 2256 καλ
1037 2201 1132 2275 κοῦρον
1146 2193 1241 2264 ἔδειξε,
1256 2194 1359 2253 καὶτὸν
1373 2193 1452 2253 πόνον
1471 2192 1682 2272 παρεμυθήσατο

104 2283 164 2358 liat,
173 2284 325 2362 dioens,.1n
335 2286 455 2345 mortali
464 2299 565 2344 vestro
576 2306 711 2366 corpore:
721 2285 852 2346 bocenim
903 2285 996 2356 εἰπὼν,
1007 2286 1053 2346 Ἐν
1067 2291 1105 2366 τῷ
1119 2289 1206 2366 θνητῷ
1220 2289 1295 2363 ὑμῶν
1316 2284 1432 2363 σώματι.
1450 2286 1541 2343 Τοῦτο
1553 2281 1608 2362 γδρ
1631 2282 1681 2342 δεί·

104 2376 224 2438 declarat
237 2391 408 2460 temporanea
422 2377 568 2437 certamina
582 2399 649 2455 csse,
663 2378 852 2438 etcitotraus·
903 2401 980 2438 κνυσι
991 2379 1167 2459 προσκαίρους
1188 2379 1264 2444 ὄντας
1285 2375 1345 2443 τοὺς
1367 2381 1485 2455 ἀγῶνας,
1508 2376 1556 2435 καί
1579 2376 1680 2456 ταχέως

103 2471 192 2549 itura,
206 2471 341 2576 simulque
361 2469 476 2551 pristina
495 2470 567 2529 mala
587 2470 616 2530 in
637 2483 754 2530 mentem
773 2471 852 2532 nobis
903 2469 1128 2548 καταλυομένους·
1157 2474 1223 2548 ὁμσῦ
1251 2467 1279 2529 δὲ
1302 2469 1423 2528 καὶτῶν
1446 2467 1587 2550 προτέρων
1610 2473 1679 2546 ἡμᾶς

103 2576 225 2641 mineat,
238 2563 377 2667 ipsiusque
399 2562 494 2622 mortis
514 2561 728 2623 radicemabmr
740 2577 851 2623 enimet
904 2562 1100 2640 ἀναμιμνήσκει
1113 2566 1212 2633 κακῶν,
1227 2561 1319 2621 και
1286 2585 1334 2633 της
1346 2584 1391 2620 του
1375 2561 1520 2620 θανοίτου
1534 2561 1652 2641 ρίζης·“
1640 2585 1679 2620 εν

102 2654 229 2737 abipso
221 2654 299 2714 suido
314 2653 427 2714 mortale
445 2653 508 2714 ruit.
525 2655 560 2714 At
574 2653 635 2714 fieri
648 2667 746 2736 potest,
759 2668 789 2714 ut
803 2656 851 2733 qui
903 2659 992 2714 τεῦθεν
1005 2654 1057 2736 γδρ
1070 2679 1116 2715 και
1105 2655 1202 2735 ’παρὰ
1215 2654 1264 2728 πλν
1279 2652 1366 2752 ἀρχὴν
1380 2653 1600 2733 θνητὸνγέγσνεν.
1610 2653 1678 2713 *su

103 2749 326 2853 mortalecorpus
344 2748 494 2809 habetnon
510 2761 611 2829 peccet.
628 2748 730 2809 Viden’
754 2750 849 2828 gratim
903 2746 987 2817 ἔξεστι
1000 2771 1045 2808 και
1035 2747 1152 2821 ’θνητὸν
1165 2748 1312 2828 έχοντα”
1276 2770 1374 2826 σωμα,
1392 2746 1429 2823 μὴ
1446 2746 1556 2858 ἂμαρ’
1523 2770 1622 2805 τανειν.
1635 2736 1678 2805 Ei-

102 2827 205 2907 Christi
220 2840 366 2923 potentiam
373 2838 493 2901 isidam
514 2860 576 2899 cum
591 2840 714 2903 noudum
735 2841 850 2900 mortale
903 2839 945 2907 δες
959 2838 1215 2922 τλνττεριωσίαν
1183 2864 1231 2912 της
1244 2863 1289 2899 του
1309 2841 1424 2918 Χριστοῦ
1440 2837 1566 2918 χάριτος,
1580 2836 1617 2896 Ο
1631 2835 1677 2914 μέν

46 2986 48 2991 .
101 2952 201 3014 eorpus
213 2932 333 3009 haberet,
343 2931 437 3013 lapsus
448 2944 506 3008 est
516 2944 547 2991 ιιι
560 2944 850 2991 veromortuumcum
902 2930 955 3012 γδρ
968 2929 1117 3010 neapo
1071 2933 1117 2992 ουδ
1118 2931 1175 2990 έπω
1199 2929 1291 3004 θνητδν
1306 2929 1385 3011 ἔχων,
1399 2928 1512 2989 ὤλισθε·
1527 2927 1559 2989 σὺ
1582 2929 1612 2989 δέ
1633 2930 1676 2989 και

100 3024 246 3108 acceperis,
263 3023 385 3085 coronari
396 3024 507 3106 poteris.
517 3023 553 3084 Et
567 3023 737 3103 quomodo,
728 3023 846 3103 inquies,
903 3023 1014 3085 θανιίτου
1028 2987 1119 3085 λαθὼν
1133 3023 1301 3085 θπείθυνον
1287 3047 1326 3097 ον,
1348 3027 1547 3104 στερανωθῆναι
1569 3023 1676 3101 δυνήσῃ.

101 3130 196 3198 regum
206 3117 367 3199 peecatum?
380 3117 441 3176 Nou
455 3137 490 3176 ex
503 3115 614 3197 propria
627 3115 739 3193 virtute,
752 3114 800 3178 scd
813 3136 849 3176 ex
866 3113 885 3162 c
903 3119 958 3178 Καὶ
970 3123 1027 3187 πῶς
1042 3117 1190 3196 βασιλεύει,
1204 3116 1294 3197 φησιν,
1310 3121 1327 3188 ἡ
1342 3114 1473 3196 δμαρτία;
1483 3116 1544 3173 Οὐκ
1557 3113 1614 3174 ἀπό
1630 3117 1678 3184 τῆς

101 3208 210 3290 ignavia
223 3222 278 3269 tua.
292 3209 366 3283 Ideo,
379 3229 440 3268 cum
453 3206 578 3285 dixisset,
589 3210 635 3268 Ne
648 3221 758 3290 regnet,
774 3209 849 3288 regni
902 3210 1162 3289 comminuentur,
1177 3211 1235 3267 ἀλλ’
1258 3207 1311 3266 ἀπὸ
1328 3209 1377 3276 τῆς
1396 3211 1444 3277 σῆς
1466 3205 1607 3287 ῥᾳθυμίας.
1627 3205 1678 3265 Διὰ

95 3301 214 3383 -hujusce
228 3301 340 3362 modum
353 3299 481 3378 ostendit,
499 3299 557 3359 hec
569 3291 712 3381 adjiciens,
730 3303 768 3361 Ut
783 3305 849 3360 obe·
900 3309 977 3363 τοῦτο
996 3306 1086 3376 εἰπὼν,
1109 3299 1155 3372 Μὴ
1176 3298 1354 3379 βασιλευέτω,
1373 3297 1417 3357 καὶ
1440 3297 1484 3356 τὸν
1507 3297 1606 3380 τρόπον
1629 3297 1679 3357 δαί·

101 3395 198 3460 dt'atis¹
209 3398 237 3453 ei
253 3397 287 3453 in
296 3396 539 3472 concupiscentiis
555 3395 627 3473 ejus,
642 3394 703 3453 Non
717 3407 757 3453 est
773 3394 848 3454 enim
901 3419 976 3455 κνυσι
997 3399 1045 3466 τῆς
1066 3392 1190 3465 τοιαύτης
1212 3390 1362 3471 βασιλείας,
1379 3388 1484 3468 ἐπάγων
1509 3389 1556 3447 καί
1578 3392 1677 3468 λέγων·

100 3486 188 3546 honor
195 3480 303 3567 corpori
315 3487 405 3545 omnia
416 3506 479 3544 cum
490 3497 620 3565 potestate
627 3485 780 3562 concedere,
793 3485 847 3547 imo
902 3489 948 3554 Εἰς
961 3488 991 3546 τὸ
1004 3485 1145 3546 ὑπακούειν
1158 3485 1225 3563 αὐτῇ
1241 3487 1268 3544 ἐν
1282 3491 1339 3551 ταῖς
1359 3483 1510 3559 ἐπιθυμίαις
1531 3485 1621 3541 αὐτοῦ.
1636 3484 1678 3541 Οὐ

100 3577 191 3660 potius
204 3592 323 3638 extrema
333 3575 450 3636 servitus
463 3589 489 3634 et
504 3576 597 3655 ingens
610 3575 773 3656 ignominia:
785 3599 847 3639 nam
899 3578 951 3660 γαίρ
965 3582 1021 3639 ἐστι
1039 3577 1106 3657 τιμὴ
1128 3577 1162 3644 τὸ,
1182 3579 1239 3655 μετ’
1254 3574 1371 3643 ἐξουσίας
1394 3577 1465 3654 αὐτῷ
1487 3571 1578 3632 πάντα
1602 3573 1679 3654 χαρί-

101 3691 164 3731 eum
177 3691 208 3730 ea
220 3692 281 3751 quae
294 3670 356 3732 vult
368 3670 443 3742 iacit,
459 3682 525 3744 tune
533 3668 658 3728 libertate
668 3669 742 3730 omni
756 3670 847 3750 priva·
901 3673 1007 3744 ζεσθαι,
1023 3672 1082 3729 ἀλλ’·
1107 3668 1208 3749 ἐσχάτη
1231 3665 1333 3727 δουλεία
1354 3665 1400 3724 και
1424 3663 1533 3742 ἀτιμίας
1546 3665 1678 3733 ἐπίτασις.

99 3775 146 3822 tur
153 3785 165 3841 ς
175 3772 246 3823 ‘curm
265 3775 355 3821 autem
374 3760 530 3837 cohibetur,
544 3771 610 3819 tunc
631 3759 750 3819 maxime
770 3782 847 3819 suam
899 3761 987 3822 Ὅταν
1001 3762 1053 3841 γὰρ
1066 3761 1083 3820 θ
1098 3760 1221 3839 βούλεται
1233 3758 1356 3839 πράττη,
1369 3755 1429 3815 τότε
1441 3756 1590 3836 ἐλευθερίας
1602 3756 1679 3816 ἐατέ-

99 3870 188 3917 servat
201 3855 370 3936 dignitatem.
389 3854 438 3911 15.
452 3855 555 3932 Neque
566 3854 729 3912 exhibeatis
752 3874 846 3912 mem·
901 3876 979 3934 ρηται
993 3852 1096 3924 πόσης·
1111 3851 1173 3911 όταν
1194 3849 1221 3909 δέ
1240 3848 1392 3922 κωλύηται,
1405 3846 1465 3906 τότε
1484 3847 1604 3924 μάλιστα
1626 3848 1678 3921 τὴν

100 3953 154 4011 bra
164 3961 265 4011 vestra
277 3968 363 4009 arma
375 3948 542 4027 ἰιιὶιριιίιαιίε
549 3959 681 4024 peccato,
694 3946 747 4005 sed
759 3965 847 4005 ιιιιιιιι
899 3945 998 4005 οἰκείαν
1020 3945 1095 4014 ἀξίαν
1116 3947 1243 4022 διατηρεῖ.
1256 3941 1333 4012 Μηδὲ
1347 3938 1525 4022 παριστάνετε
1546 3939 1584 3999 τὰ
1606 3943 1678 4019 μέλη

94 4046 229 4124 justitiae.
303 4107 308 4119 γ
898 4042 973 4154 ύμιον
994 4037 1182 4103 tutarentur
1195 4039 1228 4115 τῇ
1243 4032 1376 4114 ἁμαρτία,
1393 4034 1452 4092 ἀλλ’
1479 4030 1550 4090 όπλα
1573 4034 1679 4094 δικαιο-

899 4131 1017 4209 σύνης

138 4227 167 4287 5.
182 4227 275 4304 Itaque
288 4227 408 4286 medium
423 4245 522 4307 corpus
536 4237 575 4284 est
589 4224 659 4285 inter
671 4224 803 4284 malitiam
815 4237 845 4283 et
860 4238 881 4284 l>
937 4228 1042 4285 Οὐκοῦν
1057 4221 1175 4302 μέσον
1150 4246 1181 4281 το
1195 4226 1274 4301 σῶμα
1293 4220 1388 4287 κακίας
1401 4243 1447 4278 και
1436 4191 1571 4300 ’ἀρετῆς
1587 4222 1676 4281 καθαί-

97 4319 238 4394 virtutem,
255 4317 483 4419 quemadmodum
496 4316 597 4396 etipsa
618 4337 714 4375 arma:
733 4328 846 4394 utraque
898 4339 950 4431 περ
967 4308 1012 4377 σύν
1033 4341 1079 4376 και
1067 4316 1124 4374 τδι
1141 4314 1230 4374 όπλα·
1247 4312 1341 4392 ἐκοίτερ
1342 4337 1358 4370 α
1373 4311 1401 4370 δέ
1413 4310 1474 4370 τδι
1460 4336 1524 4393 εργα
1532 4313 1656 4432 παρδ*
1629 4337 1676 4373 τον

96 4421 186 4470 autem
196 4429 276 4490 opera
287 4408 433 4466 fiunrab'
413 4429 456 4483 us,
470 4407 516 4485 qui
529 4406 595 4487 ipsis
605 4420 736 4465 utuntur:
749 4428 844 4485 quem·
898 4409 1035 4489 χρώμενον
1047 4405 1191 4486 γίνεται·
1172 4429 1263 4485 ωσπερ
1275 4404 1350 4464 δν’
1328 4429 1351 4464 ει
1369 4404 1414 4462 καί
1428 4403 1596 4485 στρατιώτης
1608 4405 1677 4486 ὑπὲρ

79 4498 329 4561 αόιιιοόιιιιιιιιὶίτε
342 4519 392 4580 pro
404 4498 492 4580 patria
512 4496 659 4573 decertans,
671 4511 697 4558 et
718 4499 763 4558 fur
783 4520 846 4559 cou·
898 4507 946 4574 τῆς
967 4503 1091 4582 πατρίδος
1113 4499 1318 4580 ἀγωνιζόμενος,
1341 4497 1386 4557 καί
1406 4497 1507 4576 λῃστὴς
1528 4498 1600 4557 κατὰ
1620 4503 1676 4556 τῶν

96 4608 139 4653 tra
154 4593 320 4654 habitatores
340 4593 438 4651 domus
459 4603 591 4667 armatuS,
617 4590 713 4651 iisdem
731 4605 845 4653 utuntur
897 4594 1064 4654 ἐνοικούντων
1096 4591 1279 4670 ὁπλιζόμενος,
1306 4599 1360 4657 τοῖς
1394 4591 1482 4655 αὐτοῖς
1513 4589 1676 4668 φρόττοιντο

96 4685 259 4745 armis:non
276 4684 348 4744 enim
359 4696 502 4742 armaturoe
515 4682 596 4764 culpa
610 4696 660 4761 est,
677 4684 723 4743 sed
737 4706 841 4763 eorum,
896 4684 999 4752 ὅπλοις·
1020 4688 1049 4747 οὐ
1071 4684 1123 4764 γὰρ
1138 4688 1186 4754 τῆς
1203 4682 1363 4760 παντευχίας
1387 4680 1418 4739 τὸ
1441 4679 1578 4758 ἔγκλημα,
1603 4680 1674 4738 ἀλλὰ

96 4778 145 4860 qui
154 4779 202 4838 illa
214 4776 249 4838 ad
260 4778 364 4838 malum
373 4791 495 4836 utuntur.
503 4774 538 4836 Id
546 4776 621 4855 quod
633 4777 715 4836 etiarn
725 4777 752 4837 in
763 4799 842 4838 carne
894 4781 947 4836 τῶν
962 4781 999 4845 είς
1010 4779 1041 4837 τὸ
1055 4779 1136 4837 κακὸν
1150 4775 1304 4857 χρωμένων.
1317 4773 1355 4832 Ὃ
1369 4771 1401 4845 δὴ
1419 4771 1464 4830 καί
1484 4770 1528 4831 ἐπὶ
1543 4776 1593 4844 τῆς
1606 4796 1674 4852 σαρ·

94 4871 187 4931 videre
202 4886 253 4948 est,
268 4893 328 4950 quae
341 4871 394 4930 hoc
407 4870 451 4929 vel
465 4868 537 4929 illud
556 4869 674 4929 efficitur
692 4871 840 4941 secundum
894 4870 938 4940 κός
952 4873 1023 4931 ἐστιν
1041 4872 1134 4943 εἰπεῖν,
1153 4874 1230 4928 τοῦτο
1245 4871 1351 4926 κάκεῖνο
1363 4863 1503 4942 γινομένης
1524 4863 1600 4945 παρδ
1622 4864 1672 4934 τὴν

94 4960 179 5022 animi
191 4963 360 5038 sententiam,
375 4982 427 5020 uon
443 4960 592 5020 secuudum
605 4962 742 5042 propriam
758 4976 838 5021 uatu·
892 4968 940 5035 τῆς
955 4966 1042 5043 ψυχῆς
1066 4961 1184 5041 γνώμην,
1196 4961 1225 5018 οὐ
1239 4955 1313 5038 παρὰ
1333 4957 1382 5027 τὴν
1396 4953 1495 5015 οἰκείαν
1514 4954 1605 5034 φύσιν.
1624 4954 1672 5015 Ἂν

93 5075 161 5115 ram.
185 5053 215 5115 Si
232 5055 304 5113 enim
326 5052 440 5111 alienam
453 5051 686 5134 pulchritudinem
706 5052 837 5115 curiosius
892 5053 1003 5135 μὲνγὰρ
1016 5052 1177 5135 περιεργόσῃ
1194 5051 1289 5117 κοίλλος
1308 5047 1455 5130 ἀλλότριον,
1467 5045 1550 5107 όπλον
1565 5045 1670 5116 ἀδικίας
1695 5097 1697 5100 .

92 5147 241 5223 intueatur,
258 5166 331 5203 arma
347 5143 495 5224 iniquitatis
509 5144 594 5202 iactus
609 5158 649 5203 est
662 5143 767 5222 oculus,
781 5166 834 5206 non
889 5147 993 5226 γέγονεν
1014 5151 1028 5206 θ
1048 5143 1196 5226 ὀφθαλμὸς,
1209 5146 1239 5203 σύ
1259 5141 1333 5225 παρὰ
1346 5140 1394 5214 τὴν
1417 5138 1517 5198 οἰκείαν
1532 5140 1667 5219 ἐνέργειαν

90 5262 107 5299 a
132 5239 241 5324 propria
254 5236 407 5318 operatione
420 5233 503 5314 (oculi
522 5234 595 5296 enim
608 5248 647 5296 eet
659 5234 763 5318 videre,
780 5256 832 5300 non
850 5258 869 5308 a
888 5241 898 5321 ι
904 5240 1039 5320 ὀφθαλμοῦ
1059 5238 1110 5320 γὰρ
1130 5239 1161 5299 τὸ
1184 5242 1263 5320 ιρᾷν,
1283 5237 1312 5297 οὐ
1331 5235 1361 5295 τὸ
1382 5237 1469 5300 κακῶς
1483 5237 1583 5314 epigri),
1595 5233 1665 5294 α’λλὰ
