3728 5978
1560 518 1629 590 553

61 660 184 739 νήσαςτῇ
195 660 293 732 πίστει,
299 664 327 718 ού
335 660 476 730 κατενόησε
487 659 516 718 τδ
525 665 617 721 ἑαυτοῦ
623 665 702 740 σῶμα
712 685 839 741 νινεκρω·
892 659 971 717 didit.
986 661 1024 719 Ut
1036 660 1108 719 enim
1119 660 1206 720 discas
1220 662 1310 742 ipsum
1320 662 1355 722 de
1368 662 1423 722 iltis
1433 663 1515 743 loqui,
1528 664 1592 723 audi
1602 687 1632 723 ea

63 752 158 827 μένον,
173 753 360 825 ἑκατονταέτης
371 776 422 812 που
431 753 574 834 ὑπάρχων,
588 753 634 813 καὶ
645 752 693 826 τὴν
710 753 837 836 νέκρωσιν
892 773 952 830 quae
979 766 1128 830 sequuntur
1151 778 1159 812 ι
1187 755 1236 813 19.
1253 756 1295 813 Et
1314 776 1374 813 non
1401 756 1569 834 infirmatus
1589 766 1645 816 θοι-

62 850 111 916 τῆς
126 844 229 924 μήτρας
251 850 298 917 τῆς
317 846 433 926 Σάρρας.
454 837 530 912 Elea<
550 850 607 914 πῶς
627 846 716 920 τίθησι
735 847 781 907 καί
802 845 837 907 rb
881 845 958 926 fide,
971 865 1023 902 nec
1038 847 1233 904 consideravit
1246 866 1348 927 corpus
1361 868 1445 906 suum
1459 860 1631 919 emortuum,

63 936 223 1013 κωλύματα,
235 937 280 995 καί
292 936 340 1008 τὴν
351 938 454 1017 ὑψηλὴν
466 945 511 996 τοῦ
522 936 622 996 δικαίου
631 937 739 1016 γνώμην
750 938 837 997 πάντα
890 959 956 996 cum
961 940 1028 1019 jum
1033 1008 1038 1018 Ι
1039 940 1104 1016 fere
1116 951 1232 998 centum
1246 937 1320 999 esset
1333 961 1489 1012 annorum,
1501 953 1528 999 et
1539 961 1631 999 emor·
1651 944 1653 949 '

63 1029 371 1108 ύπερύαίνουσαν;Παρ’
394 1030 506 1103 ἐλπίδα,
523 1029 602 1109 φησί,
618 1031 648 1089 τδ
669 1031 837 1110 ἐπαγγελθέν.
891 1042 972 1088 tuam
999 1030 1122 1088 vulvam
1144 1030 1233 1089 Saroe.
1256 1029 1359 1092 Viden’
1387 1044 1417 1089 ut
1438 1030 1632 1112 impedimenta

62 1122 89 1178 Τ
91 1127 150 1178 οῦτο
162 1118 274 1197 κώλυμα
289 1124 411 1200 πρῶτον·
428 1121 485 1180 οὐδὲ
504 1121 556 1200 γὰρ
575 1113 644 1201 εἶχεν
659 1123 736 1189 αὐτὸς
749 1123 836 1203 ἕτερον
854 1123 874 1171 D
891 1131 983 1198 ponat,
999 1131 1025 1176 et
1036 1118 1121 1177 altum
1129 1118 1196 1199 justi
1208 1119 1328 1178 animum
1342 1120 1432 1178 οιιιιιίει
1441 1119 1632 1201 superantem?

552 539 719 618 leEl’lS'l'.
750 538 795 584 Al)
821 537 904 584 nott.
933 536 1050 584 uoltu..
1080 539 1153 585 Vlll.

63 1211 187 1290 ἰλύραδιμ
198 1211 266 1269 οὕτω
285 1212 402 1271 λαθόντα
414 1215 497 1272 παῖδα
510 1215 582 1272 ἰδεῖν.
596 1216 631 1273 Ol
646 1212 693 1292 μὲν
707 1214 759 1297 γάρ
771 1215 837 1292 ’μετ’

64 1303 159 1375 αὐτὸν,
175 1308 212 1370 εἷς
227 1304 303 1362 αὐτὸν
316 1303 428 1364 έύλεπον
441 1329 447 1341 ·
461 1307 557 1373 ἐκεῖνος
570 1304 597 1363 δέ
615 1308 651 1374 εἷς
662 1306 763 1379 οὐδένα,
779 1309 837 1366 ἀλλ’

64 1398 100 1460 εἰς
112 1394 156 1453 τὸν
170 1395 237 1455 Θεδν
252 1394 346 1472 μόνον·
360 1397 456 1455 διὸκαὶ
471 1398 539 1475 Παρ’
552 1397 646 1455 ἐλπίδα
662 1397 757 1476 ἔλεγεν.
771 1389 838 1457 Εἶτα

62 1487 94 1544 τδ
115 1490 193 1564 σῶμα
214 1487 423 1569 νενεκρωμένον·
438 1488 557 1567 δεύτερον
578 1496 670 1548 τοῦτο·
683 1487 728 1547 καί
752 1493 768 1559 ἡ
810 1489 838 1548 έ·

63 1602 163 1656 κρωσις
176 1585 223 1651 τῆς
239 1580 342 1657 μήτρας
355 1581 479 1659 Σάρρας·
494 1588 570 1640 τοῦτο
583 1581 629 1640 καί
639 1580 727 1661 τρίτον
738 1581 783 1638 καί
796 1579 839 1639 τέ·

64 1694 171 1751 ταρτον.
186 1674 233 1737 Εἰς
245 1670 272 1728 δὲ
293 1670 341 1741 τὴν
359 1671 517 1752 ἐπαγγελίαν
533 1678 578 1731 τοῦ
592 1675 662 1733 Θεοῦ
677 1675 706 1733 οὐ
722 1672 838 1752 διεκρίθη

62 1766 97 1840 τῇ
112 1763 230 1844 ἀπιστία.
246 1763 315 1823 Οὐδὲ
327 1764 378 1844 γδιρ
390 1762 520 1832 ἀπόδειξιν
535 1763 642 1836 ἔδωκεν,
656 1761 715 1824 οὔτε
729 1771 838 1841 σημεῖον

63 1853 187 1924 ἐποίησεν
199 1860 213 1914 δ
224 1855 300 1928 Θεδς,
316 1854 385 1914 άλλδ
399 1855 506 1934 ῥήματα
519 1847 552 1926 ἦν
563 1856 628 1936 dull
644 1856 738 1932 μόνον,
753 1859 840 1933 ἔπαγ-

63 1946 211 2023 γελλόμενα
226 1947 294 2028 άπερ
308 1951 356 2027 οὐχ
375 1952 527 2027 ὑπισχνεῖτο
546 1953 562 2018 ἡ
581 1947 666 2028 φύσις.
683 1949 752 2008 Ἀλλ’
768 1947 841 2026 ὅμως

63 2042 106 2097 Οὐ
122 2037 253 2116 διεκρίθη,
267 2039 356 2119 μησίν.
374 2041 434 2098 Οὐκ
448 2031 537 2112 εἶπεν,
557 2039 598 2100 ότι
617 2043 663 2098 οὐκ
678 2040 841 2113 ἠπίστησεν,

891 1210 1004 1268 Proeter
1012 1231 1100 1289 spem,
1117 1209 1216 1287 inquit,
1231 1209 1304 1288 quod
1313 1210 1476 1291 promissum
1491 1224 1559 1270 erat.
1574 1210 1633 1269 Hoc

890 1297 1011 1376 primum
1026 1297 1247 1378 impedimentum
1266 1325 1272 1357 ι
1289 1298 1458 1378 nequeenim
1471 1298 1569 1359 babuit
1587 1299 1634 1359 ille

891 1390 1005 1448 alterum
1019 1390 1213 1457 Abrabamum.
1225 1412 1304 1469 quem
1319 1390 1421 1452 videret
1434 1392 1472 1450 ita
1486 1392 1633 1473 suscepisse

891 1481 989 1541 [ilium.
1007 1484 1076 1542 Nam
1093 1482 1140 1561 qui
1158 1497 1217 1563 post
1234 1483 1314 1542 illum
1334 1485 1419 1562 fuere,
1433 1482 1470 1543 ad
1490 1484 1571 1544 illum
1591 1506 1633 1543 re·

892 1594 1002 1653 spexere
1010 1598 1019 1650 3
1035 1575 1081 1634 ille
1098 1590 1188 1635 autem
1202 1576 1236 1634 ad
1251 1575 1368 1648 nullum,
1382 1576 1429 1635 sed
1442 1574 1478 1634 ad
1486 1577 1576 1635 Deum
1591 1597 1633 1635 so·

891 1667 948 1725 lum
961 1693 968 1725 ι
985 1667 1098 1748 ideoque
1109 1673 1223 1729 Praeter
1232 1691 1311 1750 spem
1324 1671 1405 1732 dixit.
1421 1670 1524 1731 Deinde
1535 1693 1634 1753 corpus

891 1775 1044 1821 emortuum
1050 1786 1059 1841 3
1079 1762 1132 1823 boc
1141 1762 1289 1823 secundum
1299 1779 1356 1843 est3
1371 1778 1397 1824 et
1412 1778 1533 1825 emortua
1550 1767 1635 1826 milve

892 1855 966 1915 Sarae
974 1880 983 1934 3
998 1857 1052 1917 boc
1065 1859 1176 1919 tertium
1185 1873 1211 1918 et
1221 1873 1357 1938 quartum.
1371 1863 1419 1919 20.
1433 1863 1471 1919 In
1481 1867 1635 1941 repromis-

891 1954 973 2009 sione
983 1966 1082 2010 outem
1094 1942 1152 2011 Dei
1160 1974 1220 2011 non
1233 1955 1379 2013 boesitavit
1389 1954 1569 2035 diffidentia.
1582 1957 1635 2014 Nc·

892 2064 945 2121 quc
963 2044 1035 2116 enim
1049 2045 1303 2106 demonstrationem
1324 2046 1408 2121 dedit,
1422 2069 1507 2126 neque
1525 2047 1635 2128 signum

63 2132 138 2199 ἀλλ’,
155 2133 196 2189 Οὐ
210 2131 326 2212 διεκρίθη
340 2155 346 2167 ·
361 2130 513 2205 τουτέστιν,
535 2130 593 2191 οὐδὲ
614 2131 757 2191 ἐνεδοίασεν
782 2130 841 2189 οὐδὲ
859 2138 876 2184 E
892 2135 954 2193 lecit
968 2138 1047 2210 Deus,
1060 2135 1107 2195 sed
1116 2138 1199 2196 verba
1216 2151 1291 2197 crant
1307 2138 1441 2219 simplicia
1456 2139 1554 2216 solum,
1567 2162 1635 2220 pro-

65 2221 213 2301 ἆμρέύαλε,
225 2223 270 2280 καί
282 2222 412 2282 τοσούτων
425 2223 506 2280 ὄντων
520 2228 572 2281 τῶν
587 2223 761 2299 κωλνμάτοιν.
777 2221 841 2281 'neu

64 2314 165 2372 τούτοιν
181 2315 362 2392 μανθάνομεν,
377 2313 417 2374 ὅτι
439 2314 486 2372 κάν
509 2314 619 2394 μυρίαό
638 2314 705 2381 Θεὸς
726 2313 842 2373 ἀδύνατα

64 2407 277 2484 ε’παγγελληται,
300 2405 336 2483 μί,
358 2406 533 2479 καταδέξηται
546 2406 573 2466 δὲ
593 2411 607 2464 ὁ
629 2406 741 2479 οίκούοιν,
754 2409 842 2478 οὔτ-ἠς

63 2504 117 2557 τῶν
133 2499 299 2579 πραγμάτιον
312 2497 412 2578 φύσεώς
432 2502 500 2558 ἐστιν
516 2505 533 2570 ἡ
555 2498 690 2574 ἀσθένεια,
704 2498 773 2558 ἀλλὰ
793 2503 841 2570 τῆς

69 2591 159 2656 ἀνοίας
176 2595 223 2661 τῆς
235 2597 279 2649 τοῦ
296 2593 332 2668 μὴ
354 2591 503 2671 δεχομένου.
518 2591 587 2650 Ἀλλ’
602 2590 785 2668 ἐνεδυναμώθη
805 2595 840 2670 τῇ

48 2681 164 2740 πίστει.
178 2679 251 2763 Ὅρα
266 2682 372 2741 Παύλου
394 2682 558 2763 φιλοσοφίαν.
576 2682 686 2755 Ἐπειδὴ
706 2682 758 2763 γὰρ
779 2682 841 2762 περὶ

64 2778 118 2832 τῶν
134 2773 316 2852 ἐργαζομένων
331 2773 376 2832 καί
396 2780 448 2832 τῶν
469 2774 645 2833 πιστευόντων
661 2767 693 2846 ἦν
714 2779 729 2834 δ
748 2774 840 2852 λόγος,

64 2867 180 2926 δείκνυσι
194 2867 238 2925 τόν
256 2866 414 2927 πιστεύοντα
433 2868 605 2948 ἐργαζόμενον
627 2868 727 2945 μᾶλλον
740 2865 758 2939 ἢ
773 2866 841 2927 ἐκεῖ·Ι

64 2983 122 3033 νον,
139 2960 185 3018 καί
205 2959 323 3026 πλείονος
339 2959 458 3036 δεόμενον
474 2960 608 3038 δυνάμεως
622 2959 666 3018 καί
681 2961 781 3032 πολλῆς
792 2965 841 3032 τῆς

65 3050 170 3130 ἰσχύος,
190 3049 235 3109 καί
251 3053 279 3110 οὐ
301 3051 345 3110 τδν
360 3050 473 3129 τυχόντα
492 3052 655 3130 ὑπομένοντα
676 3052 763 3112 πόνον.
787 3051 841 3111 Καί

892 2225 1025 2285 mittentia
1039 2248 1089 2299 ea,
1105 2249 1165 2305 quae
1178 2241 1274 2286 natura
1283 2248 1336 2287 non
1351 2228 1537 2308 pollicebatur.
1554 2237 1633 2292 Atta-

892 2337 953 2374 men
965 2319 1033 2375 Non
1047 2320 1206 2394 hesitavit,
1219 2319 1315 2397 inquit.
1333 2320 1394 2379 Non
1410 2321 1492 2395 dixit,
1502 2323 1563 2381 Non
1573 2343 1634 2383 cre-

891 2403 964 2462 didit
969 2428 978 2481 3
990 2405 1046 2481 scd,
1058 2408 1126 2465 Non
1136 2408 1282 2466 lioesitam't
1292 2431 1303 2476 ;
1316 2406 1405 2485 idest,
1417 2428 1470 2468 uon
1482 2408 1632 2487 dubitavit,
1700 2421 1704 2427 '

892 2496 998 2556 etiamsi
1020 2511 1060 2557 tot
1082 2497 1273 2579 impedimenta
1296 2513 1393 2559 essent.
1414 2501 1485 2561 Hinc
1504 2501 1635 2562 discimus

891 2590 975 2668 quod,
991 2591 1096 2650 etiamsi
1119 2594 1193 2652 Deus
1212 2592 1354 2652 innumera
1373 2593 1552 2675 impossibilia
1572 2617 1635 2678 prn-

892 2683 992 2761 mittat,
1005 2705 1053 2743 nec
1066 2684 1114 2762 qui
1127 2683 1204 2744 audit
1213 2685 1339 2745 admittat
1354 2686 1412 2760 illa,
1426 2687 1569 2749 infirmitas
1588 2691 1636 2750 illa

892 2797 946 2835 non
955 2798 990 2836 ex
999 2798 1088 2836 rerum
1103 2791 1209 2853 natiue,
1226 2777 1301 2837 seda
1315 2799 1369 2837 non
1384 2777 1552 2841 admittentis
1567 2784 1636 2842 stul-

892 2867 951 2927 titia
963 2868 1156 2949 proficiscatur.
1168 2870 1226 2930 Sed
1235 2872 1419 2951 confortatus
1429 2886 1472 2932 est
1477 2874 1551 2953 fide.
1563 2875 1637 2936 Vide

892 2957 971 3017 Pauli
982 2957 1191 3039 philosophiam.
1207 2958 1279 3033 Quia
1293 2959 1365 3018 enim
1375 2959 1409 3020 de
1424 2961 1597 3042 operantibus
1609 2978 1636 3023 et

892 3049 1065 3110 credentibus
1079 3072 1167 3110 sermo
1179 3064 1247 3127 erat,
1260 3051 1376 3111 ostendit
1390 3073 1464 3131 cun-1,
1475 3052 1524 3132 qui
1538 3055 1634 3131 credit,

64 3141 117 3221 γδιρ
142 3141 297 3210 ἐξευτέλιζον
321 3141 370 3213 τὴν
391 3142 480 3201 πίστιν
501 3148 536 3209 ὡς
552 3147 599 3202 οὐκ
620 3143 731 3225 ἔχουσαν
747 3143 837 3203 πόνον.
848 3180 884 3219 505
892 3142 979 3221 magis
991 3142 1097 3223 operari
1107 3164 1188 3221 quam
1200 3142 1289 3221 illum,
1305 3157 1332 3202 et
1344 3145 1440 3224 majori
1450 3145 1553 3207 virtute
1566 3167 1635 3229 opus

65 3235 139 3313 Πρὸς
152 3242 228 3294 τοῦτο
246 3234 332 3293 τοίνυν
352 3235 489 3310 ἱστάμενος
513 3235 651 3308 δείκνυσιν,
663 3233 704 3294 ότι
717 3234 838 3314 ούμόνον
857 3238 876 3281 Α
891 3234 992 3294 habere
1008 3234 1147 3313 multaque
1161 3234 1330 3311 tortitudine,
1349 3256 1398 3295 nec
1413 3259 1529 3318 pervum
1544 3238 1636 3298 subire

64 3330 79 3384 δ
102 3325 272 3407 σωφροσύνην
289 3332 424 3407 κατορθῶν
447 3326 464 3397 ἢ
488 3329 553 3386 άλλο
575 3353 602 3386 τι
623 3332 677 3386 τῶν
700 3328 838 3399 τοιούτων,

66 3418 134 3477 elul
153 3418 199 3477 καὶ
218 3423 232 3476 ὁ
254 3418 344 3477 πίστιν
365 3418 575 3497 ἐπιδεικνύμενος
596 3419 732 3496 δυνάμεως
756 3421 839 3480 δεῖται

65 3511 194 3577 πλείονος.
207 3510 315 3592 Ὥσπερ
328 3512 379 3591 γὰρ
394 3514 489 3579 ἐκεῖνος
503 3512 595 3591 χρείαν
609 3508 664 3593 ἔχει
680 3512 782 3593 ἰσχύος,
796 3511 840 3572 ίνα

65 3603 125 3671 τοὺς
149 3609 196 3674 τῆς
220 3603 362 3670 ἀκολασίας
384 3605 572 3684 διακρούσηται
586 3604 749 3684 λογισμούς·
771 3603 840 3664 ούτω

66 3696 111 3755 καὶ
126 3687 199 3763 οὗτος
218 3696 309 3775 χρείαν
327 3697 382 3776 ἔχει
396 3697 529 3769 *δυνατῆς
550 3702 651 3778 ψυχῆς,
664 3696 709 3756 ἵνα
726 3697 775 3765 τδς
792 3701 840 3768 τῆς

66 3787 191 3855 ἀπιστίας
204 3788 368 3860 έξωθησηται
379 3789 488 3855 ἐννοίας.
503 3791 566 3857 Πῶς
580 3780 624 3847 ndu
638 3788 740 3868 ἐγένετο
762 3792 841 3869 ἰσχυ-

70 3879 128 3958 ρός,
138 3881 181 3959 Τῇ
196 3880 301 3952 πίστει,
313 3879 402 3960 φησίν,
416 3882 445 3939 οὐ
460 3883 595 3959 λογίσμοῑς
611 3881 639 3940 τὸ
654 3891 765 3962 πρᾶγμα
782 3885 841 3940 ἐπι-

66 3971 182 4052 τρέψας·
196 3972 274 4031 ’ἐπεὶ
288 3973 319 4031 ἂν
332 3973 468 4032 κατέπεσε.
481 3976 542 4041 Πῶς
554 3973 581 4033 δὲ
596 3973 678 4045 αὐτὴν
691 3974 739 4046 τὴν
751 3973 840 4033 πίστιν

66 4062 242 4145 κατώρθωσες
259 4063 326 4130 douc
347 4063 420 4132 δοξαν
435 4069 473 4145 τῷ
486 4068 565 4145 Θεῷ,
581 4065 657 4145 φησὶ,
671 4065 716 4124 καὶ
741 4067 840 4146 πληρο·

891 3325 1020 3386 laborem.
1031 3327 1140 3386 Etenim
1149 3326 1191 3386 illi
1205 3326 1288 3387 fidem
1303 3326 1516 3409 vilipendebant,
1531 3344 1562 3390 ut
1573 3352 1634 3409 quae

891 3418 1010 3478 laborem
1021 3440 1072 3478 non
1087 3419 1237 3479 sustineret.
1247 3418 1385 3479 Adversus
1399 3420 1469 3480 illud
1482 3435 1555 3482 stans
1572 3443 1635 3503 ergo

892 3510 1007 3570 ostendit
1019 3532 1092 3585 eum,
1103 3511 1150 3590 qui
1161 3513 1365 3592 temperantiam
1374 3527 1464 3573 servat
1472 3528 1520 3574 aut
1530 3514 1636 3594 aliquid

892 3604 992 3680 simile,
1009 3603 1057 3664 sed
1069 3605 1233 3678 etiameum,
1249 3595 1296 3682 qui
1312 3604 1393 3664 fidem
1403 3605 1523 3683 exbibet,
1536 3609 1636 3687 majori

892 3696 995 3756 virtute
1016 3718 1083 3777 opus
1096 3697 1205 3756 babere.
1228 3696 1305 3758 Sicut
1321 3697 1394 3757 enim
1414 3698 1460 3757 ille
1477 3698 1637 3761 fortitudine

892 3811 960 3868 opus
971 3789 1062 3860 habet,
1076 3803 1106 3848 ut
1116 3788 1234 3848 lasciviae
1250 3789 1422 3867 cogitationes
1440 3789 1556 3872 depellat
1573 3817 1580 3850 :
1599 3793 1637 3852 ita

893 3898 918 3945 et
937 3885 984 3943 hic
1002 3884 1065 3943 sorti
1082 3883 1181 3959 animo,
1200 3897 1230 3943 ut
1244 3883 1442 3943 incredulitatis
1462 3886 1637 3965 cogitationes

893 3973 1022 4032 eliminet.
1033 3972 1175 4047 Quomodo
1190 3973 1274 4052 igitur
1282 3973 1359 4031 fortis
1369 3974 1480 4053 eflectus
1489 3974 1549 4033 est?
1559 3975 1639 4052 Fide,

893 4065 993 4142 inquit,
1013 4086 1097 4143 neque
1117 4064 1264 4124 ratiociniis
1283 4085 1339 4123 rem
1362 4065 1499 4145 permisit3
1518 4086 1582 4124 nam
1598 4065 1638 4126 ita

66 4155 197 4235 φορηθείς,
210 4154 275 4215 dud
288 4156 459 4236 ἐπήγγελται,
474 4156 582 4224 δυνατός
592 4159 649 4216 ἐστι
663 4156 709 4221 καί
720 4160 841 4226 ποιῆσαι.
860 4179 878 4226 Β
894 4156 1061 4245 concidisset.
1076 4155 1218 4228 Quomodo
1229 4170 1319 4215 autem
1333 4155 1468 4217 credidit?
1480 4159 1566 4220 Dans
1576 4159 1637 4240 glo·
1683 4216 1686 4229 ,

65 4247 132 4329 Ἄρα
145 4248 176 4307 τὸ
191 4247 227 4324 μὴ
242 4249 473 4329 περιεργάζεσθαι,
492 4247 608 4316 δοξάζειν
630 4248 685 4307 ἐστὶ
697 4248 742 4307 τὸν
762 4247 841 4320 Θεδν,

66 4339 158 4420 ὥσπερ
173 4328 217 4399 σύν
233 4339 509 4422 τδπεριεργάζεσθαι,
525 4343 702 4419 πλημμελεῖν.
718 4342 752 4400 Εἰ
766 4338 793 4398 δέ
808 4339 842 4400 ric

66 4433 141 4491 κάτω
163 4433 396 4513 περιεργαζόμενοι
415 4433 461 4491 καὶ
484 4435 619 4506 ζητοῦντες
638 4433 666 4491 οὗ
692 4430 842 4509 δοξάζομεν,

65 4527 159 4606 πολλῷ
174 4527 275 4603 μᾶλλον
290 4525 338 4596 τὴν
354 4531 399 4584 τοῦ
420 4526 556 4585 Δεσπότου
567 4524 689 4604 γέννησιν
703 4526 841 4607 πολυπρα-

66 4624 238 4695 γμονοῦντες,
253 4622 288 4684 ὡς
304 4617 451 4695 ὑόρίζοντες
471 4617 504 4675 cd
518 4618 619 4697 έσγατα
638 4616 793 4694 πεισόμεθα.
809 4618 843 4676 Εἰ

65 4708 119 4789 γὰρ
132 4711 177 4769 τὸν
186 4710 266 4769 τύπον
278 4713 325 4779 τῆς
341 4709 509 4775 ἀνασπάστους
523 4712 551 4767 ού
564 4709 618 4789 χρὴ
635 4713 733 4782 ζητεῖν,
751 4711 842 4787 πολλῷ

66 4802 168 4878 μᾶλλον
177 4801 209 4859 τδι
225 4800 363 4882 ἀπόρρητα
378 4805 465 4860 έκεῖνα
479 4800 524 4858 καί
537 4801 643 4880 φρικτά.
657 4801 711 4860 Καὶ
723 4803 770 4860 οὐκ
786 4791 843 4858 εἷπε

66 4899 212 4968 πιστεύσας
233 4902 338 4973 ἁπλῶς,
362 4901 441 4972 σίλλδι,
466 4902 692 4983 Πληρορορηθείς.
716 4905 843 4962 Τοιοῦτον

66 5001 151 5083 γδιρή
173 5001 275 5076 πίστις,
287 5007 335 5072 τῆς
357 5002 411 5061 σἰπδ
431 5004 565 5082 λογισμῶν
589 5002 744 5072 ἀποδείξεως
764 5026 844 5082 oupe-

107 5218 118 5238 ⁸
136 5214 145 5278 [
158 5217 186 5264 λ’.
199 5225 225 5264 et
234 5232 313 5282 marg.
325 5214 403 5267 Savil.
418 5220 532 5281 δυνάμεως
544 5228 586 5276 τῆς
597 5217 698 5284 ψυχῆς]

106 5307 116 5331 ·
135 5295 184 5357 [t.
208 5301 256 5347 errat
276 5304 323 5347 κοιλ
339 5293 416 5343 Pacilo
436 5306 494 5345 ente
511 5312 590 5363 marg.
614 5293 690 5347 Sevil.
709 5286 839 5365 ίπίτριγιν.

894 4252 970 4309 m'um
984 4251 1060 4325 Deo,
1080 4249 1179 4328 iuquit,
1196 4252 1244 4310 21.
1261 4239 1431 4330 plenissime
1443 4253 1549 4328 sciens,
1567 4255 1639 4333 quia

895 4366 1083 4428 quecumque
1089 4347 1233 4424 promisit,
1242 4358 1346 4424 potens
1356 4358 1398 4404 est
1407 4347 1553 4427 etsacere.
1564 4346 1639 4428 Ergo

895 4459 948 4497 nou
959 4437 1064 4497 curiose
1077 4435 1201 4509 scrutari,
1213 4450 1253 4496 est
1264 4437 1353 4496 Deum
1364 4436 1532 4518 glorificare3
1545 4452 1577 4498 ut
1587 4459 1638 4498 cu·

895 4530 965 4590 riose
992 4529 1144 4608 inquirere,
1164 4539 1204 4588 est
1226 4528 1314 4588 scelus
1336 4543 1499 4610 perpetrare.
1521 4530 1552 4593 si
1575 4551 1639 4592 vero

895 4644 957 4683 cum
980 4622 1104 4682 inferiora
1123 4618 1300 4700 disquirimus
1320 4634 1348 4680 et
1369 4636 1530 4700 scrutamur,
1552 4626 1639 4684 Deum

896 4737 948 4777 non
961 4715 1143 4795 glorificamus
1150 4737 1159 4790 3
1173 4714 1259 4773 multo
1270 4713 1358 4792 magis
1369 4735 1430 4773 cum
1439 4714 1549 4775 Domini
1561 4734 1640 4794 gene-

895 4807 1027 4867 rationem
1040 4806 1145 4888 cnriose
1160 4818 1321 4882 scrutamur,
1340 4817 1369 4864 ιιι
1385 4805 1432 4884 qui
1449 4805 1640 4865 contumeliam

896 4901 1056 4973 inseramus,
1076 4912 1195 4958 extrema
1218 4898 1362 4978 patiemur.
1378 4898 1409 4959 si
1426 4896 1498 4957 enim
1516 4919 1639 4957 resurre-

898 4997 993 5057 ctionis
1001 4997 1116 5085 formam
1126 4993 1268 5073 exquirere
1274 5014 1327 5054 non
1338 5006 1451 5075 oportet,
1458 4993 1640 5054 multominus

889 5211 959 5265 luite
970 5213 998 5263 Α.
1010 5213 1157 5276 πλημμέλεια
1168 5223 1215 5271 pto
1224 5211 1373 5272 πλημμιλιῑν.
1385 5207 1395 5273 ]
