3742 5970
76 441 149 543 utss

76 587 126 646 nei
136 606 231 661 emere,
240 594 361 666 etpostoa
373 572 721 661 excordeprocuiribentem
728 580 818 640 solvit.

75 667 197 745 Denique
207 665 307 723 multos
318 674 458 742 peccantes
465 681 513 719 nec
523 659 680 740 limuitoutes
690 659 819 739 ligarunt,

73 739 820 824 aliosveroprenitentessolverunt.laigavitl‘etrushna-

74 823 217 883 iiiametSa
230 818 690 901 sphiram,quitentabantSpiritum
699 817 820 888 Domini,

74 916 102 961 et
114 902 197 961 solvit
207 845 356 959 fabitham
369 919 403 956 ex
411 910 505 972 morte,
513 917 575 954 cum
586 896 662 955 illam
675 917 691 955 a
707 897 821 957 mortuis

74 980 230 1043 suscitavita
250 978 332 1038 solvit
345 976 501 1035 Cornelium
514 976 695 1035 centurionem
709 974 821 1035 creden-

74 1074 139 1132 tem,
147 1074 170 1119 et
178 1058 274 1137 ligavit
282 1058 374 1115 Romae
383 1055 522 1115 Simonem
530 1076 572 1113 ma
594 1054 824 1134 um,quimagicis

74 1140 178 1197 artibus
193 1136 300 1196 ludebat
315 1160 321 1191 :
335 1135 431 1213 ligarit
443 1133 542 1194 Paulus
554 1075 680 1214 Elysiam
699 1154 821 1213 magum,

75 1217 184 1296 quando
193 1216 273 1275 illum
281 1214 365 1275 verbo
375 1213 529 1285 excaecavit,
545 1213 662 1272 etsolvit
675 1213 793 1293 puellam
806 1235 822 1272 a
837 1227 857 1275 tt

75 1297 212 1376 Pythonio
236 1294 358 1353 demone
378 1316 385 1349 z
403 1292 500 1370 ligavit
517 1291 636 1372 seipsum
654 1290 740 1353 Judas
761 1292 824 1352 fune

74 1374 247 1455 proditionis,
262 1387 286 1431 ct
300 1371 382 1431 solvit
396 1374 491 1431 Petrus
505 1372 672 1447 negationem
685 1392 761 1430 suam
775 1392 823 1452 per

74 1453 258 1534 pioenitcntiam
272 1475 278 1507 :
290 1450 385 1542 ligavit
398 1449 498 1507 Paulus
508 1450 636 1530 seipsum,
652 1448 719 1508 dorii
731 1472 821 1531 perse-

73 1546 202 1611 queretur
215 1530 375 1601 Ecclesiam,
396 1527 442 1586 sod
456 1529 572 1608 seipsum
587 1543 678 1609 postea
691 1528 773 1588 solvit
792 1530 821 1589 in

74 1610 132 1685 via,
152 1610 261 1690 quaudo
280 1609 353 1669 viam
373 1607 494 1667 veritatis
516 1608 635 1686 agnovit.
658 1609 745 1668 blulta
758 1631 822 1703 pro·

86 1690 163 1748 theta
175 1708 283 1768 quoque
292 1686 412 1768 ligarunt
422 1699 449 1745 et
459 1686 609 1745 solverunt.
625 1687 734 1765 ligavit
746 1688 822 1748 blias

75 1711 220 1828 ¹l'hesbites
232 1768 317 1826 nubes
328 1766 468 1836 imbrium,
476 1786 509 1823 ne
517 1766 608 1844 impiis
636 1766 739 1825 luviam
752 1788 822 1847 pra-

74 1848 157 1920 beret,
166 1861 192 1905 et
206 1846 287 1905 solvit
296 1866 340 1903 eas
351 1865 460 1903 rursum
470 1864 533 1921 roge
543 1845 615 1903 seha
660 1859 721 1904 aute
731 1846 821 1936 ipsum

95 1926 267 1984 recumbente
294 1948 301 1980 :
329 1922 411 1983 solvit
442 1923 500 2002 ejus
525 1922 677 2014 discipulus
707 1924 821 1984 Elisaeus

74 1947 193 2063 lleeman
214 2004 316 2084 Syrum
336 2024 352 2061 a
376 2001 459 2091 lepra,
478 2015 503 2060 ct
517 2002 613 2081 ligavit
634 2002 750 2075 Gieaim,
772 2005 820 2082 qui

74 2082 184 2219 propter
197 2082 342 2173 pecuniam
362 2093 490 2139 mentitus
508 2080 605 2153 fumat,
627 2102 659 2140 ac
676 2083 863 2161 maledictom

85 2182 178 2242 epram
196 2161 249 2242 ipsi
262 2161 353 2220 intulit
367 2184 373 2216 :
388 2159 470 2218 solvit
490 2160 587 2220 Daniel
604 2161 856 2222 Nabuchodouoa

74 2241 144 2299 soris
161 2240 306 2313 somnium,
336 2252 363 2298 et
376 2238 475 2318 ligavit
492 2254 609 2298 armatas
633 2255 724 2300 contra
748 2244 820 2323 ipsos

74 2318 265 2378 Chaldaeorum
285 2339 381 2379 maniis
393 2343 400 2375 r
412 2318 496 2377 solvit
522 2319 654 2399 templum
674 2320 820 2398 idolorum,

74 2418 168 2457 everso
188 2399 253 2457 Belo
267 2412 293 2457 et
306 2397 393 2458 occiso
410 2397 537 2468 dracone,
554 2412 580 2457 et
595 2398 692 2477 ligavit
705 2420 751 2460 ora
763 2401 821 2460 leo-

74 2498 141 2536 num
160 2477 318 2568 sanguiuem
339 2477 504 2536 vorantium.
527 2478 692 2557 ligaverunt
715 2501 822 2559 quoque

74 2570 129 2614 tres
142 2579 220 2636 pueri
235 2557 292 2617 viru
305 2556 386 2635 ignis,
402 2576 456 2614 non
469 2556 602 2615 combusti
615 2557 651 2616 ab
665 2579 705 2631 eo,
721 2573 748 2618 et
766 2560 823 2618 sol·

74 2650 172 2695 rerunt
198 2636 269 2714 regis
298 2633 476 2705 mandatum,
507 2636 566 2715 ejus
591 2637 736 2715 imaginem
766 2660 820 2699 non

74 2715 225 2774 adorantes.
237 2715 302 2774 Plus
311 2735 393 2794 quain
404 2715 468 2774 illos
476 2735 570 2773 omues
584 2717 716 2775 Dominus
732 2732 822 2778 noster

75 2796 153 2855 Jesm
164 2794 290 2854 Christus
299 2794 395 2874 ligavit
408 2807 435 2853 et
445 2792 534 2853 solvit.
549 2795 637 2855 Solvit
650 2795 721 2854 enim
733 2797 822 2856 inimi-

75 2873 167 2933 citiam
181 2874 253 2933 inter
265 2894 314 2933 iios
326 2886 353 2931 et
368 2875 457 2933 Deum
470 2887 570 2950 ortam,
592 2887 617 2932 et
629 2874 726 2953 ligavit
745 2877 822 2967 priu-

75 2953 164 3033 cipciu
182 2954 318 3013 malorum
332 2966 493 3032 serpentem,
511 2974 659 3034 perquem
680 2954 822 3016 inimicitia

75 3046 133 3091 orta
154 3032 240 3091 fuerat
252 3056 259 3089 a
271 3032 369 3111 ligavit
386 3052 477 3090 omnes
493 3029 637 3104 daemonas,
660 3033 708 3111 qui
730 3050 823 3095 contra

75 3110 213 3170 hominem
238 3112 405 3191 pugnabant,
430 3124 456 3169 et
478 3110 561 3170 solvit
584 3132 676 3170 omnes
699 3112 821 3175 homines

75 3191 111 3249 ab
132 3190 199 3272 ipsis
222 3190 373 3267 exagitatos
385 3214 391 3245 :
403 3188 502 3269 ligavit
519 3190 674 3249 flammeum
700 3192 822 3282 gladium

75 3284 168 3329 contra
188 3291 236 3328 nos
256 3270 406 3345 vibratum,
420 3282 445 3328 et
459 3270 541 3328 solvit
558 3271 688 3328 latronem
702 3293 728 3330 in
743 3294 823 3332 cruce

75 3349 199 3427 ligatum,
220 3371 301 3427 quein
313 3349 340 3407 in
355 3348 475 3427 paradisi
485 3349 595 3407 delicias
610 3349 719 3408 induxit
735 3375 740 3406 :
756 3352 822 3432 liga·

75 3430 116 3486 vit
140 3429 307 3486 fratricidam
329 3429 462 3496 Camurii,
499 3428 662 3487 tremoribus
693 3429 855 3509 addicensp

75 3507 176 3587 ipsum,
193 3522 218 3565 et
233 3508 314 3565 solvit
327 3507 401 3641 paral
426 3507 469 3563 tici
485 3520 623 3573 tremores,
639 3509 823 3570 membrorum

75 3607 125 3643 usu
143 3585 282 3644 restituto:
297 3607 326 3642 so
338 3586 378 3644 vit
396 3528 519 3643 fsaacum
534 3587 569 3642 ab
584 3586 737 3645 Abraliamo
755 3589 821 3647 vin-

75 3679 159 3733 ctum,
184 3679 209 3722 et
229 3664 325 3741 ligavit
339 3685 388 3743 pro
409 3684 440 3720 eo
453 3662 563 3721 arietem
580 3664 606 3722 in
623 3664 716 3744 planta
736 3668 822 3727 Sabcc

75 3743 216 3803 detentum
229 3767 235 3799 ε
248 3743 344 3822 ligavit
364 3741 464 3803 ludam
478 3757 616 3821 argenteos
630 3759 774 3821 amantem,
795 3760 822 3808 et

75 3824 158 3881 solvit
181 3823 330 3904 principem
351 3821 559 3902 publicanorum
580 3823 749 3895 Zacchaeum,
774 3826 822 3904 qui

75 3903 202 3981 pecunias
222 3926 283 3961 suas
301 3901 466 3982 pauperibus
480 3900 619 3959 distribuit
631 3926 638 3958 t
649 3903 747 3982 ligavit
766 3906 820 3965 Ju-

74 3981 166 4040 daicus
179 4004 284 4062 porcos,
301 4001 368 4059 quos
380 3980 549 4038 damonibus
563 3980 684 4054 tradidit,
700 3996 726 4040 et
739 3984 822 4042 solvit

75 4061 187 4137 ligatam
200 4062 302 4120 asinam
315 4074 340 4119 et
354 4060 471 4140 pullum,
486 4059 574 4117 missis
587 4059 820 4150 discipulisdiga-

76 4141 117 4198 vit
141 4141 333 4199 infructuosam
357 4140 438 4197 licum
462 4139 585 4197 arefactis
602 4139 760 4210 radicibus,
795 4155 821 4200 et

76 4219 159 4277 solvit
181 4221 338 4277 inclinatam
360 4218 523 4287 mulierem,
546 4216 638 4276 dicens
664 4219 704 4277 illi
721 4242 727 4275 ε
743 4221 820 4278 Con·

43 4289 49 4300 '
75 4299 146 4372 fide,
159 4300 244 4378 filiu,
268 4299 399 4356 solutaes
419 4298 454 4356 ab
474 4297 630 4356 infirmitate
650 4312 706 4356 tua.
732 4299 820 4358 Solvit

67 4367 185 4435 'Petrum
207 4377 306 4435 eatenis
326 4376 470 4450 vinctum,
492 4389 518 4434 et
536 4377 631 4455 ligavit
655 4377 820 4438 homicidam

75 4454 221 4524 Herodem,
238 4455 360 4513 membra
383 4456 441 4534 ejus
463 4456 602 4514 vermibus
624 4456 741 4516 rodenda
766 4471 821 4516 tra-

74 4533 140 4593 dens
156 4558 162 4591 :
180 4535 298 4592 firmavit
321 4533 461 4592 fundatam
483 4555 566 4613 supra
589 4535 696 4594 firmam
715 4550 820 4616 petram

76 4614 257 4673 orthodoxam
263 4612 422 4687 Ecclesiam,
433 4626 459 4671 et
472 4613 763 4674 solvittabernaculum
772 4615 819 4674 lie·
835 4628 854 4675 C

76 4692 281 4761 terodoxorum‚
303 4712 384 4772 super
406 4712 514 4750 arenam
535 4693 664 4752 mobilem
691 4710 818 4753 constru-

75 4785 149 4830 ctum
167 4772 344 4850 :ligaverunt
364 4771 445 4830 etiam
473 4770 562 4832 Judaei
590 4773 746 4849 Christum,
771 4774 818 4833 scd

74 4851 156 4909 solvit
168 4851 294 4908 Christus
303 4850 412 4909 illorum
423 4851 564 4931 templum,
578 4853 727 4912 Jerusalem
742 4874 818 4912 ever·

75 4931 116 5001 tit,
129 4930 256 4988 dissolvit
271 4930 366 5008 legalia
384 4931 516 5009 ipsorum,
535 4932 678 5009 abrogavit
696 4933 817 4991 circum·

74 5010 214 5077 visionem,
230 5008 364 5067 destruxit
373 5029 534 5089 synagogas,
548 5011 668 5090 abripuit
683 5011 721 5068 eis
732 5012 817 5089 legem

74 5101 100 5144 rt
121 5090 274 5177 propbetas,
297 5088 424 5177 ipsosque
451 5088 534 5167 palere
558 5089 642 5147 instar
662 5112 817 5170 perniones

74 5166 195 5224 civitates
214 5181 239 5225 et
261 5188 382 5245 regiones
405 5168 557 5225 ventilavit.
579 5169 687 5243 ligavit
711 5192 817 5248 ‹iimpie

74 5244 198 5305 diabolus
212 5246 358 5306 Dominum
373 5248 399 5304 iu
415 5268 521 5305 crucem
535 5260 638 5327 actum,
651 5249 696 5307 scd
711 5193 815 5329 dirupit

801 458 934 507 St‘tttttA.

873 581 985 640 ἐποίουν.
998 576 1099 650 Ἔδησί
1110 601 1175 638 ποτε
1186 578 1295 644 Παῑνλος
1307 577 1356 636 τὸν
1367 578 1396 635 ἔν
1409 575 1533 658 Κορίνθῳ
1548 579 1641 658 πορνεί-

874 682 972 728 σαντα,
990 659 1035 718 καί
1053 660 1134 719 πάλιν
1159 657 1252 718 ἔλυσεν
1275 656 1360 715 αὐτὸν
1388 660 1419 715 ἔκ
1449 657 1560 752 καρδίας
1576 682 1643 733 μετα·

873 738 1022 810 νοήσαντα·
1036 738 1114 808 ἔδησε
1130 737 1176 795 καὶ
1199 735 1303 817 Πίτρος
1320 735 1368 793 τὸν
1389 735 1461 811 μετὰ
1475 760 1507 794 το
1521 738 1644 814 βάπτισμα

875 817 1036 897 βουληθέντα
1048 817 1092 877 διδ
1104 814 1252 896 χρημάτων
1265 814 1425 886 κτήσασθαι
1437 814 1489 884 τὴν
1502 815 1598 893 δωρεὰν
1608 822 1644 873 τῶ

873 900 958 968 Θεοῦ,
970 897 1015 956 καὶ
1026 896 1107 956 πάλιν
1118 894 1208 954 ἔλυσεν
1221 894 1300 954 αὐτὸν
1316 895 1352 952 ἔκ
1365 890 1481 971 καρδίας
1496 896 1568 973 αὐτῷ
1576 917 1644 974 πρω-

875 976 998 1036 πεσόντα.
1008 976 1108 1037 Λοιπὸν
1128 974 1156 1032 δὲ
1169 973 1283 1040 πολλὼς
1302 971 1355 1031 καί
1379 973 1554 1046 ἀμετανόητα
1575 975 1645 1052 ἆμαρ-

875 1054 1008 1126 τήσαντας
1022 1055 1129 1126 ἔδησαν,
1149 1052 1244 1119 ἀλλους
1264 1053 1292 1112 δὲ
1314 1051 1540 1128 μετανοήσαντας
1555 1050 1644 1110 ἔτισαν.

875 1134 976 1206 Ἐδησε
989 1134 1088 1215 Πίτρος
1097 1131 1215 1212 ᾈναυίαν
1229 1128 1278 1192 oliv
1290 1129 1444 1210 Σαπρείρη
1460 1129 1645 1207 πειράζοντατδ

875 1214 986 1291 Πνεῦμα
1000 1213 1107 1295 Κυρίου,
1117 1211 1162 1270 καί
1172 1211 1249 1272 ἔλυσε
1262 1214 1314 1282 τῆς
1325 1208 1443 1269 Ταόιθᾶ
1456 1209 1507 1274 τὰς
1516 1210 1645 1275 ὠδιναςνο]

876 1294 1000 1366 θανάτου,
1013 1295 1044 1351 ἔκ
1054 1294 1151 1371 νεκρῶν
1167 1289 1248 1361 αὐτὴν
1269 1287 1452 1358 ἀναστήσας·
1465 1287 1543 1348 ἔλυσε
1560 1289 1645 1365 Kapri-

874 1372 930 1432 λιον
951 1371 996 1430 τὸν
1016 1371 1209 1449 ίκατόνταρχον
1230 1366 1440 1439 πιστεύσαντα,
1459 1366 1506 1425 καὶ
1521 1365 1592 1438 ἔδησε
1610 1368 1647 1425 Ei·

875 1474 951 1528 μωνα
960 1452 1005 1510 τὸν
1018 1451 1103 1530 μάγον
1116 1453 1143 1509 ἔν
1167 1448 1252 1527 Ρύμη
1265 1456 1329 1513 ταῖς
1346 1445 1478 1523 μαγείαις
1489 1446 1647 1522 ἐμπαίζοντα·

874 1530 951 1603 ἔδησε
963 1530 1008 1589 καί
1018 1531 1124 1595 Παῦλος
1132 1527 1255 1605 Ἐλύμαν
1263 1526 1311 1585 τδν
1327 1525 1419 1603 μάγον
1434 1523 1482 1583 διδ
1494 1526 1570 1601 λόγου
1582 1527 1646 1582 αὐτὸν

873 1633 905 1668 τυ
924 1607 1029 1680 λύσας,
1053 1608 1099 1667 καί
1116 1606 1193 1666 ἔλυσε
1211 1607 1261 1678 τήν
1282 1604 1441 1675 παιδίσκην
1464 1610 1513 1662 τοῦ
1535 1604 1647 1662 ainaha

874 1633 996 1764 δαίμονος
1008 1687 1089 1760 αὐτὴν
1108 1684 1255 1753 διαζεύξας·
1270 1684 1373 1753 ἔδησεν
1391 1681 1492 1741 ἑαυτὸν
1507 1680 1601 1749 Ἰούδας
1618 1686 1648 1759 τῷ

875 1768 984 1848 σχοινίῳ
994 1772 1041 1839 τῆς
1052 1763 1205 1849 προδοσίας,
1219 1765 1267 1822 καί
1280 1763 1366 1822 ἔλυσε
1376 1760 1431 1834 τήν
1443 1765 1541 1820 ίαυτοῦ
1556 1762 1649 1838 ἀρνητιν

875 1847 976 1927 Πίερος
988 1845 1030 1906 διδ
1046 1851 1093 1917 της
1113 1843 1266 1921 μετανοίας·
1280 1841 1368 1914 ἔδησε
1382 1840 1433 1899 καί
1447 1842 1558 1907 Παῦλος
1572 1840 1648 1898 ἑαυτὸν

875 1925 977 1985 διιένκιον
999 1924 1047 2000 τήν
1069 1922 1244 1995 Ἐκκλησίαν,
1262 1919 1339 1981 ἀλλά
1363 1920 1452 1979 πάλιν
1475 1919 1552 1978 ἔλυσε
1573 1919 1648 1978 ἔαυτόν

874 2004 1029 2084 ἀπεγνωκὼς
1048 2007 1075 2063 ἔν
1090 2008 1124 2080 τῇ
1138 2004 1191 2080 ὁδῷ
1205 2000 1256 2071 τὴν
1268 2001 1332 2060 δδδν
1352 2003 1404 2070 τῆς
1420 1998 1559 2070 ἀληθείας.
1572 1997 1650 2057 notit

874 2082 902 2144 δί
923 2084 970 2144 καί
993 2088 1018 2144 ol
1041 2086 1177 2162 προῆται
1198 2080 1312 2151 ἔδησαν,
1340 2079 1390 2137 καὶ
1414 2078 1529 2137 ἔλυσαν.
1553 2076 1649 2149 'hieru

875 2162 969 2230 Ἠλίας
991 2161 1160 2232 δθεσόιτης
1189 2157 1238 2226 τάς
1262 2157 1459 2258 δμόροτόκους
1485 2156 1606 2236 νερίλας,
1619 2156 1649 2232 μί,

874 2241 960 2311 διδοθς
984 2242 1027 2302 τὸν
1053 2241 1127 2300 θετὸν
1153 2247 1207 2306 τοῖς
1239 2237 1376 2307 taedeat,
1402 2237 1454 2296 καί
1474 2235 1564 2295 ἔλυσεν
1587 2233 1650 2301 αὐτάς

873 2322 965 2397 πάλιν,
986 2327 1033 2381 τοῦ
1057 2318 1187 2399 βασιλέως
1214 2319 1290 2396 αὐτῷ
1312 2316 1427 2396 Ἀχαάό
1456 2313 1649 2396 προσαιτήσας·

873 2399 950 2461 ἔλυσε
975 2401 1022 2460 καί
1045 2404 1060 2459 ὁ
1084 2397 1176 2458 τούτου
1216 2395 1347 2472 μαθητὴς
1374 2395 1539 2461 Ἐλισσαῖος
1563 2392 1648 2471 Natali

873 2480 918 2539 τὸν
942 2480 1026 2558 Σύρον
1047 2483 1096 2548 τῆς
1116 2477 1216 2557 λέπρας
1240 2474 1325 2534 αὐτὸν
1355 2472 1521 2547 διαζεύξας,
1543 2474 1584 2531 καὶ
1598 2473 1648 2543 ἔδη-

874 2582 903 2619 σε
931 2559 975 2619 τδν
999 2556 1093 2629 Ιίτζὴν
1113 2557 1158 2617 διδ
1180 2553 1314 2637 χρήματα
1336 2555 1526 2632 ψευσάμενον,
1550 2552 1592 2623 τήν
1614 2551 1647 2609 λε’·

873 2661 943 2719 πραν
958 2641 1029 2718 αὐτῷ
1041 2637 1220 2716 ἀρασάμενος·
1233 2634 1315 2692 ἔλυσε
1327 2633 1441 2705 Δανιὴλ
1457 2638 1507 2692 τοῦ
1525 2633 1643 2710 bederga·

873 2717 980 2799 δονόσορ
995 2717 1025 2777 rh
1040 2716 1167 2789 ἐνύπνιον,
1180 2716 1227 2774 καί
1244 2712 1330 2784 ἔδησε
1344 2722 1449 2793 χεῖρας
1463 2711 1578 2791 ξιφήρεις
1588 2713 1643 2770 λα).-

873 2796 954 2858 δαίων
973 2800 1032 2856 κατ’
1053 2797 1140 2857 αὐτῶν
1155 2792 1363 2870 ὁπλισαμίνας·
1376 2792 1428 2850 καί
1443 2791 1525 2851 ἔλυσε
1543 2791 1582 2850 τὸν
1597 2787 1642 2846 ixii

873 2881 925 2937 τῶν
940 2875 1065 2947 εἰδώλων,
1079 2875 1124 2933 τὸν
1138 2873 1196 2946 Βὴλ
1208 2871 1409 2968 καταστρέψας
1418 2870 1524 2930 καλτδν
1537 2868 1643 2949 δράσοντα

874 2956 991 3029 κτείνας,
1000 2955 1045 3014 καί
1055 2955 1132 3024 ἔδησε
1142 2952 1264 3029 στόματα
1275 2953 1402 3010 λεοντων
1413 2947 1642 3047 αίμώίρωνῖίζδη·

874 3057 923 3094 σαν
940 3036 987 3095 καί
1002 3039 1027 3094 ol
1044 3041 1114 3114 τρεῖς
1132 3033 1226 3099 παῖδες
1244 3037 1292 3089 τοῦ
1310 3031 1400 3108 πυρὸς
1426 3029 1481 3099 τήν
1496 3029 1596 3104 δοναμιν
1614 3027 1643 3103 μή

874 3114 979 3181 καέντες
992 3117 1036 3173 ὑπ’
1047 3117 1142 3185 αὐτοῦ,
1153 3112 1200 3171 καὶ
1212 3109 1314 3169 ε’λυσαν
1326 3114 1377 3169 τῶ
1394 3107 1533 3186 βασιλέως
1541 3109 1569 3165 τὸ
1577 3104 1643 3181 δόγμα

874 3193 921 3266 τὴν
938 3194 1025 3253 εἰκόνα
1038 3195 1117 3251 αὐτοῦ
1133 3190 1170 3267 μὴ
1190 3188 1451 3270 προσκυνήσαντες.
1464 3185 1550 3269 Ὑπὲρ
1562 3184 1585 3244 δί
1596 3183 1643 3241 τοί·

874 3296 932 3339 τους
953 3272 1053 3335 πάντας
1066 3276 1081 3329 δ
1096 3271 1191 3350 Κύριος
1212 3273 1293 3344 ἡμῶν
1318 3267 1432 3337 Ἰησοῦς
1453 3268 1565 3342 Χριστὸς
1585 3263 1643 3330 ἔδησε

874 3352 919 3411 καὶ
931 3352 1029 3410 ἔλυσεν.
1045 3350 1144 3409 'bibres
1163 3347 1212 3417 τὴν
1235 3346 1341 3422 μεταξὺ
1354 3349 1440 3424 ἡμῶν
1464 3346 1512 3403 καὶ
1532 3349 1572 3402 τῶ
1590 3346 1644 3400 Θεοῦ

891 3439 1008 3509 εγονυῖαν
1024 3430 1130 3508 ἔχθραν,
1142 3427 1187 3484 καί
1201 3426 1282 3498 ἔδησε
1303 3426 1354 3483 τὸν
1374 3424 1534 3504 ἀρχέκακον
1547 3423 1604 3501 dau,
1618 3422 1642 3477 δι’

873 3456 901 3571 δν
915 3512 998 3590 ἔγθρα
1008 3497 1159 3586 γεγένηται·
1175 3506 1253 3577 ἔδησε
1265 3504 1378 3572 πάντας
1391 3494 1459 3569 vob<
1470 3501 1541 3561 κατὰ
1554 3507 1597 3559 τῶν
1610 3502 1644 3555 ἀν-

874 3578 985 3670 θρώπων
997 3586 1218 3666 στρατευομένους
1232 3582 1383 3656 δαίμονας,
1399 3584 1451 3641 καὶ
1474 3583 1550 3640 ἔλυσε
1567 3581 1644 3641 πάντας

873 3669 932 3735 τοὺς
951 3669 995 3727 ὑπ’
1017 3670 1103 3724 αὐτῶν
1124 3662 1303 3742 ὀχλουμένους
1327 3660 1508 3740 ἀνθρώπους·
1529 3662 1596 3731 ἔδησε
1609 3656 1644 3726 τήν

873 3751 932 3807 καθ’
943 3751 1019 3823 ἡμῶν
1032 3743 1209 3824 στρερομένην
1223 3740 1358 3821 ρλογίνην
1371 3741 1525 3820 ρομραίαν,
1536 3741 1577 3797 καί
1587 3738 1644 3795 ἔκυσε

872 3827 917 3885 τὸν
930 3827 973 3885 ἔπί
982 3831 1027 3884 τοῦ
1038 3830 1150 3903 σταυροῦ
1164 3820 1306 3896 δεδεμένον
1317 3821 1442 3896 λῃστὴν,
1454 3823 1494 3887 εἷς
1507 3817 1596 3899 epaphi
1606 3839 1645 3872 aa·

890 3905 992 3965 αδείσου
1014 3901 1092 3961 αὐτὸν
1107 3901 1272 3978 εἰσκομίσας·
1297 3899 1384 3970 ἔδησε
1406 3900 1458 3957 τὸν
1481 3895 1644 3976 ἀδελφοκτόνον

872 3931 939 4044 ltalia
951 3982 1058 4062 τρόμοις
1074 3982 1151 4040 αθτδν
1166 3977 1343 4050 συνειλήσας,
1361 3979 1413 4036 καὶ
1430 3977 1509 4037 ἔλυσε
1524 3983 1566 4034 τοῦ
1576 3996 1645 4050 παρτ·

872 4066 978 4123 toruos
1004 4062 1064 4128 τοὺς
1092 4059 1205 4140 τρόμους
1227 4057 1262 4115 τὰ
1290 4056 1366 4131 με’λη
1395 4061 1482 4115 αὐτοῦ
1511 4054 1645 4133 διορθώσας·

872 4141 949 4201 ίλυσε
967 4142 1011 4200 τδν
1024 4137 1119 4199 Ἰσαδκ
1139 4139 1189 4197 ὑπὸ
1210 4141 1256 4193 τοῦ
1280 4134 1417 4214 ’Λόραδιμ
1432 4132 1645 4212 συμποδισθίνττ.

871 4222 917 4280 καί
932 4222 1022 4292 ἔδησεν
1034 4241 1082 4278 αντ
1103 4239 1181 4276 aurea
1195 4215 1268 4296 κριδν
1287 4215 1317 4271 ἐν
1334 4219 1417 4294 φυτῷ
1441 4214 1536 4273 Σαόὲκ
1556 4209 1646 4287 usqi

872 4323 963 4378 μενον·
986 4299 1065 4367 ἔδησε
1085 4296 1130 4354 τὸν
1153 4295 1253 4355 Ἰούδαν
1279 4293 1406 4372 ἀργύρια
1429 4296 1594 4372 φιλήσαντα,
1612 4286 1647 4344 καὶ

872 4380 949 4438 ίλυσε
961 4378 1005 4437 τδν
1018 4372 1197 4454 ἀρχιτελόννην
1210 4376 1354 4450 Ζακχαῐον
1380 4371 1420 4432 ch
1441 4375 1568 4453 χρήματα
1585 4369 1647 4425 αὐτοῦ

871 4468 925 4524 τοῖς
949 4458 1045 4526 πένησι
1073 4452 1256 4512 διαδώσαντα·
1297 4450 1383 4522 ἔδησε
1414 4453 1481 4517 τοὺς
1506 4445 1645 4509 ’ίονδαῐιοδς

871 4537 975 4617 γοίρους
987 4544 1042 4600 τοῖς
1057 4532 1179 4610 δαίμοσιν
1192 4527 1355 4608 ἐπιτρέψας,
1368 4530 1423 4588 καὶ
1437 4530 1520 4590 ἔλυσε
1532 4530 1576 4598 τήν
1588 4528 1645 4582 δεδε-

874 4606 954 4691 μένην
964 4616 1020 4673 όνον
1028 4610 1077 4672 καί
1091 4612 1135 4670 τὸν
1150 4612 1250 4681 πῶλον,
1272 4607 1338 4674 τούς
1355 4610 1491 4686 μαθητὰς
1508 4614 1581 4667 αὐτοί
1593 4604 1648 4678 πέμ·

872 4698 937 4844 ρας·
958 4695 1036 4766 ἔδησε
1052 4689 1101 4762 τήν
1117 4689 1276 4827 πικρυρόρον
1300 4693 1406 4759 συκῆν,
1427 4689 1481 4756 τὰς
1501 4688 1569 4767 ῥίζας
1583 4685 1647 4748 αὐτῇς

886 4774 1002 4855 ηράνας,
1024 4771 1070 4830 καί
1090 4768 1166 4830 ἔλυσε
1184 4791 1232 4839 api
1248 4766 1467 4843 συγκύπτουσαν
1484 4773 1604 4845 γυναῖκα,
1617 4764 1645 4818 εἰ·

875 4853 961 4936 ρηκὼς
986 4853 1070 4928 αὐτῇ,
1095 4849 1213 4929 Θάρσει,
1241 4845 1380 4924 θύγατερ,
1404 4848 1525 4906 λέλυσαι
1546 4842 1594 4902 ἀπὸ
1612 4845 1647 4907 τῆς

873 4931 1006 4996 ἀσθενείας
1032 4953 1087 4989 σου.
1111 4927 1208 4987 'Etru
1233 4925 1341 5002 Πέτρον
1366 4926 1515 5004 δεδεμένον
1544 4922 1647 4981 ἁλύσεσι,

872 5012 918 5071 καὶ
941 5010 1018 5082 ἔδησε
1037 5009 1082 5068 τδν
1139 5004 1257 5064 νοκτόνον
1281 5002 1419 5083 Ἡρώδην
1446 5006 1482 5062 rh
1502 5004 1568 5079 μέλη
1585 5001 1647 5056 αὐτοῦ

872 5102 925 5158 τοῖς
951 5087 1081 5157 σκώληξιν
1105 5029 1259 5153 ἔδειλήσας·
1289 5082 1449 5161 ἐστερέωσε
1480 5084 1528 5153 τὴν
1554 5080 1593 5138 tra
1611 5099 1647 5144 τη·

874 5180 981 5249 στερεᾶς
995 5166 1094 5244 πέτρας
1107 5166 1316 5239 θεμελιιοθεῑσαν
1332 5162 1479 5242 ὀρθόδοξον
1495 5161 1645 5226 Ἐκκλητοι,

874 5250 919 5309 καὶ
933 5245 1113 5315 ουνέλυσετὴν
1130 5243 1172 5303 ἐπὶ
1183 5245 1231 5313 τῆς
1248 5242 1370 5300 ἀστάτου
1389 5242 1509 5320 ψάμμον
1528 5239 1645 5309 οἰκοῖτο,-
