3728 5978
245 421 316 495 560

247 574 399 650 sangariuis
412 569 494 627 Abel
500 571 606 649 fratris
618 571 662 626 tui
674 568 787 626 clamat
808 568 849 625 ad
868 587 922 636 me,
946 565 989 624 in-

246 662 318 740 quit,
339 683 373 721 an
387 664 410 723 is
424 663 471 741 qui
495 661 575 722 vivus
589 659 720 718 tremebat
735 657 922 736 timebatque?
937 657 988 716 llic

244 755 326 827 enim,
338 754 383 815 bic
398 754 494 833 quovis
506 767 611 812 mortuo
620 751 800 811 miserabilior
809 763 874 809 erat.
888 748 988 811 Viden'

243 847 318 926 quod
343 848 440 922 melius
464 847 500 906 sit
515 845 614 926 injuria
637 843 722 916 allici,
738 843 817 919 etiam
838 841 874 901 ad
887 841 987 901 cadent

244 936 351 1014 usque?
363 936 443 995 Disce
451 933 587 1014 quomodo
612 935 689 1014 pejus
705 931 741 991 sit
755 931 854 1011 injuria
868 931 985 1007 allicere,

243 1028 348 1088 etiamsi
365 1028 498 1107 usquead
512 1027 670 1108 sangninem
680 1026 741 1105 quis
752 1025 906 1106 prevaleat.
922 1027 988 1083 Pcr-

243 1121 328 1180 cussit
350 1134 376 1179 et
396 1120 544 1201 prostravit
562 1119 671 1177 fratrem
690 1137 771 1176 suum
794 1116 855 1194 ille,
874 1115 921 1173 sed
943 1115 988 1174 ille

215 1251 217 1256 -
245 1210 355 1290 quidem
365 1211 553 1284 coronabatur,
566 1210 612 1269 hic
622 1223 715 1269 contra
725 1207 904 1289 puniebatur:
921 1227 988 1287 pra·

588 445 617 491 S.
646 442 786 491 toanuts
811 442 993 491 cuutsost.
1022 444 1178 493 ARCHIEP·
1206 447 1476 497 consuunrlttoe.

1042 590 1088 626 πει
1101 567 1129 628 δι’
1139 592 1145 605 ·
1157 568 1267 650 ἔσφαξεν
1279 575 1292 630 ὁ
1303 570 1381 643 Κάϊν,
1395 569 1498 650 ἐσφάγη
1511 574 1526 630 ό
1541 567 1639 629 'Abale
1654 567 1696 636 τίς
1705 557 1748 627 οῦν
1763 559 1808 640 lvi

1042 659 1144 742 νεκρός;
1155 661 1191 722 Ὁ
1202 662 1271 740 μετὰ
1285 663 1329 722 τὸν
1341 662 1453 722 θάνατον
1469 665 1548 741 βοῶν·
1562 659 1654 733 Φωνὴ
1669 658 1733 740 γάρ,
1745 662 1809 740 μησὶ,

1041 756 1088 811 τοῦ
1100 751 1211 830 αἵματος
1226 751 1306 813 'adet
1316 759 1361 814 τοῦ
1377 755 1488 834 ἀδελφοῦ
1508 777 1555 813 σου
1577 756 1631 833 βοᾷ
1645 751 1713 833 πρός
1724 776 1769 829 με·
1778 752 1809 823 li

1042 847 1069 903 έν
1090 848 1128 924 τῷ
1148 849 1195 925 ζῇν
1212 846 1316 926 τρέμων
1332 845 1379 906 καὶ
1392 844 1533 918 δεδοικώς,
1549 837 1640 912 Οὗτος
1661 842 1730 924 γάρ,
1751 835 1811 913 oisc<

1041 942 1134 1016 νεκροῦ
1149 937 1247 1003 παντὸς
1263 937 1433 1017 ἐλεεινότερος
1453 929 1496 1010 ἦν.
1512 929 1591 1005 Εἶδες
1605 941 1665 1003 πῶς
1681 936 1811 1015 βελτιουτδ

1042 1030 1201 1105 ἀδικεῖσθαι,
1223 1033 1272 1091 κάν
1293 1030 1373 1111 μέχρι
1389 1031 1467 1110 φόνου
1487 1053 1528 1096 τις
1546 1033 1643 1109 χωρῇς
1669 1027 1749 1088 Mitte
1768 1034 1812 1096 ab<

1041 1130 1130 1200 χεῖρον
1153 1123 1183 1181 τὸ
1203 1125 1311 1194 ἀδικεῖν,
1329 1123 1377 1181 κᾶν
1400 1119 1493 1201 μέχρις
1515 1119 1631 1199 αἵματός
1654 1144 1698 1187 τις
1719 1119 1811 1200 ἰσχύσῃ.

1042 1211 1162 1286 Ἔπληξε
1179 1214 1225 1273 καί
1239 1213 1370 1276 κατέὸαλε
1389 1214 1433 1272 τὸν
1456 1213 1568 1293 ἀδελφὸν
1592 1216 1710 1286 ἐκεῖνος,
1732 1212 1785 1270 ἀλλ’
1801 1217 1812 1271 ί

245 1318 286 1364 ter
299 1306 342 1386 jus
355 1303 457 1364 occisus
470 1318 496 1363 et
503 1303 645 1385 jugulatus
656 1316 696 1362 est
709 1301 776 1360 Abel
780 1325 789 1377 ς
808 1299 856 1359 sed
871 1299 917 1358 itte
931 1321 987 1358 mo-
1005 1313 1025 1360 1)
1043 1305 1092 1384 μὲν
1102 1308 1287 1386 ἐστεφανοῦτο,
1301 1305 1354 1366 όδέ
1365 1306 1518 1374 ἐκολάζετο·
1530 1305 1651 1384 ἀνῃρέθη
1663 1303 1713 1363 καὶ
1723 1304 1811 1384 ἐσφάγη

166 1458 168 1463 ,
241 1396 314 1462 tiens
335 1396 488 1469 accusabat,
515 1393 663 1468 occidebat,
687 1407 714 1453 et
728 1391 986 1473 comprehcndcbat3

243 1487 397 1549 illevivens
420 1489 535 1564 tacebat,
552 1487 656 1570 pudore
666 1487 845 1560 alliciebatur,
868 1505 989 1566 compre-

242 1581 433 1641 hendebatur:
452 1596 479 1640 et
489 1595 581 1641 contra
592 1601 672 1660 quam
686 1579 795 1640 volebat
814 1599 856 1637 res
879 1575 986 1637 cecidit.

243 1674 425 1734 lnterficiebat
437 1674 520 1752 euim,
537 1673 599 1752 quia
621 1672 699 1731 illum
717 1671 846 1730 dilectum
867 1668 987 1749 videbat,

245 1782 404 1849 exspectans
433 1767 513 1826 illum
526 1789 553 1828 .a
578 1765 722 1824 dilectione
741 1763 896 1845 depellere:
911 1764 989 1823 auxit

247 1859 336 1940 magis
343 1860 524 1935 dilectionem,
540 1872 566 1919 ct
580 1858 739 1919 morientem
759 1859 833 1917 Deus
847 1858 933 1937 magis
948 1879 989 1916 re·

96 1947 187 1992 mutu
196 1960 221 2009 9·
246 1953 382 2033 quirebat,
391 1952 560 2013 cumdiceret
569 1977 581 2010 :r
591 1956 647 2013 Ubi
656 1966 699 2012 est
707 1953 738 2012 A
741 1952 788 2010 bel
795 1953 893 2032 frater
901 1957 990 2010 tuns?

246 2048 307 2106 Non
321 2045 393 2105 euim
407 2068 523 2106 amorem
543 2067 591 2126 per
607 2043 738 2104 invidiam
759 2044 921 2119 exstinxisti,
942 2043 989 2103 sed

247 2140 336 2220 potius
345 2139 484 2198 incendisti
501 2162 508 2195 ε
523 2159 575 2197 non
589 2160 622 2198 ex
634 2137 705 2197 caede
715 2138 844 2198 honorem
857 2137 988 2212 minuisti,

1042 1398 1118 1479 παρὰ
1130 1400 1161 1459 τὸ
1175 1399 1276 1459 δίκαιον
1292 1403 1305 1458 δ
1319 1397 1413 1472 'ribah
1433 1399 1493 1458 ἀλλ’
1510 1402 1525 1457 ί
1543 1396 1594 1476 μὲν
1616 1398 1751 1455 τελευτῶν
1770 1419 1810 1454 κα-

1043 1497 1149 1572 τηγόρει
1163 1492 1210 1551 καὶ
1223 1490 1336 1572 Ι’ἀνῄρει
1348 1492 1394 1551 καί
1407 1494 1556 1571 ἐχειροῦτο·
1571 1495 1587 1549 δ
1599 1487 1628 1546 δέ
1641 1488 1693 1547 καί
1708 1491 1758 1556 ζῶν
1769 1488 1812 1548 ἐοί-

1043 1607 1078 1664 γα
1091 1584 1136 1643 καί
1145 1583 1274 1664 ᾐσχύνετο
1293 1584 1339 1643 καί
1354 1583 1495 1655 ἡλίσκετο,
1509 1582 1556 1641 καί
1571 1579 1732 1641 τούναντίον
1744 1570 1812 1660 ούπιφ

1042 1676 1120 1748 ἤθελε
1133 1675 1334 1743 κατεσκεύαζεν.
1343 1675 1446 1756 Ἀνῄρει
1456 1675 1519 1755 γάρ,
1532 1672 1629 1744 ἐπειδὴ
1645 1670 1812 1752 ἀγαπώμενον

1044 1759 1111 1839 εἶδε,
1133 1769 1287 1848 προσδοκῶν
1310 1766 1355 1826 καί
1377 1772 1424 1839 τῆς
1448 1766 1554 1845 ἀγάπης
1571 1764 1719 1824 ἐκῦάλλειν
1734 1762 1812 1822 αὐτόν·

1044 1857 1159 1918 ἐπέτεινε
1185 1859 1211 1919 δέ
1232 1858 1262 1917 τὸ
1281 1857 1387 1940 φίλτρον
1413 1856 1554 1937 μειζόνως,
1581 1856 1630 1915 καὶ
1658 1853 1813 1914 ἀποδανύιτα

1044 1956 1145 2032 μᾶλλον
1171 1959 1185 2014 ό
1213 1955 1280 2022 Θεὸς
1300 1956 1378 2015 αὐτὸν
1399 1953 1536 2026 ἐπεζήτει,
1553 1953 1616 2011 Ποῦ
1630 1953 1711 2010 ἐστιν
1720 1949 1812 2009 'utut

1045 2047 1154 2126 ἀδελφός
1176 2072 1235 2117 σου,
1257 2045 1350 2127 λέγων.
1372 2050 1413 2106 Ού
1425 2045 1476 2126 γάρ
1490 2045 1602 2111 ἔσῦεσας
1620 2043 1670 2103 τὸν
1687 2044 1812 2120 robertis

1043 2130 1146 2221 φθόνῳ,
1159 2141 1218 2198 ἀλλ’
1232 2141 1335 2218 ἀνῆψας
1346 2141 1461 2216 μᾶλλον·
1474 2143 1522 2196 οὐκ
1532 2135 1701 2208 ἠλάττωσας
1718 2132 1765 2206 την
1781 2157 1812 2191 τι-

245 2231 498 2290 scdauxisti.Antea
508 2232 577 2289 enim
587 2231 666 2290 illum
675 2231 725 2289 tibi
733 2227 890 2289 subdiderat
905 2230 988 2304 Deus,
1005 2243 1024 2290 n
1044 2230 1097 2309 μὴν
1110 2255 1143 2311 τη
1160 2236 1263 2311 σφαγῇ,
1274 2233 1332 2290 ἀλλ’
1344 2230 1478 2296 ἐπέτεινας
1488 2228 1578 2289 πλέον.
1597 2228 1660 2308 Πρὸ
1671 2227 1763 2287 τούτου
1772 2224 1811 2302 μὲν

246 2336 390 2403 postquam
402 2345 466 2383 vero
478 2323 556 2381 illum
567 2322 701 2399 occidisti,
714 2321 796 2380 etiam
811 2335 933 2379 mortuus
943 2320 989 2378 ille

245 2427 273 2473 te
286 2414 428 2473 ulciscetur
445 2439 451 2470 ι
468 2428 541 2472 tanta
559 2429 599 2472 cst
618 2436 676 2472 mea
699 2434 760 2492 erga
775 2412 853 2471 illum
869 2410 988 2471 dilectio.

247 2509 317 2566 Uter
331 2527 394 2586 ergo
408 2506 550 2565 damnatus
566 2518 615 2575 cst,
629 2504 677 2585 qui
691 2504 811 2585 punivit,
826 2524 859 2562 an
874 2505 920 2583 qui
931 2525 986 2584 pu-

248 2598 322 2658 nitus
334 2598 392 2657 est?
402 2599 448 2678 qui
461 2611 565 2657 tautum
579 2598 662 2656 aDeo
682 2597 810 2656 bonorem
828 2609 988 2673 assequutus

246 2704 296 2767 cst,
312 2711 345 2750 an
360 2690 407 2768 qui
421 2709 490 2750 novo
506 2689 614 2749 cuidam
624 2703 650 2748 et
662 2689 841 2770 inexspectato
854 2687 989 2769 supplicio

247 2783 364 2843 traditus
379 2784 435 2842 cst?
457 2783 549 2857 lllum,
563 2783 662 2861 inquit,
683 2782 778 2843 viuum
790 2803 842 2841 non
855 2782 969 2841 timuisti
977 2807 987 2859 ς

245 2896 311 2956 ergo
320 2875 386 2934 nme
398 2890 535 2934 mortuum
544 2895 610 2934 :uon
622 2875 780 2935 inhormisti
795 2873 919 2955 gladium
934 2875 987 2934 irn-

247 2980 375 3049 pacturus
382 2990 391 3043 5
401 2981 517 3025 tremore
525 2980 654 3048 perpetuo
668 2966 832 3047 corripieris,
845 2981 990 3047 postquam

246 3059 405 3138 sanguinem
414 3058 533 3118 effudisti
546 3083 553 3115 :
564 3059 659 3119 niveus
672 3081 766 3119 servus
779 3073 842 3119 tuus
855 3062 989 3140 erat3jam

246 3150 400 3213 tremendus
415 3150 466 3210 tibi
477 3150 603 3209 dominus
614 3150 723 3210 effectus
736 3164 784 3211 est.
797 3151 860 3210 Haec
872 3173 935 3231 ergo
947 3174 990 3213 co.

1043 2323 1094 2404 γάρ
1108 2345 1149 2384 σοι
1163 2323 1208 2382 καί
1222 2323 1345 2393 ὑπέταξεν
1359 2322 1435 2382 αὐτὸν
1450 2327 1464 2381 b
1477 2321 1559 2389 Θεός·
1586 2319 1685 2392 ἐπειδὴ
1700 2318 1728 2378 δὲ
1743 2317 1810 2377 arisbe

1044 2417 1157 2488 ἀνεῖλες,
1171 2415 1217 2475 καί
1230 2413 1423 2488 τετελευτηκώς
1437 2438 1466 2473 σε
1479 2412 1687 2492 τιμωρήσεται·
1701 2416 1811 2470 τοσοῦτον

1043 2506 1102 2586 ἐμοὶ
1116 2511 1179 2589 παρ’
1194 2509 1272 2566 αὐτοῦ
1285 2507 1316 2567 τδ
1332 2506 1448 2588 φίλτρον.
1467 2506 1517 2574 Τίς
1531 2497 1576 2565 οῦν
1592 2497 1624 2578 ἦν
1642 2510 1657 2564 δ
1672 2504 1811 2562 καταδικα-

1044 2599 1128 2673 σθείς,
1142 2605 1156 2659 ί
1174 2600 1303 2672 κολάζων,
1319 2598 1336 2670 ἢ
1350 2604 1365 2659 ὁ
1377 2599 1561 2677 κολαζόμενοςς
1575 2602 1592 2657 b
1605 2596 1740 2669 τοσαύτης
1750 2597 1811 2654 ἀπο·

1043 2690 1131 2751 λαύων
1145 2692 1218 2772 παρά
1227 2695 1266 2771 τῷ
1280 2694 1342 2771 Θεῷ
1353 2696 1446 2769 τιμῆς,
1459 2689 1476 2762 ἢ
1490 2695 1504 2749 ί
1518 2695 1597 2769 καινῇ
1609 2713 1665 2749 τινι
1677 2687 1722 2748 καί
1736 2708 1813 2765 παφα·

1044 2784 1109 2865 δόξιρ
1119 2784 1252 2863 διδόμενος
1262 2782 1392 2863 τιμωρίᾳη
1409 2784 1468 2843 Οὐκ
1482 2782 1614 2862 ἐφούήθης
1629 2781 1715 2845 αὐτόν
1725 2783 1813 2849 ζῶντα,

1044 2875 1141 2958 φησίν·
1161 2878 1251 2936 οὐκοῦν
1268 2874 1399 2956 φοῦήθητι
1416 2875 1623 2947 τελευτήσαντα·
1645 2875 1695 2932 οῦκ
1713 2871 1813 2948 ἐτριμεε

1044 2969 1148 3047 μέλλων
1169 2966 1275 3047 ἐπάγειν
1289 2971 1320 3028 τὸ
1334 2968 1416 3049 ξίφος·
1436 2966 1559 3046 ληφθήσῃ
1583 2964 1680 3045 τρόμῳ
1702 2961 1814 3041 pretet

1044 3061 1136 3141 ἐκχέαι
1148 3060 1180 3120 sb
1190 3052 1257 3138 αἷμα
1268 3061 1399 3133 διηνεκεῖ·
1413 3063 1465 3129 ζῶν
1480 3082 1520 3119 σοι
1542 3059 1632 3124 δοῦλος
1647 3047 1692 3128 ἦν,
1706 3053 1754 3114 καί
1772 3055 1815 3111 oia

1043 3153 1162 3234 ἠνείχου·
1183 3151 1227 3211 διὰ
1239 3157 1316 3212 τοῦτο
1326 3152 1498 3224 τελευτήσας,
1518 3150 1650 3222 δεσπότης
1666 3172 1709 3208 σοι
1729 3144 1815 3224 γέγονε

247 3245 373 3325 gitantes,
393 3243 496 3321 dilecti,
511 3243 647 3324 fugiamus
667 3242 809 3318 invidiam,
832 3245 989 3325 exstingue·
998 3292 1033 3331 5„
1044 3245 1161 3325 φοόερός.
1176 3248 1259 3304 Ταῦτ’
1274 3235 1318 3303 οῦν
1335 3246 1515 3316 θέννοοῦντες,
1531 3241 1683 3319 ἀγαπητοί,
1696 3239 1815 3320 φύγωμεν

248 3360 309 3399 mus
330 3337 475 3413 malitiam,
487 3338 625 3397 caritatem
648 3351 743 3396 mutuo
754 3338 941 3413 retribuentes,
960 3355 990 3399 ut
1007 3351 1027 3393 n
1044 3338 1145 3418 φθόνον,
1158 3336 1295 3414 σόέσωμεν
1309 3336 1414 3410 κακίαν,
1429 3335 1534 3413 ἀγάπην
1549 3334 1726 3398 ἀντιδιδόντες
1741 3328 1817 3400 ἀλλά·

247 3432 318 3491 bona
333 3431 407 3489 illius
421 3430 606 3510 decerpamus,
618 3443 644 3488 et
654 3431 681 3489 in
690 3430 814 3511 praesenti
827 3444 852 3488 et
861 3430 888 3488 in
899 3432 991 3490 sutura

248 3523 316 3596 vita,
330 3523 415 3602 gratia
425 3535 451 3580 et
459 3520 623 3601 benignitate
629 3521 831 3581 Domininostri
838 3525 902 3583 Jesu
912 3524 991 3582 Chri-

249 3614 293 3685 sti,
309 3614 352 3673 cui
366 3612 452 3694 gloria
472 3627 498 3672 ct
512 3613 657 3694 imperium
666 3613 694 3673 in
708 3613 805 3673 saecula
820 3613 990 3674 seculorum.

249 3716 345 3772 Amen.

1044 3434 1114 3501 λοις,
1137 3428 1181 3489 ἵνα
1198 3429 1231 3488 'cd
1248 3432 1277 3488 ἐκ
1291 3429 1389 3501 ταύτης
1410 3426 1614 3506 καρπωσώμεθα
1641 3424 1752 3503 ἀγαθά,
1776 3420 1818 3480 καί

1045 3521 1115 3582 κατά
1123 3521 1166 3582 τὸν
1177 3520 1295 3602 παρόντα
1307 3521 1373 3601 βίον,
1382 3522 1427 3580 καί
1437 3519 1506 3580 κατὰ
1517 3520 1566 3591 τὴν
1578 3518 1730 3597 μέλλουσαν
1742 3513 1819 3586 ζωὴν,

1045 3613 1137 3696 χάριτι
1160 3613 1206 3674 καί
1230 3611 1413 3695 φιλανθρωπίᾳ
1434 3618 1479 3672 τοῦ
1506 3612 1606 3691 Κυρίου
1630 3613 1710 3688 ἡμῶν
1734 3610 1820 3679 Ἰησοῦ

1047 3711 1179 3789 Χριστοῦ,
1196 3696 1219 3786 ᾧ
1232 3709 1249 3777 ἡ
1261 3705 1321 3773 δόξα
1332 3707 1378 3793 καί
1388 3704 1418 3764 τύ
1429 3704 1523 3785 κράτος
1535 3707 1572 3771 εἰς
1581 3702 1641 3770 τοῦς
1657 3705 1759 3768 αἰῶνας
1771 3701 1820 3758 τῶν

1047 3800 1159 3860 αἰώνων.
1170 3797 1262 3877 Ἀμήν.

284 3997 372 4048 buce.
386 4004 424 4051 καί
437 4007 499 4067 ᾕρει,
520 4002 691 4067 καίἐχιιροῦτο.
709 3995 749 4061 [Α.
771 3993 868 4044 omittit
890 3990 957 4056 brec,
972 3997 1010 4043 καί
1090 3988 1201 4053 ⁸[d.et
1214 4002 1294 4053 marg.
1307 3982 1385 4036 Savil.
1399 3986 1503 4051 εἰδότες]

513 4377 673 4436 ΙίΟΜίΙᾸΑ
686 4372 740 4434 ΙΧ.

251 4564 319 4625 Car.
333 4564 383 4625 lv.
398 4583 428 4623 ν.
438 4561 560 4623 naiton
571 4567 762 4642 scriptumest
772 4576 994 4642 autempropter

1323 4338 1478 4428 ‘ouium
1499 4366 1531 4427 ι’.

1044 4557 1102 4614 Ούκ
1115 4554 1216 4636 ἐγράφη
1240 4554 1267 4616 δέ
1290 4556 1323 4614 δι’
1341 4555 1418 4614 αύτδν
1440 4553 1528 4631 μόνον,
1549 4555 1589 4614 ότι
1605 4555 1730 4634 ἐλογίσθη
1752 4526 1820 4636 αὐτῷ

197 4659 202 4675 “
290 4658 507 4727 illumtuntnm,
525 4659 595 4737 qnia
606 4667 771 4734 reputatum
788 4669 829 4714 est
838 4656 884 4713 illi
895 4657 993 4735 adju·
1012 4666 1029 4710 o
1085 4649 1121 4713 εἰς
1132 4648 1307 4720 δικαιοσύνην·
1324 4646 1391 4707 ἀλλά
1402 4648 1446 4708 καί
1457 4651 1490 4708 δι’
1501 4654 1581 4726 ἡμᾶς,
1595 4640 1632 4716 οἷς
1644 4650 1738 4726 μέλλει
1752 4648 1819 4728 λογί-

224 4796 227 4802 ,
281 4755 403 4815 ‚stiriam
411 4775 423 4820 ;
437 4750 485 4809 bl.
499 4749 552 4807 sed
572 4752 661 4806 etiam
679 4761 796 4828 propter
807 4769 870 4820 nos,
887 4751 993 4827 qrtibus

293 4848 486 4926 reputabitur,
504 4844 687 4902 credentibus
703 4846 823 4913 inerim,
838 4846 890 4922 qni
905 4846 993 4901 susci-

293 4944 368 4998 tavit
387 4941 489 4998 Iesum
501 4939 661 4996 Dominum
682 4950 812 4995 nostrum
827 4958 847 4994 a
860 4940 991 4996 mortuis

291 5128 320 5184 1.
337 5128 482 5204 Postquam
491 5124 576 5184 multa
587 5145 736 5206 magnaque
744 5123 778 5182 dc
790 5123 942 5183 Abrahamo
951 5122 993 5182 di·

1085 4743 1189 4812 ζεσθαι,
1202 4749 1256 4808 τοῖς
1268 4740 1434 4801 πιστεύουσιν
1444 4742 1489 4800 eut
1502 4742 1546 4801 τὸν
1559 4741 1702 4821 ἐγείραντα
1717 4742 1817 4815 Ἰησοῦν

1051 4860 1055 4865 ·
1085 4833 1130 4891 τὸν
1145 4834 1239 4914 Κύριον
1254 4839 1329 4913 ἡμῶν
1343 4837 1373 4894 ἐκ
1385 4840 1493 4914 νεκρῶν.

1085 5127 1178 5187 Πολλά
1200 5127 1245 5188 καὶ
1266 5129 1369 5210 μεγάλα
1383 5128 1444 5209 περὶ
1466 5133 1513 5187 τοῦ
1528 5127 1650 5208 Ἆὸραάμ
1666 5129 1760 5205 εἰπὼν,
1775 5131 1817 5190 καὶ

252 5232 338 5290 xerat,
354 5239 454 5279 necnon
470 5217 505 5278 de
518 5216 573 5277 fide
588 5218 657 5298 ejus,
670 5217 706 5277 de
713 5214 819 5298 justitia
839 5214 925 5294 dequo
943 5215 992 5275 ho·
1044 5221 1106 5303 περὶ
1119 5226 1167 5295 τῆς
1180 5221 1294 5290 πίστεως
1307 5225 1388 5282 αὐτοῦ
1406 5221 1452 5281 καί
1466 5225 1514 5295 τῆς
1528 5221 1697 5297 δικαιοσύνης
1712 5224 1758 5283 καί
1773 5228 1816 5295 τῆς
