3728 5978
529 130 562 177 m
590 128 710 185 rrrsr„
728 127 774 174 nu
800 125 883 173 non.
912 122 1030 171 ιιονιιι.
1059 123 1132 172 xiv.
1499 103 1503 114 '
1559 96 1633 194 639

59 255 153 316 λαύὼν
168 255 277 335 Πατέρα
299 257 374 314 καλεῖ
390 256 434 315 τὸν
454 253 535 327 Θεὸν,
554 253 606 313 ὑπὸ
618 255 664 310 τοῦ
679 249 835 330 Πνεύματος
889 246 921 320 is,
930 245 978 323 qui
991 244 1096 328 accepit
1108 266 1181 325 eum,
1197 245 1305 305 Patrem
1319 256 1396 306 vocat
1409 243 1507 322 Deum,
1519 264 1534 303 a
1545 243 1631 325 Spiri-

58 346 224 426 κινούμενος.
238 354 250 381 ·
262 346 296 407 Ὁ
318 346 347 406 δὲ
377 346 534 426 βουλόμενος
559 342 641 412 δεῖξαι
658 334 836 422 γόησιόπητα,
889 337 945 395 ritu
958 350 1056 396 motus.
1068 336 1120 396 Hic
1130 357 1195 397 vero
1206 349 1239 397 ut
1250 336 1397 417 genuinum
1408 333 1634 412 esseostenderet,

57 440 109 499 καλ
122 445 156 511 τῆ
173 442 226 497 τῶν
237 436 371 516 Ἐὑραίων
383 437 515 517 ἐχρήσατο
527 434 653 516 γλώσσῃ·
668 436 698 496 οὑ
712 434 764 514 γὰρ
779 424 836 494 εἶπε
890 426 1023 488 Hebraico
1033 448 1103 493 usus,
1112 439 1152 486 est
1165 426 1257 508 lingua
1266 451 1273 485 ι
1283 449 1337 488 nou
1349 427 1421 487 euim
1434 440 1541 488 tantum
1551 425 1634 501 dixit,

57 529 152 608 μόνον,
164 529 295 612 illue-lp,
304 529 480 601 ἀλλ’,Ἀόόᾶό
490 527 597 610 Πατλρ,
604 527 671 607 ὅπερ
678 527 838 588 τῶνπαίδυν
891 523 983 597 Pater,
991 520 1050 590 scd,
1058 521 1149 580 Abba
1159 522 1263 595 Pater,
1276 520 1467 600 quodverhuur
1480 541 1497 579 a
1510 519 1635 600 genuinis

59 622 184 698 μα’λιστοί
197 625 254 682 ἐστι
264 627 316 680 τῶν
332 621 448 701 γνησίων
458 621 524 701 πρὸς
534 620 637 700 πατέρα
648 625 731 700 ῥῆμα.
745 616 839 679 Εἰπὼν
892 611 957 671 filiis
965 610 1186 692 dicitur,patrcm
1197 611 1363 671 vocantibus.
1374 609 1641 692 Cumdixissctergo.
1655 670 1658 675 .

58 716 150 776 τοίνυν
164 715 211 788 τὴν
225 716 278 776 ἀπὸ
292 718 341 785 τῆς
351 714 485 782 πολιτείας
500 714 635 793 διαρορδν,
648 715 697 786 τὴν
719 713 772 772 ἀπὸ
790 716 839 783 τῆς
892 704 1070 765 differentiam
1080 726 1139 783 qum
1152 705 1317 764 exiustituto
1326 703 1399 777 vitae,
1412 724 1447 762 cx
1458 702 1522 762 data
1535 703 1634 782 gratia,

58 808 174 887 χάριτος
183 812 230 879 τῆς
244 806 400 883 διδομένης,
412 805 460 879 τλν
475 806 528 866 σἰπδ
538 810 586 877 τῆς
596 804 758 884 ἐλευθερίας,
773 803 838 863 irrui·
892 819 925 856 ex
941 796 1065 856 libertate
1083 811 1122 856 est
1127 821 1136 874 ;
1150 797 1233 856 aliam
1253 797 1361 856 inducit
1382 796 1635 857 demonstrationem
1657 808 1666 819 “

59 924 106 978 γει
120 899 165 958 καί
179 899 271 979 ἑτέραν
285 898 417 968 ἀπόδειξιν
432 902 479 969 τῆς
493 901 624 978 ὑπεροχῆς
638 902 686 969 τῆς
700 895 770 956 κατὰ
788 896 836 970 ele
892 890 1055 950 excellentia
1068 884 1220 970 adoptionis
1240 890 1334 971 hujus.
1350 889 1467 962 Qualem
1478 889 1572 958 ittam?
1587 893 1635 951 16.

60 990 195 1050 υἱοθεσίαν
207 990 313 1064 ταύτην.
326 989 411 1049 Ποίαν
424 989 455 1061 δὴ
467 989 584 1063 ταύτηνς
599 989 671 1048 nuel
681 986 711 1046 τὸ
725 990 838 1065 Πνεῦμα
855 993 874 1042 c
891 983 974 1046 Idem
982 983 1118 1062 Spiritus,
1130 981 1228 1060 inquit,
1239 985 1435 1041 testimonium
1440 984 1571 1061 perhibet
1577 987 1636 1064 spi-

62 1090 249 1163 συμμαρτυρεῖ
262 1087 300 1162 τῷ
320 1081 452 1161 πνεύματι
470 1085 557 1160 ἡμῶν,
579 1081 669 1162 φησὶν,
694 1078 736 1139 ότι
759 1080 838 1157 ἐσμὲν
892 1081 962 1139 ritui
972 1091 1081 1151 nostro,
1095 1079 1176 1158 quod
1191 1080 1280 1137 simus
1293 1077 1359 1158 filii
1373 1071 1442 1135 Dei.
1459 1077 1519 1136 Nou
1533 1075 1636 1148 euima

32 1246 34 1250 Ι
60 1174 146 1232 τέκνα
159 1176 238 1235 Θεοῦ.
254 1177 295 1234 Oi
311 1173 363 1254 γδρ
376 1174 428 1232 ἀπὸ
441 1175 589 1252 τῆςφωνῆς
604 1170 773 1252 ἰσχυρίζομαι
788 1171 837 1249 μό-
891 1190 957 1228 voce
967 1169 1055 1229 solum
1066 1169 1221 1245 confirmor,
1231 1168 1331 1249 inquit,
1340 1168 1387 1229 sed
1401 1183 1427 1228 et
1437 1191 1452 1227 a
1462 1190 1572 1246 causa,a
1583 1189 1637 1249 qua

60 1289 120 1336 νον,
134 1263 223 1344 φησίν,
237 1265 306 1325 ἀλλὰ
320 1266 366 1325 καὶ
387 1265 440 1324 ἀπὸ
451 1270 500 1338 τῆς
516 1263 616 1338 αίτίας,
628 1265 673 1344 ἀρ’
686 1255 719 1336 ἧς
732 1269 750 1336 ἡ
763 1262 836 1344 puel
891 1263 949 1324 haec
959 1286 1015 1324 νοιι
1030 1264 1165 1324 nascitur:
1175 1263 1281 1344 Spiritu
1290 1264 1363 1324 enim
1380 1264 1513 1342 dictante,
1524 1264 1582 1351 hnc
1592 1263 1636 1323 di·

61 1356 201 1416 τίκτεται·
217 1362 262 1415 τοῦ
276 1355 327 1436 γὰρ
341 1355 497 1433 Πνεύματος
516 1355 738 1437 ὑπαγορεύοντος,
754 1360 838 1414 ταῦτα
892 1357 988 1416 cimus.
1009 1355 1091 1429 Quod
1110 1355 1176 1415 alibi
1197 1355 1297 1415 elarius
1311 1357 1531 1417 dicebareMisir
1554 1358 1636 1417 Deus
1649 1379 1705 1424 cat.
1717 1374 1741 1440 4,
1751 1376 1775 1425 6.
1841 1415 1847 1433 ,

62 1449 187 1528 λέγομεν.
202 1439 292 1529 Ὅπερ
314 1450 433 1527 ἀλλαχοῦ
457 1447 617 1529 σαφέστερον
632 1449 720 1518 δηλῶν
738 1446 836 1526 ἔλεγεν,
890 1446 1029 1526 Spiritum
1056 1447 1131 1505 Filii
1150 1450 1196 1505 sui
1216 1450 1248 1505 in
1267 1448 1359 1505 corda
1377 1460 1479 1507 nostra
1502 1448 1636 1509 claman-

60 1541 107 1601 ὅτι
121 1541 323 1609 Ἔξαπίστειλεν
336 1546 351 1601 ό
364 1541 431 1608 Θεὸς
444 1541 475 1600 τὸ
491 1543 601 1617 Πνεῦμα
614 1544 660 1599 τοῦ
671 1539 737 1598 Υίοῦ
758 1541 836 1598 αὑτοῦ
892 1552 961 1610 tem,
978 1541 1010 1599 Α
1012 1543 1070 1599 iba
1083 1542 1187 1601 Pater.
1197 1537 1273 1612 Quid
1283 1537 1337 1599 sibi
1348 1538 1410 1601 vult
1431 1539 1510 1615 illud,
1518 1540 1637 1622 Spiritus

62 1635 102 1701 είς
122 1632 170 1700 τὰς
184 1634 293 1714 καρδίας
310 1637 388 1711 ἡμῶν
405 1632 510 1713 κρόζον,
525 1632 596 1692 ἀύύᾶ
611 1630 743 1709 όΠατήρ.
759 1631 795 1690 Τί
809 1630 838 1691 δί
891 1648 944 1688 una
967 1651 1030 1689 cunt
1051 1630 1149 1711 spiritu
1179 1630 1311 1689 testatur?
1336 1629 1509 1707 Paracletus,
1531 1630 1636 1710 inquit,
1662 1626 1665 1637 ’

62 1729 140 1801 ἐστι,
150 1726 180 1784 τὸ
193 1729 305 1805 Πνεῦμα
318 1729 357 1806 τῷ
370 1724 503 1804 πνεύματι
517 1733 720 1805 συμμαρτυρεῖς
734 1723 769 1783 Ὁ
780 1725 838 1783 Πα-
891 1742 954 1780 cum
967 1720 1039 1782 dono
1053 1721 1130 1782 nobis
1143 1721 1224 1782 dato:
1238 1743 1291 1780 non
1302 1721 1374 1781 enim
1385 1721 1451 1781 doni
1465 1735 1571 1782 tantum
1584 1743 1638 1783 vox

64 1817 212 1893 ρόκλητος,
230 1822 307 1898 ρησλ,
320 1822 359 1899 τῷ
380 1816 530 1897 χαρίσματι
556 1821 594 1897 τῷ
619 1814 837 1897 δεδομένῳημῖν.
891 1829 941 1895 est,
959 1816 1004 1878 sed
1024 1817 1104 1877 etiam
1130 1817 1273 1890 Paracleti',
1294 1817 1341 1895 qui
1360 1816 1464 1876 donum
1477 1814 1638 1898 deditripse

61 1913 107 1969 Οὐ
120 1908 172 1990 γὺρ
185 1914 231 1969 τοὺ
242 1908 408 1990 χαρίσματός
418 1913 489 1968 ἐστιν
501 1913 518 1980 ἡ
530 1908 603 1988 φωνὴ
616 1907 704 1986 μόνον,
714 1906 838 1968 ἀλλὰκαὶ
892 1911 964 1968 enim
971 1930 1020 1990 per
1032 1909 1146 1988 gratiam
1158 1930 1207 1968 nos
1220 1909 1257 1968 ita
1269 1907 1345 1987 loqui
1355 1907 1457 1968 docuit.
1467 1909 1536 1968 Cum
1546 1923 1636 1969 autem

60 2009 112 2062 τοῦ
126 2000 214 2069 δόντος
226 2002 273 2074 την
287 2002 387 2083 δωρεδν
402 2001 594 2080 Παρακλήτου·
610 1999 686 2068 αὐτὸς
699 2000 752 2084 γὰρ
767 2006 838 2079 ἡμᾶς
855 2016 875 2063 ι)
891 2000 1011 2081 Spiritus
1021 1999 1190 2076 testificatur,
1196 2021 1254 2078 qun
1264 1998 1371 2059 taudem
1380 2000 1637 2081 ambiguitasiNam

62 2084 140 2160 οὗτος
161 2085 263 2162 ἐδίδαξε
282 2093 326 2154 διὰ
346 2102 392 2154 τοῦ
411 2092 574 2174 χαρίσματος
588 2091 657 2151 οὑτω
671 2092 836 2173 φθέγγεσθαι.
891 2094 913 2154 si
926 2095 1015 2171 homo,
1025 2107 1073 2153 aut
1086 2095 1206 2173 angelus,
1217 2107 1264 2153 aut
1273 2093 1462 2172 archangelus,
1471 2109 1518 2154 aut
1528 2093 1581 2154 alia
1594 2095 1636 2155 si-

63 2184 153 2244 Ὅταν
167 2186 194 2245 δὲ
205 2185 236 2246 τὸ
247 2188 358 2263 Πνεῦμα
373 2189 511 2266 μαρτνρῇ,
531 2183 596 2244 ποία
615 2184 707 2244 λοιπδν
720 2185 836 2265 όμριόο·
890 2185 966 2246 milis
981 2200 1097 2269 potestas
1109 2187 1161 2247 hoc
1173 2187 1352 2269 promitteret,
1366 2201 1454 2268 posset
1466 2188 1578 2249 sortasse
1586 2187 1637 2248 du-

63 2276 128 2351 λία;
147 2281 180 2338 Εἰ
202 2278 251 2356 μὲν
270 2278 322 2359 γὰρ
341 2278 491 2359 ἄνθρωπος,
504 2275 522 2347 ἢ
536 2276 659 2356 ἄγγελος,
673 2275 691 2349 ἢ
704 2279 837 2358 ἀρχόγγε-
890 2277 986 2358 bitari;
997 2278 1043 2339 sed
1058 2301 1120 2339 cum
1136 2300 1259 2360 suprema
1269 2293 1398 2360 potestas,
1412 2301 1471 2358 qun
1484 2279 1537 2338 hoc
1550 2279 1637 2360 largi-

62 2373 125 2444 λος,
140 2369 158 2443 ἢ
174 2371 241 2443 όιλλη
257 2395 297 2438 τις
313 2370 422 2442 τοιαύτη
437 2368 546 2447 δύναμις
567 2377 645 2430 τοῦτο
666 2372 820 2450 ὑπισχνεῖτο
827 2408 844 2442 ,-
891 2386 946 2447 tur,
960 2395 1009 2454 per
1022 2372 1204 2453 precationem
1217 2393 1299 2450 quam
1312 2372 1372 2430 fieri
1393 2371 1468 2452 jubet
1481 2373 1638 2433 testificetur

62 2460 116 2519 κδιν
127 2461 302 2542 ιἰμριόαλλειν
315 2454 347 2534 ἦν
362 2460 431 2528 εἰκός
443 2484 530 2528 τινας·
551 2465 599 2533 τῆς
611 2460 638 2520 δὲ
652 2462 779 2521 ἀνεστάτω
790 2463 835 2522 οὑ-
892 2464 1045 2542 nobis,quis
1054 2462 1165 2522 demum
1178 2463 1212 2522 de
1225 2463 1358 2543 dignitate
1369 2461 1555 2524 dubitaverit?
1565 2467 1639 2545 Rege

63 2552 127 2619 σίας
137 2558 185 2625 τῆς
197 2553 243 2613 καί
257 2553 448 2635 δωρησαμένης
460 2559 553 2627 τοῦτο,
566 2555 614 2614 καί
627 2554 661 2612 δι’
677 2544 714 2613 ὧν
728 2554 837 2614 ἐκίλεο-
893 2575 1008 2635 namque
1027 2554 1146 2634 aliquem
1166 2555 1292 2635 eligente,
1304 2568 1331 2613 et
1348 2554 1423 2634 apud
1442 2575 1535 2616 omnes
1547 2556 1637 2616 hono-

63 2669 112 2705 σεν
122 2645 244 2726 εὔχεσθαι
254 2646 437 2728 μαρτυρούσης
446 2651 525 2724 ἡμῖν,
534 2646 573 2713 τίς
584 2645 615 2704 ἂν
627 2645 838 2728 ᾱμρισύητύσειε
892 2667 948 2707 rem
963 2646 1140 2729 pradicante,
1153 2667 1187 2716 an
1201 2647 1262 2727 quis
1274 2668 1309 2707 ex
1322 2646 1438 2707 subditis
1457 2648 1639 2709 contradicere

63 2739 158 2798 λοιπὸν
172 2739 233 2821 περί
249 2744 297 2811 τῆς
313 2737 405 2811 όξίαςς
421 2738 491 2799 Οὑδὲ
506 2736 558 2818 γὰρ
573 2738 702 2817 βασιλέως
720 2761 838 2821 χειροτο·
890 2738 1019 2799 auderet?
1038 2742 1085 2801 17.
1110 2741 1195 2819 Quod
1210 2743 1237 2799 si
1245 2739 1321 2821 filii,
1340 2739 1442 2818 iuquit,
1462 2753 1491 2800 et
1505 2743 1635 2803 terem

63 2830 193 2901 νήσαντός
207 2854 284 2905 τινα,
299 2831 344 2890 καὶ
365 2829 649 2910 ἀνακηρύρτοντοςτὴν
663 2831 746 2909 τιμὴν
765 2831 838 2911 παρὰ
891 2829 992 2893 Viden'
1006 2831 1142 2910 quomodo
1162 2831 1295 2913 paulatim
1318 2826 1421 2889 donum
1440 2833 1638 2912 augeatiQuia
1725 2826 1729 2833 ’

63 2932 148 2993 πᾶσι,
165 2923 320 3002 τολμήσειεν
335 2923 367 2982 ἄν
386 2947 427 2991 τις
441 2927 494 2981 τῶν
513 2923 635 2996 ὑπηκόων
649 2926 789 2985 ἀντειπεῖν.
803 2926 838 2984 El
891 2925 963 2984 enim
975 2924 1034 2984 ficri
1045 2937 1144 3005 potest,
1156 2924 1241 3003 utqui
1254 2923 1305 2982 filii
1317 2937 1391 2993 sunt,
1403 2923 1514 2986 heredes
1524 2926 1637 2986 nousint

64 3013 95 3072 δὲ
117 3013 213 3084 τέκνα,
233 3015 313 3095 ρησί,
329 3013 375 3073 καλ
400 3014 569 3093 κληρονόμοι.
591 3013 676 3096 Ὁρᾷς
690 3017 747 3084 πῶς
768 3015 838 3075 κατδ
891 3021 996 3096 (neque
1007 3017 1080 3076 enim
1094 3037 1186 3075 omnes
1200 3015 1324 3074 filiisunt
1335 3015 1476 3093 heredes),
1487 3016 1556 3079 illud
1567 3019 1638 3102 adji-

64 3104 161 3186 μικρὸν
174 3105 245 3174 αὔξει
256 3105 305 3178 τὴν
319 3107 437 3189 δωρεάνς
452 3106 563 3179 Ἐπειδὴ
578 3106 631 3190 γὰρ
649 3107 688 3166 ἔνι
700 3107 746 3167 καλ
758 3107 838 3168 τέκνα
853 3123 873 3171 Β
892 3108 939 3183 cit,
955 3108 1028 3188 qnod
1041 3109 1096 3168 sint
1109 3106 1232 3167 heredes.
1250 3107 1340 3169 Judaei
1361 3128 1441 3186 vero,
1459 3123 1639 3191 preterquam

63 3188 152 3273 εἶναι,
163 3198 209 3258 καί
220 3197 257 3276 μὴ
269 3199 447 3278 κληρονόμους
458 3199 580 3277 γενέσθαι
591 3197 665 3274 (sort
675 3198 729 3281 γὰρ
742 3199 840 3270 πάντες
890 3200 965 3278 quod
981 3201 1061 3259 talem
1075 3198 1248 3281 adoptionem
1256 3218 1310 3258 nou
1326 3198 1489 3280 habuerunt,
1504 3202 1539 3261 ab
1558 3201 1639 3265 here-

37 3313 43 3324 ·
64 3288 225 3369 κληρσνόμοι
241 3294 265 3349 οἱ
276 3292 393 3364 παῖδες),
407 3291 499 3370 ἐπείγει
509 3291 655 3366 καὶτοῦτο,
665 3291 706 3352 ότι
716 3290 762 3352 καλ
771 3293 839 3365 ’κλη-
891 3294 976 3355 ditate
997 3295 1074 3377 ejecti
1094 3308 1165 3355 suut.
1181 3295 1282 3354 Malos
1296 3298 1374 3354 enim
1388 3297 1467 3356 male
1484 3299 1596 3377 perdet,
1610 3313 1640 3360 et
1650 3325 1737 3371 ,νηηιη
1751 3338 1788 3373 u.

66 3383 182 3464 ρονόμοι.
196 3387 232 3443 Οἱ
246 3382 274 3442 δὲ
292 3383 414 3443 Ἰουδαῖοι
437 3383 504 3461 μετὰ
521 3388 566 3443 τοῦ
581 3383 618 3461 μὴ
631 3383 757 3455 τοιαύτην
768 3385 850 3464 ἔχειν·
892 3391 1013 3446 uincam
1024 3407 1109 3446 suam
1124 3387 1220 3445 tradet
1238 3386 1308 3445 allis
1319 3388 1467 3467 agricolis.
1477 3390 1562 3449 Antea
1574 3411 1639 3450 vero
1648 3389 1689 3446 4¹·

64 3473 198 3532 υίοὺεσίαν
214 3474 259 3533 καὶ
273 3479 320 3546 τῆς
333 3472 510 3555 κληρονομίας
527 3471 716 3548 ἔξεύλήὺησαν.
735 3475 839 3542 Κακοὺς
890 3479 1019 3538 dixerat:
1031 3480 1123 3541 Multi
1136 3482 1174 3538 ab
1189 3483 1302 3538 oriente
1316 3492 1344 3538 et
1365 3484 1403 3539 ab
1418 3484 1568 3543 occidente
1582 3506 1637 3544 ve-
1651 3501 1710 3546 loia.
1717 3501 1740 3550 8.
1753 3513 1789 3547 ιι.

65 3564 120 3644 γδιρ
133 3570 220 3632 κακῶς
235 3565 377 3635 ἀπολέσει,
393 3565 439 3625 καί
456 3566 671 3647 τὸνόιμπελῶνα
694 3565 838 3627 ἐκδώσεται
892 3576 972 3630 nient
978 3616 988 3642 ,
1001 3582 1031 3629 et
1040 3573 1209 3632 recumbent
1223 3591 1290 3631 curre
1306 3571 1465 3631 Abrabam
1482 3597 1488 3630 ι
1499 3575 1566 3655 filii
1585 3598 1638 3637 au·
1651 3576 1687 3609 ¹²·

65 3664 192 3736 γεωργοῖς
206 3656 311 3736 ἑτέροις.
323 3657 376 3718 Καὶ
387 3657 438 3736 πρδ
452 3657 543 3716 τούτου
557 3657 584 3715 δὲ
597 3656 694 3737 ἔλεγεν,
709 3657 750 3716 ότι
762 3661 837 3718 Πολ·
891 3676 949 3723 tem
962 3667 1045 3743 regni
1056 3667 1210 3743 ejicientur
1211 3665 1313 3743 foras.
1331 3667 1437 3725 Verum
1456 3687 1508 3726 nou
1519 3668 1564 3727 hic
1574 3690 1639 3730 eon·

65 3748 110 3808 λολ
136 3747 187 3807 ἀπὸ
201 3751 333 3807 ἀνατολῶν
347 3748 393 3807 καί
407 3751 514 3826 δυσμῶν
537 3748 644 3823 ἥξουσι,
665 3749 711 3809 καὶ
728 3752 837 3808 ιἰνακλι-
890 3753 972 3830 sistit,
986 3753 1035 3812 sed
1048 3754 1136 3834 majus
1153 3753 1294 3834 quidpiam
1314 3756 1403 3836 ponit.
1420 3757 1498 3830 Quid
1511 3758 1562 3818 hoc
1579 3762 1638 3820 cst?

66 3841 192 3912 (νίσονται
217 3840 285 3919 ίοοολ
309 3839 447 3922 Ἀόροόμ·
462 3844 487 3899 οῖ
501 3840 529 3899 δὲ
554 3841 604 3900 οἷοὶ
629 3843 678 3911 τῆς
703 3842 838 3920 βασιλείας
892 3852 950 3908 Dei
958 3850 1077 3908 laedes
1083 3873 1095 3919 ;
1109 3848 1169 3908 ideo
1180 3848 1284 3929 adjicit,
1300 3853 1429 3912 Heredes
1442 3855 1559 3934 quidem
1569 3858 1640 3919 Dei.

67 3932 138 4001 ”lim
150 3933 337 4012 βληθήσονται.
350 3932 419 3992 Ἀλλ’
433 3933 492 4019 οὑδὲ
507 3935 619 3992 ἐνταῦθα
632 3931 755 4007 ίσταται,
769 3934 838 3994 ἀλλὰ
891 3941 926 4000 Et
932 3938 1005 4019 quod
1017 3939 1107 3999 adhuc
1120 3941 1209 4020 majus
1218 3955 1267 4017 est,
1277 3961 1329 4000 nou
1341 3943 1501 4024 simpliciter
1512 3945 1637 4026 heredem

67 4024 115 4085 καλ
129 4024 221 4083 τούτου
236 4027 323 4103 μεῖζον
337 4022 435 4095 τίθησι.
449 4014 529 4084 Ποῖον
541 4022 572 4096 δὴ
583 4028 675 4098 τοῦτο;
689 4024 755 4084 Ὅτι
767 4027 838 4086 Θεοῦ
890 4032 937 4092 sed
954 4032 1034 4092 etiam
1056 4034 1219 4092 Colreredes
1240 4033 1359 4094 Christi.
1381 4035 1482 4096 Vidcn’
1502 4040 1638 4116 quomodo

65 4116 244 4196 κληρονόμοι·
260 4114 300 4174 διὸ
315 4114 360 4174 καί
374 4115 505 4195 ἐπίγᾱγε·
519 4115 688 4196 Κληρονόμοι
700 4115 747 4194 μὲν
757 4119 837 4195 Θεοῦ.
891 4123 1029 4184 contendit
1052 4143 1102 4183 nos
1124 4145 1210 4204 prope
1230 4123 1377 4184 Dominum
1396 4125 1548 4189 adducere?
1566 4132 1638 4204 Quia

66 4208 123 4269 Καλ
136 4208 167 4266 τὸ
189 4209 228 4267 ἔτι
243 4207 335 4280 πλέον,
350 4205 453 4286 intell„
473 4209 563 4274 ἅπλῶς
578 4205 754 4290 κληρονόμον,
769 4206 838 4268 ἀλλὰ
847 4216 964 4299 ⁵⁸⁰enim
979 4237 1033 4276 non
1051 4237 1145 4276 omnes
1154 4216 1205 4277 filii
1216 4215 1329 4276 heredes
1342 4233 1417 4298 suut,
1427 4222 1544 4283 ostendit
1552 4245 1600 4284 nos
1613 4239 1640 4285 et

68 4300 114 4358 καλ
126 4299 335 4379 ονγνληοονόμοι
344 4301 469 4378 Χριστοῦ.
478 4297 560 4379 Ὁρᾷς
571 4301 629 4364 πῶς
639 4301 779 4379 φιλονεικεῖ
790 4301 838 4378 ἰγ-
855 4316 876 4363 Α
890 4309 964 4369 filios
976 4322 1002 4368 et
1015 4308 1135 4368 heredes.
1146 4308 1217 4380 Quin
1227 4330 1356 4371 verouou
1365 4333 1457 4371 omnes
1465 4313 1576 4376 heredes
1583 4338 1640 4376 ma·

67 4391 113 4470 γὺς
125 4398 196 4468 ἡμᾶς
205 4393 364 4470 οἷγογῑῖννοῦ
373 4389 524 4463 Δεοοόῑοοὶ
535 4389 646 4462 'Emit
655 4390 706 4470 Υόρ
715 4390 840 4450 οὗπόντο
893 4422 1007 4481 gnarum
1021 4421 1113 4459 rerum
1127 4400 1239 4460 heredes
1254 4415 1327 4479 sunt,
1341 4403 1457 4463 ostendit
1468 4404 1497 4465 id
1507 4406 1587 4466 etiam
1597 4429 1640 4469 as·
1662 4412 1683 4459 -'
1698 4384 1702 4393 ⁸

68 4483 102 4541 τδι
112 4483 192 4543 τέκνα
201 4482 368 4562 κληρονόμοι,
376 4481 506 4540 δείκνυσιν
517 4481 643 4557 ότιημεῖς
651 4482 697 4540 καὶ
705 4482 785 4542 τέκνα
795 4482 840 4542 καί
893 4506 1028 4571 παγοιιιοε,
1045 4492 1093 4570 qui
1109 4492 1221 4552 heredes
1243 4494 1328 4553 simus
1351 4494 1412 4553 Dei.
1436 4497 1555 4556 Rursum
1575 4501 1639 4578 quia

69 4574 239 4656 κληρονόμον·
252 4574 330 4633 Ἐπεί
345 4573 372 4633 δὲ
386 4577 415 4633 οὖ
433 4572 530 4638 πόντος
544 4573 704 4651 κληρονόμον
719 4575 840 4653 μογόλοον
894 4585 1025 4663 contingit
1046 4586 1202 4667 quempiam
1229 4585 1353 4645 heredem
1373 4586 1483 4665 quidem
1499 4591 1551 4650 Dei
1570 4613 1636 4671 csse,

70 4675 121 4732 εἰσί
134 4674 293 4753 κληρονόμοι
312 4673 488 4754 πραγμάτων,
503 4673 630 4733 δείκνυσιν
644 4672 685 4734 ότι
703 4674 748 4733 καί
764 4682 841 4736 τοῦτο
894 4697 978 4754 neque
989 4688 1077 4734 tamen
1087 4675 1195 4735 omnino
1204 4697 1259 4735 csse
1270 4677 1408 4755 Unigeniti
1417 4678 1582 4760 coheredem,
1591 4705 1639 4758 uos

103 4870 112 4891 ⁸
132 4855 178 4918 [A.
193 4865 216 4901 et
230 4870 308 4919 marg·
323 4853 399 4903 Savil
410 4861 421 4906 δ
434 4858 490 4912 δὴ...
505 4867 655 4918 peruramur
666 4861 698 4908 όν.
712 4855 744 4905 Et
757 4857 832 4921 prndio
914 4859 925 4896 ο
944 4855 1044 4922 [tidem
1058 4864 1241 4918 ίαῦληόηοονται.
1257 4858 1314 4907 Mox
1333 4857 1362 4906 Δ.
1378 4863 1516 4927 τοσούτου]

71 4943 129 4981 aruc
142 4943 229 4999 πνεῦμα,
242 4950 287 4997 [πυ
301 4944 397 5003 πατέρα.
412 4933 490 4983 lidum
504 4934 567 4983 iufra
583 4944 636 5004 ,ερὲς
648 4937 772 5003 παύροις]
