3728 5978
247 526 313 618 174
577 542 606 588 S.
635 537 777 588 toauttrs
802 536 987 587 cuursosr.
1016 536 1173 586 tucatur.
1201 536 1479 586 CONSTANTINOP.

278 671 306 726 θ.
322 665 495 743 setasque
508 664 641 723 Ananiam
661 676 792 746 spectant,
816 675 976 743 repetamus.
1072 659 1143 722 Ἀλλ’
1169 661 1268 741 ίδωμεν
1282 661 1379 722 οίνωθεν
1402 658 1521 722 τδκατδ
1543 659 1588 719 τὸν
1609 658 1739 720 Ἀνανίαν.
1755 660 1811 718 Οὐκ

238 761 302 820 Non
316 758 389 820 dixit
408 759 472 818 illi:
493 757 636 836 Alloquore
660 773 686 817 ot
709 756 820 817 institue
838 756 925 814 illum.
948 753 978 814 Si
1033 743 1092 813 εἶπε
1106 752 1172 833 πρδς
1188 754 1275 827 αὖσδν,
1297 752 1453 833 διελέχθητι
1474 751 1520 812 καί
1541 750 1699 833 κατῆγησον
1722 749 1809 809 αὐτόν.

237 851 386 912 enimcum
399 848 523 922 dixisset,
533 852 617 922 Orat,
633 862 661 910 et
672 850 750 908 vidit
774 851 872 906 virum
883 851 977 926 impo-
1036 847 1068 904 lli
1083 843 1134 925 γὰρ
1148 843 1239 920 εἰπὼν,
1249 846 1292 905 ὅτι
1307 845 1437 927 Εὗχεται,
1448 842 1495 905 καί
1512 834 1578 906 εἶδεν
1589 843 1675 924 ἄνδρα
1689 840 1809 902 ἐπιθέντα

239 957 356 1004 nentem
374 946 431 1004 stat
443 962 560 1014 mnus,
579 962 632 1001 non
644 940 778 1023 persuasit
791 938 896 998 :multo
919 959 979 996 ma·
1033 939 1105 1017 αὐτῷ
1118 935 1165 1005 πίας
1177 944 1278 1017 χεῖρας,
1292 939 1340 996 οὐκ
1354 937 1455 997 ἔπεισι·
1469 937 1561 1016 πολλῷ
1573 936 1687 1014 μᾶλλον,
1700 936 1727 992 εἰ
1735 937 1809 993 roim

237 1036 290 1116 gis,
300 1037 323 1095 si
336 1037 388 1095 hoe
405 1035 528 1095 dixisset.
558 1035 650 1108 Vidit,
677 1033 775 1113 iuquit,
800 1036 833 1091 in
856 1035 980 1090 visione.
1033 1018 1117 1092 εἶπεν.
1133 1017 1210 1104 ulte,
1226 1029 1315 1111 φησίν,
1329 1033 1356 1091 ἐν
1369 1029 1499 1111 ὁράματι,
1513 1026 1657 1090 devastat
1670 1025 1808 1099 διαπιστί·

240 1133 335 1211 ltaque
348 1152 401 1191 non
415 1129 498 1190 fidem
514 1128 566 1189 tibi
581 1129 708 1209 negabit:
725 1150 758 1188 ue
775 1127 860 1206 igitur
877 1126 981 1202 timeas,
1035 1145 1075 1183 σει
1092 1143 1148 1181 σοι·
1172 1121 1210 1200 μὴ
1224 1123 1311 1182 τοίνυν
1334 1122 1469 1202 ρούηθῇς,
1488 1120 1559 1182 ἀλλὰ
1577 1118 1702 1201 πορεύου.
1717 1117 1809 1186 Otto<

239 1223 377 1284 sedvade.
393 1223 538 1301 Sicueque
566 1220 711 1302 Philippus
723 1220 813 1280 statim
835 1232 921 1279 totum
931 1239 982 1277 au·
1035 1211 1092 1273 οὐδὲ
1105 1211 1242 1281 Φίλιππος
1250 1212 1351 1274 τότετδ
1363 1223 1417 1274 πῖῖν
1429 1212 1523 1281 εὐθέως
1536 1210 1634 1274 ἀκούει.
1644 1209 1714 1271 Ὀτι
1722 1217 1808 1277 σκεῦος

237 1315 288 1375 dit.
306 1317 384 1394 Quia
393 1335 450 1374 vas
460 1315 610 1373 electionis
625 1325 669 1372 est
683 1315 756 1372 mitt
765 1315 822 1371 tte.
842 1312 907 1370 llaee
934 1309 981 1370 di·
999 1319 1019 1366 E
1037 1307 1146 1385 ίκλσγῆς
1160 1303 1205 1383 μοί
1221 1308 1293 1366 ἐστιν
1306 1296 1388 1374 οὗτος.
1417 1305 1469 1366 Ἐκ
1489 1302 1643 1388 περιουσίας
1662 1304 1707 1364 τὸν
1731 1303 1807 1385 ρύθσν

239 1421 283 1468 cta
297 1406 455 1484 illiussuut,
476 1407 524 1486 qui
542 1405 667 1465 timorem
683 1406 793 1465 omniuo
817 1404 929 1480 excutit,
957 1418 983 1463 et
1036 1397 1141 1467 λύοντός
1154 1401 1211 1458 ἐστι
1221 1405 1313 1471 τοῦτο,
1327 1398 1373 1459 καί
1386 1401 1491 1480 θαρρεῖν
1501 1397 1654 1467 πείθονιος·
1669 1394 1808 1477 είγιοθου

239 1498 371 1558 fiduciam
384 1497 455 1557 indit
468 1521 475 1556 :
487 1496 620 1576 siquidem
630 1502 667 1556 ita
680 1519 730 1578 pro
744 1497 804 1578 ipso
824 1494 984 1555 alliciendus
1038 1488 1130 1570 μέλλοι
1142 1491 1176 1551 τὰ
1189 1489 1257 1571 ὑπὲρ
1270 1495 1348 1551 αὐτοῦ
1364 1500 1477 1573 φρονεῖν,
1493 1494 1529 1559 ὣς
1542 1490 1588 1549 καί
1602 1494 1699 1550 παθεῖν
1716 1488 1807 1549 mut

240 1605 306 1668 erat,
320 1605 351 1650 ut
380 1591 462 1651 etiam
486 1591 572 1650 multa
595 1604 741 1670 pateretur.
766 1591 836 1650 Cum
857 1588 983 1664 dixisset,
1039 1581 1131 1643 Εἰπὼν
1149 1585 1190 1659 δὲ,
1204 1586 1317 1659 Σκεῦας,
1330 1583 1399 1645 ὥστε
1414 1584 1508 1654 δεῖξαι,
1521 1582 1562 1644 ότι
1576 1587 1623 1644 σόοι
1643 1582 1700 1642 ἔστι
1714 1581 1806 1663 ρυσικῆ

242 1685 312 1753 Vas,
322 1683 464 1744 ostendeus
473 1684 532 1763 ejus
544 1681 678 1743 malitiam
689 1700 743 1742 uon
753 1702 809 1742 esse
819 1679 983 1741 naturalem:
1040 1678 1119 1735 αὐτοῦ
1133 1680 1151 1747 ἡ
1171 1675 1269 1750 κακία,
1282 1676 1413 1758 Ἐκλογῆς
1435 1674 1614 1756 προσέθηκεν,
1628 1673 1673 1734 ἵνα
1690 1673 1807 1754 δηλώσῃ,

239 1775 326 1851 addit,
338 1777 366 1835 E
369 1777 515 1849 lectionis,
531 1787 563 1835 ut
586 1773 708 1834 ostendat
728 1774 819 1855 ipsum
843 1785 983 1853 acceptum
1038 1766 1080 1829 ότι
1089 1766 1135 1826 καί
1148 1767 1255 1848 δόκιμός
1269 1771 1341 1828 ἐστι·
1351 1768 1382 1828 εδ
1396 1767 1502 1847 δόκιμον
1513 1764 1565 1849 γὰρ
1582 1765 1755 1845 ἐκλεγόμεθα.
1766 1766 1807 1838 ut

241 1888 298 1926 esse
314 1891 321 1924 ι
336 1888 399 1926 uam
416 1865 490 1946 quod
500 1880 640 1947 acceptum
650 1879 700 1942 est,
714 1865 848 1945 eligimus.
862 1865 905 1924 Ne
923 1863 985 1944 quis
1041 1860 1073 1934 δὴ
1089 1859 1186 1940 νομίσῃ
1201 1884 1242 1928 τις
1254 1868 1336 1922 ταθια
1351 1859 1462 1935 ἀκούων,
1475 1858 1517 1921 ότι
1532 1862 1653 1920 ἀπιστῶν
1667 1865 1723 1925 τοῖς
1735 1860 1809 1937 λεγο-

241 1979 307 2018 rero
320 1972 396 2039 putet
406 1958 464 2018 haee
475 1956 595 2031 audieus,
602 1956 734 2016 Ananiam
745 1956 806 2016 ideo
820 1955 879 2016 lraee
885 1954 984 2031 dicere,
995 2009 1032 2049 m
1042 1951 1128 2031 μένοις
1149 1951 1234 2012 τοῦτοί
1246 1975 1325 2031 φησιν
1343 1949 1504 2026 Ἀνανίας,ῆ
1524 1954 1682 2024 ῆπατῆσθαι
1701 1950 1809 2028 νομίζων

242 2048 316 2128 quod
329 2049 409 2108 dietis
419 2069 473 2108 uon
486 2048 587 2126 credat,
599 2048 643 2108 rel
654 2048 728 2126 quod
745 2061 822 2130 putet
842 2047 986 2129 deceptum
1004 2064 1025 2110 a
1041 2045 1085 2105 τὸν
1099 2043 1230 2124 Χριστόν·
1245 2043 1282 2124 μὴ
1296 2044 1409 2124 γένοιτο·
1429 2042 1499 2104 ἀλλὰ
1512 2042 1672 2124 ροόούμενος
1692 2042 1741 2102 καί
1752 2042 1809 2120 τρί-

241 2141 325 2201 suisse
341 2141 479 2201 Christum
484 2163 493 2217 ς
503 2141 585 2217 absit;
595 2140 726 2219 sedquod
739 2141 844 2200 timeret
856 2154 883 2200 ot
890 2144 986 2200 treme·
1041 2160 1098 2216 ρων
1120 2136 1179 2197 οὐδὲ
1191 2146 1316 2218 προσεῖχε
1334 2144 1389 2206 τοῖς
1411 2135 1571 2218 εἰρημένοις,
1587 2134 1705 2204 οἰκούσας
1718 2134 1810 2196 ette-

242 2247 293 2308 ret,
309 2232 447 2292 dietisnou
457 2230 621 2307 attendebat,
630 2245 660 2291 ut
668 2232 774 2292 audivit
787 2254 883 2292 nomeu
897 2232 986 2294 Pauli:
1041 2252 1080 2308 μα
1103 2228 1223 2290 Πειλου·
1243 2229 1313 2290 οὕτω
1333 2227 1560 2310 προκατέλαύενθ
1581 2225 1661 2308 ρόόος
1689 2227 1745 2287 ἀπὸ
1769 2233 1812 2288 wit

242 2324 282 2384 sic
294 2323 343 2384 illo
371 2324 479 2384 uomiue
492 2337 696 2406 preoccupatus
710 2339 749 2384 est
770 2325 877 2384 timore.
903 2323 987 2404 Atqui
1040 2319 1167 2401 ὀνόματος
1179 2325 1257 2383 αὐτοῦ
1270 2322 1319 2397 τῆν
1332 2322 1432 2404 ψυχήν·
1446 2320 1533 2382 καίτοι
1552 2319 1685 2395 ἀκούσας,
1696 2318 1739 2380 ὅτι
1754 2318 1812 2379 ίιύ·

242 2415 292 2475 ubi
322 2415 439 2493 audivit,
467 2415 543 2494 quod
565 2428 723 2475 excaecasset
743 2415 832 2491 illum,
855 2415 989 2476 confidere
1041 2415 1144 2495 ρλωσεν
1157 2414 1313 2490 αὐτὸν,έδει
1324 2418 1441 2498 θαρρεῖν.
1454 2413 1508 2475 Καὶ
1525 2404 1578 2473 ὧδε
1591 2417 1629 2479 είς
1650 2413 1812 2495 αθεδ,ρτμί,

242 2509 391 2590 oportebat.
405 2512 446 2568 Et
462 2511 521 2582 Ιιίε,
535 2507 634 2586 iuquit,
660 2509 725 2567 ideo
746 2512 840 2582 uertit,
867 2521 898 2568 ut
917 2510 988 2590 liget
1042 2511 1118 2566 τοῦτο
1130 2506 1263 2582 ἐλήλυθεν,
1277 2505 1347 2566 ὥστε
1359 2509 1439 2578 δῆσαι
1453 2506 1555 2575 πάντας
1566 2505 1628 2573 τοὺς
1638 2506 1812 2586 ἐπικαλουμέ-

243 2621 354 2675 omnes,
380 2605 432 2681 qui
447 2605 588 2661 invocant
600 2622 706 2660 nomen
723 2613 814 2661 tuum.
844 2602 884 2659 Ao
896 2600 920 2660 si
941 2601 988 2660 di·
1041 2598 1670 2680 νοοςτδόνομοίσου.Ὡσείἴλεγε·ροόοῦμαι,
1692 2598 1813 2677 μήποτέ

243 2708 324 2772 reret,
343 2693 449 2766 Timeo,
472 2714 507 2753 ue
526 2692 594 2754 sorte
616 2715 659 2754 me
675 2694 703 2754 iu
716 2693 864 2756 Jerusalem
881 2692 986 2753 ducati
1042 2716 1076 2770 με
1090 2693 1126 2758 είς
1139 2690 1311 2772 Ἱεροσόλυμα
1324 2691 1456 2771 ἀναγάγῃ.
1470 2690 1508 2752 Τί
1522 2716 1556 2770 με
1566 2692 1602 2758 είς
1616 2691 1647 2751 εδ
1662 2689 1812 2770 στύμαέμ·

243 2805 292 2843 cur
304 2784 387 2843 mein
400 2806 430 2843 os
439 2784 523 2844 leonis
541 2785 650 2866 injicis?
664 2806 712 2845 eur
725 2807 769 2846 me
786 2784 853 2846 huie
871 2783 985 2866 prodis?
1042 2780 1147 2851 θόλλεις
1156 2789 1201 2842 τοῦ
1211 2783 1328 2855 λέοντος;
1339 2782 1366 2843 τί
1376 2807 1409 2862 με
1419 2781 1504 2866 τούτῳ
1514 2782 1658 2865 προδίδωςς
1669 2784 1814 2859 Φοόιῖται,

243 2877 334 2939 Timet
349 2875 527 2954 ethaeedieit,
538 2891 568 2938 ut
579 2878 845 2958 undiquediseamus
857 2878 988 2940 virtutem
1042 2873 1088 2934 καί
1100 2879 1184 2933 ταῦτα
1200 2872 1289 2952 λέγει,
1304 2873 1347 2934 ἵνα
1362 2875 1487 2954 ροίθωμεν
1506 2874 1633 2934 πάντοθεν
1652 2874 1704 2950 τὴν
1720 2874 1814 2957 &puolo

242 2968 306 3030 viri.
318 2970 389 3028 Nam
401 2968 460 3027 lraec
471 2991 487 3028 a
500 2968 677 3047 ludaeisdiei,
695 2970 765 3030 nihil
780 2970 883 3030 mirum
893 2984 962 3031 esset
978 2994 986 3031 ι
1040 2970 1087 3029 τοῦ
1109 2965 1210 3049 ἀνδρός.
1226 2967 1267 3028 TA
1289 2966 1337 3046 μίν
1351 2967 1403 3050 γδρ
1424 2967 1499 3050 παρὰ
1514 2965 1649 3027 Ἰουδαίων
1664 2975 1750 3028 ταῦτα
1768 2967 1812 3030 λέ·

242 3061 315 3140 quod
337 3075 427 3120 auteur
444 3061 480 3119 ab
494 3061 557 3138 hoe,
576 3076 602 3121 et
626 3062 663 3122 ita
687 3063 840 3144 perterrito,
854 3084 986 3143 maguum
1040 3065 1149 3139 γεσθοιι,
1167 3059 1240 3121 οὐδὲν
1258 3059 1424 3139 θαυμαστόν·
1446 3060 1497 3120 ’τὸ
1515 3059 1814 3141 δὲπαρλτούταο,ιιαί

242 3150 343 3211 divinae
354 3152 464 3212 virtutis
479 3151 587 3231 signum
600 3153 652 3212 hoc
672 3176 730 3214 esso
747 3155 888 3235 probatur.
901 3157 990 3216 Saule
1005 3176 1024 3223 ις
1041 3151 1110 3211 ούτω
1124 3148 1295 3234 ροόηθέντος,
1307 3152 1430 3234 μέγιστον
1443 3154 1587 3235 τεκμήριον
1607 3157 1657 3226 τῆς
1679 3160 1726 3215 τοῦ
1745 3158 1815 3216 Θεοῦ

239 3243 346 3320 frater.
366 3239 419 3299 llio
430 3260 539 3319 quoque
548 3261 662 3321 maguus
676 3239 752 3301 adest
766 3242 858 3319 timor,
881 3258 908 3303 et
928 3258 989 3325 post
1042 3245 1177 3324 δυνάμεως
1196 3245 1328 3306 δείκνυται
1340 3253 1427 3306 τοῦτο.
1445 3244 1535 3306 Σαοθλ
1556 3245 1662 3327 ἀδελφέ.
1682 3248 1814 3308 Ἐντωῖθα

243 3332 368 3395 timorem
380 3334 467 3413 major
479 3332 640 3393 obedientia.
651 3333 836 3413 Deinde,quia
851 3337 913 3397 Vas
926 3338 988 3396 ele-
1042 3336 1087 3397 καί
1099 3341 1113 3395 ὁ
1127 3336 1207 3418 ρόύος
1214 3338 1316 3418 γίνεται
1328 3339 1425 3418 μέγας,
1438 3337 1626 3411 καίὴθπαιιοῆ
1642 3338 1813 3418 μείζωνμιτδ

243 3429 349 3485 ctionis
360 3425 443 3502 dixit,
456 3446 490 3485 ue
515 3425 629 3504 diceres,
645 3441 732 3487 totum
754 3449 788 3486 ex
802 3430 859 3487 Deo
877 3450 943 3507 esse,
959 3445 989 3490 ut
1042 3429 1086 3489 τδν
1098 3428 1187 3509 φόύον.
1199 3420 1269 3491 Εἶτα
1284 3430 1375 3504 ἐπειδὴ
1390 3433 1487 3500 Σκεῦος
1500 3432 1612 3510 ἐκλογῆς
1627 3420 1712 3506 εἶπεν,
1721 3431 1766 3492 ίνα
1777 3430 1812 3511 μῆ

243 3516 344 3576 abhoc
366 3532 393 3577 te
412 3517 538 3594 abducat,
555 3519 668 3599 adjicit:
696 3522 735 3579 Ut
758 3534 854 3600 portet
885 3543 991 3583 nomen
1042 3519 1172 3601 είπης,ι“ο
1185 3511 1238 3581 πᾶν
1254 3511 1813 3603 εἷναιΘεοῦ,σἰποίγωνσετούτου,προατί·

244 3631 340 3668 meum
350 3632 449 3670 coram
458 3615 593 3691 gentibus
602 3624 630 3670 et
642 3615 757 3693 regibus
766 3625 793 3672 et
793 3613 873 3694 filiis
883 3617 989 3678 lsrael.
1043 3619 1105 3684 θησι
1127 3615 1158 3674 τδ
1178 3613 1252 3690 ἑξῆς,
1274 3614 1373 3694 λέγων·
1388 3617 1444 3674 Τοῦ
1466 3614 1611 3694 βαστάσαι,
1622 3616 1653 3676 τὸ
1668 3616 1812 3696 όνομόμω

245 3701 358 3763 Audiuit
368 3703 485 3762 Ananias
508 3703 537 3762 id
546 3702 618 3782 quod
640 3703 720 3763 valde
740 3705 876 3785 cupiebat,
898 3706 988 3788 ipsum
1042 3704 1153 3765 ἐνώπιον
1168 3709 1247 3766 ἐθνῶν
1261 3706 1308 3766 καλ
1322 3707 1453 3786 βασιλέων
1466 3710 1530 3767 υίῶν
1541 3732 1570 3769 τε
1584 3709 1706 3791 Ἰσραήλ,
1719 3707 1813 3769 Ἧκον·

243 3790 324 3850 etiam
337 3806 429 3852 eontra
440 3791 549 3853 Judaeos
560 3806 744 3874 pugnaturum
759 3814 832 3853 esse:
850 3793 912 3854 ideo
934 3817 988 3856 uon
1043 3817 1097 3868 σιν,
1110 3794 1125 3854 δ
1138 3794 1238 3875 σφόδρα
1249 3794 1375 3875 ἐπεθύμει
1385 3799 1400 3854 ὁ
1409 3795 1543 3868 Ἀνανίας,
1555 3795 1598 3857 θιι
1608 3796 1656 3856 καί
1668 3796 1738 3857 κατὰ
1750 3798 1812 3857 'loo-

242 3884 330 3943 solum
343 3883 454 3964 garrdio,
479 3883 525 3943 sed
551 3884 632 3943 etiam
649 3883 750 3945 fiducia
771 3885 899 3966 repletur.
921 3889 987 3968 Ego
1042 3883 1123 3945 δαίων
1145 3886 1287 3959 στήσεται·
1301 3888 1342 3948 διδ
1357 3886 1403 3946 καί
1416 3891 1447 3948 οὗ
1467 3887 1546 3966 μόνον
1565 3898 1670 3971 χαρᾶς,
1684 3889 1753 3951 ἀλλὰ
1771 3888 1811 3950 καί

242 3981 331 4050 euim,
343 3977 441 4056 iuquit,
454 3979 608 4037 ostendam
618 3981 648 4035 ei
656 3991 908 4060 quantaoporteat
922 3999 988 4038 eum
1042 3977 1316 4059 θύρσουςπληροῦται.
1327 3977 1401 4057 Ἐγὼ
1413 3976 1480 4062 γὰρ,
1491 3977 1581 4059 φησὶν,
1589 3979 1721 4049 ὑποδείξω
1731 3982 1810 4060 αὐτῷ,

238 4088 293 4147 pro
304 4073 422 4127 nomiue
436 4091 499 4129 meo
507 4073 583 4150 pati.
602 4068 667 4128 Haec
679 4068 849 4149 praediceutis
869 4083 931 4129 suut
954 4070 986 4130 si·
1005 4096 1025 4143 c
1042 4073 1092 4129 ὅσα
1115 4070 1154 4128 δεῖ
1167 4069 1244 4129 ούτδν
1258 4069 1326 4152 ὑπὲρ
1346 4075 1392 4128 τοῦ
1407 4067 1535 4149 ὀνόματός
1550 4094 1600 4148 μου
1621 4079 1727 4132 παθεῖν.
1744 4074 1809 4154 Πρυ-

241 4160 299 4218 mul
307 4161 512 4236 ethortautis,si
527 4161 639 4240 quidem
647 4161 693 4220 ille
701 4162 790 4221 omnia
800 4183 928 4243 passurus
936 4176 986 4242 est,
1043 4161 1196 4234 δηλωτικῶς
1209 4166 1294 4221 ταῦτα
1311 4161 1432 4242 εἴρηται,
1447 4161 1504 4240 ἅμα
1523 4164 1569 4222 καί
1584 4165 1774 4245 ίντρεππικῶς,
1790 4165 1809 4223 εί

241 4250 288 4328 qui
296 4250 333 4309 ita
343 4251 452 4310 insaniit
457 4276 466 4330 5
481 4253 526 4311 hic
538 4274 601 4311 vero
610 4253 690 4312 illum
700 4253 837 4334 baptizare
846 4275 900 4314 uon
913 4254 986 4330 vult,
1041 4258 1138 4322 ἐκεῖνος
1160 4255 1208 4334 μὲν
1235 4254 1324 4314 πάντα
1338 4254 1459 4314 πείσεται
1472 4259 1486 4314 δ
1499 4252 1567 4314 otte
1586 4253 1752 4334 δμεμηνὼς,
1765 4256 1807 4317 ω)-

240 4355 270 4400 ut
281 4342 372 4402 'visum
385 4343 595 4425 recipiatssene,
604 4345 694 4423 iuquit
701 4368 710 4423 3
724 4345 781 4404 siue
792 4345 872 4404 illum
883 4366 985 4405 eaecum
1041 4346 1086 4414 τδς
1109 4346 1137 4407 δὲ
1149 4345 1208 4407 οὐδὲ
1223 4345 1352 4429 βαπτίσει
1377 4346 1456 4407 αύτδν
1473 4346 1559 4421 θέλει,
1573 4344 1646 4415 όπως
1668 4349 1808 4431 ἀναὸλέψη.

240 4456 314 4494 esse:
329 4434 390 4494 ideo
410 4456 482 4495 nuuc
491 4436 565 4496 mitis
577 4449 626 4512 est,
636 4437 700 4515 quia
714 4457 799 4496 caeeus
816 4463 822 4495 :
837 4457 938 4498 eurme
943 4437 990 4518 ju·
1043 4441 1139 4508 Καλῶς
1160 4439 1232 4520 ἔχει,
1253 4437 1347 4519 ρησίν·
1374 4438 1439 4520 οίρες
1465 4438 1545 4498 αὖτδν
1564 4443 1759 4521 πεπηρῶσθαι·
1773 4440 1809 4501 διδ

239 4527 286 4587 hes
300 4528 405 4608 aperire
420 4527 600 4609 oeulosejus?
611 4546 646 4586 au
658 4541 689 4586 ut
701 4549 812 4588 rursum
824 4528 939 4608 alliget?
952 4533 987 4589 At
1042 4537 1120 4592 τοῦτο
1144 4539 1187 4591 νῦν
1210 4531 1320 4612 ἥμερος,
1336 4530 1378 4592 ὅτι
1402 4530 1495 4612 τυφλός
1511 4533 1583 4590 ἐστι·
1597 4531 1625 4590 τί
1649 4555 1684 4610 με
1705 4533 1810 4600 κελεύεις

238 4641 270 4679 ne
284 4620 408 4679 futurum
418 4618 533 4679 timeas:
551 4641 614 4679 uam
624 4620 723 4699 apertis
730 4620 816 4679 oculis
831 4642 884 4680 uon
895 4635 987 4680 contre
1043 4622 1142 4693 ἀνοῖξαι
1163 4627 1242 4684 αὐτοῦ
1256 4622 1316 4690 τοὺς
1328 4623 1491 4705 ὀφθαλμούς,
1505 4622 1549 4682 ίνα
1565 4624 1648 4685 πάλιν
1664 4625 1746 4707 δήσῃ,
1758 4627 1809 4686 ’At-

237 4713 483 4795 nos,sedprouobis
495 4712 646 4773 ιιῑειυειοιί
657 4713 718 4788 hoe,
728 4715 767 4773 Ut
778 4714 988 4794 respiciat,haeo
1041 4717 1077 4778 λὰ
1097 4716 1134 4796 μὴ
1155 4716 1271 4796 φοθηθῇς
1293 4716 1324 4776 τδ
1347 4715 1456 4795 μέλλον·
1470 4721 1503 4796 τῇ
1516 4716 1568 4797 γὰρ
1590 4717 1688 4788 ἀνοίξει
1707 4723 1738 4780 σθ
1758 4721 1810 4780 καθ’

237 4829 343 4886 quoque
350 4806 521 4887 adjiciantur.
529 4807 570 4865 Ne
581 4805 772 4865 timeaszuihil
786 4806 863 4867 vobis
871 4806 938 4865 mali
947 4807 985 4865 fa·
1043 4813 1130 4887 ἡμῶν,
1145 4810 1204 4867 ἀλλ’
1229 4807 1296 4890 ὑπὲρ
1317 4811 1394 4887 ἡμῶν
1414 4806 1557 4890 χρήσεται·
1570 4809 1637 4892 πρὸς
1655 4811 1704 4886 τδ,
1723 4813 1810 4876 Ὅπως

237 4898 362 4977 ciet5imo
368 4899 485 4981 patietur
492 4897 587 4958 multa.
597 4897 632 4958 Et
641 4895 714 4975 quod
721 4895 847 4956 mimhile
861 4910 910 4973 est,
925 4897 986 4979 pri·
1040 4898 1215 4979 *ἀναύλέψμ
1232 4899 1270 4962 ἔτι
1284 4899 1330 4959 καί
1354 4907 1438 4960 ταῦτα
1451 4900 1630 4981 προσκείσθω.
1656 4901 1704 4976 Μὴ
1723 4903 1810 4984 φοθυθ·

288 5079 397 5142 Quidam
419 5090 444 5135 εδ
464 5085 487 5133 at
507 5088 544 5134 καί
562 5087 653 5139 τούτους
672 5084 729 5133 οὕτω
751 5085 872 5150 μυθεῖσθαι,
887 5088 994 5147 με’γιοιον
1045 5087 1243 5152 ρλσςίστινδλοις.

235 5180 366 5230 τικμιςριον.
1079 5161 1092 5185 ⁸
1103 5161 1237 5231 [anetem
1257 5165 1331 5216 ταῦτα
1350 5170 1448 5234 εἴρηται.
1466 5170 1490 5218 oi
1505 5173 1549 5236 γὰρ
1568 5175 1648 5232 μόνον,
1663 5173 1731 5234 pasl,
1745 5170 1801 5218 οθθῖν

268 5238 281 5274 b
293 5247 407 5300 μεμηνώς.
423 5241 447 5289 σὺ
457 5239 480 5288 δί
493 5241 542 5289 ottt
554 5245 665 5304 βαπτίσας
678 5244 745 5290 αὐτὸν
760 5243 838 5296 θέλεις.
853 5242 926 5296 καλῶς
937 5244 992 5303 ίχιι,
1044 5246 1167 5308 ἐργάσεται
1183 5239 1291 5293 Sutlllut
1301 5252 1326 5293 et
1337 5244 1365 5292 A.
1383 5243 1410 5294 B.
1423 5243 1471 5307 C.]

233 5316 268 5364 sic
281 5315 332 5362 atti.
346 5312 378 5361 Et
389 5329 448 5363 mox
466 5322 622 5381 πεπηρῶσθαι.
643 5319 679 5367 διὰ
692 5321 760 5368 τοῦτο
778 5324 851 5370 ταῦτα
864 5324 938 5381 λέγει’
951 5337 992 5368 ευ·
