3728 5978
242 381 317 475 454
510 425 513 431 -
582 401 611 449 s.
640 397 781 450 roaruus
806 394 992 448 euersosr.
1018 397 1175 449 ιιιαιιιιιν.
1204 399 1473 449 cousraurrnor.

241 525 335 586 Primo
351 522 490 604 quidenna
505 522 577 585 mala
597 522 759 585 canscientia
775 520 941 594 verberatus,
958 531 985 578 et
1037 519 1071 580 τά
1085 526 1131 582 τοῦ
1141 522 1255 594 πένητος
1269 523 1361 584 λοιπδν
1374 523 1419 582 καλ
1432 522 1530 602 γυμνόν
1545 521 1655 582 ποιείτω
1668 520 1716 581 καί
1726 542 1810 602 παρα-

241 615 363 696 quotidie
375 617 520 691 eruciatus,
533 614 569 675 ab
581 611 708 675 omnibus
726 611 889 688 damnatus3
902 607 983 669 dein-
1039 611 1133 673 διδότω
1142 616 1233 695 λιμῷ,
1250 613 1327 683 αύτδς
1340 614 1367 674 δὲ
1379 616 1532 695 δντρυφάτω
1542 623 1597 682 τοῖς
1611 611 1638 682 ll
1651 611 1752 672 ἐκείνων
1765 615 1809 684 λη·

240 706 327 788 deque
344 707 373 767 in
392 707 485 766 futuro
502 703 618 788 judicio.
633 702 688 766 sod
701 702 776 783 quod
792 702 838 761 lrie
858 700 983 777 landatur,
1038 710 1140 784 φθεῑσιν
1155 705 1267 774 ἀδίκως·
1279 711 1418 774 ότοιοῦτος
1429 708 1458 765 ού
1470 707 1547 785 μόνον
1559 703 1635 765 otilo
1647 703 1727 765 αὐτὸν
1737 705 1811 764 tota-

240 798 463 880 lrinepalamest3
477 795 711 878 quomodoautem
724 795 772 855 ille
783 793 929 854 utilitatem
939 814 984 853 ac·
1037 798 1095 877 ψεν,
1107 793 1177 856 ἀλλά
1189 797 1235 857 καὶ
1244 797 1390 878 ὠφέλησεν,
1401 796 1494 857 taneto
1508 796 1537 858 δὲ
1546 800 1576 858 ού
1590 798 1671 876 μόνον
1685 799 1733 858 ota
1743 796 1808 875 ὠφέ-

239 890 315 974 cipit,
326 890 410 950 dicas.
424 891 498 966 Quia
511 891 580 951 male
593 888 667 950 affici
677 900 704 948 et
713 886 818 948 fortiter
831 887 910 962 serre,
921 907 984 946 ma-
1003 904 1023 952 1)
1037 888 1257 962 ληστηάλλάκαλ
1267 890 1376 970 delleta.
1386 893 1464 963 Πῶς,
1473 891 1585 970 Πρῶτον
1594 889 1810 970 μίνύπδτοῦσυν

238 1002 324 1063 guum
332 981 414 1043 habet
426 983 546 1043 lucrum:
554 995 592 1042 est
603 981 677 1042 enim
689 993 863 1062 peecatorum
876 979 984 1054 solutio,
1038 979 1135 1051 ειδότος
1147 982 1339 1061 μαστιζύμενος
1352 987 1398 1041 τοῦ
1412 986 1546 1064 πονηροῦ,
1562 983 1608 1042 καί
1621 985 1684 1043 καθ’
1700 981 1809 1052 ἑκάστην

237 1072 358 1154 graviter
369 1073 468 1154 affligi,
483 1087 523 1152 est
535 1072 715 1158 philosophiae
728 1071 914 1154 gymnasium,
927 1072 985 1140 vir·⁴
1037 1073 1139 1154 ἡμέραν
1155 1072 1341 1151 κεντούμενος,
1354 1074 1399 1134 καλ
1412 1073 1487 1157 παρδ
1495 1074 1604 1136 πάντων
1612 1074 1809 1154 καταγινωακό·

237 1164 305 1226 tutis
322 1165 455 1227 doctrina.
470 1165 620 1229 Videamus
634 1186 699 1246 ergo
714 1179 774 1225 uter
788 1165 816 1224 in
835 1163 916 1224 malis
936 1165 983 1243 sit,
1038 1166 1222 1242 μενος·ίπειτα
1234 1169 1261 1225 ἐν
1271 1170 1310 1247 τῷ
1322 1165 1446 1244 ράλλοντι
1456 1165 1650 1248 κρίματι.Ἀλ).’
1663 1156 1810 1243 drop-isoi-

237 1256 286 1318 hic
297 1280 334 1320 an
347 1257 403 1318 ille.
413 1258 465 1320 llle
474 1258 585 1338 quidem
595 1258 619 1318 si
631 1257 811 1341 philosophus
824 1256 869 1332 sit,
880 1256 985 1317 sortiter
1036 1281 1080 1326 τος
1091 1258 1255 1338 βλάπτεται,
1269 1260 1348 1331 δῆλον
1360 1261 1477 1320 ἐντεῦθεν
1488 1258 1605 1332 κατέστη
1615 1280 1623 1296 ·
1632 1261 1694 1327 πῶς
1706 1257 1736 1318 ti
1749 1260 1810 1338 ὠφε-

238 1351 318 1430 ίετεῖ,
331 1352 378 1412 hic
398 1373 464 1412 vero
483 1351 605 1431 qnotidie
617 1352 646 1411 in
666 1365 782 1412 tremore
794 1364 821 1410 et
834 1349 986 1432 suspicione
1036 1348 1122 1408 λεῖται
1135 1350 1249 1421 ἐκεῖνος,
1260 1349 1327 1410 είπί.
1339 1347 1405 1410 Ὅτι
1416 1350 1447 1410 τδ
1458 1352 1548 1418 κακῶς
1559 1349 1712 1410 totelenei
1725 1348 1809 1430 φέρειν

238 1441 372 1503 ειίιιιιιω
383 1464 448 1523 ergo
459 1443 582 1522 laeditur,
597 1443 643 1504 hic
656 1464 690 1504 an
703 1442 771 1504 ille?
785 1445 808 1503 F
808 1443 904 1504 abulae
917 1463 984 1503 oar·
1036 1437 1175 1517 γενναίυιι,
1189 1441 1259 1521 με’γα
1278 1441 1369 1523 κέρδος
1379 1439 1451 1522 ἔχει·
1466 1440 1523 1502 ἔστι
1542 1440 1595 1522 γάρ
1608 1439 1809 1521 ἁμαρτημάτων

238 1556 293 1608 ras,
310 1534 433 1615 inquies:
447 1536 557 1616 quando
577 1537 639 1616 quis
658 1534 731 1615 quod
746 1535 810 1596 edat
823 1557 876 1595 non
889 1535 983 1613 habet,
1035 1528 1111 1599 λύσις
1130 1531 1162 1592 τὸ
1181 1537 1276 1592 παθεῖν
1299 1537 1404 1607 κακῶς,
1417 1531 1474 1593 ἔστι
1488 1530 1643 1614 φιλοσοφίας
1658 1531 1810 1611 γυμνάσιον,

238 1641 265 1688 et
279 1627 421 1688 lamentari
433 1629 640 1709 mendicareque
657 1629 764 1709 eogitur
772 1674 781 1705 ,
799 1650 848 1688 nec
868 1628 985 1710 accipit,
1037 1619 1107 1682 ἔστιν
1129 1625 1227 1704 ἀρετῆς
1239 1625 1407 1686 διδασκαλία.
1421 1623 1535 1703 Ἰδωμιν
1549 1616 1594 1686 οὗν
1608 1623 1650 1692 τίς
1664 1627 1692 1685 ἀν
1706 1633 1809 1695 κακοῖς,

240 1740 328 1782 nonne
338 1721 420 1781 simul
432 1735 459 1781 et
469 1743 581 1804 corpore
594 1734 621 1782 et
628 1722 718 1781 anima
732 1721 823 1803 perit?
834 1714 893 1781 lnio
906 1720 985 1779 sabu-
1038 1705 1112 1784 υῦτος
1129 1715 1268 1788 ἥάκεῖνος.
1283 1717 1401 1786 Ἐκεῖνος
1428 1717 1477 1797 μίν
1496 1716 1550 1799 γάρ
1572 1709 1639 1798 dvij
1656 1717 1809 1799 φιλόσοφος,

241 1812 444 1893 Ιαιιιιιισιταε,
459 1834 510 1893 ego
525 1811 987 1896 tesipsascommonstro.Dioenim
1037 1807 1162 1888 γενναίως
1179 1808 1265 1870 olori·
1290 1801 1365 1880 οὗτος
1386 1812 1414 1872 ἀί
1435 1813 1494 1872 καθ’
1523 1809 1638 1883 ἑκάστην
1660 1807 1766 1889 ἡμέραν
1787 1810 1810 1867 ἐν

241 1903 323 1983 mihi,
332 1903 458 1965 nullosne
468 1904 587 1965 divitum
609 1906 659 1965 lert
671 1903 840 1964 cruciatum?
849 1903 924 1974 Quid
935 1903 987 1983 igi·
1037 1898 1129 1983 τρόμιρ
1142 1900 1218 1962 ίσται
1234 1902 1280 1962 καὶ
1295 1902 1413 1984 ὑποψία·
1427 1903 1467 1972 τίς
1480 1895 1525 1963 οἷν
1539 1904 1694 1972 ἀδικεῖται,
1709 1888 1810 1970 ulmei

241 1995 309 2056 tur?
319 2016 354 2056 an
367 1995 397 2056 id
407 2017 442 2056 ex
461 2011 618 2078 paupertate
631 1994 775 2078 provenit?
786 1995 841 2057 Sed
855 2017 908 2056 non
921 2016 986 2055 esu-
1004 1995 1024 2046 F·
1038 1994 1151 2066 ἀκτῖνος,
1163 1992 1269 2063 Μύθους
1285 1993 1384 2076 λίγεις,
1398 1996 1477 2076 φησίν
1489 2019 1495 2034 ·
1507 1994 1570 2056 όταν
1583 1994 1638 2075 γάρ
1655 2017 1696 2062 τις
1713 1992 1752 2072 μὴ
1766 1994 1811 2071 ίγῃ

159 2137 162 2143 .
241 2080 339 2148 ritlEt
348 2088 417 2167 quid
426 2089 478 2148 lroe
488 2090 548 2149 est?
558 2090 649 2170 Major
657 2089 709 2148 erit
720 2087 799 2164 ultio,
810 2085 918 2167 quando
924 2107 987 2145 cum
1039 2092 1141 2165 φαγεῖν,
1153 2085 1199 2145 καὶ
1211 2087 1394 2166 ἀναγκάζηται
1404 2087 1580 2168 ἀποδύρεσθαι
1595 2085 1643 2146 καί
1660 2086 1810 2146 ἀποδυσπε·

240 2178 346 2259 (livitiis
364 2180 415 2241 lroe
428 2180 537 2242 ,lecerit
560 2182 655 2260 Neque
675 2179 749 2240 enim
764 2178 870 2240 divitia
891 2180 988 2239 fortem
1038 2184 1103 2247 τεῖν,
1114 2174 1314 2258 ὴὴπροσελθάιν
1325 2182 1443 2239 ἐπαιτεῖν
1462 2178 1508 2238 καί
1527 2176 1565 2257 μὴ
1586 2176 1677 2257 λάόη,
1692 2176 1754 2257 σι’νχλ
1771 2176 1812 2235 καὶ

240 2269 369 2346 reddunt,
378 2294 464 2352 neque
473 2287 616 2355 paupertas
622 2271 805 2347 imbecillum
815 2270 918 2349 alioqui
926 2271 989 2329 nul-
1039 2267 1089 2341 τὴν
1101 2267 1190 2350 loquis
1202 2269 1248 2329 καλ
1258 2269 1290 2329 τδ
1299 2274 1380 2348 σῶμα
1392 2269 1603 2351 προσαπολλύει,
1614 2268 1725 2337 illidere
1734 2267 1767 2330 σὺ
1776 2270 1813 2328 λε’-

239 2363 283 2424 Ιιιε
295 2364 488 2446 opulentorum
501 2364 627 2425 miseram
646 2377 737 2445 ageret
760 2363 864 2441 vitam,
879 2362 988 2422 nullus·
1038 2383 1109 2439 γειτ·
1124 2359 1177 2442 tou
1190 2361 1242 2443 γάρ
1259 2362 1415 2423 ἐπιδεικνύοι
1428 2361 1586 2444 πράγματα.
1602 2361 1673 2423 Εἰπὲ
1687 2362 1742 2442 γάρ
1755 2386 1811 2440 μοι,

240 2475 294 2534 que
309 2476 461 2537 pauperum
473 2455 525 2514 sibi
547 2455 728 2515 malediceret.
744 2454 831 2528 Quod
846 2474 912 2514 veru
931 2474 987 2513 ser·
1039 2452 1124 2522 οὐδιὶς
1138 2457 1192 2513 τῶν
1215 2453 1397 2514 πλουτούντων
1413 2455 1604 2528 ἀποδυοπετεῖ,
1616 2454 1655 2514 Τί
1668 2445 1733 2529 οἶν,
1746 2453 1810 2533 wll

240 2568 334 2608 mones
344 2547 501 2608 vestrivnre
512 2546 681 2626 fabulasint,
697 2546 763 2608 hinc
775 2546 868 2628 palam
877 2546 985 2607 faciam.
1039 2544 1118 2605 πενία
1142 2545 1214 2606 αἰτία
1237 2544 1345 2621 τούτω,
1370 2546 1450 2607 Ἀλλά
1474 2549 1503 2606 ού
1535 2546 1685 2625 λιμύιττει,
1709 2546 1764 2606 Καὶ
1788 2546 1812 2604 τί

241 2638 377 2700 Paulusne
388 2639 417 2699 in
430 2636 537 2701 divitiis
548 2653 618 2717 erat,
641 2661 676 2700 an
686 2640 715 2700 in
724 2638 905 2722 paupertate?
916 2640 988 2700 lame
998 2641 1132 2724 mudum
1146 2637 1251 2706 Μείζων
1261 2643 1278 2711 ἡ
1289 2638 1366 2714 δίκη,
1377 2639 1441 2699 όταν
1452 2638 1520 2720 μετὰ
1530 2638 1643 2699 πλούτου
1652 2645 1734 2700 τοῦτο
1744 2644 1810 2718 ποιῇ.

241 2730 394 2811 laborabat,
409 2733 519 2792 annon?
531 2734 627 2814 Ipsum
644 2731 740 2793 audire
756 2731 821 2792 linet
841 2731 987 2807 dicentem,
1006 2739 1027 2787 Α
1040 2727 1171 2808 Ούτεγάρ
1184 2732 1296 2798 πλοῦτος
1308 2739 1425 2809 γενναῖον
1436 2740 1522 2805 ποιεῖ,
1537 2729 1597 2792 ούτε
1608 2735 1708 2804 ἀσθενῆ
1720 2731 1808 2790 πενία·

90 2853 114 2885 2.
161 2855 181 2884 r.
210 2852 229 2884 ι.
243 2827 282 2885 In
291 2827 378 2907 sante
392 2838 422 2887 et
442 2829 503 2886 sui.
526 2825 668 2906 Prophetae
685 2824 862 2885 esuriebant?
875 2825 987 2904 annon?
1041 2821 1098 2880 luel
1109 2821 1196 2893 ,οὐδεὶς
1214 2819 1311 2881 ἀντῶν
1332 2823 1360 2880 ἀν
1375 2821 1482 2903 πλούτῳ
1496 2821 1600 2891 ζώντων
1616 2822 1753 2903 μοχθηρὸν
1766 2822 1806 2893 ἔζη

124 2933 129 2946 ·
243 2916 289 2978 llli
303 2937 412 2996 quoque
432 2916 461 2976 in
481 2917 560 2976 malis
574 2929 658 2977 erant.
672 2918 777 2976 Rursus
788 2915 905 2976 Paulum
918 2915 988 2978 milri
1042 2910 1107 2991 βίον,
1122 2913 1176 2972 οὐδ’
1189 2911 1221 2972 ἀν
1237 2914 1324 2994 ἑαυτῷ
1337 2912 1508 2994 κατηράσατο
1519 2912 1602 2982 ούδελς
1615 2918 1669 2975 τῶν
1685 2917 1715 2975 ἐν
1728 2912 1809 2992 πενίᾳ.

242 3010 358 3091 profers,
372 3030 467 3069 rursus
480 3008 625 3091 prophetas
632 3053 641 3084 ,
654 3007 748 3068 decem
760 3020 808 3068 aut
820 3007 920 3088 viginti
937 3008 991 3067 lio-
1039 3002 1105 3066 Ὅτι
1115 3005 1143 3064 δὲ
1152 3005 1234 3072 όντως
1247 3011 1322 3086 μῦθοι
1334 3004 1369 3065 τά
1381 3009 1445 3086 παρ’
1455 3010 1540 3085 ὑμῶν,
1551 3009 1650 3067 ἐκεῖθεν
1662 3011 1728 3087 ὑμῖν
1739 3007 1810 3078 ποιή-

243 3100 339 3161 mines.
356 3100 413 3162 sod
434 3100 506 3160 unde
527 3100 588 3162 vis?
601 3099 647 3160 Ex
660 3098 851 3176 multitudine,
869 3098 985 3179 inquies,
1040 3119 1080 3156 σω
1102 3096 1221 3178 φανερόν.
1245 3095 1316 3157 Είπί
1336 3121 1398 3177 μοι,
1410 3102 1425 3158 δ
1439 3101 1544 3166 Παῦλος
1560 3103 1587 3160 lu
1600 3098 1682 3180 ertulq
1696 3090 1770 3171 ἤηῆ
1787 3103 1811 3158 ἐν

242 3192 352 3253 ostende
363 3192 430 3252 milri
445 3191 574 3271 quosdam
588 3191 635 3271 qui
652 3190 757 3252 fortiter
769 3192 867 3251 serant.
879 3191 934 3252 sod
945 3213 987 3251 ra-
1040 3189 1164 3270 πλούτιρ,
1177 3187 1330 3267 ίλίμωττεν,
1353 3189 1371 3260 ἢ
1396 3190 1458 3270 οὐχί
1466 3217 1473 3265 ,
1497 3193 1583 3250 Αὐτοῦ
1608 3193 1681 3251 ἐστιν
1704 3194 1810 3251 ἀκοῦσαι

242 3307 305 3345 rum
314 3305 419 3365 semper
429 3284 480 3344 hoc
490 3297 540 3358 est,
550 3283 629 3364 panei
639 3283 703 3342 boni
717 3296 788 3343 sunt.
797 3282 827 3343 Si
836 3283 987 3359 visautem,
1040 3277 1174 3358 λέγοντος·
1187 3279 1235 3340 Ἐν
1252 3283 1323 3362 λιμῷ
1335 3281 1380 3341 καὶ
1401 3280 1481 3362 δίψει.
1496 3284 1533 3341 Οί
1545 3286 1683 3362 προφῆται
1697 3281 1809 3358 ἐλίμωτ-

243 3398 302 3436 rern
315 3377 344 3436 in
356 3376 443 3458 seipsa
458 3375 653 3436 examinemus.
668 3373 818 3437 Videamus
839 3375 916 3456 eujus
936 3376 988 3435 sol·
1040 3392 1096 3445 τοι,
1109 3368 1127 3442 ἢ
1139 3370 1213 3451 ούχί,
1229 3373 1353 3432 Κάκεῖνοι
1366 3372 1570 3433 ἀπεδυσπέτουν.
1584 3372 1694 3433 ιΠάλιν
1709 3373 1810 3434 Παῖλόν

241 3471 458 3552 lieitudo'major
471 3470 507 3530 sit
518 3484 544 3530 et
559 3470 677 3550 gravior,
690 3470 769 3551 eujus
782 3469 878 3530 levior.
893 3471 988 3531 Nonne
1007 3480 1026 3527 B
1043 3485 1087 3542 μοι
1101 3462 1202 3545 φέρεις,
1219 3463 1300 3524 πόλιν
1321 3464 1381 3532 rol<
1392 3464 1546 3545 προφήτας,
1566 3463 1631 3524 δίκα
1650 3464 1699 3524 καὶ
1720 3465 1811 3524 εἴκοσιν

242 3563 288 3623 hie
300 3561 507 3645 proneooesario
522 3562 649 3622 alimento
663 3562 794 3623 sollicitus
809 3562 923 3640 est‚,ilie
936 3586 988 3645 pro
1043 3553 1203 3635 ἀνθρώποις·
1217 3553 1298 3615 'Allia
1321 3555 1399 3616 πόθεν
1423 3555 1526 3634 βούλει,
1542 3555 1606 3617 {tot
1627 3561 1682 3616 τῶν
1700 3558 1812 3624 πολλῶν,

243 3655 391 3716 innumeris
402 3655 484 3717 rebus
497 3654 588 3735 ipsum
601 3654 694 3714 eibum
704 3654 855 3734 relinquit?
870 3657 930 3715 Non
950 3657 990 3715 fa·
1043 3646 1122 3729 φηοί,
1137 3645 1219 3717 δῐῖίόν
1241 3647 1286 3726 μοί
1307 3671 1380 3716 τινας
1395 3648 1520 3730 qima<
1540 3647 1675 3727 oviator.
1694 3647 1813 3708 ’autu

242 3773 314 3812 mem
336 3751 413 3811 timet
435 3749 523 3824 diveS,
538 3749 586 3810 sed
613 3750 667 3810 alia
680 3750 824 3829 formidat,
850 3773 920 3834 saepe
938 3774 991 3834 pm
1044 3739 1154 3800 σπάνιον
1171 3740 1212 3801 ἀεὶ
1231 3744 1359 3814 τοιοῦτον,
1374 3742 1421 3800 καὶ
1434 3739 1518 3822 ὀλίγοι
1533 3744 1558 3800 ot
1570 3738 1656 3800 καλοί.
1672 3741 1707 3799 El
1731 3738 1814 3818 βούλει

242 3843 327 3904 salute
340 3843 427 3903 timet.
444 3844 505 3902 Non
515 3856 592 3903 vacat
606 3843 660 3903 cibi
676 3842 857 3904 sollieitudine
876 3866 988 3926 pauper,
1045 3831 1088 3903 ll,
1108 3832 1154 3892 ml
1169 3835 1229 3892 καθ’
1253 3831 1330 3892 ἕαντὸ
1343 3831 1374 3891 τὸ
1387 3843 1500 3914 πρᾶγμα
1513 3831 1690 3911 ἐξετάσωμεν·
1704 3829 1813 3908 ’loono

242 3936 289 3997 sed
300 3935 361 3996 aliis
378 3949 456 3999 vacat
475 3933 713 4014 sollicitudinibus,
720 3936 991 4014 monmutemhabu,
1043 3924 1142 3997 τίνοιὴ
1160 3924 1265 4008 φροντὶς
1285 3923 1380 4004 μείζων
1394 3925 1440 3986 καὶ
1454 3923 1681 4008 δραματικοί
1695 3922 1764 3990 τίνοι
1777 3924 1815 3982 εὖ·

241 4028 368 4107 quietem,
382 4025 610 4106 tranquillitatem.
1043 4015 1192 4099 φοριυτίρα.
1207 4020 1295 4100 Οὗχδ
1310 4016 1358 4095 μὲν
1371 4018 1439 4100 ὑπὲρ
1461 4022 1508 4090 τῆς
1532 4016 1679 4096 ἀναγκαίας
1703 4024 1815 4098 μεριμνᾷ

1043 4113 1161 4192 τροφῆς,
1178 4110 1233 4170 ὁδί
1249 4109 1316 4193 ὑπὲρ
1331 4109 1432 4192 μορίοιν
1451 4110 1616 4192 πραγμάτων
1629 4108 1732 4180 ταύτης
1752 4108 1815 4188 όφί·

1045 4224 1139 4282 μενος,
1153 4204 1194 4263 Οὐ
1208 4201 1323 4262 δέδοικεν
1337 4201 1403 4282 ὑπὲρ
1415 4206 1494 4280 λιμοῦ
1503 4207 1518 4262 ὁ
1527 4200 1667 4275 πλούσιος,
1680 4202 1740 4260 ἀλλ’
1753 4199 1815 4278 ὑπὲρ

1043 4292 1140 4375 ἑτέρων
1151 4293 1268 4354 δίδοται·
1282 4293 1411 4361 πολλάκις
1424 4293 1491 4372 ὑπὲρ
1505 4292 1638 4374 σωτηρίας
1651 4295 1744 4364 αὐτῆς.
1762 4293 1816 4350 Οὐκ

1044 4384 1160 4467 ίχειτλν
1180 4384 1340 4467 ἀμεριμνίαν
1353 4388 1401 4455 τῆς
1413 4390 1511 4466 τροφῆς
1529 4389 1544 4445 δ
1566 4384 1664 4456 πίνης,
1680 4385 1742 4444 ἀλλ’
1764 4381 1815 4462 ἔχει

1043 4480 1092 4552 τλν
1106 4466 1198 4560 ίτίραν
1212 4476 1383 4560 ἀμεριμνίαν,
1401 4476 1449 4549 τὴν
1464 4475 1621 4558 ἀσφάλειαν,
1634 4473 1685 4548 τλν
1695 4472 1815 4554 ἡσυχίαν,

1043 4571 1093 4645 τὴν
1108 4570 1209 4632 ἄδειαν.
1700 4595 1703 4601 ·

285 4661 313 4722 5.
326 4657 452 4740 Alioquin
470 4677 550 4736 veru,
569 4657 593 4718 si
612 4657 712 4740 injuste
724 4679 803 4739 agere
817 4661 919 4721 malurn
935 4682 988 4722 non
1082 4662 1183 4730 Ἄλλως
1198 4662 1241 4735 δὲ,
1255 4663 1279 4722 εἰ
1292 4661 1424 4741 μὴκακόν
1449 4662 1480 4722 τὸ
1500 4662 1610 4729 ἀδικεῖν,
1632 4658 1705 4721 ἀλλά
1730 4659 1816 4728 καλὸν,

244 4769 295 4831 est,
308 4754 357 4814 sed
369 4753 483 4829 bunum,
495 4772 544 4810 cur
561 4749 775 4811 confundimur?
787 4773 835 4812 cur
848 4755 986 4813 erubesci·
1006 4774 1025 4824 c
1044 4754 1087 4815 διά
1109 4753 1137 4813 τί
1157 4752 1352 4834 αἰσχυνόμεθα,
1374 4753 1417 4812 διά
1430 4753 1457 4811 τί
1470 4750 1712 4833 ἐγκαλυπτόμεθα,
1736 4749 1778 4809 διὰ
1794 4748 1816 4806 τί

245 4849 326 4908 mus?
336 4869 386 4907 cur
405 4845 514 4928 probris
526 4843 615 4904 affecti
635 4840 820 4925 indignamur,
836 4868 906 4927 aegre
920 4848 986 4907 leri·
1043 4847 1227 4927 ὀνειδιζόμενοι
1245 4850 1445 4927 ἀγανακτοῦμεν
1470 4846 1516 4905 καλ
1536 4843 1760 4926 δυσχεραίνομεν,
1787 4844 1816 4900 Εἰ

244 4943 327 5002 mus?
337 4943 368 5002 Si
387 4962 440 5000 non
458 4940 560 5000 bonum
573 4952 612 4998 est
625 4938 726 5020 injuste
738 4940 840 5021 affligi,
851 4962 900 5000 cur
913 4961 944 5001 ea
954 4941 988 5002 de
1044 4940 1082 5022 μὴ
1094 4942 1174 5002 καλδν
1183 4940 1215 5000 τδ
1222 4941 1369 5000 ἀδικεῖσθαι
1379 4937 1423 4996 διδ
1432 4938 1458 4997 τί
1466 4935 1662 5019 ἐναύρυνόμεθα
1672 4936 1720 4994 καὶ
1729 4936 1817 5013 ἐγκαλ-

245 5031 473 5114 regaudemuset
485 5032 646 5112 gloriamur,
664 5045 692 5092 et
704 5053 753 5094 nos
763 5032 945 5114 justificamus
959 5055 989 5096 ea
1042 5033 1212 5112 λωπιζόμεθα
1233 5036 1272 5113 τῷ
1293 5030 1449 5113 πράγματι,
1471 5030 1518 5089 καὶ
1539 5026 1773 5106 δικαιολογούμευα
1793 5029 1816 5083 ἐν

224 5208 230 5221 ·
279 5192 291 5229 ¹²
304 5190 349 5241 Alii
361 5197 376 5248 ἣ
387 5191 517 5259 προεαλόιῖν
527 5195 632 5244 ἀπαιτεῖν.
1089 5207 1100 5232 ¹
1111 5188 1179 5242 Alius
1187 5195 1263 5253 πάλιν,
1275 5195 1340 5257 φησι,
1354 5192 1455 5240 Παῦλον.
