3728 5978
581 427 614 472 ιιι
643 426 729 475 ucri
757 428 1014 481 Ανουτυεοιιιτιι.
1043 435 1161 484 noum.
1189 438 1283 487 xiix.
1647 431 1717 524 4⁰9

145 623 412 636 *m

999 640 1228 652 --·-----.....
1240 644 1587 660 ...Μ

428 799 563 858 omisis
579 797 631 876 ρι’.
1040 856 1044 861 .
1202 808 1362 871 nomin
1383 811 1486 875 xiix.

147 977 229 1048 Γνοὺς
247 979 304 1040 δδθ
324 983 449 1056 Παῦλος,
464 981 505 1042 δτι
524 982 554 1043 τδ
576 983 603 1043 ἓν
621 984 700 1064 μέρος
722 986 778 1046 leel
796 987 916 1049 Σαδδου-
974 991 1043 1050 Cur.
1059 989 1164 1051 xxlll.
1181 1014 1208 1055 v.
1226 995 1255 1056 6.
1269 994 1369 1058 Sciens
1380 1011 1479 1059 autem
1493 1001 1618 1079 Paulus,
1635 1006 1715 1084 qued

187 1072 286 1145 καίων,
304 1073 336 1132 τθ
355 1072 383 1134 δὲ
404 1073 492 1156 ίτερον
507 1076 680 1158 Φαρισαίων,
700 1077 816 1159 ίκραξεν.
829 1083 857 1140 ίν
877 1083 916 1160 τῷ
1012 1102 1150 1163 unapars
1161 1098 1234 1145 esset
1243 1087 1479 1166 Sadducaeorum,
1488 1103 1517 1152 et
1526 1092 1622 1153 altera
1631 1096 1713 1155 Ρίιαὲ

187 1165 331 1247 συνεδρίῳ·
352 1168 444 1248 ἄνδρες
463 1169 586 1250 άδιλροί,
607 1169 660 1249 ἐγὼ
678 1172 828 1253 Φαρισαῖός
846 1175 915 1251 ιίμι,
1010 1179 1171 1248 risoeorum,
1185 1179 1560 1243 exclamavitinconciiio:
1574 1187 1713 1268 Vtrisro-

186 1258 242 1325 υίδς
253 1259 419 1339 Φαρισαίου·
436 1263 497 1345 περί
513 1263 618 1331 ἐλπίδος
630 1265 677 1325 καί
688 1264 857 1333 ἀναστάσεως
875 1290 917 1326 νε-
1011 1283 1078 1348 tres,
1089 1292 1142 1353 ego
1151 1275 1320 1338 Pisarisoeus
1329 1296 1403 1353 sum,
1412 1279 1560 1339 Pkarisoei
1565 1281 1647 1360 filius
1652 1306 1665 1353 ,·
1676 1284 1714 1342 de

186 1355 257 1429 κριῦν
277 1351 330 1430 ίγὼ
343 1353 478 1432 κρίνομαι.
492 1358 586 1415 Ταῦτα
600 1356 628 1415 δδ
643 1360 721 1417 αὐτοῦ
738 1358 915 1430 λαλήσαντος,
1010 1377 1099 1444 spect
1112 1371 1322 1430 resurrectione
1336 1381 1516 1431 mortuorum
1528 1375 1712 1454 egojudioor.

128 1458 134 1465 ·
185 1443 290 1521 ἐγένετο
310 1444 403 1512 στάσις
421 1450 474 1504 τῶν
488 1448 675 1508 Σαδδουκαίων
688 1448 734 1508 καί
747 1449 914 1532 Φαρισαίων,
932 1463 951 1510 c
1010 1457 1038 1515 t.
1053 1458 1173 1518 Etcum
1194 1461 1249 1520 ίιου
1259 1461 1391 1534 dixisset,
1399 1464 1493 1545 sacta
1510 1477 1553 1527 est
1571 1467 1713 1535 dissensio

185 1531 231 1593 καί
245 1536 356 1615 ἐσχίσθη
374 1536 404 1596 τδ
423 1540 531 1609 πλῆθος.
545 1540 720 1600 Σαδδουκαῖοι
734 1540 783 1619 μὲν
802 1538 855 1621 γάρ
873 1540 916 1601 λί·
972 1600 975 1604 ,
1009 1550 1086 1607 inter
1101 1551 1269 1611 Pisarisaeos
1289 1564 1318 1612 et
1338 1553 1571 1629 Saddueoemfft
1589 1557 1712 1619 discissa

184 1649 276 1704 γουσι,
295 1626 333 1705 μὴ
355 1618 423 1687 εἶναι
440 1627 602 1704 άνάστασιν,
624 1630 691 1710 μηδὲ
704 1632 815 1712 άγγιλον
826 1676 837 1705 ,
846 1631 915 1710 μήτε
972 1658 975 1666 ’
1009 1652 1052 1699 est
1064 1641 1231 1703 multitudo.
1242 1641 1272 1702 8.
1282 1643 1521 1705 Sadducoeienim
1531 1648 1712 1722 dieunt,non

185 1727 308 1798 πνεῦμα·
323 1722 469 1803 Φαρισαῖοι
486 1721 513 1781 δί
535 1726 694 1802 ὁμολογοῦσι
712 1723 746 1784 τά
767 1724 913 1807 ἀμφότερα.
1008 1751 1071 1791 esse
1085 1737 1333 1810 resurectionem,
1348 1757 1441 1817 neque
1452 1739 1602 1817 angelum,
1619 1761 1712 1821 nequo

1007 1827 1141 1902 spiritum
1159 1847 1168 1884 .·
1193 1828 1340 1887 Pharisaei
1357 1841 1457 1888 autem
1476 1842 1600 1910 utreque
1618 1834 1710 1914 confi·

1009 1926 1114 1976 tentur.

183 2106 269 2165 Πάλιν
291 2106 462 2185 ἀνθρωπίνοις
479 2108 644 2189 διαλέγεται,
657 2110 703 2172 καί
725 2112 755 2170 οὗ
776 2119 912 2194 πανταχοῦ
1008 2103 1171 2164 Ulmum
1184 2103 1304 2166 humalw
1320 2127 1395 2167 more
1407 2107 1525 2188 disserit,
1541 2130 1590 2172 nec
1606 2131 1710 2193 semper

141 2201 190 2268 τῆς
200 2197 309 2280 χάριτος
322 2197 464 2273 ἀπολαύει,
478 2199 548 2260 άλλά
562 2202 607 2259 καί
621 2205 685 2283 παρ’
698 2205 792 2262 ἑαυτοῦ
806 2228 833 2263 τι
850 2228 913 2285 συγ·
967 2196 1054 2277 gratia
1068 2199 1189 2274 fruitnr3
1204 2197 1341 2260 sedetiam
1354 2200 1459 2279 aliquid
1474 2202 1586 2284 nseipto
1595 2206 1710 2285 permit-

141 2298 270 2371 χωρεῐται
284 2288 412 2371 είαφίρειν
424 2315 430 2328 ·
444 2291 458 2350 δ
471 2290 503 2364 δὴ
519 2291 564 2351 καί
577 2302 657 2365 ποιεῖ,
670 2291 716 2352 καί
729 2295 850 2376 ἐντούτῳ
867 2297 913 2357 καί
967 2289 1035 2349 titur
1044 2290 1156 2367 efferre3
1171 2288 1202 2348 id
1222 2288 1295 2368 quod
1309 2311 1371 2351 sane
1384 2292 1466 2350 iacit:
1484 2306 1510 2352 et
1528 2292 1557 2353 in
1568 2293 1620 2355 hoc
1640 2309 1667 2355 et
1681 2295 1710 2356 in

142 2385 169 2440 ἕν
180 2385 220 2461 τῷ
230 2379 299 2460 μετὰ
309 2389 394 2442 ταῦτα
408 2385 588 2464 ἀπολογεῖται,
605 2384 762 2463 βουλόμενος
776 2386 869 2468 αχίσαι
881 2389 912 2449 τὸ
965 2379 1087 2459 Sequenti
1109 2379 1239 2441 rationem
1254 2380 1357 2459 reddit,
1377 2395 1408 2442 ul
1421 2381 1526 2443 scindat
1549 2383 1708 2446 multitudi-

141 2476 241 2545 πλῆθος
253 2473 284 2533 τὸ
302 2478 391 2541 κακῶς
406 2479 529 2553 θμονοοῦν
551 2479 610 2535 κατ’
625 2481 713 2537 αὐτοῦ.
733 2479 787 2562 Καί
801 2482 831 2538 οῦ
847 2480 912 2560 θεά
965 2494 1026 2535 nem
1037 2487 1128 2535 eontra
1142 2493 1171 2533 se
1183 2473 1254 2532 rnele
1267 2474 1447 2555 conjunctam.
1462 2477 1553 2554 Neque
1566 2477 1706 2557 mentitur,

141 2568 214 2626 δεται
223 2565 282 2626 οὐδὲ
298 2570 419 2641 ἐνταῦθα,
432 2569 600 2649 ΙΙΦαρισαῖον
615 2569 707 2630 ἑαυτὸν
722 2571 815 2650 λίγων·
824 2574 912 2656 Φαρι·
928 2572 948 2620 ί)
965 2588 1028 2629 eum
1037 2588 1067 2627 se
1078 2566 1146 2626 dicit
1159 2565 1326 2627 Pharisaeum
1336 2591 1344 2626 z
1355 2568 1506 2628 Pharisaeus
1516 2569 1589 2629 enim
1602 2585 1658 2631 erat
1672 2593 1709 2633 ex

140 2665 215 2724 σαῑος
224 2657 276 2738 γάρ
284 2649 317 2730 ἦν
330 2660 362 2717 ix
375 2658 521 2740 προγόνων.
534 2660 586 2719 Διδι
599 2666 675 2721 τοῦτο
689 2662 735 2722 καί
748 2661 830 2732 οῦτως
843 2667 910 2723 ἀπο·
964 2656 1190 2740 progenitoribus.
1201 2657 1266 2717 ldeo
1276 2657 1315 2719 itn
1325 2678 1382 2718 sese
1393 2657 1512 2719 defendit
1522 2662 1708 2749 :Plurisoeus

138 2753 274 2831 λογιῖται·
289 2751 439 2832 Φαρισαῖος
452 2750 504 2830 ἐγώ
523 2755 593 2829 εἰμι,
612 2753 667 2821 υίδς
679 2753 846 2835 Φαρισαίου,
864 2754 910 2815 καί
963 2770 1016 2831 ego
1029 2771 1104 2824 sum,
1116 2749 1367 2831 Pisarisoeifiiius,
1379 2762 1408 2810 et
1418 2752 1455 2810 de
1464 2771 1514 2832 spe
1527 2772 1563 2811 oe
1576 2773 1705 2856 resurre-

138 2843 200 2922 τερί
214 2842 320 2909 ἐλπίδος
339 2842 385 2901 καὶ
400 2843 571 2911 ἀναστάσεως
583 2848 681 2927 νεκρῶν
704 2845 756 2926 ἐγὼ
774 2846 908 2928 κρίνομαι.
963 2846 1061 2902 ctione
1080 2853 1322 2921 mortuorumego
1330 2843 1457 2922 judicor.
1479 2843 1550 2916 Quin
1571 2865 1644 2905 emm
1664 2847 1706 2907 illl

139 2933 252 3008 Ἐπειδὴ
266 2933 319 3017 γάρ
329 2938 423 2996 ἐκεῖνοι
434 2936 481 2993 οῦκ
497 2934 635 2996 ίῦοάλοντο
649 2938 731 2996 είπεῑν
745 2938 788 2997 διδ
803 2937 831 2998 τί
849 2938 908 3022 κρί-
962 2933 1088 2994 nolebant
1102 2931 1193 2992 dicere
1206 2952 1256 2992 eur
1268 2931 1349 2991 illum
1356 2932 1519 3013 judicarent,
1531 2935 1638 3039 cogitur
1647 2938 1706 3018 jnm

138 3050 225 3088 νουσιν
247 3027 340 3100 αὒτδν,
364 3027 541 3107 ἀναγκάζεται
567 3028 660 3088 λοιπὸν
687 3029 763 3097 aies<
787 3029 908 3099 ίξειπεῖν.
961 3023 1048 3085 illeid
1060 3023 1208 3086 enuntiare.
1222 3025 1370 3085 Pisarisoei
1384 3037 1494 3104 autem,
1507 3026 1604 3106 inquit,
1619 3040 1704 3131 utra.-

137 3120 285 3199 Φαρισαῖοι
299 3119 341 3192 δὲ,
360 3118 456 3200 φησίν,
475 3121 631 3198 ὁμολογοῦσι
645 3118 679 3179 τά
692 3120 839 3203 ἀμφότερα.
854 3122 908 3183 Καὶ
962 3117 1216 3200 quoconfitentur.
1236 3113 1322 3195 Atqui
1335 3115 1387 3175 irin
1401 3129 1540 3177 sunteeur
1560 3136 1623 3198 ergo
1637 3117 1705 3179 dicit

138 3210 192 3289 ριίγν
216 3210 277 3290 τρία
291 3210 370 3273 desi·
384 3215 442 3280 πῶς
463 3201 508 3269 οῦν
529 3210 601 3291 λέγει
620 3211 782 3294 ’λμρθτερας
803 3213 844 3277 Ἦ
867 3213 909 3275 dns
965 3207 1186 3290 UtraqueiVel
1207 3205 1280 3287 quod
1302 3206 1461 3288 spiritumet
1483 3209 1596 3289 angelus
1618 3227 1704 3271 unum

136 3310 244 3380 πνεῦμα
258 3302 303 3362 καί
321 3304 430 3383 ἄγγελος
443 3302 472 3361 ίν
489 3306 568 3376 ίστιν,
582 3300 653 3374 ἣδτι
668 3305 698 3361 οῦ
713 3303 908 3383 μάνονήλῆις
960 3299 1088 3378 sint5vel
1101 3299 1166 3379 quis
1180 3299 1266 3361 dictio
1286 3299 1335 3360 illa
1357 3319 1411 3365 non
1433 3299 1523 3360 solum
1534 3299 1570 3361 de
1583 3301 1703 3379 duobus,

135 3393 199 3476 περὶ
210 3395 271 3469 δυό,
287 3394 356 3455 ἀλλά
373 3393 419 3454 καί
438 3392 499 3475 περί
518 3399 598 3476 τριῶν
619 3394 793 3474 λαμῦάνεται.
812 3397 908 3462 Kero-
960 3392 1007 3453 wll
1020 3392 1102 3453 ‘llam
1121 3392 1156 3452 de
1169 3391 1257 3452 ilibus
1270 3391 1413 3473 ³⁰35le
1429 3392 1524 3471 Ῐῐᾶίῐῦθ
1536 3394 1632 3455 latiore
1651 3417 1703 3456 11⁵1!

134 3489 289 3567 χρηστικῶς
305 3477 349 3545 uls
368 3485 451 3555 οὕτως
470 3477 540 3562 εἶπε,
554 3487 600 3546 καί
621 3489 651 3546 οὐ
668 3492 838 3570 κυριολογῶν.
853 3492 908 3552 Καὶ
960 3499 987 3545 et
1005 3505 1058 3548 non
1073 3483 1184 3565 proprie
1199 3483 1239 3546 sic
1256 3483 1384 3562 loquutus
1397 3497 1446 3546 esi.
1461 3485 1498 3545 Et
1510 3485 1703 3567 vide:quand0

134 3579 203 3658 δρα·
221 3577 265 3637 θ’τε
280 3582 339 3656 μετ’
359 3581 444 3638 αὐτῶν
464 3578 546 3653 ἔστη,
558 3577 619 3638 τότε
636 3580 827 3659 ἀπολογοῦνται
840 3582 907 3662 θπίρ
960 3598 1023 3638 cum
1034 3577 1089 3637 illis
1101 3576 1162 3653 suit,
1172 3590 1237 3636 tune
1249 3577 1306 3657 ejus
1319 3597 1428 3636 musam
1436 3576 1633 3641 defendendum
1644 3603 1702 3642 sus·

134 3672 224 3729 αθτοῢ.
233 3669 357 3750 Ἐγίνετο
366 3669 419 3750 γάρ
426 3716 435 3745 ,
447 3671 521 3750 φησί,
535 3669 638 3753 κραυγὴ
650 3670 753 3749 μεγάλη
765 3695 771 3709 ·
785 3672 831 3731 καί
842 3675 906 3733 ἀνα·
922 3688 942 3736 1¹2
960 3667 1073 3749 cipiunt.
1092 3670 1121 3728 9.
1134 3671 1246 3729 Factus
1258 3681 1312 3742 cst,
1324 3668 1422 3747 inquit,
1432 3671 1546 3731 clamor
1554 3694 1698 3754 magnus,·

134 3761 244 3829 στάντες
269 3765 321 3821 τῶν
344 3763 524 3844 γραμματίων
547 3770 593 3822 τοῦ
616 3761 711 3841 μίρους
737 3767 790 3823 τῶν
816 3765 904 3845 Φαρι·
957 3763 1303 3841 etsurgentesscriboeex
1312 3764 1701 3848 portePisorisoeorum,pu·

133 3852 235 3928 σαίων,
248 3853 405 3935 διεμάχοντο
418 3853 555 3932 λέγοντες·
569 3853 642 3913 οὐδὲν
654 3853 735 3912 κακὸν
749 3853 903 3936 εὑρίσκομεν
957 3854 1091 3932 gualant
1099 3852 1229 3910 dicentes
1238 3875 1245 3908 ι
1254 3853 1341 3912 Νίίιίί
1350 3852 1424 3912 moli
1432 3857 1597 3916 invenimus
1607 3861 1639 3917 in
1649 3859 1701 3916 ίιυ-

132 3946 161 4002 ίν
174 3948 214 4026 τῷ
228 3945 359 4029 ἀνθρώπῳ
372 3945 465 4028 τοάτιρ.
481 3947 515 4005 El
530 3944 556 4004 δὲ
569 3950 674 4023 πνεῦμα
688 3944 816 4018 ἐλάλησεν
831 3949 903 4030 αὐτῷ
958 3947 1038 4003 mine
1051 3945 1117 4004 Ιιυε.
1136 3944 1256 4021 Quodsi
1268 3947 1387 4023 spiritus
1401 3945 1540 4025 loquutus
1553 3953 1635 4008 σείει
1649 3952 1702 4011 uel

132 4034 151 4105 ἣ
172 4037 296 4116 ἄγγελος,
316 4035 377 4114 ι’μὴ
398 4041 581 4117 θεομαχῶμεν.
604 4037 659 4098 Καὶ
677 4037 721 4096 διδ
743 4037 771 4096 τί
792 4037 831 4117 μὴ
851 4039 903 4120 πρδ
958 4036 1091 4115 angelus,
1106 4055 1142 4094 ne
1154 4054 1346 4115 repugnemus
1360 4036 1433 4094 Deo.
1447 4034 1484 4095 Et
1498 4057 1612 4097 eurnon
1625 4054 1703 4113 rente·v

131 4127 226 4186 τούτου
241 4128 308 4208 θπίρ
324 4130 401 4188 αὐτοῦ
420 4129 632 4207 ἀπελογήσαντο,
644 4129 711 4190 Ὅτι
729 4132 816 4197 αὐτοῖς
828 4129 903 4191 οὔπω
958 4125 1009 4185 hnc
1023 4125 1102 4184 illum
1121 4123 1319 4183 defendemus?
1333 4124 1405 4196 Quia
1424 4124 1481 4186 illis
1494 4127 1616 4188 nondum
1626 4151 1699 4191 eom·

131 4217 312 4297 συνεμίγνυτο,
326 4219 386 4278 οὐδὲ
399 4221 477 4292 δῆλον
491 4212 534 4295 ἦν,
547 4221 608 4303 πρὶν
620 4219 827 4301 ἀπολογήσεται,
841 4223 902 4282 Φα-
957 4218 1060 4278 mixtus
1073 4229 1139 4293 ετιιῑ,
1148 4237 1242 4295 neque,
1252 4229 1397 4295 antequam
1409 4238 1466 4278 sese
1478 4217 1641 4300 defenderet,
1652 4245 1700 4283 no·

132 4319 234 4387 ρισαῐος
246 4311 346 4370 άνωθεν
359 4310 406 4370 ὤν.
417 4309 510 4393 Ὁρᾷς,
520 4311 583 4371 δταν
597 4309 631 4370 τά
646 4313 717 4385 πάθη
728 4312 903 4393 θποχωριίσῃ,
958 4324 1016 4370 tum
1029 4322 1086 4369 erat
1096 4309 1185 4389 ipsum
1200 4329 1216 4367 α
1229 4308 1378 4389 majoribus
1391 4329 1446 4369 esse
1455 4310 1632 4375 Pherisaeum.
1644 4317 1700 4378 vi-

130 4406 216 4473 πιῦςὴ
231 4402 341 4474 ἀλήθεια
351 4402 558 4482 εθρίσκεταιςὋ
568 4403 596 4462 δί
609 4403 725 4484 λέγουσι,
738 4405 817 4464 τοῦτό
829 4406 900 4466 ἐστι·
911 4457 948 4498 m
957 4400 1016 4480 des,
1032 4399 1140 4481 quande
1161 4399 1246 4460 animi
1269 4400 1382 4460 aflectus
1401 4401 1566 4507 abscedunt,
1581 4427 1697 4485 quomo.

130 4501 205 4552 ποῖον
214 4492 347 4571 ἔγκλημα,
359 4495 382 4552 εἰ
395 4493 505 4574 άγγελος
516 4496 587 4576 αὐτῷ
597 4496 736 4570 ἐλάλησεν,
748 4498 771 4555 el
784 4503 899 4574 πνεῦμα,
919 4515 939 4560 Α
957 4492 1100 4554 deveritas
1114 4491 1283 4572 reperiatur?
1302 4491 1361 4551 Hoc
1382 4512 1445 4553 vero
1465 4496 1621 4575 significant
1639 4498 1696 4558 illi:

130 4583 176 4642 καί
189 4587 235 4642 ὑπ’
250 4587 330 4645 αὐτοῦ
342 4585 517 4665 κατηχηθεὶς,
533 4585 601 4647 οίίτω
614 4585 647 4646 τά
659 4586 721 4668 περί
734 4589 902 4655 ἀναστάσεως
957 4583 1040 4658 Quod
1060 4583 1175 4662 cmmen,
1190 4582 1214 4642 si
1234 4583 1346 4662 angelus
1360 4584 1489 4663 loquutus
1502 4601 1542 4646 est
1554 4589 1594 4664 ei,
1607 4604 1655 4649 eut
1675 4593 1699 4652 si
1750 4628 1755 4637 ·

130 4677 292 4753 induitione
318 4678 423 4738 Οὐκοῦν
454 4680 534 4738 αὐτοῦ
561 4683 740 4757 άπαατῶμεν,
763 4678 801 4758 μὴ
829 4684 901 4762 αὐτῷ
957 4678 1080 4760 spiritus,
1103 4690 1129 4737 et
1155 4677 1192 4737 ab
1217 4675 1266 4736 illo
1290 4677 1430 4739 institutus
1454 4679 1493 4739 sic
1518 4680 1553 4740 de
1574 4704 1697 4744 resurre-
1813 4740 1818 4747 .

129 4769 305 4844 πολεμοῦντες
316 4768 362 4828 καί
378 4769 505 4849 θεομάχοι
520 4773 679 4849 εὑρεθῶμεν.
701 4769 775 4853 Ὅρα
788 4777 903 4840 συνετῶς
957 4770 1044 4831 ctione
1063 4768 1179 4829 docent?
1198 4768 1274 4848 Ergo
1292 4768 1468 4830 abscedamus
1485 4772 1521 4831 nb
1535 4772 1594 4851 illo,
1608 4796 1652 4851 ne,
1674 4775 1698 4836 si

130 4858 223 4926 αὐτοὺς
232 4861 537 4942 θπεραπολογουμίνους,
548 4864 593 4921 καί
603 4863 647 4922 τὸν
656 4865 763 4923 Παῦλον
777 4864 901 4943 οὐδεμίαν
959 4884 1020 4923 eum
1044 4862 1094 4923 illo
1106 4881 1268 4944 pugnemus,
1283 4863 1372 4920 Deum
1394 4862 1475 4922 etiem
1496 4862 1697 4945 impugnemus.

163 5056 174 5079 ε
192 5041 264 5106 Ηιεο,
272 5054 393 5113 οαρισαῖσν
405 5047 484 5096 leores
501 5050 580 5110 λέγων,
588 5041 680 5095 desunt
691 5046 716 5095 in
729 5043 890 5111 quibusdem.
939 5056 1023 5101 οίνωθιν
1033 5020 1169 5112 δικάσουσι
1179 5046 1204 5095 in
1212 5047 1240 5094 Α.
1250 5046 1278 5094 ll.
1288 5045 1336 5097 Pro
1348 5050 1445 5108 iilos...
1459 5054 1623 5115 ἀπολογήσεται
1635 5050 1693 5105 sort.

162 5120 177 5156 b
195 5119 226 5168 ln
239 5118 405 5185 quibusdem,
415 5129 449 5186 μὴ
462 5129 621 5189 θεομαχῶμεν,
631 5121 711 5177 ἀστοί.
722 5125 766 5190 [ln
775 5125 803 5175 A.
815 5126 844 5177 ll.
861 5127 893 5176 ln
942 5122 990 5191 leg.
1002 5129 1100 5185 δῆλος...
1114 5124 1320 5189 inclementius]

131 5197 208 5246 tertio
226 5199 255 5248 C.
276 5197 346 5250 deest
367 5196 420 5250 hae
440 5197 544 5250 homilia
576 5201 706 5265 Proxime,
724 5209 758 5256 θαι
777 5208 892 5263 αὐτοῖο...
