3728 5978
9 842 12 847 -
46 794 108 877 ..¹⁴

222 410 291 481 530
458 410 460 415 ’
557 431 585 477 s.
614 430 753 480 Josnnrs
778 428 959 479 cnossosr.
988 430 1145 482 arentur.
1171 430 1440 482 consnsnrnnr.

219 555 332 616 iterntn.
347 556 454 630 Quanta
469 567 495 615 et
516 575 599 634 quarn
617 553 745 614 sublimia
764 554 912 631 audientes,
927 573 961 613 ne
1012 547 1186 628 ἀκούσαντες,
1203 556 1262 618 οὐδέ
1287 567 1437 639 προσεῖχον,
1459 558 1520 620 ἀλλ’
1547 554 1699 637 ἐχλεύαζον,
1726 552 1785 627 Τὴν

218 646 392 708 attendebant
415 646 536 725 quidem,
557 645 605 706 sed
623 644 758 706 ridebant.
772 645 959 706 Resurrectio-
1013 646 1157 707 ἀνάστασιν
1172 646 1200 708 δέ
1213 646 1370 730 ἐχλεύαζον·
1385 647 1510 731 Ψυχικδς
1527 648 1579 729 γὰρ
1599 647 1735 728 ἄνθρωπος
1756 647 1787 704 οὗ

71 736 159 807 ¹:⁰⁰*
170 753 194 787 ε.
219 739 528 800 nemirridebantxnam
542 738 696 799 Animalis
709 742 796 799 bomo
817 758 877 798 non
889 759 958 819 per-
1012 738 1119 819 δέχεται
1131 739 1166 800 τὰ
1179 745 1225 799 τοῦ
1240 739 1407 822 Πνεύματος.
1429 741 1483 802 Καὶ
1501 740 1585 814 οὕτω,
1602 739 1692 820 μησίν,
1705 736 1784 810 ἐξῆλ-

217 837 340 914 eipitea,
352 852 418 912 quoe
431 845 499 892 sunt
508 833 642 912 Spiritus.
652 833 695 891 Et
710 835 763 904 sie,
778 830 877 910 inquit,
887 835 958 893 exiit
976 838 995 886 Ε
1011 834 1053 889 θεν
1068 834 1082 891 θ
1095 833 1202 899 Παῦλος
1225 834 1256 893 lx
1266 859 1269 861 ·
1281 833 1363 912 μέσου
1378 836 1474 893 αὐτῶν.
1498 832 1596 894 Οὗτοι·
1619 834 1691 904 nim
1713 827 1785 897 Τοὺς

216 926 333 985 Paulus
346 926 384 983 de
398 924 494 983 medio
510 944 619 985 eorum.
632 924 680 984 Sie
691 946 703 980 .·
715 923 849 1003 quomodo
860 924 876 983 ?
888 925 958 984 Cnm
1011 919 1059 999 μέν
1072 923 1180 994 πείσας,
1192 923 1244 985 ὑπὸ
1259 925 1287 984 δέ
1299 929 1352 985 τῶν
1362 925 1518 1006 γελώμενος.
1532 922 1679 1003 Κωρισθιλς
1691 918 1719 980 δέ
1729 918 1783 980 ἀπὸ

215 1018 277 1078 aliis
283 1016 471 1099 persuasisset,
492 1017 528 1076 ab
540 1016 601 1077 aliis
611 1037 675 1076 vero
683 1016 777 1077 irrisus
785 1017 887 1078 inisset.
904 1017 957 1078 Se·
1011 1011 1135 1092 Ἆθηνῶν,
1147 1015 1237 1096 ρησλν,
1251 1009 1330 1091 ἦλθεν
1344 1021 1381 1085 είς
1395 1018 1531 1100 Κόρινθον.
1547 1015 1599 1077 Καί
1619 1013 1703 1092 ιθρόιν
1722 1034 1783 1072 τινα

216 1113 321 1175 cedens
334 1127 433 1173 antem
452 1112 592 1185 Athenis,
618 1112 719 1192 inquit,
743 1116 828 1172 venit
852 1113 957 1173 Cor-ln·
1010 1105 1136 1168 Ἰουδαῖον
1148 1107 1259 1187 ὀνόματι
1272 1111 1394 1181 Ἀκύλαν,
1407 1109 1537 1170 Ποντικὸν
1549 1111 1587 1189 τῷ
1601 1104 1685 1186 γένει,
1700 1114 1782 1185 προσ·

217 1206 309 1266 thum.
322 1207 364 1266 Et
377 1205 634 1284 inventoquodom
647 1204 764 1276 ludeo,
781 1207 831 1263 eni
851 1223 959 1264 nomen
1009 1193 1098 1274 φέτως
1111 1196 1256 1270 ἐληλυθότα
1271 1198 1324 1258 dno
1344 1201 1393 1270 τῖις
1406 1196 1535 1269 Ἰταλίας,
1550 1193 1637 1272 {pern
1651 1190 1781 1273 παρ’«ὗ-

215 1298 344 1377 Aquila,
355 1301 406 1378 qni
419 1299 561 1357 Ponticus
576 1308 640 1356 erat
648 1316 752 1376 genere
763 1308 792 1355 et
803 1316 896 1377 nuper
906 1316 958 1356 ne·
1009 1294 1063 1353 τοῖς
1075 1287 1120 1346 καὶ
1132 1289 1275 1371 εἰργάζετο.
1283 1288 1371 1371 Ὀρα,
1381 1293 1463 1360 πῶςθ
1474 1288 1553 1367 νόμος
1568 1286 1681 1366 ἄρχεται
1695 1307 1782 1344 κατα-

217 1402 347 1449 κεεαιεε
359 1389 463 1461 ltalia,
481 1392 591 1448 mansit
599 1388 680 1467 apud
692 1387 761 1448 illos
776 1400 805 1447 et
817 1390 957 1469 operaba-
1009 1375 1120 1438 λύεσθαι
1136 1380 1241 1442 λοιπόν.
1249 1383 1410 1465 Κειράμτνος
1426 1379 1497 1463 γδρ,
1507 1381 1636 1446 Ἰουδαῖοι
1646 1375 1694 1447 ὢν,
1707 1367 1785 1442 οὗτοι

217 1493 274 1540 tnr.
289 1479 372 1556 Vide,
393 1479 531 1559 quomodo
550 1479 596 1541 lex
613 1480 672 1560 jam
685 1478 753 1539 solvi
767 1479 887 1561 incipiat.
905 1478 958 1539 Hie
1010 1472 1037 1530 ἔν
1048 1472 1195 1554 Κεγχρεαῖς
1208 1472 1276 1551 μετὰ
1289 1479 1389 1548 ταῦτα,
1410 1477 1446 1542 είς
1467 1471 1565 1553 Συρίαν
1585 1467 1785 1549 συναπέρχεται

216 1574 331 1633 τοίοισι
352 1587 453 1654 postea,
476 1571 587 1635 Judaens
606 1592 669 1630 eum
686 1585 764 1651 esset,
786 1569 902 1632 totondit
928 1571 957 1631 in
1009 1562 1120 1646 11oeth-
1134 1565 1320 1642 Ποντικδςῶν,
1335 1571 1382 1627 οὐκ
1395 1569 1422 1627 ἐν
1432 1562 1625 1648 Ἱεροσολύμοις
1638 1563 1782 1634 οθδὲπλη-

215 1664 368 1740 Cenchreis,
379 1664 441 1723 etin
457 1662 567 1744 Syriam
580 1661 763 1745 proficiscitur
781 1683 843 1721 cum
862 1652 1066 1748 Paulomoiot
1085 1653 1209 1716 έσπιυδεν
1230 1660 1325 1735 ἐλθεῖν,
1339 1658 1408 1719 ἀλλὰ
1431 1655 1596 1738 μακρατέρω.
1609 1654 1681 1729 Παρ’
1706 1653 1785 1732 αὐτῷ

215 1756 343 1817 Ponticus
362 1778 425 1816 cum
440 1769 523 1831 esset,
537 1775 587 1814 nee
599 1753 798 1837 lerosolymam
820 1775 905 1834 neque
927 1755 955 1815 in
974 1761 995 1811 Α
1010 1750 1071 1826 γοῦν
1088 1747 1177 1825 μένει,
1191 1748 1238 1809 καί
1254 1751 1305 1826 ,οὐκ
1322 1749 1475 1831 αἰσχύνεται
1490 1748 1586 1827 μένων,
1601 1744 1669 1804 άλλδι
1684 1744 1731 1803 καί
1744 1744 1780 1802 δι’

212 1848 303 1910 vicina
326 1849 384 1909 loea
406 1847 499 1908 venire
521 1846 674 1926 festinabat,
701 1845 750 1908 sed
773 1847 954 1928 protulerat.
1009 1839 1162 1902 αὖτὸτῶτο
1175 1840 1264 1920 μένει,
1278 1845 1315 1910 ὡς
1335 1841 1483 1913 ints-ibent
1499 1839 1580 1922 εὑρὼν
1595 1838 1780 1916 καταγώγιον·

214 1938 297 2022 Apud
310 1940 389 1999 illum
406 1959 470 2018 ergo
486 1952 576 1998 manet
588 1983 597 2016 ,
610 1959 658 1998 nec
679 1959 786 1999 manete
800 1937 955 2016 erubeseit;
1008 1933 1099 2014 πολλῷ
1112 1932 1165 2018 γάρ
1178 1937 1251 2017 αὐτῷ
1270 1940 1324 1995 τῶν
1346 1933 1487 2015 βασιλείων
1508 1929 1715 2010 ἐπιτηδειότερον
1735 1919 1782 2001 ἦ.

213 2031 269 2091 imo
281 2030 344 2092 ideo
356 2044 457 2107 manet,
474 2031 551 2110 quasi
573 2029 700 2091 idoneum
715 2044 808 2090 nactus
827 2028 954 2091 diverso-
1008 2026 1063 2084 Καὶ
1083 2024 1122 2104 μὴ
1144 2027 1260 2107 γελάοης
1284 2029 1395 2100 ἀκατίων,
1419 2024 1551 2107 ἀγαπητέ.
1576 2021 1705 2100 Καθάπερ
1726 2018 1780 2098 γάρ

213 2122 295 2201 rinna,
310 2137 337 2182 et
348 2122 445 2202 quavis
456 2123 529 2203 regia
542 2121 596 2181 sibi
605 2121 783 2182 commodius.
801 2122 859 2181 Nee
865 2121 955 2183 rideas
1009 2120 1113 2199 ἀθλητῇ
1127 2123 1144 2192 ἠ
1157 2119 1311 2202 παλαίστρα
1319 2125 1371 2180 τῶν
1385 2115 1667 2200 ἁπαλῶνστροιμάτων
1677 2114 1781 2192 μᾶλλον

212 2213 272 2274 λιιισ
284 2214 406 2290 audiens,
423 2213 528 2308 dilecte.
554 2214 594 2274 Ut
614 2213 686 2273 enirn
700 2213 824 2294 palestra
846 2213 955 2274 athlete
1007 2208 1154 2290 χρήσιμον·
1166 2211 1235 2272 οὕτω
1250 2213 1296 2272 καὶ
1310 2216 1349 2293 τῷ
1360 2215 1507 2292 πολεμιστῇ
1525 2209 1556 2269 τὸ
1570 2207 1640 2289 ξίρος
1653 2205 1684 2266 τδ
1701 2204 1781 2276 σιδη·

211 2306 298 2386 magis
311 2307 450 2388 competit,
461 2327 543 2386 quam
553 2319 637 2366 strata
650 2306 743 2366 mollia
757 2329 764 2363 ι
779 2305 818 2366 sic
829 2307 956 2366 bellatori
1009 2308 1077 2382 ροῦν,
1092 2305 1151 2363 ἀλλ’
1164 2307 1193 2364 οὔ
1215 2305 1246 2365 τὸ
1268 2313 1391 2387 χρυσοῦν.
1406 2304 1457 2366 Καί
1479 2303 1612 2385 εἰργάζετο
1632 2297 1780 2379 κηρύττων.

211 2399 318 2481 gladius
328 2401 439 2477 teneus,
454 2400 631 2479 magisquarn
642 2420 748 2461 aureus.
763 2402 805 2460 Et
815 2403 955 2482 operata·
1008 2396 1198 2475 Αίσχυνθῶμιν
1211 2402 1290 2486 ἡμεῖς
1310 2401 1335 2457 οἱ
1349 2397 1395 2457 καλ
1411 2397 1492 2477 χωρίς
1510 2403 1557 2456 τοῦ
1574 2392 1713 2474 κηρύττειν
1729 2393 1781 2470 ἅρ-

212 2505 261 2551 tur
273 2490 432 2573 predicans.
452 2490 650 2550 Erubesearnus
663 2510 720 2566 nos,
736 2490 784 2570 qui
802 2491 884 2550 etiam
897 2491 955 2552 sine
1007 2490 1060 2565 γῶς
1082 2489 1185 2556 ζῶντες.
1200 2489 1339 2570 Διελέγετο
1359 2488 1387 2548 tt
1406 2492 1434 2548 ἐν
1457 2493 1491 2569 τῇ
1515 2490 1672 2566 συναγωγῇ,
1688 2482 1780 2565 λερησί,

210 2582 401 2662 predicatione
416 2582 536 2644 vivimus
545 2583 640 2643 otiose.
651 2583 831 2662 Disputabnt
841 2595 951 2657 autem,
1007 2576 1078 2637 ιιατδι
1090 2588 1142 2638 πᾶν
1154 2579 1298 2654 σάάάατον,
1311 2580 1399 2642 ἔπειθέ
1412 2605 1442 2640 τε
1455 2579 1597 2644 Ἰουδαίους
1607 2601 1636 2635 τι
1650 2575 1697 2636 καί.
1709 2574 1779 2635 Ἔλ-

209 2674 310 2755 inqoit,
331 2680 684 2757 insynagogaperomne
697 2677 869 2749 sabbatum,
882 2696 952 2736 sna·
1006 2671 1097 2743 ληνας.
1112 2668 1351 2751 Ἀντιτασσομένων
1372 2671 1399 2733 δέ
1417 2674 1502 2733 αὐτῶν
1525 2670 1571 2731 καὶ
1593 2667 1781 2750 βλασφημούν·

210 2767 356 2849 debetque
368 2769 482 2827 ludaeis
495 2780 525 2827 et
539 2768 660 2829 Graeeis.
677 2767 953 2828 Contradieentibus
1006 2783 1069 2835 των,
1082 2761 1195 2835 ἀπέστη.
1206 2762 1304 2844 Ταύτῃ
1322 2765 1475 2844 προσδοκῶν
1490 2761 1582 2829 αὐτοὺς
1600 2759 1684 2830 ἕλξειν
1708 2760 1780 2837 μᾶλ-

210 2870 310 2918 tnttem
322 2861 364 2918 eis
385 2871 414 2918 et
434 2859 717 2938 blasphemantibus,
740 2838 873 2919 discessit.
895 2859 954 2920 Hoc
971 2862 989 2911 B
1006 2852 1242 2934 λον,“άρίσταται.
1256 2854 1309 2915 dele
1321 2855 1348 2915 τί
1362 2857 1494 2939 γδράρείς
1508 2855 1610 2926 ἐκείνην
1622 2852 1671 2925 τὴν
1682 2852 1779 2926 οἰκίαν,

210 2939 292 3009 modo
305 2969 415 3029 sperans
430 2949 490 3009 illos
500 2948 617 3025 allicere,
632 2946 762 3008 discessit.
779 2951 836 3009 Cur
847 2950 897 3011 illa
911 2972 954 3011 re-
1006 2936 1071 3018 itte
1088 2943 1202 3017 πλησίω
1221 2949 1269 3019 τῆς
1292 2954 1460 3029 συναγωγῆς
1474 2940 1517 3030 ἆρ’
1539 2947 1599 3028 οὗχλ
1620 2944 1664 3005 διὰ
1686 2950 1779 3020 τοῦτνς

210 3039 274 3100 licta
285 3038 377 3113 domn,
388 3061 473 3120 prope
486 3059 651 3121 synagogam
663 3039 835 3101 habitaturus
854 3044 954 3104 venit?
1008 3035 1066 3097 οὒδλ
1086 3035 1139 3120 γάρ
1158 3037 1275 3099 κίνδυνον
1290 3039 1360 3122 ἑώρα
1385 3043 1505 3101 ἐνταῦθα.
1527 3037 1778 3122 Διαμαρτυρόμενος

211 3131 300 3192 annon
317 3131 366 3190 illa
384 3129 538 3190 detensa?
554 3127 721 3210 nequeenim
747 3132 787 3192 ibi
804 3133 954 3214 periculum
1008 3131 1105 3205 αὖτοῑς,
1113 3128 1201 3210 φησίν.
1215 3134 1275 3192 Οὐκ
1287 3133 1467 3204 έτιδιδάσκει,
1479 3131 1549 3192 ἀλλὰ
1561 3132 1777 3210 διαμαρτύρεται.

210 3222 330 3284 videbat.
357 3222 529 3302 Testijieans
552 3223 622 3283 illis.
643 3223 703 3282 Non
713 3224 772 3304 jam
791 3223 885 3304 dooet,
908 3227 955 3288 sed
1008 3222 1247 3303 Ἀντιτασσορένων
1259 3224 1287 3286 δὲ
1303 3230 1399 3302 αὐτῶν,
1411 3227 1492 3308 μησί,
1506 3224 1574 3285 *καί
1590 3223 1777 3304 βλασγημούι·

210 3315 379 3376 testificatur.
392 3315 952 3397 Contradicentibusautemillis,inquit,
1007 3337 1070 3391 των,
1088 3317 1288 3397 ἐκτιναξάμενος
1300 3318 1335 3380 rit
1353 3319 1447 3398 ipsine
1469 3311 1542 3379 εἶπε·
1563 3317 1594 3378 τὸ
1614 3308 1682 3394 αἷμα
1703 3319 1777 3395 ὑμῶν

211 3423 240 3470 et
266 3409 545 3488 blasphemantibus,
572 3412 700 3468 excussis
711 3412 841 3470 vestibus
854 3412 952 3471 dixit:
1008 3408 1053 3467 έπί
1066 3408 1114 3482 τλν
1128 3412 1248 3492 κεφαλὴν
1271 3417 1356 3491 ὑμῶν.
1370 3415 1458 3473 Τοῦτο
1481 3419 1565 3485 ποιεῖ,
1584 3410 1653 3470 ὥστε
1677 3409 1778 3490 ριὴρή·

210 3502 336 3582 Sanguis
348 3513 447 3560 vester
459 3522 545 3581 ευμεν
552 3513 640 3580 eaput
649 3515 788 3562 oestrum.
812 3503 870 3563 Hoc
878 3503 954 3581 iacit,
1008 3500 1171 3579 paropinos,
1184 3503 1307 3564 άλλδικαὶ
1319 3505 1459 3585 πράγματι
1469 3503 1600 3586 ρούῆσαι·
1614 3502 1659 3562 καί
1669 3502 1778 3583 σμοδρό

211 3605 304 3651 utnon
318 3592 400 3653 verbo
415 3605 529 3668 tantum,
544 3591 592 3652 sed
609 3592 690 3651 etiam
708 3614 788 3674 opere
801 3608 897 3655 terreat
910 3610 954 3656 tet
1006 3617 1081 3674 τερον
1090 3595 1263 3675 διαλέγεται,
1278 3597 1325 3658 άτε
1336 3599 1381 3659 καλ
1394 3597 1507 3665 πολλοὺς
1519 3595 1663 3662 πεπεικάις.
1682 3598 1777 3656 Καθα-

211 3683 397 3750 tehementius
410 3685 540 3766 disputat,
562 3699 654 3766 utpote
675 3686 723 3765 qui
737 3687 831 3746 multis
839 3710 953 3769 persna-
1010 3685 1053 3768 ρύς
1070 3689 1140 3765 εἰμι,
1156 3689 1245 3768 φησίν,
1258 3690 1325 3771 ἐγώ·
1340 3691 1394 3751 άπὸ
1404 3696 1451 3750 τοῦ
1464 3697 1507 3751 νῦν
1521 3693 1558 3756 είς
1571 3687 1606 3748 τά
1625 3687 1687 3760 ἔθνη
1703 3685 1777 3747 ¹’no-

211 3777 299 3839 sisset.
320 3780 463 3852 Mundus,
481 3778 586 3857 inquit,
604 3799 669 3838 sum
683 3800 736 3860 ego
752 3802 761 3837 .·
776 3783 814 3840 ab
836 3783 892 3843 boe
914 3786 957 3844 ad
1010 3775 1146 3857 ρεόσομαι.
1160 3776 1226 3858 Ἆρα
1239 3780 1285 3839 καί
1300 3786 1378 3858 ἡμεῖς
1391 3778 1531 3839 ὑπεύθυνοί
1545 3780 1625 3855 ἐσμεν
1638 3782 1684 3837 τοῦ
1695 3774 1778 3853 α’ίμα·

211 3870 312 3952 gentes
324 3872 448 3931 vadam.
466 3871 503 3929 Et
516 3892 564 3931 nos
586 3870 672 3951 igitur
684 3871 722 3931 rei
736 3893 829 3933 sumus
845 3875 953 3954 sangui·
972 3885 991 3934 C
1008 3889 1052 3938 τος
1069 3875 1123 3930 τῶν
1146 3874 1211 3951 ἡμῖν
1233 3874 1480 3954 ἐγκεχειρισμένων,
1502 3875 1659 3951 ἀμελοῦντες
1681 3872 1778 3930 αὐτῶν·

212 3964 256 4024 nis
267 3985 368 4039 eorum,
377 3965 423 4043 qui
434 3964 511 4025 nobis
519 3963 666 4023 concrediti
680 3979 751 4041 sunt,
761 3987 825 4026 eunt
835 3968 955 4049 negligi·
1010 3960 1096 4022 Ὥστε
1105 3962 1151 4023 καὶ
1169 3963 1232 4025 ὅταν
1244 3966 1324 4048 λέγῃ,
1337 3967 1378 4028 Tb
1392 3966 1483 4026 λοιπὸν
1502 3965 1597 4031 κόπους
1618 3987 1663 4043 μοι
1685 3960 1778 4041 μηδελι

65 4070 121 4116 nat.
130 4071 155 4121 6.
167 4081 202 4134 ιγ.
213 4077 274 4116 mus
285 4059 445 4135 sonusque
457 4077 520 4115 eum
533 4055 609 4133 dicit,
623 4057 670 4115 De
684 4069 789 4116 eoetero
804 4080 888 4119 nemo
901 4064 955 4120 πει·-
1008 4055 1163 4136 παρτχίτω,
1176 4059 1265 4138 ρούῶν
1279 4083 1373 4140 φησιν·
1387 4057 1478 4139 οὐγὰρ
1493 4057 1574 4126 ebroe
1584 4056 1676 4124 αὐτοὺς
1690 4054 1778 4136 έφόύιι

214 4149 456 4219 bimolestnssit,
473 4160 505 4206 ut
519 4149 801 4227 exterreatloquitnr:
817 4152 956 4212 nonenim
1008 4147 1169 4229 ἠτιμωρία,
1188 4153 1224 4217 ὡς
1244 4149 1335 4211 ἔδακνε
1356 4158 1441 4211 τοῦτο.
1463 4152 1517 4211 Καὶ
1532 4144 1649 4229 μεταύίις
1670 4151 1778 4223 ἐκεῖθεν,

214 4239 327 4322 perinde
338 4238 454 4299 tenebat
470 4238 532 4298 ilios
547 4239 720 4320 supplicium,
745 4254 776 4300 ut
789 4241 860 4302 illud
884 4265 956 4304 mor·
1009 4230 1089 4311 ἦλθεν
1100 4242 1138 4309 εἰς
1151 4244 1235 4301 οἰκίαν
1244 4243 1369 4304 Ἰούστου.
1381 4242 1719 4324 Μεταόαίνειζβουλόμενος
1732 4245 1777 4303 αὖ·

213 4331 304 4392 debat.
316 4333 359 4390 Et
375 4335 506 4410 migmns
518 4331 597 4402 inde,
611 4333 689 4389 venit
700 4333 857 4393 indemnem
866 4337 957 4397 lusti.
1009 4330 1068 4400 τοὺς
1079 4343 1185 4410 πεῖσαι,
1195 4335 1235 4395 ότι
1248 4337 1313 4417 πρδς
1326 4336 1359 4396 τά
1370 4338 1430 4411 ἔθνη
1446 4338 1580 4419 ἠπείγετο.
1591 4337 1709 4417 Κρίσπος
1723 4337 1752 4396 δὲ
1764 4340 1778 4396 ὁ

157 4473 164 4481 ..
214 4425 334 4500 Transit,
348 4424 440 4484 volens
455 4423 509 4482 illis
530 4424 699 4503 persuadere,
717 4425 790 4503 quod
806 4427 842 4487 ad
866 4444 957 4509 gentes
1009 4428 1339 4510 άρχισυνάγιογος,ρησὶν,
1353 4428 1490 4490 ἐπίστευσε
1503 4434 1542 4511 τῷ
1555 4428 1646 4511 Κυρίῳ
1660 4429 1707 4488 σὺν
1725 4429 1779 4509 δλῳ

212 4517 328 4578 destinet.
341 4518 460 4594 Crispus
469 4516 840 4599 autemareltisynagogus,
852 4521 956 4600 inquit,
1009 4523 1048 4601 τῷ
1062 4520 1126 4602 οἴκῳ
1138 4523 1227 4581 αὐτοῦ.
1241 4521 1315 4601 Ὅρα
1325 4523 1385 4591 τοὺς
1399 4520 1506 4588 πιστούς
1521 4522 1580 4583 τότε
1594 4519 1662 4601 μετὰ
1673 4526 1722 4594 τῆς
1740 4523 1778 4580 oi·

214 4610 339 4670 eredidit
363 4608 491 4667 Domino
512 4625 580 4665 cum
598 4618 661 4665 tota
687 4608 774 4668 domo
797 4631 861 4670 εντα,
885 4614 958 4676 Vide
1009 4611 1068 4679 κίας
1090 4619 1167 4672 τοῦτο
1192 4621 1330 4684 ποιοῦντας
1353 4615 1505 4695 ὁλοκλήρου.
1525 4613 1627 4674 Τούτου
1648 4611 1677 4672 δέ
1699 4636 1777 4692 γενο-

215 4716 280 4761 tunc
292 4700 385 4761 fideles
397 4718 460 4757 eum
474 4711 528 4756 tnta
542 4696 623 4756 domo
635 4696 687 4757 hoc
700 4700 802 4760 fecisse.
817 4703 883 4764 Post
899 4705 958 4766 hec
1010 4703 1104 4781 μένου,
1119 4704 1213 4773 εὐθέως
1232 4707 1277 4765 καί
1294 4708 1378 4788 ἕτερον
1392 4707 1484 4768 πολλοὶ
1505 4705 1692 4772 πιστεύσαντες
1712 4704 1776 4764 tte-

213 4807 303 4854 autem
313 4792 361 4853 alii
373 4811 478 4871 quoque
491 4789 570 4848 multi
593 4788 729 4851 eredentes
742 4792 871 4875 baptizati
885 4811 955 4857 sunt.
1009 4795 1166 4872 πτίσθησαν.
1179 4802 1280 4861 Τοῦτον
1295 4800 1414 4880 Κρίσπον
1435 4799 1508 4880 λέγει
1527 4799 1573 4859 τὸν
1596 4795 1778 4882 ἀρχισυνάγω-

243 5008 255 5035 ε
272 5000 395 5063 &plorent
412 4988 483 5040 deest
499 4991 524 5039 in
543 4987 786 5056 quibusdam.[tt0x
804 4993 833 5046 Δ.
849 4995 877 5045 Β.
889 4993 918 5046 C.
930 5003 966 5047 έν·
1016 4999 1263 5068 τασσομένων...ρν,σι“.]

210 5086 253 5130 τεῦ
271 5097 293 5126 κ.
324 5075 414 5124 >nete
429 5077 496 5122 τοῦτο
512 5073 966 5141 διαμαρτυρόριινοςα.δΠτῦλος.ούκ.]
1049 5076 1222 5147 δ[πορεύομαι
1239 5075 1421 5143 Ειίῖίί,ςοηίί·α
1439 5072 1513 5126 fidem
1533 5085 1677 5127 nostrorum
1692 5073 1776 5127 Codd.

219 5184 221 5188 .
243 5159 251 5175 ·
268 5151 324 5214 [καί
342 5152 534 5216 βλασφημούντων
545 5144 638 5196 inclusa
651 5144 717 5211 opud
729 5147 864 5211 Commel„
876 5148 966 5202 desunt
1015 5155 1149 5222 omniunt]

209 5231 277 5283 inl).
290 5239 315 5279 et
331 5225 472 5289 interprete
484 5225 540 5276 Lat.
552 5226 579 5273 A.
594 5225 622 5276 B.
632 5224 661 5275 C·
673 5224 745 5278 simol
765 5229 887 5281 omittunt
904 5239 965 5285 ἀντι-
