3742 5970
527 450 573 514 m,
591 451 678 498 ACTA
705 451 968 500 APOSTOLORUM·
996 455 1116 504 notttt.
1145 459 1229 507 XXV.
1437 463 1444 477 '
1574 465 1644 538 219

74 577 188 634 πάντοθεν
205 571 328 631 ἐδίωκον.
340 573 395 632 Καὶ
409 572 458 632 θέα
477 572 541 634 πότε
555 574 655 653 γίνεται
670 578 685 634 ὁ
698 576 789 652 λιμός·
801 575 845 634 ύτι
900 576 1034 658 illusergo
1049 580 1175 640 clariores
1189 581 1248 640 lieri
1261 583 1412 663 oportebat,
1425 582 1501 660 quod
1517 606 1566 665 pro
1578 585 1645 646 riri·

76 668 114 725 mi
123 668 145 724 οί
155 663 254 724 ἐθνικοὶ
268 663 364 724 λοιπὸν
378 665 606 746 πρασσδίχθηααν.
900 667 921 726 li
931 669 1113 745 suafaoerent,
1132 670 1207 750 quod
1224 672 1383 750 occiderent,
1392 673 1530 754 punirent,
1544 675 1642 756 plecte·

900 773 958 818 rent
969 805 980 839 ‚
999 760 1119 839 undique
1126 777 1358 843 persequerentur.
1370 763 1407 825 Et
1420 765 1500 844 ride,
1520 768 1643 846 quando

900 871 964 910 nam
993 853 1076 912 fames
1101 853 1205 913 aecidat
1222 879 1229 912 :
1244 876 1306 915 curn
1323 855 1425 916 ethnici
1441 858 1502 939 jam
1527 860 1645 941 suseepti

900 953 993 999 essem.

113 1036 185 1096 aba
201 1040 225 1095 εἰ
240 1037 287 1096 att
303 1036 338 1096 τά
348 1037 421 1096 κακά
429 1082 438 1112 ,
451 1037 540 1118 φησὶν,
552 1036 604 1097 ἔδει
617 1039 724 1106 τούτους
737 1036 844 1105 ύπεξαι-
938 1035 967 1091 9.
977 1032 1062 1093 Sedsi
1076 1048 1187 1116 propter
1196 1036 1278 1111 mala,
1291 1036 1406 1117 inquies,
1420 1039 1561 1120 oportebat
1575 1055 1647 1101 certe

82 1133 182 1207 μθῇναι.
208 1129 262 1188 Διά
281 1128 328 1202 τί,
344 1128 403 1187 είπί
415 1151 474 1205 μοις
486 1130 545 1209 cepi
556 1126 698 1209 προλαύὼν
711 1118 783 1188 εἶπεν
798 1131 843 1188 ab·
898 1120 949 1182 bos
961 1125 1057 1184 eximi.
1076 1126 1142 1204 Cur,
1157 1127 1202 1186 die
1216 1127 1284 1187 mibi
1295 1129 1308 1186 l
1321 1149 1409 1188 annon
1420 1144 1482 1189 ante
1489 1130 1597 1190 dixerat
1611 1131 1646 1191 il-

81 1231 124 1290 οοῖς
138 1228 153 1281 ὁ
165 1221 298 1303 Χριστός·
312 1222 361 1282 Ἔν
380 1226 420 1303 τῷ
432 1222 526 1302 κόσμῳ
540 1224 626 1299 θλῖψιν
645 1220 732 1294 liam
753 1222 792 1281 Σὺ
816 1219 843 1282 δὲ
861 1236 880 1285 c
898 1215 1237 1279 listristus:Inmuado
1250 1222 1467 1283 tribulationem
1475 1225 1643 1285 babebitis?
1655 1249 1725 1292 toan.
1737 1246 1773 1292 ιο,

81 1321 153 1373 ταῦτα
172 1313 272 1392 λέγων,
292 1313 365 1393 τόγα
385 1313 431 1372 καί
450 1319 529 1374 τοῦτο
546 1315 626 1393 ίριῖς,
645 1312 686 1374 ότι
701 1312 754 1372 tta
776 1310 843 1391 μηδὲ
902 1309 946 1368 Τυ
958 1331 1034 1386 vero,
1047 1310 1261 1391 quibaecdicis,
1283 1313 1480 1395 forteadjicies,
1494 1336 1547 1375 non
1563 1306 1693 1397 opor·³³·

81 1405 252 1482 μαστίζεσθαι.
268 1405 340 1466 Ἀλλ’
353 1405 404 1487 ύρα
425 1408 512 1473 αὐτοῖς
524 1406 660 1483 γινόμενον
673 1405 719 1464 καί
739 1403 783 1463 τίον
803 1407 842 1463 λι-
899 1400 982 1458 tuisse
994 1401 1056 1461 illos
1072 1402 1212 1482 flagellari.
1231 1408 1266 1464 At
1283 1404 1347 1465 vide
1359 1405 1414 1465 illis
1429 1408 1528 1466 butem
1546 1407 1644 1468 facum

81 1497 122 1574 μοι
141 1496 275 1576 ean-apiae
289 1497 572 1576 αίτιον,ίλεημοσύνης
585 1497 719 1579 ἀφορμὴν,
739 1498 844 1556 πολλῶν
899 1513 956 1550 esse
981 1493 1076 1553 salutis
1098 1516 1225 1567 cauum,
1252 1496 1427 1579 eleemosyna
1457 1499 1643 1577 occasionem,

80 1589 191 1670 πρόξενον
210 1593 354 1667 *ἀγαθῶν
367 1589 438 1650 ὥστε
460 1588 505 1649 καί
518 1594 579 1668 ὑμῖν
593 1589 697 1667 γέγονεν
716 1589 757 1664 ἂν,
774 1589 799 1649 εί
813 1615 844 1670 γι
899 1585 1040 1664 multaque
1050 1587 1289 1653 wnclllasserbona
1301 1631 1309 1659 ,
1322 1604 1352 1649 ut
1367 1589 1445 1649 voltis
1455 1591 1622 1650 conciliasset
1633 1637 1643 1668 ,

80 1681 221 1751 &ebrae
235 1683 296 1739 ἀλλ’
306 1683 355 1740 οὐκ
367 1682 525 1753 ἠθελήσατε.
537 1681 701 1764 Πρυλέγεται
712 1681 757 1756 δὲ,
773 1683 842 1743 ὥστε
899 1678 923 1738 si
932 1679 1084 1740 voluissetis
1095 1704 1104 1757 ;
1124 1680 1172 1740 sed
1182 1681 1316 1742 noluistis.
1330 1681 1493 1742 Praedicitur
1505 1697 1605 1760 autem,
1614 1697 1644 1742 ut

80 1775 481 1853 ίσιπθνπροπαρασιιευασθῆναι
500 1775 564 1855 πρὸς
585 1775 633 1845 τὴν
655 1776 842 1852 ἐλεημοσύνην,
899 1772 985 1851 magis
1004 1774 1090 1854 parati
1116 1773 1170 1834 sint
1185 1773 1221 1834 ad
1234 1776 1440 1857 eleemosynam,
1464 1775 1530 1855 quia
1551 1777 1645 1856 gravia

81 1864 115 1923 ότι
126 1865 195 1924 δεινὰ
215 1865 336 1945 ἔπασχον
353 1868 377 1925 οἱ
391 1869 418 1926 ίν
434 1864 625 1946 Ἰερουσαλήμ·
640 1867 692 1946 πρὸ
704 1866 732 1955 δὲ
752 1869 841 1930 τούτου
898 1865 971 1946 passi
980 1881 1051 1941 sunt,
1069 1867 1117 1945 qui
1136 1881 1210 1926 erant
1233 1867 1431 1948 ierosolymis3
1453 1880 1530 1926 antea
1554 1880 1645 1927 autem

82 1959 166 2016 ούαίν
189 1960 264 2037 λιμῷ
290 1949 368 2038 ἦσαν.
394 1958 448 2018 Καὶ
470 1956 605 2035 πέμπεται
633 1958 773 2041 Βαρνύὸας
796 1962 842 2021 καί
899 1958 969 2018 lame
984 1980 1037 2019 non
1050 1959 1220 2019 laborabant.
1238 1958 1274 2019 Et
1298 1959 1444 2019 mittuntur
1466 1961 1604 2021 Barnabas
1619 1974 1645 2021 et

83 2050 176 2115 fleu«
200 2047 412 2120 διαονήοοντες.
438 2052 500 2109 Τῶν
527 2050 555 2110 δὲ
587 2054 724 2129 μαθητῶν,
755 2051 842 2121 καθὼς
899 2051 999 2112 Paulus
1009 2050 1199 2111 ministraturi.
1219 2053 1267 2112 29.
1285 2053 1433 2132 Discipuli
1446 2067 1545 2112 autem
1558 2065 1644 2133 prout

84 2141 211 2223 ηύαορεῖτύ
225 2166 276 2209 τις.
291 2131 369 2209 Εἶδες
383 2142 439 2221 ἅμα
450 2143 639 2220 πιστεύοντας,
654 2144 700 2203 καὶ
710 2144 767 2223 ἅμα
777 2168 842 2226 καρ-
861 2163 880 2209 ι)
899 2146 1021 2223 quisque
1044 2144 1228 2201 abundabat.
1252 2141 1352 2203 Viden'
1374 2143 1436 2202 illos
1453 2143 1544 2202 statim
1564 2157 1645 2221 atque

85 2239 262 2314 mpapa'rarec,
287 2236 317 2293 ού
335 2243 391 2300 τοῖς
410 2237 495 2293 αὐτῶν
518 2234 606 2312 μόνον,
631 2235 699 2295 ἀλλά
721 2236 843 2305 καὶτοῖς
899 2233 1071 2293 erediderunt
1095 2235 1213 2293 fructum
1235 2234 1346 2313 tulisse,
1363 2255 1416 2294 non
1439 2235 1473 2293 iia
1501 2233 1581 2294 modo
1597 2235 1644 2312 qui

88 2325 177 2404 τόρμοις
189 2327 280 2386 Τοῦτο
293 2328 364 2385 δοκεῖ
380 2349 425 2403 μοι
441 2327 552 2385 ἐνταῦθα
564 2325 659 2404 λύγιιν,
678 2326 743 2407 ὅπερ
758 2329 842 2388 ἀλλα-
897 2347 989 2406 prope,
1001 2325 1048 2385 sed
1065 2325 1146 2385 etiam
1165 2324 1198 2384 iis
1210 2325 1256 2403 qui
1270 2325 1366 2406 procul
1378 2326 1482 2385 erant?
1500 2326 1559 2385 lloc
1574 2325 1644 2385 mibi

87 2423 126 2495 pt
135 2420 149 2475 θ
157 2417 261 2484 tinette
272 2441 364 2498 φησιν,
374 2418 415 2477 δτι
425 2417 519 2487 Δεξιάς
529 2418 630 2477 ἔδωκαν
642 2419 702 2497 ἐμοί
716 2420 762 2480 καί
772 2423 841 2501 Βαρ·
896 2415 1057 2477 videturhic
1065 2415 1164 2492 dicere,
1178 2415 1252 2496 quod
1261 2417 1328 2476 alibi
1337 2417 1439 2478 Paulus
1451 2414 1520 2475 dicit
1532 2440 1539 2474 ι
1556 2419 1641 2476 Dex-
1653 2445 1707 2488 cat.
1720 2457 1741 2489 2,
1753 2456 1778 2504 9,

89 2508 296 2589 όύριιοινωνίας,
311 2507 443 2585 μόνονίνα
457 2512 510 2568 τῶν
520 2516 634 2591 πτωχῶν
650 2509 841 2590 θμνημονεύω·
897 2522 975 2570 teras
993 2511 1135 2570 dederam
1158 2512 1232 2568 mihi
1244 2523 1274 2569 et
1294 2512 1442 2568 Bernaba
1468 2513 1617 2569 societatis
1631 2556 1641 2589 ‚
1656 2518 1693 2553 ¹⁰·
1747 2561 1750 2567 .

91 2624 135 2676 μεν.
151 2603 280 2662 Τοσοῦτον
303 2602 439 2683 ὦρελησεν
452 2606 467 2661 ὁ
481 2602 568 2680 λιμός.
593 2602 646 2663 Καί
671 2602 721 2683 δρα
747 2603 840 2674 αύτούς
896 2613 1011 2661 tantum
1025 2616 1059 2661 ut
1069 2622 1232 2682 pauperum
1255 2622 1395 2662 memores
1408 2622 1545 2661 essemus.
1563 2603 1641 2661 Tan-

43 2690 47 2707 ’
91 2694 219 2774 οίδίίντῇ
237 2695 325 2775 θλίψει
346 2698 384 2763 είς
406 2694 514 2774 θρόνους
533 2695 579 2755 καί
600 2695 700 2779 δύκροα
726 2699 840 2758 καταπί-
895 2706 954 2753 tum
975 2694 1078 2774 proluit
1094 2695 1185 2752 umes.
1200 2693 1239 2752 Et
1251 2692 1315 2754 vide
1335 2693 1396 2751 illos
1412 2715 1451 2754 ex
1468 2693 1539 2751 lame
1558 2713 1644 2772 neque

91 2809 192 2863 ποιτσς,
213 2785 334 2869 καθάπερ
355 2791 447 2860 ἡμεῖς,
469 2788 528 2846 ἀλλ’
549 2789 584 2854 τίς
606 2786 680 2868 ίργον
703 2788 772 2868 ρύγα
793 2789 838 2849 καί
895 2787 924 2847 in
941 2788 1020 2847 lletus
1033 2801 1059 2846 et
1079 2788 1214 2868 lacrymas
1235 2785 1365 2868 erupisse,
1388 2800 1418 2845 ut
1440 2807 1488 2846 nos
1509 2787 1642 2862 iacimus,

92 2878 164 2955 ίγαθθν
173 2877 278 2946 inuade<
292 2878 456 2945 ίιοδιδόντας·
474 2878 542 2956 μετά
554 2878 672 2946 πλείονος
684 2879 736 2960 γάρ
749 2881 838 2950 ἀδείας
894 2880 942 2940 sed
957 2880 993 2939 ad
1008 2902 1076 2962 opus
1085 2901 1214 2960 magnum
1228 2894 1254 2940 et
1267 2880 1370 2940 bonum
1379 2879 1552 2940 sededidisse
1561 2905 1571 2958 3
1580 2903 1643 2942 cum

91 2971 207 3050 ίιιίρπτον
217 2973 262 3031 τδν
276 2971 365 3050 λύγον.
381 2970 435 3030 liei
446 2974 494 3030 ούκ
506 2961 592 3030 εἶπον·
606 2977 683 3050 ἡμεῖς
692 2975 838 3054 Κυρηναῖοι
894 2973 991 3053 majori
1000 2994 1115 3052 namque
1125 2973 1249 3033 libertate
1259 2972 1443 3055 praedicabant
1456 2974 1643 3034 verbumNec

92 3060 125 3119 καί
137 3063 242 3146 Κύπριοι
254 3062 328 3128 ύντες
343 3062 451 3142 τοιαύτῃ
467 3061 619 3141 ἐπιθώμεθα
632 3062 708 3123 πόλει
725 3066 838 3149 λαμπρᾷ
892 3064 1036 3138 dicebant,
1063 3065 1127 3139 Nos,
1140 3063 1188 3144 qui
1216 3064 1340 3146 Cyrenai
1368 3079 1394 3124 et
1415 3065 1512 3146 Cyprii
1535 3085 1640 3140 sumus,

92 3151 124 3210 mi
138 3156 249 3234 μτγόλη·
270 3153 388 3235 ἀλλάτῇ
404 3154 496 3235 χάριτι
514 3161 560 3214 τοῦ
574 3158 644 3215 &aab
657 3157 837 3233 atmoderate,
892 3157 961 3216 hanc
985 3155 1160 3236 aggredimur
1184 3155 1322 3216 civitatem
1342 3156 1513 3237 splendidam
1538 3171 1563 3216 et
1585 3179 1641 3216 ma·
1730 3203 1732 3206 .

93 3245 124 3302 ιαί
134 3249 215 3307 διεῖναι
228 3246 405 3327 ἐπεχείρησαν
415 3250 449 3325 τῇ
460 3247 633 3329 διδασκαλίᾳ,
646 3248 691 3307 καὶ
704 3239 775 3308 ούτοι
790 3253 836 3310 οὐκ
855 3268 874 3317 ις
892 3267 991 3328 gnam;
1005 3246 1054 3306 sed
1069 3246 1161 3326 gratiae
1173 3246 1223 3306 Dei
1235 3245 1318 3305 fidem
1333 3247 1472 3326 habentes,
1486 3261 1512 3307 et
1528 3247 1568 3307 illi
1590 3249 1641 3309 do·

94 3337 216 3410 ίπξίοισαν
237 3341 301 3419 παρ’
322 3338 429 3398 ἐντείνων
449 3363 476 3398 τι
498 3345 601 3416 μαθεῖν.
623 3340 697 3421 Ὅρα
720 3339 764 3400 διά
783 3344 836 3401 τῶν
891 3340 1007 3400 ctrinam
1020 3338 1139 3419 aggressi
1149 3352 1222 3414 sunt,
1233 3351 1260 3396 et
1273 3337 1302 3396 bi
1316 3358 1368 3397 uon
1378 3336 1518 3419 dedignati
1529 3354 1592 3399 sunt
1605 3343 1641 3400 ab

94 3430 264 3507 μικρῶνπύντα
280 3429 548 3507 κατασκευαζόμενα,
565 3431 596 3491 ab
614 3431 739 3512 κήρυγμα
753 3431 835 3501 αὐξα-
891 3430 947 3492 illis
963 3431 1105 3512 quidpiam
1118 3430 1245 3492 ediscere.
1270 3430 1367 3492 Videa
1387 3432 1479 3512 parvis
1492 3447 1518 3491 et
1532 3433 1641 3513 exiguis

93 3519 182 3596 uam,
193 3521 253 3590 rot<
268 3525 296 3582 ίν
309 3520 503 3602 Ἱεροσολύμοις
518 3523 626 3582 πάντων
645 3523 742 3600 ὁμοίως
756 3547 836 3604 φρον-
891 3526 981 3585 omnia
1001 3540 1123 3607 peraeta,
1150 3523 1368 3605 praedicationem
1384 3539 1500 3598 auctam,
1527 3547 1571 3586 eos
1590 3528 1638 3607 qui

93 3611 196 3690 τίοντας,
214 3620 251 3682 ῶς
272 3613 337 3694 μίαν
360 3612 445 3674 οἰκίαν
466 3613 514 3686 τὴν
536 3615 692 3693 οἰκουμένην
716 3615 833 3697 ἔχοντας.
889 3616 1067 3698 ierosolymis
1088 3615 1256 3675 eademcum
1269 3615 1332 3675 aliis
1345 3617 1470 3677 omnibus
1485 3619 1637 3696 sentientes,

93 3701 206 3781 Ἤκουσαν,
228 3706 272 3767 ότι
298 3707 441 3788 Σαμάρεια
463 3707 583 3766 δέδεκται
604 3707 648 3766 τὸν
675 3707 762 3787 λύγον,
788 3710 834 3769 καί
888 3721 915 3768 et
927 3709 1003 3788 quasi
1015 3729 1097 3768 unam
1117 3708 1229 3767 domum
1247 3707 1339 3768 orbem
1362 3721 1449 3767 totum
1463 3709 1567 3770 baberi.
1582 3716 1638 3770 Au·

93 3795 183 3878 ίτιμύπν
196 3799 298 3881 Πέτρον
311 3799 358 3857 καί
370 3798 512 3871 Ἰωάννην·
529 3799 643 3871 ἤκουσαν
664 3800 698 3859 τά
718 3802 754 3867 είς
777 3800 833 3860 ’Av-
887 3798 992 3860 dierant
1002 3799 1075 3879 quod
1085 3799 1206 3859 Samaria
1223 3799 1364 3880 recepisset
1383 3800 1507 3875 verbum,
1519 3815 1546 3861 et
1556 3803 1638 3863 mise-

94 3885 187 3965 τύγειαν,
199 3890 245 3950 καί
256 3889 396 3970 πέμπουσι
410 3889 561 3969 nepetam.
573 3889 650 3951 Πολύ
663 3890 715 3971 γίιρ
728 3892 759 3951 ab
772 3892 831 3951 διό·
887 3907 950 3952 runt
970 3895 1080 3952 Petrum
1103 3906 1130 3952 et
1150 3895 1279 3953 ioannem
1295 3917 1302 3950 z
1316 3892 1461 3951 audierunt
1488 3894 1555 3972 quid
1580 3899 1623 3957 ‚bn

93 3997 155 4056 οπμο
171 3973 212 4055 ἦν,
224 3982 273 4040 καὶ
286 3985 336 4041 aix
350 3981 403 4041 ίδει
422 3980 483 4050 τοὺς
497 3982 657 4050 ἀποστόλους
670 3984 736 4051 τέως
749 4007 830 4067 χωρι·
840 4041 877 4081 m
886 3984 991 4045 tiocbia
1003 3983 1154 4061 accidisset,
1171 3998 1197 4043 et
1208 3984 1319 4042 mittunt
1334 3983 1499 4044 Barnabam.
1516 3985 1637 4046 Multum

94 4073 157 4140 οθῖιτι
170 4079 275 4149 ἐκεῖθεν,
285 4074 331 4134 ἵνα
347 4075 385 4154 μὴ
396 4080 553 4154 νομισθῶσιν
565 4066 632 4136 εἶναι
642 4078 772 4157 φυγάδες,
785 4079 831 4138 καὶ
849 4098 869 4143 A
886 4077 957 4137 eninr
977 4090 1034 4135 erat
1048 4076 1152 4135 itineris
1171 4075 1300 4156 spatium,
1324 4096 1373 4134 nec
1386 4075 1528 4154 oportebat
1547 4076 1636 4137 adhuc

95 4160 213 4228 θθςοθτῶν
227 4165 399 4248 πεφευγέναι.
414 4167 484 4227 Τότε
497 4168 525 4227 δὲ
539 4170 688 4248 ἀναγκαίως
705 4171 830 4251 χωρίζον-
886 4169 1020 4251 apostolos
1034 4167 1097 4228 inde
1105 4167 1256 4242 discedere,
1271 4189 1305 4227 ne
1322 4168 1433 4247 fugitivi
1444 4189 1501 4227 esse
1511 4168 1636 4230 videren-

95 4273 129 4328 πί,
139 4257 175 4318 lit
192 4259 285 4320 λοιπὸν
300 4259 398 4320 ἀνίατα
409 4259 480 4341 ἔχειν
494 4261 579 4320 ἐδόκει
592 4262 626 4320 τά
637 4266 696 4320 κατ’
718 4262 830 4329 αὐτούς·
886 4276 941 4335 tur,
959 4275 1013 4321 σία
1025 4261 1081 4321 suis
1093 4261 1204 4341 fugisse.
1219 4263 1300 4320 Tuae
1322 4273 1411 4320 autem
1428 4262 1577 4322 necessario
1593 4284 1635 4322 se*

78 4398 82 4409 .
95 4344 121 4403 le
132 4350 208 4410 λοιπόν
222 4356 238 4410 δ
250 4351 369 4429 πόλεμος
391 4353 507 4426 izaiei-q,
525 4353 571 4412 καί
595 4353 740 4414 ἀπολέσθαι
761 4356 829 4414 ίδει·
887 4354 974 4436 parati
992 4368 1075 4429 sunt,
1091 4375 1154 4414 cum
1166 4353 1276 4412 demum
1299 4353 1388 4414 Judaei
1401 4353 1565 4416 insanabiles
1578 4379 1636 4416 mse.

95 4433 122 4493 ίῒῑ
130 4443 142 4509 i
150 4443 276 4523 ἀπόφασις
287 4440 489 4522 &Euripi-adreel
502 4443 550 4511 ἕως
560 4447 666 4510 Παῦλος
675 4449 712 4514 είς
722 4445 832 4525 Ῥώμην
885 4445 1041 4507 viderentur
1056 4466 1138 4523 ,eum
1152 4445 1225 4506 bello
1232 4446 1291 4525 jam
1304 4445 1460 4506 imminente
1472 4447 1562 4527 perire
1568 4448 1632 4508 illos

116 4673 218 4727 θτμῖοι.
232 4672 284 4732 ύμῖν
302 4672 339 4728 δὲ,
351 4675 431 4738 μησίν,
442 4677 486 4734 ripa
505 4674 636 4734 ίδσύῖωθι,
649 4669 684 4719 sic
705 4668 818 4738 quidam.
830 4672 850 4734 j
870 4670 912 4722 bic
924 4670 1008 4723 adbuc
1028 4671 1153 4723 iacobum
1173 4669 1284 4721 vixisse?
1294 4670 1389 4722 Deinde
1401 4689 1461 4722 vero
1473 4670 1505 4721 de
1522 4689 1573 4738 quo
1590 4673 1634 4722 Ja-

96 4736 228 4799 lllorGodd.
241 4744 321 4796 nostri
335 4763 424 4797 omnes
434 4757 703 4816 πραπαραακιυααθῆναι,
718 4761 744 4800 et
755 4750 819 4800 inira
870 4746 936 4800 cobo
956 4747 997 4800 hic
1016 4746 1118 4816 agitur?
1138 4748 1248 4799 Jacobua
1264 4753 1331 4799 enim
1342 4749 1420 4799 frater
1438 4749 1545 4800 loannis
1558 4749 1634 4815 paulo

99 4821 130 4868 'lt'
140 4828 157 4871 lt
169 4836 195 4888 τῇ
210 4830 288 4889 θλίψει·
308 4823 374 4876 Editl
387 4834 612 4895 erpeiamcurtem,
621 4838 647 4876 et
664 4832 713 4880 otte
724 4835 821 4882 ίιιαῖιύα
869 4841 928 4895 poet
936 4828 1021 4895 gladio
1033 4845 1110 4878 caeam
1122 4827 1210 4879 fertur.
1221 4829 1333 4878 lacobus
1346 4839 1430 4878 autem
1442 4827 1519 4878 frater
1530 4830 1632 4879 Domini

100 4901 201 4967 utlaga]
869 4905 1000 4974 episcopua
1016 4904 1248 4974 ierosolymorum,
1259 4903 1362 4956 inlerius
1374 4922 1454 4971 neque
1466 4905 1541 4956 semel
1554 4908 1579 4954 iu
1593 4909 1629 4957 νῖ-

122 4975 131 5009 t
143 4976 191 5026 9⁰⁸¹
209 4989 375 5049 μνημονεύομεν
388 4981 492 5049 quidam
504 4985 667 5051 blanuacripti
686 4986 730 5051 [t.
742 4988 820 5053 B.C.]
870 4988 906 5037 via
915 5002 967 5037 esee
978 4997 1141 5036 memoratur.
1154 4981 1192 5034 ad
1208 4981 1270 5049 quid
1280 5000 1338 5050 ergo
1348 4982 1441 5033 dicitur
1456 4981 1497 5033 hie
1506 4981 1631 5034 iacobum

103 5049 174 5104 addunt
189 5068 216 5110 ιἐι
231 5060 318 5120 lanata,-
331 5070 386 5125 ῖςη,
401 5060 486 5111 adbuc
496 5062 608 5114 lacobus
620 5064 729 5115 vivebat.
743 5067 820 5116 lliror
870 5066 895 5116 iu
907 5066 969 5115 vivis
987 5061 1080 5113 lubae?
1092 5074 1118 5113 et
1136 5080 1181 5112 eur
1197 5061 1221 5112 id
1234 5077 1398 5113 amanuenses
1415 5060 1561 5114 addiderint
1580 5082 1631 5115 non

104 5123 153 5178 benc
166 5133 281 5188 οίαιιιυίοιιι
298 5144 322 5190 in
335 5143 514 5207 Manuae'riptis
530 5141 681 5210 quibusdam
699 5145 818 5196 insertam
869 5142 929 5194 satia
944 5144 1076 5209 perspicio.
1090 5139 1183 5206 [Paulo
1192 5151 1250 5190 ante
1257 5146 1432 5208 μνημονεύωμεν
1442 5141 1524 5193 Codd.
1534 5159 1630 5195 omnes.

105 5198 178 5260 balsari.
189 5214 247 5274 Quid
256 5222 315 5271 eninr
330 5218 429 5271 adrem
443 5221 674 5289 praenumerata,
686 5226 706 5274 ai
719 5224 819 5276 dicatur
870 5221 937 5274 Editi
951 5227 1148 5288 μνημονεύσομεν.
1162 5219 1191 5272 V.
1204 5235 1230 5284 p,
1243 5220 1300 5281 205,
1314 5219 1356 5282 C,]
