3728 5978
398 527 400 531 .
455 556 458 560 A
549 485 583 534 ut
610 485 717 535 nrtsr.
748 483 793 550 an
820 484 904 533 nou.
933 484 1049 534 noutn.
1072 487 1147 535 κει.
1567 467 1638 566 677

66 608 206 675 σεωςίδεῖν
225 606 503 688 τδνραῦλον,κα“ιτδν
516 611 680 671 οὗτοιοῦτον.
694 607 841 683 Πλήνόλλ’
892 627 1041 667 sermonem
1063 607 1246 669 obscuriorem
1270 609 1426 688 reddamus,
1443 610 1480 672 ad
1494 611 1554 696 ipsa
1572 636 1639 696 apo·

65 696 159 776 ἵναμή
176 699 257 758 πάλιν
272 699 449 780 ἀσαφέστερον
468 700 513 760 τὸν
530 701 607 781 λόγον
618 701 787 781 ποιήσωμεν,
798 704 842 763 ἐπ’
893 699 987 759 stoliea
1003 700 1076 760 dicta
1092 701 1241 769 veniamus.
1260 704 1330 761 Non
1346 704 1443 763 solum
1461 718 1570 779 autem,
1582 700 1641 767 ‘sed

66 791 134 850 αύτόι
149 791 184 850 τά
198 790 306 872 ῥήματα
323 792 404 870 ἴωμεν
416 792 450 854 tlt
465 793 637 854 άποοτυλικά.
652 798 693 855 Οὔ
707 797 784 874 μόνον
799 795 842 871 δέ,
893 805 922 851 et
935 795 1066 853 Rebecca
1079 816 1116 853 ex
1128 815 1188 853 tttto
1201 798 1357 854 concubitu
1376 797 1497 857 liabens·
1512 798 1638 860 Poteram

65 883 195 943 ἀλλὰκαὶ
211 883 380 953 ‘proceret
394 885 550 959 ένδςκοίτην
565 887 671 968 ἔχουσα.
685 889 841 968 Ἠδυναίμην
891 884 974 959 enim,
997 885 1096 965 inquit,
1119 886 1154 946 de
1172 887 1301 946 Chettura
1323 888 1410 966 loqui,
1434 888 1482 951 sed
1502 889 1634 952 abstineo.

65 972 193 1054 μὲνγὰρ,
208 976 304 1055 φησίν,
321 979 402 1036 εἰπεῖν
416 978 461 1037 καλ
476 977 536 1047 τοὺς
550 981 602 1039 άπὸ
619 985 666 1052 τῆς
678 981 839 1064 Χεττούρας,
856 995 874 1042 Β
890 978 995 1038 Verum
1012 990 1042 1035 ut
1062 998 1097 1036 ex
1108 977 1259 1065 abundanti
1279 978 1394 1038 victoria
1414 980 1556 1059 reseratur,
1577 1003 1634 1061 eos,
1689 1052 1693 1063 .

63 1069 124 1125 ἀλλ’
144 1071 174 1126 οὐ
193 1067 263 1146 λέγοι
283 1091 289 1106 ·
312 1072 370 1128 ἀλλ’
391 1069 460 1128 ὥστε
477 1074 508 1130 ἐκ
521 1072 673 1151 περιουσίας
692 1073 743 1146 τήν
762 1075 837 1147 νίκην
888 1068 936 1146 qui
949 1089 984 1128 ex
995 1090 1049 1128 uno
1060 1083 1136 1150 patre
1147 1083 1173 1129 et
1184 1091 1219 1130 ex
1230 1091 1283 1130 una
1295 1084 1378 1130 matre
1389 1070 1445 1130 nati
1456 1086 1527 1149 sunt,
1540 1073 1568 1132 in
1579 1093 1636 1134 me-

63 1158 196 1237 άρασθαι,
209 1159 268 1226 τοῦς
278 1160 304 1229 ἐξ
318 1161 374 1229 ένὺς
387 1161 486 1242 πατρὸς
497 1164 542 1221 καί
560 1173 622 1241 μιᾶς
634 1163 774 1245 ταχθέντας
786 1190 837 1243 μη.
888 1159 967 1219 dium
984 1161 1076 1222 affero.
1091 1163 1160 1220 Nam
1174 1182 1210 1221 ex
1223 1162 1342 1221 Rebecca
1363 1163 1444 1222 ambo
1458 1177 1545 1242 erant,
1560 1178 1636 1226 etex

61 1249 133 1328 τρὸς,
145 1250 251 1321 τούτους
270 1255 306 1320 τίς
322 1253 401 1331 μέσον
422 1253 488 1333 άγω.
507 1256 562 1314 Καὶ
576 1255 627 1337 γὰρ
642 1256 696 1316 άπδ
710 1259 759 1327 τῆς
772 1257 837 1318 Ῥε-
887 1252 973 1325 Isaac,
984 1252 1105 1333 legitimo
1126 1253 1195 1327 titio,
1217 1255 1343 1334 probato,
1356 1276 1412 1334 pra.
1428 1250 1490 1314 aliis
1508 1255 1636 1331 omnibus

62 1342 161 1410 δέκκας
181 1335 250 1416 ἦσαν
273 1344 434 1428 ἀμφότεροι,
456 1345 502 1406 καλ
526 1349 580 1408 ἀπὸ
601 1352 647 1407 τοῦ
670 1347 764 1409 Ἰσαὰκ
790 1355 837 1409 τοῦ
886 1338 1029 1426 honorato,
1040 1340 1075 1400 de
1091 1363 1145 1421 quo
1162 1341 1246 1421 dixit,
1261 1346 1299 1401 In
1312 1346 1400 1402 Isaac
1414 1346 1635 1405 vocabiturtibi

60 1434 171 1515 γνησίου
192 1437 302 1508 παιδὸς,
317 1443 362 1497 τοῦ
385 1438 509 1516 δοκίμου,
524 1447 570 1500 τοῦ
582 1440 689 1500 πάντων
703 1465 837 1523 προτιμη-
887 1455 996 1523 semen,
1014 1435 1061 1514 qul
1081 1448 1157 1515 paler
1171 1435 1222 1494 lull
1234 1436 1356 1495 Omnium
1369 1449 1501 1498 nostrum·
1514 1436 1632 1509 Quodsi

62 1527 167 1601 θέντος,
181 1528 242 1608 περὶ
265 1521 295 1588 οὗ
317 1530 429 1610 ἔφησεν,
444 1530 491 1590 Ἐν
507 1530 600 1591 Ἰσαὰκ
617 1533 780 1607 κληθήσεταί
794 1557 837 1595 σοι
885 1526 933 1585 ille
946 1541 1022 1608 pater
1031 1542 1121 1587 noster
1130 1529 1176 1606 sit,
1188 1549 1245 1599 eos,
1261 1529 1308 1608 qui
1319 1529 1355 1587 ab
1366 1528 1414 1588 illo
1425 1528 1483 1588 nati
1499 1543 1573 1604 sunt,
1585 1551 1634 1612 pa·

61 1619 186 1699 σπέρμα,
201 1621 357 1701 τοῦπατρὸς
371 1625 448 1700 ἡμῶν
465 1622 571 1683 πάνπων
591 1624 740 1705 γενομένω,
759 1628 793 1686 Et
808 1625 836 1687 δὲ
886 1629 939 1676 tres
957 1619 1097 1698 oportebat
1116 1640 1185 1691 esse3
1202 1618 1251 1679 sed
1269 1640 1321 1679 non
1341 1620 1457 1685 fuerunt.
1471 1619 1632 1684 Viden'hoc

60 1710 154 1791 πατὴρ
166 1716 243 1789 ἡμῶν
255 1716 360 1786 ἐκεῖνος,
372 1716 417 1774 καλ
428 1713 488 1781 τούς
499 1714 527 1784 ἐξ
541 1717 639 1778 ἐκείνου
652 1718 768 1801 πατέρας
782 1721 835 1781 ἔδει
885 1732 939 1771 non
951 1725 1053 1772 tautum
1068 1713 1095 1771 in
1110 1713 1264 1773 abrahamo
1275 1714 1439 1796 contingere,
1451 1714 1588 1778 sedetiam
1602 1717 1631 1776 in

61 1793 131 1861 εἶναι
147 1827 154 1839 ·
173 1805 232 1864 άλλ’
255 1807 301 1865 οὐκ
321 1805 448 1885 ἐγένοντο,
470 1799 547 1877 Εἶδες
570 1814 627 1879 πῶς
646 1812 693 1871 οὐχ
720 1812 764 1872 ἐπὶ
788 1817 834 1873 τοῦ
885 1803 944 1864 filio
955 1827 962 1860 ι
974 1818 1001 1864 ct
1010 1804 1109 1883 ubique
1125 1804 1207 1865 fidem
1218 1820 1245 1864 et
1255 1805 1383 1865 virtutem
1390 1806 1576 1886 splendentem
1587 1830 1631 1869 es-

60 1895 186 1977 Ἀόραδιμ
199 1902 276 1956 τοῦτο
294 1899 371 1977 μόνον
386 1899 539 1979 συμόαίνει,
553 1901 622 1963 tot
639 1905 685 1975 καλ
699 1907 741 1966 ἐπ’
756 1907 835 1968 αὐτοῦ
884 1918 920 1972 se,
932 1911 959 1957 et
971 1919 1063 1959 veram
1081 1899 1267 1979 cognationem
1285 1899 1538 1980 exprimerei'Hinc
1556 1901 1629 1961 enirn

59 1992 108 2045 τοῦ
126 1988 231 2063 παιδὸς,
245 1988 290 2048 καλ
310 1996 447 2071 πανταχοῦ
464 1993 552 2062 πίστις
566 1993 612 2053 καλ
631 1997 711 2079 ἀρετή
733 2001 833 2071 ιπηνὴ
883 1987 1029 2069 discimus,
1041 2011 1095 2062 non
1105 1992 1194 2051 solum
1203 2013 1253 2073 per
1262 1990 1374 2050 modum
1385 1989 1572 2071 generationis,
1583 1992 1631 2054 sed

61 2079 262 2157 διαλάμπουσα,
274 2082 319 2141 καλ
331 2081 379 2156 τήν
393 2083 491 2164 ἀκριόῆ
506 2086 658 2165 συγγένειαν
671 2073 835 2170 popm-,ppt-
850 2089 869 2138 C
884 2082 966 2141 etiam
979 2082 1055 2162 quod
1067 2083 1146 2163 digni
1159 2083 1288 2163 genitoris
1298 2083 1400 2143 virtute
1417 2083 1481 2156 sint,
1493 2083 1565 2144 tilios
1578 2106 1627 2146 vo·

60 2171 158 2242 ζουσα;
174 2170 308 2233 Ἐντεῦθεν
322 2173 374 2255 γάρ
389 2176 571 2254 μανθάνομεν,
590 2180 630 2237 ότι
648 2183 678 2239 οὐ
693 2181 771 2259 μόνον
791 2181 835 2243 διδ
884 2173 939 2232 cari
950 2194 1005 2248 eos,
1016 2173 1064 2252 qui
1075 2173 1127 2232 filii
1136 2175 1195 2254 ejus
1205 2188 1277 2233 sunt.
1289 2173 1320 2234 si
1331 2173 1404 2233 enim
1414 2196 1449 2234 ex
1458 2174 1540 2236 modo
1551 2196 1630 2255 gene·

59 2260 108 2320 τὸν
126 2263 221 2343 τρόπον
233 2267 282 2335 τῆς
294 2267 439 2342 γεννήσεως
446 2312 455 2342 ‚
467 2267 537 2329 ἀλλὰ
550 2268 595 2329 καί
609 2269 653 2331 διὰ
667 2271 698 2332 τὸ
712 2271 778 2340 ἄξω,
798 2263 836 2330 εἷ.
883 2265 996 2325 rationis
1005 2279 1122 2338 tantum,
1135 2279 1269 2348 oporteret
1282 2265 1355 2324 Esaii
1367 2265 1460 2325 cadem
1469 2269 1629 2347 prorogati-

60 2380 108 2415 ναῑ
117 2361 165 2429 τῆς
176 2362 270 2439 ἀρετῆς
279 2365 324 2418 τοῦ
337 2360 536 2439 γεγεννηκότος,
550 2366 574 2422 σί
584 2365 675 2433 παῖδες
692 2365 835 2424 καλοῦνται
883 2377 917 2418 ta
931 2359 994 2435 t'rui,
1009 2381 1065 2438 qua
1076 2361 1160 2428 Jacob
1173 2358 1289 2418 fruitur:
1301 2380 1364 2418 nam
1375 2371 1400 2417 et
1410 2359 1469 2439 ipse
1478 2381 1515 2420 ex
1524 2375 1631 2423 mortua

59 2449 155 2515 παῖδες
166 2449 273 2510 ἐκείνου.
286 2453 320 2511 El
334 2451 385 2532 γὰρ
398 2453 452 2538 ἀπὸ
463 2458 509 2512 τοῦ
523 2454 620 2533 τρόπου
632 2459 680 2527 τῆς
689 2455 835 2535 γεννήσεως
882 2450 967 2510 vulva
979 2450 1040 2525 tuit,
1054 2465 1079 2510 et
1092 2451 1192 2511 sterilis
1202 2465 1288 2511 mater
1299 2451 1358 2531 ejus
1372 2464 1439 2510 erat.
1451 2453 1556 2514 Verum
1574 2473 1628 2514 non

15 2586 24 2596 .
61 2540 160 2615 μόνον,
173 2541 225 2599 ἔδει
240 2542 286 2601 καλ
299 2542 343 2602 τδν
357 2543 444 2603 Ἡσαῦ
458 2547 510 2604 τῶν
526 2548 610 2604 αὐτῶν
625 2549 775 2607 ἀπολαῦσαι
795 2550 834 2627 τῷ
883 2540 935 2601 hoc
948 2543 1120 2621 quaetebalur
1138 2542 1292 2617 solum,sed
1305 2557 1331 2602 et
1346 2564 1451 2602 mores:
1466 2543 1540 2621 quod
1562 2546 1627 2623 qui·
1722 2592 1724 2598 .

58 2633 161 2694 Ἰακώδ
172 2657 179 2671 ·
190 2633 236 2692 κοιλ
249 2633 301 2715 γὰρ
311 2636 358 2695 καί
371 2627 445 2704 ούτος
461 2637 514 2697 άπδ
524 2638 718 2719 νενεκρωμίνης
732 2638 836 2719 μήτρας
882 2635 945 2695 dem
964 2658 1017 2696 non
1033 2637 1145 2716 vulgare
1161 2651 1201 2696 est
1212 2651 1237 2697 et
1247 2636 1283 2696 ad
1302 2636 1453 2696 doctrinam
1464 2637 1528 2698 vitae
1549 2640 1628 2701 uobis

57 2718 109 2799 ήν,
122 2726 167 2785 καλ
181 2736 271 2806 στεῖρα
285 2719 348 2800 ήνή
372 2728 461 2810 μήτηρ
475 2731 563 2796 αὐτοῦ.
578 2730 647 2791 Ἀλλ’
668 2733 697 2791 ού
711 2737 787 2791 τοῦτο
800 2724 833 2805 ήν
882 2733 991 2791 confert.
1004 2733 1060 2791 Nec
1071 2730 1148 2802 dicit,
1159 2729 1222 2808 quia
1233 2730 1384 2802 hicbonus‚
1395 2728 1444 2788 ille
1453 2751 1518 2790 vero
1531 2731 1628 2809 malus,

57 2817 91 2876 τὸ
106 2818 262 2894 ζητούμενον
278 2818 374 2898 μόνον,
388 2821 516 2881 ἀλλὰκαὶ
530 2827 544 2882 ό
557 2821 671 2903 τρόπος,
682 2821 747 2904 άπερ
761 2825 790 2882 οὗ
803 2823 835 2882 τδ
882 2822 943 2882 ideo
952 2823 994 2882 illi
1004 2823 1169 2904 antepositus
1179 2822 1207 2881 in
1216 2822 1466 2897 honomfuitutne
1475 2823 1567 2883 statim
1576 2823 1628 2885 hoc

10 2943 18 2959 ι
57 2909 142 2989 τυχὸν
163 2911 207 2969 καλ
226 2913 263 2978 εἰς
285 2911 342 2989 βίου
361 2912 544 2989 συμόάλλεται
565 2914 737 2974 διδασκαλίαν
758 2919 835 2993 ἡμῖν.
881 2915 923 2975 illi
939 2913 1204 2997 objiceretueruid
1222 2914 1305 2993 ergo?
1322 2913 1421 2973 bonine
1446 2914 1630 2996 lueruntjqui

58 3001 116 3062 Καὶ
132 3005 161 3060 ού
174 3002 259 3083 λέγει,
270 3002 329 3063 Ιότι
349 3003 440 3076 ἐπειδή
455 3009 469 3064 ὁ
487 3004 536 3083 μέν
554 3006 667 3086 ἀγαθὸς,
681 3011 696 3066 δ
710 3006 737 3066 δέ
749 3031 833 3080 πονη·
881 3030 916 3068 ex
927 3008 1051 3089 gentibus
1061 3021 1144 3082 erant,
1155 3028 1211 3088 prae
1221 3007 1288 3083 illis,
1300 3006 1348 3085 qui
1360 3028 1394 3066 ex
1403 3007 1629 3071 circumcisione?

59 3094 122 3173 ρδς,
135 3093 456 3176 διδτοῦτοπροετιμήθη,
471 3097 513 3156 loe
528 3097 565 3176 μὴ
587 3099 682 3165 εὐθέως
702 3099 830 3178 ἀντιπέσῃ
847 3118 867 3165 1)
881 3101 953 3159 Nam
962 3099 1013 3159 etsi
1024 3098 1063 3158 rei
1079 3098 1176 3158 veritas
1185 3097 1223 3157 ita
1237 3119 1265 3157 se
1275 3097 1399 3175 haberet,
1412 3111 1440 3156 at
1454 3097 1576 3159 nondum
1593 3099 1629 3160 il·

58 3189 133 3268 αὐτῷ
143 3194 219 3248 τοῦτο
229 3214 236 3227 ·
247 3187 273 3248 τί
284 3181 343 3263 oiim
357 3190 450 3268 ἀγαθοὶ
459 3192 484 3249 οί
496 3189 522 3258 ἐξ
539 3193 619 3250 ἐθνῶν
632 3193 749 3269 μᾶλλον,
767 3190 785 3264 ἢ
806 3197 831 3252 σί
880 3192 929 3252 lud
947 3191 1058 3277 apponit
1070 3215 1077 3250 ε
1094 3191 1230 3251 onerosius
1242 3191 1345 3272 quippe
1355 3191 1444 3252 visum
1454 3191 1566 3252 luisset:
1580 3193 1629 3254 sed

57 3282 92 3339 ἐκ
102 3285 262 3360 περιτομῆς;
278 3283 312 3340 Et
321 3281 373 3363 γάρ
383 3282 428 3340 καλ
446 3280 528 3349 οὕτως
538 3272 609 3361 εἶχεν
619 3287 636 3354 ἡ
648 3289 694 3343 τοῦ
703 3284 844 3364 πράγμαε
878 3283 908 3343 in
922 3284 974 3343 Dei
991 3283 1170 3363 coguitionem
1180 3297 1268 3343 totum
1278 3283 1382 3364 rejecit,
1397 3303 1514 3361 quacum
1524 3305 1629 3366 pugna·
1673 3299 1674 3302 ’

56 3395 104 3438 τος
118 3371 238 3446 ἀλήθεια,
252 3376 310 3433 ἀλλ’
328 3371 402 3432 οὔπω
421 3373 484 3433 αύτδ
501 3374 606 3446 τίθησι·
619 3374 665 3433 καλ
681 3374 733 3457 γάρ
746 3375 831 3436 ἐδόκει
879 3398 909 3436 re
922 3398 1000 3436 nemo
1014 3376 1094 3453 ausit,
1109 3375 1212 3436 etintnsi
1226 3375 1308 3438 valde
1317 3376 1441 3436 insaniat.
1462 3378 1537 3436 Cum
1549 3399 1626 3439 tton-

57 3461 251 3545 ρορτικώτερον
265 3454 348 3523 εἶναι·
361 3466 420 3524 ἀλλ’
434 3465 477 3526 tat
491 3466 540 3539 τήν
551 3472 596 3527 τοῦ
607 3471 677 3528 Θεοῦ
690 3471 787 3548 γνῶσιν
800 3467 831 3528 τδ
880 3471 951 3529 dum
970 3472 1034 3528 nati
1045 3481 1151 3541 essent,
1166 3468 1263 3547 inquit,
1276 3489 1372 3550 neque
1385 3471 1454 3527 boni
1473 3471 1628 3550 quidpiam

56 3562 112 3613 πᾶν
126 3554 247 3634 ἔρριψεν,
261 3547 333 3633 ήτινι
346 3557 514 3638 μαχέσασθαι
532 3559 613 3628 οὐδεὶς
625 3560 656 3620 δν
672 3559 828 3639 ἐτόλμησεν,
874 3565 1028 3644 fecissent,
1038 3563 1149 3622 dictum
1161 3575 1204 3627 cst
1215 3565 1318 3634 matri,
1332 3563 1436 3641 Major·
1447 3567 1554 3622 serviet
1568 3567 1628 3623 mi-

55 3646 117 3709 etat
133 3651 156 3705 εἰ
169 3648 269 3729 σφόδρα
286 3650 442 3728 μαινόμενος
454 3643 496 3722 ήν.
509 3651 601 3725 Μήπω
619 3651 671 3734 γὰρ
690 3653 830 3733 γεννηθέν·
881 3660 945 3714 nori
955 3679 964 3711 .·
975 3653 1144 3732 ostenditque
1161 3652 1329 3713 nobilitatem
1339 3652 1473 3711 carnalem
1482 3652 1554 3713 nihil
1563 3674 1629 3736 pro-

55 3763 127 3812 των,
151 3740 233 3820 φησὶ,
265 3741 333 3819 μηδὲ
360 3742 515 3823 πραξάντων
540 3769 567 3803 τι
594 3745 708 3824 ἀγαθόν,
737 3745 829 3826 ἐρρέθη
878 3744 1454 3823 desse‚sedvirtutemanimaequaerendam
1467 3764 1629 3825 essequam

56 3835 139 3912 αύτῇ,
161 3832 201 3893 ὅτι
225 3833 260 3894 Ὁ
282 3833 376 3913 μείζων
398 3835 530 3896 δουλεύσει
551 3838 589 3916 τῷ
612 3837 734 3898 ἐλάσσονι
754 3862 760 3876 ·
784 3837 830 3897 καλ
879 3851 940 3896 ante
953 3858 1033 3918 opera
1048 3839 1121 3896 Deus
1135 3835 1221 3896 norit.
1237 3837 1310 3895 Cum
1328 3840 1406 3894 enim
1419 3837 1549 3895 nondum
1563 3841 1629 3896 nati

56 3924 204 4000 δείκνυσιν,
219 3925 259 3986 ότι
270 3931 287 3997 ἠ
299 3926 369 3988 κατὰ
383 3928 470 4007 σάρκα
488 3927 604 4006 εὐγένεια
624 3929 698 3988 οὐδέν
718 3930 830 4010 ὠρελεῖ,
879 3945 985 4002 essent,
999 3929 1099 4008 inquit,
1112 3950 1165 3989 nec
1173 3931 1316 4010 fecissent
1330 3929 1482 4010 quidpiam
1496 3931 1565 3987 boni
1575 3930 1628 3988 vel

57 4021 127 4080 snt
141 4021 229 4099 ψυγῆς
240 4019 336 4098 ἀρετὴν
350 4022 388 4078 δεῖ
402 4023 504 4093 ζητεῖν,
515 4020 547 4091 ἣν
557 4020 603 4079 καλ
613 4020 665 4100 πρὸ
678 4025 731 4080 τῶν
745 4020 828 4101 ἔργων
880 4023 962 4096 mali,
975 4035 1007 4080 ot
1023 4025 1205 4101 propositum
1215 4022 1273 4078 Dei
1284 4020 1444 4079 secundum
1455 4019 1627 4080 electionem

55 4119 70 4173 ό
90 4111 159 4178 Θεδς
179 4089 241 4170 olle.
264 4109 355 4182 Μήπω
377 4111 428 4191 γὰρ
448 4110 639 4190 γεννηθέντων,
659 4111 741 4193 ρησλ,
761 4110 829 4190 μηδέ
845 4128 863 4174 Ε
880 4125 1022 4190 maneret,
1039 4114 1150 4172 dictum
1162 4125 1205 4172 est
1218 4115 1246 4170 ei
1256 4135 1265 4167 .·
1283 4112 1386 4191 Major·
1393 4114 1498 4172 serviet
1510 4115 1626 4172 minori.

57 4203 212 4287 πραξάντων
227 4226 252 4260 τι
273 4202 405 4282 άγαθδνῆ
428 4201 522 4276 κακδν,
542 4203 585 4261 ἵνα
604 4208 621 4274 ἡ
643 4207 702 4264 κατ’
718 4203 828 4283 ἐκλογήν
881 4205 939 4265 Hoc
948 4204 1020 4264 eninr
1039 4199 1214 4285 prosmentiae
1228 4216 1276 4278 est,
1288 4202 1362 4281 quod
1375 4223 1411 4261 cx
1425 4201 1482 4282 ipsa
1502 4203 1627 4285 parturi-

39 4290 179 4378 ’πρόθεσις
191 4300 237 4353 τοῦ
248 4296 317 4353 Θεοῦ
332 4293 415 4374 μένῃ,
428 4295 520 4376 ἐρρέθη
536 4297 619 4374 αὐτῇ,
631 4291 671 4353 ότι
682 4293 717 4354 Ὁ
732 4295 828 4373 μείζων
876 4297 951 4357 tione
963 4296 1108 4377 eligeretur
1113 4319 1123 4375 3
1136 4311 1167 4356 ut
1179 4308 1332 4377 appareret,
1344 4294 1441 4373 inquit,
1452 4295 1547 4356 electio
1555 4297 1626 4373 Dei,

54 4385 189 4446 δουλεύσει
209 4390 248 4467 τῷ
266 4385 396 4446 ἐλάσσονι.
418 4387 504 4446 Τοῦτο
523 4385 575 4465 γὰρ
593 4385 780 4466 προγνώσεως,
797 4388 828 4447 τὸ
881 4409 941 4466 quae
955 4386 1102 4447 secundum
1121 4386 1288 4468 propositum
1305 4398 1331 4444 et
1344 4385 1540 4465 praescientiam
1557 4387 1628 4447 facta

52 4478 101 4537 καλ
113 4475 139 4544 ἐξ
150 4477 248 4537 ὠδίνων
262 4480 347 4536 αὐτῶν
360 4478 530 4556 ἐκλέγεσθαι·
546 4478 589 4537 ἵνα
600 4483 683 4558 φανῇ,
694 4479 768 4559 μησὶ,
780 4482 826 4538 τοῦ
881 4493 936 4539 est:
948 4500 984 4538 ex
995 4479 1085 4559 primo
1099 4499 1214 4557 namque
1226 4475 1271 4536 die
1285 4492 1312 4536 et
1320 4477 1422 4536 bonum
1439 4491 1466 4538 et
1479 4499 1534 4539 non
1547 4479 1628 4538 talem

52 4574 126 4631 Θεοῦ
140 4573 157 4639 ἡ
172 4567 267 4647 ἐκλογή
283 4573 300 4639 ἡ
315 4567 384 4628 κατὰ
406 4569 529 4651 πρόθεσιν
548 4569 594 4628 καὶ
616 4571 764 4651 πρόγνωσιν
785 4594 827 4651 γε·
882 4585 908 4630 et
918 4570 994 4631 novit
1009 4584 1036 4629 et
1045 4568 1213 4651 praedicavit.
1225 4569 1266 4628 Ne
1279 4568 1348 4627 mihi
1362 4589 1426 4649 ergo
1439 4567 1526 4648 dicas,
1539 4569 1628 4650 legem

52 4660 169 4739 νομένη·
183 4664 214 4721 ἐκ
231 4659 339 4740 πρώτης
350 4661 402 4739 γὰρ
415 4660 517 4740 ἡμέρας
531 4661 634 4721 καὶτὸν
655 4661 767 4740 ἀγαθὸν,
780 4661 826 4722 καλ
882 4677 909 4722 te
921 4662 1018 4742 legisse
1029 4675 1056 4721 et
1067 4662 1221 4744 prophetas,
1235 4673 1261 4720 et
1274 4673 1379 4720 tantum
1395 4661 1523 4742 temporis
1540 4661 1628 4722 servi-

51 4755 99 4813 τδν
114 4757 144 4812 οὐ
156 4760 272 4813 τοιοῦτον
285 4755 330 4814 καλ
343 4746 397 4813 οἶδε
411 4753 457 4813 καλ
468 4752 480 4786 ¹¹
490 4754 607 4835 ἐκήρυξε.
620 4753 666 4828 Μή
677 4754 763 4815 τοίνυν
780 4778 825 4833 μοι
882 4754 962 4815 visse.
978 4756 1049 4814 Nam
1067 4754 1115 4832 qui
1135 4753 1212 4814 notit
1228 4752 1347 4812 animam
1362 4753 1484 4832 probare,
1494 4752 1546 4812 scit
1565 4752 1627 4831 quis

51 4845 130 4926 λέγε,
143 4844 183 4904 ότι
194 4845 288 4924 νόμον,
306 4845 527 4927 ρησλν,άνέγνως
545 4845 590 4905 καλ
606 4845 760 4928 προφήτας,
780 4846 826 4905 καί
882 4847 968 4908 salute
985 4847 1022 4907 sit
1042 4844 1238 4927 dignus-Cede
1257 4845 1340 4925 igitur
1357 4844 1627 4926 Incomprehensibili

51 4942 179 5012 τοσοῦτον
189 4937 343 5006 έδούλευσας
358 4937 462 5018 χρόνον.
472 4937 508 4998 Ὁ
521 4936 572 5016 γὰρ
585 4937 659 5006 εἰδὼς
675 4937 763 5020 ψυχήν
780 4938 826 4997 καλ
882 4941 1055 5001 electionem:
1068 4940 1126 5020 ipse
1136 4960 1252 5017 namque
1262 4938 1336 4997 solus
1349 4930 1399 4996 scit
1412 4950 1504 4997 exacte
1516 4958 1628 4998 corona-

54 5030 222 5107 δοκιμάζειν,
231 5023 305 5098 οὗτος
315 5022 368 5089 οἶδε
380 5031 425 5090 καλ
435 5030 474 5098 τίς
483 5028 617 5099 άξιόςέστι
627 5035 754 5105 σωθῆναι.
767 5034 827 5093 Πα-
882 5056 920 5095 re.
931 5035 1005 5108 Quot
1018 5033 1089 5094 enirn
1100 5032 1232 5107 *Matthaeo
1247 5029 1371 5090 meliores
1381 5029 1625 5110 videbanturessc,

90 5263 101 5286 ¹
120 5248 172 5313 [ότι
184 5252 194 5299 l
205 5253 248 5314 μὲν
315 5253 351 5298 καλ
364 5249 400 5299 διὰ
412 5251 484 5300 ταῦτα
497 5265 576 5314 προετ.
586 5245 628 5309 Α,]
901 5245 915 5284 ¹³
931 5243 1069 5314 [ἀνεκήρυξε
1079 5241 1108 5290 Λ.
1117 5249 1143 5290 et
1155 5233 1334 5304 margsavii]
