3742 5970
482 460 519 506 lN
550 461 635 507 ACTA
663 458 923 507 APOSTOLORUM.
953 457 1071 503 trouu..
1100 460 1197 505 ΧΧΝ.
1232 498 1237 503 .

71 580 200 645 συνέσεως
213 581 295 641 αὐτοῦ
308 572 349 652 ἦν,
367 582 438 641 ἀλλά
453 589 500 642 τοῦ
515 584 668 661 Πνεόματος
684 582 717 641 cd
732 583 847 662 ῥήματα.

74 674 124 731 lini
142 672 261 732 δείκνυσι
274 672 319 732 ert
333 677 382 744 τῆς
398 675 544 753 ἀπολογίας
562 675 654 734 ἑαυτὸν
672 672 719 751 μὲν
734 673 848 749 οὐδαμοῦ

75 766 167 837 αἴτιον,
182 768 323 843 πανταχοῦ
343 763 372 821 δὲ
385 765 432 824 τὸν
454 765 533 825 θεόν.
556 765 608 825 Καὶ
624 765 764 845 μονονουχὶ
785 763 849 844 πρὸς

73 855 166 921 αὐτοὺς
188 862 267 915 τοῦτο
290 855 377 935 λίγιε·
393 859 421 914 ἐν
448 857 570 917 ἐκστάσει
584 881 617 935 με
631 856 751 937 γενέσθαι
774 855 849 919 αὐτὸς

1573 464 1636 510 211

902 593 1008 661 coptum
1027 594 1094 639 essct
1111 581 1224 641 verbum
1234 606 1242 659 ς
1254 582 1346 642 sodali
1358 602 1443 662 parm
1451 581 1498 643 illa
1509 582 1641 665 discepta-

901 671 975 730 bant.
991 671 1021 731 Si
1035 671 1107 731 enim
1120 672 1190 732 nilril
1207 674 1304 733 horum
1318 674 1419 747 fuisset,
1431 694 1485 733 non
1498 688 1539 734 sat
1548 674 1642 735 fuisset

902 765 1059 845 praestitum.
1077 770 1112 825 At
1124 787 1177 827 non
1193 766 1230 827 ita
1244 789 1272 827 se
1285 781 1383 849 purgat
1396 769 1491 828 Petrus
1504 793 1510 825 ι
1524 770 1642 850 prudeus

902 858 1003 939 quippo
1014 871 1082 932 erat;
1095 858 1152 919 imo
1165 880 1217 920 non
1231 882 1266 920 ex
1284 859 1425 941 prudentia
1440 860 1535 941 ipsius,
1548 861 1593 920 sed
1608 883 1643 923 ex

75 947 208 1015 ἐποίησεν·
223 945 277 1026 ἐγὼ
295 947 347 1026 γὰρ
366 950 459 1016 ἁπλῶς
480 949 688 1028 προσευχόμενος
709 947 796 1025 ἤμην·
819 947 850 1005 τὸ
867 965 885 1009 tt
903 950 1007 1030 Spiritu
1022 951 1102 1008 rerba
1125 952 1371 1031 proficiscebantur.
1388 953 1424 1011 Et
1444 950 1473 1011 in
1491 950 1643 1014 defensione

76 1044 165 1104 nfra:
189 1040 271 1106 αὐτὸς
294 1038 403 1107 ἔδειξεν·
423 1040 477 1118 ἐγὼ
501 1044 637 1100 ἀντεῖπον·
664 1040 745 1100 πάλιν
773 1040 850 1104 αὐτὸς

77 1121 154 1199 εἶπεν,
174 1130 222 1189 καὶ
232 1131 294 1190 οὐδὲ
305 1129 389 1199 οὕτως
401 1131 519 1202 ἤκουσα·
533 1132 574 1191 Τὸ
589 1134 699 1210 Πνεῦμα
714 1129 849 1190 ἐκέλευσεν

76 1224 224 1281 (ἀπελθεῖν
242 1224 289 1281 καὶ
307 1222 379 1300 ὅμως
393 1223 516 1283 ἀπελθὼν
525 1226 573 1282 odic
589 1223 752 1302 ἐπέδραμον·
765 1214 848 1295 εἷπον,

77 1316 116 1375 ότι
128 1319 143 1373 ὁ
155 1315 226 1381 θεὸς
243 1315 364 1396 ἔπεμψε,
380 1317 427 1375 καὶ
445 1317 513 1395 pred
523 1324 608 1376 ταῦτα
620 1317 678 1376 οὐδὲ
693 1316 775 1385 οὕτως
789 1316 849 1374 ἐθά-

79 1432 174 1477 πτισα,
194 1407 266 1467 ἀλλά
281 1410 364 1469 πάλιν
383 1416 397 1469 θ
411 1412 480 1479 Θεὸς
497 1412 529 1471 τὸ
550 1422 602 1471 πᾶν
619 1412 768 1492 εἰργάσατο.
785 1411 849 1495 Ἄρα

79 1504 141 1565 θεὸς
159 1500 257 1567 αὐτοὺς
270 1500 424 1574 teutmaro,
441 1504 488 1562 οὐκ
503 1502 564 1581 ἐγώ.
576 1504 630 1563 Καὶ
643 1505 690 1562 οὐκ
702 1494 773 1578 εἷπε,
790 1507 848 1566 τυθ-

80 1615 128 1651 των
138 1592 286 1670 γεγονότων
300 1594 435 1664 ἀπάντων,
448 1598 496 1654 οὐκ
506 1594 557 1654 ἔδει
570 1595 600 1654 ait
614 1594 685 1675 ὕδωρ
699 1603 851 1677 προσθεῖναι

80 1682 179 1751 >mrim
203 1683 267 1742 ἀλλ’
280 1688 317 1750 ὡς
330 1684 433 1751 οὐδενὸς
447 1686 595 1758 λείποντος,
612 1685 685 1766 Ἐγὼ
707 1686 746 1754 τίς
768 1688 851 1766 ἤμην,

82 1774 153 1853 φησὶ,
168 1778 292 1834 κωλῦσαι
305 1776 350 1836 τὸν
366 1777 454 1848 θεόν,
467 1778 570 1850 Βαθαὶ,
583 1778 654 1851 01αὴ
666 1780 810 1858 ἀπολογία·
823 1783 852 1840 οὗ

83 1866 129 1946 γλρ
138 1858 214 1939 εἶπε,
225 1875 313 1928 ταῦτα
323 1858 368 1927 ode
382 1868 478 1935 εἰδότες
492 1870 637 1950 ἡσυχάζετε
649 1894 655 1907 ·
669 1869 787 1941 ἀλλάτί;
800 1870 852 1928 Δέ-

83 1982 154 2037 γεται
166 1962 256 2017 αὐτῶν
267 1959 318 2031 τὴν
332 1959 428 2038 ὁρμὴν,
442 1960 488 2020 καὶ
501 1963 654 2039 ἐγκαλοῦσιν
668 1965 852 2043 ἀπολογεῖται·

903 1063 952 1099 sua
972 1064 1063 1101 senon
1079 1058 1216 1101 auctorem
1230 1042 1354 1117 ostendit,
1365 1042 1414 1103 sed
1430 1044 1530 1123 ubique
1542 1046 1640 1105 Deum.

903 1135 939 1193 Et
950 1149 1055 1194 tanturn
1071 1158 1122 1194 non
1141 1136 1203 1195 illos
1215 1136 1255 1195 sic
1271 1136 1387 1194 affatur:
1400 1137 1461 1215 lpse
1476 1136 1548 1211 ficit,
1563 1152 1592 1196 ut
1616 1140 1643 1197 iu

902 1247 1012 1285 excessu
1026 1227 1122 1285 mentis
1137 1248 1221 1287 essem
1234 1250 1243 1284 ι
1256 1247 1306 1307 ego
1323 1227 1395 1285 enim
1408 1226 1567 1308 simpliciter
1579 1251 1644 1288 ora-

903 1316 966 1377 bam
979 1318 1044 1377 :ille
1059 1340 1106 1377 vas
1126 1318 1195 1377 illud
1215 1319 1376 1377 mernstrarit
1389 1342 1396 1375 ι
1410 1338 1461 1398 ego
1480 1320 1641 1379 contradico

903 1407 966 1468 bam
981 1431 1109 1468 :rursum
1128 1410 1175 1467 ille
1196 1409 1278 1483 dixit,
1293 1430 1378 1488 neque
1398 1410 1437 1469 sic
1457 1430 1509 1489 ego
1528 1411 1644 1470 arrdiri:

902 1504 1028 1582 Spiritus
1033 1506 1122 1583 jussit
1132 1505 1215 1561 abire
1226 1527 1234 1557 .·
1248 1514 1273 1561 ct
1284 1502 1378 1561 abiens
1391 1522 1443 1561 non
1454 1504 1627 1561 accurrebam
1639 1528 1645 1559 :

904 1594 964 1653 dixi
976 1592 1049 1671 quod
1062 1595 1136 1651 Deus
1148 1592 1266 1665 miserit;
1279 1606 1305 1652 et
1315 1607 1406 1673 postea
1416 1615 1501 1672 ncepre
1510 1595 1549 1651 sic
1558 1595 1647 1674 bapti-

904 1687 975 1761 sari,
991 1685 1038 1745 sed
1056 1707 1164 1744 rursum
1178 1688 1251 1745 Deus
1266 1699 1352 1745 totum
1370 1687 1466 1746 effecit.
1482 1687 1556 1765 Ergo
1575 1690 1654 1747 Deus*

904 1778 966 1837 illos
987 1777 1150 1858 lmptirarit,
1168 1799 1221 1838 non
1243 1799 1301 1857 ego.
1316 1780 1371 1839 Nec
1395 1777 1482 1849 dixit,
1503 1780 1567 1838 Post
1590 1778 1650 1839 laceo

905 1870 994 1929 omnia
1002 1890 1090 1929 annon
1099 1869 1238 1950 oportebat
1247 1869 1356 1928 demum
1366 1892 1463 1948 aquam
1471 1869 1593 1929 addere?
1602 1870 1649 1931 sed

906 1963 983 2041 quasi
997 1962 1065 2021 nilril
1080 1961 1216 2037 deficeret,
1228 1964 1293 2043 Ego
1304 1967 1369 2042 quis
1382 1984 1473 2033 eram,
1487 1961 1587 2041 inquit,
1598 1966 1650 2042 qui

86 2050 129 2115 Τίς
140 2050 213 2127 ἥμην
230 2052 341 2117 δυνατὸς
354 2055 472 2111 κωλῦσαι
489 2054 533 2112 τθν
545 2053 626 2125 Θεὸν,
638 2056 737 2132 λόγων·
752 2055 853 2136 σρόάρα
869 2077 888 2123 ε
904 2057 1085 2135 prohiberem
1106 2056 1225 2112 Deum?
1244 2055 1332 2134 Papae,
1346 2053 1435 2132 qualis
1452 2050 1584 2114 defensio!
1596 2055 1649 2113 Ne·

86 2145 255 2221 ίντρεπτικῶς
276 2143 324 2202 καὶ
344 2143 447 2224 βαρέως
466 2144 633 2224 χρησάμενος
652 2149 686 2226 τῇ
708 2147 852 2227 ἀπολογίᾳ·

86 2238 129 2293 ωε
147 2234 288 2313 ἧάενάμην
312 2238 440 2296 κωλῦσαι.
464 2235 546 2297 Ὅθεν
567 2239 658 2298 λοιπὸν
684 2240 854 2317 ροόηθίντες,

89 2327 227 2404 imperare,
243 2328 292 2386 καὶ
307 2326 426 2397 ἐδόξαζον
436 2326 481 2387 τὸν
494 2329 571 2389 θεόν.

126 2699 199 2759 fldem
213 2700 261 2759 καὶ
281 2699 423 2783 ἠμάςῑρρλ,
438 2703 464 2760 ἐν
487 2711 540 2769 τοῖς
550 2708 603 2763 τῶν
621 2705 732 2777 πλησίον
752 2709 857 2784 ἀγαθοῖς

97 2790 196 2860 diflert
232 2792 279 2851 τὸν
315 2795 395 2867 Θεὸν,
429 2794 490 2853 ἀλλ’
512 2799 559 2855 οὐκ
589 2798 752 2877 ἐπηρεάζειν,
776 2798 857 2857 καθά.

98 2889 170 2961 τιροὶ
184 2886 281 2944 πολλοὶ
302 2889 355 2945 τῶν
374 2886 553 2966 νεορωτίστων
577 2888 774 2967 ἐπηρεάζουσιν,
795 2888 857 2949 ὅταν

99 2974 178 3042 ὕλαις
198 2978 277 3037 ἴδωσι
302 2978 480 3057 φωτισθέντας
498 2979 544 3039 καὶ
559 2978 631 3047 εὐθὺς
652 2982 786 3047 ἀπιόντας.
809 2985 858 3040 Ao

100 3064 168 3135 ἰάζειν
182 3071 220 3128 ἀεῖ
232 3071 280 3130 τὸν
294 3070 375 3143 θεὸν,
389 3070 435 3129 καὶ
448 3070 489 3130 ότι
500 3071 586 3150 μίνειν
599 3075 629 3132 οὗ
642 3084 780 3153 συγχωρεῖ.
791 3071 858 3132 Ὦσ-
866 3120 902 3161 m

906 2166 959 2224 que
972 2146 1043 2204 enim
1059 2144 1130 2203 dixit
1145 2168 1152 2202 ε
1167 2146 1231 2203 Ιίπσ
1241 2167 1305 2224 ergo
1319 2166 1381 2205 cum
1393 2146 1494 2217 sciatis,
1510 2145 1648 2224 quiescite,

906 2238 953 2298 scd
968 2237 1052 2316 quid?
1062 2236 1174 2317 Excipit
1187 2237 1297 2295 illorum
1312 2237 1451 2318 impetum,
1468 2250 1494 2295 et
1504 2237 1560 2296 illis
1572 2259 1649 2298 aecu-

906 2329 1029 2390 santibus
1044 2349 1072 2388 so
1085 2342 1201 2411 purgat:
1216 2331 1287 2407 Quis
1302 2350 1392 2399 eram,
1402 2332 1454 2411 pari
1462 2350 1575 2409 possem
1582 2352 1650 2410 pro-

907 2424 1006 2480 }u'lrere
1022 2423 1128 2495 Deum,
1140 2418 1221 2478 dixit.
1237 2420 1417 2481 Vehementer
1437 2434 1464 2479 et
1482 2421 1602 2501 graviter
1623 2444 1652 2479 se

906 2512 1048 2573 defendite
1063 2514 1122 2571 Non
1137 2525 1257 2592 poteram
1277 2513 1431 2593 prohibere.
1446 2510 1529 2573 Unde
1543 2514 1652 2573 tandem

907 2604 1028 2664 deterriti
1039 2604 1208 2681 quieverunt,
1219 2617 1247 2662 ot
1259 2603 1478 2683 glorificaverunt
1492 2606 1589 2663 Derim

950 2702 979 2758 5.
993 2698 1040 2757 Sic
1052 2710 1078 2755 et
1089 2718 1138 2755 nos
1150 2709 1256 2778 oportet
1264 2697 1290 2754 in
1304 2697 1494 2779 proximorum
1505 2696 1653 2778 bonisglo-

911 2795 1016 2854 rifrcare
1041 2795 1139 2865 Deum,
1163 2813 1216 2851 non
1237 2807 1329 2851 autem
1351 2792 1482 2852 insultare
1502 2793 1571 2871 illis,
1583 2794 1654 2853 sicut

910 2884 989 2945 multi
1014 2898 1163 2943 ex'recens
1183 2883 1343 2943 illuminatis
1372 2884 1522 2962 insultant,
1546 2885 1654 2964 quando

911 2983 1005 3041 rident
1017 2980 1085 3040 alios
1101 2979 1263 3056 illuminari,
1273 2993 1299 3038 et
1312 2980 1402 3038 statim
1411 2978 1572 3060 demigrare.
1586 2982 1655 3043 Glo-

911 3074 1017 3133 rifreare
1023 3085 1127 3155 oportet
1141 3074 1229 3131 Donni
1240 3071 1283 3131 rel
1299 3071 1373 3150 qnod
1381 3092 1488 3131 manere
1498 3093 1551 3131 non
1562 3094 1656 3133 conce·

100 3162 172 3220 aut
182 3161 214 3220 σὺ
231 3163 278 3222 ἐὰν
294 3162 386 3241 θελης,
402 3162 508 3241 μείζονα
522 3163 614 3231 [leder
624 3166 737 3245 δωρεάν·
750 3169 779 3225 od
790 3166 857 3226 κατὰ
876 3180 893 3222 a
912 3167 968 3226 dat.
983 3166 1078 3244 ltaque
1098 3174 1138 3236 tu,
1159 3162 1182 3221 si
1194 3163 1275 3239 volis,
1287 3165 1375 3243 majus
1388 3164 1515 3245 accepisti
1528 3163 1630 3225 donum
1646 3189 1654 3238 3

101 3252 248 3331 τἐράτισμα
260 3253 332 3331 λε’γω
359 3255 436 3335 ἡγὰρ
448 3257 514 3327 αὐτή
527 3258 584 3315 ἐστι
598 3258 719 3316 κάκείνου
728 3258 773 3316 καί
785 3263 858 3329 σοῦ),

103 3345 157 3402 ἀλλά
165 3346 270 3406 ratleo
278 3347 371 3405 λαθεῖν
383 3349 546 3427 προθεσμίαν
558 3349 761 3428 εὐδοκιμήσεως.
771 3349 858 3410 Ἐκεῖ-

105 3458 136 3501 νος
147 3438 280 3497 ἐνεδύσατο
294 3438 343 3511 τὴν
365 3439 461 3511 στολὴν
473 3440 517 3499 καὶ
535 3443 581 3500 οὐκ
598 3442 682 3521 epioe
703 3445 858 3519 ὶμπομπεῦ·

106 3532 174 3589 sule
187 3534 269 3607 αὐτῇ·
283 3532 324 3590 σοὶ
336 3531 438 3603 πολλὴν
452 3532 548 3592 ἔδωκεν
560 3532 678 3601 ἐξουσίαν
688 3539 702 3592 ὁ
712 3534 779 3601 Θεὸς
793 3532 859 3613 χρή-

105 3626 184 3679 σεσθαι
193 3632 248 3688 τοῖς
260 3621 353 3690 ὅπλοις
367 3625 403 3690 εἰς
415 3623 480 3695 δέον,
495 3625 539 3683 καὶ
548 3625 639 3684 λαθεῖν
651 3629 735 3684 αὐτῶν
746 3629 861 3686 ἐντεῦθεν

107 3712 143 3783 τὴν
153 3723 252 3794 πεῖραν.
263 3714 383 3782 Ἐκεῖνος
399 3716 489 3776 άπεισι
505 3720 552 3787 τῆς
570 3717 684 3786 πίστεως
700 3717 779 3795 μόνον
793 3718 861 3798 ἔχων

106 3804 140 3863 τίν
151 3808 251 3880 μισθόν·
266 3806 300 3867 σθ
313 3808 428 3878 ἕστηκας
447 3812 523 3889 ἐντῷ
537 3810 636 3891 σταδίῳ
653 3815 704 3869 τῶν
719 3811 801 3892 ἔργων
818 3813 862 3868 δυ-

112 3896 202 3975 νάμενος
219 3899 313 3960 λαθεῖν
334 3900 434 3967 πολλὰς
457 3901 504 3967 τὰς
528 3901 656 3980 ἀμοιόλς,
677 3904 722 3963 καλ
743 3910 864 3964 τοσοῦτον

112 3989 192 4050 ἐκείνου
206 3997 323 4072 φανῆναι
346 3994 543 4075 λαμπρότερος,
560 3994 621 4053 όσον
639 3995 739 4066 θῆλιος
758 4003 804 4055 τοῦ
820 4020 866 4074 μι-

111 4085 221 4161 κροτάτου
241 4085 369 4164 ἀστέρος,
390 4083 450 4144 ὅσον
474 4091 489 4145 θ
516 4087 663 4165 στρατηγὸς
685 4094 731 4146 τοῦ
752 4087 865 4167 ἐσχάτου

51 4208 54 4215 ·
111 4176 269 4252 στρατιώτου,
286 4178 387 4253 μᾶλλον
405 4176 431 4236 δὲ
445 4177 505 4237 ὅσον
521 4182 535 4236 θ
551 4178 683 4256 βασιλεύς.
701 4180 801 4238 Σαυτθν
812 4180 865 4238 τοί-

51 4290 57 4351 γ
112 4290 144 4323 ων
154 4272 242 4327 αἰτιῶ·
255 4268 398 4347 μᾶλλονδὲ
413 4270 450 4345 μὴ
463 4272 557 4342 αἰτιῶ,
568 4270 637 4329 ἀλλὰ
653 4270 753 4353 διόρθου
765 4270 821 4331 ἀεί·
837 4274 866 4330 οὗ
884 4292 900 4338 n
919 4272 966 4333 sed
982 4270 1085 4347 corrigo
1100 4289 1220 4348 semper:
1237 4288 1289 4325 non
1303 4269 1374 4327 enim
1385 4268 1485 4328 sufficit
1503 4270 1663 4335 criminari.

51 4404 59 4473 ι

51 4474 58 4631 l

51 4690 61 4807 i

51 4360 58 4395 ῑ
112 4360 149 4440 pls.
165 4366 239 4442 iperi
257 4361 291 4421 τὸ
310 4360 494 4421 αἰτιάσασθαι·
515 4362 613 4430 ἔξεστιν
637 4364 865 4444 ἀναμαχέσασθαι.

112 4452 283 4526 termites
307 4453 381 4513 δεινὰ
399 4454 505 4527 ἔπαθες
534 4455 691 4529 Ἀνάστηθι,
720 4459 866 4529 ἀνάκτησαι

112 4546 204 4604 orsam·
214 4542 254 4605 ἔτί
268 4550 342 4627 ἐντῷ
353 4546 451 4626 σταδίῳ
459 4546 589 4621 ἕστηκας,
600 4546 639 4606 ἔτι
651 4548 681 4608 τό
691 4548 798 4631 θέατρον
810 4574 867 4610 συν-

51 4644 59 4679 2'
114 4634 216 4707 ίπιριεν.
227 4640 291 4718 Οὐχ
312 4643 375 4718 ὁρᾷς
396 4639 475 4697 πόσοι
485 4640 742 4706 καταπαλαισθέντες
759 4640 866 4724 ὕστερον

54 4732 59 4747 “
116 4728 313 4809 ἃνιςααγίσαντο,
328 4729 415 4790 Μόνον
433 4731 470 4806 μὴ
485 4729 552 4789 ἑκὼν
569 4732 731 4810 καταστάσης.
743 4734 867 4814 Μακαρί-

57 4850 62 4897 g
119 4819 209 4883 ίειιτθυ
232 4822 391 4895 ἀπελθόντα,
405 4823 504 4902 Πολλῷ
524 4825 624 4901 μᾶλλον
639 4826 785 4905 μακάρισον
802 4850 868 4886 σαυ-

58 4938 63 4967 ·.
123 4912 164 4967 τόν.
175 4912 264 4991 ’λαίθη
283 4914 483 4994 ἁμαρτημάτων
498 4920 610 4987 ἐκεῖνος
632 4916 712 4992 Ἀλλ’,
730 4917 776 4978 tle
791 4919 868 4996 θίλης

60 5008 65 5097 l

128 4998 163 5065 el,
174 5006 199 5061 o]
209 5006 280 5080 μόνον
294 5008 325 5067 τά
337 5007 520 5089 ἁμαρτήματα
534 5008 666 5089 ἀπονίψη,
681 5010 749 5069 ἀλλά
762 5013 808 5071 καὶ
822 5036 868 5071 κα-

162 5186 240 5238 ²l¹lffl¹
250 5201 352 5259 ἀτιλθάῑν,
364 5202 402 5248 καί
415 5200 483 5253 οὗτος
495 5200 659 5255 epitetum-51
672 5199 777 5262 f‘lfflf‘·

260 5308 319 5347 attat.
343 5312 386 5350 ll·

912 3279 963 3316 non
991 3256 1065 3335 quod
1089 3255 1257 3314 illuminatus
1273 3255 1391 3327 sisfhoc
1404 3255 1476 3314 enim
1492 3257 1549 3337 ipse
1567 3271 1656 3315 tecum

912 3370 1053 3409 commune
1066 3348 1171 3421 lralret);
1187 3344 1313 3424 sedquod
1332 3346 1367 3405 ad
1382 3348 1507 3426 praeclare.
1521 3347 1657 3426 agendum

913 3456 1017 3522 tempus
1031 3439 1173 3520 acceperis.
1187 3437 1237 3496 llle
1258 3439 1354 3496 stolam
1370 3438 1468 3512 induit,
1482 3460 1530 3497 uec
1543 3441 1657 3520 permis-

914 3554 974 3592 sum
997 3532 1021 3592 ei
1035 3532 1104 3603 fuit,
1127 3543 1158 3588 ut
1173 3529 1218 3588 illa
1230 3551 1256 3587 se
1266 3529 1440 3610 spectabilem
1454 3530 1592 3590 redderet:
1608 3532 1659 3590 tibi

914 3625 1028 3684 multam
1041 3621 1116 3681 dedit
1136 3623 1211 3680 Deus
1239 3621 1392 3679 facultatem
1414 3621 1507 3680 utendi
1528 3623 1611 3681 armis
1628 3637 1659 3682 ut

916 3730 1029 3797 oportet,
1049 3730 1075 3774 et
1088 3714 1152 3773 ltine
1166 3713 1212 3771 illa
1236 3713 1362 3793 experiri.
1378 3714 1428 3771 llle
1454 3714 1572 3793 migrat,
1590 3716 1653 3774 fidei

917 3825 1022 3870 tantum
1037 3807 1186 3867 mercedem
1210 3806 1311 3864 liabens
1327 3830 1334 3861 :
1350 3819 1377 3863 tu
1397 3820 1450 3866 stas
1466 3806 1493 3865 in
1518 3807 1617 3884 stadio,
1634 3822 1660 3866 et

918 3904 1017 3963 multas
1040 3922 1153 3982 operum
1176 3898 1310 3958 mercedes
1334 3898 1453 3978 accipere
1467 3914 1561 3980 potes,
1582 3915 1661 3977 atque

918 4011 992 4055 tanto
1006 3995 1053 4052 illo
1069 3990 1237 4074 splendidior
1248 4010 1388 4071 apparere,
1404 4005 1506 4069 quanto
1524 3993 1563 4051 sol
1580 3993 1661 4051 mini·

920 4110 962 4147 ma
978 4086 1066 4157 stella,
1080 4098 1180 4163 quanto
1191 4082 1249 4141 dux
1262 4084 1358 4141 ultimo
1379 4084 1475 4155 milito,
1490 4083 1545 4143 imo
1561 4101 1661 4164 quanto

919 4202 976 4238 rex.
988 4178 1075 4257 lgitur
1087 4176 1203 4256 teipsum
1219 4174 1372 4247 criminare;
1390 4176 1444 4234 imo
1459 4198 1491 4235 nc
1503 4177 1662 4254 crimineris,

920 4366 982 4425 licet
1002 4362 1144 4421 decertare.
1169 4360 1294 4440 Dejectus
1319 4360 1365 4417 es?
1380 4360 1473 4439 gracia
1498 4383 1593 4442 passus
1611 4364 1663 4422 es?

920 4462 1051 4537 Resurge,
1066 4455 1182 4536 teipsum
1202 4475 1290 4513 recrea
1306 4477 1313 4510 ι
1331 4450 1385 4512 stas
1396 4452 1486 4515 adlruc
1507 4456 1533 4514 in
1549 4456 1637 4516 stadio
1655 4506 1663 4528 ,

921 4553 1011 4611 adhuc
1024 4549 1160 4607 theatrum
1177 4546 1261 4605 adest.
1276 4547 1334 4605 Non
1349 4546 1435 4618 vides,
1457 4561 1522 4625 quot
1534 4548 1560 4606 in
1573 4570 1664 4629 pugna

921 4642 1058 4726 prostrati,
1073 4661 1180 4699 rursum
1190 4638 1382 4699 decertarunt?
1396 4640 1516 4699 Tantum
1529 4662 1562 4699 ne
1572 4656 1665 4721 sponte

922 4734 1090 4797 succumbas.
1108 4734 1221 4792 Beatum
1232 4730 1300 4789 dieis
1311 4732 1435 4810 cum,qui
1451 4730 1594 4792 defunctus
1604 4735 1665 4791 est?

922 4829 1053 4908 Teipsum
1063 4825 1149 4903 magis
1163 4826 1273 4883 beatum
1284 4823 1378 4882 dicito.
1395 4823 1505 4881 Solutus
1517 4838 1581 4882 esta
1602 4846 1666 4905 pec·

923 4922 988 4981 catis
1002 4920 1070 4979 itte?
1084 4918 1149 4987 Sui,
1163 4917 1185 4977 si
1196 4918 1277 4991 velis,
1292 4937 1345 4975 non
1357 4918 1437 4975 modo
1447 4918 1554 4998 peccata
1564 4919 1666 4993 ablues,

925 5012 1066 5072 imoetiam
1081 5009 1159 5069 bonis
1170 5008 1296 5088 operibus
1312 5008 1527 5086 instructuseris,
1541 5012 1667 5090 quodille

1494 5288 1533 5343 16
