<?xml version="1.0" encoding="UTF-8"?>
<!DOCTYPE html PUBLIC "-//W3C//DTD XHTML 1.0 Transitional//EN"
    "http://www.w3.org/TR/xhtml1/DTD/xhtml1-transitional.dtd">
<html xmlns="http://www.w3.org/1999/xhtml" xml:lang="en" lang="en">
 <head>
  <title>
</title>
<meta http-equiv="Content-Type" content="text/html;charset=utf-8" />
  <meta name='ocr-system' content='tesseract 3.04.00' />
  <meta name='ocr-capabilities' content='ocr_page ocr_carea ocr_par ocr_line ocrx_word'/>
</head>
<body>
  <div class='ocr_page' id='page_1' title='image "./sanctipatrisnos01chrygoog/sanctipatrisnos01chrygoog_0285.png"; bbox 0 0 3728 5978; ppageno 0'>
   <div class='ocr_carea' id='block_1_1' title="bbox 114 389 1390 461">
    <p class='ocr_par' dir='ltr' id='par_1_1' title="bbox 114 389 1390 461">
     <span class='ocr_line' id='line_1_1' title="bbox 114 389 1390 461; baseline -0.001 -1"><span class='ocrx_word' id='word_1_1' title='bbox 114 389 182 461; x_wconf 80' lang='lat'><strong>250</strong></span> <span class='ocrx_word' id='word_1_2' title='bbox 463 411 493 459; x_wconf 88' lang='lat' dir='ltr'><strong>s.</strong></span> <span class='ocrx_word' id='word_1_3' title='bbox 520 412 660 460; x_wconf 79' lang='grc' dir='ltr'>ιοιιιινιο</span> <span class='ocrx_word' id='word_1_4' title='bbox 686 413 870 461; x_wconf 81' lang='lat' dir='ltr'><strong>cimrsosr.</strong></span> <span class='ocrx_word' id='word_1_5' title='bbox 898 412 1054 461; x_wconf 73' lang='lat' dir='ltr'><strong>succini.</strong></span> <span class='ocrx_word' id='word_1_6' title='bbox 1081 394 1390 461; x_wconf 73' lang='lat' dir='ltr'><strong>consraurmou&#39;</strong></span> 
     </span>
    </p>
   </div>
   <div class='ocr_carea' id='block_1_2' title="bbox 7 527 1683 4845">
    <p class='ocr_par' dir='ltr' id='par_1_2' title="bbox 7 527 1683 3008">
     <span class='ocr_line' id='line_1_2' title="bbox 110 527 1683 614; baseline -0.003 -21"><span class='ocrx_word' id='word_1_7' title='bbox 110 535 214 613; x_wconf 89' lang='lat' dir='ltr'><strong>inquit,</strong></span> <span class='ocrx_word' id='word_1_8' title='bbox 225 555 286 613; x_wconf 80' lang='lat' dir='ltr'><strong>quae</strong></span> <span class='ocrx_word' id='word_1_9' title='bbox 300 553 447 611; x_wconf 78' lang='lat' dir='ltr'><strong>numquam</strong></span> <span class='ocrx_word' id='word_1_10' title='bbox 457 533 576 614; x_wconf 88' lang='lat' dir='ltr'><strong>peritura</strong></span> <span class='ocrx_word' id='word_1_11' title='bbox 590 533 654 593; x_wconf 89' lang='lat' dir='ltr'><strong>sint.</strong></span> <span class='ocrx_word' id='word_1_12' title='bbox 666 535 758 613; x_wconf 81' lang='lat' dir='ltr'>Neque</span> <span class='ocrx_word' id='word_1_13' title='bbox 769 534 797 593; x_wconf 93' lang='lat' dir='ltr'><strong>in</strong></span> <span class='ocrx_word' id='word_1_14' title='bbox 810 534 855 593; x_wconf 90' lang='lat' dir='ltr'><strong>bis</strong></span> <span class='ocrx_word' id='word_1_15' title='bbox 907 535 944 594; x_wconf 83' lang='grc' dir='ltr'>Τί</span> <span class='ocrx_word' id='word_1_16' title='bbox 965 539 1038 610; x_wconf 86' lang='grc' dir='ltr'>ἐστι,</span> <span class='ocrx_word' id='word_1_17' title='bbox 1052 530 1138 595; x_wconf 83' lang='grc' dir='ltr'>Δώσω</span> <span class='ocrx_word' id='word_1_18' title='bbox 1152 540 1214 613; x_wconf 77' lang='grc' dir='ltr'>ὑμῖν</span> <span class='ocrx_word' id='word_1_19' title='bbox 1235 533 1270 594; x_wconf 76' lang='grc' dir='ltr'><strong>τά</strong></span> <span class='ocrx_word' id='word_1_20' title='bbox 1288 533 1349 594; x_wconf 84' lang='grc' dir='ltr'>όσια</span> <span class='ocrx_word' id='word_1_21' title='bbox 1368 533 1455 592; x_wconf 83' lang='grc' dir='ltr'>Δαυλδ</span> <span class='ocrx_word' id='word_1_22' title='bbox 1471 531 1508 592; x_wconf 74' lang='grc' dir='ltr'><strong>τά</strong></span> <span class='ocrx_word' id='word_1_23' title='bbox 1527 528 1628 602; x_wconf 80' lang='grc' dir='ltr'>πιστά;</span> <span class='ocrx_word' id='word_1_24' title='bbox 1638 527 1683 590; x_wconf 71' lang='lat' dir='ltr'><strong>Tb</strong></span> 
     </span>
     <span class='ocr_line' id='line_1_3' title="bbox 111 622 1682 707; baseline -0.003 -23"><span class='ocrx_word' id='word_1_25' title='bbox 111 639 248 703; x_wconf 87' lang='lat' dir='ltr'><strong>moratur,</strong></span> <span class='ocrx_word' id='word_1_26' title='bbox 262 637 353 706; x_wconf 85' lang='lat' dir='ltr'>utpote</span> <span class='ocrx_word' id='word_1_27' title='bbox 364 647 427 684; x_wconf 90' lang='lat' dir='ltr'><strong>cum</strong></span> <span class='ocrx_word' id='word_1_28' title='bbox 441 625 484 684; x_wconf 90' lang='lat' dir='ltr'><strong>bis</strong></span> <span class='ocrx_word' id='word_1_29' title='bbox 493 626 552 706; x_wconf 88' lang='lat' dir='ltr'><strong>jam</strong></span> <span class='ocrx_word' id='word_1_30' title='bbox 566 624 691 703; x_wconf 78' lang='lat' dir='ltr'><strong>credaut3</strong></span> <span class='ocrx_word' id='word_1_31' title='bbox 706 625 752 685; x_wconf 89' lang='lat' dir='ltr'><strong>sed</strong></span> <span class='ocrx_word' id='word_1_32' title='bbox 763 628 854 686; x_wconf 90' lang='lat' dir='ltr'><strong>mina·</strong></span> <span class='ocrx_word' id='word_1_33' title='bbox 908 627 1019 705; x_wconf 78' lang='grc' dir='ltr'>βέὸαια,</span> <span class='ocrx_word' id='word_1_34' title='bbox 1033 626 1112 707; x_wconf 80' lang='grc' dir='ltr'>φησί,</span> <span class='ocrx_word' id='word_1_35' title='bbox 1126 624 1160 684; x_wconf 78' lang='grc' dir='ltr'><strong>τά</strong></span> <span class='ocrx_word' id='word_1_36' title='bbox 1171 625 1296 686; x_wconf 77' lang='grc' dir='ltr'>οὐδέποτε</span> <span class='ocrx_word' id='word_1_37' title='bbox 1306 624 1487 704; x_wconf 77' lang='grc' dir='ltr'>ἀπολλύμενα.</span> <span class='ocrx_word' id='word_1_38' title='bbox 1507 623 1562 682; x_wconf 82' lang='grc' dir='ltr'><strong>Καί</strong></span> <span class='ocrx_word' id='word_1_39' title='bbox 1575 622 1624 680; x_wconf 82' lang='grc' dir='ltr'>οῦκ</span> <span class='ocrx_word' id='word_1_40' title='bbox 1636 623 1682 697; x_wconf 64' lang='lat' dir='ltr'><strong>iy-</strong></span> 
     </span>
     <span class='ocr_line' id='line_1_4' title="bbox 111 709 1681 800; baseline 0.004 -28"><span class='ocrx_word' id='word_1_41' title='bbox 111 727 157 773; x_wconf 89' lang='lat' dir='ltr'><strong>tur</strong></span> <span class='ocrx_word' id='word_1_42' title='bbox 171 714 348 796; x_wconf 88' lang='lat' dir='ltr'><strong>supplicium,</strong></span> <span class='ocrx_word' id='word_1_43' title='bbox 359 728 385 773; x_wconf 90' lang='lat' dir='ltr'><strong>et</strong></span> <span class='ocrx_word' id='word_1_44' title='bbox 395 714 491 774; x_wconf 84' lang='lat' dir='ltr'>transit</span> <span class='ocrx_word' id='word_1_45' title='bbox 501 714 537 773; x_wconf 90' lang='lat' dir='ltr'><strong>ad</strong></span> <span class='ocrx_word' id='word_1_46' title='bbox 548 713 588 791; x_wconf 88' lang='lat' dir='ltr'><strong>id,</strong></span> <span class='ocrx_word' id='word_1_47' title='bbox 600 713 673 794; x_wconf 83' lang='lat' dir='ltr'><strong>quod</strong></span> <span class='ocrx_word' id='word_1_48' title='bbox 686 713 725 773; x_wconf 86' lang='lat' dir='ltr'><strong>eis</strong></span> <span class='ocrx_word' id='word_1_49' title='bbox 737 714 856 795; x_wconf 88' lang='lat' dir='ltr'><strong>optabile</strong></span> <span class='ocrx_word' id='word_1_50' title='bbox 906 717 1020 800; x_wconf 66' lang='grc' dir='ltr'>χρονίζει</span> <span class='ocrx_word' id='word_1_51' title='bbox 1031 715 1149 789; x_wconf 76' lang='grc' dir='ltr'>τούτοις,</span> <span class='ocrx_word' id='word_1_52' title='bbox 1169 716 1217 775; x_wconf 83' lang='grc' dir='ltr'><strong>άττ</strong></span> <span class='ocrx_word' id='word_1_53' title='bbox 1228 725 1275 778; x_wconf 91' lang='grc' dir='ltr'><strong>τοῦ</strong></span> <span class='ocrx_word' id='word_1_54' title='bbox 1287 717 1366 796; x_wconf 91' lang='grc' dir='ltr'>λόγου</span> <span class='ocrx_word' id='word_1_55' title='bbox 1379 716 1472 776; x_wconf 83' lang='grc' dir='ltr'>λοιπδν</span> <span class='ocrx_word' id='word_1_56' title='bbox 1488 709 1681 796; x_wconf 61' lang='lat' dir='ltr'><strong>murdim&lt;</strong></span> 
     </span>
     <span class='ocr_line' id='line_1_5' title="bbox 110 805 1682 889; baseline 0.004 -25"><span class='ocrx_word' id='word_1_57' title='bbox 110 819 177 882; x_wconf 85' lang='lat' dir='ltr'><strong>erat,</strong></span> <span class='ocrx_word' id='word_1_58' title='bbox 186 826 248 864; x_wconf 90' lang='lat' dir='ltr'><strong>cum</strong></span> <span class='ocrx_word' id='word_1_59' title='bbox 254 805 411 866; x_wconf 78' lang='lat' dir='ltr'><strong>ostendisset</strong></span> <span class='ocrx_word' id='word_1_60' title='bbox 421 806 579 885; x_wconf 80' lang='lat' dir='ltr'>abrogatam</span> <span class='ocrx_word' id='word_1_61' title='bbox 588 826 644 866; x_wconf 89' lang='lat' dir='ltr'><strong>esse</strong></span> <span class='ocrx_word' id='word_1_62' title='bbox 658 805 762 886; x_wconf 79' lang='lat' dir='ltr'><strong>legem3</strong></span> <span class='ocrx_word' id='word_1_63' title='bbox 775 819 855 886; x_wconf 87' lang='lat' dir='ltr'><strong>atque</strong></span> <span class='ocrx_word' id='word_1_64' title='bbox 907 811 965 869; x_wconf 81' lang='grc' dir='ltr'>ἀλλ’</span> <span class='ocrx_word' id='word_1_65' title='bbox 981 809 1105 870; x_wconf 78' lang='grc' dir='ltr'>ἐπιτείνει</span> <span class='ocrx_word' id='word_1_66' title='bbox 1118 809 1166 883; x_wconf 72' lang='grc' dir='ltr'><strong>τὴν</strong></span> <span class='ocrx_word' id='word_1_67' title='bbox 1177 809 1297 884; x_wconf 76' lang='grc' dir='ltr'>κόλασιν,</span> <span class='ocrx_word' id='word_1_68' title='bbox 1313 809 1359 870; x_wconf 82' lang='grc' dir='ltr'><strong>καί</strong></span> <span class='ocrx_word' id='word_1_69' title='bbox 1377 809 1538 889; x_wconf 67' lang='grc' dir='ltr'>μετέρχεται</span> <span class='ocrx_word' id='word_1_70' title='bbox 1547 807 1581 866; x_wconf 90' lang='grc' dir='ltr'><strong>τδ</strong></span> <span class='ocrx_word' id='word_1_71' title='bbox 1595 808 1682 871; x_wconf 67' lang='grc' dir='ltr'>αὐτοῖς</span> 
     </span>
     <span class='ocr_line' id='line_1_6' title="bbox 110 893 1680 980; baseline 0.002 -26"><span class='ocrx_word' id='word_1_72' title='bbox 110 897 138 956; x_wconf 90' lang='lat' dir='ltr'><strong>in</strong></span> <span class='ocrx_word' id='word_1_73' title='bbox 156 918 187 956; x_wconf 90' lang='lat' dir='ltr'><strong>eo</strong></span> <span class='ocrx_word' id='word_1_74' title='bbox 201 895 275 976; x_wconf 90' lang='lat' dir='ltr'><strong>quod</strong></span> <span class='ocrx_word' id='word_1_75' title='bbox 284 896 350 956; x_wconf 89' lang='lat' dir='ltr'><strong>utile</strong></span> <span class='ocrx_word' id='word_1_76' title='bbox 363 911 419 956; x_wconf 87' lang='lat' dir='ltr'><strong>erat</strong></span> <span class='ocrx_word' id='word_1_77' title='bbox 437 908 569 973; x_wconf 90' lang='lat' dir='ltr'><strong>moratur,</strong></span> <span class='ocrx_word' id='word_1_78' title='bbox 583 895 656 976; x_wconf 90' lang='lat' dir='ltr'><strong>quod</strong></span> <span class='ocrx_word' id='word_1_79' title='bbox 670 916 768 976; x_wconf 87' lang='lat' dir='ltr'><strong>magna</strong></span> <span class='ocrx_word' id='word_1_80' title='bbox 783 896 855 955; x_wconf 86' lang='lat' dir='ltr'><strong>bona</strong></span> <span class='ocrx_word' id='word_1_81' title='bbox 906 902 1040 975; x_wconf 82' lang='grc' dir='ltr'>ποθεινὸν,</span> <span class='ocrx_word' id='word_1_82' title='bbox 1054 894 1177 971; x_wconf 71' lang='grc' dir='ltr'><strong>ιδειιινῦς</strong></span> <span class='ocrx_word' id='word_1_83' title='bbox 1192 902 1238 963; x_wconf 77' lang='grc' dir='ltr'><strong>τὸν</strong></span> <span class='ocrx_word' id='word_1_84' title='bbox 1256 901 1336 980; x_wconf 88' lang='grc' dir='ltr'>νόμον</span> <span class='ocrx_word' id='word_1_85' title='bbox 1355 896 1562 979; x_wconf 50' lang='grc' dir='ltr'>ἐκόαῆμενον,</span> <span class='ocrx_word' id='word_1_86' title='bbox 1581 893 1680 977; x_wconf 76' lang='grc' dir='ltr'>καὶτῷ</span> 
     </span>
     <span class='ocr_line' id='line_1_7' title="bbox 110 989 1679 1078; baseline 0 -28"><span class='ocrx_word' id='word_1_87' title='bbox 110 990 311 1064; x_wconf 83' lang='lat' dir='ltr'><strong>obedientibus,</strong></span> <span class='ocrx_word' id='word_1_88' title='bbox 325 1004 351 1051; x_wconf 90' lang='lat' dir='ltr'><strong>et</strong></span> <span class='ocrx_word' id='word_1_89' title='bbox 358 989 472 1070; x_wconf 86' lang='lat' dir='ltr'><strong>grandia</strong></span> <span class='ocrx_word' id='word_1_90' title='bbox 480 990 550 1050; x_wconf 83' lang='lat' dir='ltr'><strong>mala</strong></span> <span class='ocrx_word' id='word_1_91' title='bbox 560 990 802 1071; x_wconf 74' lang='lat' dir='ltr'><strong>praevaricantibus</strong></span> <span class='ocrx_word' id='word_1_92' title='bbox 812 991 855 1047; x_wconf 83' lang='lat' dir='ltr'><strong>su·</strong></span> <span class='ocrx_word' id='word_1_93' title='bbox 906 993 1066 1077; x_wconf 80' lang='grc' dir='ltr'>συμφέροντι</span> <span class='ocrx_word' id='word_1_94' title='bbox 1083 994 1253 1078; x_wconf 82' lang='grc' dir='ltr'>ἐνδιατρίῦει,</span> <span class='ocrx_word' id='word_1_95' title='bbox 1267 993 1309 1054; x_wconf 78' lang='lat' dir='ltr'><strong>dri</strong></span> <span class='ocrx_word' id='word_1_96' title='bbox 1323 1017 1353 1054; x_wconf 90' lang='grc' dir='ltr'><strong>τι</strong></span> <span class='ocrx_word' id='word_1_97' title='bbox 1367 993 1472 1072; x_wconf 83' lang='grc' dir='ltr'>μίγαλα</span> <span class='ocrx_word' id='word_1_98' title='bbox 1485 989 1595 1069; x_wconf 66' lang='grc' dir='ltr'><strong>οοἰγιιθδ</strong></span> <span class='ocrx_word' id='word_1_99' title='bbox 1611 993 1679 1050; x_wconf 70' lang='lat' dir='ltr'><strong>bau·</strong></span> 
     </span>
     <span class='ocr_line' id='line_1_8' title="bbox 110 1077 1676 1167; baseline 0.002 -30"><span class='ocrx_word' id='word_1_100' title='bbox 110 1091 171 1137; x_wconf 86' lang='lat' dir='ltr'><strong>tura</strong></span> <span class='ocrx_word' id='word_1_101' title='bbox 191 1091 285 1138; x_wconf 88' lang='lat' dir='ltr'><strong>essent.</strong></span> <span class='ocrx_word' id='word_1_102' title='bbox 299 1078 404 1138; x_wconf 90' lang='lat' dir='ltr'><strong>Deinde</strong></span> <span class='ocrx_word' id='word_1_103' title='bbox 422 1078 520 1138; x_wconf 90' lang='lat' dir='ltr'><strong>iterum</strong></span> <span class='ocrx_word' id='word_1_104' title='bbox 540 1078 676 1139; x_wconf 85' lang='lat' dir='ltr'><strong>Davidem</strong></span> <span class='ocrx_word' id='word_1_105' title='bbox 694 1099 755 1138; x_wconf 90' lang='lat' dir='ltr'><strong>cum</strong></span> <span class='ocrx_word' id='word_1_106' title='bbox 775 1077 855 1137; x_wconf 85' lang='lat' dir='ltr'><strong>laude</strong></span> <span class='ocrx_word' id='word_1_107' title='bbox 870 1102 889 1150; x_wconf 83' lang='lat' dir='ltr'><strong>c</strong></span> <span class='ocrx_word' id='word_1_108' title='bbox 905 1084 1029 1160; x_wconf 74' lang='grc' dir='ltr'>κοόοοσι,</span> <span class='ocrx_word' id='word_1_109' title='bbox 1050 1084 1154 1147; x_wconf 68' lang='grc' dir='ltr'>καθότι</span> <span class='ocrx_word' id='word_1_110' title='bbox 1172 1085 1277 1166; x_wconf 82' lang='grc' dir='ltr'>μεγάλα</span> <span class='ocrx_word' id='word_1_111' title='bbox 1293 1085 1364 1146; x_wconf 79' lang='grc' dir='ltr'>κακά</span> <span class='ocrx_word' id='word_1_112' title='bbox 1383 1079 1581 1167; x_wconf 78' lang='grc' dir='ltr'>παρακαίωσιν</span> <span class='ocrx_word' id='word_1_113' title='bbox 1597 1080 1676 1141; x_wconf 84' lang='grc' dir='ltr'>ἐσται</span> 
     </span>
     <span class='ocr_line' id='line_1_9' title="bbox 110 1166 1677 1260; baseline -0.009 -30"><span class='ocrx_word' id='word_1_114' title='bbox 110 1184 256 1231; x_wconf 88' lang='lat' dir='ltr'><strong>memorat:</strong></span> <span class='ocrx_word' id='word_1_115' title='bbox 271 1173 383 1246; x_wconf 85' lang='lat' dir='ltr'><strong>David,</strong></span> <span class='ocrx_word' id='word_1_116' title='bbox 406 1172 517 1250; x_wconf 86' lang='lat' dir='ltr'><strong>inquit,</strong></span> <span class='ocrx_word' id='word_1_117' title='bbox 539 1176 572 1231; x_wconf 90' lang='lat' dir='ltr'><strong>ia</strong></span> <span class='ocrx_word' id='word_1_118' title='bbox 594 1193 649 1231; x_wconf 86' lang='lat' dir='ltr'><strong>sua</strong></span> <span class='ocrx_word' id='word_1_119' title='bbox 667 1175 856 1252; x_wconf 76' lang='lat' dir='ltr'><strong>generatione</strong></span> <span class='ocrx_word' id='word_1_120' title='bbox 906 1166 974 1237; x_wconf 72' lang='lat' dir='ltr'><strong>Eira</strong></span> <span class='ocrx_word' id='word_1_121' title='bbox 984 1177 1101 1260; x_wconf 77' lang='grc' dir='ltr'>περὶτοῦ</span> <span class='ocrx_word' id='word_1_122' title='bbox 1114 1176 1199 1237; x_wconf 81' lang='grc' dir='ltr'>Δαυὶδ</span> <span class='ocrx_word' id='word_1_123' title='bbox 1210 1177 1292 1238; x_wconf 92' lang='grc' dir='ltr'>πάλιν</span> <span class='ocrx_word' id='word_1_124' title='bbox 1304 1175 1393 1256; x_wconf 74' lang='grc' dir='ltr'>λέγει,</span> <span class='ocrx_word' id='word_1_125' title='bbox 1411 1174 1457 1235; x_wconf 82' lang='grc' dir='ltr'><strong>καί</strong></span> <span class='ocrx_word' id='word_1_126' title='bbox 1468 1179 1546 1234; x_wconf 65' lang='grc' dir='ltr'>τοῦτο</span> <span class='ocrx_word' id='word_1_127' title='bbox 1560 1175 1617 1252; x_wconf 56' lang='grc' dir='ltr'>ρκ’</span> <span class='ocrx_word' id='word_1_128' title='bbox 1632 1175 1677 1251; x_wconf 64' lang='grc' dir='ltr'>ιγ.</span> 
     </span>
     <span class='ocr_line' id='line_1_10' title="bbox 109 1265 1676 1352; baseline 0.006 -30"><span class='ocrx_word' id='word_1_129' title='bbox 109 1285 176 1322; x_wconf 87' lang='lat' dir='ltr'><strong>eam</strong></span> <span class='ocrx_word' id='word_1_130' title='bbox 194 1265 431 1324; x_wconf 79' lang='lat' dir='ltr'><strong>administrasset</strong></span> <span class='ocrx_word' id='word_1_131' title='bbox 451 1266 603 1324; x_wconf 84' lang='lat' dir='ltr'><strong>uoluntati</strong></span> <span class='ocrx_word' id='word_1_132' title='bbox 615 1265 688 1336; x_wconf 85' lang='lat' dir='ltr'><strong>Dei,</strong></span> <span class='ocrx_word' id='word_1_133' title='bbox 706 1267 855 1344; x_wconf 85' lang='lat' dir='ltr'><strong>appositas</strong></span> <span class='ocrx_word' id='word_1_134' title='bbox 905 1268 1112 1347; x_wconf 82' lang='grc' dir='ltr'>κωμίου.Δαυίδ</span> <span class='ocrx_word' id='word_1_135' title='bbox 1128 1268 1257 1352; x_wconf 77' lang='grc' dir='ltr'>μὲνγὰρ,</span> <span class='ocrx_word' id='word_1_136' title='bbox 1276 1269 1365 1351; x_wconf 81' lang='grc' dir='ltr'>φησὶν,</span> <span class='ocrx_word' id='word_1_137' title='bbox 1384 1267 1438 1350; x_wconf 79' lang='grc' dir='ltr'>ίδίρ</span> <span class='ocrx_word' id='word_1_138' title='bbox 1450 1276 1529 1348; x_wconf 71' lang='grc' dir='ltr'>γεννᾷ</span> <span class='ocrx_word' id='word_1_139' title='bbox 1546 1265 1676 1348; x_wconf 56' lang='lat' dir='ltr'><strong>dammi</strong></span> 
     </span>
     <span class='ocr_line' id='line_1_11' title="bbox 110 1354 1677 1443; baseline 0.003 -30"><span class='ocrx_word' id='word_1_140' title='bbox 110 1369 153 1414; x_wconf 85' lang='lat' dir='ltr'><strong>est</strong></span> <span class='ocrx_word' id='word_1_141' title='bbox 166 1356 208 1414; x_wconf 86' lang='lat' dir='ltr'><strong>ad</strong></span> <span class='ocrx_word' id='word_1_142' title='bbox 217 1368 317 1436; x_wconf 82' lang='lat' dir='ltr'><strong>patres</strong></span> <span class='ocrx_word' id='word_1_143' title='bbox 329 1377 406 1417; x_wconf 86' lang='lat' dir='ltr'><strong>suos.</strong></span> <span class='ocrx_word' id='word_1_144' title='bbox 419 1356 496 1417; x_wconf 87' lang='lat' dir='ltr'><strong>Sicut</strong></span> <span class='ocrx_word' id='word_1_145' title='bbox 504 1371 531 1416; x_wconf 92' lang='lat' dir='ltr'><strong>et</strong></span> <span class='ocrx_word' id='word_1_146' title='bbox 542 1357 638 1415; x_wconf 87' lang='lat' dir='ltr'><strong>Petrus</strong></span> <span class='ocrx_word' id='word_1_147' title='bbox 652 1354 742 1436; x_wconf 89' lang='lat' dir='ltr'><strong>ipsum</strong></span> <span class='ocrx_word' id='word_1_148' title='bbox 752 1376 853 1414; x_wconf 91' lang='lat' dir='ltr'><strong>memo·</strong></span> <span class='ocrx_word' id='word_1_149' title='bbox 905 1383 954 1428; x_wconf 82' lang='grc' dir='ltr'><strong>σας</strong></span> <span class='ocrx_word' id='word_1_150' title='bbox 967 1364 1055 1439; x_wconf 79' lang='grc' dir='ltr'>τῇτοῦ</span> <span class='ocrx_word' id='word_1_151' title='bbox 1066 1363 1137 1422; x_wconf 87' lang='grc' dir='ltr'>Θεοῦ</span> <span class='ocrx_word' id='word_1_152' title='bbox 1148 1364 1242 1440; x_wconf 80' lang='grc' dir='ltr'>βουλῇ,</span> <span class='ocrx_word' id='word_1_153' title='bbox 1254 1360 1402 1443; x_wconf 77' lang='grc' dir='ltr'>προσετέθη</span> <span class='ocrx_word' id='word_1_154' title='bbox 1411 1359 1478 1441; x_wconf 82' lang='grc' dir='ltr'>πρὸς</span> <span class='ocrx_word' id='word_1_155' title='bbox 1486 1358 1547 1427; x_wconf 80' lang='grc' dir='ltr'>τοῦς</span> <span class='ocrx_word' id='word_1_156' title='bbox 1566 1357 1677 1438; x_wconf 68' lang='lat' dir='ltr'><strong>arripe&lt;</strong></span> 
     </span>
     <span class='ocr_line' id='line_1_12' title="bbox 7 1446 1673 1599; baseline 0.004 -95"><span class='ocrx_word' id='word_1_157' title='bbox 7 1476 35 1508; x_wconf 80' lang='grc' dir='ltr'><strong>,ε</strong></span> <span class='ocrx_word' id='word_1_158' title='bbox 60 1450 98 1520; x_wconf 81' lang='lat'>29&#39;.</span> <span class='ocrx_word' id='word_1_159' title='bbox 111 1467 173 1507; x_wconf 87' lang='lat' dir='ltr'><strong>rans</strong></span> <span class='ocrx_word' id='word_1_160' title='bbox 180 1446 307 1507; x_wconf 85' lang='lat' dir='ltr'><strong>dicebat:</strong></span> <span class='ocrx_word' id='word_1_161' title='bbox 323 1451 423 1507; x_wconf 82' lang='lat' dir='ltr'><strong>Liceat</strong></span> <span class='ocrx_word' id='word_1_162' title='bbox 434 1449 530 1508; x_wconf 86' lang='lat' dir='ltr'><strong>dicere</strong></span> <span class='ocrx_word' id='word_1_163' title='bbox 548 1468 615 1507; x_wconf 88' lang='lat' dir='ltr'><strong>eum</strong></span> <span class='ocrx_word' id='word_1_164' title='bbox 621 1446 736 1599; x_wconf 57' lang='lat' dir='ltr'><strong>pmdroeia</strong></span> <span class='ocrx_word' id='word_1_165' title='bbox 748 1448 785 1504; x_wconf 82' lang='lat' dir='ltr'><strong>de</strong></span> <span class='ocrx_word' id='word_1_166' title='bbox 796 1467 852 1525; x_wconf 85' lang='lat' dir='ltr'><strong>pa·</strong></span> <span class='ocrx_word' id='word_1_167' title='bbox 905 1452 999 1511; x_wconf 77' lang='grc' dir='ltr'>αὐτοῦ·</span> <span class='ocrx_word' id='word_1_168' title='bbox 1018 1451 1105 1520; x_wconf 85' lang='grc' dir='ltr'>καθὼς</span> <span class='ocrx_word' id='word_1_169' title='bbox 1118 1453 1164 1512; x_wconf 83' lang='grc' dir='ltr'><strong>καί</strong></span> <span class='ocrx_word' id='word_1_170' title='bbox 1181 1453 1284 1535; x_wconf 78' lang='grc' dir='ltr'>Πέτρος</span> <span class='ocrx_word' id='word_1_171' title='bbox 1298 1457 1376 1513; x_wconf 82' lang='grc' dir='ltr'>αὐτοῦ</span> <span class='ocrx_word' id='word_1_172' title='bbox 1390 1449 1563 1532; x_wconf 81' lang='grc' dir='ltr'>μνημσνσίων</span> <span class='ocrx_word' id='word_1_173' title='bbox 1577 1448 1673 1528; x_wconf 54' lang='lat' dir='ltr'><strong>Deru·</strong></span> 
     </span>
     <span class='ocr_line' id='line_1_13' title="bbox 111 1539 1673 1627; baseline 0.001 -28"><span class='ocrx_word' id='word_1_174' title='bbox 111 1542 243 1600; x_wconf 80' lang='lat' dir='ltr'><strong>triaraba</strong></span> <span class='ocrx_word' id='word_1_175' title='bbox 257 1542 367 1600; x_wconf 84' lang='lat' dir='ltr'><strong>David.</strong></span> <span class='ocrx_word' id='word_1_176' title='bbox 381 1542 437 1600; x_wconf 87' lang='lat' dir='ltr'><strong>Nec</strong></span> <span class='ocrx_word' id='word_1_177' title='bbox 452 1539 520 1599; x_wconf 88' lang='lat' dir='ltr'><strong>dicit</strong></span> <span class='ocrx_word' id='word_1_178' title='bbox 533 1554 625 1600; x_wconf 89' lang='lat' dir='ltr'><strong>mortu</strong></span> <span class='ocrx_word' id='word_1_179' title='bbox 687 1558 760 1616; x_wconf 88' lang='lat' dir='ltr'><strong>esse,</strong></span> <span class='ocrx_word' id='word_1_180' title='bbox 779 1539 852 1616; x_wconf 79' lang='lat' dir='ltr'><strong>sed,</strong></span> <span class='ocrx_word' id='word_1_181' title='bbox 905 1543 980 1613; x_wconf 83' lang='grc' dir='ltr'>Ἐξδν</span> <span class='ocrx_word' id='word_1_182' title='bbox 1000 1547 1081 1605; x_wconf 81' lang='grc' dir='ltr'>εἰπεῖν</span> <span class='ocrx_word' id='word_1_183' title='bbox 1104 1547 1172 1624; x_wconf 74' lang='grc' dir='ltr'>μετὰ</span> <span class='ocrx_word' id='word_1_184' title='bbox 1193 1544 1342 1627; x_wconf 71' lang='grc' dir='ltr'>παρρησίας</span> <span class='ocrx_word' id='word_1_185' title='bbox 1363 1544 1427 1626; x_wconf 83' lang='grc' dir='ltr'>περί</span> <span class='ocrx_word' id='word_1_186' title='bbox 1446 1549 1493 1604; x_wconf 80' lang='grc' dir='ltr'><strong>τοῦ</strong></span> <span class='ocrx_word' id='word_1_187' title='bbox 1511 1541 1673 1622; x_wconf 67' lang='grc' dir='ltr'>πατριάρχαι</span> 
     </span>
     <span class='ocr_line' id='line_1_14' title="bbox 110 1630 1672 1735; baseline -0.009 -43"><span class='ocrx_word' id='word_1_188' title='bbox 110 1633 321 1714; x_wconf 81' lang='lat' dir='ltr'><strong>Appositusest</strong></span> <span class='ocrx_word' id='word_1_189' title='bbox 332 1635 373 1693; x_wconf 84' lang='lat' dir='ltr'><strong>ad</strong></span> <span class='ocrx_word' id='word_1_190' title='bbox 383 1647 483 1714; x_wconf 88' lang='lat' dir='ltr'><strong>patres</strong></span> <span class='ocrx_word' id='word_1_191' title='bbox 496 1654 574 1705; x_wconf 86' lang='lat' dir='ltr'><strong>suos,</strong></span> <span class='ocrx_word' id='word_1_192' title='bbox 582 1632 610 1692; x_wconf 91' lang='lat' dir='ltr'><strong>id</strong></span> <span class='ocrx_word' id='word_1_193' title='bbox 621 1631 696 1735; x_wconf 70' lang='lat' dir='ltr'><strong>qgod</strong></span> <span class='ocrx_word' id='word_1_194' title='bbox 706 1630 782 1690; x_wconf 92' lang='lat' dir='ltr'><strong>dictu</strong></span> <span class='ocrx_word' id='word_1_195' title='bbox 793 1652 855 1689; x_wconf 89' lang='lat' dir='ltr'><strong>sua·</strong></span> <span class='ocrx_word' id='word_1_196' title='bbox 906 1635 998 1696; x_wconf 88' lang='grc' dir='ltr'>Δαυίδ.</span> <span class='ocrx_word' id='word_1_197' title='bbox 1013 1639 1066 1696; x_wconf 76' lang='grc' dir='ltr'><strong>Καὶ</strong></span> <span class='ocrx_word' id='word_1_198' title='bbox 1079 1641 1109 1698; x_wconf 82' lang='grc' dir='ltr'>οὗ</span> <span class='ocrx_word' id='word_1_199' title='bbox 1128 1637 1214 1719; x_wconf 76' lang='grc' dir='ltr'>λέγει,</span> <span class='ocrx_word' id='word_1_200' title='bbox 1234 1637 1276 1697; x_wconf 84' lang='grc' dir='ltr'><strong>ότι</strong></span> <span class='ocrx_word' id='word_1_201' title='bbox 1295 1636 1473 1710; x_wconf 75' lang='grc' dir='ltr'>ἐτελεύτησεν,</span> <span class='ocrx_word' id='word_1_202' title='bbox 1494 1633 1578 1710; x_wconf 70' lang='grc' dir='ltr'>ἀλλὰ,</span> <span class='ocrx_word' id='word_1_203' title='bbox 1591 1635 1672 1714; x_wconf 63' lang='grc' dir='ltr'>Πρω.</span> 
     </span>
     <span class='ocr_line' id='line_1_15' title="bbox 109 1719 1670 1812; baseline 0.001 -28"><span class='ocrx_word' id='word_1_204' title='bbox 109 1726 172 1785; x_wconf 87' lang='lat' dir='ltr'><strong>vius</strong></span> <span class='ocrx_word' id='word_1_205' title='bbox 185 1740 251 1785; x_wconf 89' lang='lat' dir='ltr'><strong>erat.</strong></span> <span class='ocrx_word' id='word_1_206' title='bbox 267 1725 304 1786; x_wconf 90' lang='lat' dir='ltr'><strong>Et</strong></span> <span class='ocrx_word' id='word_1_207' title='bbox 320 1726 383 1786; x_wconf 90' lang='lat' dir='ltr'><strong>vide</strong></span> <span class='ocrx_word' id='word_1_208' title='bbox 395 1725 530 1804; x_wconf 91' lang='lat' dir='ltr'><strong>quomodo</strong></span> <span class='ocrx_word' id='word_1_209' title='bbox 547 1746 680 1804; x_wconf 84' lang='lat' dir='ltr'><strong>nusquam</strong></span> <span class='ocrx_word' id='word_1_210' title='bbox 692 1723 764 1784; x_wconf 87' lang='lat' dir='ltr'><strong>bona</strong></span> <span class='ocrx_word' id='word_1_211' title='bbox 777 1723 854 1804; x_wconf 90' lang='lat' dir='ltr'><strong>ipso·</strong></span> <span class='ocrx_word' id='word_1_212' title='bbox 906 1727 983 1800; x_wconf 82' lang='grc' dir='ltr'>ετίθη</span> <span class='ocrx_word' id='word_1_213' title='bbox 996 1728 1061 1812; x_wconf 77' lang='grc' dir='ltr'>πρδς</span> <span class='ocrx_word' id='word_1_214' title='bbox 1069 1728 1129 1798; x_wconf 84' lang='grc' dir='ltr'>τοῦς</span> <span class='ocrx_word' id='word_1_215' title='bbox 1142 1728 1259 1810; x_wconf 84' lang='grc' dir='ltr'>πατίρας</span> <span class='ocrx_word' id='word_1_216' title='bbox 1271 1731 1361 1801; x_wconf 77' lang='grc' dir='ltr'>αῦτοῦ,</span> <span class='ocrx_word' id='word_1_217' title='bbox 1370 1719 1479 1808; x_wconf 73' lang='grc' dir='ltr'>όπερῆν</span> <span class='ocrx_word' id='word_1_218' title='bbox 1491 1725 1670 1808; x_wconf 83' lang='grc' dir='ltr'>εὖφημότιραι.</span> 
     </span>
     <span class='ocr_line' id='line_1_16' title="bbox 109 1814 1668 1903; baseline 0.001 -28"><span class='ocrx_word' id='word_1_219' title='bbox 109 1838 172 1875; x_wconf 90' lang='lat' dir='ltr'><strong>rum</strong></span> <span class='ocrx_word' id='word_1_220' title='bbox 185 1839 265 1898; x_wconf 87' lang='lat' dir='ltr'><strong>opera</strong></span> <span class='ocrx_word' id='word_1_221' title='bbox 279 1830 377 1898; x_wconf 87' lang='lat' dir='ltr'><strong>ponat,</strong></span> <span class='ocrx_word' id='word_1_222' title='bbox 392 1817 441 1876; x_wconf 90' lang='lat' dir='ltr'><strong>sed</strong></span> <span class='ocrx_word' id='word_1_223' title='bbox 454 1838 515 1897; x_wconf 84' lang='lat' dir='ltr'><strong>quae</strong></span> <span class='ocrx_word' id='word_1_224' title='bbox 530 1814 750 1898; x_wconf 81' lang='lat' dir='ltr'><strong>reprehensibilia</strong></span> <span class='ocrx_word' id='word_1_225' title='bbox 760 1829 854 1874; x_wconf 88' lang='lat' dir='ltr'><strong>erant:</strong></span> <span class='ocrx_word' id='word_1_226' title='bbox 908 1819 961 1878; x_wconf 83' lang='grc' dir='ltr'><strong>Καί</strong></span> <span class='ocrx_word' id='word_1_227' title='bbox 978 1818 1027 1901; x_wconf 79' lang='grc' dir='ltr'><strong>δρα</strong></span> <span class='ocrx_word' id='word_1_228' title='bbox 1044 1825 1100 1888; x_wconf 85' lang='grc' dir='ltr'>πιῦς</span> <span class='ocrx_word' id='word_1_229' title='bbox 1113 1821 1229 1899; x_wconf 81' lang='grc' dir='ltr'>οῦδαμοῦ</span> <span class='ocrx_word' id='word_1_230' title='bbox 1243 1819 1438 1903; x_wconf 80' lang='grc' dir='ltr'>κατορθώματα</span> <span class='ocrx_word' id='word_1_231' title='bbox 1459 1822 1547 1878; x_wconf 81' lang='grc' dir='ltr'>αὐτῶν</span> <span class='ocrx_word' id='word_1_232' title='bbox 1567 1815 1668 1891; x_wconf 83' lang='grc' dir='ltr'>τίθησιν,</span> 
     </span>
     <span class='ocr_line' id='line_1_17' title="bbox 110 1907 1668 1997; baseline 0.003 -32"><span class='ocrx_word' id='word_1_233' title='bbox 110 1927 172 1967; x_wconf 90' lang='lat' dir='ltr'><strong>nam</strong></span> <span class='ocrx_word' id='word_1_234' title='bbox 185 1907 258 1986; x_wconf 90' lang='lat' dir='ltr'><strong>quod</strong></span> <span class='ocrx_word' id='word_1_235' title='bbox 268 1907 406 1989; x_wconf 88' lang='lat' dir='ltr'><strong>petiissent</strong></span> <span class='ocrx_word' id='word_1_236' title='bbox 415 1921 440 1967; x_wconf 87' lang='lat' dir='ltr'><strong>et</strong></span> <span class='ocrx_word' id='word_1_237' title='bbox 448 1908 625 1988; x_wconf 87' lang='lat' dir='ltr'><strong>accepissent,</strong></span> <span class='ocrx_word' id='word_1_238' title='bbox 636 1927 734 1988; x_wconf 87' lang='lat' dir='ltr'><strong>magna</strong></span> <span class='ocrx_word' id='word_1_239' title='bbox 746 1909 857 1968; x_wconf 87' lang='lat' dir='ltr'><strong>illorum</strong></span> <span class='ocrx_word' id='word_1_240' title='bbox 908 1913 966 1972; x_wconf 84' lang='grc' dir='ltr'>ἀλλ’</span> <span class='ocrx_word' id='word_1_241' title='bbox 982 1912 1050 1993; x_wconf 85' lang='grc' dir='ltr'>άπερ</span> <span class='ocrx_word' id='word_1_242' title='bbox 1065 1915 1121 1994; x_wconf 74' lang='grc' dir='ltr'>ἔχει</span> <span class='ocrx_word' id='word_1_243' title='bbox 1135 1913 1306 1995; x_wconf 78' lang='grc' dir='ltr'>κατηγορίαν.</span> <span class='ocrx_word' id='word_1_244' title='bbox 1321 1915 1347 1973; x_wconf 83' lang='grc' dir='ltr'>Τ</span> <span class='ocrx_word' id='word_1_245' title='bbox 1347 1913 1361 1973; x_wconf 89' lang='grc' dir='ltr'>δ</span> <span class='ocrx_word' id='word_1_246' title='bbox 1377 1911 1444 1993; x_wconf 72' lang='grc' dir='ltr'>γάρ,</span> <span class='ocrx_word' id='word_1_247' title='bbox 1460 1911 1610 1997; x_wconf 79' lang='grc' dir='ltr'>ᾞτήσαντο</span> <span class='ocrx_word' id='word_1_248' title='bbox 1628 1909 1668 1969; x_wconf 78' lang='grc' dir='ltr'><strong>καί</strong></span> 
     </span>
     <span class='ocr_line' id='line_1_18' title="bbox 110 1993 1665 2091; baseline 0.003 -33"><span class='ocrx_word' id='word_1_249' title='bbox 110 1998 245 2059; x_wconf 89' lang='lat' dir='ltr'><strong>accusatio</strong></span> <span class='ocrx_word' id='word_1_250' title='bbox 255 2012 322 2059; x_wconf 89' lang='lat' dir='ltr'><strong>erat.</strong></span> <span class='ocrx_word' id='word_1_251' title='bbox 332 1999 402 2091; x_wconf 78' lang='lat' dir='ltr'><strong>Hine</strong></span> <span class='ocrx_word' id='word_1_252' title='bbox 412 1999 542 2059; x_wconf 86' lang='lat' dir='ltr'><strong>beneficia</strong></span> <span class='ocrx_word' id='word_1_253' title='bbox 551 2000 735 2060; x_wconf 84' lang='lat' dir='ltr'><strong>Deireoenset:</strong></span> <span class='ocrx_word' id='word_1_254' title='bbox 744 2003 855 2081; x_wconf 78' lang='lat' dir='ltr'><strong>Elegit,</strong></span> <span class='ocrx_word' id='word_1_255' title='bbox 908 2002 1014 2078; x_wconf 78' lang='grc' dir='ltr'>ἐλαῦον,</span> <span class='ocrx_word' id='word_1_256' title='bbox 1027 2003 1139 2085; x_wconf 76' lang='grc' dir='ltr'>μεγίστη</span> <span class='ocrx_word' id='word_1_257' title='bbox 1156 2004 1304 2087; x_wconf 82' lang='grc' dir='ltr'>κατηγορία</span> <span class='ocrx_word' id='word_1_258' title='bbox 1318 2007 1413 2064; x_wconf 72' lang='grc' dir='ltr'>αὐτῶν.</span> <span class='ocrx_word' id='word_1_259' title='bbox 1428 1993 1498 2064; x_wconf 75' lang='grc' dir='ltr'>Είτα</span> <span class='ocrx_word' id='word_1_260' title='bbox 1510 2000 1560 2069; x_wconf 70' lang='lat' dir='ltr'><strong>aba</strong></span> <span class='ocrx_word' id='word_1_261' title='bbox 1572 2005 1665 2084; x_wconf 84' lang='grc' dir='ltr'>εῦιργι·</span> 
     </span>
     <span class='ocr_line' id='line_1_19' title="bbox 110 2086 1662 2178; baseline 0.003 -29"><span class='ocrx_word' id='word_1_262' title='bbox 110 2091 208 2170; x_wconf 89' lang='lat' dir='ltr'><strong>inquit,</strong></span> <span class='ocrx_word' id='word_1_263' title='bbox 214 2093 379 2172; x_wconf 75' lang='lat' dir='ltr'><strong>Excitavit,</strong></span> <span class='ocrx_word' id='word_1_264' title='bbox 387 2093 547 2154; x_wconf 78' lang='lat' dir='ltr'><strong>Edraavit.</strong></span> <span class='ocrx_word' id='word_1_265' title='bbox 555 2092 746 2155; x_wconf 82' lang='lat' dir='ltr'><strong>Haecvetunon</strong></span> <span class='ocrx_word' id='word_1_266' title='bbox 754 2115 857 2171; x_wconf 88' lang='lat' dir='ltr'><strong>eorum,</strong></span> <span class='ocrx_word' id='word_1_267' title='bbox 908 2095 967 2162; x_wconf 87' lang='grc' dir='ltr'>σίας</span> <span class='ocrx_word' id='word_1_268' title='bbox 979 2100 1025 2155; x_wconf 86' lang='grc' dir='ltr'><strong>τοῦ</strong></span> <span class='ocrx_word' id='word_1_269' title='bbox 1037 2098 1108 2158; x_wconf 82' lang='grc' dir='ltr'>Θεοῦ</span> <span class='ocrx_word' id='word_1_270' title='bbox 1119 2086 1426 2178; x_wconf 75' lang='grc' dir='ltr'>καταλίγει,ἘὶιλίΕατο</span> <span class='ocrx_word' id='word_1_271' title='bbox 1439 2087 1662 2174; x_wconf 58' lang='grc' dir='ltr'>είιιδιν,ἦ’ψσιστν,</span> 
     </span>
     <span class='ocr_line' id='line_1_20' title="bbox 111 2183 1661 2271; baseline 0.003 -29"><span class='ocrx_word' id='word_1_272' title='bbox 111 2183 157 2242; x_wconf 90' lang='lat' dir='ltr'><strong>scd</strong></span> <span class='ocrx_word' id='word_1_273' title='bbox 168 2184 217 2243; x_wconf 88' lang='lat' dir='ltr'><strong>Dei</strong></span> <span class='ocrx_word' id='word_1_274' title='bbox 227 2183 320 2244; x_wconf 86' lang='lat' dir='ltr'><strong>laudes</strong></span> <span class='ocrx_word' id='word_1_275' title='bbox 338 2199 410 2245; x_wconf 90' lang='lat' dir='ltr'><strong>sunt.</strong></span> <span class='ocrx_word' id='word_1_276' title='bbox 421 2185 556 2247; x_wconf 85' lang='lat' dir='ltr'><strong>Davidem</strong></span> <span class='ocrx_word' id='word_1_277' title='bbox 570 2198 660 2246; x_wconf 86' lang='lat' dir='ltr'><strong>autem</strong></span> <span class='ocrx_word' id='word_1_278' title='bbox 676 2187 765 2247; x_wconf 89' lang='lat' dir='ltr'><strong>solum</strong></span> <span class='ocrx_word' id='word_1_279' title='bbox 782 2187 856 2247; x_wconf 79' lang='lat' dir='ltr'><strong>cele-</strong></span> <span class='ocrx_word' id='word_1_280' title='bbox 873 2213 892 2260; x_wconf 76' lang='grc' dir='ltr'><strong>ι)</strong></span> <span class='ocrx_word' id='word_1_281' title='bbox 909 2188 1231 2271; x_wconf 88' lang='grc' dir='ltr'>Ἐτροποφόρησε.Ταῦτα</span> <span class='ocrx_word' id='word_1_282' title='bbox 1240 2189 1268 2251; x_wconf 79' lang='grc' dir='ltr'><strong>δὲ</strong></span> <span class='ocrx_word' id='word_1_283' title='bbox 1280 2190 1328 2250; x_wconf 85' lang='grc' dir='ltr'>οῦκ</span> <span class='ocrx_word' id='word_1_284' title='bbox 1343 2188 1450 2250; x_wconf 76' lang='grc' dir='ltr'>ἐκτίνων</span> <span class='ocrx_word' id='word_1_285' title='bbox 1463 2186 1595 2267; x_wconf 77' lang='grc' dir='ltr'>ἕγνώμισ,</span> <span class='ocrx_word' id='word_1_286' title='bbox 1606 2184 1661 2246; x_wconf 74' lang='lat' dir='ltr'><strong>uu</strong></span> 
     </span>
     <span class='ocr_line' id='line_1_21' title="bbox 109 2274 1661 2361; baseline 0.002 -27"><span class='ocrx_word' id='word_1_287' title='bbox 109 2275 182 2354; x_wconf 87' lang='lat' dir='ltr'><strong>brat,</strong></span> <span class='ocrx_word' id='word_1_288' title='bbox 192 2276 255 2357; x_wconf 84' lang='lat' dir='ltr'><strong>quia</strong></span> <span class='ocrx_word' id='word_1_289' title='bbox 266 2298 299 2337; x_wconf 84' lang='lat' dir='ltr'><strong>er</strong></span> <span class='ocrx_word' id='word_1_290' title='bbox 308 2278 367 2359; x_wconf 90' lang='lat' dir='ltr'><strong>ipso</strong></span> <span class='ocrx_word' id='word_1_291' title='bbox 378 2277 514 2339; x_wconf 79' lang='lat' dir='ltr'><strong>Christus.</strong></span> <span class='ocrx_word' id='word_1_292' title='bbox 529 2279 684 2358; x_wconf 82' lang='lat' dir='ltr'><strong>ingressum</strong></span> <span class='ocrx_word' id='word_1_293' title='bbox 697 2300 760 2340; x_wconf 91' lang='lat' dir='ltr'><strong>vero</strong></span> <span class='ocrx_word' id='word_1_294' title='bbox 773 2281 856 2342; x_wconf 87' lang='lat' dir='ltr'><strong>Joan-</strong></span> <span class='ocrx_word' id='word_1_295' title='bbox 908 2288 953 2342; x_wconf 90' lang='grc' dir='ltr'><strong>τοῦ</strong></span> <span class='ocrx_word' id='word_1_296' title='bbox 963 2284 1042 2343; x_wconf 83' lang='grc' dir='ltr'>Θεοῦ.</span> <span class='ocrx_word' id='word_1_297' title='bbox 1063 2283 1117 2361; x_wconf 78' lang='grc' dir='ltr'>Τὸν</span> <span class='ocrx_word' id='word_1_298' title='bbox 1131 2282 1158 2343; x_wconf 83' lang='grc' dir='ltr'>δέ</span> <span class='ocrx_word' id='word_1_299' title='bbox 1170 2283 1256 2343; x_wconf 83' lang='grc' dir='ltr'>Δαυίδ</span> <span class='ocrx_word' id='word_1_300' title='bbox 1270 2279 1430 2361; x_wconf 75' lang='grc' dir='ltr'>ἐγκωμιάζει</span> <span class='ocrx_word' id='word_1_301' title='bbox 1442 2279 1533 2358; x_wconf 87' lang='grc' dir='ltr'>μόνον,</span> <span class='ocrx_word' id='word_1_302' title='bbox 1547 2274 1661 2350; x_wconf 68' lang='lat' dir='ltr'><strong>inditi</strong></span> 
     </span>
     <span class='ocr_line' id='line_1_22' title="bbox 111 2368 1660 2522; baseline 0.005 -95"><span class='ocrx_word' id='word_1_303' title='bbox 111 2389 157 2427; x_wconf 84' lang='lat' dir='ltr'><strong>nes</strong></span> <span class='ocrx_word' id='word_1_304' title='bbox 175 2384 267 2448; x_wconf 80' lang='lat' dir='ltr'><strong>vocat,</strong></span> <span class='ocrx_word' id='word_1_305' title='bbox 285 2368 389 2448; x_wconf 84' lang='lat' dir='ltr'><strong>dicens,</strong></span> <span class='ocrx_word' id='word_1_306' title='bbox 407 2370 492 2430; x_wconf 81' lang='lat' dir='ltr'><strong>Ante</strong></span> <span class='ocrx_word' id='word_1_307' title='bbox 494 2373 610 2454; x_wconf 82' lang='lat' dir='ltr'><strong>sociem</strong></span> <span class='ocrx_word' id='word_1_308' title='bbox 624 2377 770 2522; x_wconf 51' lang='lat' dir='ltr'><strong>iriglessus</strong></span> <span class='ocrx_word' id='word_1_309' title='bbox 779 2377 853 2455; x_wconf 80' lang='lat' dir='ltr'><strong>ejus,</strong></span> <span class='ocrx_word' id='word_1_310' title='bbox 908 2377 1013 2436; x_wconf 83' lang='grc' dir='ltr'>αὐτοῦθ</span> <span class='ocrx_word' id='word_1_311' title='bbox 1028 2374 1151 2455; x_wconf 79' lang='grc' dir='ltr'>Χριστός.</span> <span class='ocrx_word' id='word_1_312' title='bbox 1166 2375 1276 2437; x_wconf 81' lang='grc' dir='ltr'>Είσοδον</span> <span class='ocrx_word' id='word_1_313' title='bbox 1291 2374 1343 2435; x_wconf 82' lang='grc' dir='ltr'><strong>δέθ</strong></span> <span class='ocrx_word' id='word_1_314' title='bbox 1357 2371 1483 2445; x_wconf 70' lang='grc' dir='ltr'>Ἰωάννης</span> <span class='ocrx_word' id='word_1_315' title='bbox 1493 2373 1570 2433; x_wconf 61' lang='lat' dir='ltr'><strong>aaut</strong></span> <span class='ocrx_word' id='word_1_316' title='bbox 1583 2368 1660 2448; x_wconf 69' lang='grc' dir='ltr'>λόγον,</span> 
     </span>
     <span class='ocr_line' id='line_1_23' title="bbox 112 2459 1660 2551; baseline 0.002 -33"><span class='ocrx_word' id='word_1_317' title='bbox 112 2459 322 2520; x_wconf 85' lang='lat' dir='ltr'><strong>incarnationem</strong></span> <span class='ocrx_word' id='word_1_318' title='bbox 336 2461 448 2538; x_wconf 81' lang='lat' dir='ltr'><strong>Christi,</strong></span> <span class='ocrx_word' id='word_1_319' title='bbox 461 2473 489 2522; x_wconf 85' lang='lat' dir='ltr'><strong>et</strong></span> <span class='ocrx_word' id='word_1_320' title='bbox 505 2460 566 2543; x_wconf 77' lang='lat' dir='ltr'><strong>ejus</strong></span> <span class='ocrx_word' id='word_1_321' title='bbox 578 2484 650 2523; x_wconf 89' lang='lat' dir='ltr'><strong>cum·</strong></span> <span class='ocrx_word' id='word_1_322' title='bbox 699 2485 731 2524; x_wconf 90' lang='lat' dir='ltr'><strong>nc</strong></span> <span class='ocrx_word' id='word_1_323' title='bbox 748 2463 853 2525; x_wconf 89' lang='lat' dir='ltr'><strong>adven·</strong></span> <span class='ocrx_word' id='word_1_324' title='bbox 908 2468 967 2549; x_wconf 91' lang='grc' dir='ltr'><strong>Πρδ</strong></span> <span class='ocrx_word' id='word_1_325' title='bbox 976 2466 1119 2551; x_wconf 79' lang='grc' dir='ltr'>προσώπω</span> <span class='ocrx_word' id='word_1_326' title='bbox 1132 2473 1180 2542; x_wconf 71' lang='grc' dir='ltr'><strong>τῆς</strong></span> <span class='ocrx_word' id='word_1_327' title='bbox 1191 2467 1293 2529; x_wconf 75' lang='grc' dir='ltr'>εἰσόδου</span> <span class='ocrx_word' id='word_1_328' title='bbox 1307 2469 1401 2540; x_wconf 79' lang='grc' dir='ltr'>αθιοῦ,</span> <span class='ocrx_word' id='word_1_329' title='bbox 1419 2463 1470 2538; x_wconf 70' lang='grc' dir='ltr'><strong>τὴν</strong></span> <span class='ocrx_word' id='word_1_330' title='bbox 1482 2464 1610 2547; x_wconf 84' lang='grc' dir='ltr'>σάρκωσιν</span> <span class='ocrx_word' id='word_1_331' title='bbox 1623 2466 1660 2521; x_wconf 77' lang='grc' dir='ltr'><strong>τῦ</strong></span> 
     </span>
     <span class='ocr_line' id='line_1_24' title="bbox 102 2551 1659 2640; baseline 0.001 -28"><span class='ocrx_word' id='word_1_332' title='bbox 102 2567 181 2629; x_wconf 78' lang='lat' dir='ltr'><strong>tum.</strong></span> <span class='ocrx_word' id='word_1_333' title='bbox 193 2554 240 2615; x_wconf 89' lang='lat' dir='ltr'><strong>Sic</strong></span> <span class='ocrx_word' id='word_1_334' title='bbox 252 2556 368 2617; x_wconf 79' lang='lat' dir='ltr'><strong>Joanues</strong></span> <span class='ocrx_word' id='word_1_335' title='bbox 383 2553 564 2636; x_wconf 83' lang='lat' dir='ltr'><strong>Evangelium</strong></span> <span class='ocrx_word' id='word_1_336' title='bbox 575 2556 710 2633; x_wconf 86' lang='lat' dir='ltr'><strong>scribens,</strong></span> <span class='ocrx_word' id='word_1_337' title='bbox 726 2557 762 2616; x_wconf 89' lang='lat' dir='ltr'><strong>ad</strong></span> <span class='ocrx_word' id='word_1_338' title='bbox 775 2558 856 2617; x_wconf 86' lang='lat' dir='ltr'><strong>illum</strong></span> <span class='ocrx_word' id='word_1_339' title='bbox 908 2562 1042 2640; x_wconf 82' lang='grc' dir='ltr'>Χριστοῦ,</span> <span class='ocrx_word' id='word_1_340' title='bbox 1058 2559 1107 2634; x_wconf 67' lang='grc' dir='ltr'><strong>τὴν</strong></span> <span class='ocrx_word' id='word_1_341' title='bbox 1122 2559 1191 2640; x_wconf 76' lang='grc' dir='ltr'>μετά</span> <span class='ocrx_word' id='word_1_342' title='bbox 1204 2559 1302 2639; x_wconf 83' lang='grc' dir='ltr'>σαρκὸς</span> <span class='ocrx_word' id='word_1_343' title='bbox 1318 2559 1397 2618; x_wconf 84' lang='grc' dir='ltr'>αῦτοῦ</span> <span class='ocrx_word' id='word_1_344' title='bbox 1418 2557 1576 2638; x_wconf 87' lang='grc' dir='ltr'>φανίρωσιν.</span> <span class='ocrx_word' id='word_1_345' title='bbox 1594 2551 1659 2615; x_wconf 77' lang='grc' dir='ltr'>θίαν</span> 
     </span>
     <span class='ocr_line' id='line_1_25' title="bbox 113 2628 1659 2732; baseline -0.001 -25"><span class='ocrx_word' id='word_1_346' title='bbox 113 2669 183 2728; x_wconf 75' lang='lat' dir='ltr'><strong>saepe</strong></span> <span class='ocrx_word' id='word_1_347' title='bbox 195 2648 316 2728; x_wconf 75' lang='lat' dir='ltr'><strong>confugit</strong></span> <span class='ocrx_word' id='word_1_348' title='bbox 330 2671 337 2705; x_wconf 91' lang='lat'><strong>:</strong></span> <span class='ocrx_word' id='word_1_349' title='bbox 351 2668 483 2728; x_wconf 82' lang='lat' dir='ltr'><strong>magnum</strong></span> <span class='ocrx_word' id='word_1_350' title='bbox 495 2628 566 2710; x_wconf 82' lang='lat' dir='ltr'><strong>eniiri</strong></span> <span class='ocrx_word' id='word_1_351' title='bbox 586 2650 629 2709; x_wconf 89' lang='lat' dir='ltr'><strong>illi</strong></span> <span class='ocrx_word' id='word_1_352' title='bbox 644 2669 740 2709; x_wconf 86' lang='lat' dir='ltr'><strong>nomon</strong></span> <span class='ocrx_word' id='word_1_353' title='bbox 756 2663 814 2710; x_wconf 86' lang='lat' dir='ltr'><strong>erat</strong></span> <span class='ocrx_word' id='word_1_354' title='bbox 829 2651 856 2711; x_wconf 94' lang='lat' dir='ltr'><strong>in</strong></span> <span class='ocrx_word' id='word_1_355' title='bbox 907 2653 953 2713; x_wconf 79' lang='grc' dir='ltr'><strong>καὶ</strong></span> <span class='ocrx_word' id='word_1_356' title='bbox 965 2656 980 2712; x_wconf 87' lang='grc' dir='ltr'>δ</span> <span class='ocrx_word' id='word_1_357' title='bbox 990 2652 1114 2726; x_wconf 83' lang='grc' dir='ltr'>Ἰωάννης</span> <span class='ocrx_word' id='word_1_358' title='bbox 1124 2651 1330 2732; x_wconf 79' lang='grc' dir='ltr'>τδΕῦαγγόλιον</span> <span class='ocrx_word' id='word_1_359' title='bbox 1342 2649 1461 2732; x_wconf 88' lang='grc' dir='ltr'>γράφων,</span> <span class='ocrx_word' id='word_1_360' title='bbox 1472 2649 1517 2708; x_wconf 77' lang='lat' dir='ltr'><strong>iai</strong></span> <span class='ocrx_word' id='word_1_361' title='bbox 1529 2652 1659 2708; x_wconf 76' lang='grc' dir='ltr'>τοῦτονιιι·</span> 
     </span>
     <span class='ocr_line' id='line_1_26' title="bbox 113 2733 1660 2827; baseline -0.001 -28"><span class='ocrx_word' id='word_1_362' title='bbox 113 2754 169 2800; x_wconf 90' lang='lat' dir='ltr'><strong>toto</strong></span> <span class='ocrx_word' id='word_1_363' title='bbox 184 2741 258 2800; x_wconf 85' lang='lat' dir='ltr'><strong>orbe.</strong></span> <span class='ocrx_word' id='word_1_364' title='bbox 278 2739 315 2800; x_wconf 86' lang='lat' dir='ltr'><strong>Et</strong></span> <span class='ocrx_word' id='word_1_365' title='bbox 329 2740 407 2800; x_wconf 90' lang='lat' dir='ltr'><strong>vide:</strong></span> <span class='ocrx_word' id='word_1_366' title='bbox 423 2762 475 2801; x_wconf 90' lang='lat' dir='ltr'><strong>non</strong></span> <span class='ocrx_word' id='word_1_367' title='bbox 485 2739 554 2802; x_wconf 86' lang='lat' dir='ltr'><strong>dicit</strong></span> <span class='ocrx_word' id='word_1_368' title='bbox 566 2741 633 2802; x_wconf 92' lang='lat' dir='ltr'><strong>illud</strong></span> <span class='ocrx_word' id='word_1_369' title='bbox 647 2765 682 2802; x_wconf 85' lang='lat' dir='ltr'><strong>ex</strong></span> <span class='ocrx_word' id='word_1_370' title='bbox 695 2741 855 2827; x_wconf 86' lang='lat' dir='ltr'><strong>scipso,sed</strong></span> <span class='ocrx_word' id='word_1_371' title='bbox 906 2742 1030 2826; x_wconf 84' lang='grc' dir='ltr'>ταφεόγτι</span> <span class='ocrx_word' id='word_1_372' title='bbox 1048 2749 1179 2826; x_wconf 83' lang='grc' dir='ltr'>συνεχῶς·</span> <span class='ocrx_word' id='word_1_373' title='bbox 1194 2743 1279 2822; x_wconf 82' lang='grc' dir='ltr'>ὄνομα</span> <span class='ocrx_word' id='word_1_374' title='bbox 1298 2742 1349 2822; x_wconf 76' lang='grc' dir='ltr'><strong>γάρ</strong></span> <span class='ocrx_word' id='word_1_375' title='bbox 1372 2733 1405 2814; x_wconf 69' lang='grc' dir='ltr'>ἦν</span> <span class='ocrx_word' id='word_1_376' title='bbox 1424 2744 1498 2821; x_wconf 79' lang='grc' dir='ltr'>αὐτῷ</span> <span class='ocrx_word' id='word_1_377' title='bbox 1520 2738 1585 2800; x_wconf 84' lang='grc' dir='ltr'>πολδ</span> <span class='ocrx_word' id='word_1_378' title='bbox 1603 2734 1660 2798; x_wconf 71' lang='lat' dir='ltr'><strong>ausi</strong></span> 
     </span>
     <span class='ocr_line' id='line_1_27' title="bbox 115 2824 1660 2915; baseline 0.003 -24"><span class='ocrx_word' id='word_1_379' title='bbox 115 2832 190 2892; x_wconf 86' lang='lat' dir='ltr'><strong>illius</strong></span> <span class='ocrx_word' id='word_1_380' title='bbox 200 2833 279 2892; x_wconf 82' lang='lat' dir='ltr'><strong>affert</strong></span> <span class='ocrx_word' id='word_1_381' title='bbox 291 2831 484 2893; x_wconf 74' lang='lat' dir='ltr'><strong>testimonium.</strong></span> <span class='ocrx_word' id='word_1_382' title='bbox 907 2837 956 2910; x_wconf 74' lang='grc' dir='ltr'><strong>τὴν</strong></span> <span class='ocrx_word' id='word_1_383' title='bbox 974 2835 1133 2915; x_wconf 71' lang='grc' dir='ltr'>οἰκουμένην</span> <span class='ocrx_word' id='word_1_384' title='bbox 1150 2837 1266 2897; x_wconf 77' lang='grc' dir='ltr'>ἅπασαν.</span> <span class='ocrx_word' id='word_1_385' title='bbox 1283 2834 1336 2896; x_wconf 82' lang='grc' dir='ltr'><strong>Καὶ</strong></span> <span class='ocrx_word' id='word_1_386' title='bbox 1355 2834 1417 2914; x_wconf 77' lang='grc' dir='ltr'>ὅρα·</span> <span class='ocrx_word' id='word_1_387' title='bbox 1432 2833 1462 2892; x_wconf 76' lang='grc' dir='ltr'>ὠ</span> <span class='ocrx_word' id='word_1_388' title='bbox 1477 2829 1550 2910; x_wconf 73' lang='grc' dir='ltr'>λέγει</span> <span class='ocrx_word' id='word_1_389' title='bbox 1568 2829 1625 2892; x_wconf 69' lang='grc' dir='ltr'>αὐτὸ</span> <span class='ocrx_word' id='word_1_390' title='bbox 1638 2824 1660 2896; x_wconf 66' lang='lat' dir='ltr'><strong>li</strong></span> 
     </span>
     <span class='ocr_line' id='line_1_28' title="bbox 329 2923 1539 3008; baseline -0.011 -14"><span class='ocrx_word' id='word_1_391' title='bbox 329 2932 330 2935; x_wconf 25' lang='lat'>¹</span> <span class='ocrx_word' id='word_1_392' title='bbox 909 2932 1018 3002; x_wconf 80' lang='grc' dir='ltr'>ἑαυτοῦ,</span> <span class='ocrx_word' id='word_1_393' title='bbox 1029 2925 1100 2988; x_wconf 73' lang='grc' dir='ltr'>ἀλλά</span> <span class='ocrx_word' id='word_1_394' title='bbox 1116 2927 1165 3002; x_wconf 71' lang='grc' dir='ltr'><strong>την</strong></span> <span class='ocrx_word' id='word_1_395' title='bbox 1179 2926 1278 2988; x_wconf 72' lang='grc' dir='ltr'>ἐκείνου</span> <span class='ocrx_word' id='word_1_396' title='bbox 1290 2926 1363 3008; x_wconf 81' lang='grc' dir='ltr'>φέρει</span> <span class='ocrx_word' id='word_1_397' title='bbox 1380 2923 1539 3008; x_wconf 84' lang='grc' dir='ltr'>μαρτυρίαν.</span> 
     </span>
    </p>

    <p class='ocr_par' dir='ltr' id='par_1_3' title="bbox 114 3010 1676 4845">
     <span class='ocr_line' id='line_1_29' title="bbox 156 3010 1661 3102; baseline -0.003 -23"><span class='ocrx_word' id='word_1_398' title='bbox 156 3021 185 3079; x_wconf 80' lang='lat'><strong>3.</strong></span> <span class='ocrx_word' id='word_1_399' title='bbox 202 3019 316 3098; x_wconf 86' lang='lat' dir='ltr'><strong>Viden&#39;,</strong></span> <span class='ocrx_word' id='word_1_400' title='bbox 330 3021 466 3102; x_wconf 89' lang='lat' dir='ltr'><strong>quomodo</strong></span> <span class='ocrx_word' id='word_1_401' title='bbox 480 3023 619 3083; x_wconf 87' lang='lat' dir='ltr'><strong>ostendere</strong></span> <span class='ocrx_word' id='word_1_402' title='bbox 633 3024 738 3084; x_wconf 86' lang='lat' dir='ltr'><strong>studeat</strong></span> <span class='ocrx_word' id='word_1_403' title='bbox 751 3046 810 3084; x_wconf 89' lang='lat' dir='ltr'><strong>rem</strong></span> <span class='ocrx_word' id='word_1_404' title='bbox 823 3046 858 3084; x_wconf 83' lang='lat' dir='ltr'><strong>ex</strong></span> <span class='ocrx_word' id='word_1_405' title='bbox 948 3010 1025 3090; x_wconf 73' lang='grc' dir='ltr'>Εἶδες</span> <span class='ocrx_word' id='word_1_406' title='bbox 1037 3023 1094 3088; x_wconf 83' lang='grc' dir='ltr'><strong>πῶς</strong></span> <span class='ocrx_word' id='word_1_407' title='bbox 1105 3019 1254 3085; x_wconf 89' lang='grc' dir='ltr'>σπουδαίως</span> <span class='ocrx_word' id='word_1_408' title='bbox 1267 3017 1362 3087; x_wconf 74' lang='grc' dir='ltr'>ἔδειξεν</span> <span class='ocrx_word' id='word_1_409' title='bbox 1382 3014 1554 3096; x_wconf 53' lang='grc' dir='ltr'>ὀἰκονομίας</span> <span class='ocrx_word' id='word_1_410' title='bbox 1566 3015 1595 3074; x_wconf 74' lang='lat' dir='ltr'><strong>ab</strong></span> <span class='ocrx_word' id='word_1_411' title='bbox 1606 3021 1661 3095; x_wconf 81' lang='grc' dir='ltr'>τρΙ·</span> 
     </span>
     <span class='ocr_line' id='line_1_30' title="bbox 117 3103 1661 3196; baseline 0.002 -26"><span class='ocrx_word' id='word_1_412' title='bbox 117 3111 262 3170; x_wconf 86' lang='lat' dir='ltr'><strong>oeoonomia</strong></span> <span class='ocrx_word' id='word_1_413' title='bbox 271 3112 388 3192; x_wconf 88' lang='lat' dir='ltr'><strong>quadam</strong></span> <span class='ocrx_word' id='word_1_414' title='bbox 399 3115 466 3194; x_wconf 87' lang='lat' dir='ltr'><strong>geri.</strong></span> <span class='ocrx_word' id='word_1_415' title='bbox 482 3115 538 3176; x_wconf 89' lang='lat' dir='ltr'><strong>Sed</strong></span> <span class='ocrx_word' id='word_1_416' title='bbox 548 3114 690 3175; x_wconf 84' lang='lat' dir='ltr'><strong>audiamus</strong></span> <span class='ocrx_word' id='word_1_417' title='bbox 701 3115 768 3196; x_wconf 90' lang='lat' dir='ltr'><strong>quid</strong></span> <span class='ocrx_word' id='word_1_418' title='bbox 787 3137 857 3196; x_wconf 86' lang='lat' dir='ltr'><strong>apo-</strong></span> <span class='ocrx_word' id='word_1_419' title='bbox 907 3136 964 3194; x_wconf 89' lang='grc' dir='ltr'><strong>γμα</strong></span> <span class='ocrx_word' id='word_1_420' title='bbox 978 3112 1006 3172; x_wconf 86' lang='grc' dir='ltr'>όν</span> <span class='ocrx_word' id='word_1_421' title='bbox 1014 3135 1023 3185; x_wconf 83' lang='grc'><strong>;</strong></span> <span class='ocrx_word' id='word_1_422' title='bbox 1039 3113 1108 3171; x_wconf 77' lang='grc' dir='ltr'>Ἀλλ’</span> <span class='ocrx_word' id='word_1_423' title='bbox 1122 3111 1277 3188; x_wconf 78' lang='grc' dir='ltr'>ἀκούσωμεν</span> <span class='ocrx_word' id='word_1_424' title='bbox 1293 3109 1320 3169; x_wconf 87' lang='grc' dir='ltr'><strong>τί</strong></span> <span class='ocrx_word' id='word_1_425' title='bbox 1333 3108 1379 3190; x_wconf 82' lang='grc' dir='ltr'><strong>καί</strong></span> <span class='ocrx_word' id='word_1_426' title='bbox 1391 3108 1512 3188; x_wconf 82' lang='grc' dir='ltr'>λε’γοντις</span> <span class='ocrx_word' id='word_1_427' title='bbox 1522 3111 1548 3167; x_wconf 80' lang='grc' dir='ltr'>οἱ</span> <span class='ocrx_word' id='word_1_428' title='bbox 1561 3103 1661 3166; x_wconf 58' lang='grc' dir='ltr'>ἀπίω·</span> 
     </span>
     <span class='ocr_line' id='line_1_31' title="bbox 116 3193 1662 3287; baseline -0.003 -25"><span class='ocrx_word' id='word_1_429' title='bbox 116 3204 178 3262; x_wconf 88' lang='lat' dir='ltr'><strong>stoli</strong></span> <span class='ocrx_word' id='word_1_430' title='bbox 197 3204 316 3267; x_wconf 88' lang='lat' dir='ltr'><strong>dicentes</strong></span> <span class='ocrx_word' id='word_1_431' title='bbox 330 3208 510 3287; x_wconf 85' lang='lat' dir='ltr'><strong>persuaserint</strong></span> <span class='ocrx_word' id='word_1_432' title='bbox 518 3193 537 3285; x_wconf 60' lang='lat'><strong>,&#39;</strong></span> <span class='ocrx_word' id='word_1_433' title='bbox 552 3208 625 3287; x_wconf 93' lang='lat' dir='ltr'><strong>quod</strong></span> <span class='ocrx_word' id='word_1_434' title='bbox 646 3209 796 3268; x_wconf 85' lang='lat' dir='ltr'><strong>crucifixus</strong></span> <span class='ocrx_word' id='word_1_435' title='bbox 809 3222 857 3269; x_wconf 88' lang='lat' dir='ltr'><strong>cst.</strong></span> <span class='ocrx_word' id='word_1_436' title='bbox 875 3219 893 3266; x_wconf 77' lang='lat' dir='ltr'><strong>E</strong></span> <span class='ocrx_word' id='word_1_437' title='bbox 908 3208 951 3265; x_wconf 88' lang='grc' dir='ltr'><strong>λοι</strong></span> <span class='ocrx_word' id='word_1_438' title='bbox 964 3203 1081 3279; x_wconf 80' lang='grc' dir='ltr'>ἔπεισαν,</span> <span class='ocrx_word' id='word_1_439' title='bbox 1091 3204 1131 3264; x_wconf 85' lang='grc' dir='ltr'><strong>ότι</strong></span> <span class='ocrx_word' id='word_1_440' title='bbox 1141 3202 1305 3285; x_wconf 80' lang='grc' dir='ltr'>ἐσταυρώθη.</span> <span class='ocrx_word' id='word_1_441' title='bbox 1318 3203 1344 3261; x_wconf 81' lang='lat' dir='ltr'><strong>&#39;l&#39;</strong></span> <span class='ocrx_word' id='word_1_442' title='bbox 1346 3200 1354 3258; x_wconf 89' lang='grc' dir='ltr'>ί</span> <span class='ocrx_word' id='word_1_443' title='bbox 1367 3199 1460 3260; x_wconf 81' lang='grc' dir='ltr'>τούτω</span> <span class='ocrx_word' id='word_1_444' title='bbox 1472 3196 1662 3276; x_wconf 77' lang='grc' dir='ltr'>ἀπιθανώτεροι,</span> 
     </span>
     <span class='ocr_line' id='line_1_32' title="bbox 117 3284 1664 3381; baseline -0.002 -27"><span class='ocrx_word' id='word_1_445' title='bbox 117 3295 192 3368; x_wconf 83' lang='lat' dir='ltr'><strong>Quid</strong></span> <span class='ocrx_word' id='word_1_446' title='bbox 202 3296 253 3356; x_wconf 93' lang='lat' dir='ltr'><strong>boc</strong></span> <span class='ocrx_word' id='word_1_447' title='bbox 262 3297 548 3378; x_wconf 86' lang='lat' dir='ltr'><strong>incredibilius,quod</strong></span> <span class='ocrx_word' id='word_1_448' title='bbox 561 3300 683 3381; x_wconf 86' lang='lat' dir='ltr'><strong>sepultus</strong></span> <span class='ocrx_word' id='word_1_449' title='bbox 696 3300 732 3360; x_wconf 91' lang='lat' dir='ltr'><strong>sit</strong></span> <span class='ocrx_word' id='word_1_450' title='bbox 742 3299 779 3358; x_wconf 94' lang='lat' dir='ltr'><strong>ab</strong></span> <span class='ocrx_word' id='word_1_451' title='bbox 792 3299 858 3376; x_wconf 82' lang='lat' dir='ltr'><strong>illis,</strong></span> <span class='ocrx_word' id='word_1_452' title='bbox 908 3297 948 3357; x_wconf 79' lang='grc' dir='ltr'><strong>άτι</strong></span> <span class='ocrx_word' id='word_1_453' title='bbox 973 3296 1057 3377; x_wconf 76' lang='grc' dir='ltr'>ἐτάφη</span> <span class='ocrx_word' id='word_1_454' title='bbox 1079 3298 1142 3375; x_wconf 89' lang='grc' dir='ltr'>παρ’</span> <span class='ocrx_word' id='word_1_455' title='bbox 1166 3299 1261 3369; x_wconf 89' lang='grc' dir='ltr'>αὐτῶν,</span> <span class='ocrx_word' id='word_1_456' title='bbox 1280 3284 1318 3360; x_wconf 82' lang='grc' dir='ltr'>οἷς</span> <span class='ocrx_word' id='word_1_457' title='bbox 1341 3290 1520 3372; x_wconf 75' lang='grc' dir='ltr'>ἐπηγγέλλετο</span> <span class='ocrx_word' id='word_1_458' title='bbox 1546 3287 1664 3368; x_wconf 62' lang='grc' dir='ltr'>σωτηρίαν</span> 
     </span>
     <span class='ocr_line' id='line_1_33' title="bbox 118 3381 1665 3472; baseline -0.002 -27"><span class='ocrx_word' id='word_1_459' title='bbox 118 3389 217 3466; x_wconf 87' lang='lat' dir='ltr'><strong>quibus</strong></span> <span class='ocrx_word' id='word_1_460' title='bbox 230 3389 344 3448; x_wconf 87' lang='lat' dir='ltr'><strong>salutem</strong></span> <span class='ocrx_word' id='word_1_461' title='bbox 366 3389 504 3471; x_wconf 83' lang='lat' dir='ltr'><strong>promisit,</strong></span> <span class='ocrx_word' id='word_1_462' title='bbox 522 3389 595 3470; x_wconf 91' lang='lat' dir='ltr'><strong>quod</strong></span> <span class='ocrx_word' id='word_1_463' title='bbox 611 3391 732 3471; x_wconf 88' lang='lat' dir='ltr'><strong>sepultus</strong></span> <span class='ocrx_word' id='word_1_464' title='bbox 751 3405 860 3472; x_wconf 84' lang='lat' dir='ltr'><strong>peccata</strong></span> <span class='ocrx_word' id='word_1_465' title='bbox 909 3390 1029 3465; x_wconf 84' lang='grc' dir='ltr'>ἔσεσθαι,</span> <span class='ocrx_word' id='word_1_466' title='bbox 1041 3391 1082 3448; x_wconf 81' lang='grc' dir='ltr'><strong>ότι</strong></span> <span class='ocrx_word' id='word_1_467' title='bbox 1097 3394 1111 3448; x_wconf 83' lang='grc' dir='ltr'><strong>ὁ</strong></span> <span class='ocrx_word' id='word_1_468' title='bbox 1127 3388 1217 3468; x_wconf 84' lang='grc' dir='ltr'>ταφείς</span> <span class='ocrx_word' id='word_1_469' title='bbox 1237 3386 1344 3466; x_wconf 80' lang='grc' dir='ltr'>ἀφίησιν</span> <span class='ocrx_word' id='word_1_470' title='bbox 1360 3382 1558 3463; x_wconf 82' lang='grc' dir='ltr'>ἁμαρτήματα,</span> <span class='ocrx_word' id='word_1_471' title='bbox 1576 3381 1620 3441; x_wconf 80' lang='grc' dir='ltr'><strong>καί</strong></span> <span class='ocrx_word' id='word_1_472' title='bbox 1630 3383 1665 3438; x_wconf 68' lang='lat' dir='ltr'><strong>tui</strong></span> 
     </span>
     <span class='ocr_line' id='line_1_34' title="bbox 117 3467 1666 3562; baseline -0.004 -24"><span class='ocrx_word' id='word_1_473' title='bbox 117 3480 204 3559; x_wconf 89' lang='lat' dir='ltr'><strong>magis</strong></span> <span class='ocrx_word' id='word_1_474' title='bbox 218 3501 300 3559; x_wconf 87' lang='lat' dir='ltr'><strong>quam</strong></span> <span class='ocrx_word' id='word_1_475' title='bbox 313 3480 359 3540; x_wconf 81' lang='lat' dir='ltr'><strong>lex</strong></span> <span class='ocrx_word' id='word_1_476' title='bbox 374 3481 432 3562; x_wconf 88' lang='lat' dir='ltr'><strong>ipsa</strong></span> <span class='ocrx_word' id='word_1_477' title='bbox 446 3481 583 3541; x_wconf 78' lang='lat' dir='ltr'><strong>remittat?</strong></span> <span class='ocrx_word' id='word_1_478' title='bbox 594 3481 657 3541; x_wconf 86' lang='lat' dir='ltr'><strong>ldeo</strong></span> <span class='ocrx_word' id='word_1_479' title='bbox 671 3503 725 3541; x_wconf 92' lang='lat' dir='ltr'><strong>non</strong></span> <span class='ocrx_word' id='word_1_480' title='bbox 738 3481 823 3541; x_wconf 82' lang='lat' dir='ltr'><strong>dixit:</strong></span> <span class='ocrx_word' id='word_1_481' title='bbox 836 3485 859 3541; x_wconf 82' lang='grc' dir='ltr'>Α</span> <span class='ocrx_word' id='word_1_482' title='bbox 909 3482 989 3559; x_wconf 83' lang='grc' dir='ltr'>νόμου</span> <span class='ocrx_word' id='word_1_483' title='bbox 1003 3483 1116 3559; x_wconf 77' lang='grc' dir='ltr'>μᾶλλον;</span> <span class='ocrx_word' id='word_1_484' title='bbox 1127 3479 1175 3539; x_wconf 82' lang='lat' dir='ltr'><strong>dib</strong></span> <span class='ocrx_word' id='word_1_485' title='bbox 1185 3480 1231 3539; x_wconf 82' lang='grc' dir='ltr'><strong>καί</strong></span> <span class='ocrx_word' id='word_1_486' title='bbox 1244 3481 1292 3538; x_wconf 87' lang='grc' dir='ltr'>οῦκ</span> <span class='ocrx_word' id='word_1_487' title='bbox 1302 3468 1384 3552; x_wconf 74' lang='grc' dir='ltr'>εἶπεν,</span> <span class='ocrx_word' id='word_1_488' title='bbox 1395 3467 1431 3536; x_wconf 82' lang='grc' dir='ltr'>ών</span> <span class='ocrx_word' id='word_1_489' title='bbox 1444 3479 1491 3537; x_wconf 82' lang='grc' dir='ltr'><strong>ὠκ</strong></span> <span class='ocrx_word' id='word_1_490' title='bbox 1504 3475 1666 3548; x_wconf 65' lang='lat' dir='ltr'><strong>statiua·</strong></span> 
     </span>
     <span class='ocr_line' id='line_1_35' title="bbox 118 3564 1667 3652; baseline -0.003 -23"><span class='ocrx_word' id='word_1_491' title='bbox 118 3571 217 3650; x_wconf 92' lang='lat' dir='ltr'><strong>quibus</strong></span> <span class='ocrx_word' id='word_1_492' title='bbox 229 3571 435 3650; x_wconf 78' lang='lat' dir='ltr'><strong>nolustis3sed,</strong></span> <span class='ocrx_word' id='word_1_493' title='bbox 450 3573 596 3652; x_wconf 82' lang='lat' dir='ltr'><strong>Aquibus</strong></span> <span class='ocrx_word' id='word_1_494' title='bbox 608 3594 667 3631; x_wconf 86' lang='lat' dir='ltr'><strong>non</strong></span> <span class='ocrx_word' id='word_1_495' title='bbox 679 3577 814 3651; x_wconf 81' lang='lat' dir='ltr'><strong>potuistis</strong></span> <span class='ocrx_word' id='word_1_496' title='bbox 828 3577 860 3633; x_wconf 88' lang='lat' dir='ltr'><strong>ia</strong></span> <span class='ocrx_word' id='word_1_497' title='bbox 910 3564 1046 3643; x_wconf 79' lang='grc' dir='ltr'>ἀλλ’,Ὧν</span> <span class='ocrx_word' id='word_1_498' title='bbox 1061 3577 1108 3634; x_wconf 83' lang='grc' dir='ltr'>οὐκ</span> <span class='ocrx_word' id='word_1_499' title='bbox 1121 3573 1267 3645; x_wconf 80' lang='grc' dir='ltr'>ἠδυνήθητε</span> <span class='ocrx_word' id='word_1_500' title='bbox 1290 3573 1317 3629; x_wconf 92' lang='grc' dir='ltr'>ἐν</span> <span class='ocrx_word' id='word_1_501' title='bbox 1341 3574 1379 3649; x_wconf 80' lang='grc' dir='ltr'><strong>τῷ</strong></span> <span class='ocrx_word' id='word_1_502' title='bbox 1393 3569 1467 3649; x_wconf 75' lang='grc' dir='ltr'>νόμερ</span> <span class='ocrx_word' id='word_1_503' title='bbox 1489 3567 1622 3635; x_wconf 82' lang='grc' dir='ltr'>Πωῦσίως</span> <span class='ocrx_word' id='word_1_504' title='bbox 1633 3566 1667 3624; x_wconf 86' lang='grc' dir='ltr'><strong>δι·</strong></span> 
     </span>
     <span class='ocr_line' id='line_1_36' title="bbox 120 3655 1669 3745; baseline -0.004 -24"><span class='ocrx_word' id='word_1_505' title='bbox 120 3665 182 3744; x_wconf 83' lang='lat' dir='ltr'><strong>lege</strong></span> <span class='ocrx_word' id='word_1_506' title='bbox 196 3666 312 3740; x_wconf 84' lang='lat' dir='ltr'><strong>Moysis</strong></span> <span class='ocrx_word' id='word_1_507' title='bbox 320 3664 502 3744; x_wconf 81' lang='lat' dir='ltr'><strong>justificari,·</strong></span> <span class='ocrx_word' id='word_1_508' title='bbox 518 3667 550 3720; x_wconf 85' lang='grc' dir='ltr'><strong>ιἰι</strong></span> <span class='ocrx_word' id='word_1_509' title='bbox 561 3665 616 3722; x_wconf 84' lang='grc' dir='ltr'>Ιιοο</span> <span class='ocrx_word' id='word_1_510' title='bbox 633 3667 727 3722; x_wconf 84' lang='lat' dir='ltr'><strong>omnis</strong></span> <span class='ocrx_word' id='word_1_511' title='bbox 740 3664 860 3723; x_wconf 69' lang='lat' dir='ltr'><strong>medens</strong></span> <span class='ocrx_word' id='word_1_512' title='bbox 910 3669 1073 3737; x_wconf 73' lang='grc' dir='ltr'>καιωθῆναι,</span> <span class='ocrx_word' id='word_1_513' title='bbox 1086 3670 1113 3725; x_wconf 83' lang='grc' dir='ltr'>ἐν</span> <span class='ocrx_word' id='word_1_514' title='bbox 1132 3665 1217 3745; x_wconf 81' lang='grc' dir='ltr'>τούτῳ</span> <span class='ocrx_word' id='word_1_515' title='bbox 1235 3674 1288 3730; x_wconf 73' lang='grc' dir='ltr'><strong>πᾶς</strong></span> <span class='ocrx_word' id='word_1_516' title='bbox 1301 3667 1315 3722; x_wconf 84' lang='grc' dir='ltr'>θ</span> <span class='ocrx_word' id='word_1_517' title='bbox 1328 3659 1458 3721; x_wconf 81' lang='grc' dir='ltr'>πιστεύων</span> <span class='ocrx_word' id='word_1_518' title='bbox 1472 3660 1633 3733; x_wconf 76' lang='grc' dir='ltr'>δικαιοῦται,</span> <span class='ocrx_word' id='word_1_519' title='bbox 1645 3655 1669 3715; x_wconf 86' lang='grc' dir='ltr'><strong>εδ</strong></span> 
     </span>
     <span class='ocr_line' id='line_1_37' title="bbox 114 3747 1669 3836; baseline -0.003 -22"><span class='ocrx_word' id='word_1_520' title='bbox 114 3757 319 3836; x_wconf 77' lang='lat' dir='ltr'><strong>justificatur:</strong></span> <span class='ocrx_word' id='word_1_521' title='bbox 334 3754 519 3814; x_wconf 85' lang='lat' dir='ltr'><strong>infirmitatem</strong></span> <span class='ocrx_word' id='word_1_522' title='bbox 535 3754 603 3834; x_wconf 86' lang='lat' dir='ltr'><strong>legis</strong></span> <span class='ocrx_word' id='word_1_523' title='bbox 619 3753 769 3814; x_wconf 90' lang='lat' dir='ltr'><strong>ostendens.</strong></span> <span class='ocrx_word' id='word_1_524' title='bbox 781 3756 862 3814; x_wconf 86' lang='lat' dir='ltr'><strong>Recte</strong></span> <span class='ocrx_word' id='word_1_525' title='bbox 911 3755 1016 3825; x_wconf 73' lang='grc' dir='ltr'>ἀσθενὲς</span> <span class='ocrx_word' id='word_1_526' title='bbox 1028 3762 1074 3815; x_wconf 87' lang='grc' dir='ltr'><strong>τοῦ</strong></span> <span class='ocrx_word' id='word_1_527' title='bbox 1086 3756 1167 3833; x_wconf 81' lang='grc' dir='ltr'>νόμου</span> <span class='ocrx_word' id='word_1_528' title='bbox 1181 3754 1290 3822; x_wconf 86' lang='grc' dir='ltr'>δεικνύς.</span> <span class='ocrx_word' id='word_1_529' title='bbox 1302 3756 1397 3820; x_wconf 81' lang='grc' dir='ltr'>Καλῶς</span> <span class='ocrx_word' id='word_1_530' title='bbox 1418 3750 1446 3811; x_wconf 81' lang='grc' dir='ltr'>δέ</span> <span class='ocrx_word' id='word_1_531' title='bbox 1469 3751 1617 3833; x_wconf 65' lang='grc' dir='ltr'>προσέθηκε</span> <span class='ocrx_word' id='word_1_532' title='bbox 1634 3747 1669 3809; x_wconf 72' lang='lat' dir='ltr'><strong>ud</strong></span> 
     </span>
     <span class='ocr_line' id='line_1_38' title="bbox 119 3836 1669 3926; baseline -0.003 -20"><span class='ocrx_word' id='word_1_533' title='bbox 119 3861 209 3906; x_wconf 86' lang='lat' dir='ltr'><strong>autem</strong></span> <span class='ocrx_word' id='word_1_534' title='bbox 224 3846 332 3906; x_wconf 89' lang='lat' dir='ltr'><strong>addidit</strong></span> <span class='ocrx_word' id='word_1_535' title='bbox 345 3846 427 3924; x_wconf 88' lang='lat' dir='ltr'><strong>illud,</strong></span> <span class='ocrx_word' id='word_1_536' title='bbox 444 3849 546 3906; x_wconf 85' lang='lat' dir='ltr'><strong>Omnis</strong></span> <span class='ocrx_word' id='word_1_537' title='bbox 554 3870 565 3916; x_wconf 88' lang='grc'><strong>,·</strong></span> <span class='ocrx_word' id='word_1_538' title='bbox 581 3860 610 3904; x_wconf 90' lang='lat' dir='ltr'><strong>ut</strong></span> <span class='ocrx_word' id='word_1_539' title='bbox 621 3845 769 3906; x_wconf 86' lang='lat' dir='ltr'><strong>declararet</strong></span> <span class='ocrx_word' id='word_1_540' title='bbox 782 3848 860 3926; x_wconf 90' lang='lat' dir='ltr'><strong>quis·</strong></span> <span class='ocrx_word' id='word_1_541' title='bbox 911 3851 942 3911; x_wconf 86' lang='grc' dir='ltr'><strong>τδ</strong></span> <span class='ocrx_word' id='word_1_542' title='bbox 950 3897 958 3925; x_wconf 92' lang='grc'>,</span> <span class='ocrx_word' id='word_1_543' title='bbox 974 3852 1050 3920; x_wconf 78' lang='grc' dir='ltr'>Πᾶς,</span> <span class='ocrx_word' id='word_1_544' title='bbox 1062 3849 1104 3906; x_wconf 83' lang='grc' dir='ltr'><strong>ίνα</strong></span> <span class='ocrx_word' id='word_1_545' title='bbox 1118 3846 1188 3924; x_wconf 77' lang='grc' dir='ltr'>δείξῃ</span> <span class='ocrx_word' id='word_1_546' title='bbox 1201 3851 1241 3906; x_wconf 79' lang='grc' dir='ltr'><strong>ότι</strong></span> <span class='ocrx_word' id='word_1_547' title='bbox 1252 3845 1323 3913; x_wconf 85' lang='grc' dir='ltr'>ὅστις</span> <span class='ocrx_word' id='word_1_548' title='bbox 1342 3843 1372 3902; x_wconf 79' lang='grc' dir='ltr'>δν</span> <span class='ocrx_word' id='word_1_549' title='bbox 1384 3836 1402 3924; x_wconf 77' lang='grc' dir='ltr'>ᾖ</span> <span class='ocrx_word' id='word_1_550' title='bbox 1416 3843 1582 3905; x_wconf 72' lang='grc' dir='ltr'>ὀπιπεύων.</span> <span class='ocrx_word' id='word_1_551' title='bbox 1596 3840 1669 3903; x_wconf 73' lang='lat' dir='ltr'><strong>otiu</strong></span> 
     </span>
     <span class='ocr_line' id='line_1_39' title="bbox 119 3925 1671 4024; baseline -0.002 -29"><span class='ocrx_word' id='word_1_552' title='bbox 119 3939 179 4016; x_wconf 89' lang='lat' dir='ltr'><strong>quis</strong></span> <span class='ocrx_word' id='word_1_553' title='bbox 192 3939 226 3998; x_wconf 86' lang='lat' dir='ltr'><strong>sit</strong></span> <span class='ocrx_word' id='word_1_554' title='bbox 249 3938 366 3998; x_wconf 85' lang='lat' dir='ltr'><strong>credens.</strong></span> <span class='ocrx_word' id='word_1_555' title='bbox 379 3937 462 3997; x_wconf 89' lang='lat' dir='ltr'><strong>Nulla</strong></span> <span class='ocrx_word' id='word_1_556' title='bbox 474 3937 546 3996; x_wconf 88' lang='lat' dir='ltr'><strong>cuim</strong></span> <span class='ocrx_word' id='word_1_557' title='bbox 559 3959 593 3997; x_wconf 84' lang='lat' dir='ltr'><strong>ex</strong></span> <span class='ocrx_word' id='word_1_558' title='bbox 607 3936 662 3996; x_wconf 91' lang='lat' dir='ltr'><strong>illis</strong></span> <span class='ocrx_word' id='word_1_559' title='bbox 678 3938 795 4013; x_wconf 83' lang='lat' dir='ltr'><strong>utilitas,</strong></span> <span class='ocrx_word' id='word_1_560' title='bbox 809 3939 862 3998; x_wconf 90' lang='lat' dir='ltr'><strong>nisi</strong></span> <span class='ocrx_word' id='word_1_561' title='bbox 910 3941 962 4024; x_wconf 83' lang='grc' dir='ltr'><strong>γδρ</strong></span> <span class='ocrx_word' id='word_1_562' title='bbox 971 3941 1061 4021; x_wconf 85' lang='grc' dir='ltr'>όφελος</span> <span class='ocrx_word' id='word_1_563' title='bbox 1071 3938 1187 4011; x_wconf 77' lang='grc' dir='ltr'>ἐκείνων,</span> <span class='ocrx_word' id='word_1_564' title='bbox 1201 3938 1244 3997; x_wconf 80' lang='grc' dir='ltr'>ἐὰν</span> <span class='ocrx_word' id='word_1_565' title='bbox 1257 3935 1296 4015; x_wconf 82' lang='grc' dir='ltr'><strong>μή</strong></span> <span class='ocrx_word' id='word_1_566' title='bbox 1306 3959 1347 4002; x_wconf 87' lang='grc' dir='ltr'><strong>τις</strong></span> <span class='ocrx_word' id='word_1_567' title='bbox 1359 3933 1494 4013; x_wconf 77' lang='grc' dir='ltr'>εὐεργεσία</span> <span class='ocrx_word' id='word_1_568' title='bbox 1505 3925 1532 4010; x_wconf 64' lang='grc' dir='ltr'><strong>ὖ.</strong></span> <span class='ocrx_word' id='word_1_569' title='bbox 1544 3932 1597 3994; x_wconf 74' lang='grc' dir='ltr'><strong>Διί</strong></span> <span class='ocrx_word' id='word_1_570' title='bbox 1607 3936 1671 3992; x_wconf 76' lang='grc' dir='ltr'>τοῦτο</span> 
     </span>
     <span class='ocr_line' id='line_1_40' title="bbox 119 4027 1671 4114; baseline -0.002 -27"><span class='ocrx_word' id='word_1_571' title='bbox 119 4028 230 4108; x_wconf 87' lang='lat' dir='ltr'><strong>aliq&#39;uod</strong></span> <span class='ocrx_word' id='word_1_572' title='bbox 247 4029 319 4089; x_wconf 87' lang='lat' dir='ltr'><strong>adsit</strong></span> <span class='ocrx_word' id='word_1_573' title='bbox 329 4028 500 4088; x_wconf 86' lang='lat' dir='ltr'><strong>beneficium.</strong></span> <span class='ocrx_word' id='word_1_574' title='bbox 521 4027 584 4087; x_wconf 90' lang='lat' dir='ltr'><strong>ldeo</strong></span> <span class='ocrx_word' id='word_1_575' title='bbox 602 4027 714 4087; x_wconf 90' lang='lat' dir='ltr'><strong>demum</strong></span> <span class='ocrx_word' id='word_1_576' title='bbox 727 4029 803 4110; x_wconf 90' lang='lat' dir='ltr'><strong>ponit</strong></span> <span class='ocrx_word' id='word_1_577' title='bbox 816 4051 861 4089; x_wconf 90' lang='lat' dir='ltr'><strong>re-</strong></span> <span class='ocrx_word' id='word_1_578' title='bbox 911 4036 1018 4114; x_wconf 75' lang='grc' dir='ltr'>ὕστερον</span> <span class='ocrx_word' id='word_1_579' title='bbox 1037 4030 1125 4104; x_wconf 89' lang='grc' dir='ltr'>τίθησι</span> <span class='ocrx_word' id='word_1_580' title='bbox 1145 4029 1193 4102; x_wconf 81' lang='grc' dir='ltr'><strong>τὴν</strong></span> <span class='ocrx_word' id='word_1_581' title='bbox 1215 4028 1317 4108; x_wconf 81' lang='grc' dir='ltr'>ἄφεσιν,</span> <span class='ocrx_word' id='word_1_582' title='bbox 1336 4029 1453 4086; x_wconf 82' lang='grc' dir='ltr'>ἐντεῦθεν</span> <span class='ocrx_word' id='word_1_583' title='bbox 1467 4027 1500 4086; x_wconf 81' lang='grc' dir='ltr'><strong>τὸ</strong></span> <span class='ocrx_word' id='word_1_584' title='bbox 1515 4031 1603 4104; x_wconf 80' lang='grc' dir='ltr'>μεῖζον</span> <span class='ocrx_word' id='word_1_585' title='bbox 1622 4047 1671 4084; x_wconf 86' lang='grc' dir='ltr'>σνν·</span> 
     </span>
     <span class='ocr_line' id='line_1_41' title="bbox 121 4109 1671 4215; baseline 0 -36"><span class='ocrx_word' id='word_1_586' title='bbox 121 4120 291 4198; x_wconf 87' lang='lat' dir='ltr'><strong>missionem,</strong></span> <span class='ocrx_word' id='word_1_587' title='bbox 315 4121 379 4180; x_wconf 87' lang='lat' dir='ltr'><strong>binc</strong></span> <span class='ocrx_word' id='word_1_588' title='bbox 402 4119 474 4199; x_wconf 92' lang='lat' dir='ltr'><strong>quod</strong></span> <span class='ocrx_word' id='word_1_589' title='bbox 495 4121 582 4201; x_wconf 83' lang='lat' dir='ltr'><strong>majus</strong></span> <span class='ocrx_word' id='word_1_590' title='bbox 606 4135 645 4180; x_wconf 87' lang='lat' dir='ltr'><strong>est</strong></span> <span class='ocrx_word' id='word_1_591' title='bbox 666 4121 811 4200; x_wconf 86' lang='lat' dir='ltr'><strong>colligens,</strong></span> <span class='ocrx_word' id='word_1_592' title='bbox 836 4128 994 4215; x_wconf 62' lang='lat' dir='ltr'><strong>etmdposv,</strong></span> <span class='ocrx_word' id='word_1_593' title='bbox 1020 4121 1066 4184; x_wconf 85' lang='grc' dir='ltr'><strong>καί</strong></span> <span class='ocrx_word' id='word_1_594' title='bbox 1091 4122 1191 4187; x_wconf 73' lang='grc' dir='ltr'>δεικνὺς</span> <span class='ocrx_word' id='word_1_595' title='bbox 1215 4120 1271 4193; x_wconf 83' lang='grc' dir='ltr'>ὅτι,</span> <span class='ocrx_word' id='word_1_596' title='bbox 1291 4119 1306 4179; x_wconf 89' lang='grc' dir='ltr'>δ</span> <span class='ocrx_word' id='word_1_597' title='bbox 1328 4119 1461 4186; x_wconf 79' lang='grc' dir='ltr'>ἀδυνάτοις</span> <span class='ocrx_word' id='word_1_598' title='bbox 1483 4109 1555 4198; x_wconf 77' lang='grc' dir='ltr'>εἶχεν</span> <span class='ocrx_word' id='word_1_599' title='bbox 1572 4123 1588 4178; x_wconf 90' lang='grc' dir='ltr'>δ</span> <span class='ocrx_word' id='word_1_600' title='bbox 1605 4117 1671 4196; x_wconf 85' lang='grc' dir='ltr'>νόμοι</span> 
     </span>
     <span class='ocr_line' id='line_1_42' title="bbox 121 4208 1672 4296; baseline -0.003 -22"><span class='ocrx_word' id='word_1_601' title='bbox 121 4213 449 4293; x_wconf 88' lang='lat' dir='ltr'><strong>ostendens,idquodnon</strong></span> <span class='ocrx_word' id='word_1_602' title='bbox 458 4213 716 4295; x_wconf 83' lang='lat' dir='ltr'><strong>poteratlexsacere,</strong></span> <span class='ocrx_word' id='word_1_603' title='bbox 728 4214 779 4274; x_wconf 93' lang='lat' dir='ltr'><strong>hoc</strong></span> <span class='ocrx_word' id='word_1_604' title='bbox 791 4214 862 4275; x_wconf 84' lang='lat' dir='ltr'><strong>clare</strong></span> <span class='ocrx_word' id='word_1_605' title='bbox 878 4234 897 4278; x_wconf 73' lang='grc' dir='ltr'>Α</span> <span class='ocrx_word' id='word_1_606' title='bbox 912 4226 1005 4291; x_wconf 88' lang='grc' dir='ltr'>ποιεῖν,</span> <span class='ocrx_word' id='word_1_607' title='bbox 1025 4222 1102 4275; x_wconf 89' lang='grc' dir='ltr'>τοῦτο</span> <span class='ocrx_word' id='word_1_608' title='bbox 1122 4212 1299 4296; x_wconf 80' lang='grc' dir='ltr'>ἐργασάμενος</span> <span class='ocrx_word' id='word_1_609' title='bbox 1312 4209 1356 4270; x_wconf 76' lang='grc' dir='ltr'><strong>διὰ</strong></span> <span class='ocrx_word' id='word_1_610' title='bbox 1373 4216 1420 4272; x_wconf 92' lang='grc' dir='ltr'><strong>τοῦ</strong></span> <span class='ocrx_word' id='word_1_611' title='bbox 1438 4210 1553 4271; x_wconf 70' lang='grc' dir='ltr'>θανάτου</span> <span class='ocrx_word' id='word_1_612' title='bbox 1565 4215 1581 4270; x_wconf 87' lang='grc' dir='ltr'>δ</span> <span class='ocrx_word' id='word_1_613' title='bbox 1591 4208 1672 4270; x_wconf 54' lang='lat' dir='ltr'><strong>autb</strong></span> 
     </span>
     <span class='ocr_line' id='line_1_43' title="bbox 121 4288 1673 4392; baseline -0.002 -27"><span class='ocrx_word' id='word_1_614' title='bbox 121 4330 169 4390; x_wconf 89' lang='lat' dir='ltr'><strong>per</strong></span> <span class='ocrx_word' id='word_1_615' title='bbox 180 4321 293 4365; x_wconf 87' lang='lat' dir='ltr'><strong>mortem</strong></span> <span class='ocrx_word' id='word_1_616' title='bbox 305 4307 397 4365; x_wconf 84' lang='lat' dir='ltr'><strong>fecisse</strong></span> <span class='ocrx_word' id='word_1_617' title='bbox 406 4328 468 4365; x_wconf 88' lang='lat' dir='ltr'><strong>eum</strong></span> <span class='ocrx_word' id='word_1_618' title='bbox 478 4307 524 4383; x_wconf 86' lang='lat' dir='ltr'><strong>qui</strong></span> <span class='ocrx_word' id='word_1_619' title='bbox 534 4327 627 4385; x_wconf 86' lang='lat' dir='ltr'><strong>passus</strong></span> <span class='ocrx_word' id='word_1_620' title='bbox 637 4288 787 4384; x_wconf 69' lang='lat' dir='ltr'><strong>estltaqub</strong></span> <span class='ocrx_word' id='word_1_621' title='bbox 795 4308 862 4367; x_wconf 88' lang='lat' dir='ltr'><strong>bene</strong></span> <span class='ocrx_word' id='word_1_622' title='bbox 912 4309 1042 4392; x_wconf 85' lang='grc' dir='ltr'>φαίνεται.</span> <span class='ocrx_word' id='word_1_623' title='bbox 1056 4307 1139 4368; x_wconf 81' lang='grc' dir='ltr'>Ὥστε</span> <span class='ocrx_word' id='word_1_624' title='bbox 1151 4310 1239 4374; x_wconf 80' lang='grc' dir='ltr'>καλῶς</span> <span class='ocrx_word' id='word_1_625' title='bbox 1251 4305 1339 4384; x_wconf 78' lang='grc' dir='ltr'>ἔλεγε·</span> <span class='ocrx_word' id='word_1_626' title='bbox 1362 4301 1467 4372; x_wconf 85' lang='grc' dir='ltr'>Οίτινίς</span> <span class='ocrx_word' id='word_1_627' title='bbox 1479 4304 1532 4365; x_wconf 82' lang='grc' dir='ltr'>εἰσι</span> <span class='ocrx_word' id='word_1_628' title='bbox 1553 4303 1673 4384; x_wconf 73' lang='grc' dir='ltr'>μάρτυρες</span> 
     </span>
     <span class='ocr_line' id='line_1_44' title="bbox 120 4393 1673 4481; baseline -0.003 -23"><span class='ocrx_word' id='word_1_629' title='bbox 120 4399 241 4459; x_wconf 84' lang='lat' dir='ltr'><strong>dicebat:</strong></span> <span class='ocrx_word' id='word_1_630' title='bbox 260 4400 317 4475; x_wconf 83' lang='lat' dir='ltr'><strong>Qui</strong></span> <span class='ocrx_word' id='word_1_631' title='bbox 329 4409 396 4456; x_wconf 86' lang='lat' dir='ltr'><strong>sunt</strong></span> <span class='ocrx_word' id='word_1_632' title='bbox 412 4409 496 4456; x_wconf 89' lang='lat' dir='ltr'><strong>testes</strong></span> <span class='ocrx_word' id='word_1_633' title='bbox 509 4400 571 4476; x_wconf 80' lang='lat' dir='ltr'><strong>ejus</strong></span> <span class='ocrx_word' id='word_1_634' title='bbox 585 4398 627 4454; x_wconf 83' lang='lat' dir='ltr'><strong>ad</strong></span> <span class='ocrx_word' id='word_1_635' title='bbox 636 4397 766 4476; x_wconf 82' lang='lat' dir='ltr'><strong>plebem,</strong></span> <span class='ocrx_word' id='word_1_636' title='bbox 783 4397 861 4458; x_wconf 86' lang='lat' dir='ltr'><strong>illum</strong></span> <span class='ocrx_word' id='word_1_637' title='bbox 913 4405 991 4463; x_wconf 84' lang='grc' dir='ltr'>αὐτοῦ</span> <span class='ocrx_word' id='word_1_638' title='bbox 1011 4400 1077 4481; x_wconf 74' lang='grc' dir='ltr'>πρὸς</span> <span class='ocrx_word' id='word_1_639' title='bbox 1091 4400 1135 4460; x_wconf 83' lang='grc' dir='ltr'><strong>τδν</strong></span> <span class='ocrx_word' id='word_1_640' title='bbox 1148 4399 1227 4471; x_wconf 87' lang='grc' dir='ltr'>λαδν,</span> <span class='ocrx_word' id='word_1_641' title='bbox 1249 4398 1293 4457; x_wconf 90' lang='grc' dir='ltr'><strong>τδν</strong></span> <span class='ocrx_word' id='word_1_642' title='bbox 1312 4395 1440 4456; x_wconf 83' lang='grc' dir='ltr'>ἀνελόντα</span> <span class='ocrx_word' id='word_1_643' title='bbox 1465 4394 1558 4476; x_wconf 80' lang='grc' dir='ltr'>φησίν,</span> <span class='ocrx_word' id='word_1_644' title='bbox 1589 4393 1673 4455; x_wconf 69' lang='lat' dir='ltr'><strong>abab</strong></span> 
     </span>
     <span class='ocr_line' id='line_1_45' title="bbox 121 4486 1675 4571; baseline -0.001 -23"><span class='ocrx_word' id='word_1_645' title='bbox 121 4493 168 4571; x_wconf 83' lang='lat' dir='ltr'><strong>qui</strong></span> <span class='ocrx_word' id='word_1_646' title='bbox 181 4489 294 4565; x_wconf 87' lang='lat' dir='ltr'><strong>occidit,</strong></span> <span class='ocrx_word' id='word_1_647' title='bbox 305 4488 393 4567; x_wconf 89' lang='lat' dir='ltr'><strong>inquit</strong></span> <span class='ocrx_word' id='word_1_648' title='bbox 405 4511 411 4544; x_wconf 93' lang='lat'><strong>:</strong></span> <span class='ocrx_word' id='word_1_649' title='bbox 423 4508 508 4565; x_wconf 83' lang='lat' dir='ltr'><strong>noque</strong></span> <span class='ocrx_word' id='word_1_650' title='bbox 517 4486 584 4546; x_wconf 86' lang='lat' dir='ltr'><strong>tales</strong></span> <span class='ocrx_word' id='word_1_651' title='bbox 596 4500 694 4562; x_wconf 88' lang='lat' dir='ltr'><strong>essent,</strong></span> <span class='ocrx_word' id='word_1_652' title='bbox 706 4486 862 4550; x_wconf 85' lang='lat' dir='ltr'><strong>nisidivina</strong></span> <span class='ocrx_word' id='word_1_653' title='bbox 912 4494 998 4567; x_wconf 83' lang='grc' dir='ltr'>ὄντες,</span> <span class='ocrx_word' id='word_1_654' title='bbox 1012 4493 1036 4550; x_wconf 87' lang='grc' dir='ltr'><strong>εί</strong></span> <span class='ocrx_word' id='word_1_655' title='bbox 1057 4491 1095 4570; x_wconf 72' lang='grc' dir='ltr'><strong>μὴ</strong></span> <span class='ocrx_word' id='word_1_656' title='bbox 1114 4489 1172 4569; x_wconf 74' lang='grc' dir='ltr'>θεία</span> <span class='ocrx_word' id='word_1_657' title='bbox 1190 4489 1299 4566; x_wconf 87' lang='grc' dir='ltr'>δυνάμει</span> <span class='ocrx_word' id='word_1_658' title='bbox 1319 4486 1503 4547; x_wconf 79' lang='grc' dir='ltr'>ίῦεὸαιοῦντο·</span> <span class='ocrx_word' id='word_1_659' title='bbox 1518 4490 1568 4547; x_wconf 85' lang='grc' dir='ltr'>οῦκ</span> <span class='ocrx_word' id='word_1_660' title='bbox 1584 4487 1615 4546; x_wconf 78' lang='grc' dir='ltr'>δν</span> <span class='ocrx_word' id='word_1_661' title='bbox 1631 4486 1675 4566; x_wconf 79' lang='grc' dir='ltr'><strong>γίρ</strong></span> 
     </span>
     <span class='ocr_line' id='line_1_46' title="bbox 120 4577 1674 4663; baseline -0.005 -20"><span class='ocrx_word' id='word_1_662' title='bbox 120 4585 220 4644; x_wconf 84' lang='lat' dir='ltr'><strong>virtute</strong></span> <span class='ocrx_word' id='word_1_663' title='bbox 228 4584 409 4655; x_wconf 79' lang='lat' dir='ltr'><strong>firmarentur3</strong></span> <span class='ocrx_word' id='word_1_664' title='bbox 418 4600 503 4656; x_wconf 85' lang='lat' dir='ltr'><strong>neque</strong></span> <span class='ocrx_word' id='word_1_665' title='bbox 509 4577 622 4636; x_wconf 87' lang='lat' dir='ltr'><strong>enimad</strong></span> <span class='ocrx_word' id='word_1_666' title='bbox 630 4578 751 4639; x_wconf 85' lang='lat' dir='ltr'><strong>homines</strong></span> <span class='ocrx_word' id='word_1_667' title='bbox 760 4581 861 4641; x_wconf 82' lang='lat' dir='ltr'><strong>eaedem</strong></span> <span class='ocrx_word' id='word_1_668' title='bbox 912 4585 977 4663; x_wconf 80' lang='grc' dir='ltr'>πρὸς</span> <span class='ocrx_word' id='word_1_669' title='bbox 989 4581 1141 4662; x_wconf 78' lang='grc' dir='ltr'>ἀνθρώπους</span> <span class='ocrx_word' id='word_1_670' title='bbox 1155 4585 1288 4661; x_wconf 82' lang='grc' dir='ltr'>φονῶντας</span> <span class='ocrx_word' id='word_1_671' title='bbox 1301 4582 1410 4638; x_wconf 85' lang='grc' dir='ltr'>τοιαῦτα</span> <span class='ocrx_word' id='word_1_672' title='bbox 1424 4578 1623 4658; x_wconf 61' lang='grc' dir='ltr'>ἐμαρτύρησαν,</span> <span class='ocrx_word' id='word_1_673' title='bbox 1635 4579 1674 4636; x_wconf 73' lang='grc' dir='ltr'><strong>σία</strong></span> 
     </span>
     <span class='ocr_line' id='line_1_47' title="bbox 119 4667 1674 4756; baseline -0.005 -21"><span class='ocrx_word' id='word_1_674' title='bbox 119 4676 250 4756; x_wconf 85' lang='lat' dir='ltr'><strong>spirantes</strong></span> <span class='ocrx_word' id='word_1_675' title='bbox 263 4673 326 4732; x_wconf 85' lang='lat' dir='ltr'><strong>talia</strong></span> <span class='ocrx_word' id='word_1_676' title='bbox 341 4670 477 4731; x_wconf 78' lang='lat' dir='ltr'><strong>testificati</strong></span> <span class='ocrx_word' id='word_1_677' title='bbox 493 4683 597 4745; x_wconf 78' lang='lat' dir='ltr'><strong>esseut,</strong></span> <span class='ocrx_word' id='word_1_678' title='bbox 616 4689 667 4729; x_wconf 86' lang='lat' dir='ltr'><strong>nun</strong></span> <span class='ocrx_word' id='word_1_679' title='bbox 681 4670 717 4729; x_wconf 87' lang='lat' dir='ltr'><strong>ad</strong></span> <span class='ocrx_word' id='word_1_680' title='bbox 731 4672 803 4752; x_wconf 84' lang='lat' dir='ltr'><strong>ipsos</strong></span> <span class='ocrx_word' id='word_1_681' title='bbox 815 4676 861 4752; x_wconf 91' lang='lat' dir='ltr'><strong>qui</strong></span> <span class='ocrx_word' id='word_1_682' title='bbox 913 4674 943 4732; x_wconf 76' lang='lat' dir='ltr'><strong>dv</strong></span> <span class='ocrx_word' id='word_1_683' title='bbox 955 4673 1019 4755; x_wconf 83' lang='grc' dir='ltr'>πρδς</span> <span class='ocrx_word' id='word_1_684' title='bbox 1034 4671 1192 4741; x_wconf 78' lang='grc' dir='ltr'>αὐτοὺςτοῦς</span> <span class='ocrx_word' id='word_1_685' title='bbox 1207 4670 1354 4738; x_wconf 79' lang='grc' dir='ltr'>ἀνελόντας.</span> <span class='ocrx_word' id='word_1_686' title='bbox 1369 4669 1410 4728; x_wconf 83' lang='lat' dir='ltr'><strong>Tb</strong></span> <span class='ocrx_word' id='word_1_687' title='bbox 1420 4667 1462 4742; x_wconf 80' lang='grc' dir='ltr'><strong>δέ,</strong></span> <span class='ocrx_word' id='word_1_688' title='bbox 1481 4668 1557 4748; x_wconf 79' lang='grc' dir='ltr'><strong>Ἐγώ</strong></span> <span class='ocrx_word' id='word_1_689' title='bbox 1571 4670 1674 4748; x_wconf 66' lang='grc' dir='ltr'>σήμερον</span> 
     </span>
     <span class='ocr_line' id='line_1_48' title="bbox 119 4755 1676 4845; baseline -0.006 -22"><span class='ocrx_word' id='word_1_690' title='bbox 119 4768 283 4827; x_wconf 81' lang='lat' dir='ltr'><strong>occiderunt.</strong></span> <span class='ocrx_word' id='word_1_691' title='bbox 293 4763 367 4824; x_wconf 84' lang='lat' dir='ltr'><strong>lliud</strong></span> <span class='ocrx_word' id='word_1_692' title='bbox 379 4784 452 4839; x_wconf 84' lang='lat' dir='ltr'><strong>vero,</strong></span> <span class='ocrx_word' id='word_1_693' title='bbox 461 4764 525 4842; x_wconf 85' lang='lat' dir='ltr'><strong>Ego</strong></span> <span class='ocrx_word' id='word_1_694' title='bbox 535 4764 715 4841; x_wconf 77' lang='lat' dir='ltr'><strong>hudiegeuui</strong></span> <span class='ocrx_word' id='word_1_695' title='bbox 722 4777 760 4835; x_wconf 90' lang='lat' dir='ltr'><strong>te,</strong></span> <span class='ocrx_word' id='word_1_696' title='bbox 774 4764 855 4837; x_wconf 84' lang='lat' dir='ltr'><strong>dixit,</strong></span> <span class='ocrx_word' id='word_1_697' title='bbox 912 4765 1057 4845; x_wconf 82' lang='grc' dir='ltr'>γεγέννηκά</span> <span class='ocrx_word' id='word_1_698' title='bbox 1071 4787 1117 4836; x_wconf 87' lang='grc' dir='ltr'><strong>σε,</strong></span> <span class='ocrx_word' id='word_1_699' title='bbox 1130 4755 1211 4835; x_wconf 76' lang='grc' dir='ltr'>εἶπεν,</span> <span class='ocrx_word' id='word_1_700' title='bbox 1225 4766 1262 4829; x_wconf 83' lang='grc' dir='ltr'><strong>ὡς</strong></span> <span class='ocrx_word' id='word_1_701' title='bbox 1275 4761 1361 4840; x_wconf 85' lang='grc' dir='ltr'>τούτῳ</span> <span class='ocrx_word' id='word_1_702' title='bbox 1374 4759 1467 4819; x_wconf 90' lang='grc' dir='ltr'>λοιπδν</span> <span class='ocrx_word' id='word_1_703' title='bbox 1482 4759 1558 4829; x_wconf 80' lang='grc' dir='ltr'>εἰδώς</span> <span class='ocrx_word' id='word_1_704' title='bbox 1576 4761 1618 4822; x_wconf 81' lang='grc' dir='ltr'><strong>ότι</strong></span> <span class='ocrx_word' id='word_1_705' title='bbox 1637 4757 1676 4817; x_wconf 81' lang='grc' dir='ltr'><strong>καὶ</strong></span> 
     </span>
    </p>
   </div>
   <div class='ocr_carea' id='block_1_3' title="bbox 111 4951 1676 5268">
    <p class='ocr_par' dir='ltr' id='par_1_4' title="bbox 147 4951 1676 5106">
     <span class='ocr_line' id='line_1_49' title="bbox 148 4951 1676 5029; baseline -0.009 -15"><span class='ocrx_word' id='word_1_706' title='bbox 148 4969 160 5004; x_wconf 80' lang='lat' dir='ltr'><strong>b</strong></span> <span class='ocrx_word' id='word_1_707' title='bbox 173 4963 283 5029; x_wconf 79' lang='lat' dir='ltr'><strong>Quidum</strong></span> <span class='ocrx_word' id='word_1_708' title='bbox 295 4966 421 5019; x_wconf 64' lang='grc' dir='ltr'>ιπιόιικνῦε-</span> <span class='ocrx_word' id='word_1_709' title='bbox 924 4968 994 5013; x_wconf 69' lang='grc' dir='ltr'>ἔσται.</span> <span class='ocrx_word' id='word_1_710' title='bbox 1012 4959 1134 5009; x_wconf 83' lang='lat' dir='ltr'><strong>Caeterum</strong></span> <span class='ocrx_word' id='word_1_711' title='bbox 1152 4954 1204 5005; x_wconf 79' lang='lat' dir='ltr'><strong>baec</strong></span> <span class='ocrx_word' id='word_1_712' title='bbox 1217 4956 1302 5006; x_wconf 79' lang='lat' dir='ltr'><strong>omnia</strong></span> <span class='ocrx_word' id='word_1_713' title='bbox 1314 4953 1388 5020; x_wconf 82' lang='lat' dir='ltr'><strong>longa</strong></span> <span class='ocrx_word' id='word_1_714' title='bbox 1400 4951 1450 5004; x_wconf 86' lang='lat' dir='ltr'><strong>alio</strong></span> <span class='ocrx_word' id='word_1_715' title='bbox 1461 4955 1526 5005; x_wconf 77' lang='lat' dir='ltr'><strong>serie</strong></span> <span class='ocrx_word' id='word_1_716' title='bbox 1537 4963 1676 5006; x_wconf 79' lang='lat' dir='ltr'><strong>enarrantur</strong></span> 
     </span>
     <span class='ocr_line' id='line_1_50' title="bbox 147 5034 1177 5106; baseline -0.009 -13"><span class='ocrx_word' id='word_1_717' title='bbox 147 5059 156 5081; x_wconf 63' lang='grc' dir='ltr'>ν</span> <span class='ocrx_word' id='word_1_718' title='bbox 170 5044 226 5106; x_wconf 84' lang='lat' dir='ltr'><strong>[Sic</strong></span> <span class='ocrx_word' id='word_1_719' title='bbox 238 5040 321 5092; x_wconf 85' lang='lat' dir='ltr'><strong>iocum</strong></span> <span class='ocrx_word' id='word_1_720' title='bbox 334 5039 478 5088; x_wconf 80' lang='lat' dir='ltr'><strong>resarcimus</strong></span> <span class='ocrx_word' id='word_1_721' title='bbox 491 5053 520 5085; x_wconf 85' lang='lat' dir='ltr'><strong>ex</strong></span> <span class='ocrx_word' id='word_1_722' title='bbox 531 5034 698 5088; x_wconf 63' lang='lat' dir='ltr'><strong>tunnam</strong></span> <span class='ocrx_word' id='word_1_723' title='bbox 709 5034 873 5087; x_wconf 69' lang='lat' dir='ltr'><strong>nutriemu-</strong></span> <span class='ocrx_word' id='word_1_724' title='bbox 921 5041 947 5089; x_wconf 90' lang='lat' dir='ltr'><strong>in</strong></span> <span class='ocrx_word' id='word_1_725' title='bbox 956 5036 1039 5089; x_wconf 82' lang='lat' dir='ltr'><strong>codd.</strong></span> <span class='ocrx_word' id='word_1_726' title='bbox 1054 5040 1082 5086; x_wconf 85' lang='grc' dir='ltr'><strong>Α.</strong></span> <span class='ocrx_word' id='word_1_727' title='bbox 1096 5037 1124 5088; x_wconf 90' lang='lat' dir='ltr'><strong>B.</strong></span> <span class='ocrx_word' id='word_1_728' title='bbox 1136 5036 1177 5099; x_wconf 85' lang='lat' dir='ltr'><strong>C.]</strong></span> 
     </span>
    </p>

    <p class='ocr_par' dir='ltr' id='par_1_5' title="bbox 114 5111 1268 5181">
     <span class='ocr_line' id='line_1_51' title="bbox 114 5111 1268 5181; baseline -0.006 -10"><span class='ocrx_word' id='word_1_729' title='bbox 114 5120 181 5181; x_wconf 73' lang='lat' dir='ltr'><strong>mci,</strong></span> <span class='ocrx_word' id='word_1_730' title='bbox 194 5118 270 5170; x_wconf 85' lang='lat' dir='ltr'><strong>Savil.</strong></span> <span class='ocrx_word' id='word_1_731' title='bbox 284 5131 309 5169; x_wconf 87' lang='lat' dir='ltr'><strong>ct</strong></span> <span class='ocrx_word' id='word_1_732' title='bbox 326 5115 415 5167; x_wconf 81' lang='lat' dir='ltr'><strong>Monti.</strong></span> <span class='ocrx_word' id='word_1_733' title='bbox 430 5113 483 5165; x_wconf 74' lang='lat' dir='ltr'><strong>haec</strong></span> <span class='ocrx_word' id='word_1_734' title='bbox 496 5125 593 5164; x_wconf 87' lang='lat' dir='ltr'><strong>tantum</strong></span> <span class='ocrx_word' id='word_1_735' title='bbox 611 5111 717 5166; x_wconf 81' lang='lat' dir='ltr'><strong>habent:</strong></span> <span class='ocrx_word' id='word_1_736' title='bbox 731 5122 766 5168; x_wconf 74' lang='grc' dir='ltr'><strong>ὅτι</strong></span> <span class='ocrx_word' id='word_1_737' title='bbox 778 5138 803 5167; x_wconf 81' lang='grc' dir='ltr'><strong>τε</strong></span> <span class='ocrx_word' id='word_1_738' title='bbox 814 5137 867 5181; x_wconf 67' lang='lat' dir='ltr'><strong>ary.</strong></span> <span class='ocrx_word' id='word_1_739' title='bbox 953 5118 984 5180; x_wconf 85' lang='lat'><strong>‘&#39;[</strong></span> <span class='ocrx_word' id='word_1_740' title='bbox 997 5117 1015 5165; x_wconf 78' lang='grc' dir='ltr'>Α</span> <span class='ocrx_word' id='word_1_741' title='bbox 1040 5117 1068 5167; x_wconf 83' lang='lat' dir='ltr'><strong>R.</strong></span> <span class='ocrx_word' id='word_1_742' title='bbox 1080 5115 1108 5164; x_wconf 90' lang='lat' dir='ltr'><strong>C.</strong></span> <span class='ocrx_word' id='word_1_743' title='bbox 1119 5113 1268 5179; x_wconf 67' lang='grc' dir='ltr'>οἰκονομίαι]</span> 
     </span>
    </p>

    <p class='ocr_par' dir='ltr' id='par_1_6' title="bbox 111 5190 868 5268">
     <span class='ocr_line' id='line_1_52' title="bbox 111 5190 868 5268; baseline -0.005 -15"><span class='ocrx_word' id='word_1_744' title='bbox 111 5211 169 5254; x_wconf 73' lang='grc' dir='ltr'>κακὰ</span> <span class='ocrx_word' id='word_1_745' title='bbox 186 5190 241 5268; x_wconf 69' lang='grc' dir='ltr'>παρ.</span> <span class='ocrx_word' id='word_1_746' title='bbox 256 5207 326 5252; x_wconf 81' lang='grc' dir='ltr'>ίσται.</span> <span class='ocrx_word' id='word_1_747' title='bbox 339 5197 368 5247; x_wconf 86' lang='lat' dir='ltr'><strong>C.</strong></span> <span class='ocrx_word' id='word_1_748' title='bbox 381 5212 439 5249; x_wconf 75' lang='lat' dir='ltr'><strong>tero</strong></span> <span class='ocrx_word' id='word_1_749' title='bbox 450 5203 484 5249; x_wconf 81' lang='grc' dir='ltr'><strong>δτι</strong></span> <span class='ocrx_word' id='word_1_750' title='bbox 497 5216 521 5247; x_wconf 86' lang='grc' dir='ltr'><strong>τι</strong></span> <span class='ocrx_word' id='word_1_751' title='bbox 538 5199 630 5260; x_wconf 75' lang='grc' dir='ltr'>μεγάλοι</span> <span class='ocrx_word' id='word_1_752' title='bbox 642 5201 720 5258; x_wconf 73' lang='grc' dir='ltr'>ἀγαθὰ</span> <span class='ocrx_word' id='word_1_753' title='bbox 736 5198 868 5248; x_wconf 70' lang='grc' dir='ltr'>ὑπακούουσι</span> 
     </span>
    </p>
   </div>
   <div class='ocr_carea' id='block_1_4' title="bbox 0 0 1890 5978">
    <p class='ocr_par' dir='ltr' id='par_1_7' title="bbox 0 0 1890 5978">
     <span class='ocr_line' id='line_1_53' title="bbox 0 0 1890 5978; baseline 0 0"><span class='ocrx_word' id='word_1_754' title='bbox 0 0 1890 5978; x_wconf 95' lang='lat' dir='ltr'><strong> </strong></span> 
     </span>
    </p>
   </div>
  </div>
 </body>
</html>
