3728 5978
611 456 644 504 nr
673 454 761 503 scri
787 454 1042 505 snosromnou.
1071 454 1189 505 noun.
1218 456 1251 503 n.
1631 430 1703 524 425

132 580 308 656 μνησικακῶν
323 576 437 658 βλύπτει
455 577 498 638 τδν
515 579 851 659 μισοῦντα,ῶςδῶφελῶν
863 576 909 638 καλ
961 577 1102 639 benefacit.
1116 576 1224 638 Etenim
1247 575 1295 656 qui
1316 576 1446 639 ultionem
1470 575 1662 654 meditatuum
1676 597 1711 648 re,

130 673 285 750 εὐεργετῶν.
313 672 494 742 Μνησαακῶν
517 671 584 753 γδρ,
607 671 653 730 καὶ
673 671 764 732 ἑαυτὸν
788 675 907 731 κάκεῖνον
960 667 1036 728 ladit
1050 681 1077 730 et
1089 668 1169 728 illum
1185 668 1253 728 lorte
1268 689 1383 749 ρεταιν,
1395 667 1442 748 qui
1457 682 1547 729 eutem
1560 667 1703 746 bendacit,

132 763 249 844 ἔύλσψεν
258 761 321 831 ἴσως
334 761 429 843 μικρόν
443 785 485 823 τι·
503 765 645 841 εὐεργετῶν
657 761 701 837 et,
713 762 845 843 ἄνθρακας
856 787 909 823 πυ-
960 760 1089 820 carboncs
1103 760 1176 840 ignis
1191 759 1344 822 accumulat
1358 781 1439 841 super
1451 758 1704 843 caputejnssssrsso

133 856 178 935 ρύς
191 854 337 936 ἐσώρευσεν
352 855 396 915 tut
412 853 462 926 riv
476 855 593 936 κεφαλὴν
603 856 691 913 αὐτοῦ.
711 856 815 916 Οὐκοῦν
829 859 858 914 οὐ
869 856 908 915 δεῖ
915 889 953 928 ,7,
962 850 991 910 id
1000 852 1087 912 lacere
1095 872 1148 912 non
1158 850 1297 928 dehemus,
1304 871 1338 910 ne
1348 852 1548 912 accumulemus
1558 850 1705 916 carbones?

131 955 232 1020 ποιεῖν,
253 945 348 1027 φησίν,
364 944 407 1005 ἵνα
437 945 475 1026 μὴ
501 945 657 1029 σωρεύωμεν
677 944 823 1027 ἄνθρακας
837 945 908 1007 Ἀλλ’
925 941 1015 1005 ASed
1038 943 1126 1004 alione
1156 942 1237 1005 modo
1256 943 1299 1006 vis
1315 943 1444 1004 carbones
1463 963 1606 1024 congerere
1624 962 1707 1024 super

132 1037 230 1118 ἑτίρως
244 1039 288 1098 ἐπὶ
301 1037 350 1111 τὴν
361 1038 477 1120 κεφαλὴν
498 1040 546 1111 τὴν
566 1037 615 1109 σὴν
631 1038 762 1118 ἄνθρακας
782 1040 907 1122 σωρεύειν
961 1050 1042 1119 capnt
1059 1037 1156 1098 tuum?
1168 1037 1266 1098 etenim
1283 1037 1336 1097 hoe
1350 1036 1415 1096 facit
1433 1035 1546 1097 ultionis
1560 1035 1705 1120 cupiditas.

132 1131 231 1205 θίλειςς
246 1131 292 1191 καὶ
312 1130 364 1211 γὰρ
383 1138 462 1192 τοῦτο
481 1140 577 1197 ’ποιεί
586 1129 762 1210 μνησικακία.
778 1131 848 1193 Ἀλλ’
863 1132 908 1194 ἐπὶ
960 1129 1014 1192 Sed
1034 1130 1120 1211 magis
1137 1129 1180 1189 vis
1198 1128 1360 1193 extendam?
1375 1128 1508 1190 Minime:
1522 1149 1575 1189 non
1589 1127 1706 1189 enimtu

131 1227 224 1285 πλεῖον
239 1223 377 1297 ἐκτείνεινς
398 1225 547 1302 Οὐδαμῶς·
561 1222 654 1304 οὐγὰρ
667 1221 700 1283 σύ
720 1228 799 1284 τοῦτο
810 1232 906 1300 ποιεῖς,
960 1221 1012 1282 hoc
1020 1222 1098 1300 lacis,
1111 1221 1158 1282 sed
1168 1221 1243 1281 illius
1254 1221 1354 1281 feritas.
1367 1220 1482 1284 sienim
1493 1235 1517 1280 te
1527 1221 1706 1281 benefaciente

132 1319 193 1376 ἀλλ’
214 1320 311 1384 ἐκεῖνος
330 1319 345 1375 δ
366 1313 506 1395 θηριώδης.
521 1317 556 1376 El
568 1314 620 1396 γὰρ
642 1313 838 1395 εὐεργετοῦντός
860 1339 906 1376 σου
959 1326 986 1373 et
1006 1313 1154 1374 honorante
1176 1326 1201 1372 et
1220 1312 1364 1373 conciliare
1383 1311 1515 1389 studente,
1526 1311 1575 1371 ille
1599 1325 1705 1371 maneat

131 1409 179 1467 καὶ
197 1413 328 1488 τιμῶντος
350 1408 396 1468 καλ
420 1407 659 1488 καταλλάττογτος,
673 1406 747 1488 μίνει
769 1406 907 1488 φυλάττων
961 1404 1249 1482 tervansinimicitias,
1264 1403 1381 1484 sibiipsi
1396 1403 1634 1484 ignemaccendit3
1648 1403 1707 1485 ipse

130 1503 231 1568 ἐκεῖνος
240 1499 289 1571 τὴν
304 1498 461 1580 ἀπέχθειαν,
478 1504 563 1580 ἑαυτῷ
585 1499 616 1558 εδ
634 1504 688 1580 πῦρ
706 1501 818 1579 ἀνῆψεν,
831 1500 907 1569 αὐτὸς
960 1519 1041 1558 suum
1050 1496 1154 1557 exussit
1167 1511 1249 1579 caput
1260 1520 1267 1555 ι
1279 1510 1308 1557 tu
1321 1517 1385 1556 vero
1399 1488 1553 1577 inculpatus
1566 1515 1603 1556 et.
1616 1497 1658 1554 Ne
1670 1494 1707 1555 sis

130 1591 238 1673 ἔφλεξεν
257 1596 336 1651 αὐτοῦ
350 1591 399 1664 τὴν
418 1591 551 1672 κεφαλήν·
566 1589 598 1652 σύ
620 1589 648 1649 δὲ
672 1590 787 1659 ἀναίτιος
804 1582 838 1659 εἷ,
858 1591 906 1665 Μὴ
961 1588 1047 1668 magis
1056 1587 1295 1668 misericorsquam
1306 1589 1389 1664 Deus,
1399 1587 1463 1667 quia
1474 1586 1707 1668 innumerrpatie·

129 1683 205 1762 γίνου
226 1689 272 1742 τοῦ
295 1685 366 1742 Θεοῦ
386 1681 642 1764 ριλανθρωπότερος,
656 1682 713 1742 ἐπεὶ
729 1682 811 1765 μυρία
826 1681 905 1764 πείσῃ
960 1679 998 1738 ris
1011 1679 1097 1756 mala,
1113 1680 1169 1738 imo
1187 1679 1210 1737 si
1228 1677 1356 1758 volueris,
1373 1699 1425 1737 non
1452 1677 1561 1759 poteris,
1574 1698 1607 1737 ne
1624 1677 1706 1737 mini·
1760 1669 1763 1672 ’

130 1776 220 1835 δεινοί·
235 1776 336 1855 μᾶλλον
353 1773 400 1850 δὲ,
419 1776 472 1833 οὐδ’
490 1773 522 1832 δν
540 1773 743 1855 θελῃςδυνήσῃ,
760 1773 820 1834 οὐδὲ
838 1776 908 1835 κατὰ
960 1793 1037 1831 mum
1054 1769 1172 1849 quidem.
1187 1770 1331 1843 Quomodo
1343 1771 1434 1830 enim?
1449 1773 1599 1849 Quantum
1614 1771 1706 1830 distat
1717 1791 1861 1856 1,.„·‚55,9,·

131 1866 237 1946 μιαρόν.
251 1868 315 1933 Πῶς
335 1865 399 1946 γάρ,
421 1863 507 1925 Ὅσον
522 1864 646 1946 ὐπέχειύ
666 1865 775 1947 οὐρανὸς
794 1869 847 1928 ἀπὸ
860 1871 908 1939 τῆς
961 1864 1065 1925 celum
1080 1885 1100 1923 a
1114 1878 1203 1936 terra,
1216 1863 1313 1942 inquit,
1329 1876 1443 1923 tantum
1456 1865 1569 1924 distant
1582 1864 1707 1938 consilia
1809 1927 1812 1932 ,

130 1962 196 2037 γῆς,
211 1957 289 2038 ρησλ,
311 1962 434 2017 τοσοῦτον
457 1956 601 2036 ἀπέχουσιν
621 1963 650 2017 αἱ
674 1957 766 2037 βουλαί
790 1983 840 2037 μω
855 1957 908 2022 ent
961 1977 1027 2018 υιεα
1041 1977 1061 2015 a
1074 1957 1208 2017 consiliis
1221 1960 1329 2017 vestris
1334 1980 1346 2025 ,·
1359 1969 1386 2015 et
1399 1976 1508 2014 rursum
1524 1979 1532 2012 ι
1546 1954 1578 2014 Si
1587 1975 1653 2034 vos,
1664 1954 1706 2013 in·
1717 1985 1804 2031 mm,
1817 2003 1840 2049 ,¹

130 2053 185 2106 τῶν
198 2051 299 2126 βουλῶν
313 2051 402 2126 ὐμῶν·
417 2048 462 2107 καὶ
483 2049 579 2119 πάλιν,
603 2050 637 2109 Εὐ
651 2054 741 2126 ὑμεῖς,
754 2049 834 2130 ρησλ,
855 2074 908 2111 πο-
926 2066 944 2113 n
961 2050 1032 2129 quit,
1047 2071 1113 2112 cum
1124 2053 1188 2109 sitis
1200 2051 1284 2125 mali,
1297 2054 1388 2110 nostis
1399 2053 1476 2109 bona
1490 2051 1563 2110 dare
1563 2051 1643 2134 filiis
1655 2071 1707 2110 oe·
1720 2060 1757 2093 ¹¹·

129 2140 206 2220 νηρολ
219 2141 292 2208 ὄντες
311 2139 399 2200 οίδατε
414 2139 518 2218 δόματα
533 2140 619 2218 ἀγαθδ
633 2140 732 2200 διδόναι
744 2151 800 2208 τοῖς
809 2137 910 2210 τίκνσις
962 2148 1043 2212 stris5
1053 2155 1165 2225 quanto
1173 2147 1266 2223 magis
1273 2146 1367 2203 Pater
1376 2156 1474 2204 vester
1481 2143 1618 2221 [celestis
1625 2144 1710 2203 dabit

130 2235 219 2309 ὑμῶν,
232 2231 308 2313 πύοῳ
320 2234 422 2309 μᾶλλον
437 2236 451 2290 ὐ
465 2231 562 2311 Πατὴρ
575 2232 715 2313 ὐμῶνἼδ
728 2231 846 2313 οὐραίνιος
855 2231 908 2292 δῶ·
963 2238 1090 2314 oobis]?
1103 2235 1224 2296 δειδίσσεο
1237 2236 1362 2295 obtentus
1371 2249 1445 2295 sunt.
1462 2237 1503 2294 Ne
1517 2235 1601 2316 igitur
1616 2236 1710 2316 sophi·

132 2347 175 2384 σει
188 2328 252 2401 ύμῖν
262 2325 289 2398 ];
305 2321 385 2382 'Alte
398 2325 494 2404 σκῆψις
508 2329 593 2383 ταῦτα
602 2324 648 2383 καλ
659 2323 798 2405 πρόφασις.
816 2324 863 2397 Μὴ
876 2325 908 2398 δὴ
963 2327 1029 2388 stIce
1044 2323 1252 2408 interpretemur
1264 2327 1391 2386 mandata
1406 2326 1465 2387 Dei.
1476 2327 1513 2386 Et
1522 2326 1659 2406 quomodo
1667 2349 1710 2387 so·

131 2413 302 2494 σοριζώμεθα
314 2412 348 2473 τὰ
363 2415 556 2494 προστάγματα
567 2420 612 2473 τοῦ
626 2418 705 2475 Θεοῦ.
722 2413 776 2475 Καὶ
794 2419 850 2484 πῶς
867 2438 910 2476 σο-
964 2419 1315 2501 phistioeinterpretamur?
1324 2419 1414 2495 Dixit,
1427 2421 1631 2501 Iloesaciens,
1645 2441 1710 2480 car-

131 2506 277 2587 ριζύμιθιι,
292 2505 384 2586 ρησίιι
398 2496 486 2583 Eine,
505 2510 591 2567 Τσῧσσ
601 2510 700 2581 ιισιιῗιι,
715 2508 847 2588 ἄνθρακας
859 2532 909 2568 πυ·
965 2516 1053 2574 bones
1070 2517 1147 2594 ignis
1160 2516 1292 2593 congeris
1306 2533 1392 2591 super
1411 2523 1500 2592 caput
1513 2514 1588 2592 ejuc-
1600 2524 1629 2570 tu
1646 2533 1710 2573 vero

133 2600 178 2678 ρὸς
194 2597 335 2680 σωρεύσεις
353 2599 396 2657 iol
412 2597 460 2670 τὴν
475 2598 591 2677 κεφαλὴν
608 2602 702 2658 αὐτοῦ·
722 2599 754 2662 σύ
768 2599 796 2660 il
810 2601 909 2678 λέγεις,
963 2603 1042 2683 dicis,
1059 2606 1157 2667 Timeo
1168 2604 1319 2681 inimicum,
1333 2604 1449 2683 quiame
1464 2603 1546 2663 valde
1558 2603 1638 2663 lesit.
1657 2607 1711 2664 An-

133 2690 269 2770 ροῦοῦμαι
288 2691 333 2749 τδν
352 2689 458 2769 ἐχθρὸν,
479 2689 520 2749 ὅτι
538 2691 641 2769 μεγαλα
662 2715 696 2770 με
712 2691 847 2764 ἠδίκησεν,
868 2694 910 2751 Οὐ
964 2718 1018 2758 non
1032 2698 1181 2760 hoedinis?
1195 2696 1339 2770 Quomodo
1351 2696 1606 2756 inimicumhabes?
1617 2696 1711 2756 Times
1827 2750 1828 2753 ,

131 2790 218 2842 ταῦτα
231 2780 440 2859 λέγειςςΠιῖιςὸἒ
453 2781 909 2864 ύλσιςέσριςέχθρόνςίλδικήσεντσ
963 2812 1037 2866 eum,
1051 2791 1098 2870 qni
1120 2804 1146 2850 te
1160 2773 1241 2867 lesit,
1257 2790 1374 2870 teipsum
1390 2810 1455 2850 vero
1470 2809 1523 2848 non
1537 2788 1636 2848 times?
1649 2790 1711 2849 Uti-

132 2874 220 2955 θσὸᾖν
244 2873 339 2934 ⁶⁰1¹stit
358 2871 386 2933 δῖ
407 2874 436 2931 θῦ
452 2873 538 2954 coiit
557 2874 620 2934 Εἴθε
643 2880 739 2935 σιιιιισῧ
755 2873 908 2958 ἐφρόντιζες·
963 2902 1026 2941 narn
1039 2881 1080 2941 tui
1088 2902 1183 2941 curam
1193 2881 1314 2940 haberes.
1327 2881 1369 2940 Ne
1382 2879 1454 2939 illud
1464 2879 1516 2939 hoc
1527 2899 1608 2960 scopo
1618 2879 1718 2957 faciam

133 2966 182 3039 Μὴ
197 2965 268 3026 ποίει
288 2968 381 3045 σκοπῷ
406 2964 530 3045 τοιούτῳ·
554 2969 654 3044 μᾶλλον
679 2966 707 3027 δὲ
726 2965 775 3027 κᾶν
799 2964 909 3046 τοιούτῳ
962 2973 1018 3034 imo
1037 2973 1132 3034 saliem
1150 2974 1203 3033 hoc
1221 2994 1308 3054 scopo
1321 2973 1411 3034 satias.
1422 2971 1477 3033 Sed
1493 2993 1546 3032 non
1564 2971 1638 3031 iacis.
1651 2973 1713 3032 Non

133 3057 247 3131 ποίησον
262 3060 363 3137 σκοπῷ.
384 3056 454 3116 Ἀλλ’
474 3062 504 3118 οὐ
521 3068 612 3125 ποιεῖς.
639 3061 680 3118 Οὐ
699 3058 770 3139 λέγω
792 3081 846 3137 σοι,
867 3059 909 3120 ὅτι
962 3065 1026 3125 dico
1039 3066 1090 3126 tibi
1106 3065 1180 3146 quod
1191 3065 1319 3125 carbones
1333 3064 1404 3144 ignis
1418 3084 1553 3143 congeres,
1568 3062 1616 3123 sed
1630 3063 1713 3124 etiam

133 3152 268 3230 ἄνθρακας
280 3150 361 3229 πυρὸς
372 3149 527 3228 σωρεύσεις,
543 3150 612 3213 enne
625 3151 669 3209 καί
683 3150 770 3234 ἕτερόν
783 3176 810 3210 τι
829 3150 908 3212 πλέον
925 3174 945 3222 c
962 3157 1041 3220 aliud
1057 3159 1145 3240 majus
1156 3157 1218 3218 dico
1234 3180 1241 3216 ι
1258 3171 1364 3217 tantum
1378 3157 1429 3220 sac.
1444 3156 1511 3216 llaec
1531 3157 1604 3216 enim
1622 3156 1712 3216 omnia

132 3243 217 3322 λέγω·
229 3243 308 3320 μόνω
319 3240 438 3315 ποίησον.
459 3244 553 3302 Ταῦτα
563 3242 615 3323 γὰρ
626 3243 732 3319 ποίντα,
750 3243 794 3303 ίνα
811 3267 842 3302 σε
861 3249 909 3306 ἐκ·
964 3263 994 3308 υι
1011 3263 1038 3309 ιε
1052 3264 1181 3331 provocet
1202 3248 1305 3309 Paulus
1322 3248 1400 3325 dicit,
1410 3249 1609 3329 exspectatione
1626 3269 1712 3329 poenae

133 3334 297 3408 ιιιιλὲσηιιιι,
320 3333 431 3413 noviti
456 3335 576 3406 Παῦλος,
595 3335 683 3395 ἐλιιίδι
708 3342 755 3410 τῆς
781 3336 911 3421 ιιριιιρίιις
962 3343 1066 3403 solvere
1077 3342 1256 3402 inimicitiam.
1274 3340 1411 3415 Quoniam
1424 3340 1503 3400 ferini
1514 3360 1717 3419 sumus,neque

133 3431 214 3488 λῦσαι
234 3426 283 3500 τὴν
298 3426 404 3506 ἔχθραν.
416 3426 528 3499 Ἐπειδὴ
541 3428 677 3506 θηριώδεις
692 3427 787 3508 ἐσμὲν,
804 3430 849 3489 καὶ
863 3433 910 3490 οὐκ
962 3435 1041 3494 aliter
1052 3433 1249 3494 adduceremur
1260 3432 1295 3492 ad
1309 3432 1451 3492 inimicum
1464 3431 1647 3512 diligendum,
1659 3431 1713 3491 nisi

135 3520 167 3578 ἂν
182 3520 269 3585 ἄλλως
282 3517 463 3598 ἀνασχοίμεθα
476 3518 520 3576 τὸν
533 3520 626 3598 ἐχθρὸν
639 3522 760 3600 φιλῆσαι,
770 3525 793 3580 εί
802 3522 840 3602 μή
850 3547 910 3581 τινα
962 3524 1129 3606 supplicium
1153 3535 1387 3604 exspectaremus,
1412 3523 1490 3601 quasi
1517 3521 1626 3594 cuidam
1649 3522 1712 3581 scra

135 3612 325 3693 προσδοκῶμεν
346 3610 494 3691 τιμωρίαν,
510 3611 631 3692 καθάπερ
648 3612 701 3670 τινί
721 3614 805 3694 θηρίῳ
819 3614 911 3674 δίδωσι
963 3616 1034 3678 lianc
1060 3637 1176 3676 massam
1200 3614 1293 3675 tradit.
1317 3615 1388 3673 Nam
1416 3614 1544 3695 apostolis
1576 3635 1629 3674 non
1660 3613 1712 3673 hoc

134 3703 236 3774 ταύτην
249 3703 297 3774 τὴν
313 3705 414 3781 μᾶζαν·
429 3703 486 3761 ἐπεὶ
497 3712 551 3771 τοῖς
566 3703 720 3773 ἀποστόλοις
732 3709 762 3766 οὐ
775 3705 854 3766 τοῦτό
860 3731 911 3787 ρη-
965 3709 1089 3770 Christus
1114 3707 1190 3780 dicit,
1215 3705 1262 3766 sed
1275 3705 1365 3785 quid?
1381 3709 1419 3766 Ut
1432 3710 1496 3767 sitis
1519 3707 1630 3777 similes
1646 3709 1712 3766 Pa·
1721 3733 1806 3780 ΜΛ,
1823 3733 1847 3781 ς,

136 3820 190 3869 σιν,
203 3792 273 3855 ἀλλὰ
285 3792 313 3852 τί
317 3818 326 3867 ;
339 3792 434 3861 Ὅπως
448 3793 544 3864 ίοησθε
557 3794 644 3873 ὅμοιοι
657 3801 705 3855 τοῦ
720 3798 827 3878 Πατρδς
837 3800 911 3876 ὐμῶν
966 3804 1004 3860 tri
1017 3813 1126 3873 vestro,
1141 3803 1193 3881 qui
1208 3811 1251 3859 est
1267 3802 1300 3855 in
1312 3798 1401 3857 eoelis.
1417 3796 1546 3877 Alioquin
1560 3818 1626 3857 vero
1652 3798 1711 3858 lieri
1721 3792 1761 3858 45·

136 3890 184 3942 τοῦ
207 3887 374 3965 ἐνυύρανοῑς.
393 3882 494 3955 Ἄλλως
516 3885 543 3944 δὲ
567 3889 615 3945 οὐκ
633 3887 703 3946 ἔστιν
726 3890 912 3969 εὐεργετοῦντα
964 3913 1017 3952 non
1031 3904 1129 3973 potest,
1142 3904 1172 3950 ιιι
1183 3884 1231 3968 qui
1243 3888 1377 3949 benelicia
1390 3889 1491 3947 confert
1505 3902 1531 3947 et
1543 3887 1590 3967 qni
1601 3889 1711 3970 accipit,

137 3975 185 4034 καὶ
204 3974 418 4056 εὐεργετούμενον
436 3986 523 4056 μεῖναι
537 3976 639 4059 ἐχθρόν,
660 3978 711 4037 Διὰ
725 3985 803 4040 τοῦτο
828 3986 912 4042 ταῦτα
965 3995 1089 4043 maneant
1111 3979 1224 4040 inimici.
1244 3978 1349 4038 ldeirco
1368 3977 1426 4037 haec
1448 3977 1546 4058 posuit.
1568 3977 1713 4039 Cordum

138 4067 228 4139 ἔθηκε.
246 4067 284 4127 Τί
305 4070 331 4127 ἐν
345 4077 398 4136 τοῖς
417 4067 503 4146 λύγοις
524 4071 681 4150 φιλοσοφῶν,
699 4075 725 4131 ἐν
748 4081 802 4139 τοῖς
827 4073 913 4154 ἔργοις
965 4074 1056 4135 verbis
1067 4070 1313 4155 philosopharis,in
1323 4091 1403 4151 opere
1413 4069 1527 4129 modum
1537 4091 1590 4130 non
1600 4073 1712 4134 servas?

138 4157 199 4218 οὐδὲ
220 4158 251 4217 τδ
269 4158 363 4243 μέτρον
377 4161 515 4239 φυλάττεις
528 4185 536 4233 3
552 4163 661 4239 Καλῶς,
680 4166 709 4223 οὐ
724 4163 851 4245 ψωμίζεις
866 4168 913 4224 αὐ-
930 4191 949 4237 1)
965 4167 1047 4240 Bene,
1063 4185 1115 4224 non
1134 4162 1222 4244 pascis
1242 4161 1331 4236 illum,
1346 4182 1379 4221 nc
1391 4161 1519 4222 carbones
1532 4162 1605 4242 ignis
1617 4184 1713 4244 conge-

138 4253 202 4323 τδν,
222 4250 266 4309 ἵνα
280 4251 317 4329 μὴ
330 4252 462 4334 ἄνθρακας
480 4255 562 4335 πυρὸς
584 4255 733 4337 σωρεύαῃς·
751 4260 842 4317 οὐκοῦν
852 4257 912 4338 oei·
966 4280 1009 4318 ras
1019 4277 1097 4337 :ergo
1108 4254 1215 4337 parcis?
1230 4274 1293 4334 ergo
1307 4253 1410 4333 diligis,
1422 4268 1448 4313 et
1461 4275 1495 4314 cx
1507 4255 1556 4314 tali
1568 4258 1649 4337 scopo
1662 4255 1713 4316 hoc

137 4345 189 4423 δῃ;
205 4345 296 4403 οὐκοῦν
314 4346 411 4422 φιλεῖς,
424 4344 469 4403 καί
487 4351 578 4428 σκοπῷ
588 4346 697 4428 τοιούτῳ
716 4357 815 4421 πσιεῑς;
831 4341 912 4411 Οἶδεν
966 4350 1050 4409 lacis?
1070 4348 1128 4408 scit
1140 4348 1228 4422 Deus,
1255 4358 1347 4404 utrum
1367 4344 1415 4404 tali
1434 4367 1514 4427 scopo
1532 4345 1608 4406 dicas
1623 4370 1629 4402 ε
1644 4360 1716 4407 certe

138 4435 249 4510 δθεδς,
268 4436 292 4492 εί
302 4439 396 4516 σκοπῷ
409 4437 519 4518 τοιούτῳ
530 4438 628 4519 λέγεις·
642 4438 688 4500 καί
700 4440 752 4519 μὴν
763 4442 828 4522 πρὸς
843 4446 915 4521 ἡμᾶς
967 4440 1042 4523 apud
1053 4461 1101 4499 nos
1114 4437 1264 4518 sophistam
1278 4435 1345 4515 agis.
1361 4436 1461 4495 Curam
1476 4435 1547 4517 geris
1561 4437 1675 4517 inimici,
1688 4437 1716 4497 σε

138 4528 236 4608 velta
254 4527 301 4587 καί
317 4527 424 4609 σκήπτῃ
445 4529 490 4589 τὸν
503 4531 590 4610 λόγον.
606 4533 731 4614 Προνοεῖς
743 4540 789 4593 τοῦ
807 4538 915 4616 ἐχθροῦ,
968 4533 1085 4593 timesne
1095 4528 1635 4612 puniatur?Ergoirameustinxisti:qui
1645 4530 1717 4590 enim

138 4621 186 4679 καί
199 4619 270 4700 eod}
285 4619 322 4696 μὴ
334 4621 468 4701 κολασθῇ,
487 4625 591 4682 Οὐκοῦν
604 4624 716 4693 testeae
734 4624 784 4698 τὴν
796 4626 916 4707 dorin&
969 4627 1012 4687 sic
1032 4623 1133 4705 diligit,
1149 4635 1180 4680 ut
1200 4623 1259 4704 ejus
1280 4622 1425 4682 utilitatem
1445 4643 1500 4683 suae
1518 4624 1651 4704 praeserat,
1664 4644 1718 4683 non

138 4713 193 4791 γδρ
208 4709 279 4771 οὐτω
292 4713 389 4792 φιλῶν,
411 4716 447 4780 ὡς
466 4712 515 4786 τὴν
535 4714 634 4774 οἰκείαν
654 4716 781 4797 ῶρίλειαν
795 4721 916 4798 παριδεῖν
971 4717 1054 4777 habet
1081 4715 1232 4774 inimicum.
1254 4713 1313 4774 Hoc
1337 4712 1427 4772 dicere
1447 4713 1536 4794 possis
1549 4738 1556 4771 ε
1571 4715 1718 4793 Usquequo

139 4803 210 4883 ὐπλρ
219 4808 274 4864 τῶν
286 4804 378 4884 ἐκείνῳ
386 4806 583 4887 συμφερόντων,
596 4811 642 4867 οὐκ
650 4806 706 4888 ἔχει
717 4809 920 4892 ἐχθρόνἘχοις
971 4808 1099 4868 ludemus
1112 4807 1140 4866 in
1154 4805 1235 4865 rebus
1246 4827 1298 4866 non
1312 4804 1428 4864 ludicris
1441 4819 1467 4864 ct
1482 4805 1588 4865 veniam
1603 4827 1655 4865 non
1670 4806 1719 4865 ha·

140 4897 175 4955 ἂν
187 4901 264 4956 τοῦτο
277 4900 373 4956 εἰπεῖν’
387 4898 466 4980 μέχρι
487 4899 556 4966 τίνος
570 4900 699 4978 παίζομεν
714 4904 740 4960 ἐν
755 4906 784 4962 οὐ
798 4911 918 4970 παικτοῖς
972 4900 1122 4961 bentibus?
1139 4899 1311 4980 Quapropter
1340 4903 1407 4977 rogo
1437 4897 1641 4975 [iratemitaem
1672 4919 1720 4959 no·

140 4989 203 5050 οὐδὲ
210 4983 308 5069 ’ἔχουσι
320 4990 549 5069 συγγνῶμην;Διδ
562 4994 710 5072 παρακαλῶ
725 4989 790 5074 Ἷτῇ
801 4992 920 5074 ἡμετέρα
971 5005 1056 5054 stram
1064 4990 1192 5050 dilectam
1206 5010 1220 5048 a
1236 4988 1352 5060 Domino
1367 4990 1430 5048 Deo·
1440 5002 1466 5047 et
1476 4988 1618 5050 Salvatore
1627 4990 1720 5051 nostro

178 5163 189 5186 ¹
201 5159 260 5202 Μία
270 5146 341 5198 ‘lm‘
352 5148 377 5198 ³¹¹
389 5134 549 5215 ‘luibuddffl
992 5154 1006 5191 b
1019 5152 1100 5217 [Qum
1116 5160 1173 5215 post
1185 5146 1304 5200 sevitium
1317 5146 1475 5212 inclusimus,
1487 5145 1580 5201 cluunt
1589 5144 1624 5201 eb
1637 5151 1722 5205 omni-

178 5227 192 5252 ·
202 5224 213 5293 [
224 5227 284 5275 llaec
292 5232 320 5289 ,δ
331 5231 431 5295 οὐράνιος
444 5231 507 5280 δώσω
521 5226 703 5294 effeminante
716 5228 808 5297 codd,
816 5247 862 5283 uec
873 5229 910 5282 le·
965 5227 1202 5296 nicodemum,
1215 5244 1263 5281 nee
1276 5226 1336 5296 legit
1348 5244 1376 5279 ea
1392 5227 1532 5293 Erasmus]
1596 5241 1599 5244 ,

143 5309 181 5374 git
193 5306 416 5374 calumniat.
429 5303 503 5362 Unde
514 5305 680 5375 incussimus]
1502 5326 1505 5331 ,
