3728 5978
546 405 581 454 ια
608 405 716 454 nrrsr.
747 401 793 450 sn
818 395 901 447 rou.
931 397 1159 450 scurnum.-
1559 378 1633 481 629

67 556 122 612 ροις
135 536 211 592 τοῦτο
222 530 363 608 δυνάμενον
373 536 530 610 παρασχεῖν.
543 521 612 590 Εἶτα
625 528 706 589 πάλιν
716 522 836 606 luteoli-
892 517 1098 582 Μθῦῑωίΰῑθ
1119 521 1215 594 Vilfflr
1231 519 1406 601 (1¹¹²ssssmllla
1417 521 1533 606 miili&
1545 544 1629 587 W!-

64 648 120 700 γων
135 625 178 683 τὸν
193 623 335 703 ἀκροατήν,
344 622 415 701 λέγει
428 621 474 681 καὶ
488 622 535 696 τήν
548 622 635 682 αἰτίαν
648 626 696 693 τῆς
709 622 778 691 ζωῆς
791 613 837 676 καὶ
893 608 970 669 Talis
989 612 1062 671 enim
1077 625 1116 671 est
1129 612 1249 693 Spiritus
1263 613 1335 673 vita:
1345 635 1399 674 non
1419 615 1477 696 jam
1490 616 1573 677 morti
1588 637 1631 678 oe·

64 716 115 788 τήν
127 715 274 783 ἀπόδειξιν·
288 715 355 786 αὕτη
369 713 398 774 δέ
409 718 508 787 ίστινή
522 712 683 785 δικαιοσύνῃ.
693 707 836 788 Ἁμαρτίας
854 698 873 746 c
891 700 942 776 dit,
964 702 1012 762 sod
1027 705 1083 785 jam
1100 718 1215 764 mortem
1236 706 1370 766 consumit
1402 720 1429 766 et
1449 707 1588 790 expandit,
1605 722 1635 770 et

64 807 119 887 γὰρ
131 810 177 866 οὐκ
188 806 284 878 οὔσῃς,
295 805 353 864 οὐδὲ
366 805 474 871 Θάνατος
486 805 621 884 φαίνεται·
632 801 744 864 θανάτου
755 799 783 860 dl
797 797 835 877 μίι
891 791 967 868 q⁰⁰d
985 795 1097 876 mpii,
1118 794 1270 856 immilmle
1281 811 1380 858 semi·
1405 797 1576 880 Q¹¹³P¹⁰Plef
1584 798 1633 861 ubl

64 897 241 979 „„„g,0„‚
258 895 421 963 mmm,
435 895 499 966 ζωή,
514 897 549 955 Et
568 896 596 956 tt
616 894 647 954 τὸ
658 895 773 970 Πιῶμιι
789 894 835 949 zon
890 881 963 943 dixit
975 905 1072 967 eorpus
1081 900 1228 961 mortuum,
1248 908 1302 948 non
1314 888 1512 971 dixitSpiritns
1526 891 1633 965 vivens,

65 988 214 1068 ἐγείραντος
225 988 327 1060 Ἰησοῦν
340 991 371 1046 ise
383 991 483 1067 νεκρῶν
496 990 561 1046 οἰκεῖ
575 989 606 1055 ἐν,
620 990 692 1064 ὑμῖν,
707 989 722 1044 ὁ
733 981 836 1064 ἀγείρας
891 974 938 1034 sod
949 975 1083 1054 vitam,'ut
1093 978 1215 1039 ostendat
1228 979 1376 1039 illnmaliis
1385 1001 1493 1061 quoque
1501 982 1554 1043 hoe
1563 1004 1633 1065 prae-
1652 1024 1658 1033 ·

65 1080 111 1140 ιὸι
126 1079 223 1162 Κύριον
244 1079 401 1151 ζωοποιήσει
414 1079 459 1139 καὶ
476 1078 511 1139 τὰ
524 1077 607 1151 θνῃτά
621 1077 735 1156 σώματα
749 1076 835 1152 ὑμῶν,
889 1066 1047 1149 bereposse.
1062 1071 1168 1132 Deinde
1181 1071 1333 1132 auditorem
1355 1073 1534 1156 adstringens,
1552 1075 1632 1136 etri·

66 1172 110 1231 διδι
121 1170 150 1230 τὸ
159 1176 273 1233 ἐνοικοῦν
286 1174 364 1230 αὐτοῦ
376 1172 488 1248 Πνεῦμα
498 1173 524 1230 ἐν
536 1174 608 1248 ὑμῖν.
619 1169 708 1230 Πάλιν
718 1168 763 1228 sits
773 1164 835 1246 περὶ
888 1172 923 1218 tae
936 1181 1045 1220 causam
1055 1162 1123 1223 dicit
1144 1177 1170 1223 et
1182 1162 1368 1245 probationem
1387 1165 1466 1226 alieri
1476 1191 1483 1224 ε
1495 1166 1555 1228 bere
1567 1188 1632 1229 vero

64 1269 113 1335 τῆς
127 1264 294 1331 ἀναστάσεως
312 1271 380 1322 κινεῖ
402 1261 488 1340 λόγον,
511 1260 603 1333 ἐπειδή
628 1259 694 1333 αὕτη
717 1259 835 1339 μάλιστα
890 1264 929 1309 est
940 1252 1055 1331 justitia.
1072 1256 1184 1315 Peccato
1206 1256 1278 1316 enim
1302 1277 1355 1316 non
1371 1257 1524 1338 exsistente,
1546 1280 1633 1340 neque

63 1355 110 1414 τὸν
134 1353 266 1436 ἀκροατήν
286 1352 409 1434 ιιήλειρεν
430 1353 549 1424 ήίλπὶς,
565 1353 611 1412 καθ
633 1352 733 1431 βεάαιαῑ
756 1348 833 1408 αὐτὸν
890 1365 962 1405 mors
985 1362 1132 1428 comparet;
1147 1362 1233 1408 morte
1250 1369 1303 1408 non
1320 1363 1499 1430 comparente,
1515 1351 1631 1412 indisso-

64 1447 120 1507 ,ςπὸ
131 1449 183 1505 ,πῃ
198 1445 241 1504 gni
251 1450 297 1505 τοι,
311 1447 426 1525 xpm&
438 1444 606 1524 metm,
618 1442 667 1516 Μὴ
677 1440 730 1525 γὰρ
742 1442 774 1516 δὴ
788 1464 834 1522 φι-
889 1432 984 1496 lubilis
998 1451 1038 1497 est
1057 1437 1126 1500 vita.
1150 1441 1196 1496 11.
1212 1441 1297 1517 Quod
1315 1444 1342 1501 si
1354 1441 1557 1523 Spiritusejus,
1579 1447 1631 1524 qui

64 1538 163 1615 εηθῇς,
183 1536 272 1616 φησὶν,
290 1535 334 1599 ὅτι
348 1536 439 1618 νεαρὸν
461 1535 610 1617 περίκεισαι
627 1539 719 1612 σῶμα·
739 1532 784 1612 ίχε
803 1530 834 1591 τδ
889 1530 1152 1603 suscitavitJesum
1164 1551 1184 1589 α
1200 1535 1333 1606 mortuis,
1349 1533 1467 1592 habitat
1479 1536 1512 1592 in
1519 1535 1629 1594 vobis.-

62 1631 195 1704 Πνεῦμα,
209 1628 255 1686 καὶ
273 1626 451 1698 ἀναστήσεται
465 1625 580 1695 πάντως.
600 1625 637 1686 Τί
658 1615 721 1699 νῦν,
741 1623 774 1683 τδ
794 1621 832 1701 μή
850 1620 870 1670 ⁰
889 1621 941 1698 qui
948 1624 1278 1699 suscitavitDominum,
1286 1623 1632 1706 vivifwobitetmortulris

63 1721 162 1799 ἔχοντα
184 1721 296 1797 Πνεῦμα
322 1717 436 1797 σώματα
458 1721 506 1778 οὐκ
531 1717 684 1791 ἀνίσταται,
704 1714 751 1778 καί
776 1720 834 1782 πῶς
889 1725 1128 1791 ουνμοναυεειεα,
1138 1727 1256 1794 propter
1269 1716 1486 1774 inhabitantem
1495 1719 1559 1799 ejus
1573 1717 1632 1799 spi·

62 1811 184 1878 άπαντας
209 1813 247 1870 δεῖ
270 1815 440 1891 παραστῆναι
458 1813 496 1891 τῷ
518 1811 620 1890 βήματι
637 1807 683 1870 τοῦ
702 1808 833 1889 Χριστοῦ,
889 1805 977 1862 ritum
986 1808 1019 1863 in
1028 1807 1631 1869 uobisRursussermonernderesurreetione

62 1906 123 1970 πῶς
135 1901 163 1961 δὲ
177 1907 191 1962 δ
203 1906 250 1974 τῆς
260 1902 366 1981 γεέννης
377 1901 526 1970 ἀξιόπιστος
541 1901 617 1963 ἔσται
630 1900 723 1982 λόγοςς
735 1903 769 1960 Ei
781 1897 833 1981 γάρ
888 1910 978 1956 movet
990 1921 997 1954 ε
1009 1897 1074 1975 quia
1087 1897 1145 1978 ipsa
1157 1898 1276 1976 maxime
1282 1920 1342 1979 spes
1351 1897 1503 1961 auditorem
1515 1903 1632 1979 acuitet

61 1998 88 2053 oi
106 1993 144 2072 μή
163 1994 266 2073 ἔχοντες
282 1996 396 2072 Πνεῦμα
418 1997 465 2053 οῦκ
479 1993 651 2066 ἀνίστανται,
667 1992 726 2052 οὐδὲ
742 1991 835 2071 γέεννα
888 1986 979 2046 firmat
995 1987 1123 2047 illnmex
1145 1988 1190 2067 iis,
1202 2010 1264 2068 quc
1283 1989 1392 2050 Christo
1413 1989 1577 2054 acciderunt
1591 1994 1638 2082 Nc

61 2085 149 2146 ἔσται.
161 2086 197 2144 Τί
208 2076 253 2145 οῦν
266 2089 322 2145 ἐστι
335 2085 365 2144 τὸ
377 2085 533 2164 λεγόμενονς
546 2084 650 2152 Πάντες
659 2083 707 2162 μὲν
719 2081 834 2156 ἀναστή-
886 2077 991 2155 timeas,
1005 2078 1105 2159 iuquit,
1120 2080 1194 2159 quod
1200 2081 1308 2141 mortali
1320 2103 1431 2164 corpore
1440 2083 1630 2145 circumdetis:

61 2200 173 2249 σονται,
185 2180 214 2236 σθ
224 2176 320 2245 πάντες
329 2174 357 2234 δέ
369 2179 405 2243 εἰς
415 2176 494 2252 ζωήν,
504 2177 562 2235 ἀλλ’
572 2178 597 2236 οἱ
610 2175 657 2254 μὲν
669 2177 705 2242 είς
714 2173 833 2249 κόλασιν,
887 2170 1021 2251 Spiritum
1034 2171 1143 2249 habeto,
1159 2186 1184 2233 et
1197 2173 1307 2233 omnino
1317 2189 1445 2255 resurget.
1459 2176 1536 2249 Quid
1547 2177 1632 2258 ergo?

61 2272 89 2326 oi
101 2267 129 2327 δδ
141 2270 178 2334 εἰς
189 2267 267 2340 ζωήν.
277 2270 330 2327 Διά
343 2274 419 2329 τοῦτο
432 2272 479 2328 οὐκ
491 2260 573 2339 εἶπεν,
586 2266 743 2340 ἀναστήσει,
755 2264 834 2339 ἀλλά,
888 2282 922 2320 an
938 2283 1060 2344 corpora,
1076 2285 1136 2343 quae
1146 2263 1279 2345 Spiritum
1293 2286 1347 2325 non
1361 2267 1470 2344 babent,
1478 2289 1532 2329 non
1542 2289 1629 2330 resur·

62 2359 247 2431 Ζωοπσιήσει·
259 2359 273 2418 θ
287 2359 366 2421 πλέον
378 2365 427 2431 τῆς
442 2359 610 2426 ἀναστάσεως
619 2350 662 2432 iu,
672 2358 719 2418 καὶ
731 2365 786 2426 τοῖς
798 2357 835 2417 δι·
886 2353 974 2431 gunt?
984 2354 1120 2433 quomodo
1134 2374 1198 2435 ergo
1214 2369 1419 2437 oportetomnes
1432 2358 1492 2419 sisti
1508 2373 1570 2421 ante
1583 2359 1708 2423 tri-nom.
1731 2379 1769 2440 ις.

60 2450 149 2516 ααίοις
165 2450 253 2527 μόνοις
267 2450 457 2530 δεδωρημένον.
478 2449 531 2509 Καὶ
548 2448 596 2522 τήν
612 2448 699 2508 αἰτίαν
717 2452 766 2520 τῆς
787 2471 833 2507 το-
886 2444 970 2503 bunal
979 2445 1104 2505 Christi?
1118 2449 1254 2525 quomodo
1268 2447 1394 2528 gehennae
1406 2471 1494 2511 sermo
1512 2442 1568 2513 fide
1586 2451 1630 2514 di·
1642 2449 1679 2484 ¹⁰·

61 2543 254 2621 σαύτηςτιμῆς
271 2543 366 2616 τιθεὶς,
382 2543 529 2622 προσέθηκε
549 2541 643 2621 λέγων,
658 2541 711 2601 Art
724 2542 755 2601 τὸ
767 2541 869 2601 isos-E
888 2557 957 2618 gnus
970 2538 1042 2597 crit?
1062 2540 1133 2599 Nam
1145 2538 1169 2599 si
1187 2540 1217 2617 ii,
1229 2541 1276 2620 qui
1295 2541 1429 2623 Spiritum
1451 2564 1506 2605 non
1521 2544 1630 2625 hebent,

60 2641 124 2695 αοῦν
140 2638 218 2694 αὐτοῦ
231 2637 345 2713 Πνεῦμα
359 2639 386 2695 ἐν
399 2640 470 2712 ὑμῖν.
485 2633 569 2693 Ὥστε
584 2633 616 2692 ἀν
632 2632 768 2711 ἀπτλάσῃς
789 2635 833 2692 ἀν-
886 2650 940 2690 ιιοιι
960 2644 1114 2710 resnrgunt,
1127 2652 1214 2711 neque
1236 2633 1356 2714 gehenna
1383 2649 1449 2696 crat.
1469 2618 1545 2710 Quid
1562 2658 1627 2718 ergo

59 2733 147 2787 ταῦθα
168 2727 204 2786 ὢν
228 2734 274 2787 τοῦ
289 2727 444 2806 Πνεῦματος
459 2725 507 2797 τήν
531 2725 620 2809 χάριν,
634 2725 681 2784 καὶ
702 2724 740 2804 μή
761 2724 833 2806 σῴαν
889 2722 944 2782 sibi
959 2724 1020 2783 vult
1033 2723 1103 2783 illud
1114 2723 1238 2785 dictum?
1248 2727 1349 2787 Omnes
1362 2729 1474 2806 quidem
1482 2746 1630 2812 resurgent,
1644 2755 1663 2787 r.
1676 2739 1731 2786 cor.
1741 2739 1778 2786 15.

60 2819 143 2893 αὐτήν
157 2821 226 2901 ἔχων
242 2819 374 2896 ἀπέλθῃς,
397 2821 484 2898 ἀπολῇ
509 2818 629 2887 πάντως,
644 2817 694 2876 νῦν
709 2819 832 2898 ἀναστῇς.
886 2814 932 2875 sed
943 2836 996 2876 non
1006 2836 1098 2876 omnes
1109 2815 1145 2876 ad
1158 2816 1253 2893 vitam,
1273 2817 1322 2878 sed
1344 2819 1392 2878 alii
1404 2819 1441 2879 ad
1454 2822 1638 2904 supplicium,¹

58 2912 170 2992 Ὥσπερ
183 2912 235 2992 γάρ
248 2915 296 2971 οῦκ
309 2911 445 2992 ἀνέχεται,
464 2912 494 2972 τδ
505 2913 618 2985 Πνεῦμα
634 2913 713 2970 αὑτοῦ
727 2910 834 2987 λάμπον
886 2905 933 2964 alii
942 2907 977 2968 ad
989 2907 1082 2968 vitam.
1096 2907 1160 2968 ideo
1174 2929 1228 2968 non
1242 2907 1327 2987 dixit,
1339 2911 1498 2986 Suscitabit,
1517 2913 1566 2974 sed
1580 2917 1630 2975 Vr·

58 3008 131 3084 θρῶν
146 3006 173 3061 ἐν
183 3009 224 3063 σοι
237 3002 311 3077 τότε,
330 3005 437 3064 κολάσει
457 3027 486 3063 σε
506 3004 686 3083 παραδοῦναι,
706 3001 831 3071 οὔτωςοῦ
888 3000 1035 3080 νὶρεαθίιι
1049 2998 1124 3079 quod
1138 3001 1226 3081 majus
1247 3003 1440 3063 resurreetione
1454 3020 1522 3079 erat,
1552 3020 1579 3066 et
1585 3007 1630 3088 jn·

57 3092 248 3165 καταδέξεται,
263 3094 421 3173 ἐσῦεσμένον
438 3094 509 3170 ἰδὼν,
523 3097 559 3163 είς
571 3095 616 3154 τὸν
631 3095 758 3174 νυμρῦνα
775 3095 831 3154 elo·
885 3092 935 3153 stis
944 3094 1033 3153 solum
1050 3093 1143 3153 datur.
1158 3097 1246 3173 Atque
1264 3094 1377 3176 hujusce
1388 3096 1499 3158 bononis
1520 3119 1630 3159 causam

57 3194 180 3263 αγαγεῖν,
199 3186 319 3267 καθάπερ
341 3184 398 3244 οὐδὲ
417 3185 465 3252 τὰς
485 3186 629 3265 παρθένους
651 3181 759 3250 ἐκείνας.
783 3182 830 3256 Μὴ
885 3199 1030 3258 apponens,
1052 3180 1173 3258 addidit,
1194 3184 1319 3262 Propter,
1339 3186 1553 3257 inhabitantem
1565 3188 1629 3268 Spi-

56 3276 147 3336 τοίννν
160 3281 228 3359 ἀφῇς
241 3281 320 3348 ζῆσαι
331 3277 362 3337 τὸ
371 3282 450 3355 σῶμα
466 3283 520 3353 νῦν,
530 3277 572 3337 ἵνα
583 3278 643 3337 τότε
657 3276 739 3358 ζήσῃ·
753 3274 832 3348 ποίη-
885 3283 975 3328 retum
985 3274 1016 3328 r'n
1029 3275 1124 3333 uobis.
1137 3273 1260 3351 Itaquesi
1269 3272 1337 3334 dum
1348 3275 1431 3351 viris,
1439 3278 1558 3359 Spiritus
1567 3300 1629 3359 gra·

56 3392 107 3429 σον
122 3370 184 3428 αὐτὸ
198 3373 347 3442 ἀποθανεῖν,
361 3368 404 3428 ἵνα
417 3368 454 3446 μὴ
466 3370 594 3450 ἀποθάνῃ.
611 3368 679 3429 ’Etr
692 3367 744 3448 γάρ
764 3368 829 3444 μένῃ
884 3360 951 3420 tiam
968 3362 1086 3442 ejeceris,
1108 3386 1193 3444 neque
1206 3365 1283 3426 illam
1296 3367 1399 3428 salvam
1416 3369 1518 3429 babens
1537 3370 1628 3432 doces

57 3464 123 3533 ζῶν,
135 3463 163 3519 οὐ
174 3461 294 3534 ζήσεται·
307 3460 352 3519 etv
363 3459 390 3519 di
401 3459 529 3536 ἀποθάνῃ,
542 3459 601 3519 τότε
613 3458 731 3531 ζήσεται.
742 3460 830 3518 Τοῦτο
885 3455 963 3536 seris,
975 3458 1084 3518 omnino
1093 3460 1209 3541 peribis,
1232 3462 1337 3522 etiamsi
1352 3465 1540 3526 resurrexeris.
1551 3466 1629 3526 Sicut

55 3552 105 3612 καί
117 3553 162 3612 ἐπὶ
174 3557 222 3624 τῆς
236 3553 404 3619 ἀναστάσεως
417 3551 517 3632 γίνεται
528 3557 575 3625 τῆς
587 3552 718 3612 καθολου·
732 3552 827 3631 πρότι-
838 3606 876 3646 m
886 3550 968 3627 enirn,
978 3551 1046 3612 dum
1054 3552 1187 3634 Spiritum
1197 3557 1311 3616 suumin
1321 3571 1346 3617 te
1354 3557 1496 3638 splendens
1505 3559 1627 3642 respicit,
1656 3608 1658 3612 ,

58 3668 106 3727 ρον
116 3644 168 3726 γδρ
180 3649 317 3705 ἀποθανεῖν
340 3645 403 3704 αὐτὸ
425 3646 464 3704 δεῖ
487 3645 532 3704 καλ
552 3650 682 3725 ταφῆναι,
704 3643 749 3703 καὶ
769 3643 829 3704 τότε
846 3664 867 3710 Α
887 3664 939 3703 non
954 3658 980 3705 tc
992 3644 1127 3727 supplicio
1141 3649 1417 3727 nmquamnaditrita
1430 3651 1454 3710 si
1465 3652 1629 3712 exstinctum

54 3735 179 3815 γενέσθαι
190 3735 328 3796 ἀθάνατον.
339 3738 427 3795 Τοῦτο
442 3736 488 3796 καὶ
503 3738 530 3795 ἓν
541 3742 579 3815 τῷ
592 3739 697 3819 λουτρῷ
711 3736 828 3817 γέγονεν·
886 3735 964 3796 illum
986 3737 1086 3814 videat,
1101 3759 1154 3799 nou
1170 3753 1196 3799 te
1212 3740 1239 3800 in
1265 3741 1415 3801 thalamum
1438 3763 1519 3803 sunm
1538 3744 1626 3806 intro-

55 3827 209 3907 έσταυρώθῃ
233 3835 295 3907 γοῦν
312 3828 343 3888 τὸ
357 3827 483 3908 πρότερον
506 3828 552 3886 καὶ
576 3828 675 3910 ἑτάρη,
697 3828 743 3888 καὶ
769 3826 830 3889 τότε
885 3826 975 3901 ducet,
987 3829 1056 3888 sicut
1067 3829 1241 3910 nccvirgines
1249 3831 1319 3891 illas.
1328 3834 1369 3894 Ne
1378 3833 1469 3912 itaque
1483 3855 1555 3895 nuno
1568 3857 1627 3896 oor·

54 3916 168 3997 ήγέρθῃ.
181 3921 268 3978 Τοῦτο
281 3917 326 3977 καὶ
346 3917 390 3977 ἐπὶ
407 3925 453 3978 τοῦ
474 3918 597 3997 σώματος
617 3928 663 3981 τοῦ
687 3927 829 4000 κυριακυῦ·
884 3941 936 4000 pus
945 3919 1038 3980 vivere
1048 3920 1131 3994 sinas,
1146 3934 1176 3980 ut
1189 3935 1254 3982 tunc
1263 3923 1339 3984 vivat
1352 3926 1411 3983 :iac
1422 3924 1492 3985 illud
1502 3927 1580 4003 rnori,
1594 3948 1628 3987 ne

55 4012 105 4071 καὶ
116 4011 167 4094 gip
180 4012 225 4071 καὶ
238 4015 322 4072 ἐκεῖνο
338 4010 493 4092 ἐσταυρώθη
514 4010 560 4070 καὶ
579 4009 681 4092 ἑτάρη,
701 4012 748 4072 καὶ
770 4011 829 4072 τότε
884 4024 950 4069 tunc
959 4009 1099 4068 moriatur.
1116 4011 1146 4071 si
1161 4011 1256 4073 vivens
1269 4029 1384 4089 maneat,
1391 4019 1446 4076 'non
1467 4017 1627 4095 tnncvivet;

55 4101 167 4177 ἀνέστη.
884 4101 908 4161 si
921 4101 1059 4178 moriatur,
1071 4115 1135 4162 tunc
1145 4103 1229 4165 vivet.
1241 4104 1299 4164 Hoc
1310 4105 1391 4166 etiam
1403 4108 1554 4169 eritinilla
1567 4110 1629 4170 nni·

884 4216 961 4257 versa
975 4196 1162 4276 generatione:
1175 4198 1253 4280 prius
1268 4199 1340 4259 enim
1357 4216 1462 4283 oportet
1475 4203 1546 4264 iliud
1558 4206 1629 4266 mori

884 4304 910 4349 et
927 4287 1045 4371 sepeliri,
1063 4305 1089 4350 et
1097 4304 1163 4351 tunc
1176 4290 1328 4354 immortale
1351 4293 1420 4354 fieri.
1436 4296 1495 4357 Hoc
1504 4297 1586 4359 etiam
1599 4299 1628 4359 in

884 4380 993 4441 lavaero
1005 4381 1109 4441 evenit:
1121 4367 1284 4444 crucifixum
1302 4385 1379 4467 prius
1391 4407 1423 4446 ac
1434 4386 1570 4470 sepultum
1576 4404 1628 4466 est,

883 4484 910 4531 et
936 4486 1001 4532 tunc
1023 4473 1181 4534 resurrexit.
1207 4475 1266 4535 Hoc
1289 4477 1363 4536 etin
1384 4479 1629 4542 Dominiooetiam

883 4581 1014 4641 corpore:
1031 4560 1197 4622 crucifixum
1210 4583 1326 4643 namque
1340 4563 1407 4625 illud
1425 4566 1477 4627 fuit
1496 4582 1522 4629 et
1531 4568 1628 4651 sepul-

881 4662 952 4725 tum,
964 4662 1081 4727 tuncque
1095 4651 1253 4710 resurrexit.
1349 4674 1352 4681 ·

54 4840 141 4895 αὐτῶν
157 4837 281 4909 διηνεκῶς
303 4836 367 4895 αὐτὸ
383 4835 566 4916 νεκρώσωμεν.
580 4836 651 4916 Οὐχὶ
668 4836 716 4910 τήν
735 4835 826 4896 οὐσίαν
879 4835 932 4896 bus
948 4850 1080 4918 perpetuo
1102 4837 1194 4919 ipsum
1211 4838 1413 4898 mortificemus.
1427 4841 1488 4901 Non
1503 4841 1628 4902 substan·

53 4926 177 5006 λέγω,μὴ
187 4931 297 5007 γένοιτο,
310 4919 379 4987 ἀλλὰ
394 4928 441 4996 τὰς
454 4927 538 5006 θρμδις
554 4929 602 4996 τὰς
621 4928 663 4988 ε’πδ
679 4928 726 4997 τδις
743 4952 824 5002 πονη-
882 4929 947 4990 tiam
958 4930 1015 5010 ejus
1028 4928 1102 5002 dico,
1116 4930 1195 5006 absit,
1211 4930 1385 5013 sedimpetus
1401 4933 1435 4993 ad
1450 4955 1534 5015 prava
1547 4955 1627 5016 opera

56 5019 104 5097 ρδις
114 5017 221 5098 πράξεις
232 5019 285 5079 Καὶ
301 5019 352 5100 γάρ
366 5019 411 5078 καὶ
425 5024 503 5079 τοῦτο
516 5019 580 5094 ζωὴ,
590 5022 689 5098 μᾶλλον
703 5020 731 5082 δὲ
750 5026 828 5081 τοῦτο
881 5020 1018 5085 ducentes.
1035 5021 1201 5083 Nametboc
1210 5023 1267 5084 vita
1277 5036 1315 5083 est
1325 5045 1335 5102 ς
1345 5023 1400 5084 imo
1409 5023 1462 5085 hoc
1474 5023 1563 5086 solum
1572 5026 1630 5088 vita

90 5189 99 5212 ¹
118 5181 205 5244 ήλιιρεν
214 5175 282 5243 llss.;
293 5181 382 5245 ιίληρεν
393 5173 472 5225 Editi.
