3728 5978
768 554 812 600 or
838 553 1073 603 ευσιιιτιιιιτιι.
1628 530 1700 623 845

131 675 310 755 πολυτίμητος
324 672 489 758 μαργαρίτης
500 671 546 734 κἀλ
557 671 766 755 προσδοκίατῶν
780 677 901 749 ἀθνῶυ,ἡ
956 673 1121 755 exspectatio
1143 672 1276 756 gentium,
1298 673 1463 735 illuminatio
1487 674 1594 755 mundi,
1613 681 1699 758 gratia

131 757 293 838 φωταγωγία
313 762 358 814 τοῦ
377 755 492 830 κόσμου,
505 760 522 827 ἡ
537 754 616 834 χάρις
635 760 653 827 ἡ
674 757 705 814 ix
726 757 779 813 τῶν
792 754 903 836 χειλέων
957 775 992 813 ex
1016 752 1095 814 labiis
1110 752 1264 816 servatoris
1276 754 1360 813 nostri
1384 755 1436 815 Dei
1454 754 1565 832 diffuse,
1585 777 1647 836 quoe
1659 775 1700 820 est

320 857 754 991 ,ι

129 939 278 1074 ἁμίόίρτιῶίι,
292 1000 309 1066 ἡ
322 992 465 1072 ἀνόρθωσις
479 997 531 1052 τῶν
546 956 734 1067 πεπτωίιότωυ,
745 937 901 1090 eiimptm
956 933 1140 1073 meletium
1148 934 1698 1072 dipelanuismstuxiliiimlahorantium,

130 1077 184 1131 τῶν
194 1074 374 1147 poeoniorum]
386 1070 460 1137 έλπίς
471 1075 523 1130 τῶν
539 1072 784 1149 άττηλπισρένων,ή
795 1075 903 1150 βοηθεια
956 1072 1086 1151 gaudium
1091 1071 1289 1152 poenitentium,
1300 1072 1533 1162 persequutionem
1539 1074 1699 1155 patientium

129 1157 184 1211 τῶν
205 1152 450 1228 καταπονουμένων,
464 1155 482 1221 ἡ
496 1151 568 1232 χαρὰ
589 1155 642 1210 τῶν
665 1150 901 1227 μετανοούντων,ἠ
956 1150 1101 1230 iringum,
1109 1151 1154 1211 lex
1164 1150 1296 1211 libertatis
1306 1150 1340 1210 tis
1353 1150 1500 1243 quialieno
1511 1152 1549 1213 im
1599 1153 1699 1216 ’συνὼ-

128 1232 271 1313 καταρυγνλ
293 1235 346 1289 τῶν
365 1229 541 1307 διωκομένων,
560 1229 666 1309 δνόμος
683 1235 732 1303 τῆς
755 1229 903 1310 ἐλευθερίας
956 1228 1104 1309 uiuerent,
1121 1251 1218 1311 sagene
1230 1250 1352 1309 quaenon
1363 1231 1499 1309 interficit,
1575 1233 1700 1297 vivificat

129 1314 184 1369 τῶν
196 1309 493 1386 καταδυναστευομένων
516 1309 568 1369 ὑπὸ
587 1315 632 1369 τοῦ
647 1308 801 1389 ἀλλοτρίου,
816 1314 834 1381 ἡ
849 1333 902 1369 σα·
954 1327 1001 1368 eos
1010 1310 1060 1388 qui
1070 1311 1098 1370 in
1109 1310 1276 1391 salsuginoso
1284 1308 1380 1371 mundi
1391 1310 1486 1391 pelago
1495 1310 1698 1394 demerguntur,

130 1388 199 1468 γιίνη
211 1395 229 1461 ἡ
243 1388 280 1468 μὴ
296 1391 452 1462 θανατῶσα,
471 1388 541 1448 ἀλλά
562 1391 724 1457 ζωοποιοῦσα
737 1387 797 1456 τοῦς
820 1393 847 1448 ἀν
867 1390 902 1466 τῇ
955 1388 1043 1448 fontes
1055 1410 1197 1470 uquarum,
1210 1388 1385 1450 fundamenta
1393 1390 1478 1463 orbis,
1490 1404 1607 1482 quatuor
1618 1393 1700 1455 fluvii

130 1469 238 1549 ἁλμυρᾷ
248 1474 294 1528 τοῦ
311 1467 412 1547 κόσμου
423 1467 542 1546 θαλάσσῃ
554 1467 755 1546 βυθιζομένους,
770 1469 799 1527 αἱ
818 1469 903 1545 πηγαί
975 1468 1003 1526 ui
1011 1489 1046 1527 ex
1057 1469 1314 1550 peradiso,exsaero
1326 1468 1426 1529 teilioet
1439 1469 1540 1530 Christi
1555 1490 1611 1548 ore,
1622 1491 1700 1552 egre-

130 1552 183 1606 τῶν
196 1547 309 1622 ὑδάτων,
329 1546 363 1605 τὰ
384 1546 493 1625 θεμέλια
515 1552 564 1618 τῆς
577 1545 745 1624 οἰκουμένης,
768 1551 793 1607 oi
815 1549 845 1606 ἐκ
857 1553 904 1606 τοῦ
922 1489 1133 1608 ΕδίιιιιῑυτΕια
1169 1548 1217 1608 rtis
1226 1547 1700 1622 dirimerenerandisetintemerutis

130 1626 291 1706 παραδείσου
309 1631 355 1686 τοῦ
381 1626 455 1702 ἀγίαι
471 1624 601 1702 στόματος
622 1632 668 1684 τοῦ
689 1626 806 1705 Χριστοῦ
819 1628 903 1684 exro-
955 1626 1112 1705 evangeliis,
1165 1627 1700 1709 mentiterumoumtimoreterreuiange·

131 1706 266 1784 ρευόμενοι
290 1705 416 1785 τέσσαρες
435 1704 561 1782 ποταμοί.
586 1704 639 1764 Καὶ
654 1702 826 1785 ἀναχθέντων
849 1710 903 1764 τῶν
955 1703 1251 1795 limempesaoerdotos,
1260 1705 1298 1766 ad
1309 1706 1453 1798 populum,
1461 1707 1654 1769 Attendamus:
1670 1708 1699 1768 id

130 1784 207 1844 θείων
221 1785 267 1844 καί
276 1789 380 1846 σεπτῶν
394 1783 440 1843 καί
453 1784 592 1863 ἀχραίντων
602 1784 769 1862 εὐαγγελίων,
780 1784 905 1866 κράζουσι
955 1796 1005 1859 est,
1018 1783 1155 1845 Hiemem
1169 1786 1309 1865 cujusque,
1323 1786 1368 1845 bre
1383 1785 1465 1846 oordu
1476 1787 1608 1866 omnium,
1621 1808 1699 1848 nemo

129 1865 211 1925 παλιν
233 1865 301 1943 μετὰ
343 1864 404 1924 tto
430 1868 455 1923 οῖ
481 1863 591 1941 ἐπίγειοι
624 1864 749 1941 ἄγγελοι,
778 1867 803 1923 oi
825 1868 849 1923 ίε
868 1873 904 1932 εῑς
955 1862 1359 1956 arolet,nemocir·cumspieiat‚
1372 1885 1451 1924 nemo
1464 1880 1592 1927 susurret
1606 1870 1699 1927 Attou-

131 1944 215 2023 φημί,
236 1945 301 2024 πρός
314 1887 359 2003 riv
376 1941 452 2012 λαδν,
469 1948 643 2022 πρυσχῶμεν·
657 1941 800 2018 τουτέστιν,
821 1886 874 2002 bie
889 1949 903 2005 ό
955 1939 1060 2017 dumus,
1076 1944 1151 2002 Deus
1165 1956 1206 2003 eet
1222 1963 1272 2022 qur
1283 1943 1403 2021 loquitur
1415 1966 1422 2000 τ
1436 1943 1620 2006 αῖῑσιιόαιιιιισι
1635 1966 1699 2006 nam

129 2028 190 2089 νοῦς
212 2024 338 2098 ἑκάστου,
360 2012 412 2082 ὧδε
428 2025 456 2082 αί
470 2023 577 2099 καρδίαι
599 2023 714 2095 πάντων,
736 2021 829 2100 μηδείς
851 2047 902 2103 με·
954 2021 1698 2104 Rexoelietterraeomnisqueereaturaenoetlloqnimrt

130 2101 309 2183 τεωριζέσθω,
330 2102 421 2180 μηδείς
442 2101 662 2199 περιάλεπέσθω,
686 2101 777 2178 μηδείς
798 2103 902 2183 ψιθυρι·
953 2100 1302 2162 attendamus2Past0rma
1341 2101 1545 2163 usulimentum
1558 2104 1699 2165 vittenni·

132 2180 225 2249 ζέσθω.
239 2182 414 2263 Προσχῶμεν,
435 2184 503 2248 Θεος
515 2186 530 2240 ό
542 2182 647 2239 λαλῶν·
669 2183 839 2261 προσχῶμεν,
860 2186 903 2242 οῦ·
953 2181 1050 2240 mabus
1063 2179 1215 2242 distribuit:
1228 2121 1409 2240 uttenffimust
1424 2181 1471 2259 qui
1485 2195 1600 2242 mortem
1616 2183 1699 2244 inta-

130 2265 210 2339 ρανοῦ
221 2259 272 2340 γὰρ
283 2263 328 2319 καί
341 2264 391 2340 γῆς
399 2259 445 2318 καί
454 2260 542 2331 πάσης
555 2259 823 2338 κτίσεωςόβσσιλεὺς
836 2262 903 2340 πρὸς
953 2259 1018 2318 emit
1030 2272 1056 2320 et
1067 2258 1286 2337 mundumrieit‚
1296 2257 1428 2338 gaudium
1442 2259 1699 2333 immensumetre-
1804 2333 1806 2336 Α

130 2344 203 2416 ἡμᾶς
216 2339 382 2421 διαλέγεται·
394 2343 563 2421 προσχῶμεν,
577 2337 701 2417 όποιμλν
713 2344 727 2399 ό
740 2339 823 2420 μέγας
838 2363 902 2419 τρο-
972 2359 1037 2397 uum
1049 2339 1132 2398 linem
1147 2359 1200 2398 non
1213 2338 1315 2398 habens
1325 2337 1404 2397 uobis
1414 2337 1471 2397 indi
1492 2339 1534 2398 nis
1545 2339 1698 2421 pollicetur.

131 2418 182 2499 ρὴν
193 2421 262 2490 ζωῆς
273 2422 367 2556 ψυχῶν
377 2419 510 2495 διανέμει·
521 2420 693 2498 προσχῶμεν,
706 2423 721 2478 ό
734 2418 779 2478 τόν
789 2419 901 2479 θάνατον
952 2357 979 2480 5
993 2416 1305 2498 incomprehensibilem,
1323 2437 1340 2476 o
1361 2359 1568 2479 inuenietur
1577 2418 1700 2512 benigni·

129 2497 274 2636 ρονεόσρς,
287 2498 395 2636 καιλετγδν
408 2497 507 2634 κόσμρν
526 2498 636 2570 νικήσας
631 2541 661 2635 ἀ
668 2497 755 2635 χαρίεν
770 2498 901 2634 άτρλήρω-
951 2497 1049 2636 giemi
1061 2497 1143 2571 Quod
1136 2497 1216 2636 Dipse
1232 2495 1565 2636 lnllsibill⁸’immemui’
1577 2518 1699 2559 omnium

130 2576 902 2736 {melitiibleiii‘lml‘puiiibliilss
954 2589 1811 2737 mlilfluituoeitmeiiuilslifflienuwcleieiiuli’leiti-⁹pepp.
1825 2682 1847 2713 2.

128 2735 153 2792 ὢ
166 2740 213 2808 τῆς
232 2736 422 2814 ἀνεκδιηγήτου
433 2733 604 2813 ἀγαθότητος.
620 2734 687 2794 Ὅτι
701 2733 804 2803 αὐτδςό
820 2735 901 2816 ἀόρα-
910 2759 948 2799 σει
954 2736 1051 2795 σιτίσαι
1064 2750 1090 2796 et
1103 2734 1286 2794 infernorum:
1304 2756 1356 2794 non
1369 2735 1570 2816 perurgemur,
1584 2757 1638 2798 non
1651 2758 1699 2819 per
1711 2744 1748 2776 ¹⁰·

130 2836 190 2889 τος,
205 2819 220 2874 θ
234 2814 419 2895 ἀχῶρητος,ό
436 2814 543 2873 πάντων
566 2814 723 2893 δημιουργὸς
734 2813 780 2874 καί
794 2815 900 2875 Δεσπό-
920 2815 1107 2896 *Seraphim
1125 2814 1170 2875 rel
1183 2835 1230 2895 per
1248 2813 1333 2873 elium
1375 2817 1511 2895 uempiam
1531 2815 1696 2893 ministrum,

130 2916 194 2968 της,
207 2894 235 2953 όν
245 2894 350 2976 φρίσσει
361 2899 375 2954 ό
388 2893 494 2971 οὖρανδς
503 2893 576 2966 καὶὴ
591 2898 625 2972 γῆ
640 2893 685 2952 καί
699 2897 717 2964 ἡ
731 2885 901 2976 θιίλασσα,ᾧ
954 2893 1001 2954 συθ
1018 2915 1066 2975 per
1081 2894 1255 2974 semetipsum
1271 2914 1320 2953 nos
1330 2835 1456 3028 ἱιιδίχροσ
1466 2894 1628 2972 alloquatur,
1644 2895 1698 2956 im-

129 2974 312 3051 supertexitur
328 2972 389 3052 γόνυ
411 2972 573 3051 ἐπουρανίων
591 2973 639 3030 καλ
661 2971 783 3049 ἐπιγείου
794 2973 840 3032 καλ
853 2996 902 3032 κα·
973 2972 1031 3032 lens
1047 2972 1216 3054 prophetiam
1237 2971 1312 3030 lsoiae
1330 2993 1380 3052 pro
1419 2984 1468 3031 etae
1488 2971 1848 3045 dioentistllonnat.35.4.

130 3053 285 3131 ταχθονίων,
298 3054 371 3113 αὖθί
385 3051 496 3130 ἀγγέλου
516 3050 534 3121 ὴ
556 3051 600 3111 διὰ
616 3054 670 3110 τῶν
684 3052 850 3133 Σεραρείμῆ
865 3055 899 3112 δι’
954 2994 1078 3132 legatus,
1098 3072 1158 3110 non
1181 3052 1315 3132 angelus,
1334 2993 1398 3110 τεά
1403 3055 1465 3130 ipse
1486 3052 1631 3114 nomime
1646 3074 1698 3113 oe·

130 3131 210 3190 ιίλλου
221 3133 290 3199 τινὸς
300 3137 464 3212 λαιτουργοῦ,
480 3132 538 3188 ἀλλ’
552 3131 629 3196 αὐτὸς
648 3132 684 3189 δι’·
700 3133 793 3190 ἑαυτοῦ
808 3132 900 3192 διαλέ-
955 3136 1026 3207 niet,
1041 3145 1072 3191 et
1083 3133 1216 3191 salvabit
1227 3150 1297 3205 nos„
1309 3128 1444 3190 Similiter
1456 3143 1483 3190 et
1496 3131 1588 3192 David
1600 3131 1653 3191 lue
1663 3131 1699 3192 de

130 3231 206 3285 γεται
219 3211 283 3288 πρδς
296 3212 438 3289 ἡμῦςτοῦς
453 3207 583 3283 ἀναξίως,
604 3212 713 3292 πληρῶν
727 3208 776 3281 τλν
797 3233 901 3310 προρη-
954 3231 984 3270 te
1001 3209 1193 3289 prenuntiuvit
1213 3207 1328 3269 dicens:
1350 3211 1418 3289 Ipse
1437 3210 1583 3270 Dominus
1609 3232 1699 3272 enar·
1708 3219 1849 3270 Ριαίθῦθ.

130 3287 202 3347 τείαν
218 3288 329 3349 Ἡσαΐου
348 3297 395 3350 τοῦ
410 3287 547 3370 προφήτου
565 3286 700 3367 λίγοντος·
715 3290 757 3348 Οὐ
770 3291 899 3370 πρεσόυς,
954 3292 1033 3349 rabit
1046 3293 1234 3369 inscriptura
1250 3289 1434 3371 populorum.
1447 3288 1633 3362 Quamobrem
1642 3290 1699 3371 ipse

130 3369 176 3427 οῦκ
200 3369 325 3448 ἄγγελος,
348 3372 407 3427 ἀλλ’
430 3367 506 3432 αὐτὸς
526 3366 652 3446 όΚιίριος
671 3367 729 3438 ἥξει
752 3369 798 3427 καί
821 3369 901 3430 σώσει
955 3381 1064 3428 sanetus
1080 3369 1217 3449 apostolus
1239 3388 1288 3427 nos
1310 3365 1400 3426 uerius
1424 3368 1558 3445 coarguit,
1583 3367 1696 3429 dioens:

131 3451 212 3522 ἡμᾶς.
227 3447 344 3526 Ὁμοίως
357 3447 385 3507 δὲ
401 3448 446 3506 καί
463 3447 548 3506 Δαυλδ
560 3446 621 3525 περὶ
633 3445 726 3506 τούτου
740 3448 902 3530 προεκήρυξε
955 3449 1118 3526 Propterea
1130 3446 1329 3507 abundantius
1343 3459 1455 3525 oportet
1464 3447 1617 3508 observare
1632 3469 1698 3524 nos,
1709 3462 1776 3508 θεον.
1790 3476 1815 3508 ι.
1826 3471 1845 3507 ι.

130 3526 223 3604 λέγων,
246 3525 287 3584 ότι
312 3528 430 3593 Αὐτδςό
456 3526 551 3605 Κυρίας
572 3527 726 3605 διηγήσεται
752 3527 781 3584 ἀν
811 3533 901 3609 γραρῇ
973 3539 1065 3606 ruptor
1073 3527 1221 3586 Dominum
1229 3526 1390 3604 loquentem.
1401 3526 1473 3585 Num
1483 3526 1699 3607 sisermoquem

129 3606 211 3664 λαῶν.
224 3605 413 3687 Ὅθενόίερδς
434 3605 578 3672 ἀπόστολος
600 3603 800 3683 καθαπτόμενος
823 3611 900 3683 ἡμῶν
1003 3619 1085 3665 uutus
1101 3619 1173 3666 esta
1210 3604 1269 3664 elus
1282 3604 1378 3663 firmus
1390 3605 1453 3677 tuit,
1466 3618 1492 3665 et
1503 3605 1592 3666 omnis
1610 3620 1697 3668 treus-

129 3684 364 3767 ἐντρεπτικῶτερον
375 3686 489 3765 ἔγραψε,
501 3684 600 3762 λέγων·
612 3683 664 3743 Διά
677 3690 755 3745 τοῦτο
763 3686 802 3745 δεῖ
813 3709 903 3766 περισ·
955 3685 1057 3764 gressio
1070 3698 1096 3745 et
1109 3623 1289 3744 inobZlientia
1301 3682 1398 3742 ultioni
1412 3685 1533 3765 subjectu
1547 3684 1618 3744 tuit:
1631 3707 1698 3765 quo·

127 3764 242 3844 σοτέρως
255 3770 327 3840 ἡμᾶς
338 3765 478 3845 προσέχειν
493 3763 536 3822 διὰ
549 3765 594 3822 τὸν
607 3766 737 3823 λαλοῦντα
752 3765 856 3847 Κύριον.
867 3767 901 3825 Εἰ
955 3763 1036 3824 modo
1049 3784 1097 3824 nos
1108 3764 1277 3843 effugiemus,
1295 3763 1342 3841 qui
1359 3775 1461 3822 tanum
1481 3762 1595 3824 sulutem
1608 3768 1699 3843 negle-

130 3843 282 3922 γάρόδίά
317 3845 376 3903 ελου
386 3843 509 3914 λαληθεὶς
519 3841 595 3922 λόγος
605 3843 708 3922 ἐγένετο
723 3843 842 3924 βίόαιυς,
856 3843 902 3903 καί
954 3844 1057 3915 ximus,
1071 3864 1132 3921 que
1145 3842 1256 3902 eumeb
1270 3838 1329 3921 ipso
1342 3842 1459 3901 Domino
1472 3843 1629 3903 annuntiata
1639 3846 1698 3904 lue-

130 3932 204 3981 πᾶσα
220 3870 370 4002 παράόασις
383 3924 428 3982 καλ
439 3922 562 4001 παρακοὴ
575 3921 667 3982 tiemo
689 3922 789 3983 ἔνδικον
802 3929 901 4002 μισθα-
955 3923 991 3982 rit
1003 3921 1170 3997 abiniti07ab
1178 3921 1245 4002 ipsis
1250 3920 1298 3998 qui
1307 3920 1536 3995 audierantmobis
1542 3923 1699 3982 confirmata

129 4000 267 4076 ποδοσίαν,
288 4007 345 4071 πῶς
369 4008 446 4082 ἡμεῖς
466 4000 640 4082 ἐκφευξόμεθα
660 4001 821 4075 τηλικαύτης
834 4006 901 4080 ἀμε-
920 4000 1183 4080 ΒίιιίιάΡτοριεινα
1244 4013 1297 4060 rtet
1305 3997 1696 4061 nosobundantiusobserrare.

132 4080 258 4150 λήσοντες
270 4083 417 4164 σωτηρίας,
432 4081 490 4153 ἥτις
513 4081 599 4160 ἀρχὴν
625 4080 743 4140 λαθοῦσα
763 4083 902 4141 λαλεῖσθαι
956 4081 1023 4156 Cur,
1036 4100 1135 4158 queso,
1148 4081 1204 4138 Pau
1218 4079 1254 4138 e?
1268 4078 1341 4150 Quia
1354 4098 1407 4136 non
1463 4100 1477 4137 τ
1489 4078 1627 4159 angelum,
1649 4101 1697 4140 nec

131 4159 175 4219 διὰ
190 4167 235 4219 τοῦ
249 4162 361 4242 Κυρίου,
383 4161 436 4220 ῦπδ
457 4165 510 4219 τῶν
524 4159 691 4219 ἀκουσάντων
706 4162 743 4229 είς
753 4165 826 4239 ἡμᾶς
845 4160 902 4220 tte·
955 4180 1004 4298 ρει
1017 4159 1085 4219 alias
1100 4172 1242 4240 potestates
1254 4157 1376 4236 loquitur
1388 4098 1476 4229 nolli,
1493 4171 1524 4217 ut
1533 4157 1630 4239 priscis
1642 4159 1697 4218 illis

131 4239 251 4312 θαιῶθης
267 4240 320 4299 Διά
330 4247 407 4302 τοῦτο
416 4242 455 4300 δεῖ
464 4239 656 4321 περισσοτέρως
667 4245 739 4319 ἡμᾶς
750 4263 772 4298 π
789 4240 900 4321 οσίχειν.
966 4239 1130 4317 oquebutur3
1145 4237 1194 4297 sed
1208 4238 1264 4318 ipse
1275 4236 1433 4316 angelorum
1446 4250 1473 4295 et
1485 4237 1574 4297 omnis
1585 4237 1697 4319 spiritus

131 4318 184 4378 Διά
196 4320 223 4378 τί
237 4319 307 4399 ἄρα,
321 4319 392 4395 εἰπὲ,
406 4322 514 4393 Παῦλε,
527 4320 602 4380 Διότι
622 4321 651 4380 οὗ
667 4320 699 4378 δι’
715 4324 768 4399 ἀγγ
843 4319 901 4381 οὐδὲ
955 4315 1520 4397 Dominusloquitur,enarratetannuntiut
1532 4331 1697 4399 praeoeptum

131 4399 164 4458 δι’
181 4399 268 4458 ἄλλων
289 4405 367 4459 τινῶν
391 4400 527 4478 δυνάμεων
553 4399 700 4477 διαλέγεται
725 4400 790 4481 πρὸς
814 4404 902 4478 ἡμᾶς,
955 4398 1052 4471 Putris,
1067 4417 1116 4456 teu
1125 4394 1359 4486 pauperquitlam.
1374 4394 1505 4466 Quisnon
1518 4397 1696 4457 exbortescit?

132 4478 218 4547 καθὼς
241 4479 287 4538 καί
309 4481 374 4561 πρὸς
397 4479 457 4546 τοὺς
479 4479 621 4559 ἀρχαίους,
638 4479 697 4539 ἀλλ’
722 4479 799 4547 αθτδς
817 4485 831 4540 ό
848 4483 901 4539 τῶν
953 4476 1016 4555 quis
1029 4495 1082 4535 non
1094 4476 1229 4535 miratur?
1242 4475 1303 4554 quis
1319 4494 1372 4533 non
1385 4477 1577 4558 compungitur
1588 4475 1623 4537 de
1636 4490 1697 4536 un-

133 4558 251 4637 ἀγγέλων
277 4559 323 4618 καί
344 4560 432 4632 πάσης
455 4563 537 4628 πνοῆς
563 4557 659 4636 Κύριος
684 4558 832 4639 διαλέγιται
856 4558 901 4618 καλ
954 4555 1112 4616 tebonitute
1125 4569 1153 4616 et
1162 4552 1446 4616 clementiaDomini?

133 4638 261 4716 διηγεῖται
274 4638 320 4698 καί
339 4639 382 4699 δια
418 4638 488 4698 ε’λλει
500 4637 531 4696 τὸ
543 4640 704 4717 πρόσταγμα
715 4644 761 4698 τοῦ
779 4636 901 4716 Πατρός,

132 4715 225 4800 ῶσπερ
234 4741 274 4785 τις
285 4718 375 4789 πένης.
383 4663 439 4786 ἵίίς
452 4721 482 4777 οὐ
493 4716 592 4798 epilam
612 4716 652 4783 τίς
664 4720 693 4776 οὐ
705 4717 850 4795 θαυμάσει,
861 4715 902 4783 τίς

132 4796 160 4858 bl
171 4801 200 4857 οὗ
215 4803 349 4877 κατανυγῇ
361 4799 432 4878 ist-fu
454 4798 568 4876 τοσαύτῃ
591 4797 735 4875 ἀγαθότητι
746 4797 792 4856 καί
804 4819 902 4876 συγκα-

131 4877 243 4937 ταόάσει
254 4883 299 4937 τοῦ
311 4876 512 4958 φιλανθριίνπου;

170 4947 239 5040 Ἆρα
252 4962 337 5016 ταῦτα
356 4957 476 5035 λέγοντες
493 4954 620 5034 πείσομεν
635 4958 651 5013 δ
675 4965 720 5027 uc,
734 4954 753 5026 ἢ
766 4953 816 5014 κάν
829 4976 904 5021 τινας
994 4954 1023 5013 ὅ.
1037 4956 1111 5016 Num
1123 4953 1181 5014 baee
1193 4950 1311 5012 dieentes
1324 4952 1404 5014 robis
1419 4950 1651 5035 persuadebimus,
1667 4967 1699 5015 ut

133 5039 163 5094 ἐκ
172 5042 217 5096 τοῦ
231 5038 363 5112 πλήθους,
378 5035 570 5117 περισσοτέρως
579 4981 721 5115 προσέχειν
730 5037 768 5114 τῷ
781 5035 903 5093 λαλοῦντι
954 5033 1048 5093 saltem
1059 5033 1171 5112 quidam
1180 5031 1398 5093 exmultitudine
1406 5032 1552 5093 studiosius
1560 5031 1699 5094 attendant

134 5117 213 5193 Θεῷ,
236 5117 362 5175 Πιστεύω
378 5106 445 5175 εἶναι
464 5115 578 5182 πολλοὺς
595 5113 623 5181 tt
637 5118 711 5192 ὑμῶν
726 5112 808 5194 προσέ
828 5136 904 5181 οντας
956 5114 1014 5171 Deo
1027 5113 1164 5191 loquenti?
1176 5111 1263 5172 Credo
1274 5113 1374 5173 multos
1387 5134 1422 5172 ex
1432 5113 1509 5173 robis
1521 5133 1588 5189 esee,
1601 5113 1648 5191 qui
1657 5114 1698 5173 di·

134 5192 255 5269 έμπόνως
277 5196 323 5254 καί
341 5195 558 5274 ἀμετεωρίστως·
576 5193 668 5260 οίτινες
688 5193 734 5253 καί
747 5198 905 5253 ἀκουσονται
921 5219 940 5268 c
956 5191 1069 5270 ligentur
1078 5191 1229 5263 attendunt,
1240 5213 1288 5251 nee
1298 5192 1352 5251 alio
1360 5207 1507 5253 avocantur
1517 5215 1523 5249 :
1533 5192 1580 5270 qui
1589 5193 1700 5253 audient

134 5279 180 5331 τοῦ
195 5273 292 5352 {lupius
304 5276 370 5357 πρός
383 5274 515 5335 τδνΠατέ
533 5273 700 5352 αλέγοντος,
714 5273 820 5333 &illul
834 5264 905 5332 οὗτοι
956 5271 1105 5333 Dominum
1122 5271 1197 5330 Patri
1210 5270 1360 5331 dicentttn:
1373 5276 1416 5331 Hi
1431 5273 1615 5343 crediderumt
1629 5278 1779 5354 quiaeoan.
1814 5301 1848 5347 ιγ.

135 5352 303 5430 ἐπίστευσαν,
326 5354 367 5415 ὅτι
381 5353 413 5416 σιί
428 5378 462 5435 με
476 5359 493 5416 ἀ
529 5357 650 5422 στειλας·
664 5354 777 5435 Πάτερ,
789 5352 904 5434 τίρησον
958 5365 989 5411 tu
1003 5373 1050 5411 me
1061 5355 1182 5412 misisti:
1191 5354 1298 5427 Pater,
1310 5373 1396 5416 serva
1405 5373 1453 5413 eos
1466 5356 1499 5411 ιἰι
1513 5356 1630 5413 nomine
1642 5366 1700 5413 teo.
1711 5358 1735 5406 θ·
1750 5370 1786 5400 ¹¹·
