3742 5970
641 429 803 478 nnrsrona
831 430 876 479 in
902 431 1098 482 uouicuos.
1577 419 1649 512 937

75 553 173 628 Ἰησοῦ
182 551 292 635 Χριστί,
302 551 410 629 ίλίηοόν
423 575 472 635 μγ,
483 555 507 613 εί
515 551 560 612 καλ
572 550 610 631 μή
624 557 704 612 κινῶν
718 553 752 613 τό
760 553 852 634 χείλη,
862 552 898 592 ⁸³⁹
926 554 967 630 tii,
981 554 1010 615 in
1023 555 1114 616 medio
1127 558 1238 639 Moyses
1250 556 1320 618 nihil
1340 557 1451 637 loquens
1463 582 1470 616 τ
1482 572 1509 619 et
1528 557 1596 620 dicit
1609 562 1651 621 illi

77 632 153 693 άλλδ
176 637 210 713 τῇ
226 633 328 714 διανοίφ
350 635 433 712 βοῶν·
449 632 495 691 καί
517 630 679 692 σιωπώντων
693 631 744 713 γδρ
763 632 854 694 ἀκούει
870 609 891 654 Δ
907 576 981 693 licus
994 658 1001 691 ε
1016 637 1095 726 Quid
1109 637 1223 697 clamas
1244 639 1285 697 ad
1297 645 1366 696 me?
1383 639 1419 697 Et
1431 653 1459 697 tu
1474 638 1569 719 igitur,
1588 662 1652 701 cum

76 713 188 780 δΘεός.
204 716 245 774 Οὐ
269 715 387 786 ζητεῖται
408 710 501 788 τόπος,
516 710 585 770 etit
606 713 715 792 τρόπος·
730 712 780 772 κδν
802 711 854 793 γδιρ
907 713 1018 773 tentatio
1030 736 1057 773 tn
1076 716 1143 792 ruit,
1158 715 1192 774 ad
1204 719 1293 776 Deum
1307 717 1430 796 confuge,
1446 719 1595 779 Dominum
1606 723 1652 781 Je-

77 789 183 852 όπουπε
212 791 243 852 ἂν
256 784 302 873 ής,
314 792 406 873 εὔχου·
422 791 483 860 ναδς
496 782 537 867 εί,
551 790 588 867 μὴ
602 793 674 865 ζήτει
686 789 776 851 τόπον.
790 791 853 850 θά-
908 813 966 850 sum
976 736 1223 854 vocaitumhomo
1236 809 1287 873 est,
1298 810 1328 855 ut
1341 796 1432 855 locum
1451 799 1597 875 quemdam
1607 820 1652 880 pc-

77 874 171 934 λασσα
204 896 217 929 ν
238 873 395 976 ἔμπροσθεν,
414 871 521 931 όπισθεν
537 871 693 951 Αἰγύπτιοι,
707 871 752 931 καλ
774 869 853 949 μέσον
906 871 1154 954 tasi'Deussemper
1162 896 1246 956 prope
1254 876 1449 936 estAdltucte
1460 877 1597 958 loquente
1606 880 1651 937 di·
1661 899 1719 945 lsai.
1729 892 1799 954 ⁵⁸·9·

77 953 225 1024 ilduini<
239 954 321 1030 μηδεν
330 953 434 1011 λαλῶν·
449 950 494 1010 καί
505 948 577 1028 λίγει
586 951 651 1031 πρὸς
661 951 739 1010 αὐτόν
750 949 855 1023 όΘεός,
907 964 959 1023 cet,
968 954 1046 1011 Ecce
1054 954 1168 1012 adsum.
1177 955 1305 1014 Nondum
1313 954 1391 1016 linita
1405 957 1524 1016 oratione
1536 957 1593 1039 ipsc
1604 957 1653 1019 dat

79 1028 123 1091 Τί
136 1035 200 1114 βσβς
213 1032 279 1112 πρός
292 1054 339 1108 με,
351 1028 451 1092 tentet
466 1029 552 1090 τοίνυν
564 1027 626 1089 όταν
637 1053 734 1112 πειρασ
796 1030 854 1087 ίπι-
907 1028 1021 1108 idquod
1029 1031 1139 1112 petitur.
1154 1033 1184 1093 Si
1193 1034 1266 1093 enim
1274 1034 1497 1094 mentemhahcas
1504 1058 1602 1118 puram
1616 1038 1653 1099 ab

77 1115 148 1192 τεδῇ
162 1134 220 1184 σοι,
233 1110 278 1170 ίπλ
292 1109 418 1170 τόνΘεδν
435 1109 687 1188 κατάφυγε,τδνΔε
740 1131 788 1182 την
799 1107 855 1181 Ἰη-
906 1108 1033 1169 absurdis
1059 1111 1654 1190 assionihus,licetiniero,licetinvia,lieet

79 1193 147 1250 τοῦτ
156 1193 277 1252 κάλεσον.
288 1189 335 1262 Μή
344 1188 540 1270 γδράνδρωπός
549 1189 630 1261 ἐστιν,
642 1187 807 1267 ίναάπίλθης
818 1192 855 1255 εἰς
907 1189 936 1247 in
946 1189 1025 1266 mari,
1041 1133 1106 1250 licet
1115 1191 1144 1251 in
1153 1191 1311 1266 diversorio,
1327 1194 1370 1255 vel
1384 1193 1549 1274 ubicumque
1559 1197 1654 1272 fueris,

79 1267 181 1345 τόπον,
190 1269 225 1330 Ὁ
244 1267 314 1337 Θεδς
326 1268 368 1328 ἀεὶ
385 1267 463 1348 ίγγός
482 1272 564 1329 ἐστιν.
575 1266 639 1328 Ἔτι
654 1273 702 1327 σοῦ
713 1270 855 1334 λαλοῦντος
906 1267 930 1327 si
937 1269 1027 1330 Deum
1038 1269 1154 1347 invoces,
1164 1273 1336 1353 rempctitam
1346 1273 1584 1365 consequipoteris.
1597 1277 1654 1336 Sae-

80 1349 152 1450 ἒριῖ,
165 1348 220 1410 ἰδοὺ
229 1348 352 1436 πάρειμι.
362 1347 477 1409 Οὐδέπω
487 1349 570 1414 τελεῖς
582 1346 629 1419 τήν
646 1347 738 1428 εὐχὴν,
747 1347 795 1407 καὶ
807 1349 855 1406 αὐ·
907 1368 952 1438 pe,
964 1348 1078 1427 inquies,
1113 1351 1169 1426 etii,
1179 1372 1227 1411 nec
1236 1352 1336 1433 accepi.
1347 1354 1425 1412 Certe
1432 1353 1572 1432 qutamalc
1581 1354 1653 1447 peti·

80 1450 129 1496 τος
141 1428 191 1501 τήν
205 1427 310 1501 σίτησιν
321 1426 438 1487 δίδωσιν.
453 1426 520 1487 ’etv
533 1425 585 1506 γδιρ
596 1425 644 1498 τήν
658 1425 775 1486 διάνοιαν
791 1427 855 1524 ἔχῃς
907 1426 962 1500 isti,
978 1440 1025 1486 aut
1036 1372 1192 1506 infiletiter,
1202 1431 1384 1512 aut-superbe,
1402 1446 1449 1491 aut
1464 1452 1525 1524 que
1537 1434 1589 1494 tibi
1600 1455 1656 1495 nou

80 1507 279 1590 καθαρεύουσαν
300 1511 353 1566 τῶν
373 1506 478 1567 ἀτόπων
495 1511 598 1579 παθῶν,
609 1505 658 1565 κδν
672 1509 700 1566 ίν
714 1510 798 1589 ἀγορᾷ
809 1532 855 1589 ῃς,
909 1504 986 1566 utilia
995 1509 1208 1569 erantzetiamsi
1221 1531 1286 1571 vem
1297 1531 1368 1592 saepe
1379 1511 1429 1571 tihi
1441 1511 1519 1571 utilia
1529 1513 1655 1593 petieris3
1684 1568 1688 1575 .
1722 1556 1727 1568 ·
1805 1534 1845 1593 „f-

81 1583 257 1668 κάνίνόδῷ,
272 1584 791 1667 κδινίνθαλάσση,κδνίνπανδοχείφ,
806 1588 855 1648 κᾶν
908 1598 936 1645 at
956 1606 1010 1646 non
1027 1589 1212 1667 perseverasti.
1236 1589 1375 1673 Scriptum
1391 1604 1431 1650 est
1451 1590 1591 1653 enim:lr't
1601 1612 1773 1674 pre-nume.
1834 1606 1837 1611 '

81 1663 246 1746 όπσνπαράν
264 1658 310 1746 ής,
324 1663 423 1745 δυνήσῃ
446 1665 573 1728 τὸνθεόν
588 1663 702 1734 καλέσας
720 1668 856 1747 ἐπιτυχεῖν
909 1667 1015 1725 tientia
1031 1680 1133 1726 vestra
1142 1671 1329 1747 possidebitis
1340 1673 1458 1729 animas
1468 1683 1584 1732 vestras
1591 1695 1603 1742 ,·
1619 1686 1655 1747 et,
1668 1689 1703 1736 ¹9·
1812 1728 1819 1740 ,

81 1748 133 1818 τ’ής
146 1745 285 1818 αἰτήσεως.
298 1745 447 1819 Πολλάκις,
476 1742 659 1819 ησλν,ήτησα,
673 1742 718 1804 καί
735 1748 782 1805 οὐκ
795 1747 857 1807 ίλα·
913 1745 971 1822 Qui
981 1751 1210 1824 perseveraverit
1225 1768 1316 1830 ιετφαε
1330 1752 1363 1808 in
1370 1749 1478 1828 finem,
1495 1752 1542 1810 etc
1555 1752 1656 1812 salvus
1668 1763 1753 1809 οιιιιε.
1768 1772 1805 1807 ιο.

82 1821 142 1884 6ον.
154 1823 282 1898 Πάντως,
295 1825 337 1887 ότι
347 1828 436 1891 κακῶς
448 1769 577 1905 ήιησαςή
593 1821 738 1896 άπίστωςή
753 1825 857 1902 μιτεώ-
874 1829 892 1876 B
910 1827 976 1913 erit.
992 1824 1064 1882 Nam
1074 1823 1127 1884 nisi
1139 1845 1201 1885 enm
1211 1825 1304 1886 labore
1314 1840 1340 1887 et
1351 1829 1548 1908 perseverantia
1560 1851 1658 1910 magna
1667 1840 1706 1873 ²²·

83 1927 139 1984 ρως
152 1903 170 1976 ἢ
182 1904 216 1965 τδ
229 1903 266 1984 μή
282 1903 450 1985 συμφέροντά
464 1927 519 1963 σοι·
534 1905 558 1963 εἰ
579 1903 607 1962 δὲ
623 1901 669 1962 καὶ
690 1903 858 1985 συμφίροντα
909 1901 1029 1982 petieris,
1042 1923 1096 1963 non
1109 1904 1234 1985 accipies.
1249 1906 1342 1966 Primo
1352 1906 1425 1966 onim
1438 1921 1542 1988 oportet
1552 1908 1659 1970 deside·

82 1983 215 2051 πολλάκις
233 1983 348 2057 ήτησας,
372 1984 431 2042 ἀλλ’
453 1985 483 2043 οὐ
506 1982 677 2062 παρίμεινας.
704 1982 858 2063 Γέγραπται
910 2001 979 2057 rare,
1002 1994 1029 2040 et
1047 2003 1111 2042 cum
1130 1982 1263 2044 desiderio
1276 2006 1311 2045 ex
1331 1985 1445 2047 veritate
1465 1987 1533 2047 etin
1552 1988 1608 2049 lide
1627 2010 1659 2049 ac

83 2060 154 2143 γάρ·
180 2047 285 2136 Ἐνίἥ
307 2068 427 2142 ὑπομονῇ
451 2067 523 2140 ὑμῶν
545 2061 678 2135 κτήσααθε
701 2061 748 2130 τδις
771 2062 860 2144 ψυχάς
911 2059 1041 2140 patientia
1062 2082 1183 2140 querere
1192 2085 1242 2138 ea,
1267 2085 1329 2154 φατε
1352 2065 1469 2144 singulis
1492 2066 1658 2145 conducunt,

83 2144 179 2218 ὑμῶν·
193 2141 254 2216 καί,
265 2129 300 2204 ‘0
314 2140 458 2221 ὑπομείνας
467 2145 504 2209 είς
516 2133 691 2214 τίλας,οότος
700 2140 859 2213 σωθήσεται.
912 2160 965 2198 non
984 2153 1010 2199 te
1030 2156 1172 2202 accusante
1193 2143 1366 2222 conscientia,
1386 2144 1461 2223 quod
1479 2147 1660 2226 perfunctorie

85 2219 155 2282 ’Etr
167 2221 219 2303 γδρ
230 2224 277 2282 citit
296 2221 408 2300 αἰτήσῃς
428 2220 496 2299 μετά
510 2219 631 2299 καμάτου
645 2219 691 2279 καλ
704 2224 861 2303 παραμονῆς
912 2231 939 2277 et
950 2218 1114 2299 negligenter
1126 2235 1202 2302 petas
1214 2245 1221 2279 ε
1233 2235 1297 2283 tunc
1308 2223 1437 2304 accipies,
1450 2246 1512 2284 cum
1524 2227 1599 2285 Deus
1612 2249 1660 2287 vo-

84 2303 206 2375 πολλῆς,
226 2303 256 2360 οδ
274 2300 429 2381 λαμόάνεις.
441 2304 488 2361 Διῖ
509 2299 545 2376 γδ
580 2323 601 2358 π
632 2323 661 2359 τε
693 2306 860 2374 νποθῆσαι,
911 2297 960 2357 let.
983 2299 1054 2358 Nam
1074 2299 1124 2371 ille
1134 2301 1230 2361 melius
1243 2315 1367 2380 quamtu
1380 2301 1510 2380 videtea,
1530 2326 1589 2383 que
1608 2307 1661 2366 tibi

85 2378 283 2454 ποδήσανταδδ
297 2379 447 2453 ζητῆσαιόξ
462 2323 586 2452 ἀληθείας
635 2323 724 2439 nicio
737 2379 861 2440 καίόπο-
913 2377 992 2437 utilia
1010 2391 1072 2438 sunt
1087 2402 1093 2436 ε
1106 2392 1132 2438 et
1146 2379 1332 2471 ideoul'ortasse
1344 2380 1445 2461 differt,
1466 2384 1612 2445 uttehinc
1624 2386 1661 2446 ad

87 2462 158 2539 μονῇ
181 2458 216 2520 τδι
229 2459 312 2520 ίκάστ
349 2456 532 2542 συμφέροντα,
548 2461 575 2518 ἐν
596 2459 690 2537 μηδενὶ
709 2458 862 2541 κρινόμενος
912 2458 1141 2537 perseverandum
1160 2473 1294 2541 sapienter
1316 2460 1430 2540 alliciat,
1463 2476 1495 2523 ut
1516 2484 1661 2543 cognoscas

85 2537 140 2600 ίσπό
158 2544 204 2600 τοῦ
223 2483 384 2613 συνειδότος,
399 2542 436 2606 ὡς
456 2541 561 2615 ἀμελῶς
583 2536 601 2608 ἢ
626 2538 748 2618 ῥᾳθύμως
762 2543 860 2598 αἰτῶν·
914 2535 980 2615 quid
1000 2535 1036 2596 sit
1048 2536 1152 2599 donum
1163 2539 1225 2616 Dei,
1244 2553 1271 2600 et
1290 2548 1354 2601 cum
1367 2539 1464 2600 timore
1479 2543 1617 2605 custodias
1630 2545 1661 2605 id

85 2618 134 2677 καλ
148 2617 208 2679 τότε
221 2617 382 2698 λαμόάνεις,
396 2618 440 2678 ότι
461 2617 530 2678 θέλει
541 2622 557 2679 ό
569 2617 646 2684 Θεός.
666 2620 790 2700 Κρεῖττον
809 2619 861 2697 γάρ
915 2613 988 2693 qnod
1006 2615 1057 2676 tibi
1068 2617 1164 2678 datum
1181 2633 1229 2680 est.
1246 2621 1431 2699 Quaecumque
1442 2622 1514 2682 enim
1525 2623 1587 2702 quis
1598 2645 1662 2684 cum

85 2719 136 2759 σου
152 2687 206 2758 οἶδε
221 2699 256 2759 τδ
266 2696 434 2778 συμφέροντά
442 2720 504 2770 σου,
518 2695 565 2756 καί
575 2697 638 2764 ίσως
652 2695 697 2757 διδι
711 2702 789 2757 τοῦτο
799 2702 862 2758 ἀνα·
914 2695 1007 2754 labore
1020 2697 1107 2756 multo
1119 2698 1247 2777 anquirit,
1267 2719 1332 2758 cum
1342 2721 1441 2779 magna
1450 2722 1514 2762 cura
1526 2703 1658 2776 custodit,

88 2777 233 2851 όοίλλιται,
248 2778 298 2851 τήν
312 2777 377 2916 πρὸς
388 2776 465 2836 αιὐτδν
486 2776 643 2856 προσεδρίαν
663 2799 708 2836 σου
723 2778 864 2857 σοφιζόμεκ
915 2795 948 2832 ne
958 2773 1054 2856 perdat
1064 2776 1136 2837 illud
1146 2792 1227 2857 atquc
1238 2799 1291 2838 una
1302 2779 1422 2839 laborem
1433 2779 1564 2841 illumma
1585 2803 1661 2856 num,

89 2856 203 2930 νσς,ίνα
310 2881 326 2915 τ
362 2859 418 2916 ἐστι
438 2857 521 2936 δῶρον
544 2855 685 2929 Θεοῦ,καλ
704 2856 820 2936 φυλάξῃς
832 2856 863 2916 τδ
915 2866 942 2912 et
960 2874 1004 2931 ne,
1022 2876 1085 2915 eum
1104 2857 1219 2936 gratiam
1232 2856 1343 2917 Domini
1362 2860 1507 2941 spreverit,
1532 2803 1662 2942 inelignus

86 2935 166 2996 δοδίν
178 2881 349 3018 pumice.
364 2934 485 3016 Πᾶνγδρ
505 2932 603 3014 δμετδ
624 2934 746 3013 καμάτου
764 2939 863 2996 πολλοῦ
916 2931 1050 2993 efficiatur
1068 2949 1165 2996 aeterna
1189 2936 1255 2998 vita.
1282 2936 1359 3012 Quid
1379 2938 1482 3019 profuit
1504 2939 1642 3001 Salomoni
1647 2950 1677 3015 ,‘

88 3015 189 3075 κτᾶταί
199 3039 253 3091 τις,
266 3014 407 3084 σπουδάζω
422 3019 501 3075 τοῦτο
516 3012 668 3096 φυλάσσειν,
684 3014 728 3074 ίνα
743 3013 780 3093 μὴ
794 3019 863 3077 άπα-
879 3020 898 3069 G
917 3012 991 3091 quod
1006 3014 1060 3074 cito
1077 3015 1210 3096 acceperit
1223 3015 1360 3098 sapientie
1374 3018 1501 3098 gratiam,
1518 3019 1567 3098 qui
1584 3020 1662 3081 illam

60 3136 67 3141 -
88 3093 172 3162 λάσας
186 3096 264 3170 «te,
278 3094 394 3166 ἀπολίση
412 3095 458 3154 καλ
474 3095 519 3154 τδν
536 3092 617 3153 πολὺν
634 3094 712 3154 αὐτοῦ
732 3094 863 3173 κάματον,
915 3107 1008 3172 postea
1025 3092 1165 3175 perdidit?
1183 3097 1223 3156 Ne
1241 3116 1306 3176 ergo
1323 3096 1440 3189 pusiilus
1459 3097 1497 3157 sis
1512 3098 1604 3161 animo
1637 3100 1661 3160 si

87 3172 140 3234 καί
148 3173 198 3246 τὴν
230 3176 288 3255 άριν
302 3182 348 3234 τοῦ
367 3159 465 3256 Κυρίου
484 3172 614 3246 ἀθετήσας
633 3172 736 3242 ἀνάξιος
755 3175 864 3254 γίνηται
915 3191 969 3230 non
980 3173 1071 3233 statim
1081 3174 1237 3265 petitionem
1250 3174 1376 3257 accipias.
1392 3176 1423 3237 si
1433 3176 1505 3237 enim
1515 3176 1596 3239 sciret
1650 3214 1661 3225 ·

87 3255 140 3324 τῆς
154 3199 259 3315 einim
273 3256 351 3326 ζωῆς.
370 3252 407 3314 Τί
420 3252 473 3337 γδιρ
494 3252 615 3334 ὠφέλησε
635 3252 681 3312 τὸν
701 3255 864 3330 Σολομῶντα
916 3251 1007 3311 minus
1024 3265 1051 3312 te
1067 3267 1121 3313 cuo
1138 3267 1276 3336 acceptam
1293 3254 1473 3334 gratiamnon
1488 3257 1662 3338 perditurum

32 3370 37 3377 -
85 3331 196 3412 ταχίως
212 3331 383 3413 λαμόάνοντα
396 3336 445 3439 τξγς
456 3333 549 3414 σοφίας
562 3332 611 3404 τήν
623 3332 662 3412 χά
680 3355 713 3408 ιν,
733 3331 778 3392 καλ
792 3335 881 3394 άπο-·
916 3351 983 3402 esse,
1001 3346 1111 3413 paratus
1128 3347 1196 3393 esset
1214 3335 1256 3395 vel
1266 3348 1328 3394 ante
1340 3334 1498 3416 petitionem
1514 3336 1565 3396 tibi
1584 3337 1662 3397 illam

87 3412 208 3473 λίσαντα
224 3411 323 3484 σύτήντ
337 3413 385 3486 Μή
397 3437 441 3472 ουν
462 3411 631 3552 δλιγσγγίχει,
646 3357 693 3472 δάν
708 3411 864 3550 μήῦρπαχίως
917 3411 1036 3502 οοαίοττρ
1048 3435 1055 3470 ε
1067 3433 1140 3472 nune
1154 3427 1245 3473 autem
1262 3413 1300 3472 ita
1311 3413 1376 3474 iacit
1395 3434 1489 3474 curam
1499 3415 1539 3475 tui
1557 3438 1660 3497 gerens.

89 3489 176 3572 λάόης
187 3491 218 3551 τδ
229 3492 331 3571 σίτημά
342 3516 397 3553 σου.
410 3494 446 3553 Ei
454 3492 533 3575 γάρή
802 3515 863 3567 της,
915 3489 985 3549 Nam
1003 3512 1027 3550 si
1046 3511 1140 3552 servus
1156 3491 1205 3569 qui
1217 3492 1347 3552 talentum
1358 3494 1470 3574 accepit,
1488 3508 1515 3554 et
1526 3494 1662 3577 integrum

565 3495 625 3552 ιδά
644 3491 748 3560 αθδςΔε

88 3570 133 3630 δτι
146 3571 248 3652 ταχέως
260 3572 405 3652 λαμόάνων
418 3570 467 3644 τὴν
481 3573 559 3654 χάριν
578 3516 747 3652 οόκγάπολης
770 3570 863 3646 αὐτήν,
915 3568 1043 3643 servavit,
1062 3571 1128 3650 quia
1146 3591 1200 3631 non
1215 3571 1366 3652 negotiatus
1383 3586 1455 3648 erat,
1467 3575 1662 3636 condemnatus

85 3647 196 3729 ίτοιμος
206 3644 239 3726 ήν
249 3653 295 3712 καλ
308 3657 360 3732 πρὸ
373 3657 421 3724 τῆς
434 3654 564 3723 αἰτήσεως
576 3660 724 3732 παρασχεῖν
739 3673 796 3710 σοι·
808 3651 863 3711 νυνί
915 3650 1065 3717 estzmulto
1081 3649 1168 3730 magis
1177 3651 1226 3730 qui
1237 3651 1387 3732 perdiderit
1398 3652 1479 3726 illud,
1497 3654 1662 3715 condemna-

88 3728 119 3790 δὲ
135 3730 278 3810 κηδόμενός
291 3756 352 3803 σου,
363 3735 441 3792 τοῦτο
454 3741 531 3792 ποιεῖ.
544 3733 578 3790 Εἰ
591 3730 644 3810 γδρ
657 3735 671 3789 ό
685 3729 776 3790 λαόὼν
799 3732 862 3790 δοῦ·
915 3726 1000 3786 bitur.
1024 3729 1137 3789 Attende
1154 3730 1215 3805 tibi,
1235 3744 1262 3790 et
1278 3744 1305 3790 te
1324 3730 1444 3821 undique
1462 3732 1578 3792 circums
1597 3734 1639 3794 icc
1652 3759 1661 3791 .·

84 3810 137 3877 λος
151 3811 181 3870 τδ
200 3812 338 3883 τάλαντον,
351 3809 398 3870 καί
416 3814 484 3870 σῶον
506 3809 571 3871 αὐτό
590 3809 721 3888 φυλάξας,
735 3807 801 3868 διότι
823 3807 861 3887 μή
914 3804 950 3863 ad
959 3806 998 3864 tui
1006 3807 1313 3869 custodieminsomnem
1324 3810 1582 3871 mentisoculumha
1618 3826 1661 3872 to:

85 3910 185 3968 προσιι
219 3890 316 3965 άσατο,
330 3890 488 3971 κατεκρίθη·
502 3890 594 3969 πολλῷ
611 3889 710 3966 μᾶλλον
731 3886 862 3947 όάπολί-
915 3883 1213 4024 ἰουγοόίοίαφυοοευυι
1225 3887 1334 3979 mansis,
1348 3887 1662 3981 occultininimicilaquei

85 3990 141 4036 σας
156 3915 590 4051 eiiixeruxptttleeeet.sspeeepa
602 3967 781 4048 σεαυτῷ,καί
790 3989 862 4027 παν-
915 3962 1035 4044 undique
1053 3965 1088 4026 de
1110 3988 1138 4025 ει
1150 3980 1223 4026 sunt.
1243 3969 1343 4026 Omma
1354 3988 1418 4047 ergo
1429 3989 1532 4029 circum
1565 3991 1616 4046 tce,
1630 3985 1663 4030 ut

87 4047 202 4127 τοτχόόεν
222 4051 331 4110 σεαυτόν
353 4048 546 4129 περισκέπτου·
565 4046 711 4124 ἀκοίμητον
731 4046 776 4127 ἔχε
797 4045 862 4115 πός
914 4043 1052 4122 elaqueis
1071 4043 1149 4136 quasi
1160 4046 1205 4126 δορ
1263 4046 1383 4127 (caprea)
1395 4045 1544 4108 evadasll
1589 4049 1662 4110 cuim

87 4125 141 4198 τὴν
153 4135 262 4189 σεαυτοῦ
296 4128 396 4202 υλακήν
417 4128 462 4188 καλ
484 4133 530 4188 τοῦ
552 4126 610 4195 νοός
631 4126 769 4205 όμμα·ίν
823 4149 862 4206 σῳ
915 4120 1017 4200 laqueis
1031 4124 1223 4205 caprncquito
1256 4125 1331 4186 visus
1348 4147 1477 4201 acumen;
1496 4127 1609 4207 ideoque
1626 4129 1662 4189 ab

87 4206 211 4285 παγίδων
232 4153 390 4276 διαόαίνεις·
413 4232 515 4288 κεκρυμ
565 4228 590 4265 οι
615 4204 707 4286 βρόχοι
724 4230 763 4265 πα
815 4209 861 4263 τοῦ
914 4200 1053 4292 όξνδορκίφ
1063 4203 1149 4279 (visus
1160 4203 1295 4280 acumine)
1306 4225 1402 4295 npmen
1412 4205 1503 4265 habet.
1514 4207 1572 4267 lloc
1580 4228 1662 4288 porro

88 4289 187 4426 3122?
198 4287 494 4428 ψαχίθενῶζγγαπδεο
511 4309 597 4426 ,lm
611 4285 708 4346 Πάντα
722 4276 766 4344 οόν
787 4307 862 4386 περι·
878 4293 899 4340 lt
914 4282 1053 4342 serendum
1065 4297 1114 4360 est,
1137 4304 1187 4344 nos
1198 4304 1284 4375 neque¹
1294 4281 1372 4343 aliud
1382 4299 1557 4368 preceptum,
1576 4308 1662 4366 neque

87 4389 126 4426 02
178 4393 186 4427 Ι
216 4391 288 4428 ΜΠ

88 4443 145 4525 γδιρ
158 4371 368 4515 piteglio
391 4391 447 4514 enti
463 4391 583 4527 βρόχοις,
602 4445 647 4504 tit
659 4445 709 4518 τήν
723 4447 772 4516 τῆς
794 4443 862 4526 όρά-
915 4439 952 4500 ad
962 4439 1040 4501 aliud
1055 4455 1144 4502 niente
1158 4464 1297 4524 vagemur.
1313 4442 1369 4505 sed
1383 4457 1410 4503 et
1419 4442 1580 4506 exercitium
1591 4447 1662 4507 illud

88 4547 160 4592 σεως
173 4525 300 4599 δξότητα·
313 4525 372 4587 een
385 4526 431 4586 καλ
445 4524 583 4603 ἐπώνυμός
606 4526 665 4584 ἐστι
683 4527 731 4596 τῆς
755 4523 863 4606 δξυδορ-
915 4519 1039 4602 placendi
1060 4523 1119 4582 Deo
1138 4521 1286 4582 secundum
1305 4523 1406 4583 Christi
1424 4526 1607 4605 evangelium,
1633 4527 1661 4585 in

87 4602 162 4672 κίας.
178 4604 282 4666 Ἐκεῖνο
294 4605 383 4686 μέντοι
395 4629 426 4684 γε
436 4604 574 4686 γινώσκειν
590 4602 659 4684 χρὴ,
674 4603 713 4664 ότι
734 4601 794 4663 οὔτε
808 4604 860 4663 άλ-
915 4619 1018 4661 scocssu
1040 4600 1147 4662 acuris
1166 4601 1268 4673 saeculi,
1288 4603 1358 4662 etin
1377 4603 1534 4663 omnimoda
1553 4626 1582 4663 rc
1603 4603 1661 4665 ulsn

87 4685 141 4755 λης
154 4685 223 4752 τινδς
238 4688 345 4759 ἐντολῆς
358 4685 479 4767 τήρησιν,
493 4683 552 4743 οὔτε
567 4682 649 4754 αι’νιήν
670 4683 717 4756 τήν
731 4682 796 4765 πρδς
817 4682 861 4744 τδν
916 4678 1055 4740 inutilium
1074 4681 1282 4763 occupationum
1301 4681 1451 4761 perficitur.
1470 4684 1517 4743 Sic
1533 4697 1560 4743 ct
1579 4626 1661 4743 δι’σω-

87 4764 162 4824 Θεδν
178 4763 294 4842 ἀγάπην,
308 4765 368 4824 οὔτε
387 4765 436 4838 τήν
452 4764 518 4844 πρὸς
530 4764 574 4824 τόν
595 4762 708 4836 πλησίον
729 4763 862 4839 δυνάμεθα
916 4759 988 4838 pulis
1009 4759 1153 4835 Dominus,
1182 4761 1318 4820 sincerum
1341 4781 1391 4820 nee
1410 4761 1511 4821 clatum
1533 4763 1661 4823 affectum

87 4848 268 4923 κατορθῶσαι.
284 4847 379 4904 άλλοτε
400 4844 461 4925 περλ
483 4843 554 4904 άλλα
575 4847 641 4914 ’τῆς
662 4840 776 4910 διανοίας
791 4843 861 4902 ἀπο·
915 4836 1031 4920 adeptis,
1058 4838 1247 4899 testificabitur
1264 4838 1356 4898 dicens
1370 4863 1376 4896 :
1391 4841 1448 4900 Vos
1462 4847 1604 4920 nonestis
1625 4864 1661 4902 ex
1672 4848 1741 4890 seet-
1754 4843 1790 4887 ¹⁵·

87 4921 276 5002 πλανώμενοι·
291 4923 360 4983 ἀλλὰ
370 4924 416 4984 καλ
426 4930 444 4996 ή
456 4923 568 4994 άσκησις
585 4927 633 4994 τῆς
652 4920 722 4981 κατδ
734 4921 766 4981 τό
781 4923 859 5000 εόαγ-
915 4917 971 4978 hoc
991 4919 1156 4978 mundotct
1176 4917 1339 4993 econtrario
1360 4939 1413 4980 non
1434 4942 1511 5012 posse
1529 4922 1661 4982 mundum
1675 4921 1709 4968 ¹⁹·

87 5004 179 5081 γε’λιον
193 5009 239 5064 τοῦ
265 5006 381 5085 Χριστοῦ
397 5002 463 5083 πρὸς
480 5003 550 5063 Θεδν
572 5000 766 5081 εόαρεστήσεως
787 5002 813 5060 ἐν
828 5005 861 5080 τῇ
916 4998 1095 5078 cognitionem
1106 4997 1158 5058 Dei
1171 4996 1318 5076 acquirere,
1332 5019 1380 5059 nec
1393 4998 1527 5080 Spiritum
1540 5015 1664 5062 sanctuni

547 4367 599 4434 ςίκ
623 4363 736 4446 βρόχων.
754 4363 862 4436 Ἐκεινη
915 4381 1034 4421 amorem
1045 4362 1097 4422 Dei
1112 4362 1157 4422 vel
1168 4385 1286 4444 proximi
1296 4384 1403 4426 servare
1419 4385 1507 4446 posse,
1527 4367 1552 4427 si
1561 4367 1596 4428 ab
1607 4360 1662 4427 alio

129 5208 139 5229 ι
159 5190 251 5255 [savit.
268 5201 295 5244 ἵε.
312 5205 339 5260 ιγ’,
351 5193 458 5258 irruet]

1498 5270 1548 5329 63.
1662 5260 1664 5265 ’
