3728 5978
576 425 610 472 ut
639 423 725 472 nora
752 421 1013 471 nnosrononuu.
1042 421 1160 469 nonin.
1188 424 1248 470 xu.
1628 385 1717 471 115⁹

129 547 203 614 θείςθ
226 545 356 624 βασιλεὺς
381 546 509 608 ἀπώσατο
531 548 582 622 τλν
599 547 724 609 ιιιόυιτόν·
748 548 857 608 ἐνταῦθα
872 543 899 604 δὲ
952 563 1049 603 verum
1069 557 1107 603 est
1123 544 1194 605 illud
1209 569 1216 602 ε
1232 547 1429 628 cognoscetur
1456 548 1601 606 Dominus
1611 539 1845 626 judi-¹²⁸⁶1·9·¹7·

130 629 189 697 οὗτοι
202 638 308 715 pamm
322 639 566 721 προσεκτικώτεροι
586 642 711 721 γίνονται.
734 629 824 710 Εἶδες,
843 642 901 704 πῶς
952 637 1136 718 ciasocieus.
1150 637 1232 697 Sicet
1243 637 1341 698 marea
1358 640 1459 700 iactum
1472 654 1511 699 est
1527 663 1533 695 :
1548 639 1622 698 Oran
1643 660 1694 721 pu·
1705 624 1832 682 ''⁸‘8·⁶‘⁷
1840 656 1845 667 ·

132 728 289 788 αθαέιιαῢασε
304 728 536 812 αι’νπλνθΠέτρος,
550 735 608 792 ἀλλ’
620 731 753 810 ἀνέμεινεν
767 729 836 789 ὥστε
850 732 902 787 εἰσ·
954 726 1027 786 nitus
1039 728 1283 802 estetbinctimor
1293 731 1364 790 aliis.
1376 730 1431 792 Sed
1443 731 1617 810 illicquideni
1633 750 1691 791 me·

133 824 215 880 ιλθεῖν·
228 820 291 880 otti
303 825 360 881 τῶν
381 823 471 882 ἄλλων
481 848 522 892 τις
531 824 675 903 ἐτόλμησεν
687 821 796 891 ἐξειπεῖν
809 821 841 879 τδ
858 841 901 898 γε·
955 830 1032 879 tuens
1043 841 1103 898 rex,
1114 841 1203 880 arram
1223 822 1337 900 amovit3
1346 823 1392 882 bic
1408 838 1498 884 niuem
1514 824 1560 884 alii
1571 824 1695 885 attentio-

133 912 202 992 ραιός.
214 914 305 974 Τῶτο
317 913 400 995 φόόος
412 916 588 988 διδασκάλω,
599 921 675 976 τοῦτο
684 914 750 991 τιμὴ
764 915 899 992 μαθητῶν,
955 932 996 970 res
1006 911 1070 970 iacti
1081 927 1153 972 sunt.
1168 912 1268 991 Vides,
1281 914 1416 993 quomodo
1430 938 1482 975 non
1497 917 1605 977 vocavit
1618 917 1694 977 iilam

133 1011 197 1065 ιαῑτο
208 1006 328 1078 ὑπακοή.
343 1009 436 1087 Τριῶν
451 1011 528 1089 ὡρῶν
544 1007 689 1086 διάστημα.
705 1005 760 1067 Καὶ
770 1008 817 1064 οὐκ
830 1003 900 1082 έμα-
918 1028 935 1075 Β
955 1005 1061 1081 Petrus,
1086 1005 1134 1065 sed
1162 1007 1327 1087 exspectavit
1351 1008 1436 1068 donec
1459 1010 1569 1069 intraret
1588 1035 1594 1066 :
1610 1031 1695 1087 neque

134 1104 168 1156 θεν
186 1098 297 1178 iperii,
308 1099 369 1160 οὐδὲ
383 1100 471 1168 iictori
484 1125 525 1168 τις
538 1105 591 1160 τῶν
605 1099 756 1179 παρόντων,
770 1095 858 1156 καίτοι
870 1118 901 1174 γε
953 1096 1024 1156 alius
1034 1097 1169 1180 quispiam
1183 1121 1264 1160 ausus
1272 1099 1312 1160 est
1324 1103 1482 1177 annuntiare
1496 1103 1569 1182 quod
1588 1103 1694 1163 accide-

134 1191 209 1249 nutv
232 1182 267 1262 iio
289 1191 472 1271 ἐξηχηθῆναι·
497 1196 556 1253 ἀλλ’
575 1193 722 1274 έροόοδντο.
735 1192 823 1250 Τοῦτο
838 1194 899 1266 γοῦν
953 1190 1071 1250 rat.Hoc
1081 1191 1203 1271 magistri
1214 1192 1696 1277 timorerat,bonordiscipulo'rumct

135 1283 172 1341 ui
184 1281 328 1360 θαυμάζειν
339 1288 355 1343 δ
368 1285 534 1366 συγγραφεὺς
546 1284 633 1363 λέγει,
649 1283 691 1343 δτι
706 1280 753 1355 Μὴ
773 1281 856 1341 εἰδυῖα
869 1277 901 1338 τδ
953 1280 1114 1342 obedientia.
1132 1287 1232 1344 Trium
1243 1289 1382 1345 horarum
1394 1292 1531 1366 spatium.
1541 1290 1633 1366 Neque
1646 1276 1695 1346 di-

135 1375 239 1453 μγανδς,
258 1377 378 1445 εἰσῆλθε.
391 1375 488 1437 Καίτοι
500 1400 531 1456 γε
545 1377 598 1437 tet
610 1374 701 1436 τούτου
716 1377 776 1447 ἐνῆν
793 1376 900 1451 μαθεῖν,
952 1373 1020 1434 dicit
1036 1396 1114 1454 uxor,
1124 1398 1172 1436 nec
1184 1378 1246 1456 quis
1258 1379 1431 1460 praesentium
1442 1380 1586 1457 nuntiavit,
1602 1401 1695 1460 quam-

136 1456 228 1525 ίτιοίδε
240 1464 277 1525 τὰ
289 1467 465 1528 λανθάνοντα.
476 1467 563 1528 Andri
575 1469 626 1549 γὰρ
640 1466 741 1546 μηδένα
752 1463 900 1546 ἐρωτήσας,
955 1466 998 1529 vis
1008 1467 1043 1526 ad
1056 1467 1257 1549 dividgandum
1279 1484 1319 1530 sat
1340 1472 1468 1553 temporis
1490 1487 1569 1551 esset5
1597 1497 1693 1537 verum

136 1556 360 1638 θρῖςίρωτξ;Ἣ
375 1561 467 1634 δῆλον,
482 1562 523 1620 δτι
536 1564 573 1629 ὡς
586 1557 681 1635 εἰδώς,
696 1559 767 1618 Ἀλλ’
785 1556 899 1630 ἡπολλὴ
954 1559 1093 1619 timebant.
1107 1561 1165 1620 Hoc
1181 1563 1263 1621 etiam
1278 1562 1416 1623 admirans
1435 1566 1551 1646 scriptor
1570 1566 1695 1628 ait:Ne·
1797 1594 1800 1600 <

136 1648 247 1728 πέροντες
260 1653 310 1709 οὖα
323 1650 413 1711 είασεν
430 1652 511 1726 euris
525 1653 556 1712 τδ
567 1644 689 1732 ἔγκλημα
704 1648 901 1724 ἀποδύσασθαι,
954 1657 1047 1712 sciens
1073 1655 1154 1734 quod
1165 1656 1289 1735 sactum
1297 1657 1416 1737 fumet,
1442 1661 1585 1718 introivit.
1611 1661 1696 1740 atqui

137 1739 194 1800 ott
205 1739 296 1820 *perd
320 1742 461 1813 αὐθαδείας
480 1745 581 1816 πολλῆς
603 1741 786 1824 ἀποκρίνεται·
799 1740 901 1820 ἐνόμιζε
955 1745 1019 1806 binc
1031 1745 1134 1806 discere
1143 1747 1242 1807 licebat
1253 1748 1343 1829 ipsum
1353 1748 1459 1810 novisse
1469 1772 1510 1824 ea,
1521 1774 1581 1831 quae
1592 1755 1697 1815 occulta

136 1833 178 1913 ρλρ
189 1834 252 1915 πρὸς
268 1835 410 1917 ἄνθρωπον
423 1835 599 1916 διαλέγεσθαι.
612 1837 653 1896 Τδ
663 1835 745 1896 δεινὸν
755 1840 848 1907 τοῦτο,
861 1833 903 1894 ὅτι
955 1850 1037 1897 erant.
1048 1840 1105 1898 Cur
1117 1839 1189 1898 enim
1203 1839 1251 1920 qui
1262 1839 1396 1900 neminem
1410 1840 1634 1923 interrogaverat,
1647 1868 1695 1905 vos

136 1927 203 1991 έιέι
212 1936 277 2005 μιᾶς
289 1931 389 2007 βουλῆς
407 1929 452 1992 ἐπὶ
467 1928 515 2001 τὴν
530 1928 662 2010 ἁμαρτίαν
675 1922 766 2005 ἦλθον,
779 1927 797 2000 ἣ
811 1928 901 2009 ὥσπερ
917 1934 936 1982 C
956 1929 1121 2010 interrogat?
1134 1934 1244 2010 Annon,
1259 1944 1290 1990 ut
1310 1930 1405 2011 liquet,
1424 1933 1487 2012 quia
1513 1935 1630 1996 sciebat?
1644 1937 1697 1997 Sed

138 2018 323 2095 έτδωνθήαης
344 2020 424 2088 τινός.
436 2019 474 2082 Τί
486 2021 528 2082 ότι
544 2021 711 2102 συνεφωνήθη
726 2026 801 2101 ὑμῖν,
816 2020 900 2102 μησί,
955 2020 1039 2082 nimia
1060 2021 1164 2081 caecitas
1188 2043 1240 2082 non
1262 2022 1385 2103 permisit
1400 2023 1477 2083 illam
1498 2026 1599 2087 crimen
1613 2028 1698 2111 depo-

135 2120 247 2189 πιρᾶσαι
259 2110 294 2170 τὸ
308 2113 424 2193 Πνεῦμα
433 2112 463 2173 τδ
476 2113 567 2193 δγιονς
582 2113 649 2178 Ἰδοθ
663 2119 689 2174 οἱ
697 2113 776 2181 πόδες
785 2117 839 2173 τῶν
851 2118 901 2172 θα-
955 2132 1031 2188 nere;
1044 2111 1092 2171 scd
1103 2132 1165 2171 eum
1180 2112 1294 2172 audacia
1309 2113 1395 2172 multa
1408 2113 1569 2195 respondet:
1582 2118 1699 2179 Putabat

134 2203 225 2281 θέσαν
238 2204 287 2264 τδν
297 2204 384 2285 ἄνδρα
394 2229 442 2266 σαι
455 2205 552 2280 inii-is
564 2205 651 2288 θόραν,
663 2206 709 2266 καί
722 2204 851 2274 ἐξοίσουσί
862 2228 900 2266 σε.
954 2203 1027 2264 enim
1039 2226 1067 2264 se
1077 2225 1139 2264 cum
1151 2204 1353 2285 bomineloqni.
1370 2206 1429 2265 Hoc
1441 2226 1524 2286 gravo
1536 2222 1604 2285 erat,
1623 2211 1698 2290 quod

134 2295 274 2379 εΠρότερον
289 2296 377 2368 αὐτὴν
394 2298 514 2358 διδάσκει
538 2296 570 2357 τδ
594 2297 758 2381 ἁμάρτημα,
775 2297 821 2358 καί
841 2298 901 2358 τότε
955 2317 1010 2356 uno
1025 2295 1138 2355 oonsilio
1151 2309 1177 2355 et
1190 2295 1267 2375 quasi
1280 2318 1315 2355 ex
1331 2311 1410 2377 pacto
1422 2313 1561 2378 peccatum
1574 2301 1698 2363 admisis-

135 2386 262 2463 δεόινυσεν,
278 2388 321 2448 δτι
341 2389 451 2457 δικαίας
473 2388 507 2448 τδ
525 2388 596 2462 αὐτὰ4
609 2388 729 2450 πείσεται
747 2393 787 2470 τῷ
809 2387 900 2470 ἀνδρί·
954 2401 1020 2447 sent.
1037 2389 1115 2465 Quid
1134 2391 1234 2468 utique
1248 2393 1385 2449 convenit
1396 2394 1494 2464 uobis,
1508 2391 1605 2472 inquit,
1630 2407 1698 2454 ten-

134 2482 211 2554 ίπειδὴ
231 2481 281 2541 καί
294 2480 332 2541 τὰ
347 2481 416 2542 etit
431 2481 546 2563 ἥμαρτε.
560 2481 614 2542 Καὶ
627 2480 792 2561 nouarum,
806 2482 902 2561 Παρα·
956 2478 1515 2562 toreSpiritumsanotumiEocepedes
1528 2491 1697 2568 eorum,qui

133 2578 213 2651 pcipe
229 2573 313 2634 ἔπεσε
331 2573 411 2654 παρὰ
426 2573 584 2643 τοθςτιόδας
603 2575 695 2649 αὐτοῦ,
709 2573 755 2633 καὶ
769 2570 904 2654 ἐξέψυξεν,
956 2572 1131 2650 sepelierunt
1144 2575 1243 2631 ouum
1262 2585 1356 2649 tuum,
1372 2574 1414 2631 ad
1429 2577 1534 2632 ostium
1539 2597 1553 2648 ,·
1573 2590 1602 2636 et
1623 2579 1699 2659 effe-

133 2661 186 2723 ’θτι
194 2664 454 2738 πλησίονείατήκει.
467 2664 646 2733 Οότυιςαθτολ
663 2669 723 2725 καθ’
737 2669 836 2725 ἑαυτῶν
856 2663 903 2737 τλν
957 2672 1022 2720 rent
1037 2672 1074 2720 te.
1095 2660 1176 2720 Prius
1200 2660 1277 2720 illam
1296 2661 1375 2721 docet
1395 2663 1470 2740 quod
1490 2667 1651 2744 peccaverit,
1673 2681 1700 2727 et

133 2757 248 2838 τιμωρίαν
261 2757 464 2818 ἐπεσπάσαντο.
477 2757 528 2825 Τίς
545 2758 635 2818 λοιπδν
650 2759 699 2819 οὐκ
712 2757 744 2817 δν
758 2756 904 2838 ίξεπλιίγη,
959 2766 1023 2812 tunc
1036 2752 1153 2813 ostendit
1169 2752 1245 2812 illam
1265 2754 1347 2834 juste,
1368 2775 1430 2832 quae
1449 2754 1493 2814 vir
1512 2777 1608 2836 passus
1633 2772 1700 2836 erat,

135 2846 223 2916 τίςοθιι
242 2850 277 2910 ἂν
297 2850 387 2910 ἔδεισε
409 2848 629 2927 riedirierum
643 2850 683 2919 τίς
697 2853 746 2911 οθκ
766 2849 798 2910 θν
810 2848 906 2910 ‘tiad-
958 2866 1099 2927 passuram
1112 2861 1178 2922 esse,
1196 2845 1260 2924 qnia
1269 2844 1381 2926 perinde
1393 2862 1558 2927 peceaverat.
1575 2848 1612 2908 Et
1635 2871 1701 2929 quo-

135 2965 204 3016 ματτ;
217 2942 274 3002 Καὶ
295 2932 370 3013 ἦσαν
392 2940 572 3020 δμοθνμαδδν,
586 2942 682 3023 μησὶν,
695 2942 810 3011 ἅπαντας
830 2945 904 3023 έντῇ
959 2937 1052 3018 modo,
1074 2940 1188 3020 inquies,
1208 2942 1372 3022 Confestim
1388 2944 1494 3023 cecidit
1519 2956 1589 3004 ante
1613 2947 1702 3026 pedes

137 3043 189 3114 aaut
200 3035 391 3114 Σολομῶντος.
408 3033 460 3094 Ἐκ
466 3032 559 3094 τοότοε
572 3034 664 3107 δῆλον,
673 3033 714 3094 ότι
726 3037 774 3094 odit
783 3038 810 3095 ἐν
820 3034 906 3116 οἰκίᾳ,
922 3055 941 3102 ι)
958 3035 1033 3115 ejus,
1048 3034 1264 3113 eteaespiraoit?
1277 3031 1351 3106 Quia
1361 3053 1446 3113 prope
1454 3031 1586 3095 adstabat.
1599 3036 1645 3097 sic
1656 3037 1699 3097 ilii

138 3125 191 3185 tui
204 3127 236 3186 τδ
249 3127 324 3208 ἱερὸν
339 3123 537 3193 καταλαθόντες
552 3126 607 3185 ἐκεῖ
621 3125 765 3206 διέτριόον·
779 3126 839 3187 οθτε
852 3126 905 3206 μὴν
959 3123 987 3184 in
1002 3124 1104 3205 seipsos
1113 3123 1243 3185 ultionem
1254 3137 1432 3184 attraxerunt.
1444 3124 1631 3198 Quisdemum
1646 3150 1699 3191 non

138 3218 212 3277 ’νοιτδν
224 3207 392 3301 ἀκαθάρτων
404 3217 535 3277 ἅπτεσθαι
545 3218 734 3298 ἐφυλάττοντο,
744 3218 803 3279 ἀλλ’
816 3219 907 3287 ἁπλῶς
958 3214 1158 3297 obstupuisset?
1167 3215 1228 3295 quis
1241 3214 1394 3296 apostolum
1403 3237 1456 3276 non
1465 3216 1616 3279 timuisset?
1640 3221 1701 3301 quis

141 3308 237 3376 iamne
252 3314 309 3370 τῶν
321 3312 435 3389 νεαρῶν.
457 3308 510 3370 Καὶ
524 3308 588 3389 θρα,
603 3313 660 3378 πῶς
682 3311 709 3370 lv
728 3308 776 3389 pis
792 3318 847 3378 τοῖς
867 3311 907 3368 οἰ·
959 3327 1013 3367 non
1022 3306 1137 3366 miratus
1146 3305 1233 3366 esset?
1250 3308 1292 3366 Et
1301 3320 1397 3380 erem,
1413 3305 1513 3387 inquit,
1523 3314 1702 3372 unanimiter
1806 3356 1809 3361 >

144 3398 205 3466 ιείοις
216 3401 268 3461 εἰσὶ
278 3401 408 3483 σφοδροὶ,
422 3403 449 3458 έν
467 3400 495 3460 δὲ
514 3410 568 3468 τοῖς
583 3401 729 3482 ἀλλοτρίοις
743 3405 772 3462 οὐ
789 3401 904 3482 αι”χρην-
960 3422 1059 3460 omnes
1072 3404 1105 3458 in
1123 3403 1237 3480 porticu
1250 3399 1427 3459 Solomonis.
1452 3401 1522 3461 Hinc
1534 3403 1625 3483 palam
1651 3419 1701 3480 est,

144 3497 217 3570 ταιιῇ
232 3493 355 3572 δινείμιι.
375 3495 487 3554 Μᾶλλον
499 3491 545 3565 δὲ,
558 3493 639 3574 φησί,
659 3494 843 3576 προσετίθεντο
857 3518 905 3555 πι-
959 3494 1022 3554 illos
1035 3513 1088 3553 non
1098 3492 1127 3552 in
1137 3491 1218 3551 domo
1231 3491 1371 3573 quapiam,
1388 3492 1478 3553 sedin
1490 3496 1591 3577 tem'plo
1612 3519 1702 3558 versa·

90 3604 92 3609 ·
146 3584 258 3652 στυίοντες
273 3590 316 3667 τῷ
337 3586 432 3670 Κυρίῳ
444 3586 534 3658 πλήθη
554 3587 655 3667 ἀνδρῶν
668 3612 698 3648 τε
711 3588 908 3668 καλμιυαικῶν.
960 3598 1002 3645 tos
1013 3604 1079 3644 esse.
1090 3584 1183 3661 Neque
1203 3582 1274 3641 ultra
1284 3583 1413 3642 cavebant
1434 3583 1487 3642 sibi
1508 3606 1542 3644 ne
1563 3586 1703 3650 immunda

148 3669 213 3734 'ssiri
232 3676 303 3737 md
325 3676 376 3746 τδς
395 3676 522 3745 πλατείας
543 3678 643 3737 τιθέναι
656 3675 716 3745 τοδς
737 3681 853 3747 ἀσθενεῖς
866 3679 909 3740 ἐπὶ
961 3677 1153 3757 contingerent,
1177 3675 1224 3745 sed
1243 3676 1300 3735 sine
1320 3676 1448 3757 scrupulo
1472 3691 1593 3739 mortuos
1611 3694 1703 3762 tange·

90 3754 93 3782 ¹
150 3767 227 3826 ιλινῶν
239 3768 287 3827 καὶ
300 3768 479 3850 αραόόέτων,
491 3768 534 3828 ἵνα
548 3769 691 3850 ἐρχομένου
704 3769 808 3850 Πέτρου
822 3770 871 3831 κᾶν
891 3775 909 3842 ἡ
961 3771 1035 3831 bant.
1046 3769 1084 3830 Et
1092 3768 1163 3845 vide,
1175 3767 1311 3847 quomodo
1327 3788 1390 3848 erga
1399 3771 1556 3830 suosseveri
1563 3772 1626 3849 sint,
1640 3796 1705 3855 erga

152 3858 199 3917 eu
219 3860 365 3941 ἔτισαιιίοῃ
378 3861 431 3921 τινί
448 3864 544 3921 αὐτῶν.
962 3862 1029 3922 alios
1039 3864 1129 3921 autim
1143 3872 1273 3941 potestate
1283 3879 1335 3918 non
1347 3871 1465 3918 utantur.
1476 3862 1576 3942 Magis
1594 3877 1702 3939 autem,

964 3954 1062 4033 inquit,
1073 3955 1237 4034 augebatur
1246 3951 1426 4010 credentium
1437 3954 1469 4009 in
1481 3952 1608 4013 Domino
1629 3958 1705 4016 mui-

963 4048 1058 4108 titudo
1074 4049 1205 4105 virorum
1220 4055 1249 4102 et
1261 4042 1415 4101 mulierum
1422 4066 1434 4111 ;
1453 4046 1496 4102 itu
1507 4056 1538 4103 ut
1553 4048 1586 4104 in
1597 4048 1705 4127 pluteis

961 4151 1103 4221 ponerent
1114 4136 1248 4218 infirmos
1268 4138 1301 4193 in
1320 4134 1436 4194 lectulis
1451 4154 1488 4195 ac
1506 4141 1650 4217 grabatis,
1673 4156 1705 4202 nt

963 4238 1101 4294 ueniente
1114 4232 1203 4292 Petro
1213 4227 1318 4288 saltem
1334 4230 1439 4288 umbra
1449 4227 1530 4289 illins
1548 4233 1705 4296 adumbra-

964 4342 1008 4389 σαι
1022 4343 1200 4410 quemquam
1211 4321 1339 4384 iliorum.

180 4421 267 4495 Πολλὴ
278 4420 509 4501 τῶνπροσιόντων
521 4427 538 4494 ἡ
552 4421 657 4494 πίστις,
673 4423 719 4482 καί
734 4423 829 4501 μείζων
840 4424 911 4498 biart
928 4442 945 4490 u
1004 4422 1035 4480 3.
1058 4421 1159 4498 Magna
1174 4413 1358 4475 accedentium
1377 4413 1455 4494 fides,
1473 4430 1499 4477 et
1519 4421 1605 4499 major
1623 4443 1705 4500 quam

155 4516 185 4569 τό
197 4515 324 4594 Κρυπτοῦ.
344 4513 431 4573 Πόθεν
451 4514 575 4587 δὴτοῦτο
587 4514 705 4595 γέγονεν,
719 4514 783 4576 ’Ant
797 4521 844 4576 τοῦ
866 4520 911 4580 τὸν
965 4514 1016 4573 sub
1037 4512 1096 4593 ipso
1119 4508 1234 4569 Christo.
1252 4505 1332 4567 Unde
1354 4520 1443 4565 autem
1458 4507 1511 4567 hoo
1530 4511 1632 4573 factum
1646 4515 1707 4574 est?

157 4600 254 4681 Χριστὸν
275 4604 464 4686 ἀποφήνασθαι
487 4607 533 4665 καί
557 4609 652 4666 εἰπεῖν·
665 4605 700 4666 Ὁ
719 4606 851 4668 πιστεόων
876 4613 914 4677 εἰς·
966 4605 1037 4680 Quia
1052 4602 1176 4664 Christus
1192 4600 1244 4660 hoe
1264 4599 1457 4681 praenuntiarat
1469 4613 1495 4660 et
1514 4601 1632 4666 dixerat.
1650 4608 1709 4686 Qui
1715 4608 1786 4675 19⁰⁸·
1805 4603 1843 4677 ''tz

160 4693 206 4768 ἐμὲ,
225 4696 261 4755 rb
280 4696 360 4777 ἔργα,
380 4697 399 4756 θ
417 4697 471 4776 ἐγὼ
484 4702 569 4771 ποιῶ,
591 4699 712 4772 ποιήσει’,
736 4700 782 4760 καί
806 4700 913 4779 μείζονα
967 4699 1058 4759 eredit
1072 4696 1105 4755 in
1117 4715 1174 4770 me,
1189 4711 1287 4773 opera,
1300 4712 1365 4772 quoe
1381 4712 1433 4772 ego
1444 4694 1659 4776 sacio,snciet,
1679 4681 1756 4759 ατη

162 4786 258 4857 κνήστι
269 4787 410 4849 unusne
419 4788 472 4869 γὰρ
486 4790 573 4849 αὐτῶν
587 4792 642 4850 ἐκεῖ
654 4788 699 4850 καί
711 4794 740 4851 οὗ
749 4790 912 4872 περιιόντων,
969 4793 1084 4871 majore
1094 4787 1203 4869 saciet.
1214 4783 1388 4843 Manentibus
1401 4796 1491 4843 autern
1507 4786 1563 4846 iilis
1572 4787 1645 4867 istic,
1660 4811 1709 4851 nec

166 4876 237 4957 binos
258 4879 352 4949 πάντες
370 4881 414 4941 ou
433 4885 488 4940 τῶν
508 4884 605 4942 κλινῶν
625 4883 671 4942 καλ
690 4884 848 4964 ιιραόόότονν
871 4885 914 4954 οθς
968 4877 1214 4952 circumeuntibus,
1236 4896 1327 4935 omnes
1346 4875 1492 4936 afferebant
1507 4877 1536 4937 in
1557 4878 1664 4943 lectulis
1684 4897 1711 4944 ot

197 5058 208 5093 b
220 5058 259 5107 stit
271 5070 329 5124 μετὰ
339 5071 462 5135 ordinatas
476 5069 569 5124 πολλῆς·
987 5064 1000 5103 ‘¹
1013 5060 1060 5113 Alii
1072 5065 1193 5127 ίθαίιμιισε.
1209 5066 1241 5116 τίς
1253 5062 1291 5110 oin
1303 5065 1330 5110 ἀν
1342 5063 1453 5124 ὶροόήθος
1463 5066 1501 5112 καὶ
1512 5066 1577 5119 ἦσαν.
1638 5079 1641 5084 “

200 5150 208 5170 ⁸
219 5135 257 5186 iiii
267 5151 369 5210 πρότερον
379 5148 446 5203 αὐτῆς
457 5146 559 5197 παιδεῖαι
570 5153 605 5195 τό·

258 5250 318 5290 rou.
333 5253 370 5294 rr.
748 5231 750 5236 ’
1523 5234 1544 5290 9
