3742 5970
264 358 329 449 148
604 379 633 428 s.
660 379 803 428 toauurs
829 376 1012 426 cunrsosr.
1042 376 1197 423 uncuinr.
1226 376 1499 425 consenueruor.

257 503 338 563 bulco
347 504 489 585 imperanti
504 523 556 562 non
570 515 672 583 pareat,
682 522 730 561 nee
742 502 800 582 cjtls
811 521 907 565 vocem
917 519 999 579 agno.-
1053 504 1100 558 τοῦ
1119 498 1209 578 νόμον.
1227 491 1306 580 *ded
1325 499 1393 561 κύων
1408 503 1435 559 ἐν
1449 497 1549 578 ποίμνῃ
1567 496 1649 564 οὕτως
1671 496 1777 579 ἀγριος,
1790 500 1828 565 ὡς

256 611 323 670 scat,
335 597 423 655 omnia
437 608 557 677 pereunt.
572 595 642 654 Cum
662 592 728 673 ipsis
749 593 847 654 ovibus
863 591 999 673 pascitur;
1053 591 1090 670 μὴ
1102 592 1237 652 πείθεσθαι
1250 593 1442 672 προστάττοντι
1452 596 1490 673 τῷ
1503 589 1638 671 βουκόλῳ,
1660 590 1728 670 μηδὲ
1741 594 1828 668 ἐπιγι-

255 687 302 747 sed
315 688 336 746 si
350 688 421 768 ipsas
438 704 502 749 oves
517 684 588 759 edat,
599 684 703 744 inutilis
719 698 758 744 est
772 697 797 744 et
809 683 952 743 occiditur.
969 681 999 741 Si
1052 683 1161 744 νώσκειν
1183 688 1261 745 αὐτοῦ
1275 685 1323 758 τλν
1341 684 1440 766 φωνὴν,
1453 685 1541 742 πάντα
1559 682 1682 743 ἀπολυιλε
1703 682 1750 742 καί
1770 682 1826 742 διί-

254 777 380 839 didioerit
397 792 424 837 te
447 776 550 854 audire,
562 776 604 834 ale
620 796 734 836 canem:
750 775 826 834 utilis
846 788 885 834 est
906 786 999 832 eontra
1053 782 1176 858 ρθαρται.
1187 777 1264 837 Μετά
1272 782 1325 837 τῶν
1336 777 1477 857 προύάτων
1488 775 1612 854 νέμεται·
1628 776 1688 834 ἀλλ’
1703 774 1751 835 ἐδιν
1763 777 1826 834 ἀπο-

254 870 343 951 lupos,
362 857 454 930 eontra
475 869 603 944 latrones,
617 881 710 928 contra
733 868 826 926 surum
848 865 999 948 principem
1052 869 1162 947 γεύηται
1182 874 1234 929 τῶν
1254 870 1405 952 προόάτων,
1430 868 1562 950 ἄχρηστός
1589 872 1645 928 ἐστι
1667 867 1713 927 καί
1737 891 1824 929 κατα-

253 961 368 1038 latrans,
379 984 432 1023 uon
447 976 538 1022 contra
555 981 620 1021 oves
634 981 720 1040 neque
735 973 826 1018 contra
840 957 996 1017 familiares.
1056 961 1208 1041 σφάττεται.
1221 964 1255 1022 Et
1268 960 1481 1041 lualcesalxodcw
1492 986 1556 1032 σου,
1571 961 1666 1043 θρέψον
1676 960 1729 1034 ἶτδν
1745 959 1822 1020 κύνα·

253 1054 283 1113 Si
302 1076 354 1115 non
374 1054 477 1132 audiat,
492 1055 583 1115 omnia
603 1053 715 1135 perdit:
731 1052 755 1112 si
767 1066 935 1112 contemnere
957 1049 1000 1109 di·
1050 1053 1181 1134 χρήσιμός
1193 1059 1250 1115 ἐστι
1268 1055 1336 1114 κατά
1348 1060 1401 1115 τῶν
1413 1056 1510 1125 λύκων,
1526 1054 1595 1115 κατδι
1610 1057 1662 1112 τῶν
1679 1057 1822 1135 πειρατῶν,

252 1161 318 1220 scat,
331 1148 419 1206 omnia
430 1145 594 1228 pessumdat.
606 1143 787 1205 Mansuetudo
798 1164 862 1223 ergo
873 1143 934 1203 inte
945 1164 998 1202 non
1050 1146 1120 1206 κατά
1142 1155 1188 1208 τοῦ
1208 1148 1360 1230 λῃστάρχου
1381 1151 1519 1219 ὑλακτῶν,
1534 1149 1564 1208 οὐ
1587 1145 1656 1205 κατά
1681 1145 1822 1226 προόιίτων

252 1255 435 1317 consumatur,
451 1239 500 1299 sed
513 1261 571 1298 eam
582 1237 716 1306 custodiat
732 1236 772 1296 ira
786 1250 812 1297 et
825 1238 931 1312 t'ovea13
946 1257 995 1295 cu·
1048 1239 1107 1299 οὐδὲ
1120 1240 1190 1300 κατὰ
1205 1241 1319 1300 οἰκείων.
1331 1237 1377 1300 Ἂν
1393 1240 1431 1318 μὴ
1444 1237 1543 1319 ἀκούῃ,
1557 1238 1645 1298 πάντα
1659 1238 1822 1318 διαφθείρει·

251 1331 350 1390 stodiet
359 1345 457 1407 atatem,
469 1343 494 1389 et
509 1330 536 1388 in
547 1329 690 1389 securitate
701 1327 786 1387 multa
797 1349 904 1408 pascere
914 1325 993 1398 sinet,
1014 1342 1033 1388 n
1048 1331 1078 1392 δν
1088 1332 1158 1412 μάθῃ
1171 1341 1355 1413 καταφρονεῖν,
1363 1334 1452 1393 πάντα
1463 1331 1605 1392 ἀπολλύει·
1616 1331 1648 1390 τδ
1658 1328 1746 1391 τοίνυν
1757 1330 1821 1409 ἥμι-

250 1423 272 1480 si
289 1424 374 1483 malas
383 1445 537 1504 pravasque
546 1423 721 1505 cogitationes
731 1434 881 1499 consumat,
897 1422 921 1481 si
935 1421 996 1481 dia·
1048 1449 1091 1505 ρον
1104 1425 1133 1484 τὸ
1144 1429 1171 1485 ἐν
1183 1426 1224 1484 σοί
1241 1425 1279 1503 μὴ
1295 1425 1475 1497 ἀναλισκέτω,
1495 1423 1564 1484 ἀλλά
1583 1423 1738 1504 φυλαττέτω
1748 1429 1763 1484 ό
1775 1429 1822 1483 θυ-

220 1587 225 1593 *
248 1515 342 1575 bolum
357 1517 476 1596 undique
486 1531 669 1599 persequatur.
683 1517 730 1577 Sic
746 1515 923 1575 mansuetudo
939 1537 996 1575 ser·
1049 1518 1097 1596 μδς
1110 1518 1176 1578 Ικαί
1193 1527 1251 1578 πῖον
1265 1517 1386 1578 ποιείτω·
1401 1517 1509 1599 φυλάξει
1520 1516 1565 1588 δὲ,
1585 1516 1630 1575 καί
1645 1518 1672 1574 ἐν
1688 1516 1822 1598 ἀσφαλιίρ

248 1623 339 1687 vatur,
356 1632 418 1669 cum
431 1610 500 1669 nihil
516 1610 618 1669 malum
630 1608 666 1669 de
684 1609 809 1690 proximo
823 1609 993 1688 cogitamus:
1045 1612 1131 1690 πολλῇ
1144 1611 1268 1689 νέμεσθαι
1284 1611 1465 1683 καταστήσει,
1493 1607 1596 1673 ἀνταία
1613 1605 1726 1690 μιαρῶς
1743 1610 1821 1688 λογι-

247 1700 996 1783 sicvenerabilcset‘ficimur‚quandoimpudenteragere
1046 1699 1820 1783 σμοίιςκαίτοίιςπονηροίιςκαταναλίσκη,ἀντὸνδιάόολον

247 1814 300 1852 uon
318 1794 456 1854 discimus.
471 1794 549 1853 Nihil
565 1795 636 1854 enim
650 1794 688 1854 ita
703 1793 890 1874 impudentem
905 1792 995 1852 reddit
1045 1793 1130 1873 διώκῃ
1141 1794 1316 1875 πανταχόθεν.
1327 1793 1422 1862 Ούτως
1433 1791 1560 1854 ἐπιείκεια
1571 1791 1728 1860 διασώζεται
1738 1792 1819 1867 ,όταν

157 1896 160 1903 “
247 1898 277 1942 ut
296 1887 366 1945 mala
385 1886 555 1947 conscientia.
573 1887 629 1946 Gur
653 1885 803 1945 meretrices
823 1884 995 1965 impudentes
1047 1889 1171 1966 μηδαμοῦ
1196 1891 1235 1967 τῷ
1256 1886 1368 1959 πλησίον
1388 1887 1470 1946 κακόν
1490 1911 1517 1945 τι
1535 1883 1721 1964 λογιζώμεθα·
1736 1883 1820 1952 οὕτως

247 1978 328 2036 sunt?
341 1999 390 2036 cur
402 1978 520 2058 virgines
529 1977 719 2059 pudibundae?
733 1997 821 2037 nonne
834 1978 888 2037 illae
904 1998 994 2058 apec-
1046 1979 1176 2059 αίδέσιμοι
1187 1979 1327 2060 γινόμεθα,
1349 1980 1411 2039 όταν
1426 1978 1464 2058 μὴ
1480 1976 1653 2057 μανθάνωμεν
1669 1980 1818 2058 ἀναισχυν-

247 2083 317 2146 cato,
332 2070 403 2129 lima
420 2071 559 2130 castitate?
573 2069 649 2130 Nihil
667 2068 740 2128 enim
753 2069 791 2128 ita
807 2069 993 2150 impudentem
1043 2081 1105 2132 τεῖν.
1114 2071 1198 2132 Οὐδὲν
1207 2069 1347 2152 γάρσύτυις
1359 2070 1530 2152 ἀναίσχυντον
1543 2076 1629 2142 ποιεῖ,
1647 2072 1684 2136 ὣς
1697 2069 1817 2150 πονηρδν

247 2161 344 2237 reddit,
355 2177 385 2222 ut
401 2177 551 2244 peceatum.
563 2165 623 2222 Iino
644 2176 746 2239 contra,
761 2161 877 2241 inquies,
893 2163 920 2221 in
940 2184 992 2243 pu·
1010 2173 1028 2220 e
1046 2164 1168 2232 συνειδός.
1180 2162 1232 2223 Διά
1245 2162 1273 2222 τί
1289 2167 1316 2223 al
1329 2162 1424 2242 πόρναι
1439 2160 1606 2242 ἀναίσχυντοί
1619 2164 1685 2234 stom
1699 2159 1780 2221 διάτί
1791 2163 1819 2221 αί

245 2252 338 2314 dorem
349 2255 444 2337 injicit.
457 2256 548 2316 Etiam
559 2270 630 2316 certe
638 2277 695 2317 sese
707 2254 894 2332 damnantem3
906 2256 991 2315 alium
1044 2256 1168 2336 παρθένοι
1183 2255 1374 2336 αίσχυντηλαίς
1385 2256 1431 2314 οὐκ
1438 2254 1492 2314 ἀπὸ
1502 2258 1549 2325 τῆς
1562 2253 1695 2335 ἁμαρτίας
1705 2257 1819 2326 ἐκεῖναι,

245 2366 310 2404 vero
341 2347 568 2428 impudentiorem
584 2347 673 2407 reddit
687 2347 894 2428 petulantiomm
908 2370 915 2405 t
929 2369 992 2407 nam
1044 2351 1092 2409 αλκ
1114 2348 1167 2409 ἀπὸ
1188 2353 1237 2421 τῆς
1256 2347 1424 2429 σωφροσύνης
1438 2337 1535 2419 αύταις
1549 2347 1634 2406 Οὐδὲν
1658 2344 1711 2426 γάρ
1734 2344 1818 2415 οὕτως

96 2453 165 2497 riae.
174 2452 234 2502 ren.
244 2439 291 2516 qui
304 2439 338 2499 de
348 2460 376 2498 sc
389 2440 524 2520 desperat,
535 2438 628 2498 audax
641 2439 770 2498 efficitur.
782 2443 893 2520 Impius
907 2440 991 2514 enim,
1045 2442 1218 2525 ἀναίσχυντον
1231 2450 1316 2513 ποιεῖ,
1329 2446 1365 2508 ὡς
1376 2439 1503 2521 ἁμαρτία.
1518 2438 1572 2499 Καί
1584 2437 1636 2517 μὴν
1655 2437 1818 2515 τούναντίον,

246 2532 345 2612 inquit,
365 2538 477 2597 carnin
496 2535 676 2617 profundum
693 2546 879 2614 peccatorum
903 2555 995 2594 oene-
1045 2536 1125 2618 φησί,
1141 2533 1355 2616 καταναισχύνει.
1376 2532 1496 2594 natm
1518 2530 1683 2611 καταγνόντα
1703 2535 1816 2603 ἑαυτοῦ,

245 2628 301 2697 rit,
328 2630 496 2685 coutemnit.
524 2624 672 2706 Impudens
702 2645 766 2685 vero
787 2624 911 2705 petulans
937 2625 994 2685 fue-
1045 2630 1089 2690 τόν
1104 2628 1132 2689 δὲ
1148 2626 1404 2710 ἀπηρυθριασμένσν,
1424 2625 1471 2686 καί
1485 2622 1647 2705 ἰταμώτερον
1662 2624 1817 2705 ἐργάζεται·

245 2718 299 2793 rit;
330 2718 454 2799 petulans
483 2732 574 2778 aretem
605 2717 698 2777 audax
726 2731 777 2776 est.
800 2719 852 2781 Vis
878 2718 992 2797 discere,
1043 2720 1383 2804 όγδιράπυγνοθςίαυτοῦ,
1398 2716 1493 2799 θρασὺς
1506 2716 1615 2796 γίνεται.
1629 2715 1740 2790 Ἀσεόὴς
1753 2715 1818 2796 γάρ,

244 2810 416 2889 quandonam
429 2809 606 2871 mansuetudo
619 2810 811 2871 consumatur?
826 2810 898 2871 Cum
916 2811 994 2873 mala
1044 2814 1132 2895 φησίν,
1156 2810 1237 2873 ἐλθὼν
1262 2815 1299 2879 είς
1323 2809 1400 2890 βάθος
1422 2815 1522 2883 κακῶν,
1543 2816 1713 2890 καταφρονεῖ.
1728 2807 1764 2869 Ὁ
1789 2807 1836 2869 δί-

245 2902 675 2985 cogitationesillampertrahunt.
687 2901 738 2962 Sed
752 2902 856 2962 etiamsi
868 2903 993 2964 hoccon·
1044 2906 1231 2985 ἀναίσχυντος,
1245 2903 1291 2964 καί
1315 2902 1407 2981 ίταμδς
1430 2901 1461 2960 ἀν
1482 2901 1539 2972 τίη·
1559 2905 1573 2961 ό
1596 2903 1624 2961 δὲ
1647 2898 1817 2978 ίταμδς,καί

245 2996 410 3074 tingat,qnia
422 2994 542 3055 nondum
552 2995 625 3054 canis
636 3008 688 3054 stat
697 2994 816 3053 multum
826 2994 937 3072 latrans,
945 3017 992 3056 ne·
1041 2995 1165 3078 1’θρασύς
1179 2997 1272 3057 Βούλει
1292 3001 1384 3073 μαθεῖν
1398 2993 1463 3054 πότι
1483 2993 1653 3053 ἀναλίσκεται
1668 2991 1816 3067 ίπιείκιιας

244 3108 297 3166 que
309 3088 348 3146 sic
360 3085 559 3168 desperandum
573 3100 623 3145 est.
637 3085 686 3145 Est
698 3086 799 3166 qnippe
813 3086 892 3146 nobis
904 3086 991 3147 sunda
1040 3088 1128 3150 Ὅταν
1142 3089 1251 3169 πονηροί
1265 3088 1388 3170 λογισμοί
1401 3086 1482 3160 αὐτὴν
1498 3089 1690 3164 διαμασῶνται.
1705 3086 1778 3147 Ἀλλ’
1790 3090 1813 3148 εί

244 3192 270 3237 et
285 3179 373 3260 lapis(
384 3179 457 3239 scitis
467 3178 542 3257 quod
556 3178 618 3238 dico
627 3182 649 3255 ),
658 3192 698 3237 est
710 3178 790 3237 nobis
805 3178 894 3256 hasta,
912 3178 990 3240 caula
1041 3183 1087 3242 καί
1097 3187 1173 3241 τοῦτο
1187 3180 1326 3259 συμόαίνει
1336 3227 1344 3254 ,
1355 3180 1396 3241 ότι
1409 3179 1445 3258 μὴ
1455 3184 1470 3239 ό
1480 3178 1550 3238 κύων
1560 3177 1657 3252 ἕστηκε
1670 3178 1742 3259 μίγα
1751 3183 1814 3241 θλα-

245 3284 270 3329 ct
281 3270 469 3343 stabulum‚in
484 3293 537 3350 quo
545 3269 719 3350 cogitationes
731 3270 828 3329 illaesas
841 3292 989 3332 servemus.
998 3277 1120 3370 ωκτῶν,
1133 3273 1189 3333 οὐδὲ
1202 3272 1282 3340 οὕτως
1303 3270 1494 3351 ἀπογινώσκειν
1508 3270 1574 3352 χρη.
1588 3270 1668 3331 Ἔστι
1679 3270 1733 3352 γάρ
1746 3277 1810 3349 ἡμῖν

245 3365 275 3424 Si
289 3365 363 3424 canis
376 3365 502 3425 aduletur
515 3364 624 3442 ovibus,
638 3364 764 3442 iuratque
777 3376 803 3422 et
816 3364 911 3443 vigilet
924 3387 991 3425 con-
1008 3388 1026 3433 ,ι
1042 3367 1087 3426 καί
1105 3365 1230 3448 σφενδόνη
1258 3364 1304 3425 καί
1321 3364 1392 3431 λίθος
1407 3362 1483 3439 (ίστε
1504 3365 1534 3424 τὸ
1552 3362 1720 3443 λεγόμενον),
1742 3363 1815 3424 ίστιν

168 3450 177 3470 ‘
245 3471 286 3517 tra
296 3472 433 3535 externos,
442 3459 500 3518 hac
510 3457 644 3517 virtusest
655 3455 824 3516 canis:licet
834 3457 943 3527 esuriat,
958 3479 991 3517 ne
1040 3464 1104 3537 ἡμῖν
1117 3458 1162 3518 καί
1176 3456 1254 3540 δορίι,
1267 3457 1312 3518 καί
1326 3458 1445 3538 μάνδρα,
1458 3457 1502 3514 καί
1516 3456 1610 3529 σηκὸς,
1623 3460 1650 3515 ἐν
1664 3447 1687 3538 ᾧ
1700 3455 1814 3538 φυλαίο-

244 3549 367 3608 comedat
377 3570 452 3625 oves;
466 3548 529 3608 licet
542 3562 617 3607 satur
629 3547 675 3622 sit,
686 3568 720 3607 ne
732 3561 825 3629 parcat
836 3549 917 3628 lupis.
930 3550 988 3608 Ta·
1043 3575 1090 3630 μεν
1098 3550 1157 3617 τοίις
1170 3550 1311 3630 λογισμοὺς
1327 3554 1434 3615 ἀσινεῖς.
1449 3548 1496 3608 Ἂν
1509 3553 1524 3608 δ
1537 3548 1607 3607 κύων
1624 3548 1701 3629 σαίνῃ
1720 3549 1769 3628 μὲν
1782 3546 1816 3609 ed

244 3639 279 3699 lis
292 3654 318 3699 et
332 3641 372 3699 ira
386 3641 422 3700 sit
436 3665 443 3697 ι
458 3640 520 3699 licet
534 3637 724 3714 mordeatur,a
738 3638 943 3699 mansuetudine
958 3661 992 3700 ne
1042 3643 1180 3725 πρόύατα,
1196 3644 1317 3724 ἀγριαίνῃ
1336 3641 1363 3703 δὲ
1383 3641 1451 3701 κατὰ
1472 3644 1525 3700 τῶν
1546 3640 1596 3708 ἔξω
1611 3640 1657 3700 καί
1676 3643 1815 3724 ἀγρυπνῇ,

244 3731 381 3810 discedat;
392 3733 454 3792 licet
461 3729 815 3811 quiescat,adversusmalas
821 3731 992 3811 cogitationes
1042 3743 1119 3796 τοῦτο
1140 3736 1220 3818 ἀρετὴ
1234 3735 1326 3801 κυνός·
1338 3735 1387 3792 κάν
1406 3733 1548 3813 λιμώττη,
1566 3732 1602 3808 μὴ
1623 3733 1748 3811 γεύεσθαι
1763 3739 1815 3795 τῶν

245 3825 377 3884 excitetur
392 3848 399 3882 ι
413 3822 530 3902 acquod
544 3844 626 3882 suum
637 3835 688 3899 est,
699 3820 761 3881 licet
772 3836 885 3903 pungat,
896 3844 929 3882 ne
944 3823 992 3882 de·
1043 3829 1198 3911 προὸάτων·
1222 3829 1270 3888 κᾶν
1294 3831 1321 3887 ἐν
1344 3830 1485 3907 πλησμονῇ
1499 3818 1518 3906 ᾖ
1526 3873 1533 3900 ,
1550 3824 1588 3904 μὴ
1607 3826 1743 3908 φείδεσθαι
1764 3832 1816 3888 τῶν

245 3932 324 3994 serat,
338 3917 387 3978 sed
398 3930 540 3999 agnoscat5
556 3915 629 3995 quod
650 3928 740 3974 autem
755 3916 872 3976 alienum
896 3931 946 3995 est,
959 3918 992 3975 li·
1042 3921 1137 3981 λύκων.
1151 3924 1276 3981 Τοιοῦτον
1288 3920 1332 3979 καὶ
1345 3919 1449 3997 όθυμός
1460 3943 1466 3956 ·
1477 3919 1524 3978 κάν
1537 3919 1679 3993 δάκνηται,
1692 3924 1744 3991 τῆς
1756 3923 1816 3981 ἐπι·

202 4048 213 4059 ,
246 4026 287 4071 cet
295 4011 432 4089 aduletur,
443 4008 605 4092 pessumdet.
617 4010 694 4089 Saepe
707 4008 831 4069 diabolus
850 4011 926 4089 quasi
947 4033 992 4071 ca-
1044 4013 1141 4082 εικείας
1154 4013 1192 4091 μὴ
1209 4013 1384 4094 ἀφίστασθαι·
1399 4012 1447 4070 κάν
1470 4015 1497 4071 ἐν
1512 4012 1611 4093 ἡσυχίᾳ
1631 4005 1663 4092 ᾖ,
1687 4014 1815 4095 διεγείρε-

247 4104 287 4162 nis
308 4103 444 4177 adulatur,
458 4103 505 4162 sed
518 4101 603 4162 sciant
622 4121 713 4160 ornnes
733 4100 853 4160 alienum
870 4123 934 4162 esse.
946 4103 992 4162 stc
1044 4111 1105 4165 σθαι
1113 4106 1178 4185 πρὸς
1186 4105 1246 4172 τοὺς
1255 4103 1384 4187 πονηρούς
1393 4102 1550 4183 λογισμούς·
1563 4104 1609 4163 καί
1618 4104 1649 4163 τὸ
1661 4105 1709 4183 μὲν
1722 4111 1816 4167 οἰκείαν

247 4210 272 4254 et
284 4217 332 4255 nos
345 4196 452 4273 virtuti,
465 4195 513 4254 etsi
527 4195 638 4254 molesta
652 4194 697 4268 sit,
705 4191 862 4266 adulemur;
874 4208 899 4254 et
912 4196 991 4254 mali-
1043 4199 1088 4258 καὶ
1113 4202 1229 4271 πλῆττον
1250 4195 1287 4276 μὴ
1302 4196 1522 4272 καταλιμπάνειν,
1545 4197 1602 4255 ἀλλ’
1620 4198 1814 4276 ἐπιγινώσκειν,

247 4289 324 4366 tiam,
335 4289 384 4348 etsi
400 4288 530 4364 latificet,
546 4307 709 4346 aversemur.
724 4288 765 4346 Ne
777 4287 862 4345 simus
881 4287 992 4347 canibus
1044 4291 1074 4350 τὸ
1098 4290 1127 4349 δὲ
1152 4288 1287 4369 ἀλλότριον
1310 4288 1355 4347 καί
1379 4297 1466 4348 σαῖνον
1483 4287 1667 4365 λυμαίνεσθαι.
1687 4290 1781 4351 Σαίνει
1800 4295 1816 4351 δ

246 4379 401 4455 deteriores,
416 4379 463 4458 qni
484 4377 612 4458 flagellati
631 4391 658 4437 et
680 4377 826 4453 constricti,
842 4400 894 4438 non
920 4380 992 4439 absi·
1009 4400 1026 4446 u
1043 4383 1164 4450 διάὸολος
1175 4380 1301 4448 πολλάκις
1312 4385 1347 4446 ὡς
1361 4385 1375 4440 ὁ
1387 4387 1399 4412 ⁸
1409 4378 1489 4454 κύων,
1503 4379 1573 4440 ἀλλά
1583 4380 1676 4460 γνώτω
1690 4391 1762 4457 πᾶς,
1773 4382 1814 4443 ὅτι

248 4486 330 4532 stunt.
338 4471 368 4532 si
379 4472 441 4531 illos
452 4485 541 4530 aretem
554 4483 647 4551 pascat
663 4468 777 4545 alienus,
788 4470 923 4548 quomodo
937 4491 990 4530 non
1043 4473 1177 4555 ἀλλάτριός
1192 4476 1271 4532 ἐστιν.
1286 4472 1365 4531 Οὕτω
1380 4470 1411 4542 δὴ
1424 4471 1470 4530 καί
1483 4476 1560 4550 ἡμεῖς
1578 4472 1626 4545 τὴν
1642 4475 1749 4554 ἀρετὴν,
1767 4472 1816 4534 κάν

247 4565 333 4645 magis
343 4561 555 4625 nooebuntttist
566 4559 711 4638 aliquando
722 4560 797 4619 utilis
811 4559 990 4637 ira,sedcum
1041 4570 1129 4645 λυπῇ,
1151 4567 1295 4643 σαίνωμεν·
1321 4565 1366 4624 καί
1394 4564 1441 4637 τὴν
1465 4564 1571 4635 κακίαν,
1597 4565 1646 4625 κάν
1669 4569 1813 4650 εὐφραίνῃ,

246 4663 326 4721 latrat
346 4673 439 4721 contra
453 4658 564 4718 alienos.
581 4653 656 4728 Quid
667 4669 706 4714 est
720 4655 799 4732 illud,
816 4658 873 4735 Qui
886 4663 988 4718 irasci·
1042 4656 1275 4738 ἀποστρεφόμεθα.
1290 4655 1336 4727 Μὴ
1351 4656 1488 4735 γενώμεθα
1499 4656 1601 4736 χείρους
1615 4662 1668 4716 τῶν
1678 4664 1776 4734 κυνῶν,
1790 4658 1816 4720 ol

246 4770 295 4816 tur
297 4757 397 4837 fratri
414 4772 466 4813 suo
486 4755 609 4810 temere?
622 4746 655 4807 ld
668 4761 718 4827 est,
736 4750 776 4807 Ne
794 4749 923 4810 ulciscere
940 4772 988 4811 nec
1042 4751 1227 4831 μαστιζόμενοι
1248 4750 1293 4809 καί
1314 4749 1457 4831 ἀγχόμενοι
1471 4754 1518 4809 οὐκ
1538 4749 1706 4831 ἀφίστανται.
1720 4751 1767 4812 Ἂν
1784 4750 1813 4813 ἀί

247 4847 355 4909 vindica
365 4846 484 4926 teipsum
496 4867 503 4900 ι
515 4840 538 4901 si
549 4839 633 4900 alium
642 4854 798 4922 pereuntem
810 4841 910 4917 videas,
926 4864 988 4924 por·
1041 4842 1134 4912 αὐτοθς
1151 4844 1196 4902 καί
1209 4842 1290 4923 τρέφῃ
1305 4840 1339 4902 ”o
1352 4840 1500 4922 ἀλλότριος,
1512 4844 1568 4910 πῶς
1582 4845 1612 4901 οὐ
1626 4844 1729 4925 μᾶλλον
1748 4843 1815 4925 βλά·

245 4940 303 5019 rige
317 4959 435 4998 manum.
451 4938 511 4997 Non
531 4933 583 4994 crit
603 4933 675 4993 ultra
692 4932 742 5010 ira,
756 4954 818 4993 curn
838 4955 853 4992 a
875 4936 987 5016 proprio
1040 4938 1148 5017 ψσυσινς
1162 4933 1255 4995 Ἔστιν
1270 4935 1312 4994 ότι
1324 4933 1455 5015 χρήσιμος
1467 4937 1481 4992 ό
1493 4932 1589 5012 θυμὸς,
1600 4936 1660 4994 ἀλλ’
1673 4933 1736 4995 ἀιαν
1749 4936 1815 4995 ὕλα-

275 5130 286 5153 ν
297 5114 343 5163 atti
354 5122 391 5167 καὶ
404 5120 498 5184 λιπαρὸν
508 5120 609 5167 ποιείτω.
1083 5128 1094 5151 ·
1105 5112 1151 5163 Atti
1163 5120 1174 5167 δ
1190 5118 1246 5165 κύων
1258 5117 1340 5166 τίθεται
1350 5120 1386 5165 δτι
1396 5117 1524 5182 ἀλλότριος.

274 5195 288 5231 ¹»
299 5191 345 5241 Alii
357 5197 447 5261 opacis.
459 5198 502 5259 δρα
517 5205 563 5248 πῶς
574 5195 717 5241 ἀναλίσκεται
733 5195 849 5242 ἐπιείκεια.
1083 5194 1096 5230 Β
1106 5199 1239 5261 ἀλλότριος,
1252 5202 1288 5247 καί
1302 5195 1360 5244 οὕτω
1370 5196 1497 5259 βλάπτουσι
1504 5230 1511 5255 ,
1522 5191 1558 5242 sic
1569 5189 1620 5245 alii.
