3728 5978
567 425 601 472 ΙΝ
627 424 736 472 ΕΡΙΕΤ.
764 423 811 468 ΑΙ)
836 423 920 491 llOM.
949 423 1067 473 llOlllL.
1096 425 1144 472 tx.

56 550 106 608 οὐκ
125 548 215 629 ἠρέμα
241 546 287 608 καί
310 545 379 607 κατδι
401 546 495 629 μικρὸν
517 551 589 626 ἡμᾶς
614 546 747 626 ἐτίμησεν,
772 547 831 606 ἀλλ’

57 644 152 723 ἀθρόον
174 643 222 716 τὴν
246 641 336 720 πηγὴν
358 645 410 700 τῶν
426 646 531 722 ἀγαθῶν
555 641 657 722 ἐξέχεε,
679 640 725 701 καί
747 643 833 698 ταῦτα

56 737 110 815 πρὸ
120 741 173 794 τῶν
188 733 309 814 ἀγώνων.
324 731 409 793 Ὥστε
425 733 474 792 κάν
489 733 526 812 μὴ
541 733 641 814 σφόδρα
652 724 683 812 ᾖς
694 731 762 801 ἄξιος
773 774 782 805 ,
795 725 831 808 μὴ

56 826 239 905 ἀπεγίνωσκε,
251 825 319 906 έχων
335 825 452 904 μεγάλην
469 826 611 906 συνήγορον
626 831 671 883 τοῦ
683 823 833 890 δικάζοντος

56 918 106 991 τὴν
121 920 238 998 ἀγάπην.
248 918 300 978 Διά
313 916 366 999 γὰρ
375 923 452 977 τοῦτο
465 918 511 976 καί
521 917 598 984 αὐτὸς
609 914 702 989 εἰπὼν,
713 913 748 974 ‘ll
757 911 832 979 ἐλπίς

57 1012 87 1067 οὐ
115 1008 301 1089 καταισχύνει,
323 1011 352 1068 οὗ
375 1017 430 1076 τοῖς
458 1008 596 1087 ἡμετέροις
619 1004 831 1085 κατορθώμασιν,

58 1101 171 1179 ἀλλάτῇ
186 1102 278 1180 ἀγάπῃ
295 1106 340 1159 τοῦ
356 1104 427 1160 Θεοῦ
437 1101 467 1160 τὸ
478 1109 530 1157 πᾶν
544 1099 680 1170 ἀνέθηκεν.
697 1094 788 1155 Εἰπὼν
803 1092 831 1152 δέ

56 1198 104 1251 τοῦ
119 1191 271 1269 Πνεύματος
285 1192 333 1265 τὴν
357 1191 437 1265 δόσιν,
458 1191 611 1268 μεταδαίνει
636 1188 716 1247 πάλιν
739 1184 830 1244 λοιπὸν

57 1285 103 1344 ἐπὶ
116 1285 161 1343 τὸν
183 1284 305 1364 σταυρὸν,
318 1284 403 1364 λέγων
417 1282 515 1349 οὕτως·
528 1279 592 1341 Ἔτι
605 1279 655 1359 γθιρ
670 1276 829 1359 όΧριστὸς,

1561 398 1632 476 565

885 544 944 604 haec
970 545 1071 606 indicat
1083 591 1093 623 ,
1113 544 1188 625 quod
1212 566 1264 606 non
1284 546 1382 605 sensim
1413 560 1439 606 et
1468 547 1631 629 pedetentim

886 656 935 693 nos
946 636 1135 713 honoraverit,
1159 636 1206 696 sed
1218 638 1319 696 sontem
1332 637 1465 697 bonorum
1482 639 1564 700 simul
1578 641 1630 700 de-

884 726 971 802 derit3
985 742 1011 788 et
1025 729 1077 788 hoc
1089 743 1151 788 ante
1162 730 1316 789 cortamina.
1331 731 1513 813 Quapropter,
1524 731 1630 793 etiamsi

885 841 938 879 non
952 820 989 879 sis
1001 819 1148 881 admodum
1160 822 1260 902 dignus
1266 867 1276 900 ,
1288 844 1321 881 ne
1334 823 1472 903 desperes,
1484 845 1546 883 cum
1555 825 1629 907 apud

882 910 1003 991 judicem
1013 926 1157 992 patronum
1171 913 1280 990 habeas,
1295 935 1390 995 nempe
1403 914 1550 977 caritatem.
1565 917 1630 977 ldeo

880 1001 932 1062 'ille
943 1025 1004 1062 cum
1020 1004 1149 1082 dixisset,
1165 1006 1232 1086 Spes
1249 1026 1307 1063 non
1323 1009 1490 1087 confundit,
1505 1029 1559 1068 non
1569 1012 1630 1090 ope·

884 1094 960 1153 ribus
981 1095 1099 1171 nostris,
1126 1095 1175 1155 sed
1198 1096 1248 1155 Dei
1269 1094 1406 1156 dilectioni
1423 1111 1509 1157 totum
1527 1102 1628 1161 retulit.

886 1189 1030 1266 Postquam
1044 1189 1177 1270 Spiritum
1195 1189 1290 1248 datum
1305 1189 1395 1264 dixit,
1417 1191 1513 1251 transit
1535 1214 1629 1253 rursus

884 1279 920 1339 ad
933 1301 1057 1351 erucem,
1079 1281 1118 1340 sie
1129 1282 1221 1340 dicens
1238 1305 1244 1338 :
1261 1284 1291 1341 6.
1308 1275 1419 1341 Adhuc
1442 1288 1519 1343 enim
1539 1287 1629 1344 ctri-

56 1377 224 1454 όντωνημῶν
240 1380 364 1450 ἀσθενῶν,
380 1376 448 1435 κατίι
457 1373 548 1454 καιρὸν
563 1372 630 1454 ὑπὲρ
644 1372 747 1431 ἀοιδῶν
761 1368 829 1429 ἀπί-
839 1419 875 1458 Μ,
886 1388 960 1448 stus,
972 1396 1037 1433 cum
1052 1376 1163 1456 infirmi
1181 1396 1317 1447 essemus,
1341 1378 1501 1435 secundum
1519 1390 1629 1458 tempus

57 1472 129 1525 θανε.
148 1467 232 1534 Μολις
249 1467 300 1548 γὰρ
314 1468 381 1549 ὑπὲρ
394 1466 495 1553 δικαίου
508 1489 549 1533 τις
562 1469 747 1524 ἀποθανεῖται·
763 1460 829 1539 ὑπὲρ
848 1475 868 1521 Α
882 1487 936 1546 pro
948 1470 1044 1546 impiis
1057 1480 1186 1525 mortuus
1205 1479 1258 1526 est.
1277 1469 1304 1525 7.
1321 1469 1379 1525 Vix
1390 1472 1468 1526 enim
1484 1489 1540 1549 pro
1547 1473 1628 1554 justo
1701 1509 1705 1516 ι

57 1557 110 1636 γὰρ
124 1564 170 1617 τοῦ
183 1562 281 1636 ἀγαθοῦ
296 1558 367 1638 τάχα
380 1583 420 1625 τις
433 1557 478 1616 καὶ
494 1559 580 1636 τολμᾷ
600 1560 749 1615 ἀποθανεῖν.
763 1554 830 1611 Συν-

59 1649 150 1720 ίστησι
165 1647 193 1706 δί
207 1648 255 1721 τὴν
271 1653 365 1709 ἑαυτοῦ
376 1648 482 1728 ἀγάπην
496 1651 533 1716 εἰς
546 1653 618 1725 ἡμᾶς
632 1651 646 1705 δ
659 1645 736 1712 Θεός.
750 1643 789 1702 Ὃ
802 1641 830 1702 δέ

57 1740 146 1818 λέγει,
171 1741 286 1800 τοιοῦτόν
308 1743 395 1801 ἐστιν·
411 1743 434 1799 εἰ
447 1740 500 1821 γάρ
513 1738 581 1820 ὑπὲρ
594 1737 686 1817 ἀνδρὸς
707 1734 829 1816 ἐναρέτου

58 1833 106 1888 οὐκ
122 1830 153 1887 ἀν
167 1829 253 1890 ἐλοιτό
265 1856 305 1898 τις
316 1831 419 1911 ταχέως
429 1834 577 1904 ἀποθανεῖν,
588 1827 709 1899 ἐννόησον
721 1833 768 1886 τοῦ
780 1828 831 1885 Δε-

60 1922 159 1981 σπότου
180 1947 226 1983 σου
242 1923 291 1996 τὴν
302 1925 419 2003 ἀγάπην,
431 1924 492 1983 όταν
508 1922 545 2001 μὴ
561 1920 628 2001 ὑπὲρ
639 1918 768 2000 ἐναρίτων
784 1921 830 1977 αὐ·

57 2016 117 2088 τδς,
142 2016 201 2074 ἀλλ’
229 2015 295 2097 ὑπέρ
318 2018 484 2098 ἁμαρτωλῶν
510 2015 555 2075 καί
579 2015 680 2095 ἐχθρῶν
705 2010 829 2093 φαίνηται

60 2106 218 2185 σταυρωθείς
230 2129 237 2144 ·
251 2105 316 2186 ὅπερ
329 2108 374 2166 καί
396 2106 463 2185 perd
485 2106 569 2166 ταῦτά
589 2128 668 2185 φησιν
679 2127 687 2142 ·
699 2101 781 2175 Ὅτι,
797 2103 829 2176 εί,

60 2198 225 2277 ἁμαρτωλῶν
234 2202 311 2277 ἡμῶν
319 2199 410 2274 όντων,
420 2199 532 2280 Χριστὸς
539 2197 607 2278 ὑπὲρ
617 2200 694 2274 ἡμῶν
706 2194 830 2268 ἀπέθανε,

60 2291 151 2371 πολλῷ
168 2280 212 2350 σύν
235 2294 345 2369 μᾶλλον,
360 2290 541 2358 δικαιωθέντες
560 2296 605 2348 νῦν
626 2292 652 2348 ἐν
675 2291 714 2367 τῷ
736 2285 830 2365 αἵματι

61 2385 158 2454 αὐτοῦ,
177 2383 350 2462 σωθησόμεθα
364 2386 397 2442 δι’
414 2387 493 2443 αὐτοῦ
507 2382 560 2441 ἀπὸ
570 2386 617 2452 τῆς
630 2384 718 2459 ὀργῆς.
733 2380 766 2437 Εἰ
778 2376 830 2459 γὰρ

884 1563 949 1640 quis
961 1563 1103 1618 moritur:
1117 1579 1187 1617 nam
1203 1579 1256 1638 pro
1271 1561 1485 1639 bonosorsitan
1495 1566 1561 1641 quis
1571 1582 1627 1621 αα-

884 1652 954 1710 deat
976 1655 1059 1709 mori.
1079 1650 1109 1710 8.
1135 1652 1328 1710 Commendat
1349 1665 1448 1711 autem
1473 1656 1627 1712 caritatem

884 1763 968 1801 suam
981 1744 1061 1801 Deus
1081 1763 1152 1823 erga
1172 1763 1233 1802 nos.
1248 1742 1283 1802 ld
1298 1757 1356 1803 est:
1375 1743 1405 1804 Si
1417 1744 1487 1804 enim
1502 1766 1552 1826 pro
1567 1745 1628 1807 viro

885 1833 985 1893 virtute
1008 1833 1143 1914 predito,
1165 1855 1245 1892 nemo
1258 1835 1326 1893 sorte
1346 1836 1416 1895 mori
1431 1835 1516 1915 velit,
1539 1837 1628 1916 cogita

884 1924 995 1985 Domini
1006 1925 1046 1985 tui
1058 1924 1227 1985 dilectionem
1239 1972 1249 2004 ,
1265 1928 1311 2005 qui
1323 1947 1377 1985 non
1386 1947 1436 2008 pro
1446 1927 1549 1989 virtute
1559 1950 1628 2010 prae·

883 2019 948 2080 ditis
960 2066 970 2098 ,
985 2020 1032 2080 sed
1043 2042 1093 2103 pro
1106 2021 1291 2102 peccatoribus
1303 2036 1330 2081 et
1346 2021 1464 2083 inimicis
1478 2025 1628 2085 crucifixus

883 2108 958 2170 visus
974 2122 1031 2185 est,
1046 2108 1074 2167 id
1087 2108 1161 2188 quod
1181 2109 1262 2167 etiam
1276 2123 1366 2190 postea
1380 2109 1449 2169 dicit
1464 2134 1471 2168 ι
1490 2114 1568 2191 Quia
1578 2116 1625 2186 si,

884 2221 951 2259 cum
963 2221 1015 2260 nos
1023 2214 1188 2281 peccatores
1208 2221 1355 2273 essemus,
1377 2206 1407 2262 9.
1423 2205 1557 2264 Clsm'stus
1573 2226 1628 2285 pro

887 2291 970 2347 nobis
981 2302 1112 2347 mortuus
1131 2302 1173 2348 est
1184 2313 1196 2358 ;
1216 2290 1308 2348 multo
1321 2296 1415 2371 magis
1426 2312 1504 2352 nuuc
1511 2297 1629 2377 justifi-

885 2389 946 2442 cati
956 2388 1141 2465 insanguine
1151 2388 1252 2465 ipsius,
1264 2386 1341 2444 salvi
1352 2392 1458 2446 erimus
1469 2390 1507 2446 αθ
1520 2392 1566 2448 ira
1575 2411 1629 2470 per

60 2474 149 2554 ἐχθροὶ
163 2475 234 2542 ὄντες
246 2477 451 2555 κατηλλάγημεν
474 2479 512 2555 τῷ
525 2476 588 2553 Θεῷ
603 2472 646 2532 δεδι
659 2477 705 2531 τοῦ
717 2472 829 2531 θανάτου
848 2487 867 2533 Β
885 2480 990 2556 ipsum.
1004 2479 1052 2535 10.
1067 2477 1194 2535 sienim
1206 2497 1272 2535 cum
1290 2481 1403 2536 inimici
1422 2498 1558 2552 essemus,
1580 2504 1628 2541 re-

58 2573 104 2624 τοῶ
120 2567 183 2625 Υίοῢ
203 2570 302 2642 αὐτοῦ,
323 2569 415 2646 πολλῷ
431 2568 531 2645 μᾶλλον
550 2565 760 2642 καταλλαγέντες
772 2588 829 2624 σω·

61 2657 195 2734 θησόμεθα
206 2660 232 2716 ἐν
243 2664 275 2738 τῇ
285 2662 338 2738 ζωῇ
350 2663 436 2718 αὐτοῦ.
449 2659 463 2688 *
473 2658 525 2717 Καί
538 2658 607 2716 δοκεῖ
619 2656 829 2734 μένταυτολογία

61 2737 127 2807 εἰναι
143 2748 178 2808 τδι
198 2750 341 2831 εἰρημένα,
365 2756 411 2810 οθκ
424 2751 481 2810 ἔστι
495 2749 522 2809 δὲ
547 2754 586 2829 τῷ
611 2748 678 2827 μετίι
694 2748 830 2828 ἀκριόείας

60 2841 330 2922 προσέχοντι.Σκόπει
338 2843 374 2905 δέ·
385 2843 506 2922 βούλεται
515 2841 700 2903 πιστώσασθαι
709 2840 829 2922 περὶτῶν

61 2932 210 3010 μελλόντων
232 2935 340 3002 αὐτούς1
355 2935 401 2993 καὶ
415 2939 519 3015 πρῶτον
534 2935 581 3012 μὲν
596 2933 649 2992 ἀπὸ
666 2936 714 3004 τῆς
727 2937 772 2990 τοῦ
787 2932 830 2990 δι-

59 3024 136 3084 καίου
158 3024 266 3106 γνώμης
289 3026 423 3107 ἐντρέπει,
445 3025 536 3100 εἰπὼν,
558 3018 599 3086 δτι
627 3024 828 3105 ἐπληρορορήθη

60 3122 192 3190 κάκεῖνος,
205 3118 272 3178 Ὅτι
284 3119 299 3178 θ
312 3120 473 3197 ἐπήγγελται
489 3119 575 3193 Θεὸς,
590 3118 698 3185 δυνατός
718 3116 830 3177 ἐστικαὶ

59 3214 188 3282 ποιῆσαι·
202 3211 295 3270 ἔπειτα
314 3212 366 3270 ἀπὸ
383 3216 431 3282 τῆς
443 3212 552 3292 χάριτος
562 3217 610 3283 τῆς
623 3210 757 3283 δοθείσης,
774 3199 830 3267 εἶτα

58 3308 70 3332 “
79 3303 133 3361 ἀπὸ
149 3308 202 3362 τῶν
213 3304 334 3384 θλίψεων,
351 3304 492 3364 detinuisti
506 3307 543 3370 εἰς
567 3305 662 3364 ἐλπίδα
675 3308 749 3380 ἡμᾶς
762 3305 828 3381 ἀγα·

59 3403 129 3474 γεῐν·
141 3395 186 3453 καί
200 3397 308 3458 ἀπὸτοῦ
323 3398 477 3474 Πνεύματος
493 3398 573 3457 πάλιν
585 3390 665 3476 οὗπερ
679 3397 808 3474 ἐλάθομεν
822 3417 830 3432 ·

59 3488 151 3546 λοιπὸν
166 3488 193 3548 δέ
211 3489 257 3548 καί
277 3490 329 3550 ἀπὸ
353 3496 399 3548 τοῦ
423 3490 534 3549 θανάτου
554 3490 599 3548 καί
628 3493 675 3560 τῆς
698 3487 830 3569 ἡμετέρας
848 3490 866 3538 C

59 3580 155 3648 κακίας
167 3587 214 3654 τῆς
231 3583 377 3664 ἔμπροσθεν
390 3590 466 3643 τοῦτο
480 3583 745 3651 κατασκευάζει.Καί
760 3585 830 3642 δοκεῖ

60 3673 119 3751 μὲν,
132 3674 196 3753 ὅπερ
211 3676 289 3755 έμθην
304 3674 395 3746 εἰπὼν,
412 3676 439 3734 έν
457 3667 524 3735 εἰναι
543 3678 574 3735 τὸ
597 3677 744 3756 εἰρημένον,
759 3675 831 3755 εὑρί-

59 3790 152 3825 σκεται
168 3765 196 3825 δέ
215 3768 260 3826 καί
275 3768 319 3827 δύο
332 3769 377 3827 καί
394 3768 454 3850 τρία
468 3768 513 3828 καί
527 3771 618 3848 πολλῷ
632 3769 741 3828 πλείονα
751 3769 829 3828 ὄντα·

58 3864 163 3939 πρῶτον
176 3859 233 3938 μέν,
246 3860 286 3919 ότι
302 3861 429 3920 ἀπέθανε·
445 3862 562 3941 δεύτερον
574 3861 602 3921 δὲ
610 3906 619 3933 ,
635 3860 675 3921 ότι
691 3861 758 3942 ὑπὲρ
769 3865 831 3922 ἀσε·

59 3952 131 4011 δῶν·
151 3953 236 4031 τρίτον
252 3952 298 4027 δέ,
312 3953 353 4013 ότι
368 3954 539 4027 κατήλλαξεν,
552 3954 592 4013 ότι
606 3952 713 4028 ἔσωσεν,
728 3953 768 4013 δτι
779 3957 831 4015 ἐδι-

59 4044 186 4116 καίωσεν,
197 4044 237 4105 ότι
251 4047 394 4113 ἀθανάτους
406 4046 538 4119 ἐποίησεν,
556 4045 596 4104 ότι
608 4045 678 4115 υίοθς
690 4046 831 4125 εἰργάσατο

58 4136 106 4194 καί
128 4136 313 4215 κληρονόμους.
333 4143 374 4198 Οὐ
389 4139 474 4198 τοίνυν
489 4139 542 4197 ἀπὸ
562 4144 606 4197 τοῦ
629 4137 741 4197 θανάτου
753 4138 831 4215 μόνον

59 4227 238 4309 ἰσχυρίζεσθαι
257 4230 330 4310 χρὴ,
345 4232 433 4310 φησὶν,
446 4232 514 4292 ἀλλὰ
529 4232 575 4291 καί
590 4231 701 4292 ἀπὸτοῦ
715 4232 831 4298 δοθέντος

56 4327 122 4398 ἡμῖν
138 4321 181 4380 διὰ
193 4328 238 4381 τοῦ
248 4323 372 4382 θανάτου·
388 4323 473 4383 καίτοι
484 4349 514 4405 γε
528 4327 550 4384 εἰ
565 4323 609 4383 καί
620 4323 740 4395 τεθνήκει
753 4323 830 4402 μόνον

57 4412 126 4494 ὑπὲρ
141 4418 217 4490 ἡμῶν
227 4414 350 4473 τοιούτων
364 4416 455 4486 ὄντοιν,
467 4416 590 4496 μέγιστον
606 4409 637 4488 ἦν
652 4417 747 4494 δεῖγμα
764 4417 831 4496 ἀγοί-

885 2570 1039 2628 conciliati
1057 2589 1158 2628 sumus
1179 2571 1243 2628 Deo
1261 2591 1315 2649 per
1334 2584 1455 2630 mortem
1466 2574 1541 2654 Ftttt
1551 2579 1624 2656 ejus,

885 2664 977 2722 multo
990 2667 1083 2743 magis
1094 2664 1278 2722 reconciliati
1287 2664 1364 2722 salvi
1382 2669 1488 2726 erimus
1510 2671 1543 2725 ιἰι
1560 2673 1627 2728 vito

885 2762 983 2838 ipsius.
995 2759 1059 2816 llaee
1068 2758 1142 2816 dicta
1157 2759 1269 2838 repetita
1281 2756 1425 2831 videntur,
1443 2781 1495 2819 non
1506 2777 1568 2821 sunt
1582 2777 1624 2823 tu-

884 2868 945 2906 men
951 2891 961 2918 ,
975 2847 997 2905 si
1013 2847 1072 2924 quis
1082 2861 1180 2906 attente
1189 2845 1345 2905 consideret.
1361 2847 1507 2908 Considera
1519 2865 1625 2910 autem:

884 2939 945 2998 vult
958 2939 1012 2998 illis
1026 2938 1109 2998 fidem
1122 2941 1207 2997 lacere
1220 2937 1254 2996 de
1266 2939 1364 3015 [utonis
1379 2964 1386 2996 z
1400 2954 1426 2999 et
1436 2941 1526 3022 primo
1535 2963 1550 3000 ο
1557 2944 1626 3024 justi

884 3030 1013 3089 sententia
1023 3029 1085 3088 illos
1094 3028 1247 3109 pudefacit,
1258 3051 1318 3089 cum
1326 3031 1407 3108 dicit,
1420 3032 1518 3093 Adhuc
1527 3033 1625 3095 certior

882 3123 969 3181 sactus
984 3135 1024 3181 cst
1046 3121 1109 3197 ille,
1130 3121 1196 3201 quia
1211 3121 1286 3200 quod
1305 3124 1429 3202 promisit
1446 3127 1520 3184 Deus
1539 3139 1626 3207 potest

883 3214 993 3293 exsequi
1001 3237 1011 3293 ς
1027 3212 1126 3273 deinde
1140 3234 1155 3272 ο
1171 3213 1256 3293 gratia
1271 3214 1350 3290 θεῖος
1364 3229 1456 3296 postea
1477 3219 1625 3278 atrihrda-
1655 3238 1660 3247 “

883 3306 1013 3383 tionibus,
1028 3304 1092 3385 quia
1101 3318 1212 3386 possunt
1226 3304 1278 3363 illae
1290 3326 1337 3364 nos
1351 3306 1378 3364 in
1390 3328 1464 3387 spem
1479 3307 1624 3386 inducere3

883 3419 914 3457 nc
928 3420 1035 3457 rursum
1048 3421 1063 3458 a
1080 3398 1184 3478 Spiritu
1196 3441 1206 3474 ,
1222 3419 1303 3476 quem
1314 3399 1485 3480 accepimus,
1498 3401 1626 3461 demum·

883 3513 937 3570 que
954 3513 969 3549 a
987 3505 1071 3550 morte
1094 3504 1119 3549 ct
1133 3513 1148 3549 a
1163 3491 1277 3572 pristina
1304 3492 1422 3570 nequitia
1441 3508 1531 3554 nostra
1555 3494 1626 3554 illud

883 3585 988 3664 probat.
1001 3583 1036 3641 Et
1047 3582 1156 3641 videtur
1165 3582 1275 3662 quidem
1286 3628 1295 3660 ,
1309 3597 1339 3641 ut
1354 3582 1430 3659 dixi,
1444 3607 1528 3644 uuum
1539 3586 1625 3646 idem·

883 3697 934 3754 que
951 3673 1094 3752 essequod
1113 3672 1235 3751 dicitur,
1255 3672 1301 3733 sed
1314 3674 1370 3734 duo
1383 3689 1409 3735 et
1424 3676 1474 3735 tria
1489 3690 1515 3736 et
1538 3679 1625 3739 multo

883 3768 961 3848 plura
977 3767 1146 3847 reperiuntur
1165 3789 1171 3822 ι
1193 3767 1312 3846 primum
1321 3812 1330 3843 ,
1346 3767 1421 3845 quod
1436 3783 1559 3829 mortuus
1574 3771 1626 3847 sit;

883 3857 1047 3934 secundum,
1057 3856 1130 3935 quod
1143 3879 1192 3938 pro
1204 3858 1296 3938 impiis
1304 3882 1312 3933 ς
1321 3859 1442 3932 tertium,
1453 3858 1526 3938 quod
1536 3883 1628 3921 recou-

884 3952 1038 4023 ciliaverit,
1060 3951 1174 4010 salutem
1195 3950 1318 4025 dederit,
1330 3953 1520 4031 justificaverit
1536 3999 1545 4027 ,
1570 3954 1627 4013 im·

885 4044 1010 4103 mortales
1042 4042 1216 4118 reddiderit,
1247 4043 1321 4122 quod
1353 4044 1424 4104 filios
1454 4039 1482 4104 et*
1514 4045 1627 4105 heredes

884 4136 983 4196 lecerit.
1004 4139 1064 4196 Non
1077 4135 1159 4216 igitur
1182 4157 1197 4194 a
1215 4148 1300 4194 morte
1325 4151 1431 4197 tuntum
1455 4138 1626 4198 corroborari

884 4243 1004 4310 oportet,
1020 4230 1075 4307 ait,
1088 4228 1224 4287 sedetiam
1236 4251 1251 4287 a
1266 4229 1339 4288 dono
1352 4251 1401 4310 per
1419 4244 1532 4290 mortem
1542 4231 1628 4291 ⁴nobis

884 4323 997 4382 collato:
1012 4343 1176 4402 quamquam
1184 4368 1193 4400 ,
1206 4323 1228 4382 si
1240 4337 1364 4381 mortuus
1377 4337 1445 4383 esset
1459 4338 1564 4386 tantum
1577 4345 1627 4407 pro

884 4418 961 4478 nobis
978 4419 1025 4497 qui
1045 4418 1112 4477 tales
1129 4439 1240 4494 sumus,
1255 4418 1408 4477 maximum
1428 4420 1527 4479 amoris
1545 4439 1627 4499 argu·

57 4528 111 4575 της
125 4504 154 4563 τό
175 4505 365 4586 γεγενημένον·
386 4508 449 4567 όταν
472 4509 498 4566 δὲ
513 4508 637 4588 ραίνηται
651 4508 697 4567 καί
716 4511 830 4583 ἀποθνή-
847 4507 867 4554 D
884 4527 1004 4571 mentum
1017 4524 1101 4585 esset,
1116 4510 1143 4569 id
1158 4509 1231 4588 quod
1253 4512 1354 4569 sactum
1374 4519 1429 4586 est}
1450 4533 1512 4571 cum
1534 4524 1628 4572 autem

59 4622 129 4656 σκων
153 4595 352 4677 θδωρούμενος,
381 4599 426 4657 καί
447 4607 557 4659 τοιαῦτα
584 4600 761 4683 δωρούμενος,
784 4602 831 4662 καί

57 4689 184 4756 τοιούτοις
198 4682 272 4761 odos,
294 4702 381 4749 πᾶσαν
393 4692 541 4770 θπερόολὴν
556 4692 719 4774 ἀποκρύπτει
733 4693 767 4753 τδι
782 4720 830 4776 γε-

56 4781 206 4859 γενημένα,
221 4782 266 4839 καὶ
280 4782 323 4840 τὸν
336 4782 436 4862 σρόδρα
448 4782 603 4855 ἀναίσθητον
619 4788 654 4851 εἰς
662 4783 751 4845 πίστιν
763 4786 830 4864 ἀγει.

59 4872 131 4932 Οὐδὲ
151 4872 202 4952 γδιρ
219 4874 299 4939 ἄλλος
320 4874 390 4933 ἐστίν
403 4879 416 4933 ὁ
431 4875 534 4952 μέλλειν
553 4875 643 4944 σώζειν
662 4883 750 4956 ἡμᾶς,
771 4881 829 4939 ἀλλ’

96 5083 108 5107 ⁸
127 5084 166 5148 [Α.
180 5088 238 5138 δοκεῖ
248 5090 291 5151 μὶν
303 5086 360 5149 οἰκ]

97 5178 106 5202 ·
125 5164 172 5228 [Α.
183 5172 228 5217 ἀπὸ
240 5176 280 5222 τῆς
292 5170 416 5232 θλίψεως...
431 5172 460 5224 εἰς
473 5168 562 5223 ἐλπίδας
575 5165 584 5228 ]

884 4617 984 4663 constet
998 4601 1077 4662 illum
1090 4602 1246 4661 morientem
1257 4602 1328 4661 dona
1339 4617 1383 4679 ,et
1399 4617 1472 4662 tanta
1481 4602 1552 4662 dona
1571 4604 1627 4663 lar·

885 4698 971 4776 gitum
986 4717 1057 4770 esse,
1074 4695 1174 4754 talibus
1188 4695 1362 4774 hominibus,
1374 4710 1479 4756 omnem
1490 4695 1628 4776 hyperbo-

884 4788 926 4847 len
940 4802 1068 4869 superant
1081 4809 1126 4864 ea,
1140 4807 1200 4866 quse
1214 4786 1282 4845 lacta
1299 4801 1379 4864 sunt,
1404 4801 1429 4847 et
1440 4785 1628 4866 velstupidis-

885 4879 984 4939 simum
996 4879 1032 4939 ad
1045 4879 1128 4938 fidem
1143 4876 1288 4937 deducent.
1307 4881 1400 4957 Neque
1411 4879 1482 4938 enim
1496 4879 1568 4938 alius
1582 4900 1626 4939 sa·

907 5091 919 5127 t
936 5090 945 5154 l
958 5099 995 5141 καί
1008 5100 1066 5138 ente
1080 5093 1133 5158 θωρ,
1148 5085 1246 5138 addunt
1259 5090 1286 5137 t.
1295 5099 1320 5138 et
1332 5104 1410 5153 marg.
1423 5087 1495 5152 Suu]
