3728 5978
120 441 185 517 152
453 463 483 512 s.
509 460 650 512 soanurs
675 458 860 512 cunrsosr.
891 460 1050 512 anenmr.
1078 458 1349 512 consutumnor.

154 590 183 647 5.
204 587 317 662 Viden',
333 586 468 667 quomodo
493 584 639 646 oeoonomia
662 607 716 647 non
738 599 859 667 tempore
951 587 1049 670 Ὁρᾷς,
1061 591 1118 654 πῶς
1131 586 1190 648 οὐδὲ
1210 587 1298 669 χρόνῳ
1315 584 1513 659 διακόπτεταιή
1528 586 1688 665 οἰκονομίας

114 680 267 749 scindite?
281 681 350 740 Cum
366 679 497 761 profugus
509 691 589 756 esset,
606 697 670 739 oum
686 676 856 761 peregrinus,
909 677 978 740 Ὅτε
991 684 1043 761 γὰρ
1055 678 1139 759 φυγδις
1154 670 1198 752 ήν,
1213 680 1257 740 θτι
1277 678 1363 752 iisse,
1376 677 1421 740 δτι
1433 676 1516 738 πολθν
1529 676 1627 759 χρόνον
1637 678 1682 739 ἐπὶ

113 793 176 833 eum
189 773 276 833 multo
290 787 409 854 tempore
426 772 455 830 in
470 771 557 831 aliena
576 784 647 830 terra
667 771 817 850 mansisset,
833 784 858 830 et
909 775 958 843 τῆς
969 771 1109 853 ἀλλοτρίας
1123 770 1279 846 πεποίηκενς·
1286 775 1324 839 ὣς
1337 771 1384 831 καί
1397 772 1493 838 παῖδας
1505 775 1620 844 ποιῆσαι
1632 771 1686 844 δύο,

113 866 185 926 filios
196 866 265 926 duos
275 865 443 946 susoepisset,
456 885 518 924 eum
532 884 585 923 non
595 863 666 923 ultra
679 863 797 923 reditum
810 884 858 922 ex-
909 863 953 927 θτε
972 862 1060 924 οὐκέτι
1079 861 1272 942 προσεδόκησεν
1290 861 1473 944 ἀναστρέφειν,
1491 860 1553 922 τότε
1572 862 1685 942 ἄγγελος

112 971 251 1038 spectaret,
270 970 335 1016 nino
352 955 463 1036 augelus
480 954 532 1036 ipsi
549 968 671 1035 apparet.
685 954 788 1013 Filium
807 954 867 1028 Dei
910 960 981 1040 αὐτῷ
991 954 1164 1036 ἐπιφαίνεται.
1175 953 1229 1017 Τθν
1244 953 1309 1014 Υίθν
1322 960 1369 1014 τοῦ
1381 958 1451 1015 Θεοῦ
1462 953 1574 1034 ἄγγελον
1588 956 1684 1026 καλαὶ,

112 1064 191 1109 vocat
210 1049 346 1131 angelum,
357 1062 387 1107 ut
406 1062 432 1107 et
449 1046 596 1107 hominem.
609 1046 647 1107 Et
661 1047 709 1107 ubi
728 1046 859 1128 apparet?
908 1049 1028 1129 καθάπερ
1051 1048 1098 1108 καὶ
1114 1047 1261 1128 ἄνθρωπον.
1281 1046 1335 1107 Καί
1353 1053 1405 1107 ποῦ
1428 1045 1565 1127 φαίνεταις
1581 1048 1682 1126 Ἐνιῇ

111 1142 144 1202 lu
155 1141 270 1217 deserto,
283 1162 337 1200 non
355 1139 383 1199 in
398 1138 507 1221 templo.
520 1137 634 1215 Viden',
649 1154 716 1219 quot
728 1141 796 1199 fiant
808 1138 858 1198 mi-
908 1141 1000 1220 ἐρήμῳ
1012 1185 1020 1212 ,
1034 1142 1082 1199 οὐκ
1097 1141 1125 1198 ἐν
1134 1141 1200 1218 ναῷ.
1214 1137 1312 1218 Ὁρᾷς,
1328 1137 1400 1197 πόσα
1418 1136 1520 1217 γίνεται
1544 1128 1684 1215 θαύματα,

111 1238 215 1316 recula,
227 1250 254 1296 et
263 1256 396 1315 nusquam
409 1234 549 1315 templum,
561 1252 696 1312 nusquam
706 1232 857 1293 sacrificia?
907 1231 953 1291 καλ
965 1231 1081 1310 οὐδαμοῦ
1096 1230 1173 1302 νσδς,
1184 1230 1301 1308 οὐδαμοῦ
1318 1228 1412 1303 θυσίας
1425 1229 1479 1289 Καὶ
1490 1227 1552 1289 etet
1569 1233 1683 1290 ἐνταῦθα

112 1329 206 1407 Neque
225 1328 271 1388 hie
290 1327 450 1409 simpliciter
473 1326 501 1385 in
522 1324 636 1400 deserto,
658 1323 705 1384 sed
724 1325 752 1385 in
774 1325 854 1384 rubo.
874 1327 980 1402 θένσῇ
997 1322 1090 1404 ἐρήμῳ
1107 1323 1213 1395 ἁπλῶς,
1234 1323 1293 1383 ἀλλ’
1310 1322 1338 1380 ἐν
1351 1324 1386 1401 τῇ
1401 1320 1487 1404 βάτῳ.
1501 1319 1538 1380 ‘0
1554 1321 1584 1381 δέ
1597 1323 1683 1382 Μυοῦ-

112 1421 163 1479 st.
181 1422 302 1497 Moyses
318 1433 418 1479 autem
437 1408 731 1493 praemuniamus
749 1430 793 1478 est
810 1422 855 1476 nu‘-
908 1420 955 1488 σῆς
964 1414 1036 1488 ίδὼν,
1047 1413 1179 1492 turipum
1186 1413 1217 1474 τὸ
1225 1414 1323 1497 ὅραμα·
1336 1413 1550 1496 προσερχομένου
1561 1412 1592 1474 δδ
1603 1416 1683 1474 αὐτοῦ

111 1531 191 1582 eum5
203 1526 233 1572 et
248 1512 405 1572 accedente
425 1511 478 1569 illo
495 1521 528 1568 ut
542 1511 751 1581 consideraret,
764 1512 858 1590 sacto
906 1513 1086 1581 κατανοῆσαι,
1108 1507 1211 1588 ἐγίνετο
1228 1505 1302 1588 φωνὴ
1317 1507 1426 1587 Κυρίου.
1439 1505 1507 1568 ’teon
1526 1506 1574 1567 καὶ
1593 1510 1683 1589 φωνῆς

112 1616 156 1663 est
169 1624 230 1663 voe
243 1601 532 1676 nomeuuoevoce
545 1622 651 1682 quoque
664 1600 854 1680 dignatusest.
906 1601 1015 1675 ἠξιώθη.
1037 1599 1111 1680 Ἐγὼ
1135 1605 1149 1662 θ
1172 1599 1241 1669 Oris
1264 1603 1317 1660 τῦιν
1341 1597 1463 1681 πατέρων
1490 1622 1556 1674 σου,
1579 1603 1595 1660 θ
1615 1599 1683 1668 Oroi

112 1697 308 1777 llMgosum
318 1696 400 1754 Deus
404 1707 525 1774 patrum
532 1707 658 1765 tuorum,
667 1693 750 1752 Deus
757 1691 857 1752 Abro-
906 1693 1042 1777 Ἁδραδιμ,
1056 1693 1125 1754 καίθ
1140 1692 1209 1762 Θεδς
1223 1690 1317 1753 Ἰσαὰκ
1325 1736 1334 1765 ,
1348 1692 1395 1753 καί
1408 1696 1423 1752 θ
1437 1691 1506 1761 Θοδς
1519 1690 1630 1754 ’taut
1640 1696 1682 1755 Οὐ

112 1790 193 1859 liam,
212 1790 294 1847 Deus
310 1790 410 1859 Istrae,
423 1799 452 1844 et
469 1788 551 1846 Deus
569 1788 673 1847 Jacob.
690 1785 752 1844 Non
775 1784 857 1844 modo
906 1786 985 1866 μόνον
996 1788 1108 1845 ἐνταῦθα
1122 1784 1262 1856 δείκνυσιν,
1272 1782 1337 1846 θτιθ
1348 1782 1434 1867 ὀφθεὶς
1444 1784 1517 1864 αὐτῷ
1527 1776 1682 1864 ἅγγελοςήν

111 1878 158 1938 hie
170 1877 288 1939 ostendit
299 1876 426 1957 angelum
439 1876 488 1955 qui
505 1875 633 1957 apparuit
649 1875 683 1951 ei,
696 1895 752 1934 esse
765 1875 858 1956 magni
905 1882 920 1938 θ
934 1877 1052 1958 μεγάλης
1076 1878 1173 1956 βουλῆς
1188 1874 1314 1955 ἄγγελος·
1334 1874 1403 1935 ἀλλὰ
1424 1874 1542 1936 δείκνυσι
1565 1875 1613 1935 καί
1631 1875 1680 1949 τήν

112 1969 218 2030 oonsilii
228 1969 368 2049 angelum3
380 1967 520 2028 sedetiam
533 1967 659 2044 ostendit,
670 1979 799 2046 quantam
811 1967 858 2026 be·
905 1968 1104 2052 φιλανθρωπίαν
1110 1967 1176 2041 ὅσην
1185 1966 1399 2035 ,ποιεῖταιδΘιδς
1408 1965 1453 2028 διὰ
1461 1964 1681 2048 τῦςζύπιφανείας.

112 2061 271 2144 nignitatem
288 2064 363 2121 Deus
381 2082 431 2142 per
443 2059 534 2121 visum
551 2060 687 2121 exhibeat.
708 2061 857 2143 Trempso·
905 2061 1053 2143 Ἔντρομος
1066 2059 1094 2121 δέ
1106 2059 1245 2140 γενόμενος
1260 2062 1395 2133 limisit,
1408 2062 1457 2120 οὐκ
1468 2056 1574 2138 ἐτόλμα
1593 2083 1681 2119 κατα-

112 2169 177 2216 otus
194 2168 293 2215 autem
310 2156 432 2229 Moyses
443 2173 502 2212 non
516 2155 644 2212 audebat
657 2155 856 2213 considerare.
904 2159 1008 2227 νοῆσαι.
1032 2144 1103 2213 Είπε
1126 2151 1155 2212 δέ
1176 2155 1248 2234 αὐτῷ
1261 2156 1276 2212 θ
1290 2149 1400 2232 Κύριος·
1418 2152 1499 2211 λῦσον
1513 2151 1681 2234 τδήθπόθημα

112 2249 161 2309 55.
175 2249 264 2307 Dixit
284 2260 383 2306 autem
401 2246 449 2305 itu
465 2247 612 2306 Dominus
624 2268 633 2303 s
645 2244 858 2305 Solreealeea·
906 2251 959 2308 τῶν
972 2246 1060 2306 ποδῶν
1084 2269 1140 2307 σου.
1154 2243 1189 2305 ‘0
1204 2243 1255 2323 γὰρ
1279 2242 1372 2315 τόπος,
1394 2234 1460 2326 ish
1483 2243 1620 2321 ἕστηκας,
1646 2246 1680 2324 γῆ

112 2340 357 2421 mentumpedum
366 2339 582 2406 tuomm;loeus
591 2339 709 2395 enimin
718 2355 776 2416 quo
786 2349 859 2413 stas,
906 2338 970 2420 δγία
983 2337 1063 2399 ἐστίν.
1077 2338 1204 2415 Οὐδαμοῦ
1216 2336 1295 2407 ναθς,
1307 2335 1377 2396 rulo
1390 2335 1469 2404 τόπος
1480 2337 1601 2416 θγιοςτῇ
1620 2339 1681 2398 ἐπι·

113 2442 193 2490 terra
211 2442 316 2490 saneta
339 2441 392 2489 est.
412 2430 554 2507 Nusquam
574 2426 722 2508 templum,
739 2441 765 2486 et
783 2429 860 2488 loeus
907 2430 1003 2512 φανείρ
1016 2429 1063 2490 καὶ
1078 2428 1195 2510 ἐνεργείᾳ
1207 2435 1252 2489 τοῦ
1265 2430 1392 2509 Χριστοῦ.
1410 2430 1510 2511 nous
1526 2428 1682 2509 θαυμασιιύ·

112 2534 221 2581 sauetus
232 2534 273 2581 est
285 2542 333 2602 per
346 2519 541 2602 apparitionem
555 2532 581 2578 et
589 2519 772 2599 operationem
780 2519 861 2579 Chri·
875 2533 894 2581 c
908 2527 1073 2603 sepossedeo
1086 2527 1131 2582 τοῦ
1142 2519 1223 2581 τόπου
1239 2522 1267 2578 ἐν
1279 2528 1334 2589 τοῖς
1344 2519 1429 2599 ἁγίοις
1440 2523 1494 2579 τῶν
1514 2519 1614 2601 ἁγίων·
1628 2523 1683 2580 ἐκεῖ

112 2613 227 2675 stillae
247 2613 332 2673 multo
348 2611 502 2672 mirabilius
520 2625 571 2689 est,
583 2622 668 2691 'quam
684 2609 759 2671 loeus
774 2611 820 2671 ille
833 2612 862 2671 in
910 2614 961 2694 γὰρ
977 2615 1093 2692 οὐδαμοῦ
1115 2610 1198 2692 ίφιίνη
1221 2609 1302 2678 οὐτως
1320 2615 1335 2671 δ
1356 2611 1440 2684 Θιύς,
1461 2613 1582 2690 οὐδαμοῦ
1601 2612 1683 2679 οὐτως

114 2703 213 2765 unctis
224 2718 378 2764 sanctorum
390 2727 397 2761 ι
411 2702 548 2762 illicenim
561 2723 708 2781 numquam
721 2702 762 2762 sic
776 2724 861 2784 appa·
911 2706 1035 2785 ἔντρομος
1053 2704 1143 2784 γε’γονε
1156 2706 1303 2774 ‘Meldia
1318 2692 1395 2770 Εἶδες
1407 2701 1456 2774 τήν
1468 2702 1681 2786 φιλανθρωπίαις

113 2796 169 2856 ruit
183 2797 269 2875 Deus,
284 2816 431 2874 numquam
449 2794 488 2854 sic
502 2794 673 2853 tremefactus
691 2807 731 2853 est
743 2796 863 2876 Moyses
912 2797 984 2876 Ὅρα
994 2795 1085 2855 λοιπὸν
1100 2795 1144 2854 καί
1157 2793 1207 2867 τήν
1221 2793 1390 2872 κηδεμονίαν.
1402 2792 1478 2854 Ἰδὼν
1488 2786 1560 2855 εἶδον
1573 2795 1624 2869 τήν
1636 2795 1683 2856 κά·

113 2885 247 2949 Vidistin'
258 2885 489 2946 misericordiam?
499 2884 687 2946 Videtandem
700 2884 863 2945 sollieitudi·
912 2911 995 2949 κωσιν
1008 2893 1053 2947 τοῦ
1066 2891 1131 2947 λαοῦ
1148 2909 1213 2963 μου,
1228 2884 1309 2967 φησί,
1322 2891 1369 2944 τοῦ
1381 2887 1408 2945 ἐν
1422 2884 1568 2967 Αἰγέστῳ,
1581 2885 1627 2946 καί
1637 2891 1682 2948 τοῦ

115 2998 186 3039 uem.
199 2978 248 3037 54,
260 2979 369 3036 Videru
390 2978 466 3052 vidi,
480 2976 578 3054 inquit,
592 2975 787 3060 efflictionem
805 2996 862 3057 po·
912 2984 1061 3058 στεναγμοῦ
1075 2979 1161 3037 αὐτῶν
1172 2977 1290 3050 ήκουαα,
1307 2975 1352 3036 καλ
1361 2975 1477 3048 κατίδην
1488 2975 1624 3047 ἐξελέσθαι
1635 2980 1682 3038 σύ-

113 3065 179 3146 puli
197 3068 264 3137 mei,
283 3068 335 3145 qui
347 3075 389 3122 est
405 3067 436 3122 in
449 3064 591 3142 AEgypto,
613 3075 641 3120 et
655 3068 795 3143 gemitum
816 3084 862 3123 eo·
911 3071 981 3140 σούς.
1007 3070 1061 3132 Kal
1083 3074 1127 3128 νῦν
1146 3071 1237 3148 δεῦρο,
1261 3067 1411 3128 ἀποστείλω
1431 3091 1461 3131 σε
1486 3071 1523 3135 είς
1538 3069 1681 3149 Αἴγυπτον.

115 3176 182 3216 rum
196 3156 307 3227 audivi,
319 3167 349 3214 et
361 3153 498 3212 descendi
511 3153 637 3211 liberare
649 3173 707 3212 eos.
725 3155 767 3213 Et
784 3175 862 3214 nune
912 3162 1003 3243 ⁹092,
1017 3164 1073 3229 πῶς
1087 3160 1225 3235 δείκνυσιν,
1239 3159 1280 3220 θαι
1290 3158 1337 3219 καί
1351 3160 1384 3219 δι’
1399 3160 1566 3240 εὐεργεσιῶν,
1582 3162 1628 3222 καὶ
1642 3162 1681 3223 διὰ

116 3251 198 3319 oeni,
211 3259 240 3307 et
262 3249 377 3305 mittam
400 3256 428 3302 te
450 3244 481 3302 in
503 3246 676 3323 AEgyptum.
690 3243 774 3323 Vide,
790 3267 862 3323 quo·
913 3254 1058 3324 χσλάσσων,
1072 3251 1119 3312 καί
1135 3252 1179 3311 διὰ
1203 3250 1344 3330 θαυμάτων
1361 3250 1475 3332 ἐπήγετο
1487 3253 1600 3322 αὐτούς·
1614 3258 1639 3314 σί
1655 3253 1680 3315 δέ

117 3340 198 3401 modo
219 3337 342 3400 ostendat
360 3358 389 3396 se
409 3357 458 3417 per
471 3335 612 3413 beneficia,
626 3357 676 3416 pes
690 3336 825 3417 supplicia
837 3350 864 3398 et
912 3350 936 3409 σῖ
951 3345 1025 3406 σέσσὶ
1038 3335 1115 3416 ήσαν,
1129 3342 1221 3411 Οὕτως
1235 3346 1353 3403 ἐντεῦθεν
1365 3343 1546 3423 μανθάνομεν,
1562 3345 1604 3406 dm
1617 3369 1681 3407 σσν.

117 3455 166 3514 per
181 3433 313 3494 miracula
325 3432 425 3491 ducere
444 3430 517 3507 illos,
532 3430 572 3489 illi
586 3452 650 3490 vero
664 3452 768 3512 semper
781 3431 899 3501 iidemu
913 3444 997 3520 ταχοῦ
1015 3438 1142 3519 πάρεστιν
1155 3440 1170 3496 θ
1190 3433 1268 3502 Θεθς.
1276 3437 1370 3494 Ταῦτα
1381 3433 1518 3506 ἀκούοντες
1532 3439 1580 3499 καί
1590 3445 1679 3518 ἡμεῖς,

117 3541 204 3587 erant.
220 3526 292 3584 Hinc
312 3523 459 3598 discimus,
478 3524 568 3582 Deum
586 3523 688 3602 ubique
708 3539 865 3605 presentem
913 3533 1015 3598 ἐντοῖς
1033 3527 1137 3608 θλίψεσι
1154 3526 1220 3608 πρὸς
1235 3524 1314 3586 αὐτὸν
1333 3524 1552 3609 καταφεύγομεν.
1571 3530 1626 3590 Καί
1639 3536 1680 3591 τοῦ

119 3639 183 3679 esse.
199 3616 263 3678 llaee
280 3630 306 3676 et
325 3637 374 3675 nos
395 3613 549 3688 audientes,
567 3614 595 3673 in
614 3615 808 3677 afflictionibus
828 3616 865 3677 ad
914 3626 1061 3697 στεναγμοῦ
1079 3618 1130 3699 γδιρ
1146 3618 1242 3689 αὐτῶν,
1257 3615 1347 3697 φησὶν,
1369 3615 1481 3688 ήκοοσα.
1497 3617 1581 3701 ιΟθχ
1595 3623 1681 3689 effic

118 3731 181 3770 eum
198 3710 395 3790 confugiamus.
414 3709 453 3767 Et
473 3711 630 3788 gemitum,
650 3707 750 3786 inquit,
765 3731 865 3771 eorum
913 3704 995 3783 εἶπεν,
1008 3711 1143 3782 Ἤκουσα,
1157 3707 1226 3770 ἀλλὰ
1250 3707 1294 3768 διὰ
1313 3706 1361 3774 τὰς
1380 3711 1525 3792 συμφοράς.
1541 3714 1576 3772 Εὐ
1599 3714 1630 3775 δί
1645 3738 1681 3780 τις

119 3806 231 3865 audiri.
245 3804 306 3863 Non
316 3798 565 3881 simpliciterdixit,
579 3799 708 3871 Audiri}
723 3801 782 3881 sed,
798 3823 864 3883 pro·
911 3804 1019 3884 ολίγοι,
1035 3802 1082 3863 καλ
1096 3801 1165 3868 τίνος
1179 3799 1265 3860 truso
1279 3797 1373 3872 αὐτούς
1387 3797 1460 3860 stom
1472 3809 1630 3878 κακωθῆναι
1642 3805 1680 3868 σύ

119 3911 180 3977 pter
191 3893 364 3955 calamitates.
376 3889 458 3966 Quod
472 3891 496 3951 si
509 3891 653 3970 quisdicat
669 3915 675 3950 ι
691 3892 729 3953 Et
741 3915 791 3953 eur
804 3894 865 3956 illos
913 3919 983 3969 ποις
998 3894 1132 3966 ἀκουέτω,
1148 3891 1189 3954 δτι
1207 3891 1324 3972 μαλιστα
1338 3889 1387 3970 μὲν
1403 3884 1450 3951 οὐν
1460 3895 1542 3955 παντὶ
1553 3898 1649 3980 δικαίῳ
1657 3902 1680 3960 ol

119 3987 159 4050 tie
171 3987 255 4066 affligi
268 3985 410 4068 permisit?
423 3983 524 4059 audiat,
536 3984 608 4044 omni
619 3985 695 4065 justo
707 3986 864 4051 afflictiones
912 3988 1043 4056 κακώσεις
1058 3985 1140 4048 αἴτιαι
1154 3989 1254 4065 μισθῶν
1267 3983 1397 4068 γίνονται·
1408 3983 1481 4056 insol
1493 3986 1540 4049 διὰ
1551 3995 1631 4051 τοῦτο
1639 3978 1682 4052 αὐ·

119 4099 228 4139 eausam
239 4098 294 4137 esse
306 4075 550 4157 praemiorum2vel
560 4074 621 4134 ideo
635 4075 698 4136 illos
706 4078 792 4159 affligi
802 4100 864 4161 per·
913 4080 973 4150 τούς
987 4083 1073 4161 ἀφῆκε
1095 4082 1259 4150 κακοῦσθαι,
1280 4076 1325 4137 ίνα
1342 4077 1390 4152 τήν
1411 4080 1491 4139 αὐτοῦ
1510 4078 1625 4160 &iseum
1640 4082 1681 4144 καί

120 4169 206 4247 misit,
222 4182 253 4227 nt
267 4168 396 4227 virtutem
407 4188 486 4226 suam
503 4166 568 4226 hinc
585 4167 769 4248 splendentem
781 4170 864 4230 exhi-
913 4178 1029 4235 ἐντεῦθεν
1049 4169 1119 4251 δείξῃ
1136 4169 1348 4247 διαλάμπουσαν,
1362 4169 1498 4238 κάκείνους
1516 4174 1552 4232 δι’
1571 4165 1611 4236 ὧν
1622 4173 1701 4236 trra?

120 4259 327 4337 beret,illosque
336 4279 384 4338 per
393 4277 525 4316 aerumnas
536 4257 693 4335 institueret,
701 4261 766 4320 utin
777 4263 865 4322 omni·
914 4274 1008 4327 κοῦντο
1029 4269 1065 4333 εἰς
1089 4264 1177 4324 πάντα
1189 4261 1319 4342 παιδεύσῃ
1341 4265 1499 4344 φιλοσοφεῖν.
1513 4263 1590 4348 Ὅρα
1615 4272 1683 4348 γοῦν,

121 4352 174 4411 bus
194 4349 459 4432 philosopharentur.
471 4347 544 4410 Vide
566 4370 630 4429 ergo
651 4371 715 4409 cum
730 4366 816 4411 essent
835 4353 863 4412 in
915 4357 958 4420 ὅτε
970 4350 1038 4430 ἦσαν
1052 4360 1079 4416 ἐν
1092 4360 1125 4435 τῇ
1139 4354 1241 4438 ἐρήμῳ,
1252 4356 1281 4413 οὐ
1290 4352 1369 4431 μόνον
1379 4353 1684 4445 &semimaremque

120 4442 237 4517 deserto,
257 4462 309 4502 non
332 4440 414 4500 modo
433 4440 608 4521 impinguati,
623 4441 779 4521 incrassati,
794 4444 864 4505 dila·
916 4456 1008 4522 θησαν,
1020 4444 1228 4519 intumultuose,
1238 4445 1362 4506 ἀλλὰκαὶ
1372 4438 1600 4526 ἐγκατέλιποντθν
1610 4451 1684 4513 Ordo.

121 4537 170 4598 tati
181 4549 256 4612 sunt,
270 4535 318 4594 sed
336 4533 417 4593 etiam
430 4532 631 4611 dereliquerunt
643 4536 741 4595 Deum.
757 4536 864 4617 Ubique
880 4549 899 4595 F.
917 4542 1060 4619 Πανταχοῦ
1075 4537 1127 4617 γὰρ
1142 4541 1160 4607 ἡ
1176 4536 1280 4610 ἄνεσις,
1291 4535 1428 4617 ἀγαπητέ,
1443 4537 1536 4599 κακόν.
1551 4540 1605 4602 Διὸ
1614 4549 1686 4603 ταῦτα

120 4632 193 4692 enim
208 4629 292 4690 animi
313 4627 434 4687 remissio
453 4625 555 4684 malum
569 4641 620 4700 est,
631 4626 735 4689 dilecte.
749 4629 813 4690 Ideo
827 4632 864 4690 ab
916 4632 962 4691 καί
972 4630 998 4698 ἐξ
1011 4634 1096 4710 ἀρχῆς
1106 4633 1144 4708 τῷ
1154 4627 1239 4707 Ἀδὰμ
1247 4628 1348 4708 ἔλεγεν·
1361 4626 1409 4688 Ἐν
1419 4629 1512 4710 ίδρῶτι
1522 4638 1571 4693 τοῦ
1584 4634 1686 4716 προσώ-

7 4753 30 4779 ιι.
40 4737 63 4782 3.
74 4749 109 4800 ¹9·
120 4723 198 4783 initio
205 4722 278 4782 dixit
288 4718 392 4778 Adamo
409 4741 415 4773 :
434 4720 473 4778 ln
487 4718 590 4776 studere
600 4719 702 4778 vultus
712 4725 755 4778 tui
765 4740 860 4783 come·
915 4748 965 4784 που
980 4746 1026 4783 σου
1040 4726 1113 4803 φαγῇ
1127 4720 1172 4780 τδν
1184 4720 1262 4800 ἄρτον
1271 4743 1327 4780 σου.
1340 4718 1401 4780 Ἵνα
1411 4721 1497 4781 τοίνυν
1507 4727 1538 4782 ἐκ
1550 4731 1600 4798 τῆς
1620 4729 1685 4787 νωλ-

119 4818 170 4876 des
187 4835 294 4895 panem
315 4825 407 4870 tuum.
425 4810 466 4867 Ne
479 4808 608 4887 igiturex
620 4809 765 4870 alllietione
776 4813 861 4872 multa
913 4813 1113 4886 liparensium<
1127 4815 1162 4879 είς
1177 4812 1264 4871 ἄνεσιν
1282 4810 1399 4879 ἐλθόντες
1411 4812 1449 4890 μὴ
1465 4815 1616 4894 ὐύρίσωσι,
1630 4818 1687 4879 θλί-

119 4908 146 4966 ἰιι
170 4928 296 4986 magnam
317 4902 540 4980 tranquillitatem
562 4902 709 4980 venientes,
723 4920 860 4965 contume-
913 4908 1006 4965 δισθαι
1022 4903 1113 4971 αὐτούς
1128 4911 1279 4983 συγχωρεῖ·
1296 4901 1364 4980 μέγα
1377 4903 1427 4982 γδιρ
1443 4910 1460 4976 ή
1477 4909 1566 4986 θλῖψις
1581 4911 1685 4990 ἀγαθόν.

147 5137 157 5159 ·
170 5117 214 5169 Alii
226 5128 327 5176 Μωῦσής.
342 5123 390 5170 risu
403 5125 416 5176 ἡ
429 5121 549 5183 κηδεμονία
561 5124 643 5176 πολλή.
659 5124 709 5171 totu
720 5125 784 5173 εἶδον.
916 5119 1005 5172 missis.

147 5198 239 5247 bUnus
256 5202 296 5263 οὐχ
312 5203 388 5255 unlus
406 5201 442 5248 διὰ
460 5205 498 5255 τὰς
517 5205 642 5281 συμφοραίρ,
654 5201 749 5248 caeteris
766 5210 867 5265 praetet-
949 5198 1334 5264 totiusne-201,suesionum
