<?xml version="1.0" encoding="UTF-8"?>
<!DOCTYPE html PUBLIC "-//W3C//DTD XHTML 1.0 Transitional//EN"
    "http://www.w3.org/TR/xhtml1/DTD/xhtml1-transitional.dtd">
<html xmlns="http://www.w3.org/1999/xhtml" xml:lang="en" lang="en">
 <head>
  <title>
</title>
<meta http-equiv="Content-Type" content="text/html;charset=utf-8" />
  <meta name='ocr-system' content='tesseract 3.04.00' />
  <meta name='ocr-capabilities' content='ocr_page ocr_carea ocr_par ocr_line ocrx_word'/>
</head>
<body>
  <div class='ocr_page' id='page_1' title='image "./sanctipatrisnos01chrygoog_0966.png"; bbox 0 0 3742 5970; ppageno 0'>
   <div class='ocr_carea' id='block_1_1' title="bbox 106 452 851 1446">
    <p class='ocr_par' dir='ltr' id='par_1_1' title="bbox 106 452 851 1446">
     <span class='ocr_line' id='line_1_1' title="bbox 106 452 179 547; baseline 0.027 -24"><span class='ocrx_word' id='word_1_1' title='bbox 106 452 179 547; x_wconf 69' lang='lat'><strong>9⁹16</strong></span> 
     </span>
     <span class='ocr_line' id='line_1_2' title="bbox 106 587 849 681; baseline -0.019 -21"><span class='ocrx_word' id='word_1_2' title='bbox 106 602 165 681; x_wconf 84' lang='lat' dir='ltr'><strong>ipsa</strong></span> <span class='ocrx_word' id='word_1_3' title='bbox 188 596 318 657; x_wconf 88' lang='lat' dir='ltr'><strong>memoria</strong></span> <span class='ocrx_word' id='word_1_4' title='bbox 338 592 454 653; x_wconf 86' lang='lat' dir='ltr'><strong>nominis</strong></span> <span class='ocrx_word' id='word_1_5' title='bbox 468 588 579 652; x_wconf 86' lang='lat' dir='ltr'><strong>Domini</strong></span> <span class='ocrx_word' id='word_1_6' title='bbox 595 591 660 651; x_wconf 84' lang='lat' dir='ltr'><strong>lesu</strong></span> <span class='ocrx_word' id='word_1_7' title='bbox 682 587 784 647; x_wconf 81' lang='lat' dir='ltr'>Christi</span> <span class='ocrx_word' id='word_1_8' title='bbox 799 607 849 646; x_wconf 90' lang='lat' dir='ltr'><strong>nos</strong></span> 
     </span>
     <span class='ocr_line' id='line_1_3' title="bbox 107 667 848 738; baseline -0.016 0"><span class='ocrx_word' id='word_1_9' title='bbox 107 679 200 738; x_wconf 90' lang='lat' dir='ltr'><strong>incitet</strong></span> <span class='ocrx_word' id='word_1_10' title='bbox 222 675 256 734; x_wconf 87' lang='lat' dir='ltr'><strong>ad</strong></span> <span class='ocrx_word' id='word_1_11' title='bbox 277 674 381 733; x_wconf 90' lang='lat' dir='ltr'><strong>bellum</strong></span> <span class='ocrx_word' id='word_1_12' title='bbox 401 685 493 730; x_wconf 91' lang='lat' dir='ltr'><strong>contra</strong></span> <span class='ocrx_word' id='word_1_13' title='bbox 514 668 646 728; x_wconf 87' lang='lat' dir='ltr'><strong>inimicos.</strong></span> <span class='ocrx_word' id='word_1_14' title='bbox 662 667 762 727; x_wconf 90' lang='lat' dir='ltr'><strong>Omnia</strong></span> <span class='ocrx_word' id='word_1_15' title='bbox 776 667 848 726; x_wconf 88' lang='lat' dir='ltr'><strong>enim</strong></span> 
     </span>
     <span class='ocr_line' id='line_1_4' title="bbox 108 745 849 838; baseline -0.018 -22"><span class='ocrx_word' id='word_1_16' title='bbox 108 779 155 838; x_wconf 88' lang='lat' dir='ltr'><strong>per</strong></span> <span class='ocrx_word' id='word_1_17' title='bbox 163 755 320 815; x_wconf 80' lang='lat' dir='ltr'><strong>memoriam</strong></span> <span class='ocrx_word' id='word_1_18' title='bbox 330 753 357 812; x_wconf 87' lang='lat' dir='ltr'><strong>vi</strong></span> <span class='ocrx_word' id='word_1_19' title='bbox 367 751 483 832; x_wconf 90' lang='lat' dir='ltr'><strong>impulsa</strong></span> <span class='ocrx_word' id='word_1_20' title='bbox 492 749 581 808; x_wconf 86' lang='lat' dir='ltr'><strong>anima</strong></span> <span class='ocrx_word' id='word_1_21' title='bbox 591 747 702 822; x_wconf 79' lang='lat' dir='ltr'><strong>invenit,</strong></span> <span class='ocrx_word' id='word_1_22' title='bbox 713 745 771 804; x_wconf 88' lang='lat' dir='ltr'><strong>sive</strong></span> <span class='ocrx_word' id='word_1_23' title='bbox 779 746 849 804; x_wconf 86' lang='lat' dir='ltr'><strong>bona</strong></span> 
     </span>
     <span class='ocr_line' id='line_1_5' title="bbox 108 825 850 905; baseline -0.018 -10"><span class='ocrx_word' id='word_1_24' title='bbox 108 838 165 895; x_wconf 86' lang='lat' dir='ltr'><strong>siue</strong></span> <span class='ocrx_word' id='word_1_25' title='bbox 179 835 259 896; x_wconf 84' lang='lat' dir='ltr'><strong>mala.</strong></span> <span class='ocrx_word' id='word_1_26' title='bbox 277 832 369 890; x_wconf 87' lang='lat' dir='ltr'><strong>Primo</strong></span> <span class='ocrx_word' id='word_1_27' title='bbox 383 831 456 889; x_wconf 89' lang='lat' dir='ltr'><strong>enirn</strong></span> <span class='ocrx_word' id='word_1_28' title='bbox 469 828 539 887; x_wconf 85' lang='lat' dir='ltr'><strong>mala</strong></span> <span class='ocrx_word' id='word_1_29' title='bbox 554 828 581 886; x_wconf 93' lang='lat' dir='ltr'><strong>in</strong></span> <span class='ocrx_word' id='word_1_30' title='bbox 596 825 677 886; x_wconf 89' lang='lat' dir='ltr'><strong>corde</strong></span> <span class='ocrx_word' id='word_1_31' title='bbox 688 825 782 885; x_wconf 83' lang='lat' dir='ltr'><strong>ridere</strong></span> <span class='ocrx_word' id='word_1_32' title='bbox 798 846 850 905; x_wconf 91' lang='lat' dir='ltr'><strong>po-</strong></span> 
     </span>
     <span class='ocr_line' id='line_1_6' title="bbox 109 903 849 993; baseline -0.016 -20"><span class='ocrx_word' id='word_1_33' title='bbox 109 928 170 985; x_wconf 89' lang='lat' dir='ltr'><strong>test,</strong></span> <span class='ocrx_word' id='word_1_34' title='bbox 184 927 210 972; x_wconf 90' lang='lat' dir='ltr'><strong>et</strong></span> <span class='ocrx_word' id='word_1_35' title='bbox 224 925 314 993; x_wconf 88' lang='lat' dir='ltr'><strong>postea</strong></span> <span class='ocrx_word' id='word_1_36' title='bbox 327 910 406 969; x_wconf 90' lang='lat' dir='ltr'><strong>bona.</strong></span> <span class='ocrx_word' id='word_1_37' title='bbox 424 907 555 968; x_wconf 85' lang='lat' dir='ltr'><strong>Memoria</strong></span> <span class='ocrx_word' id='word_1_38' title='bbox 574 907 646 965; x_wconf 89' lang='lat' dir='ltr'><strong>enim</strong></span> <span class='ocrx_word' id='word_1_39' title='bbox 660 918 746 986; x_wconf 88' lang='lat' dir='ltr'><strong>potest</strong></span> <span class='ocrx_word' id='word_1_40' title='bbox 759 903 849 962; x_wconf 90' lang='lat' dir='ltr'><strong>homi·</strong></span> 
     </span>
     <span class='ocr_line' id='line_1_7' title="bbox 108 984 850 1066; baseline -0.016 -14"><span class='ocrx_word' id='word_1_41' title='bbox 108 1014 171 1053; x_wconf 89' lang='lat' dir='ltr'><strong>nem</strong></span> <span class='ocrx_word' id='word_1_42' title='bbox 185 990 350 1066; x_wconf 72' lang='lat' dir='ltr'><strong>humiliare3</strong></span> <span class='ocrx_word' id='word_1_43' title='bbox 371 988 499 1047; x_wconf 89' lang='lat' dir='ltr'><strong>memoria</strong></span> <span class='ocrx_word' id='word_1_44' title='bbox 513 998 599 1066; x_wconf 76' lang='lat' dir='ltr'><strong>potest</strong></span> <span class='ocrx_word' id='word_1_45' title='bbox 610 984 772 1063; x_wconf 71' lang='lat' dir='ltr'><strong>relarguere</strong></span> <span class='ocrx_word' id='word_1_46' title='bbox 786 1004 850 1063; x_wconf 88' lang='lat' dir='ltr'><strong>pcc-</strong></span> 
     </span>
     <span class='ocr_line' id='line_1_8' title="bbox 108 1064 850 1145; baseline -0.016 -14"><span class='ocrx_word' id='word_1_47' title='bbox 108 1086 200 1131; x_wconf 88' lang='lat' dir='ltr'><strong>catum</strong></span> <span class='ocrx_word' id='word_1_48' title='bbox 214 1071 242 1129; x_wconf 92' lang='lat' dir='ltr'><strong>in</strong></span> <span class='ocrx_word' id='word_1_49' title='bbox 262 1069 340 1129; x_wconf 90' lang='lat' dir='ltr'><strong>nobis</strong></span> <span class='ocrx_word' id='word_1_50' title='bbox 351 1067 496 1142; x_wconf 82' lang='lat' dir='ltr'><strong>habitans;</strong></span> <span class='ocrx_word' id='word_1_51' title='bbox 516 1065 645 1124; x_wconf 88' lang='lat' dir='ltr'><strong>memoria</strong></span> <span class='ocrx_word' id='word_1_52' title='bbox 661 1076 747 1145; x_wconf 83' lang='lat' dir='ltr'><strong>potest</strong></span> <span class='ocrx_word' id='word_1_53' title='bbox 760 1064 850 1143; x_wconf 88' lang='lat' dir='ltr'><strong>ipsum</strong></span> 
     </span>
     <span class='ocr_line' id='line_1_9' title="bbox 108 1142 851 1226; baseline -0.013 -17"><span class='ocrx_word' id='word_1_54' title='bbox 108 1169 282 1223; x_wconf 88' lang='lat' dir='ltr'><strong>consumere;</strong></span> <span class='ocrx_word' id='word_1_55' title='bbox 315 1147 445 1206; x_wconf 90' lang='lat' dir='ltr'><strong>memoria</strong></span> <span class='ocrx_word' id='word_1_56' title='bbox 472 1158 559 1226; x_wconf 75' lang='lat' dir='ltr'><strong>potest</strong></span> <span class='ocrx_word' id='word_1_57' title='bbox 583 1143 611 1203; x_wconf 91' lang='lat' dir='ltr'><strong>iu</strong></span> <span class='ocrx_word' id='word_1_58' title='bbox 632 1142 713 1202; x_wconf 88' lang='lat' dir='ltr'><strong>corde</strong></span> <span class='ocrx_word' id='word_1_59' title='bbox 734 1143 851 1201; x_wconf 84' lang='lat' dir='ltr'><strong>excitare</strong></span> 
     </span>
     <span class='ocr_line' id='line_1_10' title="bbox 112 1223 850 1309; baseline -0.012 -21"><span class='ocrx_word' id='word_1_60' title='bbox 112 1250 219 1288; x_wconf 90' lang='lat' dir='ltr'><strong>omnem</strong></span> <span class='ocrx_word' id='word_1_61' title='bbox 231 1227 378 1309; x_wconf 87' lang='lat' dir='ltr'><strong>potentiam</strong></span> <span class='ocrx_word' id='word_1_62' title='bbox 388 1225 491 1284; x_wconf 90' lang='lat' dir='ltr'><strong>inimici</strong></span> <span class='ocrx_word' id='word_1_63' title='bbox 496 1247 505 1299; x_wconf 88' lang='lat'>;</span> <span class='ocrx_word' id='word_1_64' title='bbox 524 1223 653 1283; x_wconf 84' lang='lat' dir='ltr'><strong>memoria</strong></span> <span class='ocrx_word' id='word_1_65' title='bbox 667 1235 753 1303; x_wconf 79' lang='lat' dir='ltr'><strong>potest</strong></span> <span class='ocrx_word' id='word_1_66' title='bbox 764 1223 850 1302; x_wconf 86' lang='lat' dir='ltr'><strong>ipsam</strong></span> 
     </span>
     <span class='ocr_line' id='line_1_11' title="bbox 109 1303 850 1383; baseline -0.013 -15"><span class='ocrx_word' id='word_1_67' title='bbox 109 1328 218 1368; x_wconf 81' lang='lat' dir='ltr'><strong>morere</strong></span> <span class='ocrx_word' id='word_1_68' title='bbox 239 1320 266 1366; x_wconf 90' lang='lat' dir='ltr'><strong>et</strong></span> <span class='ocrx_word' id='word_1_69' title='bbox 283 1308 311 1365; x_wconf 90' lang='lat' dir='ltr'><strong>in</strong></span> <span class='ocrx_word' id='word_1_70' title='bbox 332 1303 413 1365; x_wconf 89' lang='lat' dir='ltr'><strong>eorde</strong></span> <span class='ocrx_word' id='word_1_71' title='bbox 428 1303 564 1363; x_wconf 87' lang='lat' dir='ltr'><strong>eradicare</strong></span> <span class='ocrx_word' id='word_1_72' title='bbox 585 1323 634 1383; x_wconf 91' lang='lat' dir='ltr'><strong>per</strong></span> <span class='ocrx_word' id='word_1_73' title='bbox 658 1315 758 1383; x_wconf 89' lang='lat' dir='ltr'><strong>partes.</strong></span> <span class='ocrx_word' id='word_1_74' title='bbox 784 1303 850 1359; x_wconf 87' lang='lat' dir='ltr'><strong>Pars</strong></span> 
     </span>
     <span class='ocr_line' id='line_1_12' title="bbox 107 1379 849 1446; baseline -0.009 -1"><span class='ocrx_word' id='word_1_75' title='bbox 107 1387 179 1446; x_wconf 87' lang='lat' dir='ltr'><strong>enim</strong></span> <span class='ocrx_word' id='word_1_76' title='bbox 200 1386 246 1445; x_wconf 91' lang='lat' dir='ltr'><strong>illa</strong></span> <span class='ocrx_word' id='word_1_77' title='bbox 265 1384 381 1445; x_wconf 88' lang='lat' dir='ltr'><strong>nominis</strong></span> <span class='ocrx_word' id='word_1_78' title='bbox 399 1383 512 1443; x_wconf 89' lang='lat' dir='ltr'><strong>Domini</strong></span> <span class='ocrx_word' id='word_1_79' title='bbox 525 1381 609 1441; x_wconf 82' lang='lat' dir='ltr'><strong>nostri</strong></span> <span class='ocrx_word' id='word_1_80' title='bbox 622 1384 687 1442; x_wconf 89' lang='lat' dir='ltr'><strong>Jesu</strong></span> <span class='ocrx_word' id='word_1_81' title='bbox 703 1379 806 1440; x_wconf 78' lang='lat' dir='ltr'><strong>Christi</strong></span> <span class='ocrx_word' id='word_1_82' title='bbox 822 1379 849 1437; x_wconf 90' lang='lat' dir='ltr'><strong>in</strong></span> 
     </span>
    </p>
   </div>
   <div class='ocr_carea' id='block_1_2' title="bbox 823 465 954 512">
    <p class='ocr_par' dir='ltr' id='par_1_2' title="bbox 823 465 954 512">
     <span class='ocr_line' id='line_1_13' title="bbox 823 465 954 512; baseline -0.008 -1"><span class='ocrx_word' id='word_1_83' title='bbox 823 465 954 512; x_wconf 69' lang='lat' dir='ltr'>SPURM.</span> 
     </span>
    </p>
   </div>
   <div class='ocr_carea' id='block_1_3' title="bbox 902 581 1672 1116">
    <p class='ocr_par' dir='ltr' id='par_1_3' title="bbox 902 581 1672 1116">
     <span class='ocr_line' id='line_1_14' title="bbox 903 581 1669 660; baseline -0.007 -15"><span class='ocrx_word' id='word_1_84' title='bbox 903 585 1083 660; x_wconf 67' lang='lat' dir='ltr'><strong>electissime,</strong></span> <span class='ocrx_word' id='word_1_85' title='bbox 1097 585 1148 644; x_wconf 84' lang='grc' dir='ltr'>είτι</span> <span class='ocrx_word' id='word_1_86' title='bbox 1166 609 1189 644; x_wconf 87' lang='grc' dir='ltr'><strong>τι</strong></span> <span class='ocrx_word' id='word_1_87' title='bbox 1212 585 1279 645; x_wconf 87' lang='grc' dir='ltr'>άλλο</span> <span class='ocrx_word' id='word_1_88' title='bbox 1294 593 1414 652; x_wconf 81' lang='grc' dir='ltr'>ποιεῖτε,</span> <span class='ocrx_word' id='word_1_89' title='bbox 1432 581 1608 649; x_wconf 76' lang='grc' dir='ltr'>ἀδιαλείπτοις</span> <span class='ocrx_word' id='word_1_90' title='bbox 1618 581 1669 660; x_wconf 61' lang='lat' dir='ltr'><strong>api·</strong></span> 
     </span>
     <span class='ocr_line' id='line_1_15' title="bbox 903 661 1672 744; baseline -0.007 -20"><span class='ocrx_word' id='word_1_91' title='bbox 903 668 974 734; x_wconf 82' lang='grc' dir='ltr'>ζετε·</span> <span class='ocrx_word' id='word_1_92' title='bbox 998 664 1079 744; x_wconf 84' lang='grc' dir='ltr'>Κύριε</span> <span class='ocrx_word' id='word_1_93' title='bbox 1093 665 1181 738; x_wconf 77' lang='grc' dir='ltr'>Ἰησοῦ</span> <span class='ocrx_word' id='word_1_94' title='bbox 1205 666 1231 723; x_wconf 85' lang='grc' dir='ltr'>Χ</span> <span class='ocrx_word' id='word_1_95' title='bbox 1250 661 1323 737; x_wconf 70' lang='lat' dir='ltr'><strong>ucri,</strong></span> <span class='ocrx_word' id='word_1_96' title='bbox 1340 661 1393 723; x_wconf 74' lang='lat' dir='ltr'><strong>l&#39;il</strong></span> <span class='ocrx_word' id='word_1_97' title='bbox 1407 667 1456 722; x_wconf 82' lang='grc' dir='ltr'><strong>τοῦ</strong></span> <span class='ocrx_word' id='word_1_98' title='bbox 1476 665 1565 735; x_wconf 72' lang='grc' dir='ltr'>Θεοῦ,</span> <span class='ocrx_word' id='word_1_99' title='bbox 1581 662 1672 733; x_wconf 70' lang='grc' dir='ltr'>ἐλέησον</span> 
     </span>
     <span class='ocr_line' id='line_1_16' title="bbox 902 742 1671 822; baseline -0.008 -19"><span class='ocrx_word' id='word_1_100' title='bbox 902 748 988 822; x_wconf 75' lang='grc' dir='ltr'>ἡμᾶς·</span> <span class='ocrx_word' id='word_1_101' title='bbox 1003 745 1047 803; x_wconf 74' lang='grc' dir='ltr'><strong>ἵνα</strong></span> <span class='ocrx_word' id='word_1_102' title='bbox 1068 744 1135 814; x_wconf 84' lang='grc' dir='ltr'>αθτη</span> <span class='ocrx_word' id='word_1_103' title='bbox 1158 748 1174 815; x_wconf 78' lang='grc' dir='ltr'><strong>ἡ</strong></span> <span class='ocrx_word' id='word_1_104' title='bbox 1191 767 1211 820; x_wconf 92' lang='grc' dir='ltr'><strong>μ</strong></span> <span class='ocrx_word' id='word_1_105' title='bbox 1247 769 1286 822; x_wconf 88' lang='grc' dir='ltr'><strong>μη</strong></span> <span class='ocrx_word' id='word_1_106' title='bbox 1307 751 1356 802; x_wconf 81' lang='grc' dir='ltr'><strong>τοῦ</strong></span> <span class='ocrx_word' id='word_1_107' title='bbox 1373 742 1508 821; x_wconf 85' lang='grc' dir='ltr'>ὀνόματος</span> <span class='ocrx_word' id='word_1_108' title='bbox 1523 747 1570 801; x_wconf 73' lang='grc' dir='ltr'><strong>τοῦ</strong></span> <span class='ocrx_word' id='word_1_109' title='bbox 1592 742 1671 819; x_wconf 69' lang='grc' dir='ltr'>Κυρίου</span> 
     </span>
     <span class='ocr_line' id='line_1_17' title="bbox 902 820 1672 904; baseline -0.009 -22"><span class='ocrx_word' id='word_1_110' title='bbox 902 827 979 903; x_wconf 79' lang='grc' dir='ltr'>ἡμῶν</span> <span class='ocrx_word' id='word_1_111' title='bbox 1012 823 1100 896; x_wconf 78' lang='grc' dir='ltr'>Ἰησοῦ</span> <span class='ocrx_word' id='word_1_112' title='bbox 1125 825 1241 903; x_wconf 78' lang='grc' dir='ltr'>Χριστοῦ</span> <span class='ocrx_word' id='word_1_113' title='bbox 1268 822 1377 904; x_wconf 51' lang='lat' dir='ltr'><strong>§pecten</strong></span> <span class='ocrx_word' id='word_1_114' title='bbox 1407 824 1476 902; x_wconf 80' lang='grc' dir='ltr'>πρὸς</span> <span class='ocrx_word' id='word_1_115' title='bbox 1502 820 1617 896; x_wconf 76' lang='grc' dir='ltr'>πόλεμον</span> <span class='ocrx_word' id='word_1_116' title='bbox 1631 824 1672 877; x_wconf 66' lang='lat' dir='ltr'><strong>adu</strong></span> 
     </span>
     <span class='ocr_line' id='line_1_18' title="bbox 903 902 1672 985; baseline -0.008 -24"><span class='ocrx_word' id='word_1_117' title='bbox 903 905 1016 985; x_wconf 78' lang='grc' dir='ltr'>ἐχθρῶν.</span> <span class='ocrx_word' id='word_1_118' title='bbox 1027 902 1230 982; x_wconf 72' lang='grc' dir='ltr'>Πάνταγδρδιλ</span> <span class='ocrx_word' id='word_1_119' title='bbox 1243 906 1293 973; x_wconf 72' lang='grc' dir='ltr'><strong>τῆς</strong></span> <span class='ocrx_word' id='word_1_120' title='bbox 1305 903 1422 980; x_wconf 73' lang='grc' dir='ltr'>μνήμης</span> <span class='ocrx_word' id='word_1_121' title='bbox 1436 902 1495 981; x_wconf 78' lang='grc' dir='ltr'>ἔχει</span> <span class='ocrx_word' id='word_1_122' title='bbox 1509 903 1592 979; x_wconf 74' lang='grc' dir='ltr'>εὑρεῖν</span> <span class='ocrx_word' id='word_1_123' title='bbox 1601 903 1672 977; x_wconf 72' lang='grc' dir='ltr'>ἡβα-</span> 
     </span>
     <span class='ocr_line' id='line_1_19' title="bbox 903 979 1671 1116; baseline -0.008 -74"><span class='ocrx_word' id='word_1_124' title='bbox 903 983 999 1060; x_wconf 84' lang='grc' dir='ltr'>ζομένη</span> <span class='ocrx_word' id='word_1_125' title='bbox 1019 981 1107 1064; x_wconf 78' lang='grc' dir='ltr'>ψυχὴ,</span> <span class='ocrx_word' id='word_1_126' title='bbox 1121 984 1174 1041; x_wconf 78' lang='grc' dir='ltr'>εἴτε</span> <span class='ocrx_word' id='word_1_127' title='bbox 1188 982 1275 1062; x_wconf 75' lang='grc' dir='ltr'>ἀγαθά</span> <span class='ocrx_word' id='word_1_128' title='bbox 1296 980 1351 1040; x_wconf 71' lang='grc' dir='ltr'>εἴτε</span> <span class='ocrx_word' id='word_1_129' title='bbox 1366 981 1489 1061; x_wconf 81' lang='grc' dir='ltr'>πονηρά.</span> <span class='ocrx_word' id='word_1_130' title='bbox 1506 979 1633 1116; x_wconf 68' lang='grc' dir='ltr'>Πρόκριν</span> <span class='ocrx_word' id='word_1_131' title='bbox 1651 980 1671 1036; x_wconf 70' lang='grc' dir='ltr'><strong>ἃ</strong></span> 
     </span>
    </p>
   </div>
   <div class='ocr_carea' id='block_1_4' title="bbox 903 1060 1671 1459">
    <p class='ocr_par' dir='ltr' id='par_1_4' title="bbox 903 1060 1671 1459">
     <span class='ocr_line' id='line_1_20' title="bbox 903 1060 1671 1144; baseline -0.005 -23"><span class='ocrx_word' id='word_1_132' title='bbox 903 1061 937 1121; x_wconf 85' lang='grc' dir='ltr'><strong>τδι</strong></span> <span class='ocrx_word' id='word_1_133' title='bbox 952 1065 1023 1122; x_wconf 82' lang='grc' dir='ltr'>κακὰ</span> <span class='ocrx_word' id='word_1_134' title='bbox 1037 1064 1094 1144; x_wconf 83' lang='grc' dir='ltr'>ἔχει</span> <span class='ocrx_word' id='word_1_135' title='bbox 1115 1065 1178 1121; x_wconf 80' lang='grc' dir='ltr'>ἰδεῖν</span> <span class='ocrx_word' id='word_1_136' title='bbox 1191 1061 1243 1120; x_wconf 84' lang='grc' dir='ltr'>ἔσω</span> <span class='ocrx_word' id='word_1_137' title='bbox 1264 1064 1291 1121; x_wconf 79' lang='grc' dir='ltr'><strong>ἐν</strong></span> <span class='ocrx_word' id='word_1_138' title='bbox 1313 1064 1350 1138; x_wconf 77' lang='grc' dir='ltr'><strong>τῇ</strong></span> <span class='ocrx_word' id='word_1_139' title='bbox 1374 1061 1495 1140; x_wconf 74' lang='grc' dir='ltr'>καρδίᾳ,</span> <span class='ocrx_word' id='word_1_140' title='bbox 1508 1084 1546 1118; x_wconf 86' lang='grc' dir='ltr'><strong>κα</strong></span> <span class='ocrx_word' id='word_1_141' title='bbox 1578 1082 1632 1118; x_wconf 84' lang='grc' dir='ltr'>εστι</span> <span class='ocrx_word' id='word_1_142' title='bbox 1645 1060 1671 1117; x_wconf 78' lang='grc' dir='ltr'><strong>τί</strong></span> 
     </span>
     <span class='ocr_line' id='line_1_21' title="bbox 903 1139 1670 1221; baseline -0.001 -22"><span class='ocrx_word' id='word_1_143' title='bbox 903 1141 983 1202; x_wconf 90' lang='grc' dir='ltr'>καλά.</span> <span class='ocrx_word' id='word_1_144' title='bbox 996 1140 1032 1201; x_wconf 87' lang='grc' dir='ltr'><strong><em>Ἥ</em></strong></span> <span class='ocrx_word' id='word_1_145' title='bbox 1056 1141 1109 1221; x_wconf 85' lang='grc' dir='ltr'>γδιρ</span> <span class='ocrx_word' id='word_1_146' title='bbox 1131 1139 1224 1220; x_wconf 76' lang='grc' dir='ltr'>μνήμη</span> <span class='ocrx_word' id='word_1_147' title='bbox 1248 1142 1308 1221; x_wconf 76' lang='grc' dir='ltr'>ἔχει</span> <span class='ocrx_word' id='word_1_148' title='bbox 1331 1148 1345 1172; x_wconf 86' lang='grc'><em>“</em></span> <span class='ocrx_word' id='word_1_149' title='bbox 1358 1141 1442 1199; x_wconf 83' lang='grc' dir='ltr'>αὐτὸν</span> <span class='ocrx_word' id='word_1_150' title='bbox 1466 1142 1670 1211; x_wconf 54' lang='lat' dir='ltr'><strong>cameriam</strong></span> 
     </span>
     <span class='ocr_line' id='line_1_22' title="bbox 904 1218 1670 1302; baseline -0.01 -19"><span class='ocrx_word' id='word_1_151' title='bbox 904 1221 996 1299; x_wconf 78' lang='grc' dir='ltr'>μνήμη</span> <span class='ocrx_word' id='word_1_152' title='bbox 1012 1221 1068 1302; x_wconf 82' lang='grc' dir='ltr'>ἔχει</span> <span class='ocrx_word' id='word_1_153' title='bbox 1080 1220 1184 1300; x_wconf 74' lang='grc' dir='ltr'>ἐλέγξαι</span> <span class='ocrx_word' id='word_1_154' title='bbox 1196 1220 1245 1292; x_wconf 70' lang='grc' dir='ltr'><strong>τὴν</strong></span> <span class='ocrx_word' id='word_1_155' title='bbox 1258 1225 1285 1280; x_wconf 79' lang='grc' dir='ltr'><strong>ἐν</strong></span> <span class='ocrx_word' id='word_1_156' title='bbox 1305 1222 1378 1297; x_wconf 79' lang='grc' dir='ltr'>ἡμῖν</span> <span class='ocrx_word' id='word_1_157' title='bbox 1402 1222 1533 1279; x_wconf 73' lang='grc' dir='ltr'>οἰκοῦσαν</span> <span class='ocrx_word' id='word_1_158' title='bbox 1547 1218 1670 1296; x_wconf 69' lang='grc' dir='ltr'>ἁμαρτίαν,</span> 
     </span>
     <span class='ocr_line' id='line_1_23' title="bbox 903 1297 1670 1381; baseline -0.005 -23"><span class='ocrx_word' id='word_1_159' title='bbox 903 1302 948 1360; x_wconf 78' lang='grc' dir='ltr'><strong>καὶ</strong></span> <span class='ocrx_word' id='word_1_160' title='bbox 964 1305 981 1372; x_wconf 79' lang='grc' dir='ltr'><strong>ἡ</strong></span> <span class='ocrx_word' id='word_1_161' title='bbox 997 1303 1089 1380; x_wconf 79' lang='grc' dir='ltr'>μνήμη</span> <span class='ocrx_word' id='word_1_162' title='bbox 1111 1300 1167 1381; x_wconf 83' lang='grc' dir='ltr'>ἔχει</span> <span class='ocrx_word' id='word_1_163' title='bbox 1184 1299 1267 1371; x_wconf 71' lang='grc' dir='ltr'>αὖε-ην</span> <span class='ocrx_word' id='word_1_164' title='bbox 1283 1301 1464 1370; x_wconf 77' lang='grc' dir='ltr'>δαπανῆσαι·</span> <span class='ocrx_word' id='word_1_165' title='bbox 1480 1305 1501 1370; x_wconf 75' lang='grc' dir='ltr'>ἡ</span> <span class='ocrx_word' id='word_1_166' title='bbox 1519 1297 1607 1376; x_wconf 74' lang='grc' dir='ltr'>μνήμη</span> <span class='ocrx_word' id='word_1_167' title='bbox 1627 1298 1670 1376; x_wconf 71' lang='grc' dir='ltr'>ἔχει</span> 
     </span>
     <span class='ocr_line' id='line_1_24' title="bbox 903 1377 1671 1459; baseline -0.008 -21"><span class='ocrx_word' id='word_1_168' title='bbox 903 1383 1009 1450; x_wconf 76' lang='grc' dir='ltr'>κινῆσαι</span> <span class='ocrx_word' id='word_1_169' title='bbox 1020 1391 1108 1440; x_wconf 80' lang='grc' dir='ltr'>πᾶσαν</span> <span class='ocrx_word' id='word_1_170' title='bbox 1124 1379 1233 1456; x_wconf 81' lang='grc' dir='ltr'>δύναμιν</span> <span class='ocrx_word' id='word_1_171' title='bbox 1248 1386 1295 1439; x_wconf 78' lang='grc' dir='ltr'><strong>τοῦ</strong></span> <span class='ocrx_word' id='word_1_172' title='bbox 1309 1382 1361 1459; x_wconf 76' lang='grc' dir='ltr'><strong>ἰχθ</strong></span> <span class='ocrx_word' id='word_1_173' title='bbox 1394 1385 1414 1398; x_wconf 84' lang='grc'><strong>’”</strong></span> <span class='ocrx_word' id='word_1_174' title='bbox 1428 1381 1457 1438; x_wconf 76' lang='grc' dir='ltr'><strong>ἓν</strong></span> <span class='ocrx_word' id='word_1_175' title='bbox 1475 1381 1512 1456; x_wconf 75' lang='grc' dir='ltr'><strong>τῇ</strong></span> <span class='ocrx_word' id='word_1_176' title='bbox 1527 1377 1671 1455; x_wconf 77' lang='grc' dir='ltr'>καρδίρ,ιιτ“ι</span> 
     </span>
    </p>
   </div>
   <div class='ocr_carea' id='block_1_5' title="bbox 108 1456 1673 1560">
    <p class='ocr_par' dir='ltr' id='par_1_5' title="bbox 108 1456 1673 1560">
     <span class='ocr_line' id='line_1_25' title="bbox 108 1456 1673 1560; baseline -0.015 -37"><span class='ocrx_word' id='word_1_177' title='bbox 108 1465 276 1546; x_wconf 84' lang='lat' dir='ltr'><strong>profundum</strong></span> <span class='ocrx_word' id='word_1_178' title='bbox 294 1463 384 1524; x_wconf 86' lang='lat' dir='ltr'><strong>cordis</strong></span> <span class='ocrx_word' id='word_1_179' title='bbox 395 1462 567 1534; x_wconf 79' lang='lat' dir='ltr'><strong>descendens,</strong></span> <span class='ocrx_word' id='word_1_180' title='bbox 588 1460 731 1520; x_wconf 77' lang='lat' dir='ltr'><strong>draconem</strong></span> <span class='ocrx_word' id='word_1_181' title='bbox 751 1479 850 1551; x_wconf 73' lang='lat' dir='ltr'><strong>pasena</strong></span> <span class='ocrx_word' id='word_1_182' title='bbox 867 1474 886 1523; x_wconf 83' lang='lat' dir='ltr'><strong>c</strong></span> <span class='ocrx_word' id='word_1_183' title='bbox 903 1459 1024 1538; x_wconf 71' lang='grc' dir='ltr'>ἡμνήμη</span> <span class='ocrx_word' id='word_1_184' title='bbox 1036 1460 1092 1560; x_wconf 43' lang='grc' dir='ltr'>ἔχει</span> <span class='ocrx_word' id='word_1_185' title='bbox 1111 1460 1193 1532; x_wconf 61' lang='grc' dir='ltr'>αὐτὴν</span> <span class='ocrx_word' id='word_1_186' title='bbox 1207 1465 1316 1530; x_wconf 58' lang='grc' dir='ltr'>νικῆσαι</span> <span class='ocrx_word' id='word_1_187' title='bbox 1331 1483 1372 1517; x_wconf 60' lang='lat' dir='ltr'><strong>m</strong></span> <span class='ocrx_word' id='word_1_188' title='bbox 1401 1461 1551 1540; x_wconf 55' lang='grc' dir='ltr'>ζχρχῶσα,</span> <span class='ocrx_word' id='word_1_189' title='bbox 1563 1456 1625 1515; x_wconf 55' lang='lat' dir='ltr'><strong>mi</strong></span> <span class='ocrx_word' id='word_1_190' title='bbox 1636 1457 1673 1531; x_wconf 61' lang='grc' dir='ltr'><strong>μς.</strong></span> 
     </span>
    </p>
   </div>
   <div class='ocr_carea' id='block_1_6' title="bbox 67 1542 853 2733">
    <p class='ocr_par' dir='ltr' id='par_1_6' title="bbox 67 1542 853 2733">
     <span class='ocr_line' id='line_1_26' title="bbox 108 1542 849 1624; baseline -0.009 -20"><span class='ocrx_word' id='word_1_191' title='bbox 108 1559 241 1604; x_wconf 88' lang='lat' dir='ltr'><strong>tenentem</strong></span> <span class='ocrx_word' id='word_1_192' title='bbox 258 1543 408 1624; x_wconf 85' lang='lat' dir='ltr'><strong>deprimit;</strong></span> <span class='ocrx_word' id='word_1_193' title='bbox 426 1542 545 1601; x_wconf 83' lang='lat' dir='ltr'><strong>animaru</strong></span> <span class='ocrx_word' id='word_1_194' title='bbox 558 1561 624 1600; x_wconf 83' lang='lat' dir='ltr'><strong>vero</strong></span> <span class='ocrx_word' id='word_1_195' title='bbox 635 1553 724 1599; x_wconf 84' lang='lat' dir='ltr'><strong>servat</strong></span> <span class='ocrx_word' id='word_1_196' title='bbox 737 1553 762 1599; x_wconf 91' lang='lat' dir='ltr'><strong>et</strong></span> <span class='ocrx_word' id='word_1_197' title='bbox 775 1560 849 1599; x_wconf 81' lang='grc' dir='ltr'>τινι-</span> 
     </span>
     <span class='ocr_line' id='line_1_27' title="bbox 109 1614 850 1702; baseline -0.007 -21"><span class='ocrx_word' id='word_1_198' title='bbox 109 1614 183 1683; x_wconf 81' lang='lat' dir='ltr'><strong>sreai.</strong></span> <span class='ocrx_word' id='word_1_199' title='bbox 205 1622 388 1683; x_wconf 86' lang='lat' dir='ltr'><strong>Indesiuenter</strong></span> <span class='ocrx_word' id='word_1_200' title='bbox 401 1621 485 1701; x_wconf 89' lang='lat' dir='ltr'><strong>igitur</strong></span> <span class='ocrx_word' id='word_1_201' title='bbox 500 1631 667 1702; x_wconf 76' lang='lat' dir='ltr'><strong>persermate</strong></span> <span class='ocrx_word' id='word_1_202' title='bbox 679 1638 775 1678; x_wconf 89' lang='lat' dir='ltr'><strong>nomen</strong></span> <span class='ocrx_word' id='word_1_203' title='bbox 789 1619 850 1677; x_wconf 77' lang='lat' dir='ltr'><strong>Du-</strong></span> 
     </span>
     <span class='ocr_line' id='line_1_28' title="bbox 108 1697 849 1775; baseline -0.009 -13"><span class='ocrx_word' id='word_1_204' title='bbox 108 1704 175 1762; x_wconf 91' lang='lat' dir='ltr'><strong>mini</strong></span> <span class='ocrx_word' id='word_1_205' title='bbox 195 1705 260 1765; x_wconf 90' lang='lat' dir='ltr'><strong>Jesu</strong></span> <span class='ocrx_word' id='word_1_206' title='bbox 281 1703 309 1761; x_wconf 90' lang='lat' dir='ltr'><strong>in</strong></span> <span class='ocrx_word' id='word_1_207' title='bbox 324 1700 406 1760; x_wconf 86' lang='lat' dir='ltr'><strong>eorde</strong></span> <span class='ocrx_word' id='word_1_208' title='bbox 420 1700 585 1775; x_wconf 76' lang='lat' dir='ltr'><strong>clamantes5</strong></span> <span class='ocrx_word' id='word_1_209' title='bbox 603 1711 633 1757; x_wconf 93' lang='lat' dir='ltr'><strong>ut</strong></span> <span class='ocrx_word' id='word_1_210' title='bbox 647 1711 675 1757; x_wconf 88' lang='lat' dir='ltr'><strong>et</strong></span> <span class='ocrx_word' id='word_1_211' title='bbox 689 1719 736 1757; x_wconf 92' lang='lat' dir='ltr'><strong>cor</strong></span> <span class='ocrx_word' id='word_1_212' title='bbox 749 1697 849 1757; x_wconf 89' lang='lat' dir='ltr'><strong>Durni-</strong></span> 
     </span>
     <span class='ocr_line' id='line_1_29' title="bbox 108 1776 851 1854; baseline -0.009 -13"><span class='ocrx_word' id='word_1_213' title='bbox 108 1802 173 1841; x_wconf 89' lang='lat' dir='ltr'><strong>uum</strong></span> <span class='ocrx_word' id='word_1_214' title='bbox 187 1797 213 1841; x_wconf 91' lang='lat' dir='ltr'><strong>et</strong></span> <span class='ocrx_word' id='word_1_215' title='bbox 226 1782 360 1841; x_wconf 83' lang='lat' dir='ltr'><strong>Dominus</strong></span> <span class='ocrx_word' id='word_1_216' title='bbox 374 1800 419 1839; x_wconf 90' lang='lat' dir='ltr'><strong>cor</strong></span> <span class='ocrx_word' id='word_1_217' title='bbox 432 1779 582 1854; x_wconf 81' lang='lat' dir='ltr'><strong>absorbeat,</strong></span> <span class='ocrx_word' id='word_1_218' title='bbox 595 1791 622 1838; x_wconf 91' lang='lat' dir='ltr'><strong>et</strong></span> <span class='ocrx_word' id='word_1_219' title='bbox 634 1777 682 1836; x_wconf 90' lang='lat' dir='ltr'><strong>illa</strong></span> <span class='ocrx_word' id='word_1_220' title='bbox 696 1776 752 1836; x_wconf 94' lang='lat' dir='ltr'><strong>duo</strong></span> <span class='ocrx_word' id='word_1_221' title='bbox 765 1797 851 1835; x_wconf 90' lang='lat' dir='ltr'><strong>unum</strong></span> 
     </span>
     <span class='ocr_line' id='line_1_30' title="bbox 107 1856 853 1939; baseline -0.005 -20"><span class='ocrx_word' id='word_1_222' title='bbox 107 1862 183 1920; x_wconf 80' lang='lat' dir='ltr'><strong>suant.</strong></span> <span class='ocrx_word' id='word_1_223' title='bbox 207 1861 265 1920; x_wconf 89' lang='lat' dir='ltr'><strong>lloc</strong></span> <span class='ocrx_word' id='word_1_224' title='bbox 286 1873 376 1918; x_wconf 87' lang='lat' dir='ltr'><strong>autem</strong></span> <span class='ocrx_word' id='word_1_225' title='bbox 396 1879 465 1939; x_wconf 88' lang='lat' dir='ltr'><strong>opus</strong></span> <span class='ocrx_word' id='word_1_226' title='bbox 484 1878 538 1917; x_wconf 91' lang='lat' dir='ltr'><strong>nun</strong></span> <span class='ocrx_word' id='word_1_227' title='bbox 556 1869 597 1915; x_wconf 83' lang='lat' dir='ltr'><strong>est</strong></span> <span class='ocrx_word' id='word_1_228' title='bbox 614 1856 695 1916; x_wconf 88' lang='lat' dir='ltr'><strong>unius</strong></span> <span class='ocrx_word' id='word_1_229' title='bbox 716 1856 783 1928; x_wconf 87' lang='lat' dir='ltr'><strong>diei,</strong></span> <span class='ocrx_word' id='word_1_230' title='bbox 802 1876 853 1915; x_wconf 88' lang='lat' dir='ltr'><strong>nec</strong></span> 
     </span>
     <span class='ocr_line' id='line_1_31' title="bbox 107 1935 851 2017; baseline -0.008 -18"><span class='ocrx_word' id='word_1_231' title='bbox 107 1939 234 2014; x_wconf 88' lang='lat' dir='ltr'><strong>duorum,</strong></span> <span class='ocrx_word' id='word_1_232' title='bbox 252 1937 299 1998; x_wconf 85' lang='lat' dir='ltr'><strong>sod</strong></span> <span class='ocrx_word' id='word_1_233' title='bbox 312 1938 399 1996; x_wconf 90' lang='lat' dir='ltr'><strong>multo</strong></span> <span class='ocrx_word' id='word_1_234' title='bbox 413 1951 543 2017; x_wconf 89' lang='lat' dir='ltr'><strong>ternpore,</strong></span> <span class='ocrx_word' id='word_1_235' title='bbox 558 1935 702 1994; x_wconf 79' lang='lat' dir='ltr'><strong>certamine</strong></span> <span class='ocrx_word' id='word_1_236' title='bbox 719 1949 746 1996; x_wconf 92' lang='lat' dir='ltr'><strong>et</strong></span> <span class='ocrx_word' id='word_1_237' title='bbox 758 1935 851 1995; x_wconf 88' lang='lat' dir='ltr'><strong>labore</strong></span> 
     </span>
     <span class='ocr_line' id='line_1_32' title="bbox 107 2014 851 2097; baseline -0.007 -19"><span class='ocrx_word' id='word_1_238' title='bbox 107 2039 123 2078; x_wconf 94' lang='lat' dir='ltr'><strong>c</strong></span> <span class='ocrx_word' id='word_1_239' title='bbox 145 2040 176 2077; x_wconf 88' lang='lat' dir='ltr'><strong>us</strong></span> <span class='ocrx_word' id='word_1_240' title='bbox 190 2033 238 2092; x_wconf 88' lang='lat' dir='ltr'><strong>est,</strong></span> <span class='ocrx_word' id='word_1_241' title='bbox 260 2017 345 2077; x_wconf 90' lang='lat' dir='ltr'><strong>donee</strong></span> <span class='ocrx_word' id='word_1_242' title='bbox 361 2016 485 2097; x_wconf 84' lang='lat' dir='ltr'><strong>ejiciatur</strong></span> <span class='ocrx_word' id='word_1_243' title='bbox 505 2015 641 2086; x_wconf 90' lang='lat' dir='ltr'><strong>inimicus,</strong></span> <span class='ocrx_word' id='word_1_244' title='bbox 664 2028 692 2074; x_wconf 88' lang='lat' dir='ltr'><strong>et</strong></span> <span class='ocrx_word' id='word_1_245' title='bbox 717 2014 851 2074; x_wconf 89' lang='lat' dir='ltr'><strong>inhabitet</strong></span> 
     </span>
     <span class='ocr_line' id='line_1_33' title="bbox 67 2040 851 2175; baseline -0.006 -18"><span class='ocrx_word' id='word_1_246' title='bbox 67 2093 80 2137; x_wconf 61' lang='grc' dir='ltr'><strong>ἶ·</strong></span> <span class='ocrx_word' id='word_1_247' title='bbox 107 2040 241 2160; x_wconf 81' lang='lat' dir='ltr'><strong>Cirristus.</strong></span> <span class='ocrx_word' id='word_1_248' title='bbox 269 2098 415 2175; x_wconf 77' lang='lat' dir='ltr'><strong>Quoniam</strong></span> <span class='ocrx_word' id='word_1_249' title='bbox 439 2107 556 2155; x_wconf 85' lang='lat' dir='ltr'><strong>nonest</strong></span> <span class='ocrx_word' id='word_1_250' title='bbox 576 2098 659 2153; x_wconf 85' lang='lat' dir='ltr'><strong>nobis</strong></span> <span class='ocrx_word' id='word_1_251' title='bbox 679 2096 851 2154; x_wconf 83' lang='lat' dir='ltr'><strong>colluctatio</strong></span> 
     </span>
     <span class='ocr_line' id='line_1_34' title="bbox 106 2175 851 2256; baseline -0.004 -20"><span class='ocrx_word' id='word_1_252' title='bbox 106 2179 246 2237; x_wconf 84' lang='lat' dir='ltr'><strong>aduersus</strong></span> <span class='ocrx_word' id='word_1_253' title='bbox 264 2180 438 2256; x_wconf 83' lang='lat' dir='ltr'><strong>sanguinem</strong></span> <span class='ocrx_word' id='word_1_254' title='bbox 450 2188 479 2234; x_wconf 89' lang='lat' dir='ltr'><strong>et</strong></span> <span class='ocrx_word' id='word_1_255' title='bbox 494 2195 624 2246; x_wconf 86' lang='lat' dir='ltr'><strong>caraem,</strong></span> <span class='ocrx_word' id='word_1_256' title='bbox 645 2175 697 2233; x_wconf 85' lang='lat' dir='ltr'><strong>sed</strong></span> <span class='ocrx_word' id='word_1_257' title='bbox 711 2175 851 2233; x_wconf 85' lang='lat' dir='ltr'><strong>adversus</strong></span> 
     </span>
     <span class='ocr_line' id='line_1_35' title="bbox 104 2254 850 2336; baseline -0.005 -20"><span class='ocrx_word' id='word_1_258' title='bbox 104 2262 287 2336; x_wconf 80' lang='lat' dir='ltr'><strong>principatus</strong></span> <span class='ocrx_word' id='word_1_259' title='bbox 301 2270 329 2314; x_wconf 87' lang='lat' dir='ltr'><strong>et</strong></span> <span class='ocrx_word' id='word_1_260' title='bbox 340 2266 508 2335; x_wconf 81' lang='lat' dir='ltr'><strong>potestates,</strong></span> <span class='ocrx_word' id='word_1_261' title='bbox 529 2255 669 2313; x_wconf 85' lang='lat' dir='ltr'><strong>adversus</strong></span> <span class='ocrx_word' id='word_1_262' title='bbox 682 2254 850 2333; x_wconf 75' lang='lat' dir='ltr'><strong>spiritualia</strong></span> 
     </span>
     <span class='ocr_line' id='line_1_36' title="bbox 107 2333 850 2417; baseline -0.007 -21"><span class='ocrx_word' id='word_1_263' title='bbox 107 2340 255 2417; x_wconf 80' lang='lat' dir='ltr'><strong>aequitiae,</strong></span> <span class='ocrx_word' id='word_1_264' title='bbox 280 2348 310 2394; x_wconf 94' lang='lat' dir='ltr'><strong>ut</strong></span> <span class='ocrx_word' id='word_1_265' title='bbox 327 2333 530 2415; x_wconf 83' lang='lat' dir='ltr'><strong>ait&#39;apustolus.</strong></span> <span class='ocrx_word' id='word_1_266' title='bbox 553 2333 600 2394; x_wconf 90' lang='lat' dir='ltr'><strong>Sic</strong></span> <span class='ocrx_word' id='word_1_267' title='bbox 613 2346 717 2413; x_wconf 82' lang='lat' dir='ltr'><strong>oportet</strong></span> <span class='ocrx_word' id='word_1_268' title='bbox 730 2346 850 2392; x_wconf 89' lang='lat' dir='ltr'><strong>orantem</strong></span> 
     </span>
     <span class='ocr_line' id='line_1_37' title="bbox 106 2412 850 2496; baseline -0.001 -22"><span class='ocrx_word' id='word_1_269' title='bbox 106 2415 221 2496; x_wconf 86' lang='lat' dir='ltr'><strong>precari,</strong></span> <span class='ocrx_word' id='word_1_270' title='bbox 246 2428 275 2473; x_wconf 95' lang='lat' dir='ltr'><strong>ut</strong></span> <span class='ocrx_word' id='word_1_271' title='bbox 295 2427 412 2473; x_wconf 89' lang='lat' dir='ltr'><strong>mentem</strong></span> <span class='ocrx_word' id='word_1_272' title='bbox 429 2433 536 2472; x_wconf 89' lang='lat' dir='ltr'><strong>omnem</strong></span> <span class='ocrx_word' id='word_1_273' title='bbox 555 2412 665 2491; x_wconf 86' lang='lat' dir='ltr'><strong>colligat</strong></span> <span class='ocrx_word' id='word_1_274' title='bbox 687 2426 712 2472; x_wconf 86' lang='lat' dir='ltr'><strong>et</strong></span> <span class='ocrx_word' id='word_1_275' title='bbox 730 2412 850 2473; x_wconf 90' lang='lat' dir='ltr'><strong>intendat</strong></span> 
     </span>
     <span class='ocr_line' id='line_1_38' title="bbox 105 2491 850 2568; baseline -0.003 -15"><span class='ocrx_word' id='word_1_276' title='bbox 105 2495 141 2553; x_wconf 92' lang='lat' dir='ltr'><strong>ad</strong></span> <span class='ocrx_word' id='word_1_277' title='bbox 162 2494 343 2553; x_wconf 86' lang='lat' dir='ltr'><strong>invocandum</strong></span> <span class='ocrx_word' id='word_1_278' title='bbox 361 2495 450 2552; x_wconf 88' lang='lat' dir='ltr'><strong>Deum</strong></span> <span class='ocrx_word' id='word_1_279' title='bbox 472 2513 533 2552; x_wconf 88' lang='lat' dir='ltr'><strong>curn</strong></span> <span class='ocrx_word' id='word_1_280' title='bbox 551 2491 642 2551; x_wconf 87' lang='lat' dir='ltr'><strong>auimo</strong></span> <span class='ocrx_word' id='word_1_281' title='bbox 665 2491 781 2568; x_wconf 79' lang='lat' dir='ltr'><strong>dolente,</strong></span> <span class='ocrx_word' id='word_1_282' title='bbox 801 2513 850 2552; x_wconf 92' lang='lat' dir='ltr'><strong>nee</strong></span> 
     </span>
     <span class='ocr_line' id='line_1_39' title="bbox 105 2571 848 2662; baseline 0 -31"><span class='ocrx_word' id='word_1_283' title='bbox 105 2575 199 2652; x_wconf 89' lang='lat' dir='ltr'><strong>longos</strong></span> <span class='ocrx_word' id='word_1_284' title='bbox 222 2588 313 2634; x_wconf 84' lang='lat' dir='ltr'><strong>texere</strong></span> <span class='ocrx_word' id='word_1_285' title='bbox 325 2593 471 2646; x_wconf 77' lang='lat' dir='ltr'><strong>sermones,</strong></span> <span class='ocrx_word' id='word_1_286' title='bbox 489 2592 575 2662; x_wconf 89' lang='lat' dir='ltr'><strong>neque</strong></span> <span class='ocrx_word' id='word_1_287' title='bbox 588 2572 695 2651; x_wconf 89' lang='lat' dir='ltr'><strong>longam</strong></span> <span class='ocrx_word' id='word_1_288' title='bbox 713 2571 848 2651; x_wconf 84' lang='lat' dir='ltr'><strong>supplica-</strong></span> 
     </span>
     <span class='ocr_line' id='line_1_40' title="bbox 105 2650 847 2733; baseline -0.004 -21"><span class='ocrx_word' id='word_1_289' title='bbox 105 2655 216 2727; x_wconf 81' lang='lat' dir='ltr'><strong>tionem,</strong></span> <span class='ocrx_word' id='word_1_290' title='bbox 238 2651 284 2712; x_wconf 87' lang='lat' dir='ltr'><strong>sod</strong></span> <span class='ocrx_word' id='word_1_291' title='bbox 307 2673 393 2733; x_wconf 81' lang='lat' dir='ltr'><strong>pauca</strong></span> <span class='ocrx_word' id='word_1_292' title='bbox 413 2665 439 2710; x_wconf 92' lang='lat' dir='ltr'><strong>et</strong></span> <span class='ocrx_word' id='word_1_293' title='bbox 453 2651 586 2731; x_wconf 78' lang='lat' dir='ltr'><strong>simplicia</strong></span> <span class='ocrx_word' id='word_1_294' title='bbox 604 2650 724 2731; x_wconf 79' lang='lat' dir='ltr'><strong>proferre</strong></span> <span class='ocrx_word' id='word_1_295' title='bbox 741 2651 847 2711; x_wconf 82' lang='lat' dir='ltr'><strong>verba:</strong></span> 
     </span>
    </p>
   </div>
   <div class='ocr_carea' id='block_1_7' title="bbox 902 1537 1673 2732">
    <p class='ocr_par' dir='ltr' id='par_1_7' title="bbox 902 1537 1673 2732">
     <span class='ocr_line' id='line_1_41' title="bbox 905 1537 1672 1640; baseline -0.007 -40"><span class='ocrx_word' id='word_1_296' title='bbox 905 1562 956 1618; x_wconf 82' lang='grc' dir='ltr'>ρος.</span> <span class='ocrx_word' id='word_1_297' title='bbox 966 1542 1165 1640; x_wconf 78' lang='grc' dir='ltr'>Ιίατερχομενον</span> <span class='ocrx_word' id='word_1_298' title='bbox 1174 1539 1228 1619; x_wconf 77' lang='grc' dir='ltr'><strong>γὰρ</strong></span> <span class='ocrx_word' id='word_1_299' title='bbox 1237 1540 1269 1599; x_wconf 85' lang='grc' dir='ltr'><strong>τδ</strong></span> <span class='ocrx_word' id='word_1_300' title='bbox 1280 1537 1366 1617; x_wconf 74' lang='grc' dir='ltr'>μέρος</span> <span class='ocrx_word' id='word_1_301' title='bbox 1376 1544 1426 1596; x_wconf 74' lang='grc' dir='ltr'><strong>τῶ</strong></span> <span class='ocrx_word' id='word_1_302' title='bbox 1442 1538 1620 1616; x_wconf 76' lang='grc' dir='ltr'>δνόματσςτῶ</span> <span class='ocrx_word' id='word_1_303' title='bbox 1632 1539 1672 1595; x_wconf 76' lang='lat' dir='ltr'><strong>liu</strong></span> 
     </span>
     <span class='ocr_line' id='line_1_42' title="bbox 906 1616 1673 1719; baseline -0.005 -43"><span class='ocrx_word' id='word_1_304' title='bbox 906 1617 961 1697; x_wconf 91' lang='grc' dir='ltr'>ρίου</span> <span class='ocrx_word' id='word_1_305' title='bbox 973 1622 1050 1696; x_wconf 80' lang='grc' dir='ltr'>ἡμῶν</span> <span class='ocrx_word' id='word_1_306' title='bbox 1068 1622 1145 1691; x_wconf 77' lang='grc' dir='ltr'>Ιησοῦ</span> <span class='ocrx_word' id='word_1_307' title='bbox 1156 1620 1273 1719; x_wconf 78' lang='grc' dir='ltr'>Χριστοῦ</span> <span class='ocrx_word' id='word_1_308' title='bbox 1289 1620 1329 1682; x_wconf 81' lang='grc' dir='ltr'><strong>είς</strong></span> <span class='ocrx_word' id='word_1_309' title='bbox 1343 1618 1394 1676; x_wconf 77' lang='grc' dir='ltr'><strong>τὸν</strong></span> <span class='ocrx_word' id='word_1_310' title='bbox 1411 1617 1496 1696; x_wconf 77' lang='grc' dir='ltr'>βυθὸν</span> <span class='ocrx_word' id='word_1_311' title='bbox 1509 1623 1558 1688; x_wconf 69' lang='grc' dir='ltr'><strong>τῆς</strong></span> <span class='ocrx_word' id='word_1_312' title='bbox 1571 1616 1673 1694; x_wconf 74' lang='grc' dir='ltr'>καρδίας,</span> 
     </span>
     <span class='ocr_line' id='line_1_43' title="bbox 904 1695 1672 1780; baseline -0.008 -23"><span class='ocrx_word' id='word_1_313' title='bbox 904 1696 949 1757; x_wconf 87' lang='grc' dir='ltr'><strong>τδν</strong></span> <span class='ocrx_word' id='word_1_314' title='bbox 963 1697 1011 1775; x_wconf 63' lang='grc' dir='ltr'><strong>μὲν</strong></span> <span class='ocrx_word' id='word_1_315' title='bbox 1024 1699 1154 1780; x_wconf 85' lang='grc' dir='ltr'>δράκοντα</span> <span class='ocrx_word' id='word_1_316' title='bbox 1169 1721 1214 1758; x_wconf 93' lang='grc' dir='ltr'><strong>τον</strong></span> <span class='ocrx_word' id='word_1_317' title='bbox 1224 1701 1383 1779; x_wconf 80' lang='grc' dir='ltr'>κρατοῦντα</span> <span class='ocrx_word' id='word_1_318' title='bbox 1395 1697 1446 1764; x_wconf 72' lang='grc' dir='ltr'><strong>τὰς</strong></span> <span class='ocrx_word' id='word_1_319' title='bbox 1461 1695 1550 1774; x_wconf 64' lang='grc' dir='ltr'>νομὰς</span> <span class='ocrx_word' id='word_1_320' title='bbox 1558 1704 1672 1767; x_wconf 83' lang='grc' dir='ltr'>ταπεινοῖ,</span> 
     </span>
     <span class='ocr_line' id='line_1_44' title="bbox 904 1774 1673 1859; baseline -0.004 -23"><span class='ocrx_word' id='word_1_321' title='bbox 904 1774 953 1850; x_wconf 73' lang='lat' dir='ltr'><strong>‘rip</strong></span> <span class='ocrx_word' id='word_1_322' title='bbox 968 1777 1092 1859; x_wconf 73' lang='grc' dir='ltr'>δίψυχὴν</span> <span class='ocrx_word' id='word_1_323' title='bbox 1106 1775 1185 1845; x_wconf 74' lang='grc' dir='ltr'>σώζει</span> <span class='ocrx_word' id='word_1_324' title='bbox 1195 1778 1241 1837; x_wconf 81' lang='grc' dir='ltr'><strong>καὶ</strong></span> <span class='ocrx_word' id='word_1_325' title='bbox 1250 1781 1392 1846; x_wconf 81' lang='grc' dir='ltr'>ζωοποιεῖ.</span> <span class='ocrx_word' id='word_1_326' title='bbox 1405 1775 1598 1841; x_wconf 82' lang='grc' dir='ltr'>Ἀδιαλείτττως</span> <span class='ocrx_word' id='word_1_327' title='bbox 1606 1774 1673 1833; x_wconf 79' lang='grc' dir='ltr'>τοίνυν</span> 
     </span>
     <span class='ocr_line' id='line_1_45' title="bbox 904 1852 1672 1937; baseline -0.003 -22"><span class='ocrx_word' id='word_1_328' title='bbox 904 1857 1085 1935; x_wconf 88' lang='grc' dir='ltr'>παραμείνατε</span> <span class='ocrx_word' id='word_1_329' title='bbox 1096 1860 1166 1935; x_wconf 76' lang='grc' dir='ltr'><strong>ίντῇ</strong></span> <span class='ocrx_word' id='word_1_330' title='bbox 1179 1855 1276 1937; x_wconf 73' lang='grc' dir='ltr'>καρδία</span> <span class='ocrx_word' id='word_1_331' title='bbox 1286 1855 1318 1915; x_wconf 77' lang='lat' dir='ltr'><strong>el&gt;</strong></span> <span class='ocrx_word' id='word_1_332' title='bbox 1330 1855 1423 1934; x_wconf 84' lang='grc' dir='ltr'>ὄνομα</span> <span class='ocrx_word' id='word_1_333' title='bbox 1434 1864 1485 1916; x_wconf 78' lang='grc' dir='ltr'><strong>τοῦ</strong></span> <span class='ocrx_word' id='word_1_334' title='bbox 1496 1855 1593 1936; x_wconf 79' lang='grc' dir='ltr'>Κυρίου</span> <span class='ocrx_word' id='word_1_335' title='bbox 1602 1852 1672 1924; x_wconf 59' lang='lat' dir='ltr'><strong>&#39;lueri</strong></span> 
     </span>
     <span class='ocr_line' id='line_1_46' title="bbox 904 1934 1673 2017; baseline -0.003 -24"><span class='ocrx_word' id='word_1_336' title='bbox 904 1937 1058 2014; x_wconf 75' lang='grc' dir='ltr'>κράζοντες,</span> <span class='ocrx_word' id='word_1_337' title='bbox 1073 1936 1117 1996; x_wconf 69' lang='grc' dir='ltr'><strong>ἵνα</strong></span> <span class='ocrx_word' id='word_1_338' title='bbox 1130 1935 1247 2016; x_wconf 79' lang='grc' dir='ltr'>καταπίῃ</span> <span class='ocrx_word' id='word_1_339' title='bbox 1264 1940 1283 2008; x_wconf 77' lang='grc' dir='ltr'><strong>ἡ</strong></span> <span class='ocrx_word' id='word_1_340' title='bbox 1299 1935 1407 2017; x_wconf 78' lang='grc' dir='ltr'>καρδία</span> <span class='ocrx_word' id='word_1_341' title='bbox 1429 1936 1478 1995; x_wconf 84' lang='grc' dir='ltr'><strong>τδν</strong></span> <span class='ocrx_word' id='word_1_342' title='bbox 1495 1937 1600 2016; x_wconf 70' lang='lat' dir='ltr'><strong>Kopion,</strong></span> <span class='ocrx_word' id='word_1_343' title='bbox 1611 1934 1673 1992; x_wconf 77' lang='lat' dir='ltr'><strong>mil</strong></span> 
     </span>
     <span class='ocr_line' id='line_1_47' title="bbox 906 2013 1673 2096; baseline -0.004 -22"><span class='ocrx_word' id='word_1_344' title='bbox 906 2013 1001 2096; x_wconf 83' lang='grc' dir='ltr'>Κύριος</span> <span class='ocrx_word' id='word_1_345' title='bbox 1019 2015 1068 2086; x_wconf 73' lang='grc' dir='ltr'><strong>τὴν</strong></span> <span class='ocrx_word' id='word_1_346' title='bbox 1092 2013 1212 2096; x_wconf 81' lang='grc' dir='ltr'>καρδίαν,</span> <span class='ocrx_word' id='word_1_347' title='bbox 1223 2015 1270 2075; x_wconf 78' lang='grc' dir='ltr'><strong>καί</strong></span> <span class='ocrx_word' id='word_1_348' title='bbox 1285 2015 1407 2094; x_wconf 77' lang='grc' dir='ltr'>γίνηται</span> <span class='ocrx_word' id='word_1_349' title='bbox 1423 2014 1462 2074; x_wconf 76' lang='grc' dir='ltr'><strong>τὰ</strong></span> <span class='ocrx_word' id='word_1_350' title='bbox 1481 2015 1530 2075; x_wconf 77' lang='grc' dir='ltr'>δύο</span> <span class='ocrx_word' id='word_1_351' title='bbox 1545 2018 1581 2081; x_wconf 78' lang='grc' dir='ltr'><strong>εἰς</strong></span> <span class='ocrx_word' id='word_1_352' title='bbox 1597 2014 1630 2072; x_wconf 83' lang='grc' dir='ltr'><strong>ἔν.</strong></span> <span class='ocrx_word' id='word_1_353' title='bbox 1642 2016 1673 2072; x_wconf 80' lang='lat' dir='ltr'><strong>Te</strong></span> 
     </span>
     <span class='ocr_line' id='line_1_48' title="bbox 903 2093 1672 2175; baseline -0.001 -22"><span class='ocrx_word' id='word_1_354' title='bbox 903 2094 931 2153; x_wconf 77' lang='grc' dir='ltr'><strong>δί</strong></span> <span class='ocrx_word' id='word_1_355' title='bbox 949 2095 1023 2175; x_wconf 74' lang='grc' dir='ltr'>ἔργον</span> <span class='ocrx_word' id='word_1_356' title='bbox 1038 2101 1113 2155; x_wconf 78' lang='grc' dir='ltr'>τοῦτο</span> <span class='ocrx_word' id='word_1_357' title='bbox 1137 2097 1185 2154; x_wconf 77' lang='grc' dir='ltr'>οὐκ</span> <span class='ocrx_word' id='word_1_358' title='bbox 1201 2095 1258 2154; x_wconf 81' lang='grc' dir='ltr'>ἔστι</span> <span class='ocrx_word' id='word_1_359' title='bbox 1281 2104 1348 2171; x_wconf 76' lang='grc' dir='ltr'>μιᾶς</span> <span class='ocrx_word' id='word_1_360' title='bbox 1372 2094 1519 2175; x_wconf 77' lang='grc' dir='ltr'>ἡμέραςῆ</span> <span class='ocrx_word' id='word_1_361' title='bbox 1545 2093 1601 2167; x_wconf 78' lang='grc' dir='ltr'>δύο,</span> <span class='ocrx_word' id='word_1_362' title='bbox 1620 2094 1672 2153; x_wconf 72' lang='lat' dir='ltr'><strong>tut</strong></span> 
     </span>
     <span class='ocr_line' id='line_1_49' title="bbox 903 2173 1672 2254; baseline -0.005 -20"><span class='ocrx_word' id='word_1_363' title='bbox 903 2173 999 2254; x_wconf 82' lang='grc' dir='ltr'>χρόνον</span> <span class='ocrx_word' id='word_1_364' title='bbox 1022 2177 1120 2236; x_wconf 81' lang='grc' dir='ltr'>πολλοῦ</span> <span class='ocrx_word' id='word_1_365' title='bbox 1139 2175 1185 2234; x_wconf 82' lang='grc' dir='ltr'><strong>καὶ</strong></span> <span class='ocrx_word' id='word_1_366' title='bbox 1206 2181 1314 2253; x_wconf 76' lang='grc' dir='ltr'>καιροῦ,</span> <span class='ocrx_word' id='word_1_367' title='bbox 1340 2175 1392 2233; x_wconf 84' lang='grc' dir='ltr'><strong>καὶ</strong></span> <span class='ocrx_word' id='word_1_368' title='bbox 1417 2177 1528 2253; x_wconf 74' lang='grc' dir='ltr'>ἀγῶνος</span> <span class='ocrx_word' id='word_1_369' title='bbox 1548 2175 1592 2233; x_wconf 82' lang='grc' dir='ltr'><strong>καὶ</strong></span> <span class='ocrx_word' id='word_1_370' title='bbox 1610 2174 1672 2230; x_wconf 77' lang='grc' dir='ltr'>τίνω</span> 
     </span>
     <span class='ocr_line' id='line_1_50' title="bbox 902 2245 1672 2335; baseline -0.001 -22"><span class='ocrx_word' id='word_1_371' title='bbox 902 2253 993 2334; x_wconf 80' lang='grc' dir='ltr'>χρεία,</span> <span class='ocrx_word' id='word_1_372' title='bbox 1003 2255 1053 2322; x_wconf 72' lang='grc' dir='ltr'><strong>ἕως</strong></span> <span class='ocrx_word' id='word_1_373' title='bbox 1065 2245 1094 2313; x_wconf 67' lang='grc' dir='ltr'><strong>οὗ</strong></span> <span class='ocrx_word' id='word_1_374' title='bbox 1108 2256 1224 2333; x_wconf 79' lang='grc' dir='ltr'>ἐκὸληθῇ</span> <span class='ocrx_word' id='word_1_375' title='bbox 1237 2258 1252 2313; x_wconf 84' lang='grc' dir='ltr'>θ</span> <span class='ocrx_word' id='word_1_376' title='bbox 1265 2254 1385 2335; x_wconf 79' lang='grc' dir='ltr'>ἐχθρὸς,</span> <span class='ocrx_word' id='word_1_377' title='bbox 1404 2255 1455 2314; x_wconf 83' lang='grc' dir='ltr'><strong>καὶ</strong></span> <span class='ocrx_word' id='word_1_378' title='bbox 1467 2255 1614 2332; x_wconf 75' lang='grc' dir='ltr'>ἐνοικίσηὸ</span> <span class='ocrx_word' id='word_1_379' title='bbox 1625 2255 1672 2313; x_wconf 75' lang='grc' dir='ltr'>Χει-</span> 
     </span>
     <span class='ocr_line' id='line_1_51' title="bbox 904 2313 1672 2413; baseline -0.004 -18"><span class='ocrx_word' id='word_1_380' title='bbox 904 2333 973 2402; x_wconf 81' lang='grc' dir='ltr'>στίς.</span> <span class='ocrx_word' id='word_1_381' title='bbox 989 2338 1048 2395; x_wconf 86' lang='grc' dir='ltr'>Οὐκ</span> <span class='ocrx_word' id='word_1_382' title='bbox 1061 2333 1117 2393; x_wconf 75' lang='grc' dir='ltr'>ἔστι</span> <span class='ocrx_word' id='word_1_383' title='bbox 1130 2334 1181 2413; x_wconf 77' lang='grc' dir='ltr'><strong>γὰρ</strong></span> <span class='ocrx_word' id='word_1_384' title='bbox 1195 2337 1262 2410; x_wconf 78' lang='grc' dir='ltr'>ἡμῖν</span> <span class='ocrx_word' id='word_1_385' title='bbox 1272 2338 1290 2405; x_wconf 79' lang='grc' dir='ltr'><strong>ἡ</strong></span> <span class='ocrx_word' id='word_1_386' title='bbox 1301 2333 1386 2405; x_wconf 86' lang='grc' dir='ltr'>πάλη</span> <span class='ocrx_word' id='word_1_387' title='bbox 1398 2359 1421 2393; x_wconf 85' lang='grc' dir='ltr'>π</span> <span class='ocrx_word' id='word_1_388' title='bbox 1440 2335 1449 2353; x_wconf 76' lang='grc'><strong>“</strong></span> <span class='ocrx_word' id='word_1_389' title='bbox 1488 2326 1557 2411; x_wconf 80' lang='grc' dir='ltr'>άίμα</span> <span class='ocrx_word' id='word_1_390' title='bbox 1568 2333 1610 2392; x_wconf 81' lang='grc' dir='ltr'><strong>καὶ</strong></span> <span class='ocrx_word' id='word_1_391' title='bbox 1624 2313 1672 2411; x_wconf 74' lang='grc' dir='ltr'>τά,-</span> 
     </span>
     <span class='ocr_line' id='line_1_52' title="bbox 903 2358 1673 2495; baseline -0.004 -23"><span class='ocrx_word' id='word_1_392' title='bbox 903 2436 955 2485; x_wconf 90' lang='grc' dir='ltr'><strong>κα,</strong></span> <span class='ocrx_word' id='word_1_393' title='bbox 968 2412 1037 2473; x_wconf 70' lang='grc' dir='ltr'>ἀλλὰ</span> <span class='ocrx_word' id='word_1_394' title='bbox 1051 2413 1117 2495; x_wconf 80' lang='grc' dir='ltr'>πρὸς</span> <span class='ocrx_word' id='word_1_395' title='bbox 1135 2411 1182 2480; x_wconf 80' lang='grc' dir='ltr'><strong>τδς</strong></span> <span class='ocrx_word' id='word_1_396' title='bbox 1201 2411 1304 2494; x_wconf 70' lang='grc' dir='ltr'>ἀρχὰς,</span> <span class='ocrx_word' id='word_1_397' title='bbox 1316 2413 1392 2493; x_wconf 76' lang='grc' dir='ltr'>πρὸς</span> <span class='ocrx_word' id='word_1_398' title='bbox 1407 2358 1470 2473; x_wconf 44' lang='grc' dir='ltr'>εἴ(</span> <span class='ocrx_word' id='word_1_399' title='bbox 1481 2413 1613 2486; x_wconf 78' lang='grc' dir='ltr'>ἐξουσίας,</span> <span class='ocrx_word' id='word_1_400' title='bbox 1624 2436 1673 2477; x_wconf 78' lang='grc' dir='ltr'><strong>τως</strong></span> 
     </span>
     <span class='ocr_line' id='line_1_53' title="bbox 903 2491 1671 2572; baseline -0.003 -21"><span class='ocrx_word' id='word_1_401' title='bbox 903 2491 937 2552; x_wconf 81' lang='grc' dir='ltr'><strong>τά</strong></span> <span class='ocrx_word' id='word_1_402' title='bbox 951 2493 1118 2570; x_wconf 77' lang='grc' dir='ltr'>πνευματικὰ</span> <span class='ocrx_word' id='word_1_403' title='bbox 1128 2496 1177 2564; x_wconf 74' lang='grc' dir='ltr'><strong>τῆς</strong></span> <span class='ocrx_word' id='word_1_404' title='bbox 1186 2492 1336 2572; x_wconf 82' lang='grc' dir='ltr'>πονηρίας,</span> <span class='ocrx_word' id='word_1_405' title='bbox 1352 2491 1392 2561; x_wconf 79' lang='grc' dir='ltr'><strong>ὥς</strong></span> <span class='ocrx_word' id='word_1_406' title='bbox 1407 2516 1494 2572; x_wconf 69' lang='grc' dir='ltr'>φησιν</span> <span class='ocrx_word' id='word_1_407' title='bbox 1509 2499 1524 2553; x_wconf 81' lang='grc' dir='ltr'>ὁ</span> <span class='ocrx_word' id='word_1_408' title='bbox 1540 2493 1671 2559; x_wconf 74' lang='grc' dir='ltr'>ἀπόστολος.</span> 
     </span>
     <span class='ocr_line' id='line_1_54' title="bbox 903 2571 1673 2653; baseline -0.005 -21"><span class='ocrx_word' id='word_1_409' title='bbox 903 2571 984 2632; x_wconf 63' lang='lat' dir='ltr'><strong>otta</strong></span> <span class='ocrx_word' id='word_1_410' title='bbox 993 2574 1032 2632; x_wconf 90' lang='grc' dir='ltr'><strong>δεῖ</strong></span> <span class='ocrx_word' id='word_1_411' title='bbox 1043 2573 1088 2632; x_wconf 82' lang='grc' dir='ltr'><strong>τδν</strong></span> <span class='ocrx_word' id='word_1_412' title='bbox 1100 2572 1240 2653; x_wconf 80' lang='grc' dir='ltr'>εὐχόμενον</span> <span class='ocrx_word' id='word_1_413' title='bbox 1256 2571 1406 2653; x_wconf 79' lang='grc' dir='ltr'>εὔχεσθαι,</span> <span class='ocrx_word' id='word_1_414' title='bbox 1417 2577 1458 2639; x_wconf 79' lang='grc' dir='ltr'><strong>ὡς</strong></span> <span class='ocrx_word' id='word_1_415' title='bbox 1468 2573 1536 2643; x_wconf 63' lang='lat' dir='ltr'><strong>dieu</strong></span> <span class='ocrx_word' id='word_1_416' title='bbox 1547 2575 1619 2632; x_wconf 79' lang='grc' dir='ltr'>ωἰτοῦ</span> <span class='ocrx_word' id='word_1_417' title='bbox 1629 2595 1673 2629; x_wconf 71' lang='grc' dir='ltr'>τοι·</span> 
     </span>
     <span class='ocr_line' id='line_1_55' title="bbox 904 2650 1673 2732; baseline -0.004 -22"><span class='ocrx_word' id='word_1_418' title='bbox 904 2650 1037 2732; x_wconf 80' lang='grc' dir='ltr'>αγαγίντα</span> <span class='ocrx_word' id='word_1_419' title='bbox 1053 2651 1099 2713; x_wconf 80' lang='grc' dir='ltr'><strong>καί</strong></span> <span class='ocrx_word' id='word_1_420' title='bbox 1123 2651 1289 2712; x_wconf 70' lang='grc' dir='ltr'>συντείνοντα</span> <span class='ocrx_word' id='word_1_421' title='bbox 1309 2650 1365 2722; x_wconf 75' lang='grc' dir='ltr'><strong>τὴν</strong></span> <span class='ocrx_word' id='word_1_422' title='bbox 1388 2652 1526 2726; x_wconf 88' lang='grc' dir='ltr'>διάνοιαν,</span> <span class='ocrx_word' id='word_1_423' title='bbox 1543 2655 1625 2711; x_wconf 85' lang='grc' dir='ltr'>καλεῖν</span> <span class='ocrx_word' id='word_1_424' title='bbox 1640 2651 1673 2707; x_wconf 68' lang='grc' dir='ltr'><strong>τὸν</strong></span> 
     </span>
    </p>
   </div>
   <div class='ocr_carea' id='block_1_8' title="bbox 107 2728 1673 2812">
    <p class='ocr_par' dir='ltr' id='par_1_8' title="bbox 107 2728 1673 2812">
     <span class='ocr_line' id='line_1_56' title="bbox 107 2728 1673 2812; baseline -0.001 -20"><span class='ocrx_word' id='word_1_425' title='bbox 107 2754 161 2792; x_wconf 92' lang='lat' dir='ltr'><strong>non</strong></span> <span class='ocrx_word' id='word_1_426' title='bbox 181 2733 252 2792; x_wconf 89' lang='lat' dir='ltr'><strong>enim</strong></span> <span class='ocrx_word' id='word_1_427' title='bbox 273 2753 308 2791; x_wconf 84' lang='lat' dir='ltr'><strong>ex</strong></span> <span class='ocrx_word' id='word_1_428' title='bbox 325 2731 472 2811; x_wconf 88' lang='lat' dir='ltr'><strong>multiplici</strong></span> <span class='ocrx_word' id='word_1_429' title='bbox 494 2751 626 2806; x_wconf 84' lang='lat' dir='ltr'><strong>sermone,</strong></span> <span class='ocrx_word' id='word_1_430' title='bbox 651 2729 754 2790; x_wconf 86' lang='lat' dir='ltr'><strong>sodex</strong></span> <span class='ocrx_word' id='word_1_431' title='bbox 772 2730 973 2810; x_wconf 63' lang='lat' dir='ltr'><strong>vigiliensis</strong></span> <span class='ocrx_word' id='word_1_432' title='bbox 998 2730 1066 2809; x_wconf 77' lang='grc' dir='ltr'>μετὰ</span> <span class='ocrx_word' id='word_1_433' title='bbox 1086 2728 1251 2810; x_wconf 80' lang='grc' dir='ltr'>δδυνωμίνης</span> <span class='ocrx_word' id='word_1_434' title='bbox 1315 2736 1389 2811; x_wconf 79' lang='grc' dir='ltr'>χ’ἠς·</span> <span class='ocrx_word' id='word_1_435' title='bbox 1410 2731 1464 2790; x_wconf 82' lang='grc' dir='ltr'><strong>καλ</strong></span> <span class='ocrx_word' id='word_1_436' title='bbox 1490 2731 1559 2810; x_wconf 71' lang='grc' dir='ltr'>μηδὲ</span> <span class='ocrx_word' id='word_1_437' title='bbox 1580 2731 1673 2812; x_wconf 56' lang='lat' dir='ltr'><strong>puple&lt;</strong></span> 
     </span>
    </p>
   </div>
   <div class='ocr_carea' id='block_1_9' title="bbox 103 2809 853 3268">
    <p class='ocr_par' dir='ltr' id='par_1_9' title="bbox 103 2809 853 3268">
     <span class='ocr_line' id='line_1_57' title="bbox 106 2809 853 2885; baseline -0.003 -14"><span class='ocrx_word' id='word_1_438' title='bbox 106 2826 195 2872; x_wconf 90' lang='lat' dir='ltr'><strong>mente</strong></span> <span class='ocrx_word' id='word_1_439' title='bbox 207 2811 396 2872; x_wconf 86' lang='lat' dir='ltr'><strong>exaudiemur.</strong></span> <span class='ocrx_word' id='word_1_440' title='bbox 412 2809 497 2885; x_wconf 90' lang='lat' dir='ltr'><strong>Quod</strong></span> <span class='ocrx_word' id='word_1_441' title='bbox 509 2831 545 2869; x_wconf 84' lang='lat' dir='ltr'><strong>ex</strong></span> <span class='ocrx_word' id='word_1_442' title='bbox 558 2814 634 2869; x_wconf 78' lang='lat' dir='ltr'><strong>Anna</strong></span> <span class='ocrx_word' id='word_1_443' title='bbox 647 2809 780 2870; x_wconf 85' lang='lat' dir='ltr'><strong>Samuelis</strong></span> <span class='ocrx_word' id='word_1_444' title='bbox 793 2831 853 2869; x_wconf 85' lang='lat' dir='ltr'><strong>ma-</strong></span> 
     </span>
     <span class='ocr_line' id='line_1_58' title="bbox 103 2889 849 2970; baseline -0.004 -20"><span class='ocrx_word' id='word_1_445' title='bbox 103 2905 143 2950; x_wconf 80' lang='lat' dir='ltr'><strong>tre</strong></span> <span class='ocrx_word' id='word_1_446' title='bbox 157 2891 248 2951; x_wconf 88' lang='lat' dir='ltr'><strong>videre</strong></span> <span class='ocrx_word' id='word_1_447' title='bbox 262 2904 310 2950; x_wconf 87' lang='lat' dir='ltr'><strong>est.</strong></span> <span class='ocrx_word' id='word_1_448' title='bbox 324 2893 384 2951; x_wconf 91' lang='lat' dir='ltr'><strong>Non</strong></span> <span class='ocrx_word' id='word_1_449' title='bbox 396 2911 465 2970; x_wconf 91' lang='lat' dir='ltr'><strong>opus</strong></span> <span class='ocrx_word' id='word_1_450' title='bbox 477 2903 517 2950; x_wconf 91' lang='lat' dir='ltr'><strong>est</strong></span> <span class='ocrx_word' id='word_1_451' title='bbox 538 2910 603 2970; x_wconf 90' lang='lat' dir='ltr'><strong>ergo</strong></span> <span class='ocrx_word' id='word_1_452' title='bbox 614 2889 708 2949; x_wconf 89' lang='lat' dir='ltr'><strong>multis</strong></span> <span class='ocrx_word' id='word_1_453' title='bbox 721 2889 849 2948; x_wconf 90' lang='lat' dir='ltr'><strong>sermoni·</strong></span> 
     </span>
     <span class='ocr_line' id='line_1_59' title="bbox 103 2968 848 3050; baseline -0.003 -21"><span class='ocrx_word' id='word_1_454' title='bbox 103 2971 164 3042; x_wconf 87' lang='lat' dir='ltr'><strong>bns,</strong></span> <span class='ocrx_word' id='word_1_455' title='bbox 182 2971 229 3032; x_wconf 89' lang='lat' dir='ltr'><strong>sed</strong></span> <span class='ocrx_word' id='word_1_456' title='bbox 240 2970 372 3049; x_wconf 79' lang='lat' dir='ltr'><strong>frequenti</strong></span> <span class='ocrx_word' id='word_1_457' title='bbox 386 2969 516 3045; x_wconf 86' lang='lat' dir='ltr'><strong>oratione,</strong></span> <span class='ocrx_word' id='word_1_458' title='bbox 534 2982 564 3027; x_wconf 95' lang='lat' dir='ltr'><strong>ut</strong></span> <span class='ocrx_word' id='word_1_459' title='bbox 578 2990 625 3050; x_wconf 89' lang='lat' dir='ltr'><strong>per</strong></span> <span class='ocrx_word' id='word_1_460' title='bbox 637 2968 753 3028; x_wconf 85' lang='lat' dir='ltr'><strong>Paulum</strong></span> <span class='ocrx_word' id='word_1_461' title='bbox 766 2968 848 3027; x_wconf 89' lang='lat' dir='ltr'><strong>Chri-</strong></span> 
     </span>
     <span class='ocr_line' id='line_1_60' title="bbox 104 3046 851 3130; baseline -0.001 -22"><span class='ocrx_word' id='word_1_462' title='bbox 104 3064 162 3109; x_wconf 89' lang='lat' dir='ltr'><strong>stns</strong></span> <span class='ocrx_word' id='word_1_463' title='bbox 179 3050 270 3130; x_wconf 86' lang='lat' dir='ltr'><strong>jussit,</strong></span> <span class='ocrx_word' id='word_1_464' title='bbox 284 3071 346 3109; x_wconf 91' lang='lat' dir='ltr'><strong>cum</strong></span> <span class='ocrx_word' id='word_1_465' title='bbox 371 3048 476 3109; x_wconf 87' lang='lat' dir='ltr'><strong>modica</strong></span> <span class='ocrx_word' id='word_1_466' title='bbox 497 3046 702 3108; x_wconf 84' lang='lat' dir='ltr'><strong>intermissione.</strong></span> <span class='ocrx_word' id='word_1_467' title='bbox 725 3048 756 3109; x_wconf 86' lang='lat' dir='ltr'><strong>si</strong></span> <span class='ocrx_word' id='word_1_468' title='bbox 778 3048 851 3107; x_wconf 92' lang='lat' dir='ltr'><strong>enim</strong></span> 
     </span>
     <span class='ocr_line' id='line_1_61' title="bbox 103 3127 849 3208; baseline -0.004 -19"><span class='ocrx_word' id='word_1_469' title='bbox 103 3150 253 3189; x_wconf 79' lang='lat' dir='ltr'><strong>armonem</strong></span> <span class='ocrx_word' id='word_1_470' title='bbox 285 3130 416 3203; x_wconf 90' lang='lat' dir='ltr'><strong>rotrahas,</strong></span> <span class='ocrx_word' id='word_1_471' title='bbox 431 3141 461 3187; x_wconf 95' lang='lat' dir='ltr'><strong>ut</strong></span> <span class='ocrx_word' id='word_1_472' title='bbox 478 3149 549 3208; x_wconf 83' lang='lat' dir='ltr'><strong>saepo</strong></span> <span class='ocrx_word' id='word_1_473' title='bbox 564 3128 590 3187; x_wconf 91' lang='lat' dir='ltr'><strong>in</strong></span> <span class='ocrx_word' id='word_1_474' title='bbox 606 3127 747 3208; x_wconf 80' lang='lat' dir='ltr'><strong>segnitiem</strong></span> <span class='ocrx_word' id='word_1_475' title='bbox 764 3127 849 3204; x_wconf 87' lang='lat' dir='ltr'><strong>cadis,</strong></span> 
     </span>
     <span class='ocr_line' id='line_1_62' title="bbox 103 3205 851 3268; baseline -0.001 -1"><span class='ocrx_word' id='word_1_476' title='bbox 103 3209 218 3267; x_wconf 90' lang='lat' dir='ltr'><strong>multam</strong></span> <span class='ocrx_word' id='word_1_477' title='bbox 237 3230 253 3267; x_wconf 92' lang='grc' dir='ltr'>ο</span> <span class='ocrx_word' id='word_1_478' title='bbox 275 3230 318 3268; x_wconf 87' lang='lat' dir='ltr'><strong>ers</strong></span> <span class='ocrx_word' id='word_1_479' title='bbox 339 3206 447 3268; x_wconf 87' lang='lat' dir='ltr'><strong>diabolo</strong></span> <span class='ocrx_word' id='word_1_480' title='bbox 462 3207 598 3266; x_wconf 86' lang='lat' dir='ltr'><strong>licentiam</strong></span> <span class='ocrx_word' id='word_1_481' title='bbox 618 3221 644 3266; x_wconf 90' lang='lat' dir='ltr'><strong>te</strong></span> <span class='ocrx_word' id='word_1_482' title='bbox 659 3205 803 3267; x_wconf 88' lang='lat' dir='ltr'><strong>invadendi</strong></span> <span class='ocrx_word' id='word_1_483' title='bbox 824 3221 851 3266; x_wconf 89' lang='lat' dir='ltr'><strong>et</strong></span> 
     </span>
    </p>
   </div>
   <div class='ocr_carea' id='block_1_10' title="bbox 104 3285 850 3425">
    <p class='ocr_par' dir='ltr' id='par_1_10' title="bbox 104 3285 850 3425">
     <span class='ocr_line' id='line_1_63' title="bbox 104 3285 850 3425; baseline -0.004 -78"><span class='ocrx_word' id='word_1_484' title='bbox 104 3288 304 3425; x_wconf 79' lang='lat' dir='ltr'><strong>supplantandi,</strong></span> <span class='ocrx_word' id='word_1_485' title='bbox 321 3303 402 3366; x_wconf 88' lang='lat' dir='ltr'><strong>atque</strong></span> <span class='ocrx_word' id='word_1_486' title='bbox 417 3301 532 3346; x_wconf 89' lang='lat' dir='ltr'><strong>mentem</strong></span> <span class='ocrx_word' id='word_1_487' title='bbox 543 3301 616 3346; x_wconf 89' lang='lat' dir='ltr'><strong>tuam</strong></span> <span class='ocrx_word' id='word_1_488' title='bbox 631 3309 645 3346; x_wconf 90' lang='lat' dir='ltr'><strong>a</strong></span> <span class='ocrx_word' id='word_1_489' title='bbox 661 3287 750 3346; x_wconf 85' lang='lat' dir='ltr'><strong>verbis</strong></span> <span class='ocrx_word' id='word_1_490' title='bbox 763 3285 850 3345; x_wconf 87' lang='lat' dir='ltr'><strong>abdu-</strong></span> 
     </span>
    </p>
   </div>
   <div class='ocr_carea' id='block_1_11' title="bbox 70 3365 850 3916">
    <p class='ocr_par' dir='ltr' id='par_1_11' title="bbox 70 3365 850 3916">
     <span class='ocr_line' id='line_1_64' title="bbox 104 3365 850 3448; baseline 0 -22"><span class='ocrx_word' id='word_1_491' title='bbox 104 3389 149 3426; x_wconf 90' lang='lat' dir='ltr'><strong>een</strong></span> <span class='ocrx_word' id='word_1_492' title='bbox 172 3392 179 3426; x_wconf 86' lang='lat' dir='ltr'><strong>r</strong></span> <span class='ocrx_word' id='word_1_493' title='bbox 194 3393 199 3425; x_wconf 91' lang='lat'>:</span> <span class='ocrx_word' id='word_1_494' title='bbox 214 3370 236 3426; x_wconf 91' lang='lat' dir='ltr'><strong>si</strong></span> <span class='ocrx_word' id='word_1_495' title='bbox 248 3390 313 3427; x_wconf 81' lang='lat' dir='ltr'><strong>uero</strong></span> <span class='ocrx_word' id='word_1_496' title='bbox 323 3368 469 3446; x_wconf 81' lang='lat' dir='ltr'><strong>frequentes</strong></span> <span class='ocrx_word' id='word_1_497' title='bbox 476 3366 583 3426; x_wconf 86' lang='lat' dir='ltr'><strong>emittas</strong></span> <span class='ocrx_word' id='word_1_498' title='bbox 594 3388 693 3448; x_wconf 83' lang='lat' dir='ltr'><strong>preces,</strong></span> <span class='ocrx_word' id='word_1_499' title='bbox 704 3365 850 3445; x_wconf 79' lang='lat' dir='ltr'><strong>frequentia</strong></span> 
     </span>
     <span class='ocr_line' id='line_1_65' title="bbox 104 3444 849 3527; baseline 0.001 -23"><span class='ocrx_word' id='word_1_500' title='bbox 104 3447 153 3505; x_wconf 89' lang='lat' dir='ltr'><strong>illa</strong></span> <span class='ocrx_word' id='word_1_501' title='bbox 164 3461 249 3506; x_wconf 89' lang='lat' dir='ltr'><strong>totum</strong></span> <span class='ocrx_word' id='word_1_502' title='bbox 257 3463 309 3507; x_wconf 89' lang='lat' dir='ltr'><strong>tem</strong></span> <span class='ocrx_word' id='word_1_503' title='bbox 332 3470 362 3505; x_wconf 90' lang='lat' dir='ltr'><strong>ns</strong></span> <span class='ocrx_word' id='word_1_504' title='bbox 374 3460 529 3527; x_wconf 86' lang='lat' dir='ltr'><strong>occupante,</strong></span> <span class='ocrx_word' id='word_1_505' title='bbox 541 3468 602 3504; x_wconf 89' lang='lat' dir='ltr'><strong>cum</strong></span> <span class='ocrx_word' id='word_1_506' title='bbox 615 3447 699 3504; x_wconf 89' lang='lat' dir='ltr'><strong>multa</strong></span> <span class='ocrx_word' id='word_1_507' title='bbox 708 3444 849 3525; x_wconf 83' lang='lat' dir='ltr'><strong>uigilantia</strong></span> 
     </span>
     <span class='ocr_line' id='line_1_66' title="bbox 105 3470 849 3606; baseline 0 -23"><span class='ocrx_word' id='word_1_508' title='bbox 105 3527 204 3605; x_wconf 88' lang='lat' dir='ltr'><strong>poteris</strong></span> <span class='ocrx_word' id='word_1_509' title='bbox 212 3470 482 3606; x_wconf 78' lang='lat' dir='ltr'><strong>precesiirndere.Vis</strong></span> <span class='ocrx_word' id='word_1_510' title='bbox 491 3526 559 3584; x_wconf 89' lang='lat' dir='ltr'><strong>scire</strong></span> <span class='ocrx_word' id='word_1_511' title='bbox 567 3525 710 3603; x_wconf 86' lang='lat' dir='ltr'><strong>vigilandi,</strong></span> <span class='ocrx_word' id='word_1_512' title='bbox 723 3524 849 3606; x_wconf 88' lang='lat' dir='ltr'><strong>precandi</strong></span> 
     </span>
     <span class='ocr_line' id='line_1_67' title="bbox 70 3603 849 3684; baseline 0 -21"><span class='ocrx_word' id='word_1_513' title='bbox 70 3650 76 3663; x_wconf 87' lang='lat'>.</span> <span class='ocrx_word' id='word_1_514' title='bbox 105 3619 130 3663; x_wconf 90' lang='lat' dir='ltr'><strong>et</strong></span> <span class='ocrx_word' id='word_1_515' title='bbox 148 3605 334 3684; x_wconf 81' lang='lat' dir='ltr'><strong>perseverandi</strong></span> <span class='ocrx_word' id='word_1_516' title='bbox 347 3604 479 3664; x_wconf 74' lang='lat' dir='ltr'><strong>modum?</strong></span> <span class='ocrx_word' id='word_1_517' title='bbox 493 3604 545 3663; x_wconf 81' lang='lat' dir='ltr'><strong>ndi</strong></span> <span class='ocrx_word' id='word_1_518' title='bbox 562 3609 679 3679; x_wconf 78' lang='lat' dir='ltr'><strong>Annam,</strong></span> <span class='ocrx_word' id='word_1_519' title='bbox 694 3605 769 3664; x_wconf 85' lang='lat' dir='ltr'><strong>disce</strong></span> <span class='ocrx_word' id='word_1_520' title='bbox 781 3603 849 3682; x_wconf 92' lang='lat' dir='ltr'><strong>quid</strong></span> 
     </span>
     <span class='ocr_line' id='line_1_68' title="bbox 104 3683 844 3762; baseline -0.001 -20"><span class='ocrx_word' id='word_1_521' title='bbox 104 3685 150 3742; x_wconf 86' lang='lat' dir='ltr'><strong>illa</strong></span> <span class='ocrx_word' id='word_1_522' title='bbox 168 3686 266 3743; x_wconf 83' lang='lat' dir='ltr'><strong>lecerit.</strong></span> <span class='ocrx_word' id='word_1_523' title='bbox 285 3685 476 3757; x_wconf 72' lang='lat' dir='ltr'><strong>Summum,</strong></span> <span class='ocrx_word' id='word_1_524' title='bbox 488 3683 586 3762; x_wconf 90' lang='lat' dir='ltr'><strong>inquit,</strong></span> <span class='ocrx_word' id='word_1_525' title='bbox 600 3705 691 3743; x_wconf 89' lang='lat' dir='ltr'><strong>omnes</strong></span> <span class='ocrx_word' id='word_1_526' title='bbox 708 3705 844 3743; x_wconf 89' lang='lat' dir='ltr'><strong>amensa:</strong></span> 
     </span>
     <span class='ocr_line' id='line_1_69' title="bbox 104 3763 847 3842; baseline -0.001 -19"><span class='ocrx_word' id='word_1_527' title='bbox 104 3778 129 3823; x_wconf 88' lang='lat' dir='ltr'><strong>et</strong></span> <span class='ocrx_word' id='word_1_528' title='bbox 140 3766 231 3824; x_wconf 89' lang='lat' dir='ltr'><strong>statim</strong></span> <span class='ocrx_word' id='word_1_529' title='bbox 243 3765 290 3823; x_wconf 87' lang='lat' dir='ltr'><strong>illa</strong></span> <span class='ocrx_word' id='word_1_530' title='bbox 302 3785 354 3823; x_wconf 90' lang='lat' dir='ltr'><strong>non</strong></span> <span class='ocrx_word' id='word_1_531' title='bbox 365 3763 400 3823; x_wconf 87' lang='lat' dir='ltr'><strong>ad</strong></span> <span class='ocrx_word' id='word_1_532' title='bbox 412 3785 536 3822; x_wconf 89' lang='lat' dir='ltr'><strong>somnum</strong></span> <span class='ocrx_word' id='word_1_533' title='bbox 547 3763 591 3822; x_wconf 82' lang='lat' dir='ltr'><strong>uel</strong></span> <span class='ocrx_word' id='word_1_534' title='bbox 606 3763 642 3823; x_wconf 92' lang='lat' dir='ltr'><strong>ad</strong></span> <span class='ocrx_word' id='word_1_535' title='bbox 653 3765 770 3842; x_wconf 89' lang='lat' dir='ltr'><strong>quietem</strong></span> <span class='ocrx_word' id='word_1_536' title='bbox 784 3785 847 3823; x_wconf 84' lang='lat' dir='ltr'><strong>ver·</strong></span> 
     </span>
     <span class='ocr_line' id='line_1_70' title="bbox 104 3842 844 3916; baseline 0 -14"><span class='ocrx_word' id='word_1_537' title='bbox 104 3865 132 3902; x_wconf 87' lang='lat' dir='ltr'><strong>sa</strong></span> <span class='ocrx_word' id='word_1_538' title='bbox 144 3858 192 3902; x_wconf 90' lang='lat' dir='ltr'><strong>est.</strong></span> <span class='ocrx_word' id='word_1_539' title='bbox 208 3848 299 3916; x_wconf 88' lang='lat' dir='ltr'><strong>Quare</strong></span> <span class='ocrx_word' id='word_1_540' title='bbox 311 3842 420 3902; x_wconf 90' lang='lat' dir='ltr'><strong>videtur</strong></span> <span class='ocrx_word' id='word_1_541' title='bbox 431 3843 477 3902; x_wconf 88' lang='lat' dir='ltr'><strong>illa</strong></span> <span class='ocrx_word' id='word_1_542' title='bbox 489 3842 525 3902; x_wconf 90' lang='lat' dir='ltr'><strong>ad</strong></span> <span class='ocrx_word' id='word_1_543' title='bbox 542 3863 661 3902; x_wconf 83' lang='lat' dir='ltr'><strong>mensam</strong></span> <span class='ocrx_word' id='word_1_544' title='bbox 676 3843 769 3903; x_wconf 89' lang='lat' dir='ltr'><strong>sedens</strong></span> <span class='ocrx_word' id='word_1_545' title='bbox 788 3844 844 3902; x_wconf 84' lang='lat' dir='ltr'><strong>sru-</strong></span> 
     </span>
    </p>
   </div>
   <div class='ocr_carea' id='block_1_12' title="bbox 896 2809 1673 3928">
    <p class='ocr_par' dir='ltr' id='par_1_12' title="bbox 896 2809 1673 3928">
     <span class='ocr_line' id='line_1_71' title="bbox 904 2809 1672 2890; baseline -0.004 -19"><span class='ocrx_word' id='word_1_546' title='bbox 904 2809 1075 2871; x_wconf 82' lang='grc' dir='ltr'>ἀποτείνοντα</span> <span class='ocrx_word' id='word_1_547' title='bbox 1096 2810 1207 2890; x_wconf 71' lang='grc' dir='ltr'>λόγους,</span> <span class='ocrx_word' id='word_1_548' title='bbox 1228 2812 1284 2888; x_wconf 88' lang='grc' dir='ltr'>μηδ</span> <span class='ocrx_word' id='word_1_549' title='bbox 1311 2815 1352 2876; x_wconf 86' lang='grc' dir='ltr'><strong>είς</strong></span> <span class='ocrx_word' id='word_1_550' title='bbox 1374 2814 1468 2887; x_wconf 77' lang='grc' dir='ltr'>μῆκος</span> <span class='ocrx_word' id='word_1_551' title='bbox 1485 2811 1537 2884; x_wconf 67' lang='grc' dir='ltr'><strong>τὴν</strong></span> <span class='ocrx_word' id='word_1_552' title='bbox 1560 2812 1672 2889; x_wconf 72' lang='grc' dir='ltr'>ἱκετηρίαν</span> 
     </span>
     <span class='ocr_line' id='line_1_72' title="bbox 903 2889 1672 2971; baseline 0.001 -22"><span class='ocrx_word' id='word_1_553' title='bbox 903 2890 1036 2965; x_wconf 66' lang='grc' dir='ltr'>ἐκτείνειν,</span> <span class='ocrx_word' id='word_1_554' title='bbox 1047 2891 1116 2951; x_wconf 77' lang='grc' dir='ltr'>άλλδ</span> <span class='ocrx_word' id='word_1_555' title='bbox 1129 2892 1205 2969; x_wconf 86' lang='grc' dir='ltr'>ὀλίγα</span> <span class='ocrx_word' id='word_1_556' title='bbox 1216 2890 1263 2948; x_wconf 77' lang='grc' dir='ltr'><strong>καί</strong></span> <span class='ocrx_word' id='word_1_557' title='bbox 1271 2889 1344 2969; x_wconf 67' lang='grc' dir='ltr'>ψιλὰ</span> <span class='ocrx_word' id='word_1_558' title='bbox 1351 2890 1447 2970; x_wconf 76' lang='grc' dir='ltr'>λέγειν</span> <span class='ocrx_word' id='word_1_559' title='bbox 1461 2891 1584 2971; x_wconf 73' lang='grc' dir='ltr'>ῥήματα</span> <span class='ocrx_word' id='word_1_560' title='bbox 1596 2895 1622 2950; x_wconf 81' lang='grc' dir='ltr'>ὠ</span> <span class='ocrx_word' id='word_1_561' title='bbox 1632 2891 1672 2969; x_wconf 67' lang='lat' dir='ltr'><strong>qi?</strong></span> 
     </span>
     <span class='ocr_line' id='line_1_73' title="bbox 903 2970 1672 3071; baseline -0.001 -43"><span class='ocrx_word' id='word_1_562' title='bbox 903 2971 930 3029; x_wconf 78' lang='lat' dir='ltr'><strong>iu</strong></span> <span class='ocrx_word' id='word_1_563' title='bbox 943 2973 980 3050; x_wconf 80' lang='grc' dir='ltr'><strong>τῷ</strong></span> <span class='ocrx_word' id='word_1_564' title='bbox 996 2971 1092 3042; x_wconf 78' lang='grc' dir='ltr'>πλήθει</span> <span class='ocrx_word' id='word_1_565' title='bbox 1102 2975 1155 3030; x_wconf 83' lang='grc' dir='ltr'><strong>τῶν</strong></span> <span class='ocrx_word' id='word_1_566' title='bbox 1167 2970 1306 3050; x_wconf 76' lang='grc' dir='ltr'>ῥημάτων,</span> <span class='ocrx_word' id='word_1_567' title='bbox 1318 2971 1384 3029; x_wconf 78' lang='grc' dir='ltr'>ἀλλ’</span> <span class='ocrx_word' id='word_1_568' title='bbox 1399 2974 1428 3030; x_wconf 82' lang='grc' dir='ltr'><strong>ἐν</strong></span> <span class='ocrx_word' id='word_1_569' title='bbox 1440 2977 1479 3052; x_wconf 73' lang='grc' dir='ltr'><strong>τῇ</strong></span> <span class='ocrx_word' id='word_1_570' title='bbox 1489 2972 1568 3071; x_wconf 57' lang='grc' dir='ltr'>νίψω</span> <span class='ocrx_word' id='word_1_571' title='bbox 1580 2974 1672 3041; x_wconf 73' lang='lat' dir='ltr'><strong>eicite</strong></span> 
     </span>
     <span class='ocr_line' id='line_1_74' title="bbox 902 3048 1672 3121; baseline 0.001 -14"><span class='ocrx_word' id='word_1_572' title='bbox 902 3049 974 3116; x_wconf 91' lang='grc' dir='ltr'>νοίας</span> <span class='ocrx_word' id='word_1_573' title='bbox 988 3059 1076 3109; x_wconf 84' lang='grc' dir='ltr'>κεῖται</span> <span class='ocrx_word' id='word_1_574' title='bbox 1084 3049 1115 3108; x_wconf 84' lang='grc' dir='ltr'><strong>τδ</strong></span> <span class='ocrx_word' id='word_1_575' title='bbox 1125 3054 1295 3121; x_wconf 76' lang='grc' dir='ltr'>ἀκουσθῆναι.</span> <span class='ocrx_word' id='word_1_576' title='bbox 1307 3049 1368 3109; x_wconf 82' lang='grc' dir='ltr'><strong>Καὶ</strong></span> <span class='ocrx_word' id='word_1_577' title='bbox 1382 3056 1470 3111; x_wconf 64' lang='grc' dir='ltr'>τοῦτο</span> <span class='ocrx_word' id='word_1_578' title='bbox 1489 3056 1546 3112; x_wconf 79' lang='grc' dir='ltr'><strong>ἀπο</strong></span> <span class='ocrx_word' id='word_1_579' title='bbox 1559 3056 1606 3110; x_wconf 79' lang='grc' dir='ltr'><strong>τῶν</strong></span> <span class='ocrx_word' id='word_1_580' title='bbox 1618 3048 1672 3108; x_wconf 70' lang='lat' dir='ltr'><strong>aeri</strong></span> 
     </span>
     <span class='ocr_line' id='line_1_75' title="bbox 903 3127 1673 3207; baseline 0.003 -22"><span class='ocrx_word' id='word_1_581' title='bbox 903 3127 952 3201; x_wconf 71' lang='grc' dir='ltr'><strong>τὴν</strong></span> <span class='ocrx_word' id='word_1_582' title='bbox 965 3135 1011 3189; x_wconf 80' lang='grc' dir='ltr'><strong>τοῦ</strong></span> <span class='ocrx_word' id='word_1_583' title='bbox 1023 3129 1152 3206; x_wconf 77' lang='grc' dir='ltr'>Σαμουὴλ</span> <span class='ocrx_word' id='word_1_584' title='bbox 1164 3127 1232 3207; x_wconf 79' lang='grc' dir='ltr'>μητί</span> <span class='ocrx_word' id='word_1_585' title='bbox 1252 3152 1269 3186; x_wconf 93' lang='grc' dir='ltr'><strong>α</strong></span> <span class='ocrx_word' id='word_1_586' title='bbox 1282 3127 1336 3201; x_wconf 72' lang='grc' dir='ltr'><strong>τὴν</strong></span> <span class='ocrx_word' id='word_1_587' title='bbox 1354 3127 1457 3189; x_wconf 80' lang='grc' dir='ltr'>Ἄνναν</span> <span class='ocrx_word' id='word_1_588' title='bbox 1478 3131 1551 3190; x_wconf 82' lang='grc' dir='ltr'>ἔστιν</span> <span class='ocrx_word' id='word_1_589' title='bbox 1565 3133 1673 3190; x_wconf 63' lang='lat' dir='ltr'><strong>taenea</strong></span> 
     </span>
     <span class='ocr_line' id='line_1_76' title="bbox 903 3152 1671 3290; baseline -0.001 -24"><span class='ocrx_word' id='word_1_590' title='bbox 903 3208 988 3268; x_wconf 90' lang='grc' dir='ltr'>τοίνυν</span> <span class='ocrx_word' id='word_1_591' title='bbox 1001 3209 1044 3268; x_wconf 82' lang='grc' dir='ltr'><strong>τὸν</strong></span> <span class='ocrx_word' id='word_1_592' title='bbox 1059 3208 1198 3289; x_wconf 80' lang='grc' dir='ltr'>εὐχόμενον</span> <span class='ocrx_word' id='word_1_593' title='bbox 1214 3152 1252 3286; x_wconf 64' lang='grc' dir='ltr'>μδ</span> <span class='ocrx_word' id='word_1_594' title='bbox 1269 3207 1397 3290; x_wconf 82' lang='grc' dir='ltr'>μακροὺς</span> <span class='ocrx_word' id='word_1_595' title='bbox 1412 3210 1568 3270; x_wconf 80' lang='grc' dir='ltr'>ἀποτείνειν</span> <span class='ocrx_word' id='word_1_596' title='bbox 1585 3209 1671 3288; x_wconf 74' lang='grc' dir='ltr'>λόγους,</span> 
     </span>
     <span class='ocr_line' id='line_1_77' title="bbox 903 3287 1671 3368; baseline 0 -22"><span class='ocrx_word' id='word_1_597' title='bbox 903 3287 948 3346; x_wconf 82' lang='grc' dir='ltr'><strong>καλ</strong></span> <span class='ocrx_word' id='word_1_598' title='bbox 963 3294 1078 3368; x_wconf 84' lang='grc' dir='ltr'>συνεχῶς</span> <span class='ocrx_word' id='word_1_599' title='bbox 1098 3289 1221 3368; x_wconf 75' lang='grc' dir='ltr'>εὔχεσθαι</span> <span class='ocrx_word' id='word_1_600' title='bbox 1233 3287 1336 3367; x_wconf 51' lang='grc' dir='ltr'>δεῦχὰς</span> <span class='ocrx_word' id='word_1_601' title='bbox 1356 3295 1371 3347; x_wconf 84' lang='grc' dir='ltr'>δ</span> <span class='ocrx_word' id='word_1_602' title='bbox 1387 3289 1513 3368; x_wconf 78' lang='grc' dir='ltr'>Χριστδς</span> <span class='ocrx_word' id='word_1_603' title='bbox 1525 3291 1568 3349; x_wconf 78' lang='grc' dir='ltr'><strong>διδ</strong></span> <span class='ocrx_word' id='word_1_604' title='bbox 1586 3289 1671 3348; x_wconf 62' lang='lat' dir='ltr'><strong>[laria</strong></span> 
     </span>
     <span class='ocr_line' id='line_1_78' title="bbox 902 3357 1672 3450; baseline -0.017 -26"><span class='ocrx_word' id='word_1_605' title='bbox 902 3367 1048 3440; x_wconf 73' lang='grc' dir='ltr'>ἐκέλευσεν,</span> <span class='ocrx_word' id='word_1_606' title='bbox 1060 3368 1087 3436; x_wconf 78' lang='grc' dir='ltr'><strong>ἐξ</strong></span> <span class='ocrx_word' id='word_1_607' title='bbox 1107 3357 1200 3445; x_wconf 81' lang='grc' dir='ltr'>ὀλίγων</span> <span class='ocrx_word' id='word_1_608' title='bbox 1214 3368 1439 3446; x_wconf 79' lang='grc' dir='ltr'>διαλειμμάτων.</span> <span class='ocrx_word' id='word_1_609' title='bbox 1455 3366 1506 3430; x_wconf 76' lang='grc' dir='ltr'><strong>Ἂν</strong></span> <span class='ocrx_word' id='word_1_610' title='bbox 1517 3371 1568 3450; x_wconf 74' lang='grc' dir='ltr'><strong>γάρ</strong></span> <span class='ocrx_word' id='word_1_611' title='bbox 1588 3373 1620 3435; x_wconf 81' lang='grc' dir='ltr'>εἰς</span> <span class='ocrx_word' id='word_1_612' title='bbox 1632 3371 1672 3433; x_wconf 66' lang='grc' dir='ltr'><strong>μῆ.</strong></span> 
     </span>
     <span class='ocr_line' id='line_1_79' title="bbox 903 3446 1670 3547; baseline 0.004 -43"><span class='ocrx_word' id='word_1_613' title='bbox 903 3469 948 3513; x_wconf 90' lang='grc' dir='ltr'>κος</span> <span class='ocrx_word' id='word_1_614' title='bbox 958 3448 1075 3528; x_wconf 71' lang='grc' dir='ltr'>ἐκτείνης</span> <span class='ocrx_word' id='word_1_615' title='bbox 1086 3446 1227 3525; x_wconf 79' lang='grc' dir='ltr'>τὸνλόγον,</span> <span class='ocrx_word' id='word_1_616' title='bbox 1240 3449 1419 3547; x_wconf 73' lang='grc' dir='ltr'>ὀλιγωρήσας</span> <span class='ocrx_word' id='word_1_617' title='bbox 1434 3452 1583 3523; x_wconf 77' lang='grc' dir='ltr'>πολλάκις,</span> <span class='ocrx_word' id='word_1_618' title='bbox 1591 3448 1670 3514; x_wconf 68' lang='lat' dir='ltr'><strong>acilia</strong></span> 
     </span>
     <span class='ocr_line' id='line_1_80' title="bbox 901 3525 1671 3609; baseline 0.001 -26"><span class='ocrx_word' id='word_1_619' title='bbox 901 3525 1001 3596; x_wconf 76' lang='grc' dir='ltr'>ἔδωκας</span> <span class='ocrx_word' id='word_1_620' title='bbox 1014 3531 1052 3608; x_wconf 74' lang='grc' dir='ltr'><strong>τῷ</strong></span> <span class='ocrx_word' id='word_1_621' title='bbox 1066 3527 1181 3606; x_wconf 74' lang='grc' dir='ltr'>διαίσλιρ</span> <span class='ocrx_word' id='word_1_622' title='bbox 1201 3526 1250 3597; x_wconf 75' lang='grc' dir='ltr'><strong>τὴν</strong></span> <span class='ocrx_word' id='word_1_623' title='bbox 1266 3527 1365 3586; x_wconf 80' lang='grc' dir='ltr'>ἄδειαν</span> <span class='ocrx_word' id='word_1_624' title='bbox 1388 3533 1553 3609; x_wconf 88' lang='grc' dir='ltr'>προσελθεῖν</span> <span class='ocrx_word' id='word_1_625' title='bbox 1567 3529 1607 3587; x_wconf 81' lang='grc' dir='ltr'><strong>καί</strong></span> <span class='ocrx_word' id='word_1_626' title='bbox 1623 3534 1671 3586; x_wconf 73' lang='grc' dir='ltr'><strong>θεν</strong></span> 
     </span>
     <span class='ocr_line' id='line_1_81' title="bbox 901 3604 1670 3689; baseline 0.001 -23"><span class='ocrx_word' id='word_1_627' title='bbox 901 3605 1022 3666; x_wconf 82' lang='grc' dir='ltr'>σκελίσαι</span> <span class='ocrx_word' id='word_1_628' title='bbox 1036 3632 1078 3680; x_wconf 92' lang='grc' dir='ltr'><strong>σε,</strong></span> <span class='ocrx_word' id='word_1_629' title='bbox 1089 3610 1135 3665; x_wconf 79' lang='grc' dir='ltr'><strong>καί</strong></span> <span class='ocrx_word' id='word_1_630' title='bbox 1145 3615 1193 3676; x_wconf 81' lang='grc' dir='ltr'><strong>τὴν</strong></span> <span class='ocrx_word' id='word_1_631' title='bbox 1204 3604 1326 3664; x_wconf 87' lang='grc' dir='ltr'>διάνοιαν</span> <span class='ocrx_word' id='word_1_632' title='bbox 1342 3611 1506 3689; x_wconf 79' lang='grc' dir='ltr'>ἀπαγαγεῖν</span> <span class='ocrx_word' id='word_1_633' title='bbox 1521 3613 1572 3668; x_wconf 81' lang='grc' dir='ltr'><strong>τῶν</strong></span> <span class='ocrx_word' id='word_1_634' title='bbox 1584 3606 1670 3684; x_wconf 60' lang='lat' dir='ltr'><strong>tepui-</strong></span> 
     </span>
     <span class='ocr_line' id='line_1_82' title="bbox 900 3685 1668 3768; baseline -0.003 -25"><span class='ocrx_word' id='word_1_635' title='bbox 900 3708 968 3744; x_wconf 89' lang='grc' dir='ltr'>νων·</span> <span class='ocrx_word' id='word_1_636' title='bbox 982 3686 1012 3745; x_wconf 85' lang='grc' dir='ltr'><strong>διν</strong></span> <span class='ocrx_word' id='word_1_637' title='bbox 1024 3686 1051 3745; x_wconf 76' lang='grc' dir='ltr'>δὲ</span> <span class='ocrx_word' id='word_1_638' title='bbox 1064 3694 1182 3766; x_wconf 76' lang='grc' dir='ltr'>συνεχεῖς</span> <span class='ocrx_word' id='word_1_639' title='bbox 1197 3685 1242 3743; x_wconf 78' lang='grc' dir='ltr'><strong>καί</strong></span> <span class='ocrx_word' id='word_1_640' title='bbox 1256 3685 1366 3753; x_wconf 65' lang='grc' dir='ltr'>πυκνάς</span> <span class='ocrx_word' id='word_1_641' title='bbox 1381 3694 1468 3767; x_wconf 79' lang='grc' dir='ltr'>ποιῇς</span> <span class='ocrx_word' id='word_1_642' title='bbox 1482 3689 1532 3757; x_wconf 76' lang='grc' dir='ltr'><strong>τὰς</strong></span> <span class='ocrx_word' id='word_1_643' title='bbox 1552 3685 1668 3768; x_wconf 66' lang='grc' dir='ltr'>εὖχλςτίν</span> 
     </span>
     <span class='ocr_line' id='line_1_83' title="bbox 898 3765 1667 3847; baseline 0.003 -25"><span class='ocrx_word' id='word_1_644' title='bbox 898 3788 926 3824; x_wconf 89' lang='grc' dir='ltr'><strong>τε</strong></span> <span class='ocrx_word' id='word_1_645' title='bbox 937 3766 1028 3846; x_wconf 78' lang='grc' dir='ltr'>καιρὸν</span> <span class='ocrx_word' id='word_1_646' title='bbox 1040 3766 1146 3824; x_wconf 79' lang='grc' dir='ltr'>ἅπαντα</span> <span class='ocrx_word' id='word_1_647' title='bbox 1158 3770 1192 3843; x_wconf 82' lang='grc' dir='ltr'><strong>τῇ</strong></span> <span class='ocrx_word' id='word_1_648' title='bbox 1206 3765 1360 3838; x_wconf 80' lang='grc' dir='ltr'>πυκνότητι</span> <span class='ocrx_word' id='word_1_649' title='bbox 1372 3768 1581 3847; x_wconf 77' lang='grc' dir='ltr'>διαλαμάάνης,</span> <span class='ocrx_word' id='word_1_650' title='bbox 1593 3765 1667 3839; x_wconf 67' lang='lat' dir='ltr'><strong>iunior,</strong></span> 
     </span>
     <span class='ocr_line' id='line_1_84' title="bbox 896 3837 1665 3928; baseline 0.007 -26"><span class='ocrx_word' id='word_1_651' title='bbox 896 3844 945 3915; x_wconf 74' lang='grc' dir='ltr'><strong>τίς</strong></span> <span class='ocrx_word' id='word_1_652' title='bbox 966 3845 1044 3927; x_wconf 77' lang='grc' dir='ltr'>εὐχὰς</span> <span class='ocrx_word' id='word_1_653' title='bbox 1060 3846 1128 3924; x_wconf 78' lang='grc' dir='ltr'>μετὰ</span> <span class='ocrx_word' id='word_1_654' title='bbox 1141 3845 1242 3917; x_wconf 84' lang='grc' dir='ltr'>πολλῆς</span> <span class='ocrx_word' id='word_1_655' title='bbox 1269 3854 1361 3906; x_wconf 87' lang='grc' dir='ltr'>ποιεῖν</span> <span class='ocrx_word' id='word_1_656' title='bbox 1384 3853 1438 3919; x_wconf 72' lang='grc' dir='ltr'><strong>τῆς</strong></span> <span class='ocrx_word' id='word_1_657' title='bbox 1465 3837 1579 3928; x_wconf 52' lang='lat' dir='ltr'><strong>rapae</strong></span> <span class='ocrx_word' id='word_1_658' title='bbox 1594 3848 1665 3906; x_wconf 65' lang='lat' dir='ltr'><strong>mser</strong></span> 
     </span>
    </p>
   </div>
   <div class='ocr_carea' id='block_1_13' title="bbox 104 3920 1664 4094">
    <p class='ocr_par' dir='ltr' id='par_1_13' title="bbox 104 3920 1664 4094">
     <span class='ocr_line' id='line_1_85' title="bbox 104 3920 1663 4024; baseline 0.001 -43"><span class='ocrx_word' id='word_1_659' title='bbox 104 3925 200 4001; x_wconf 87' lang='lat' dir='ltr'><strong>galiter·</strong></span> <span class='ocrx_word' id='word_1_660' title='bbox 218 3925 313 4002; x_wconf 83' lang='lat' dir='ltr'><strong>egisse,</strong></span> <span class='ocrx_word' id='word_1_661' title='bbox 333 3945 417 4001; x_wconf 91' lang='lat' dir='ltr'><strong>neque</strong></span> <span class='ocrx_word' id='word_1_662' title='bbox 435 3920 502 3982; x_wconf 89' lang='lat' dir='ltr'><strong>cibis</strong></span> <span class='ocrx_word' id='word_1_663' title='bbox 518 3943 574 3983; x_wconf 79' lang='lat' dir='ltr'><strong>scae</strong></span> <span class='ocrx_word' id='word_1_664' title='bbox 589 3944 710 3983; x_wconf 86' lang='lat' dir='ltr'><strong>onerasse</strong></span> <span class='ocrx_word' id='word_1_665' title='bbox 731 3948 738 3980; x_wconf 72' lang='grc' dir='ltr'>ε</span> <span class='ocrx_word' id='word_1_666' title='bbox 759 3945 845 4002; x_wconf 88' lang='lat' dir='ltr'><strong>nuque</strong></span> <span class='ocrx_word' id='word_1_667' title='bbox 898 3930 991 4000; x_wconf 85' lang='grc' dir='ltr'>μαθεῖν</span> <span class='ocrx_word' id='word_1_668' title='bbox 1011 3923 1165 4004; x_wconf 82' lang='grc' dir='ltr'>ἀγρυπνίαν,</span> <span class='ocrx_word' id='word_1_669' title='bbox 1179 3925 1337 4024; x_wconf 78' lang='grc' dir='ltr'>προσευχὴν</span> <span class='ocrx_word' id='word_1_670' title='bbox 1365 3927 1415 3987; x_wconf 84' lang='grc' dir='ltr'><strong>καὶ</strong></span> <span class='ocrx_word' id='word_1_671' title='bbox 1437 3932 1523 4009; x_wconf 73' lang='grc' dir='ltr'>ν’ἧψιν</span> <span class='ocrx_word' id='word_1_672' title='bbox 1542 3930 1585 3987; x_wconf 79' lang='grc' dir='ltr'><strong>καί</strong></span> <span class='ocrx_word' id='word_1_673' title='bbox 1602 3946 1663 4006; x_wconf 72' lang='lat' dir='ltr'><strong>apa·</strong></span> 
     </span>
     <span class='ocr_line' id='line_1_86' title="bbox 104 4002 1664 4094; baseline 0 -33"><span class='ocrx_word' id='word_1_674' title='bbox 104 4003 175 4062; x_wconf 86' lang='lat' dir='ltr'><strong>enirn</strong></span> <span class='ocrx_word' id='word_1_675' title='bbox 194 4018 279 4061; x_wconf 87' lang='lat' dir='ltr'><strong>tantas</strong></span> <span class='ocrx_word' id='word_1_676' title='bbox 295 4003 424 4061; x_wconf 83' lang='lat' dir='ltr'><strong>emisisset</strong></span> <span class='ocrx_word' id='word_1_677' title='bbox 437 4003 581 4082; x_wconf 81' lang='lat' dir='ltr'><strong>lacrymas.</strong></span> <span class='ocrx_word' id='word_1_678' title='bbox 600 4003 693 4080; x_wconf 89' lang='lat' dir='ltr'><strong>Neque</strong></span> <span class='ocrx_word' id='word_1_679' title='bbox 712 4002 775 4094; x_wconf 82' lang='lat' dir='ltr'><strong>quia</strong></span> <span class='ocrx_word' id='word_1_680' title='bbox 789 4002 844 4093; x_wconf 78' lang='lat' dir='ltr'><strong>cla·</strong></span> <span class='ocrx_word' id='word_1_681' title='bbox 861 4016 881 4063; x_wconf 83' lang='lat' dir='ltr'><strong>t:</strong></span> <span class='ocrx_word' id='word_1_682' title='bbox 899 4003 1002 4081; x_wconf 72' lang='lat' dir='ltr'><strong>eipluu3</strong></span> <span class='ocrx_word' id='word_1_683' title='bbox 1015 4003 1104 4064; x_wconf 84' lang='grc' dir='ltr'>Ἄπιθι</span> <span class='ocrx_word' id='word_1_684' title='bbox 1120 4004 1186 4085; x_wconf 76' lang='grc' dir='ltr'>πρὸς</span> <span class='ocrx_word' id='word_1_685' title='bbox 1209 4002 1258 4075; x_wconf 71' lang='grc' dir='ltr'><strong>τὴν</strong></span> <span class='ocrx_word' id='word_1_686' title='bbox 1287 4010 1399 4065; x_wconf 75' lang='grc' dir='ltr'>Ανναν·</span> <span class='ocrx_word' id='word_1_687' title='bbox 1423 4008 1498 4085; x_wconf 85' lang='grc' dir='ltr'>μάθε</span> <span class='ocrx_word' id='word_1_688' title='bbox 1520 4008 1547 4066; x_wconf 83' lang='grc' dir='ltr'><strong>τί</strong></span> <span class='ocrx_word' id='word_1_689' title='bbox 1568 4006 1664 4075; x_wconf 69' lang='grc' dir='ltr'>ἐποίησεν</span> 
     </span>
    </p>
   </div>
   <div class='ocr_carea' id='block_1_14' title="bbox 100 4081 844 5036">
    <p class='ocr_par' dir='ltr' id='par_1_14' title="bbox 100 4081 844 5036">
     <span class='ocr_line' id='line_1_87' title="bbox 104 4081 843 4161; baseline 0 -21"><span class='ocrx_word' id='word_1_690' title='bbox 104 4104 160 4140; x_wconf 88' lang='lat' dir='ltr'><strong>ram</strong></span> <span class='ocrx_word' id='word_1_691' title='bbox 182 4096 207 4141; x_wconf 90' lang='lat' dir='ltr'><strong>et</strong></span> <span class='ocrx_word' id='word_1_692' title='bbox 224 4103 350 4161; x_wconf 85' lang='lat' dir='ltr'><strong>maguam</strong></span> <span class='ocrx_word' id='word_1_693' title='bbox 364 4082 452 4142; x_wconf 88' lang='lat' dir='ltr'><strong>emisit</strong></span> <span class='ocrx_word' id='word_1_694' title='bbox 466 4103 567 4155; x_wconf 87' lang='lat' dir='ltr'><strong>vocem,</strong></span> <span class='ocrx_word' id='word_1_695' title='bbox 585 4081 630 4140; x_wconf 86' lang='lat' dir='ltr'><strong>sed</strong></span> <span class='ocrx_word' id='word_1_696' title='bbox 647 4082 710 4159; x_wconf 87' lang='lat' dir='ltr'><strong>quia</strong></span> <span class='ocrx_word' id='word_1_697' title='bbox 731 4095 802 4141; x_wconf 79' lang='lat' dir='ltr'><strong>intus</strong></span> <span class='ocrx_word' id='word_1_698' title='bbox 817 4103 843 4140; x_wconf 84' lang='lat' dir='ltr'><strong>tn</strong></span> 
     </span>
     <span class='ocr_line' id='line_1_88' title="bbox 103 4161 844 4242; baseline -0.001 -23"><span class='ocrx_word' id='word_1_699' title='bbox 103 4161 183 4220; x_wconf 84' lang='lat' dir='ltr'><strong>corde</strong></span> <span class='ocrx_word' id='word_1_700' title='bbox 197 4183 358 4242; x_wconf 81' lang='lat' dir='ltr'><strong>magnopere</strong></span> <span class='ocrx_word' id='word_1_701' title='bbox 377 4161 509 4219; x_wconf 85' lang='lat' dir='ltr'><strong>clamabat</strong></span> <span class='ocrx_word' id='word_1_702' title='bbox 523 4187 529 4218; x_wconf 76' lang='grc' dir='ltr'>ε</span> <span class='ocrx_word' id='word_1_703' title='bbox 544 4180 606 4219; x_wconf 89' lang='lat' dir='ltr'><strong>nam</strong></span> <span class='ocrx_word' id='word_1_704' title='bbox 626 4164 689 4219; x_wconf 80' lang='lat' dir='ltr'><strong>Vox</strong></span> <span class='ocrx_word' id='word_1_705' title='bbox 701 4165 774 4242; x_wconf 80' lang='lat' dir='ltr'><strong>ejus,</strong></span> <span class='ocrx_word' id='word_1_706' title='bbox 798 4161 844 4219; x_wconf 92' lang='lat' dir='ltr'><strong>in-</strong></span> 
     </span>
     <span class='ocr_line' id='line_1_89' title="bbox 103 4239 843 4317; baseline 0.001 -20"><span class='ocrx_word' id='word_1_707' title='bbox 103 4241 172 4317; x_wconf 89' lang='lat' dir='ltr'><strong>quit,</strong></span> <span class='ocrx_word' id='word_1_708' title='bbox 203 4262 262 4299; x_wconf 84' lang='lat' dir='ltr'><strong>noa</strong></span> <span class='ocrx_word' id='word_1_709' title='bbox 288 4243 492 4299; x_wconf 83' lang='lat' dir='ltr'><strong>audiebatur:</strong></span> <span class='ocrx_word' id='word_1_710' title='bbox 512 4239 573 4299; x_wconf 88' lang='lat' dir='ltr'><strong>ideo</strong></span> <span class='ocrx_word' id='word_1_711' title='bbox 597 4239 737 4301; x_wconf 78' lang='lat' dir='ltr'><strong>exaudivit</strong></span> <span class='ocrx_word' id='word_1_712' title='bbox 768 4241 843 4299; x_wconf 86' lang='lat' dir='ltr'><strong>iiiam</strong></span> 
     </span>
     <span class='ocr_line' id='line_1_90' title="bbox 103 4320 841 4399; baseline 0.003 -22"><span class='ocrx_word' id='word_1_713' title='bbox 103 4323 183 4377; x_wconf 83' lang='lat' dir='ltr'><strong>licus.</strong></span> <span class='ocrx_word' id='word_1_714' title='bbox 200 4322 258 4378; x_wconf 90' lang='lat' dir='ltr'><strong>Nun</strong></span> <span class='ocrx_word' id='word_1_715' title='bbox 271 4320 342 4378; x_wconf 89' lang='lat' dir='ltr'><strong>enirn</strong></span> <span class='ocrx_word' id='word_1_716' title='bbox 357 4334 412 4378; x_wconf 86' lang='lat' dir='ltr'><strong>tam</strong></span> <span class='ocrx_word' id='word_1_717' title='bbox 426 4341 491 4379; x_wconf 83' lang='lat' dir='ltr'><strong>voce</strong></span> <span class='ocrx_word' id='word_1_718' title='bbox 504 4341 573 4399; x_wconf 89' lang='lat' dir='ltr'><strong>opus</strong></span> <span class='ocrx_word' id='word_1_719' title='bbox 586 4334 634 4396; x_wconf 88' lang='lat' dir='ltr'><strong>est,</strong></span> <span class='ocrx_word' id='word_1_720' title='bbox 648 4342 728 4398; x_wconf 90' lang='lat' dir='ltr'><strong>quam</strong></span> <span class='ocrx_word' id='word_1_721' title='bbox 740 4321 841 4395; x_wconf 86' lang='lat' dir='ltr'><strong>animo,</strong></span> 
     </span>
     <span class='ocr_line' id='line_1_91' title="bbox 102 4399 842 4477; baseline 0.004 -22"><span class='ocrx_word' id='word_1_722' title='bbox 102 4412 133 4456; x_wconf 93' lang='lat' dir='ltr'><strong>ut</strong></span> <span class='ocrx_word' id='word_1_723' title='bbox 153 4419 237 4475; x_wconf 90' lang='lat' dir='ltr'><strong>neque</strong></span> <span class='ocrx_word' id='word_1_724' title='bbox 249 4412 303 4457; x_wconf 88' lang='lat' dir='ltr'><strong>tam</strong></span> <span class='ocrx_word' id='word_1_725' title='bbox 316 4399 469 4457; x_wconf 78' lang='lat' dir='ltr'><strong>extensione</strong></span> <span class='ocrx_word' id='word_1_726' title='bbox 484 4420 624 4472; x_wconf 89' lang='lat' dir='ltr'><strong>manuum,</strong></span> <span class='ocrx_word' id='word_1_727' title='bbox 644 4422 727 4477; x_wconf 90' lang='lat' dir='ltr'><strong>quam</strong></span> <span class='ocrx_word' id='word_1_728' title='bbox 742 4401 842 4458; x_wconf 89' lang='lat' dir='ltr'><strong>intenta</strong></span> 
     </span>
     <span class='ocr_line' id='line_1_92' title="bbox 101 4477 843 4559; baseline 0.004 -24"><span class='ocrx_word' id='word_1_729' title='bbox 101 4477 207 4551; x_wconf 91' lang='lat' dir='ltr'><strong>auima;</strong></span> <span class='ocrx_word' id='word_1_730' title='bbox 227 4498 278 4537; x_wconf 90' lang='lat' dir='ltr'><strong>non</strong></span> <span class='ocrx_word' id='word_1_731' title='bbox 291 4478 398 4552; x_wconf 88' lang='lat' dir='ltr'><strong>habitu,</strong></span> <span class='ocrx_word' id='word_1_732' title='bbox 418 4477 466 4536; x_wconf 86' lang='lat' dir='ltr'><strong>sed</strong></span> <span class='ocrx_word' id='word_1_733' title='bbox 479 4478 569 4536; x_wconf 91' lang='lat' dir='ltr'><strong>animo</strong></span> <span class='ocrx_word' id='word_1_734' title='bbox 589 4501 666 4559; x_wconf 89' lang='lat' dir='ltr'><strong>opus.</strong></span> <span class='ocrx_word' id='word_1_735' title='bbox 685 4480 758 4538; x_wconf 89' lang='lat' dir='ltr'><strong>Licet</strong></span> <span class='ocrx_word' id='word_1_736' title='bbox 772 4481 843 4538; x_wconf 87' lang='lat' dir='ltr'><strong>enirn</strong></span> 
     </span>
     <span class='ocr_line' id='line_1_93' title="bbox 101 4556 841 4631; baseline 0.001 -16"><span class='ocrx_word' id='word_1_737' title='bbox 101 4570 178 4616; x_wconf 85' lang='lat' dir='ltr'><strong>extra</strong></span> <span class='ocrx_word' id='word_1_738' title='bbox 197 4557 334 4616; x_wconf 87' lang='lat' dir='ltr'><strong>ecclesiam</strong></span> <span class='ocrx_word' id='word_1_739' title='bbox 355 4559 402 4631; x_wconf 87' lang='lat' dir='ltr'><strong>sis,</strong></span> <span class='ocrx_word' id='word_1_740' title='bbox 427 4556 513 4615; x_wconf 86' lang='lat' dir='ltr'><strong>clama</strong></span> <span class='ocrx_word' id='word_1_741' title='bbox 526 4573 551 4615; x_wconf 88' lang='lat' dir='ltr'><strong>et</strong></span> <span class='ocrx_word' id='word_1_742' title='bbox 564 4557 609 4616; x_wconf 90' lang='lat' dir='ltr'><strong>die</strong></span> <span class='ocrx_word' id='word_1_743' title='bbox 624 4583 629 4614; x_wconf 91' lang='lat'>:</span> <span class='ocrx_word' id='word_1_744' title='bbox 645 4560 759 4617; x_wconf 87' lang='lat' dir='ltr'><strong>Domine</strong></span> <span class='ocrx_word' id='word_1_745' title='bbox 779 4563 841 4620; x_wconf 81' lang='lat' dir='ltr'><strong>lesu</strong></span> 
     </span>
     <span class='ocr_line' id='line_1_94' title="bbox 102 4636 843 4714; baseline 0.004 -20"><span class='ocrx_word' id='word_1_746' title='bbox 102 4637 217 4709; x_wconf 88' lang='lat' dir='ltr'><strong>Christe,</strong></span> <span class='ocrx_word' id='word_1_747' title='bbox 249 4636 373 4696; x_wconf 87' lang='lat' dir='ltr'><strong>miserere</strong></span> <span class='ocrx_word' id='word_1_748' title='bbox 390 4636 461 4710; x_wconf 82' lang='lat' dir='ltr'><strong>mei3</strong></span> <span class='ocrx_word' id='word_1_749' title='bbox 486 4657 537 4694; x_wconf 89' lang='lat' dir='ltr'><strong>non</strong></span> <span class='ocrx_word' id='word_1_750' title='bbox 558 4636 631 4695; x_wconf 89' lang='lat' dir='ltr'><strong>labia</strong></span> <span class='ocrx_word' id='word_1_751' title='bbox 651 4660 770 4714; x_wconf 81' lang='lat' dir='ltr'><strong>moveas,</strong></span> <span class='ocrx_word' id='word_1_752' title='bbox 796 4637 843 4697; x_wconf 88' lang='lat' dir='ltr'><strong>sed</strong></span> 
     </span>
     <span class='ocr_line' id='line_1_95' title="bbox 101 4716 841 4776; baseline 0.004 -3"><span class='ocrx_word' id='word_1_753' title='bbox 101 4716 314 4775; x_wconf 87' lang='lat' dir='ltr'><strong>menteclamans</strong></span> <span class='ocrx_word' id='word_1_754' title='bbox 325 4740 332 4772; x_wconf 75' lang='grc' dir='ltr'><strong><em>ε</em></strong></span> <span class='ocrx_word' id='word_1_755' title='bbox 345 4738 406 4775; x_wconf 84' lang='lat' dir='ltr'><strong>nam</strong></span> <span class='ocrx_word' id='word_1_756' title='bbox 419 4729 533 4774; x_wconf 88' lang='lat' dir='ltr'><strong>tacentes</strong></span> <span class='ocrx_word' id='word_1_757' title='bbox 543 4717 623 4774; x_wconf 84' lang='lat' dir='ltr'><strong>etiam</strong></span> <span class='ocrx_word' id='word_1_758' title='bbox 634 4717 743 4775; x_wconf 80' lang='lat' dir='ltr'><strong>exarrdit</strong></span> <span class='ocrx_word' id='word_1_759' title='bbox 757 4719 841 4776; x_wconf 88' lang='lat' dir='ltr'><strong>Deus.</strong></span> 
     </span>
     <span class='ocr_line' id='line_1_96' title="bbox 100 4795 843 4873; baseline 0.005 -21"><span class='ocrx_word' id='word_1_760' title='bbox 100 4795 159 4854; x_wconf 92' lang='lat' dir='ltr'><strong>Non</strong></span> <span class='ocrx_word' id='word_1_761' title='bbox 173 4797 303 4873; x_wconf 74' lang='lat' dir='ltr'><strong>quaeritur</strong></span> <span class='ocrx_word' id='word_1_762' title='bbox 318 4797 401 4869; x_wconf 78' lang='lat' dir='ltr'><strong>lucris,</strong></span> <span class='ocrx_word' id='word_1_763' title='bbox 421 4795 468 4854; x_wconf 90' lang='lat' dir='ltr'><strong>sed</strong></span> <span class='ocrx_word' id='word_1_764' title='bbox 486 4809 643 4872; x_wconf 73' lang='lat' dir='ltr'><strong>quaeruntur</strong></span> <span class='ocrx_word' id='word_1_765' title='bbox 660 4817 747 4855; x_wconf 88' lang='lat' dir='ltr'><strong>mores</strong></span> <span class='ocrx_word' id='word_1_766' title='bbox 758 4821 765 4853; x_wconf 77' lang='grc' dir='ltr'><strong><em>ε</em></strong></span> <span class='ocrx_word' id='word_1_767' title='bbox 778 4798 843 4856; x_wconf 91' lang='lat' dir='ltr'><strong>ubi-</strong></span> 
     </span>
     <span class='ocr_line' id='line_1_97' title="bbox 100 4874 843 4955; baseline 0.005 -24"><span class='ocrx_word' id='word_1_768' title='bbox 100 4894 213 4952; x_wconf 88' lang='lat' dir='ltr'><strong>cumque</strong></span> <span class='ocrx_word' id='word_1_769' title='bbox 230 4877 278 4951; x_wconf 87' lang='lat' dir='ltr'><strong>sis,</strong></span> <span class='ocrx_word' id='word_1_770' title='bbox 298 4897 406 4955; x_wconf 84' lang='lat' dir='ltr'><strong>precare</strong></span> <span class='ocrx_word' id='word_1_771' title='bbox 418 4899 424 4931; x_wconf 78' lang='grc' dir='ltr'>ι</span> <span class='ocrx_word' id='word_1_772' title='bbox 437 4874 568 4955; x_wconf 86' lang='lat' dir='ltr'><strong>templum</strong></span> <span class='ocrx_word' id='word_1_773' title='bbox 588 4896 625 4945; x_wconf 91' lang='lat' dir='ltr'><strong>es,</strong></span> <span class='ocrx_word' id='word_1_774' title='bbox 649 4896 682 4933; x_wconf 89' lang='lat' dir='ltr'><strong>ne</strong></span> <span class='ocrx_word' id='word_1_775' title='bbox 695 4894 784 4953; x_wconf 75' lang='lat' dir='ltr'><strong>quare</strong></span> <span class='ocrx_word' id='word_1_776' title='bbox 804 4877 843 4935; x_wconf 91' lang='lat' dir='ltr'><strong>lu·</strong></span> 
     </span>
     <span class='ocr_line' id='line_1_98' title="bbox 100 4956 843 5036; baseline 0.005 -26"><span class='ocrx_word' id='word_1_777' title='bbox 100 4973 171 5012; x_wconf 86' lang='lat' dir='ltr'><strong>curn.</strong></span> <span class='ocrx_word' id='word_1_778' title='bbox 188 4957 263 5013; x_wconf 81' lang='lat' dir='ltr'><strong>Mare</strong></span> <span class='ocrx_word' id='word_1_779' title='bbox 273 4970 334 5014; x_wconf 92' lang='lat' dir='ltr'><strong>ante</strong></span> <span class='ocrx_word' id='word_1_780' title='bbox 345 4956 463 5034; x_wconf 88' lang='lat' dir='ltr'><strong>positum</strong></span> <span class='ocrx_word' id='word_1_781' title='bbox 473 4969 541 5032; x_wconf 85' lang='lat' dir='ltr'><strong>erat,</strong></span> <span class='ocrx_word' id='word_1_782' title='bbox 554 4969 614 5035; x_wconf 87' lang='lat' dir='ltr'><strong>pust</strong></span> <span class='ocrx_word' id='word_1_783' title='bbox 632 4968 738 5034; x_wconf 87' lang='lat' dir='ltr'><strong>tergum</strong></span> <span class='ocrx_word' id='word_1_784' title='bbox 758 4956 843 5036; x_wconf 79' lang='lat' dir='ltr'><strong>AEgy·</strong></span> 
     </span>
    </p>
   </div>
   <div class='ocr_carea' id='block_1_15' title="bbox 132 5138 590 5286">
    <p class='ocr_par' dir='ltr' id='par_1_15' title="bbox 132 5138 590 5286">
     <span class='ocr_line' id='line_1_99' title="bbox 132 5138 560 5210; baseline 0.009 -23"><span class='ocrx_word' id='word_1_785' title='bbox 132 5154 141 5176; x_wconf 83' lang='lat'><strong>¹</strong></span> <span class='ocrx_word' id='word_1_786' title='bbox 161 5138 257 5202; x_wconf 81' lang='lat' dir='ltr'><strong>[Savil.</strong></span> <span class='ocrx_word' id='word_1_787' title='bbox 270 5148 299 5191; x_wconf 80' lang='lat' dir='ltr'><strong>ic.</strong></span> <span class='ocrx_word' id='word_1_788' title='bbox 314 5146 383 5198; x_wconf 69' lang='grc' dir='ltr'>αὐτὴν</span> <span class='ocrx_word' id='word_1_789' title='bbox 394 5158 431 5189; x_wconf 84' lang='lat' dir='ltr'><strong>sc.</strong></span> <span class='ocrx_word' id='word_1_790' title='bbox 445 5142 560 5210; x_wconf 62' lang='lat' dir='ltr'><strong>captiae]</strong></span> 
     </span>
     <span class='ocr_line' id='line_1_100' title="bbox 132 5216 590 5286; baseline 0.013 -20"><span class='ocrx_word' id='word_1_791' title='bbox 132 5219 144 5252; x_wconf 65' lang='grc' dir='ltr'>ί)</span> <span class='ocrx_word' id='word_1_792' title='bbox 163 5216 256 5279; x_wconf 67' lang='lat' dir='ltr'><strong>[savii.</strong></span> <span class='ocrx_word' id='word_1_793' title='bbox 272 5227 301 5269; x_wconf 79' lang='lat' dir='ltr'><strong>i&#39;a.</strong></span> <span class='ocrx_word' id='word_1_794' title='bbox 317 5223 390 5282; x_wconf 65' lang='grc' dir='ltr'>εὐχάς·</span> <span class='ocrx_word' id='word_1_795' title='bbox 403 5224 456 5269; x_wconf 68' lang='grc' dir='ltr'><strong>ἀλλ’</strong></span> <span class='ocrx_word' id='word_1_796' title='bbox 469 5225 496 5277; x_wconf 83' lang='grc' dir='ltr'><strong>ὡς</strong></span> <span class='ocrx_word' id='word_1_797' title='bbox 510 5225 521 5270; x_wconf 82' lang='grc' dir='ltr'>θ</span> <span class='ocrx_word' id='word_1_798' title='bbox 533 5218 590 5286; x_wconf 60' lang='lat' dir='ltr'><strong>ilfa]</strong></span> 
     </span>
    </p>
   </div>
   <div class='ocr_carea' id='block_1_16' title="bbox 896 4081 1663 5045">
    <p class='ocr_par' dir='ltr' id='par_1_16' title="bbox 896 4081 1663 5045">
     <span class='ocr_line' id='line_1_101' title="bbox 897 4081 1663 4168; baseline 0.003 -26"><span class='ocrx_word' id='word_1_799' title='bbox 897 4083 993 4157; x_wconf 76' lang='grc' dir='ltr'>ἐκείνη.</span> <span class='ocrx_word' id='word_1_800' title='bbox 1007 4081 1175 4155; x_wconf 77' lang='grc' dir='ltr'>Ἀνέστησαν,</span> <span class='ocrx_word' id='word_1_801' title='bbox 1188 4083 1268 4163; x_wconf 74' lang='grc' dir='ltr'>φησὶ,</span> <span class='ocrx_word' id='word_1_802' title='bbox 1280 4085 1389 4153; x_wconf 82' lang='grc' dir='ltr'>πάντες</span> <span class='ocrx_word' id='word_1_803' title='bbox 1409 4087 1470 4146; x_wconf 71' lang='lat' dir='ltr'><strong>cirri</strong></span> <span class='ocrx_word' id='word_1_804' title='bbox 1487 4093 1536 4160; x_wconf 79' lang='grc' dir='ltr'>τῆς</span> <span class='ocrx_word' id='word_1_805' title='bbox 1547 4085 1663 4168; x_wconf 64' lang='lat' dir='ltr'><strong>apamias·</strong></span> 
     </span>
     <span class='ocr_line' id='line_1_102' title="bbox 897 4162 1663 4246; baseline 0 -25"><span class='ocrx_word' id='word_1_806' title='bbox 897 4163 943 4222; x_wconf 78' lang='grc' dir='ltr'><strong>καί</strong></span> <span class='ocrx_word' id='word_1_807' title='bbox 958 4162 1051 4231; x_wconf 82' lang='grc' dir='ltr'>εὐθέως</span> <span class='ocrx_word' id='word_1_808' title='bbox 1065 4163 1150 4235; x_wconf 84' lang='grc' dir='ltr'>ἐκείνη</span> <span class='ocrx_word' id='word_1_809' title='bbox 1172 4166 1202 4221; x_wconf 84' lang='grc' dir='ltr'><strong>οὐ</strong></span> <span class='ocrx_word' id='word_1_810' title='bbox 1214 4163 1280 4241; x_wconf 77' lang='grc' dir='ltr'>πρὸς</span> <span class='ocrx_word' id='word_1_811' title='bbox 1294 4162 1387 4225; x_wconf 72' lang='grc' dir='ltr'>ὕπνον</span> <span class='ocrx_word' id='word_1_812' title='bbox 1409 4166 1562 4246; x_wconf 59' lang='grc' dir='ltr'>ἔτρέπτο,</span> <span class='ocrx_word' id='word_1_813' title='bbox 1576 4169 1602 4226; x_wconf 79' lang='lat' dir='ltr'><strong>ci</strong></span> <span class='ocrx_word' id='word_1_814' title='bbox 1616 4162 1663 4241; x_wconf 65' lang='grc' dir='ltr'><strong>τρλ</strong></span> 
     </span>
     <span class='ocr_line' id='line_1_103' title="bbox 898 4241 1663 4328; baseline -0.003 -28"><span class='ocrx_word' id='word_1_815' title='bbox 898 4241 1054 4302; x_wconf 80' lang='grc' dir='ltr'>ἀνάπαυσιν.</span> <span class='ocrx_word' id='word_1_816' title='bbox 1066 4242 1148 4301; x_wconf 81' lang='grc' dir='ltr'>Ὅθεν</span> <span class='ocrx_word' id='word_1_817' title='bbox 1159 4265 1204 4318; x_wconf 90' lang='grc' dir='ltr'><strong>μοι</strong></span> <span class='ocrx_word' id='word_1_818' title='bbox 1219 4243 1290 4301; x_wconf 86' lang='grc' dir='ltr'>δοκεῖ</span> <span class='ocrx_word' id='word_1_819' title='bbox 1303 4244 1354 4303; x_wconf 82' lang='grc' dir='ltr'><strong>καλ</strong></span> <span class='ocrx_word' id='word_1_820' title='bbox 1367 4245 1415 4304; x_wconf 80' lang='grc' dir='ltr'><strong>ἐπὶ</strong></span> <span class='ocrx_word' id='word_1_821' title='bbox 1425 4252 1480 4318; x_wconf 79' lang='grc' dir='ltr'><strong>τῆς</strong></span> <span class='ocrx_word' id='word_1_822' title='bbox 1499 4247 1620 4328; x_wconf 76' lang='grc' dir='ltr'>τραπέζης</span> <span class='ocrx_word' id='word_1_823' title='bbox 1629 4266 1663 4298; x_wconf 86' lang='grc' dir='ltr'><strong>ιτ-</strong></span> 
     </span>
     <span class='ocr_line' id='line_1_104' title="bbox 897 4312 1662 4407; baseline -0.005 -26"><span class='ocrx_word' id='word_1_824' title='bbox 897 4322 1009 4399; x_wconf 79' lang='grc' dir='ltr'>θημένη,</span> <span class='ocrx_word' id='word_1_825' title='bbox 1023 4323 1106 4402; x_wconf 81' lang='grc' dir='ltr'>κούρη</span> <span class='ocrx_word' id='word_1_826' title='bbox 1127 4345 1167 4388; x_wconf 91' lang='grc' dir='ltr'><strong>τις</strong></span> <span class='ocrx_word' id='word_1_827' title='bbox 1188 4312 1271 4394; x_wconf 76' lang='lat' dir='ltr'><strong>oica,</strong></span> <span class='ocrx_word' id='word_1_828' title='bbox 1296 4323 1348 4382; x_wconf 80' lang='grc' dir='ltr'><strong>καὶ</strong></span> <span class='ocrx_word' id='word_1_829' title='bbox 1372 4325 1414 4402; x_wconf 71' lang='grc' dir='ltr'><strong>μὴ</strong></span> <span class='ocrx_word' id='word_1_830' title='bbox 1442 4330 1581 4407; x_wconf 85' lang='grc' dir='ltr'>βαρεῖσθαι</span> <span class='ocrx_word' id='word_1_831' title='bbox 1595 4323 1662 4384; x_wconf 62' lang='lat' dir='ltr'><strong>eiciet</strong></span> 
     </span>
     <span class='ocr_line' id='line_1_105' title="bbox 896 4400 1663 4508; baseline 0.007 -51"><span class='ocrx_word' id='word_1_832' title='bbox 896 4400 978 4461; x_wconf 89' lang='grc' dir='ltr'>τισίν·</span> <span class='ocrx_word' id='word_1_833' title='bbox 991 4405 1020 4460; x_wconf 82' lang='grc' dir='ltr'><strong>οὐ</strong></span> <span class='ocrx_word' id='word_1_834' title='bbox 1033 4402 1086 4508; x_wconf 84' lang='grc' dir='ltr'>γδιρ</span> <span class='ocrx_word' id='word_1_835' title='bbox 1099 4401 1129 4458; x_wconf 75' lang='grc' dir='ltr'><strong>ἂν</strong></span> <span class='ocrx_word' id='word_1_836' title='bbox 1141 4408 1257 4460; x_wconf 77' lang='grc' dir='ltr'>τοσαῦτα</span> <span class='ocrx_word' id='word_1_837' title='bbox 1266 4402 1346 4482; x_wconf 81' lang='grc' dir='ltr'>ἠρίει</span> <span class='ocrx_word' id='word_1_838' title='bbox 1359 4404 1484 4485; x_wconf 81' lang='grc' dir='ltr'>δάκρυα.</span> <span class='ocrx_word' id='word_1_839' title='bbox 1501 4407 1554 4467; x_wconf 75' lang='grc' dir='ltr'><strong>Καὶ</strong></span> <span class='ocrx_word' id='word_1_840' title='bbox 1563 4407 1663 4468; x_wconf 65' lang='grc' dir='ltr'>οὖνέτι·</span> 
     </span>
     <span class='ocr_line' id='line_1_106' title="bbox 897 4479 1661 4566; baseline 0 -28"><span class='ocrx_word' id='word_1_841' title='bbox 897 4481 929 4553; x_wconf 72' lang='grc' dir='ltr'>δὴ</span> <span class='ocrx_word' id='word_1_842' title='bbox 944 4483 1069 4560; x_wconf 87' lang='grc' dir='ltr'>λαμπραν</span> <span class='ocrx_word' id='word_1_843' title='bbox 1083 4480 1128 4539; x_wconf 81' lang='grc' dir='ltr'><strong>καὶ</strong></span> <span class='ocrx_word' id='word_1_844' title='bbox 1145 4479 1264 4558; x_wconf 88' lang='grc' dir='ltr'>μεγάλην</span> <span class='ocrx_word' id='word_1_845' title='bbox 1285 4485 1384 4562; x_wconf 77' lang='grc' dir='ltr'>ἀφῆκε</span> <span class='ocrx_word' id='word_1_846' title='bbox 1399 4485 1498 4566; x_wconf 69' lang='grc' dir='ltr'>φωνὴν</span> <span class='ocrx_word' id='word_1_847' title='bbox 1517 4487 1559 4546; x_wconf 70' lang='grc' dir='ltr'>διά</span> <span class='ocrx_word' id='word_1_848' title='bbox 1577 4485 1661 4547; x_wconf 67' lang='lat' dir='ltr'><strong>seiro‘,</strong></span> 
     </span>
     <span class='ocr_line' id='line_1_107' title="bbox 896 4558 1661 4647; baseline -0.001 -27"><span class='ocrx_word' id='word_1_849' title='bbox 896 4564 955 4620; x_wconf 83' lang='grc' dir='ltr'>ἀλλ’</span> <span class='ocrx_word' id='word_1_850' title='bbox 971 4560 1062 4631; x_wconf 77' lang='grc' dir='ltr'>ἐπειδὴ</span> <span class='ocrx_word' id='word_1_851' title='bbox 1078 4565 1180 4639; x_wconf 81' lang='grc' dir='ltr'>μεγάλα</span> <span class='ocrx_word' id='word_1_852' title='bbox 1204 4558 1276 4618; x_wconf 83' lang='grc' dir='ltr'>ἔνδον</span> <span class='ocrx_word' id='word_1_853' title='bbox 1298 4563 1378 4622; x_wconf 70' lang='grc' dir='ltr'>κατὰ</span> <span class='ocrx_word' id='word_1_854' title='bbox 1398 4565 1453 4638; x_wconf 74' lang='grc' dir='ltr'><strong>τὴν</strong></span> <span class='ocrx_word' id='word_1_855' title='bbox 1478 4568 1584 4647; x_wconf 70' lang='grc' dir='ltr'>καρδίαν</span> <span class='ocrx_word' id='word_1_856' title='bbox 1603 4562 1661 4622; x_wconf 66' lang='lat' dir='ltr'><strong>tter</strong></span> 
     </span>
     <span class='ocr_line' id='line_1_108' title="bbox 897 4638 1659 4726; baseline 0.009 -27"><span class='ocrx_word' id='word_1_857' title='bbox 897 4639 932 4700; x_wconf 84' lang='lat' dir='ltr'><strong>‘il</strong></span> <span class='ocrx_word' id='word_1_858' title='bbox 953 4642 1026 4719; x_wconf 78' lang='grc' dir='ltr'>φωνὴ</span> <span class='ocrx_word' id='word_1_859' title='bbox 1051 4640 1102 4720; x_wconf 78' lang='grc' dir='ltr'><strong>γὰρ</strong></span> <span class='ocrx_word' id='word_1_860' title='bbox 1126 4643 1205 4709; x_wconf 73' lang='grc' dir='ltr'>αὐτῆς</span> <span class='ocrx_word' id='word_1_861' title='bbox 1225 4642 1275 4697; x_wconf 86' lang='grc' dir='ltr'>οὐκ</span> <span class='ocrx_word' id='word_1_862' title='bbox 1295 4643 1436 4717; x_wconf 82' lang='grc' dir='ltr'>ἠκούετο,</span> <span class='ocrx_word' id='word_1_863' title='bbox 1455 4651 1537 4726; x_wconf 74' lang='grc' dir='ltr'>φησὶ,</span> <span class='ocrx_word' id='word_1_864' title='bbox 1555 4647 1594 4705; x_wconf 80' lang='grc' dir='ltr'><strong>καὶ</strong></span> <span class='ocrx_word' id='word_1_865' title='bbox 1607 4638 1659 4706; x_wconf 65' lang='lat' dir='ltr'><strong>rifi·</strong></span> 
     </span>
     <span class='ocr_line' id='line_1_109' title="bbox 897 4718 1659 4807; baseline -0.008 -28"><span class='ocrx_word' id='word_1_866' title='bbox 897 4744 990 4780; x_wconf 89' lang='grc' dir='ltr'>κουσεν</span> <span class='ocrx_word' id='word_1_867' title='bbox 1005 4724 1086 4791; x_wconf 81' lang='grc' dir='ltr'>αὐτῆς</span> <span class='ocrx_word' id='word_1_868' title='bbox 1111 4718 1213 4785; x_wconf 80' lang='grc' dir='ltr'>θΘεός.</span> <span class='ocrx_word' id='word_1_869' title='bbox 1226 4719 1298 4778; x_wconf 82' lang='grc' dir='ltr'>Οὐδὲ</span> <span class='ocrx_word' id='word_1_870' title='bbox 1312 4722 1371 4802; x_wconf 73' lang='grc' dir='ltr'><strong>γάρ</strong></span> <span class='ocrx_word' id='word_1_871' title='bbox 1393 4724 1471 4783; x_wconf 75' lang='grc' dir='ltr'>οὕτω</span> <span class='ocrx_word' id='word_1_872' title='bbox 1493 4733 1576 4807; x_wconf 68' lang='grc' dir='ltr'>μονῆς</span> <span class='ocrx_word' id='word_1_873' title='bbox 1592 4721 1659 4803; x_wconf 66' lang='grc' dir='ltr'>χρεία,</span> 
     </span>
     <span class='ocr_line' id='line_1_110' title="bbox 898 4793 1658 4885; baseline 0 -27"><span class='ocrx_word' id='word_1_874' title='bbox 898 4805 934 4866; x_wconf 82' lang='grc' dir='ltr'><strong>ὡς</strong></span> <span class='ocrx_word' id='word_1_875' title='bbox 949 4798 1080 4870; x_wconf 86' lang='grc' dir='ltr'>διανοίας,</span> <span class='ocrx_word' id='word_1_876' title='bbox 1095 4799 1185 4878; x_wconf 80' lang='grc' dir='ltr'>ὥσπερ</span> <span class='ocrx_word' id='word_1_877' title='bbox 1199 4797 1258 4858; x_wconf 79' lang='grc' dir='ltr'>οὐδὲ</span> <span class='ocrx_word' id='word_1_878' title='bbox 1273 4801 1419 4871; x_wconf 80' lang='grc' dir='ltr'>ἐκτάσεως</span> <span class='ocrx_word' id='word_1_879' title='bbox 1431 4811 1543 4885; x_wconf 79' lang='grc' dir='ltr'>χειρῶν,</span> <span class='ocrx_word' id='word_1_880' title='bbox 1554 4810 1585 4870; x_wconf 81' lang='grc' dir='ltr'><strong>ὡς</strong></span> <span class='ocrx_word' id='word_1_881' title='bbox 1597 4793 1658 4861; x_wconf 68' lang='grc' dir='ltr'>σοντι·</span> 
     </span>
     <span class='ocr_line' id='line_1_111' title="bbox 898 4874 1658 4965; baseline -0.005 -29"><span class='ocrx_word' id='word_1_882' title='bbox 898 4878 1014 4956; x_wconf 76' lang='grc' dir='ltr'>ταμίνης</span> <span class='ocrx_word' id='word_1_883' title='bbox 1027 4882 1132 4958; x_wconf 72' lang='grc' dir='ltr'>ψυχῆς·</span> <span class='ocrx_word' id='word_1_884' title='bbox 1150 4878 1209 4939; x_wconf 75' lang='grc' dir='ltr'>οὐδὲ</span> <span class='ocrx_word' id='word_1_885' title='bbox 1232 4879 1399 4964; x_wconf 48' lang='lat' dir='ltr'><strong>oppiparae,</strong></span> <span class='ocrx_word' id='word_1_886' title='bbox 1424 4874 1500 4946; x_wconf 69' lang='grc' dir='ltr'>ἀλλὰ</span> <span class='ocrx_word' id='word_1_887' title='bbox 1516 4886 1658 4965; x_wconf 70' lang='grc' dir='ltr'>ρρονήμττοι.</span> 
     </span>
     <span class='ocr_line' id='line_1_112' title="bbox 900 4957 1658 5045; baseline -0.004 -28"><span class='ocrx_word' id='word_1_888' title='bbox 900 4959 956 5018; x_wconf 74' lang='grc' dir='ltr'><strong>Κᾶν</strong></span> <span class='ocrx_word' id='word_1_889' title='bbox 973 4959 1025 5037; x_wconf 78' lang='grc' dir='ltr'><strong>γδρ</strong></span> <span class='ocrx_word' id='word_1_890' title='bbox 1040 4957 1089 5025; x_wconf 77' lang='grc' dir='ltr'><strong>ἔξω</strong></span> <span class='ocrx_word' id='word_1_891' title='bbox 1103 4958 1247 5030; x_wconf 80' lang='grc' dir='ltr'>ἐκκλησίας</span> <span class='ocrx_word' id='word_1_892' title='bbox 1269 4965 1322 5039; x_wconf 80' lang='grc' dir='ltr'>ᾐς,</span> <span class='ocrx_word' id='word_1_893' title='bbox 1339 4965 1428 5045; x_wconf 73' lang='grc' dir='ltr'>κράζε</span> <span class='ocrx_word' id='word_1_894' title='bbox 1450 4966 1500 5026; x_wconf 61' lang='lat' dir='ltr'><strong>mi</strong></span> <span class='ocrx_word' id='word_1_895' title='bbox 1520 4968 1589 5045; x_wconf 54' lang='grc' dir='ltr'>λέγε,</span> <span class='ocrx_word' id='word_1_896' title='bbox 1602 4964 1658 5037; x_wconf 64' lang='lat' dir='ltr'><strong>{iope</strong></span> 
     </span>
    </p>
   </div>
   <div class='ocr_carea' id='block_1_17' title="bbox 945 5144 1326 5214">
    <p class='ocr_par' dir='ltr' id='par_1_17' title="bbox 945 5144 1326 5214">
     <span class='ocr_line' id='line_1_113' title="bbox 945 5144 1326 5214; baseline 0.013 -20"><span class='ocrx_word' id='word_1_897' title='bbox 945 5161 954 5181; x_wconf 62' lang='grc' dir='ltr'><strong>ν</strong></span> <span class='ocrx_word' id='word_1_898' title='bbox 973 5144 1067 5212; x_wconf 75' lang='lat' dir='ltr'><strong>[savit.</strong></span> <span class='ocrx_word' id='word_1_899' title='bbox 1081 5154 1109 5196; x_wconf 77' lang='lat' dir='ltr'><strong>ir.</strong></span> <span class='ocrx_word' id='word_1_900' title='bbox 1125 5152 1193 5198; x_wconf 79' lang='lat' dir='ltr'><strong>itiner</strong></span> <span class='ocrx_word' id='word_1_901' title='bbox 1204 5150 1326 5214; x_wconf 65' lang='lat' dir='ltr'><strong>incitem]</strong></span> 
     </span>
    </p>
   </div>
   <div class='ocr_carea' id='block_1_18' title="bbox 0 0 1876 5970">
    <p class='ocr_par' dir='ltr' id='par_1_18' title="bbox 0 0 1876 5970">
     <span class='ocr_line' id='line_1_114' title="bbox 0 0 1876 5970; baseline 0 0"><span class='ocrx_word' id='word_1_902' title='bbox 0 0 1876 5970; x_wconf 95' lang='lat' dir='ltr'><strong> </strong></span> 
     </span>
    </p>
   </div>
  </div>
 </body>
</html>
