3728 5978
502 458 536 503 tn
563 456 650 505 ieri
677 456 934 505 irosnomnuu.
965 457 1083 507 ιιοιιιι.
1110 457 1258 506 xxxvin.
1578 439 1649 534 3¹9

84 577 157 651 ζωὴν
169 579 215 638 καὶ
228 576 311 650 πνοὴν
329 578 375 638 καὶ
387 579 421 640 ιλ
435 579 539 639 πάντα·
552 579 661 651 ι’ποίησί
674 603 704 640 τι
715 579 741 649 ii
754 579 809 647 ἰνὸς
820 579 861 639 ei·
914 600 966 639 nec
986 583 1122 639 manibus
1144 580 1252 640 colitur
1276 580 1424 652 humanis,
1447 581 1581 662 indigens
1591 582 1658 640 uli·

85 693 170 746 ματος
190 679 243 729 πᾶν
267 669 337 737 ίθνος
359 669 504 750 ἀνθρώπιον
529 680 662 730 κατοικεῖν
689 671 734 730 inl
755 680 809 730 πᾶν
829 671 862 730 τὸ
912 692 982 749 quo.
998 671 1100 733 Viden’
1113 670 1249 749 quomodo
1260 670 1392 751 paulatim
1405 671 1609 754 philosophiam
1619 673 1660 733 in·

82 762 228 840 πρόσιυπον
243 765 290 832 τῆς
305 767 363 840 γῆς.
378 765 465 823 Τοῦτο
479 765 549 823 ΘεοῑιΙ
564 763 639 822 ίδιον.
652 761 726 843 Ὅρα
739 762 825 823 τοίνυν
837 765 861 822 el
912 762 1000 840 ducit,
1013 761 1150 841 quomodo
1161 762 1255 822 irridet
1268 762 1411 842 gentilium
1423 764 1560 823 eruorem?
1571 767 1660 831 Dans

85 852 126 930 μὴ
139 854 185 912 καί
199 853 243 912 inl
261 877 307 913 του
290 854 389 913 ”tuo
404 862 486 914 ταῦτα
500 854 592 933 λέγεσθ
595 879 623 913 αι
579 852 755 913 θθύναται.
772 855 861 933 Οὐρα-
911 857 1009 913 uitnm
1031 866 1060 912 et
1079 857 1214 933 spiritum
1232 865 1261 912 et
1277 857 1396 912 omniu.
1392 855 1457 925 αλδ
1464 856 1601 936 seritque
1622 877 1660 915 ex

81 949 131 1005 νοῦ
138 944 245 1024 ρη,σ,ἰ
264 945 310 1004 καί
328 950 377 1023 γῆς
394 945 491 1028 Κύριος
510 945 732 1027 θπιίρχοιν,θπερ
743 945 861 1062 ἐνόμιζρν
912 967 971 1006 uno
985 952 1130 1055 sanguine
1144 967 1230 1006 omne
1242 968 1342 1029 genus
1335 944 1504 1017 denirium
1523 951 1662 1011 habitare

86 1024 154 1094 ιίναι
174 1034 256 1101 θεούς.
281 1036 335 1095 Καὶ
358 1035 406 1109 vlu
420 1036 592 1116 δημιουργίαν
607 1036 723 1108 ἐδήλωσε
712 1034 841 1096 καί
802 1059 862 1102 τους
911 1059 998 1143 super
1016 1039 1308 1120 universamsaciem
1328 1052 1424 1099 terre.
1438 1034 1501 1101 liae
1520 1040 1572 1102 Dei
1594 1061 1660 1121 pro·

85 1125 249 1206 ἇνθριίιπσυς.
256 1125 745 1242 Ὁρίσαςπροστεταγμένουςκαιρρίις
758 1126 861 1195 καὶτὰς
911 1130 1003 1210 prium
1023 1144 1073 1190 est.
1096 1129 1169 1191 Vide
1184 1151 1247 1210 eigo
1265 1150 1353 1190 annon
1374 1130 1433 1190 haec
1441 1128 1565 1207 Milic
1579 1132 1660 1191 etiam

84 1215 272 1296 ὁροθεσίας
240 1241 288 1290 της
311 1218 490 1287 κατοικίας’
460 1224 560 1291 αυσῶν,
582 1220 707 1291 ζητεῖν
682 1242 727 1278 τον
741 1218 820 1291 Θεὸν,
837 1219 860 1276 εἰ
911 1221 967 1282 dici
988 1222 1100 1302 possint.
1124 1221 1232 1294 Coeli,'
1224 1221 1325 1300 inquit,
1345 1234 1373 1281 et
1388 1235 1474 1281 terroe
1491 1224 1658 1283 Dominus.-

84 1308 139 1387 ἄρα
159 1331 191 1387 γε
213 1309 399 1388 ψηλαφήσειαν
414 1310 490 1369 αιἰιθν
513 1308 558 1368 καί
573 1308 681 1392 εὕροιεν,
692 1309 778 1369 καίτοι
791 1331 822 1386 γε
831 1309 861 1367 οὐ
911 1334 972 1392 quo}
984 1313 1026 1372 illi
1041 1313 1172 1393 putabant
1185 1311 1249 1372 deos
1263 1333 1331 1374 esse.
1347 1313 1385 1371 Et
1397 1313 1559 1373 creationem
1569 1314 1660 1374 decla-

87 1399 193 1479 μακρὰν
207 1399 261 1459 ἀπὸ
272 1399 327 1467 ἑνὸς
339 1401 450 1459 ἑκάστου
466 1404 542 1478 ἡμῶν
557 1400 719 1479 ὑπάρχοντα.
729 1400 776 1460 Ἐν
790 1402 860 1479 αὐτῷ
912 1416 994 1463 rotet
1012 1402 1143 1463 homines.
1165 1405 1318 1485 Definiens
1340 1416 1454 1463 statuta
1476 1417 1607 1485 tempora
1631 1418 1660 1464 et

85 1491 139 1573 γὰρ
152 1494 238 1570 ζῶμεν
249 1493 294 1550 καί
307 1493 450 1571 κινούμεθα
463 1493 508 1551 καί
517 1495 607 1571 lupis,
621 1492 714 1559 ὡςκαί
723 1512 792 1559 τινες
807 1494 860 1549 τῶν
914 1500 1052 1555 terminos
1086 1497 1279 1555 habitationis
1314 1517 1425 1568 eorum,
1455 1499 1504 1556 at.
1532 1518 1660 1578 quaerere

86 1587 148 1644 καθ’
168 1590 237 1662 ὑμᾶς
258 1591 375 1656 ποιητῶν
398 1585 537 1734 εἰρήκασι·
560 1586 616 1645 Τοῦ
640 1583 692 1667 γὰρ
715 1583 761 1643 καὶ
786 1582 861 1662 γένος
876 1594 896 1639 D
912 1588 1018 1658 Deum,
1035 1591 1062 1645 si
1066 1589 1148 1668 sorte
1158 1599 1339 1648 contrectent
1349 1608 1416 1646 eum
1427 1601 1479 1647 aut
1491 1592 1656 1661 inveniant,

85 1677 175 1756 ἐσμέν.
189 1679 276 1736 Τουτο
288 1675 398 1756 Ἄρατος
415 1668 700 1750 ι.πενθποιητλςο
675 1673 794 1755 Ορικαί
807 1673 861 1735 ἀπὸ
911 1684 1045 1760 quamuis
1058 1700 1117 1738 non
1131 1680 1218 1760 longe
1228 1683 1268 1739 stt
1279 1683 1318 1739 ab
1332 1700 1507 1761 unoquoque
1519 1694 1658 1741 nostrum

85 1793 139 1828 των
148 1774 187 1829 un
207 1772 293 1827 αυτων
303 1767 458 1847 γινουίνοιν,
469 1768 514 1827 καί
529 1768 627 1827 ἀπο
591 1791 643 1826 των
656 1764 800 1848 εἰρημένων
812 1764 860 1834 τὰς
911 1770 959 1831 28.
976 1775 1042 1829 In
1030 1792 1092 1851 ipso
1116 1776 1196 1831 enim
1214 1775 1343 1831 vivimus
1363 1785 1392 1831 et
1412 1791 1562 1832 movemur
1573 1786 1601 1833 et
1612 1793 1660 1833 su

86 1859 400 1942 ἀποδείξειςπαρέχοντα
411 1850 622 1939 Γίνοςουνθπάρ
609 1860 860 1940 ρχονιεςτοῦθεοῦ,
912 1884 985 1924 mus.
1007 1864 1088 1923 Sicut
1101 1865 1223 1945 quidam
1234 1876 1387 1942 poetarum
1401 1877 1566 1926 vestrorum
1579 1866 1661 1924 dtlre

85 1955 135 2012 οὐκ
154 1953 292 2033 ὀριιλομιν
307 1952 420 2031 νομίζειν
434 1950 564 2032 χρυσῷῆ
588 1950 695 2032 ἀργύρῳ
715 1946 860 2030 ἢλίθιρ,
911 1968 995 2015 runt:
1005 1959 1102 2036 Ipsius
1114 1977 1193 2015 emm
1203 1968 1231 2015 et
1244 1977 1334 2036 genus
1348 1976 1458 2017 sumus.
1480 1955 1538 2016 lloe
1560 1959 1660 2021 Aratus

84 2045 243 2126 χαράγματι
270 2044 364 2125 τέχνης
387 2043 433 2103 καὶ
458 2042 624 2120 ἐνθυμήσεως
651 2040 805 2123 ἀνθρώπου,
828 2038 860 2098 τθ
911 2059 990 2127 poeta
1002 2046 1083 2106 dixit.
1095 2045 1169 2109 Vide
1181 2061 1212 2106 nt
1225 2045 1466 2107 demonstrationes
1478 2047 1575 2107 efferat
1587 2060 1613 2108 et
1624 2048 1660 2109 ab

84 2139 166 2197 Θεῖον
181 2126 247 2195 εἰναι
261 2136 359 2213 ὅμοιον.
369 2135 425 2196 Καὶ
436 2135 488 2213 μὴν
503 2133 546 2194 διὰ
560 2141 648 2206 τοῦτο,
659 2133 748 2214 otpolt,
756 2131 860 2212 θφείλο·
911 2139 956 2215 iiS,
968 2160 1028 2216 quae
1037 2139 1090 2221 ipsi
1100 2140 1217 2198 fecerant
1227 2137 1417 2217 dixerantquc.
1423 2140 1473 2200 29.
1484 2140 1584 2199 Genus
1591 2159 1660 2220 crgo

86 2254 144 2308 μεν.
159 2231 311 2307 Οὐδαμῶς·
326 2229 419 2309 οθγλρ
434 2224 724 2305 δὴὴμεῖςθμοιοιυθδθ
738 2225 860 2305 αἰψυχαί
913 2251 979 2290 cum
999 2235 1089 2291 simus
1109 2232 1179 2302 Dei,
1197 2250 1257 2288 non
1270 2231 1405 2290 debemus
1424 2234 1571 2290 estimare
1585 2250 1660 2290 auro
1735 2277 1739 2284 ,

85 2325 115 2381 αἱ
128 2320 267 2402 ἡμέτεραι.
281 2320 427 2392 Τίθήποτε
441 2319 560 2392 οὐκίσιη
574 2341 640 2398 προς
651 2316 843 2399 φιλοσοριαν
817 2340 861 2375 ιν·
912 2335 940 2381 et
954 2335 1077 2404 argento
1096 2335 1149 2381 aut
1170 2323 1274 2401 lapidi,
1291 2323 1448 2403 sculpture
1468 2325 1546 2410 argis
1560 2334 1589 2382 et
1609 2341 1661 2381 σο-

85 2413 146 2487 θθς,
159 2412 206 2472 καί
216 2402 304 2472 Vicat
297 2412 565 2489 ’θΘεθςᾶσωματος
582 2410 672 2490 pitu,
689 2408 800 2489 ἀόρατος
815 2408 860 2468 καί
911 2421 1065 2497 guntionis
1079 2418 1219 2488 hominis,
1234 2418 1332 2476 Deum
1343 2437 1405 2476 esse
1417 2417 1555 2476 similem
1576 2414 1659 2494 Atqui

85 2503 307 2585 ἅοχημοἷπῑο0οίἱ
323 2502 438 2563 “³0³2
405 2527 438 2562 πε
442 2501 629 2584 emittitis}
630 2500 702 2561 θθπεῑ
715 2499 859 2559 saiwi-'-
877 2508 1006 2583 Rideo,
998 2506 1263 2612 inquies,debemns.
1282 2508 1413 2567 Minime.
1425 2508 1597 2587 nequeenim
1610 2527 1659 2567 nos

86 2622 144 2678 γειν
157 2596 223 2676 πρὸς
236 2595 387 2709 ἀνθρώπους
402 2620 485 2674 μηπω
501 2592 770 2672 pessumdatae
784 2591 862 2670 ptrue
912 2621 998 2679 neque
1010 2600 1107 2659 animae
1121 2612 1219 2659 nostre
1232 2599 1342 2661 similes.
1353 2600 1412 2659 Cur
1425 2620 1553 2679 orgonon
1566 2598 1659 2660 statim

87 2688 167 2756 Θεός.
188 2687 240 2749 Διὰ
261 2710 338 2748 τουτο
352 2691 472 2747 ἐκεῖνα’
450 2712 507 2747 ειπε
508 2696 532 2747 ῑν
544 2685 631 2767 ipsis,
643 2684 709 2766 πρὸς
718 2683 750 2743 τθ
763 2683 860 2756 intoti-
912 2691 1099 2772 philosophice
1111 2691 1246 2769 loquutus
1253 2703 1304 2767 est,
1320 2711 1368 2750 nec
1381 2691 1471 2750 dixit:
1482 2691 1575 2751 Deus
1567 2710 1659 2750 innor-

89 2805 168 2858 μενον
181 2780 305 2855 ἵσταται,
319 2779 366 2840 καί
389 2802 466 2860 φησι·
481 2778 592 2846 Τοὺς
562 2803 610 2856 μεν
632 2768 676 2836 ουν
690 2776 847 2857 χρόνους
813 2799 861 2847 της
912 2804 1009 2863 porcus
1022 2795 1127 2857 natura,
1139 2780 1287 2841 invisibilis
1298 2793 1338 2840 est
1350 2795 1377 2840 et
1387 2802 1448 2840 stne
1461 2781 1658 2861 ligurai'Quia

89 2871 197 2952 61γοοθος
209 2827 339 2952 θπερῑθθν
359 2876 373 2931 θ
394 2872 477 2945 Θεος,
490 2870 524 2929 πθ
546 2892 590 2928 000
613 2867 792 2950 παραγγέλλει
807 2876 862 2934 ποῑ<
912 2874 1079 2954 superfluum
1096 2872 1241 2934 videbatur
1252 2871 1305 2932 hoc
1322 2870 1413 2931 dicere
1427 2872 1597 2952 hominibus,
1610 2872 1659 2978 gui

88 2964 237 3047 ἆνθρθπθιι
262 2975 329 3025 πᾶσι
351 2969 486 3044 ποοτοχοῧ
508 2970 653 3042 tatewit,
668 2959 735 3020 θο000
751 2959 861 3031 imam
913 2963 1034 3024 nondum
1055 2963 1217 3041 didicerant,
1229 2985 1314 3023 unum
1328 2985 1385 3024 esse
1400 2966 1501 3024 Deum.
1515 2964 1630 3024 ldeo
1593 2988 1661 3027 mns-

87 3056 203 3136 ἡρέραν,
217 3061 244 3117 ἐν
257 3048 276 3129 ᾖ
290 3055 380 3134 μέλλει
391 3056 487 3136 κρίνειν
501 3053 549 3126 τὴν
560 3051 714 3130 οἰκουμένην
726 3054 752 3110 ἐν
764 3051 862 3110 δικαιο·
913 3055 950 3115 sis
965 3055 1031 3132 illis,
1045 3055 1073 3115 in
1089 3077 1120 3115 eo
1136 3055 1210 3135 quod
1220 3056 1278 3134 jam
1299 3055 1430 3134 quaeritur
1443 3055 1554 3131 insistit,
1567 3072 1594 3117 et
1605 3058 1659 3118 ait:

89 3147 174 3226 σύνῃ,
194 3150 221 3206 ἐν
243 3139 359 3230 θνθρίᾧ
383 3146 480 3228 ὥρισε,
500 3145 588 3205 πίστιν
603 3141 750 3223 παρασχὼν
770 3151 861 3216 πᾶσιν,
914 3148 965 3206 50.
979 3149 1020 3207 Et
1033 3160 1164 3226 tempora
1176 3147 1295 3227 quidem
1308 3148 1397 3231 liujus
1416 3151 1595 3227 ignorantie
1611 3152 1662 3212 dee

88 3237 242 3310 ἀναστήσας
252 3236 329 3297 αὐτὸν
342 3241 490 3318 ίκνεκρῶν.
503 3234 761 3317 Ὄρσ,κοιτασείσας
773 3236 861 3292 αὐτῶν
913 3241 1039 3317 spiciens
1056 3238 1147 3310 Deus,
1163 3257 1240 3296 nunc
1260 3236 1420 3298 annh'tiat
1435 3239 1612 3314 homnibus,
1628 3254 1661 3301 ut

87 3330 137 3404 ris
149 3330 265 3391 διοίνοιαν
277 3334 315 3411 τῷ
331 3333 424 3402 εἰπεῖν,
439 3328 572 3399 Ἕσιησεν
589 3326 701 3408 ἡμέραν,
714 3327 760 3385 καί
774 3323 861 3406 ροίή-
914 3350 1015 3391 omnes
1030 3332 1138 3410 ubique
1146 3333 1349 3410 poenitentinm
1360 3343 1463 3410 agant,
1476 3333 1526 3391 51.
1536 3351 1570 3395 eo
1582 3334 1663 3413 quod

89 3447 137 3490 σας
146 3468 156 3497 ,
165 3422 226 3481 τότε
244 3422 370 3501 εὐκαίρως
384 3419 477 3500 ἐπάγει
491 3426 568 3480 τοῦτο
577 3419 621 3493 τὸ,
632 3417 794 3490 Ἀναστησας
815 3421 861 3477 αὖ·
872 3426 1018 3500 mstatuit
1036 3424 1125 3494 diem,
1142 3425 1175 3481 in
1189 3443 1246 3502 quo
1253 3424 1442 3503 judicaturus
1455 3437 1500 3484 est
1515 3426 1614 3485 orbem
1628 3430 1662 3485 in

87 3515 134 3574 τὸν
149 3516 179 3573 ἐκ
189 3520 296 3593 νεκρῶν.
310 3515 379 3574 Ἀλλ’
396 3513 491 3591 ἴδωμεν
506 3514 603 3572 ἄνωθεν
618 3510 652 3570 uh
666 3509 803 3591 εἰρημένα.
813 3509 860 3571 Ἐν
879 3516 899 3562 Α
909 3517 1039 3598 justitia,
1052 3518 1085 3572 in
1097 3518 1164 3573 niro
1182 3517 1214 3572 in
1229 3534 1286 3594 quo
1298 3518 1413 3587 statuit,
1420 3514 1518 3595 fidem
1529 3521 1662 3597 praebens

90 3606 119 3666 δὲ
131 3615 190 3674 ταῖς
203 3605 320 3678 Ἀθήναις
332 3604 504 3686 ἐκδεχομένου
516 3603 607 3670 αὐτοὺς
616 3609 661 3662 τοῦ
675 3601 798 3676 Παύλου,
808 3625 861 3661 ποι-
914 3609 1057 3680 omnibus,
1074 3610 1221 3666 suscitans
1235 3626 1300 3666 eum
1311 3628 1331 3665 a
1341 3611 1472 3668 mortuis.
1485 3608 1572 3670 Vide:
1587 3624 1662 3692 post·

92 3697 234 3780 ρωξιίνετο,
248 3698 311 3778 ρησί
324 3743 331 3771 ,
346 3698 376 3756 τὸ
394 3703 499 3774 πνεῦμα
514 3696 722 3774 αὖτοῦέναῦτῷ.
738 3695 798 3755 Οὔκ
811 3696 860 3777 ὀρ·
913 3719 997 3776 quam
1019 3719 1112 3757 eorunm
1133 3711 1250 3758 mentem
1270 3713 1450 3774 concusserat,
1471 3721 1534 3760 cum
1546 3700 1659 3781 diceret,

90 3789 141 3869 γὴν
157 3793 268 3850 ἐνταῦθα
285 3790 342 3851 οὐδὲ
363 3789 542 3869 ἀγανάκτησιν
560 3793 574 3847 θ
588 3786 771 3867 παροξυσμὸς,
791 3786 861 3846 ἀλλὰ
900 3790 1023 3850 Statuit
1036 3791 1124 3862 diem,
1140 3789 1254 3869 illosque
1267 3803 1413 3867 terruerat,
1430 3804 1495 3851 tunc
1510 3808 1661 3874 opportune

91 3881 222 3962 διέγερσιν
243 3882 287 3941 καί
308 3885 385 3953 ζῆλον
408 3882 497 3953 δηλοῖ,
523 3878 643 3960 καθάπερ
659 3878 705 3938 καί
726 3880 860 3958 ἀλλαχοῦ·
913 3882 967 3941 hoc
980 3881 1096 3959 inducit,
1110 3883 1263 3942 Suscitans
1276 3903 1341 3941 eum
1354 3903 1373 3941 n
1387 3888 1517 3945 mortuis.
1540 3885 1595 3946 Sed
1615 3908 1660 3946 su-

87 3971 229 4052 Ἔγίνετο,
244 3973 325 4054 ρησί,
339 3972 505 4054 παροξυσμὸς
518 3970 617 4050 μεταξὺ
629 3972 725 4032 αὐτῶν.
914 3972 1020 4055 periura
1031 3986 1191 4053 repetamus.
1203 3975 1278 4032 Cum
1290 3973 1420 4033 Athenis
1433 3975 1501 4036 illos
1510 3991 1658 4056 exspecta·
1673 3984 1674 3988 ’

917 4079 962 4126 ret
972 4067 1099 4138 Paulus,
1110 4065 1322 4146 incitabatur,
1314 4065 1412 4159 inquit,
1424 4071 1542 4148 spiritus
1556 4073 1618 4150 ejus
1627 4073 1661 4129 in

915 4177 958 4217 eo.
971 4157 1057 4217 Non'
1049 4177 1118 4216 tram
1130 4156 1175 4216 vel
1186 4142 1398 4235 indignationem
1412 4156 1458 4218 hie
1470 4158 1628 4238 significat
1619 4181 1661 4220 in·

915 4250 1009 4311 citatio
1023 4250 1083 4328 illa,
1097 4249 1144 4309 sed
1160 4248 1332 4353 vigilantiam
1345 4263 1372 4309 et
1384 4251 1482 4330 zelum,
1493 4266 1524 4311 ut
1534 4266 1561 4312 et
1571 4253 1657 4313 olibi:

916 4346 1015 4402 Facta
1037 4355 1090 4415 est,
1110 4341 1218 4420 inquit,
1231 4343 1374 4401 dissensio
1394 4345 1560 4407 interillos.
1670 4361 1723 4405 ,ιι-ι.
1745 4361 1781 4408 15.

128 4441 202 4522 Ὅρα
216 4437 296 4499 δί
256 4462 312 4505 ποις
329 4441 516 4515 οἰκονομεῖται,
529 4439 574 4497 καί
590 4438 689 4498 ἄκοντα
705 4446 792 4515 μεῖναι
807 4440 861 4496 ixei
956 4441 986 4497 Ξ.
1001 4435 1074 4497 Vide
1086 4448 1177 4494 autem
1190 4432 1326 4513 quomodo
1341 4434 1528 4515 provideatur,
1544 4453 1573 4498 ut
1588 4439 1661 4500 invi·
1671 4424 1710 4481 ³9·

89 4531 260 4612 ἐκδεχόμενοι
272 4530 394 4596 ἐκείνους,
404 4520 498 4589 '1¹³t0uv
510 4527 781 4612 ἐστί,11αριοξύνειο,
792 4526 862 4589 Ἀντί
918 4541 961 4588 tus
980 4527 1039 4586 illic
1059 4539 1164 4586 maneat
1187 4540 1344 4606 exspectans
1357 4526 1428 4587 illos.
1440 4527 1514 4600 Quid
1528 4550 1591 4609 ergo
1609 4546 1660 4608 est,

88 4650 134 4685 του
142 4623 324 4706 ,διηγείρετο·
339 4621 459 4701 ὀργῆς
431 4646 482 4698 γαρ
496 4622 571 4680 καί’
557 4621 862 4760 αγανακτησευιςπίρρρι
916 4618 1167 4680 Incitabnturild
1182 4633 1234 4693 est,
1252 4619 1533 4681 exttitnbaturzabira
1546 4623 1661 4684 etindi-

88 4718 120 4777 τὸ
102 4718 262 4835 Τγσίριιιμα.
277 4715 363 4775 Οὐκ
348 4738 448 4795 ερερεν,
459 4716 517 4774 ἀλλ’
527 4714 646 4786 ἐτήκετο.
661 4714 846 4794 Διελίγετοθ
813 4738 861 4793 μν
918 4711 1042 4792 guntione
1056 4710 1151 4791 procul
1165 4724 1221 4769 erat
1233 4711 1285 4770 hoc
1294 4708 1405 4772 donum.
1416 4715 1476 4772 Non
1491 4714 1602 4789 ferebat,
1615 4715 1662 4775 sed

89 4802 133 4869 uiis
151 4812 229 4868 ἰν
195 4832 229 4886 τῃ
251 4811 390 4887 συναγωγῇ
403 4816 457 4873 τοῖς
474 4806 628 4916 Ἰρυθαίοις,
650 4806 729 4885 ρησι,
750 4805 863 4874 καὶτοῖς
917 4802 1078 4863 tabescebat
1094 4804 1274 4906 disputabat
1288 4823 1355 4883 ergo
1373 4808 1406 4862 in
1423 4825 1576 4886 synagoga
1596 4827 1663 4866 cum

89 4899 249 4979 σεὸομένοις.
264 4895 338 4979 Ορα
352 4898 475 4957 πάλιν’
447 4896 524 4958 αυτὸν
543 4921 609 4978 προς
622 4896 762 4964 Ἰουδαίους
777 4898 862 4957 δια-λε
917 4893 1150 4974 Judoets,1nqu1t
1159 4906 1187 4952 et
1197 4894 1369 4955 colentibus
1380 4893 1452 4957 Vide
1461 4917 1555 4956 rursus
1571 4913 1662 4958 contro

88 4991 208 5071 γίμινον.
223 4989 385 5068 Σιὸομίνους
406 4989 487 5049 δὲ
448 5013 507 5058 τους
518 4978 700 5073 προσηλυτοος
709 4987 789 5069 λιγει
803 4991 864 5047 Διο-
881 4985 1025 5049 ntudaeos
1036 4984 1228 5067 disputantem
1247 4985 1370 5046 Colentes
1380 4999 1471 5048 autom
1480 5003 1558 5050 vocat
1568 5010 1662 5074 prose

123 5183 136 5220 θ
153 5181 266 5243 hiereli
280 5188 341 5236 λίθου
349 5191 495 5253 χαράγματι.
513 5181 561 5248 [1).
574 5188 636 5238 λίθον
646 5189 801 5251 χαράγματα.
815 5178 866 5233 Sed
882 5177 950 5232 idem
962 5191 1030 5231 recte
1044 5177 1122 5230 hehet
1133 5176 1197 5229 intra
1209 5195 1236 5243 p.
1250 5178 1309 5239 291,
1321 5178 1363 5242 h]
