3728 5978
94 373 141 464 46
469 407 495 445 s.
523 398 664 445 toauttts
690 399 874 449 cttnttsosr.
906 402 1061 451 unctum.
1089 403 1367 477 cousruurtuon

93 521 203 580 Platone
217 520 390 579 habitantem.
401 523 469 594 Quae
481 542 558 601 nugae
568 520 611 578 his
625 521 834 601 comparandae?
885 529 931 586 οὐκ
946 531 982 594 είς
1000 537 1079 606 μυῖαν
1094 526 1264 604 μετέπιπτεν,
1276 518 1345 588 ’ἀλλ’
1359 525 1526 605 ἐπέόαινετῇ
1543 529 1571 586 έν
1585 527 1661 587 tttt·

92 612 164 672 unde
171 613 234 672 talia
242 612 348 672 effutire
361 613 390 671 iu
401 627 514 672 mentem
528 611 622 671 venit?
636 612 726 671 Ironia
739 612 834 694 plenus
887 642 951 678 τωνι
961 616 1080 699 “otrodo-p
1089 622 1172 700 ψυχῇ.
1183 620 1266 686 Ποίας
1272 623 1390 681 ταῦταού
1400 617 1601 697 ματαιολογίας;
1612 619 1661 679 πό·

92 726 138 771 v1r
149 718 214 783 erat,
228 718 254 764 et
268 704 399 764 adversus
417 724 509 764 omnes
531 704 665 785 zelotypia
682 704 831 764 laborabat.
888 718 929 771 θεν
942 711 1354 794 δὴτοιαῦταληρεῖνέπεόόλετο·
1347 701 1661 792 ςΕίρωνείαςμεπθιθ

47 810 53 822 ·
93 797 187 875 ltaque
200 796 275 900 quasi
295 794 440 855 studeret
432 796 533 870 tuboe,
547 810 578 854 ut
592 816 686 854 necex
703 817 770 873 sese,
786 818 835 856 nec
885 802 1001 884 θάνλρ,
1025 805 1072 862 καὶ
1092 803 1244 878 ζηλοτύπως
1261 805 1326 886 τρδς
1339 804 1467 870 ἅπαντας
1487 802 1662 881 διακείμενος

92 888 128 947 ab
142 888 196 947 alio
215 888 361 967 quicquam
379 888 487 948 afferret
500 888 588 947 utile·
603 908 643 947 stc
654 887 691 947 ab
707 888 762 947 alio
775 909 832 948 me·
886 890 991 977 Ωσιιερ
1002 886 1046 954 σύν
1061 898 1224 977 φιλονεικῶν,
1238 895 1306 973 μήτε
1319 895 1433 969 οἴκοθεν,
1450 894 1519 974 μήτε
1533 918 1590 973 παρ
1591 895 1664 955 ’ire‘-

91 979 311 1061 tempsyclrosim,
326 1000 342 1037 a
359 1001 387 1038 se
400 979 627 1061 rempublicam
619 1001 647 1038 tn
662 978 780 1038 modium
793 993 834 1039 at·
888 1008 975 1067 ροινχρ
976 986 1109 1066 ήσιμόνςι
1120 990 1285 1067 εἰσαγαγεῖν·
1295 986 1447 1068 οθοωςςοιρλ
1455 985 1503 1065 μὲν
1513 986 1603 1067 ἑτέρον
1613 986 1662 1058 τὴν

92 1073 326 1148 ιιιίίι,ιι1νίιιιιι1ιιο
341 1073 520 1154 turpitudinis
532 1074 606 1154 leges
620 1075 744 1154 protulit.
755 1076 836 1134 Cum·
888 1078 1094 1158 praepedignam
1108 1078 1226 1154 ἐδέξατο,
1239 1079 1314 1160 παρὰ
1323 1079 1352 1138 δὲ
1361 1083 1455 1138 ἑαυτοῦ
1464 1076 1512 1151 τὴν
1527 1077 1663 1138 πολιτείαν

91 1186 194 1243 munes,
206 1166 303 1269 inquit,
316 1179 395 1224 sunto
413 1165 548 1243 mulieres,
562 1165 642 1226 nuda
652 1167 772 1247 virgines
784 1169 836 1228 sub
887 1170 1039 1321 εἰσήγαγεν,
1051 1170 1112 1231 ἔνθα
1128 1171 1161 1231 τθ
1176 1173 1277 1244 πολλῆς
1291 1171 1464 1251 αίσχρότητος
1473 1168 1593 1281 γέμοντα
1603 1171 1664 1228 ένο-

91 1257 178 1317 oculis
198 1257 347 1317 amantium
368 1257 513 1335 laetanter,
530 1278 685 1319 communes
706 1273 785 1320 sunto
811 1275 836 1320 et
887 1261 1025 1339 podiense.
1048 1263 1142 1323 Ιίοιναλ
1151 1262 1262 1344 ,,φησλν
1283 1267 1311 1323 αί
1333 1269 1455 1342 γυναῖκες
1470 1261 1599 1335 ἔστωσαν,
1618 1258 1665 1319 καί

92 1363 214 1430 ματτηιαε
227 1365 252 1409 et
274 1350 336 1409 filii
352 1332 442 1422 Quam
455 1351 544 1410 haec
534 1352 668 1412 insaniam
689 1373 742 1413 non
755 1373 835 1434 supe-
885 1354 1088 1433 γεγυμνωμέναι
1103 1355 1227 1436 παρθένοι
1252 1357 1294 1415 ἐπ’
1309 1355 1441 1441 ducor*
1405 1377 1458 1412 των
1475 1355 1594 1433 ἐραστῶν
1608 1376 1663 1412 πα·

92 1444 265 1503 rantlTalia
278 1457 394 1519 suntea,
409 1465 467 1521 quae
485 1444 521 1503 ad
539 1445 618 1504 illum
634 1459 766 1526 spectant.
782 1447 834 1507 llic
849 1445 1045 1533 8,λαιέτιοσαη
1058 1447 1103 1507 καί
1116 1446 1323 1527 κοινολπατέρες
1336 1445 1467 1519 ἔστωσαν,
1482 1443 1563 1504 καλοί
1578 1443 1665 1504 τικτό-

93 1556 173 1615 porro
194 1556 247 1595 non
271 1549 366 1595 natura
391 1556 545 1596 communes
565 1551 655 1618 patres
675 1539 769 1612 efficit,
784 1539 832 1599 sod
849 1493 960 1616 Ἀμενοι
974 1541 1075 1606 παῖδες.
1097 1540 1182 1599 Ποίαν
1196 1541 1276 1619 ούχ
1266 1562 1333 1620 υπερ
1334 1536 1427 1597 όοίλλει
1449 1544 1534 1598 ταῦτα
1558 1537 1666 1608 ducam

93 1627 167 1686 Petri
181 1627 376 1709 philosophia
370 1672 376 1684 .
395 1649 458 1686 narn
472 1628 543 1687 illud
558 1629 679 1688 Platonis
688 1629 734 1689 hic
745 1646 835 1692 sustu·
887 1630 966 1690 Ἀλλδι
979 1631 1062 1690 τδιὲ
1031 1655 1078 1709 μυ
1094 1631 1193 1692 ἐκείνου
1207 1638 1324 1692 τοιαῦτα.
1337 1630 1470 1691 Ἐνταῦθα
1483 1627 1512 1689 dl
1524 1632 1602 1710 ούχὴ
1617 1652 1665 1708 φο·

93 1824 169 1892 pater
182 1823 238 1870 erat
250 1810 428 1890 ignoraretur,
440 1824 466 1870 et
481 1812 595 1890 quinon
618 1827 676 1873 erat
695 1813 835 1879 inducere·
886 1816 944 1876 ἐπεί
959 1815 1043 1875 έκεῖνό
1054 1840 1084 1895 γε
1100 1816 1146 1875 καὶ
1159 1815 1261 1898 ἀνῄρει.
1282 1814 1369 1877 Οόδθν
1384 1814 1437 1895 γδιρ
1458 1811 1548 1894 ἕτερον
1567 1813 1665 1885 ἐνναίει,

94 1919 155 1964 tur:
172 1917 252 1983 atque
264 1903 293 1962 in
304 1904 459 1963 ebrietatem
471 1905 620 1983 quamdam
633 1919 660 1966 et
674 1907 702 1966 iu
717 1908 834 1986 sterqui-
886 1908 945 1968 ἀλλ’
962 1907 980 1979 ἢ
1002 1908 1046 1967 τὸν
1068 1908 1131 1968 όντα
1156 1910 1305 1988 ἀγνοεῖσθαι
1319 1905 1475 1986 μονονουχὶ,
1492 1906 1539 1965 καὶ
1559 1907 1605 1967 τδν
1619 1909 1665 1966 οὐκ

93 1998 192 2057 linium
206 1998 319 2078 conjecit
340 1997 469 2058 animum.
487 1999 599 2077 Omnes,
622 1999 721 2079 inquit,
737 2000 833 2060 mulie·
886 1999 1119 2078 όνταείσοίγεσθαι.
1132 2002 1179 2067 Et<
1191 1997 1273 2078 μέθην
1283 1997 1343 2058 τινθ
1356 1998 1401 2058 καὶ
1413 1997 1542 2080 συρφετὸν
1556 1996 1666 2059 tettan

93 2091 169 2149 ribus
190 2089 318 2149 audacter
335 2102 455 2149 utuntor.
470 2089 535 2150 Ideo
552 2105 693 2172 poetarum
708 2090 836 2172 dogmata
886 2091 934 2164 τὴν
949 2092 1047 2172 ψυχήν.
1070 2091 1192 2165 Πάντες,
1206 2090 1296 2171 φησιν,
1310 2091 1392 2158 ἀδεῶς
1405 2090 1599 2171 κεχρήσθοιταν
1610 2099 1668 2158 ταῖς

93 2204 147 2259 non
158 2183 279 2264 exploro,
294 2204 327 2260 nc
341 2182 486 2261 quisdicat
508 2205 552 2243 me
562 2183 667 2244 fabulas
682 2185 834 2265 explorare,
886 2183 998 2264 γυναιξί.
1020 2182 1073 2242 ud
1091 2174 1169 2243 τοῦτο
1191 2186 1239 2242 οὐκ
1261 2180 1372 2252 ἐξετάζω
1392 2185 1511 2256 ποιητῶν
1527 2181 1667 2262 δόγματα,

93 2275 140 2336 sed
156 2276 222 2334 alias
235 2275 319 2332 affero
333 2275 439 2334 fabulas
451 2274 561 2356 poeticis
569 2275 649 2355 longe
663 2277 750 2357 magis
763 2277 834 2336 ridi·
885 2274 929 2334 ίνα
948 2276 986 2354 μή
1002 2274 1088 2352 μέτες
1114 2275 1182 2334 εἴποι
1206 2273 1301 2352 μύθους
1326 2273 1468 2344 ἐξετάζειν·
1485 2275 1544 2332 ἀλλ’
1559 2272 1665 2352 ἑτέρως

93 2366 177 2427 culus
191 2367 310 2427 Ubinam
324 2366 424 2444 quid
417 2380 454 2425 tta
468 2364 682 2447 prodigiosum'
674 2381 835 2427 invenerunt
854 2379 872 2426 B
887 2367 958 2447 λέγω
973 2367 1066 2446 μύθους
1079 2366 1185 2427 ἐκείνων
1198 2367 1290 2445 πολλῷ
1305 2362 1589 2444 κατογελαστοτίρους.
1606 2365 1663 2423 tter

93 2460 200 2541 pectre?
214 2459 298 2519 Sed
290 2480 322 2534 ts,
343 2458 625 2540 qutphilosopborum
641 2461 766 2542 princeps
787 2461 837 2519 ha·
887 2459 1002 2520 τοιουτόν
1017 2483 1044 2519 τι
1065 2455 1402 2538 respondebuntque
1414 2455 1482 2516 Ἀλλ’
1496 2460 1666 2537 θκορυφαῖος

93 2553 220 2630 bebatur,
232 2573 307 2611 arma
327 2551 488 2611 mulieribus
503 2552 691 2633 circumponit,
709 2552 835 2630 cassides,
888 2577 940 2613 των
952 2551 1142 2633 φιλοσρφων
1127 2575 1164 2617 ως
1174 2549 1259 2613 ἐδόκει
1267 2550 1332 2623 ,καλ
1346 2540 1457 2611 δπλα
1426 2572 1484 2616 ταις
1498 2547 1664 2624 γυναιξίπε·

94 2665 196 2720 ocreas,
207 2665 256 2702 nce
268 2642 419 2723 quidquam
433 2642 500 2702 dicit
515 2642 657 2703 hommum
667 2665 778 2724 geuusa
795 2666 838 2704 ca·
891 2643 942 2727 ριτί
944 2651 1021 2716 θησι,
1036 2645 1081 2703 καί
1096 2644 1198 2723 κράνη,
1212 2643 1414 2729 καίκνημῖδας,
1428 2641 1475 2700 καὶ
1495 2638 1665 2700 κυνωνυύδδν

95 2735 175 2794 nibus
184 2734 304 2799 differre.
318 2734 390 2807 Quia
400 2735 482 2809 enim,
496 2735 598 2814 inquit,
614 2736 688 2794 canis
699 2736 798 2795 semina
813 2751 840 2797 et
890 2734 1021 2815 διαφέρειν
1038 2732 1111 2814 λέγει
1124 2736 1154 2795 τδ
1166 2731 1328 2817 ἀνθρώπινον
1341 2733 1425 2813 γένος.
1438 2731 1601 2804 ²*lirrttbsl
1573 2735 1664 2812 γσρὴ

95 2848 152 2885 mas
162 2827 359 2886 communicant
367 2826 396 2885 in
404 2826 490 2900 sactis,
501 2826 698 2887 communicent
707 2842 733 2887 et
742 2828 840 2888 mulie·
890 2826 960 2888 κύων
974 2831 991 2898 ἡ
1002 2826 1111 2901 θήλεια,
1122 2827 1204 2908 φησί,
1217 2825 1263 2885 καὶ
1276 2826 1383 2908 θόρρην
1393 2830 1560 2885 κοινωνοῦσιν
1572 2827 1600 2883 ἐν
1614 2831 1666 2890 τοῖς

95 2918 755 3000 res,atqueomniasusdequevertuntur.Scmper
768 2921 839 2980 enim
891 2918 988 2998 ἔργοις,
1006 2918 1210 2978 κοινωνείτωσαν
1234 2917 1279 2978 καί
1301 2921 1329 2977 αἱ
1349 2925 1486 2996 γυναῖκες,
1509 2916 1556 2975 καὶ
1579 2914 1665 2976 ποίντα

96 3031 145 3090 per
165 3009 227 3068 illas
240 3009 292 3068 boc
318 3009 372 3088 egit
397 3008 531 3084 diabolus,
548 3023 578 3068 ut
593 3011 741 3070 ostenderet
755 3031 840 3090 genus
892 3011 1087 3092 ἀνατρεπέσθω,
1106 3010 1158 3071 Ἀελ
1170 3011 1221 3091 γὰρ
1244 3011 1277 3069 δι’
1295 3013 1380 3071 αὐτῶν
1401 3008 1594 3069 έσποόδασενό
1610 3007 1665 3068 διό·

95 3114 218 3160 ποσιτιον
226 3120 279 3158 non
289 3114 430 3180 pretiosius
439 3121 496 3159 esse
504 3100 613 3160 brutis·
620 3101 840 3208 quandoquidem
892 3101 985 3174 όολος,
1011 3101 1092 3180 μηδὲν
1079 3102 1345 3182 νέντιμότερον“
1308 3125 1362 3161 τονν
1387 3099 1538 3181 ἆλόγων
1512 3123 1544 3160 το
1567 3100 1666 3178 ἡμέτε-

95 3193 253 3254 nonnulliin
263 3207 318 3252 tam
330 3192 618 3254 absurdametvanam
632 3209 764 3254 venerunt
776 3196 839 3277 opi·
894 3217 937 3274 ρον
952 3194 1033 3264 δεῖξαι
1047 3193 1137 3273 γένος·
1130 3192 1216 3254 ·όπου
1240 3192 1272 3272 γί
1287 3217 1355 3261 τινες
1373 3196 1409 3261 εἰς
1422 3200 1500 3255 τοῖντο
1520 3190 1670 3263 κενοδοξίας

95 3286 213 3360 nionem,
221 3285 839 3350 utdicerentbrutaanimaliarationabiliaesse
892 3279 1013 3360 ἦλθον,
999 3310 1034 3353 ως
1046 3289 1145 3361 είπειν
1170 3285 1211 3345 δτι
1229 3286 1275 3346 καὶ
1293 3284 1328 3344 rb
1347 3285 1431 3366 ἄλογα
1451 3285 1546 3366 λογικὰ
1568 3285 1666 3367 τυγχιί-

95 3380 206 3440 Etvide
207 3401 308 3458 ,quam
329 3379 404 3439 varie
419 3380 447 3438 in
462 3380 604 3441 animabus
620 3380 730 3440 illorum
741 3380 840 3442 debac—
858 3392 876 3441 c
893 3404 940 3439 νει
955 3378 1052 3462 Kale?
1053 3404 1082 3453 α,
1098 3402 1155 3445 ποις
1168 3377 1294 3445 ποικίλως
1307 3376 1469 3457 έύοίκχευσεν
1482 3380 1510 3436 ἐν
1525 3385 1585 3445 ταῖς
1597 3376 1664 3436 ἐκεί-

95 3474 190 3533 chatus
203 3487 246 3532 stt.
254 3472 369 3531 Illorum
381 3493 504 3553 proceres
518 3471 647 3532 dixerunt
659 3474 777 3533 animam
790 3496 840 3535 no-
892 3496 944 3531 νων
968 3472 1126 3550 ψυχαῖς.οί
1151 3470 1198 3549 μέν
1225 3468 1276 3550 γὰρ
1298 3476 1437 3549 κορυφαῖοι
1457 3472 1544 3529 αὐτῶν
1566 3467 1666 3549 ἔφησαν

96 3578 180 3623 stram
193 3564 222 3624 in
233 3584 339 3622 muscas
359 3577 385 3622 et
399 3584 478 3623 canes
486 3577 511 3622 et
517 3563 598 3623 bruta
605 3565 705 3624 mutari
720 3589 726 3622 :
742 3566 840 3626 horum
893 3563 941 3635 erle
955 3554 1087 3643 ἡμετέραν
1098 3561 1186 3642 ψυχὴν
1203 3565 1239 3628 εἷς
1251 3559 1345 3640 μυίας,
1356 3561 1402 3619 καὶ
1413 3559 1507 3636 κύνας,
1517 3559 1565 3621 καλ
1584 3560 1666 3639 ἄλογα

97 3657 841 3741 successoresbincpudoreafsectiinaliamdelapsisunt
894 3654 1063 3735 μεθίσταθαι·
1074 3658 1098 3713 οἱ
1117 3653 1144 3712 δὲ
1160 3655 1217 3732 μετ’
1242 3653 1355 3720 ἐκείνους
1372 3659 1449 3713 τοῦτο
1469 3651 1667 3733 αἰσχυνθέντες,

97 3751 305 3834 turpitudinem,
316 3750 505 3811 rationabilem
515 3772 621 3810 omnem
628 3750 840 3811 scientiambru-
893 3750 929 3816 εἰς
948 3747 1039 3828 ἑτέραν
1055 3743 1184 3826 αἰσχύνην
1198 3745 1353 3818 κατέπεσον,
1374 3743 1463 3819 πόσης
1481 3747 1592 3825 λογικῆς
1612 3746 1666 3804 ἐπι·

97 3844 132 3903 tis
145 3843 380 3919 communicantes,
393 3857 420 3902 et
432 3842 534 3921 ubique
546 3855 724 3902 monstrantes
738 3864 769 3902 ea
780 3865 840 3923 quae
893 3839 995 3917 στόμηι
1009 3836 1165 3916 μεταθέντες
1182 3845 1235 3905 τοῖς
1256 3837 1376 3917 ἀλόγοις,
1390 3837 1436 3896 καί
1461 3842 1599 3918 πανταχοῖ
1613 3836 1664 3897 δεῖ·

96 3950 206 4017 propter
226 3956 275 3995 nos
291 3937 359 3994 sacta
383 3947 457 4012 sunt,
475 3932 552 3992 uobis
568 3955 624 3993 esse
636 3935 866 4039 prestantiores.
893 3930 981 3999 ξαντες
1004 3933 1080 4007 ἡμῶν
1096 3929 1130 3988 τὰ
1151 3929 1184 3987 δι’
1199 3934 1271 4008 ἡμᾶς
1285 3928 1413 4008 γενόμενα
1433 3926 1662 4008 ἐντιμότεροιθυ

95 4030 202 4118 Neque
201 4028 254 4087 hoc
264 4042 380 4103 tantum,
395 4024 536 4086 sedetiam
549 4027 745 4107 praescientiam
759 4040 785 4086 et
797 4049 839 4086 re
890 4022 997 4082 τοῦτοὸ
997 4020 1111 4099 ὲ,μόνον
1127 4021 1257 4081 ἀλλὰκαὶ
1278 4009 1650 4103 προγνώσειςείναιπαρ

95 4120 307 4225 ligioucmapud
318 4120 378 4179 illos
392 4117 559 4178 cssedicunt
572 4118 708 4178 Corvus
680 4119 838 4197 ,inquiunt,
892 4124 961 4185 τοῖς,
976 4113 1022 4173 καλ
1041 4112 1196 4173 ευσέόειαν
1207 4114 1336 4195 λεγουσιν
1351 4113 1495 4197 Οκόραξ,
1508 4114 1599 4196 φησλν,
1610 4102 1665 4172 οἶδε

97 4227 172 4272 novit
184 4215 284 4286 Deum
299 4226 329 4270 ut
350 4224 377 4269 ct
396 4211 500 4286 cornix,
516 4230 547 4268 ac
569 4210 718 4290 prophetia
738 4210 841 4270 donum
892 4209 936 4268 τδν
953 4206 1021 4267 Θεδν
1030 4203 1254 4285 ,καὶὴκορώνη,
1268 4207 1312 4265 καὶ
1335 4205 1496 4287 προφητείας
1510 4207 1663 4287 ἔχουσιχσ-

96 4305 206 4379 lrabcnt,
219 4305 309 4362 sutura
320 4302 483 4383 predicunt:
497 4300 572 4381 apud
584 4299 663 4359 illos
652 4300 768 4381 justitia,
782 4323 839 4362 res·
894 4299 1022 4379 ρίσματα,
1032 4296 1078 4355 καί
1087 4296 1121 4354 τό
1130 4295 1261 4374 μέλλοντα
1267 4297 1437 4378 προλέγουσι,
1451 4299 1497 4358 καί
1511 4298 1663 4370 δικαιοσύνη

98 4398 219 4480 publica,
230 4397 312 4477 leges,
322 4396 508 4473 inuidiamque
519 4393 592 4474 apud
607 4394 668 4454 illos
678 4395 841 4457 canishabet
892 4394 956 4470 παρ’
972 4392 1073 4462 αὐτοῖς,
1085 4388 1130 4447 καί
1142 4389 1281 4464 πολιτεία,
1293 4390 1338 4448 καὶ
1348 4389 1439 4468 νόμοι,
1453 4389 1499 4450 καλ
1514 4392 1590 4463 ζηλοῖ
1600 4394 1663 4474 παρ’

99 4491 247 4550 secuudum
269 4489 416 4548 Platonem.
431 4486 520 4546 Dictis
545 4487 657 4545 fortasse
680 4486 764 4546 fidem
787 4509 840 4549 non
857 4495 876 4543 θ
893 4487 978 4551 αὐτοῖς
994 4487 1009 4542 θ
1027 4480 1097 4541 κύων
1114 4481 1184 4542 κατὰ
1199 4481 1340 4542 Πλάτωνα.
1355 4483 1437 4564 Τάχα
1457 4487 1592 4544 ἀπιστεῖτε
1611 4492 1664 4552 τοῖς

98 4583 222 4644 habetis?
235 4582 321 4661 ldque
337 4580 444 4657 merito,
467 4593 559 4661 utpote
574 4578 645 4638 sanis
665 4577 770 4640 odttcati
789 4581 839 4642 do-
892 4574 1197 4656 upptvotgutxteoe,
1207 4575 1252 4633 ἅτε
1267 4573 1341 4642 ''wlt
1352 4575 1665 4656 ὖγιέσῑνέντεθραμμένοι

98 4678 244 4756 gmatibus
257 4675 356 4750 Quiris
374 4674 446 4733 enim
459 4673 511 4732 hoc
525 4671 585 4731 cibo
605 4672 747 4748 educatus,
760 4694 839 4732 num-
892 4669 1035 4748 δόγμασιν·
1047 4668 1104 4727 ἐπεί
1118 4666 1213 4726 zat*
1189 4692 1211 4726 ει
1204 4692 1272 4735 ιτις
1285 4667 1398 4751 τραφείη
1417 4667 1503 4747 ταύτῃ
1519 4672 1553 4748 τῇ
1568 4675 1666 4751 τροφῇ,

98 4791 179 4847 quam
192 4766 281 4854 credet
299 4765 436 4826 hominem
447 4786 511 4840 csse,
528 4763 575 4842 qui
593 4777 710 4823 stercora
724 4764 839 4824 libenter
892 4759 1062 4832 ἀπιστησειεν
1080 4758 1129 4832 ἂν,
1150 4758 1192 4819 ότι
1208 4759 1278 4819 ἔστιν
1293 4760 1427 4878 ἅνθρωπος
1440 4758 1539 4842 κόπρου
1555 4762 1665 4841 γευόμε-

95 4861 226 4942 degustet
238 4845 504 4940 Ctimergodicimus
517 4856 581 4932 illis,
597 4856 836 4918 haecsabulasesse
892 4879 933 4921 νος
947 4853 1038 4924 ἡδέως.
1048 4842 1174 4911 Οταν
1145 4874 1189 4911 ουν
1197 4853 1357 4931 λέγωμεν
1328 4878 1428 4930 αυτοις
1442 4853 1546 4914 ότι
1496 4860 1546 4931 μυ
1548 4877 1572 4912 οι
1583 4877 1665 4914 ταυτα

126 5045 504 5114 ‘¹[ttJa'suusuppedituuitl).
525 5044 852 5104 ηλιτωνοςεαιιετῖθκιο·
935 5038 1159 5092 siiiellssttut
1172 5051 1347 5105 vcropostre
1311 5041 1613 5106 ιθσιθειανιομεῖιιιιιιιαι
1572 5063 1613 5092 ιαιν
1618 5077 1622 5086 .

92 5127 151 5178 dem
162 5128 193 5177 I).
207 5143 266 5175 mox
280 5124 424 5177 addidimus
435 5129 461 5183 δή
473 5134 529 5190 post
543 5131 622 5188 πεῖθεν,
632 5135 656 5172 et
668 5120 784 5186 copulam
795 5134 852 5172 ante
936 5123 948 5160 b
966 5118 1033 5170 Alius
1045 5134 1089 5179 ςοῑς
1102 5125 1242 5185 'epulosum

93 5211 225 5270 <clarinus
238 5205 245 5266 l
