3728 5978
556 559 590 607 nr
616 559 723 608 errsr.
753 557 798 605 sn
824 554 907 603 noar.
935 554 1053 603 rronru.
1081 557 1154 606 xtv.
1571 529 1636 603 651

77 694 233 772 τοιλύσωμεν
248 694 331 754 τοίνυν
346 693 393 767 τὴν
417 693 545 772 ὠμότητα
563 695 672 770 ταύτην,
696 692 850 772 ἐκίοίλωμιν
904 704 1002 769 straus,
1016 705 1046 751 ut
1058 705 1084 751 et
1102 713 1151 752 nos
1169 691 1381 758 misericordiam
1398 693 1456 775 ejus
1475 690 1642 750 aemulemur.

78 787 127 859 τήν
141 787 292 868 θηριωδίαν,
307 787 354 845 ἅτε
375 785 481 853 ἑαυτοὺς
502 787 601 865 μᾶλλον
617 785 634 857 ἢ
650 785 753 866 ἐτέρους
778 787 850 867 εἰερ-
904 783 1075 863 Deponamus
1091 784 1181 864 itaque
1197 784 1268 845 banc
1291 783 1525 860 inhumanitatem,
1544 780 1643 844 sevcri-

78 885 221 958 γετοῦντες.
233 878 343 946 Τούτοις
355 877 403 956 μὲν
413 877 465 960 γδρ
476 878 598 959 ἀργύριον
610 878 733 957 διδόαμεν
745 874 790 936 καλ
802 876 850 958 dp·
903 886 985 933 tatem
1007 875 1156 956 ejiciamus,
1178 890 1271 958 utpote
1292 876 1339 954 qui
1357 875 1434 936 nobis
1457 874 1544 955 magis
1561 894 1645 952 quam

77 994 123 1030 τον
139 970 184 1030 καὶ
194 970 308 1049 ίμοίτιον,
320 976 385 1049 ἡμῖν
400 972 427 1030 δὲ
442 975 527 1038 αὐτοῖς
540 971 666 1050 μεγίστην
678 967 851 1052 προαπστιθί-
866 980 885 1028 Ε
903 967 1006 1027 caeteris
1019 968 1147 1029 beneficia
1160 982 1326 1051 praestemus.
1345 966 1395 1026 His
1410 966 1482 1026 enim
1502 977 1654 1045 arpentum

80 1067 148 1139 μεθα
160 1061 246 1137 δόξαν,
262 1062 306 1122 καί
320 1063 352 1136 ἣν
367 1066 415 1122 οὐκ
425 1062 463 1121 ἔνι
473 1066 645 1144 παραστῆσαι
654 1063 733 1145 λόγῳ.
745 1062 790 1121 Τὰ
800 1060 851 1143 γλρ
902 1057 1009 1136 domm,
1020 1082 1127 1141 panem,
1142 1075 1253 1133 vestem,
1267 1060 1345 1120 nobis
1357 1080 1423 1121 vero
1436 1061 1584 1119 maximam
1598 1077 1646 1137 pe·

80 1152 193 1231 σώματα
218 1154 339 1236 όρθαρτα
353 1154 546 1227 ἀπολαόόντες,
560 1153 788 1233 ασυνδοξασόμεθα
805 1152 851 1212 καὶ
903 1173 995 1212 ramus
1017 1154 1146 1235 gloriam,
1168 1174 1229 1233 quae
1251 1173 1373 1214 sermone
1393 1138 1529 1232 explicari
1543 1149 1645 1230 nequit.

80 1245 327 1325 ουμόαοιλεόσομεν
340 1251 378 1327 τῷ
392 1248 514 1329 Χριστῷ·
527 1252 605 1307 τοῦτο
618 1246 646 1306 δὲ
662 1246 751 1318 ἡλίκον
771 1243 852 1318 ἐστὶν,
904 1247 974 1306 Nam
995 1247 1153 1328 corporibus
1175 1246 1300 1307 resumtis
1314 1244 1577 1327 incorruptibilibus,
1592 1263 1646 1301 una

80 1344 197 1399 ἐντεῦθεν
209 1340 346 1418 εἰσόμεθα,
367 1343 466 1417 μαλλον
486 1339 514 1400 δὲ
537 1344 626 1421 σαρῶς
642 1339 690 1420 μὲν
710 1338 852 1416 οὐδαμόθεν
905 1360 968 1399 cum
987 1339 1095 1402 Christo
1113 1334 1327 1420 glorificabimur
1339 1351 1365 1399 et
1380 1336 1563 1417 regnabimus.
1588 1335 1645 1396 lloc

81 1432 206 1509 εἰσόμεθα
220 1437 280 1490 νῦν·
305 1431 375 1491 ὥστε
393 1430 420 1490 δὲ
435 1432 487 1491 ἀπὸ
508 1436 560 1490 τῶν
574 1436 637 1511 παρ’
664 1437 728 1510 ἡμῖν
748 1433 852 1508 ἀγαθῶν
906 1446 1035 1509 quantum
1049 1433 1083 1492 sit
1102 1432 1166 1492 lrinc
1186 1430 1313 1508 sciemus,
1328 1430 1382 1490 into
1396 1429 1486 1509 potius
1500 1448 1645 1507 numquam

81 1523 244 1603 ἀναγθίντοις
258 1523 354 1604 μικρὰν
372 1529 433 1603 γοῦν
446 1547 506 1583 τινα
527 1528 605 1583 αὐτοῦ
625 1523 717 1584 λαόεῖν
737 1524 854 1595 ἔννοιαν,
905 1519 1057 1580 clarenunc
1074 1520 1196 1580 sciemus.
1211 1521 1250 1578 Ut
1271 1532 1360 1577 autem
1378 1541 1393 1578 a
1410 1518 1489 1581 bonis
1505 1516 1650 1595 illis„quae

80 1621 119 1683 ὡς
130 1616 160 1675 ἂν
174 1607 225 1683 οἶός
235 1640 263 1676 τε
278 1606 316 1687 ὦ,
330 1621 501 1696 παραστῆσαι
515 1618 678 1700 πειροίσομοιι
692 1616 722 1677 τὸ
743 1615 852 1696 εἰρημί-
905 1631 985 1692 penes
1002 1632 1051 1671 nos
1067 1626 1141 1690 sunt,
1156 1611 1199 1671 rel
1220 1609 1354 1669 tantillam
1375 1612 1433 1690 ejus
1451 1609 1491 1670 rei
1508 1609 1647 1689 capiamus

81 1732 135 1768 νον,
155 1708 224 1769 Εἰπὲ
238 1709 290 1789 γάρ
310 1732 372 1788 μοι,
388 1709 413 1766 εἴ
428 1732 467 1775 τις
482 1733 511 1769 σε
525 1709 692 1791 γεγηρακότα
705 1710 751 1769 χαλ
765 1710 854 1767 ἐνπε-
905 1699 1132 1780 111111Ηᾶ111,ᾳῦοἆ
1146 1703 1252 1762 (lictum
1275 1712 1324 1775 081,
1342 1719 1393 1779 pl'0
1410 1697 1486 1758 Virili
1499 1696 1648 1780 paiesaoel'e

81 1803 126 1884 νίςγ
138 1807 222 1871 ζῶντα
235 1803 413 1882 ἐπηγγέλλετο
426 1801 546 1883 ἐξαίφνης
555 1801 675 1874 ποιήσειν
688 1801 807 1874 νίψω),
818 1803 854 1867 εἰς
905 1791 1030 1853 conabor.
1047 1793 1100 1852 Dic
1111 1794 1182 1853 ellim
1196 1796 1265 1855 mibi
1276 1819 1282 1853 :
1293 1794 1315 1854 Sl
1333 1793 1393 1873 qlllS
1407 1790 1458 1851 libi
1468 1792 1527 1871 jam
1549 1786 1607 1849 Sffll
1622 1797 1648 1845 ei

82 1895 166 1966 αὐτὴν
179 1894 246 1963 ἄξειν
259 1901 305 1968 τῆς
319 1895 423 1967 ἡλικίας
436 1894 484 1968 τήν
497 1895 596 1975 ἀκμήν,
607 1895 653 1954 καὶ
665 1893 765 1978 ηρόδρα
779 1897 854 1974 tqu-
861 1882 935 1967 min
956 1898 1113 1966 paupertate
1132 1885 1236 1947 virenti
1260 1886 1432 1968 polliceretur
1458 1882 1526 1960 fore,
1548 1892 1578 1938 ut
1600 1897 1647 1937 rc-

82 1990 128 2069 ρδν
142 1989 188 2047 καί
201 1992 297 2070 ὡραῖον
311 1987 378 2070 ὑπὲρ
392 1987 510 2055 ἅπαντας
521 1987 735 2062 κατασκευάζειν,
746 1986 792 2047 καλ
806 1990 854 2066 βα·
871 1982 891 2028 Α
907 1992 985 2059 pente
1000 1980 1109 2059 juvenis
1130 1981 1208 2041 fieres
1221 1994 1248 2040 et
1268 1980 1296 2041 in
1317 1980 1384 2040 flore
1394 1975 1490 2049 artatis,
1505 1988 1531 2035 et
1544 1988 1570 2034 te
1589 1973 1648 2031 sor-

82 2080 184 2141 σιλείαν
198 2080 290 2139 δώσειν
300 2083 348 2150 τῆς
361 2082 409 2158 γῆς
427 2079 531 2152 ἇποίσης
547 2079 592 2138 ἐπὶ
607 2078 677 2140 ἔτεσι
690 2077 793 2159 χιλίοις,
807 2081 855 2157 βα·
907 2085 962 2130 tem
981 2071 1183 2152 formosumque
1203 2097 1259 2157 prae
1283 2075 1408 2136 omnibus
1430 2093 1458 2131 se
1479 2067 1651 2151 redditurum

82 2171 185 2231 σιλείαν
208 2171 313 2250 εἰρήνην
335 2170 444 2251 ἔχουσαν
460 2169 619 2249 βαθυτάτην,
632 2168 659 2229 τί
682 2171 728 2230 οὒκ
747 2167 857 2246 θνθπίρ
907 2185 973 2237 esse,
986 2170 1153 2249 regnumque
1169 2166 1252 2231 totius
1270 2171 1343 2231 orbis
1352 2169 1490 2240 daturum,
1499 2165 1589 2244 -idqtae
1601 2185 1651 2245 per

82 2259 183 2337 ταύτης
203 2267 250 2334 τῆς
268 2261 436 2343 θποσγέσεως
457 2259 527 2321 atton
544 2267 654 2335 ποιῆσαι
678 2261 724 2320 καὶ
748 2265 857 2333 παθεῑν;
908 2261 984 2321 mille
996 2260 1652 2345 annos,regnum,inquam,proiundissimapaee

83 2352 156 2414 Ἰδοθ
169 2352 253 2412 τοίνυν
266 2357 281 2411 ό
294 2354 408 2432 Χριστὸς
422 2352 479 2433 οὐχὶ
490 2346 591 2426 ταῦτα,
605 2353 674 2413 ἄλλα
692 2354 784 2434 πολλῷ
800 2351 858 2430 μιί-
908 2353 1016 2430 fruens3
1028 2354 1095 2433 quid
1108 2376 1158 2439 pro
1170 2369 1243 2416 tanta
1257 2355 1432 2437 promissione
1450 2373 1503 2414 non
1517 2349 1653 2432 agendum

83 2451 149 2514 ζονα
161 2443 259 2505 τούτων
270 2444 470 2524 ἐπαγγέλλεται.
489 2444 559 2505 Οὐδὲ
573 2443 627 2526 ,γδρ
642 2443 702 2536 depr
713 2444 801 2524 γήρως
812 2443 858 2504 καλ
910 2446 954 2506 vel
963 2446 1121 2527 patiendum
1129 2449 1297 2530 susciperes?
1309 2450 1378 2508 Ecce
1389 2446 1513 2507 Christus
1519 2465 1574 2504 uon
1583 2443 1652 2518 bato,

83 2537 206 2609 νεότητος
220 2537 250 2596 τό
261 2534 352 2615 μέσον,
362 2541 484 2596 τοσοῦτον
499 2541 595 2615 φθορᾶς
608 2535 653 2594 καί
668 2534 815 2616 ἀφθαρσίας
827 2534 859 2594 ab
910 2539 959 2599 sed
968 2539 1012 2599 his
1025 2540 1111 2600 multo
1125 2543 1227 2624 majora
1240 2542 1392 2623 pollicetur.
1404 2544 1497 2620 Neque
1508 2539 1580 2599 enim
1598 2553 1654 2599 tau·

83 2632 101 2687 δ
105 2629 225 2709 ισίφοροι·
238 2626 297 2689 οὐδὲ
321 2628 381 2687 ὅσοι
402 2625 537 2706 βασιλείας
550 2627 596 2686 καλ
616 2626 721 2700 πενίας,
735 2632 857 2687 τοσοῦτον
910 2647 969 2693 tum
978 2646 1019 2692 est
1030 2647 1193 2695 senectutem
1206 2634 1276 2694 inter
1285 2646 1312 2694 et
1318 2635 1488 2715 juventutem
1498 2631 1653 2703 discrimen,

83 2725 135 2791 τῆς
149 2720 223 2791 δοίης
236 2726 284 2792 τῆς
296 2717 441 2798 μελλούσης
455 2716 716 2800 καλτῆςπιροόσηε,
731 2720 789 2780 ἀλλ’
799 2718 858 2781 ὅσον
910 2741 1042 2807 qnantum
1062 2725 1131 2786 inter
1149 2728 1347 2808 comptiorem
1365 2740 1392 2786 et
1409 2719 1654 2805 incorruptibilita-

86 2813 230 2896 ὄιιιρᾶτιιι
247 2811 293 2872 ιιιιλ
309 2811 441 2884 dotetur.
911 2831 982 2897 tem3
996 2838 1082 2897 neque
1098 2832 1170 2877 tanta
1189 2817 1341 2878 differentia
1353 2831 1393 2877 est
1414 2816 1483 2875 inter
1501 2834 1616 2894 regnum
1628 2826 1655 2873 et

804 2942 808 2948 ·
910 2924 1105 2994 paupertatem,
1114 2924 1213 2990 quanta
1223 2908 1655 2991 tutergloriamsuturamupre-

912 3017 1029 3085 sentem3
1043 3002 1166 3071 sudsere
1183 3016 1283 3084 quanta
1304 3002 1374 3064 inter
1387 2999 1491 3063 somnia
1510 3013 1536 3061 et
1554 2999 1655 3064 verita-

911 3112 975 3160 tem.

130 3199 239 3255 Μᾶλλον
260 3194 288 3256 tt
308 3193 381 3255 οὐδὲν
402 3192 504 3253 οὐδέπω
520 3192 628 3273 εἰρηκα·
652 3189 711 3254 etet
731 3191 783 3275 γοίρ
803 3193 894 3256 iaetu
952 3193 1001 3253 to.
1014 3191 1074 3253 Imo
1094 3211 1158 3252 vero
1179 3190 1247 3251 nihil
1268 3189 1358 3252 adhuc
1379 3190 1459 3250 dixi:
1472 3189 1564 3249 nultus
1583 3188 1656 3248 enim

86 3290 165 3367 λόγος
187 3288 276 3355 ἱκανδς
296 3290 468 3366 παραστῆσαι
485 3285 516 3344 τό
537 3282 646 3363 μέγεθος
667 3285 861 3366 τῆςδιαφορᾶς
912 3306 1000 3348 termo
1015 3285 1100 3368 possit
1112 3284 1248 3346 declarare
1267 3297 1367 3364 quanta
1388 3284 1424 3343 sit
1444 3281 1595 3342 differentia
1614 3302 1657 3341 res

89 3385 143 3441 τῶν
165 3380 295 3458 ἐσομένων
318 3378 384 3457 πρὸς
405 3377 439 3437 τό
457 3376 590 3460 παρόντα·
613 3376 709 3459 χρόνου
726 3375 754 3437 δὲ
774 3376 861 3438 ἰνεκιν
911 3377 1017 3437 flaturas
1040 3376 1109 3436 inter
1123 3389 1148 3436 et
1160 3389 1302 3457 praescntcs
1312 3398 1321 3451 γ
1334 3373 1408 3454 quod
1422 3372 1458 3433 ad
1471 3387 1577 3454 tempus
1592 3391 1660 3433 vero

89 3471 150 3533 otti
168 3471 234 3538 όλοις
256 3470 325 3530 ἔστιν
346 3473 466 3541 ἐννοῆσαι
486 3469 622 3549 διαροροίν.
639 3470 702 3536 Πῶς
712 3466 764 3551 γὰρ
777 3469 808 3527 ἄν
820 3493 861 3538 τις
913 3467 1025 3551 spectat,
1031 3489 1065 3529 ue
1075 3467 1188 3548 cogitari
1197 3467 1309 3547 quidem
1322 3481 1407 3548 potest
1420 3464 1573 3525 discrimen.
1583 3463 1659 3537 Quo-

89 3562 242 3642 παραόαλοι
251 3569 305 3630 τοῖς
317 3567 430 3642 παροῦσι
445 3559 513 3632 ζωὴν
524 3559 598 3628 τέλος
607 3562 654 3619 οὐκ
663 3559 790 3639 {paoem
803 3561 862 3632 Τῆς
913 3555 1660 3641 modocnimquisoompararepraesmtibuspotesttitam

90 3654 119 3712 δὲ
144 3654 248 3734 εἰρήνης
271 3657 392 3713 τοσοῦτον
416 3652 447 3713 τό
468 3651 547 3730 μέσον
570 3652 635 3733 πρὸς
654 3651 702 3724 τὴν
717 3658 861 3732 παροῦσαν,
914 3651 995 3712 linem
1010 3671 1063 3711 non
1074 3649 1236 3712 habentem?
1245 3652 1304 3710 Pax
1314 3671 1377 3710 vero
1388 3648 1436 3708 illa
1450 3661 1555 3707 tentum
1567 3646 1659 3708 differt

90 3745 150 3806 ὅσον
163 3746 267 3827 εἰρήνης
278 3744 447 3823 καὶπολέμου
458 3742 633 3824 τὸδιοίρορον·
647 3744 693 3802 καί
703 3748 751 3816 τῆς
761 3745 860 3823 ἀρθαρ·
914 3746 1077 3827 apraesenti,
1092 3759 1224 3825 quantum
1239 3765 1293 3825 pax
1306 3766 1321 3802 a
1335 3744 1424 3820 bello;
1439 3757 1467 3804 et
1479 3744 1515 3804 ab
1531 3745 1658 3805 incorru-

90 3838 165 3913 σίας,
190 3837 249 3896 όσον
275 3836 361 3917 βώλου
387 3834 499 3907 πηλίνης
524 3839 539 3895 ό
564 3835 677 3916 καθαρός
697 3835 862 3916 μαργαρίτης
914 3838 1062 3920 ptibilitate
1073 3836 1222 3919 corruptio,
1231 3849 1363 3915 quantum
1376 3857 1391 3895 a
1404 3835 1481 3915 gleba
1491 3834 1575 3914 lutea,
1590 3857 1660 3917 pura

91 3928 223 4008 ἀμείνων·
239 3930 338 4006 μᾶλλον
357 3926 384 3986 δὲ
403 3926 463 3987 όσον
483 3925 514 3983 ἂν
535 3927 595 4006 είπῃ
610 3949 668 4001 τις,
689 3926 761 3986 οὐδὲν
775 3948 863 4007 παρα·
915 3928 1074 4008 margarita5
1093 3928 1149 3989 imo
1165 3926 1311 3987 discrimen
1325 3947 1403 3986 neruo
1412 3925 1550 4006 explicare
1562 3927 1657 4008 possit.

91 4025 190 4092 στῆσαι
204 4020 352 4092 δυνήσεται.
378 4018 435 4079 Κᾶν
450 4017 501 4098 γὰρ
515 4023 554 4099 τῷ
568 4022 616 4090 τῆς
629 4021 733 4085 ἀκτῖνος
744 4016 865 4098 παραόοί-
917 4022 976 4082 Etsi
993 4020 1066 4081 enim
1085 4020 1162 4079 illam
1186 4040 1330 4100 corporum
1347 4017 1579 4098 pulchritudinem
1596 4041 1660 4079 cunr

90 4118 131 4172 λω
144 4112 210 4193 φαντὶ
224 4112 255 4171 τὸ
268 4111 364 4178 κᾶλλος
377 4113 429 4170 τῶν
444 4108 503 4168 τότε
517 4107 659 4188 σωμάτων,
675 4108 725 4168 κᾶν
739 4112 863 4190 ἀστραπῇ
917 4113 988 4174 radii
1008 4113 1067 4172 lucc
1087 4112 1129 4174 rel
1142 4111 1291 4171 clarissimo
1307 4111 1416 4189 fulgure
1429 4111 1574 4181 conferam,
1590 4110 1661 4171 nihil

92 4210 126 4284 τῆ
149 4203 300 4286 pararito,
321 4202 394 4262 οὐδὲν
411 4201 512 4262 οὐδέπω
534 4207 581 4274 τῆς
593 4200 781 4280 λαμπρότητος
794 4199 865 4270 ἄξιοι
881 4219 900 4267 c
917 4205 1059 4289 splendore
1068 4206 1126 4286 ejus
1136 4205 1251 4285 dignum
1263 4203 1390 4263 dixerim.
1401 4203 1454 4262 Pro
1467 4202 1585 4264 hisvero
1596 4217 1663 4283 quot

93 4297 194 4368 ἐκείνης
214 4299 274 4376 ἐρῶ.
296 4292 380 4373 Ὑπὲρ
395 4292 427 4365 δὴ
443 4293 624 4354 redemendo«
643 4291 770 4360 οὐκᾶξιον
782 4291 864 4371 προέ-
917 4298 1057 4380 pecunias,
1079 4310 1144 4376 quot
1162 4317 1291 4378 corpora,
1309 4295 1364 4354 imo
1382 4315 1446 4355 vero
1471 4309 1535 4375 quot
1559 4295 1663 4355 animas

93 4393 155 4445 σθαι
169 4387 214 4445 καί
227 4386 355 4467 χρήματα
369 4385 415 4444 καὶ
430 4385 560 4462 σώματα,
576 4385 676 4461 μᾶλλον
686 4381 713 4442 δί
724 4383 807 4450 πόσας
818 4386 866 4443 οὒιι
919 4390 1038 4472 prolerre
1054 4388 1170 4469 dignum
1183 4406 1236 4447 non
1250 4386 1349 4446 fueriti*
1363 4388 1441 4447 Nunc
1461 4401 1551 4447 autem
1564 4387 1587 4447 si
1601 4386 1663 4467 quis

94 4478 165 4546 ἄξιοι
179 4479 305 4557 προέσθαι
317 4477 419 4558 ψυχάς
432 4480 508 4537 ΙΝῦν
521 4476 568 4555 μὲν
580 4479 604 4535 εἰ
617 4475 666 4554 μίν
677 4476 717 4543 τίς
727 4498 757 4534 σι
768 4479 804 4542 εἰς
816 4479 866 4554 βα·
918 4496 946 4541 te
965 4483 993 4541 in
1012 4480 1114 4561 regiam
1137 4479 1285 4551 induceret,
1301 4493 1510 4560 procuraretque
1523 4494 1553 4540 nt
1573 4502 1663 4542 coram

95 4569 180 4629 σίλεια
197 4573 301 4650 εἰσῆγε,
318 4570 363 4628 καί
376 4569 482 4628 πάντων
494 4568 632 4646 παρόντων
644 4566 816 4648 διαλεχθῆναί
825 4589 867 4627 σοι
920 4573 1045 4633 omnibus
1059 4593 1108 4633 rex
1126 4585 1217 4632 tecum
1230 4571 1435 4651 colloqueretur,
1448 4586 1474 4633 et
1488 4573 1569 4632 nnius
1589 4594 1664 4633 men·

95 4661 335 4741 repententes
350 4659 478 4741 βασιλέα,
491 4659 537 4719 καλ
550 4657 729 4741 ὁμοτράπεζοι
743 4657 789 4719 >rot
805 4663 869 4737 ὁμο-
921 4685 957 4725 sae
966 4677 1116 4724 consortem
1125 4663 1234 4740 ficeret,
1245 4676 1271 4722 te
1280 4663 1401 4722 omnium
1411 4663 1598 4722 felicissimum
1608 4684 1665 4723 esse

95 4753 194 4812 δίαιτον
219 4753 303 4814 ἐποίει
320 4756 407 4833 αὐτῷ,
423 4750 529 4810 πόντων
546 4751 578 4809 ἂν
599 4752 662 4833 ἔφης
683 4751 779 4812 σαυτόν
800 4741 868 4811 εἶναι
922 4754 1023 4815 dioeres
1034 4775 1111 4816 :cum
1124 4754 1153 4814 in
1174 4754 1270 4814 caelum
1287 4766 1377 4813 autem
1401 4774 1559 4813 ascensurus
1573 4754 1621 4827 sia,
1634 4774 1665 4813 ac

95 4845 308 4928 μακαριώτερον·
323 4848 360 4912 εἰς
374 4842 401 4903 δὲ
415 4844 459 4903 τὸν
474 4843 580 4923 οὐρανόν
592 4842 696 4920 μέλλων
707 4842 869 4928 όναόαίνιιν,
923 4848 1181 4910 cumuniversorum
1193 4851 1267 4926 Rege
1276 4860 1438 4923 versaturus,
1447 4847 1589 4928 splendore
1599 4867 1666 4910 cum

96 4937 141 4996 καί
158 4941 221 5016 παρ’
248 4936 325 4995 αὐτόν
339 4935 446 4995 ἑστάναι
463 4934 508 4993 τόν
522 4937 575 4992 τῶν
591 4932 659 4992 ὅλων
676 4934 803 5013 βασιλέα,
824 4934 869 4994 καλ
924 4940 1026 5021 angelis
1042 4953 1192 4999 certaturus
1212 4951 1241 4997 et
1257 4937 1387 4997 ineffabili
1411 4937 1498 5016 gloria
1521 4938 1664 5017 fruiturus,

96 5029 270 5107 destitissent
295 5037 350 5093 τοῖς
373 5023 558 5106 &filotomi
583 5029 630 5095 ιῆς
654 5023 804 5105 &militet
824 5025 871 5084 δι’·
924 5032 1032 5092 baesitas
1045 5052 1079 5090 an
1093 5032 1146 5091 sint
1164 5028 1332 5090 effundende
1354 5029 1486 5109 pecunias,
1504 5050 1566 5089 cum
1588 5051 1667 5112 opor·

96 5122 141 5195 ἕης
168 5120 310 5180 ἅπιλαῦειι
329 5118 448 5193 imitat,
476 5115 673 5197 ”deetsstlllttt
696 5119 719 5175 ιλ
747 5118 784 5176 δεῖ
804 5141 870 5200 προ·
926 5135 1003 5202 terct,
1018 5121 1067 5184 rel'
1076 5121 1098 5181 si
1108 5122 1195 5203 ipsam
1205 5121 1290 5181 vitam
1301 5118 1433 5201 deponere
1444 5120 1566 5202 deberes,
1576 5122 1668 5184 exsul-

130 5276 193 5339 ³[d.
207 5281 387 5342 αυνόσξαζόμιθα
400 5283 436 5328 καὶ
454 5276 665 5342 ουμόασιλτὺομτν.]
944 5283 958 5320 λι
973 5283 1032 5331 llaec
1051 5296 1128 5345 usque
1147 5277 1180 5328 ad
1192 5281 1360 5343 ἀποδύσασθαι,
1371 5274 1460 5329 vittata
1478 5277 1504 5332 in
1523 5275 1627 5345 llorel„
1638 5293 1670 5330 ex

131 5369 142 5392 ¹
160 5363 196 5405 νῦν
204 5364 247 5419 μιν
259 5370 347 5406 ornnes
357 5365 447 5420 preter
458 5352 557 5417 llorel,
570 5355 613 5421 qui
624 5352 702 5405 habet
714 5359 750 5406 νῦν
762 5357 793 5407 tr.
911 5347 968 5398 list·
980 5343 1112 5398 emendata
1124 5356 1191 5397 sunt.
