3742 5970
310 384 381 475 3l⁰

1025 400 1158 449 srt'tttt.

308 550 371 589 rum
378 528 512 611 optlmum
521 526 640 585 esseDel
650 520 1050 614 reeordationemhlancexper-
1066 528 1087 579 ο·
1104 528 1150 583 τοῦ
1175 520 1298 605 Πατρὸς,
1311 520 1345 581 ὸι1
1363 510 1395 581 uh
1405 520 1442 581 τὸ
1452 520 1549 581 πάντα
1560 520 1681 601 ογίνετο.
1697 524 1792 583 Λοιπὸν
1800 530 1867 593 reli<

309 622 355 668 tus
364 608 521 667 memoriam
530 603 788 687 propbeta,ejusque
797 601 951 675 utilitatem,
959 621 1051 661 omm-

311 685 643 765 umoblitusroluptatum
656 703 687 743 ac
697 682 917 753 delectationum,
931 681 1051 740 utetiam

161 776 229 821 Psut·
247 786 284 834 70-
312 762 1051 845 decomedendopauenoncogitaret,dicebat=Domiue,

161 902 202 959 pt.

163 840 198 881 ¹⁴³·
209 849 233 883 ²¹¹
249 834 302 883 ¹¹⁸·
312 849 496 905 memorabor
502 845 625 923 justitie
636 854 693 901 tuoe
702 843 806 913 solius,·
819 854 856 918 et,
869 842 938 899 Non
950 840 1052 899 obliui-

311 924 635 1063 scorjustpcmionum
658 934 784 979 tuarum.
807 919 896 1057 lipp‘ps
916 919 1051 979 memoria

311 1004 428 1063 utilitate
500 1002 612 1061 rehensa
632 1012 658 1059 et
680 1000 821 1077 degustata
863 998 948 1057 ‘ecbat
969 998 1052 1057 etiam

313 1083 450 1173 apiostolus
465 1024 633 1154 dimotum
649 1080 754 1139 necilli
777 1092 892 1151 tantum,
905 1076 953 1137 sed
970 1077 1051 1137 etiam

1104 604 1132 661 ίν
1143 604 1214 683 άργῆ
1228 599 1361 679 τοῦλόγου
1374 592 1460 673 εἷπον,
1473 598 1518 659 ότι
1532 600 1649 660 πάντων
1662 605 1718 660 τῶν
1732 606 1811 663 καλοῦν
1819 607 1868 664 ada·

1104 683 1161 741 λιον
1181 668 1213 741 dl
1236 679 1508 759 prenuntiaverat.
1525 678 1646 753 Ταύτης
1669 685 1719 751 τῆς
1743 684 1869 761 puppis

1104 760 1186 841 πείρᾳ
1197 761 1335 839 γενόμενος
1352 764 1368 819 ὸ
1384 760 1545 840 προφήτης,
1559 760 1610 818 καὶ
1629 760 1683 831 τὴν
1697 762 1725 829 ἐξ
1735 766 1809 833 τὸτῆς
1818 764 1869 843 ispi·

1104 842 1178 899 λειαν
1192 838 1391 919 ίπιλαύόμενος,
1401 840 1514 898 πάντων
1530 840 1644 911 ἡδονῶν
1657 863 1688 898 τε
1703 840 1750 899 καὶ
1767 845 1811 899 ain
1827 867 1869 923 τερ-

1104 923 1177 978 πνῶν
1191 918 1283 998 ὥσπερ
1292 918 1493 997 ίπιλαθόμενος,
1501 916 1560 985 ἕως
1573 918 1625 978 atel
1634 924 1686 979 τοῦ
1695 930 1784 999 ραγεῖν
1795 923 1870 1001 τὸνίρ

1104 1020 1161 1071 τον,
1174 998 1264 1077 ἴλεγε·
1276 998 1375 1079 Κύριε,
1393 997 1600 1076 μνησθήσομαι
1610 1002 1664 1069 τῆς
1679 999 1870 1069 δικαιοούνιςοοι

1105 1076 1198 1154 μόνου·
1218 1079 1281 1149 καί,
1306 1081 1347 1137 Οὐ
1374 1077 1412 1155 μὴ
1435 1077 1624 1155 ἐπιλάθωμαι
1639 1082 1696 1136 τῶν
1716 1080 1869 1157 δικαινηιείτοι

161 1190 184 1219 2.
200 1178 259 1221 Tim.
269 1188 292 1220 a.
313 1163 402 1221 cistris
425 1161 528 1221 bomini
541 1182 549 1218 ε
563 1162 678 1218 Memor
693 1172 754 1218 esto
770 1160 931 1217 Dominum
949 1158 1062 1216 Jesum·
1105 1178 1160 1217 ow.
1174 1158 1233 1227 Τῆς
1253 1156 1376 1228 τοιαύτης
1389 1157 1504 1234 μνήμης
1519 1154 1575 1227 τὸν
1591 1156 1728 1236 ιὀρέλειαν
1747 1162 1789 1219 καὶ
1799 1160 1869 1221 tat

314 1244 464 1301 Christum
474 1243 666 1300 resurrexisse
680 1259 701 1297 a
714 1241 845 1297 mortuis.
860 1241 898 1295 Ac
941 1234 1053 1295 uemad·

312 1320 424 1380 modum
440 1320 473 1393 is,
485 1320 534 1398 qui
547 1318 704 1377 thesaurum
718 1316 799 1376 babet
823 1256 1013 1375 absconditum
1023 1314 1052 1373 in

312 1398 430 1480 quodam
451 1399 518 1473 loeo,
532 1396 645 1457 inomni
658 1397 734 1470 bora,
748 1396 793 1455 die
805 1416 837 1455 οο
848 1408 925 1455 noete
935 1408 1052 1453 mentem

311 1476 393 1537 babet
410 1477 467 1536 illie
487 1500 516 1536 re
566 1476 643 1551 itam,
666 1489 694 1535 et
717 1475 793 1554 quasi
805 1476 876 1534 ferro
887 1473 995 1534 vinetus
1011 1472 1053 1534 ibi

312 1570 410 1633 manet,
425 1576 473 1614 nec
486 1498 694 1615 vuloininimum
707 1576 722 1613 a
735 1555 793 1614 loco
807 1552 938 1628 abscedit,
953 1566 983 1611 ut
993 1554 1052 1611 Do-

1106 1236 1198 1302 οτολος
1207 1234 1290 1316 εθριὸν
1301 1237 1346 1295 καί
1354 1236 1525 1315 γευσάμενος
1536 1236 1648 1314 ἔλεγεν,
1660 1238 1692 1297 ού
1701 1240 1766 1316 πρὸς
1773 1238 1869 1315 Τιμόθεον

1107 1314 1195 1391 μόνον,
1216 1314 1285 1374 α’λλὸι
1297 1316 1361 1394 πρὸς
1370 1315 1463 1374 πάντα
1476 1316 1646 1397 ἄνθρωπον,
1667 1318 1868 1397 Τιμοθίιρῖίγνο·

1107 1392 1264 1471 Μνημόνευε
1278 1394 1394 1472 Χριστὸν
1412 1394 1526 1466 Ἰησοῦν
1546 1394 1736 1475 ἐγηγερμένον
1751 1401 1868 1478 ἐνναρῦν.

1105 1472 1160 1532 liet
1170 1472 1287 1555 ὥσπερὸ
1300 1473 1371 1552 ἔχων
1383 1473 1529 1553 θησαυρὸν
1546 1476 1577 1533 ἐν
1591 1475 1649 1532 τινὶ
1660 1474 1736 1556 τόπῳ
1752 1478 1868 1559 ιειρομρί·

1104 1573 1159 1626 νον,
1180 1562 1267 1612 πᾶσαν
1290 1552 1371 1632 ὥραν,
1385 1552 1497 1634 ἡμέραν
1511 1576 1548 1611 τε
1565 1554 1618 1612 καί
1639 1552 1725 1613 νύκτα
1741 1555 1793 1623 ύκος
1808 1562 1869 1624 tute

162 1650 300 1715 lucanos.
312 1637 402 1695 minus
430 1636 484 1694 ait:
500 1638 557 1695 toi
574 1636 739 1707 thesaurus,
761 1638 802 1692 ihi
824 1645 867 1693 est
891 1645 918 1691 et
938 1634 1184 1709 corve-mamm
1202 1633 1257 1691 ixei
1269 1633 1342 1705 ἐστι,
1359 1632 1405 1691 καὶ
1419 1632 1522 1711 ὥσπερ
1538 1656 1586 1699 τις
1605 1636 1870 1717 σνδηροὸέσμιοςτιρο-

310 1730 420 1775 strum:
436 1715 475 1773 sic
488 1715 535 1793 qui
546 1713 681 1773 desiderat
696 1713 771 1771 illam
791 1714 906 1794 speeiem
913 1725 939 1769 et
951 1710 1051 1769 adren-
1068 1728 1089 1773 Α
1107 1710 1195 1788 μένει,
1209 1712 1255 1770 καὶ
1266 1710 1324 1771 οὔτε
1337 1710 1387 1771 κᾶν
1399 1710 1495 1813 βραγὸ
1513 1716 1568 1770 τοῦ
1582 1712 1674 1773 τόπου
1689 1714 1862 1793 &plurmum

310 1808 370 1855 tum
391 1794 504 1853 caelestis
517 1794 619 1873 sponsi,
635 1814 740 1872 semper
754 1792 829 1851 illius
842 1804 947 1849 mutum
958 1812 1050 1848 recor-

309 1872 400 1950 datur,
413 1873 508 1931 divino
520 1893 611 1930 amore
623 1885 650 1930 et
668 1871 816 1931 insatiabili
835 1869 969 1929 desiderio
980 1870 1051 1928 alle-

311 1951 509 2089 ctusppsallens
522 1972 627 2031 semper
639 1971 701 2010 cum
725 1972 802 2011 sacro
815 1950 954 2031 psalmista
965 1948 1051 2008 Davi·

1105 1788 1157 1856 θὼς
1168 1789 1238 1850 καθὸ
1251 1791 1346 1870 Κύριος
1363 1780 1453 1864 εἶπεν,
1478 1794 1571 1851 Οπου
1582 1796 1599 1850 ὸ
1610 1796 1763 1873 θησαυρὸς,
1775 1798 1817 1855 ἐκεῖ
1830 1796 1861 1853 ί.

1105 1870 1150 1928 καί
1162 1870 1287 1967 ἡγκαρὸία
1296 1873 1370 1971 ὑμῶν
1381 1894 1388 1907 ·
1399 1868 1476 1969 ούτρι
1488 1870 1544 1930 καὶ
1560 1874 1578 1930 ὸ
1591 1875 1737 1951 ἐπιθυμοῦν
1751 1876 1870 1945 brianci-ic

1105 1951 1265 2028 ίιραιοτητος
1278 1972 1324 2008 και
1334 1954 1382 2021 τῆς
1395 1954 1541 2018 ἐλεύσεως
1554 1956 1608 2011 τοῦ
1620 1955 1773 2032 ἐπουρανίου
1780 1954 1870 2047 sappiri,

159 2030 378 2104 t’sut.76.h.de,r
403 2052 483 2089 emor
497 2032 553 2113 sui
564 2034 622 2089 Dei
638 2043 666 2089 et
677 2030 839 2089 delectatus
851 2050 926 2089 stttrt.
941 2028 999 2087 lloc
1024 2042 1051 2087 et
1105 2028 1146 2087 ἀεὶ
1161 2027 1344 2088 αύτοῦίκείνου
1356 2029 1441 2107 μόνου
1454 2030 1650 2107 μνημονεύει,
1660 2034 1870 2111 ἑλκόμενοςὸποτνῖ

158 2126 298 2185 tunsum.
310 2110 445 2170 Dominus
457 2110 585 2189 praeepit
608 2110 687 2168 nobis
698 2106 809 2167 dicens:
827 2111 894 2167 Iloo
905 2110 1006 2189 facite
1018 2111 1051 2165 in
1106 2107 1175 2167 θείου
1198 2106 1293 2185 ἔρωτος
1308 2108 1353 2167 καὶ
1368 2110 1419 2177 τῆς
1445 2109 1612 2187 ἀκορέστου
1634 2112 1857 2193 ἐπιθυμίας,ψ”“

160 2578 196 2619 18.

309 2211 405 2248 meam
421 2193 733 2248 commemorationem.
749 2188 835 2249 Vides
847 2185 1052 2266 quomodorult

309 2269 453 2341 Dominus,
463 2281 492 2326 ut
501 2288 606 2348 semper
615 2268 658 2327 sui
666 2266 983 2326 memoriamliabmmus.
994 2270 1053 2325 hle·

309 2368 397 2406 mures
411 2368 474 2427 ergo
487 2368 592 2427 semper
610 2347 696 2405 simus
708 2345 770 2417 Dei,
792 2360 924 2424 quotquot
950 2346 1052 2405 Christi

309 2441 428 2485 amantes
446 2447 550 2499 sumus,
567 2447 616 2485 nee
632 2426 690 2507 ejus
706 2424 913 2500 obliviscamur,
927 2444 960 2482 ne
973 2425 1052 2484 nobis

309 2586 502 2664 dereliquisti,
516 2595 544 2641 et
566 2584 674 2643 ohlitus
683 2605 713 2643 es
725 2585 783 2642 Dei
794 2588 845 2663 qui
866 2597 894 2642 te
914 2588 1048 2643 nutriuit.

309 2664 364 2723 Sed
379 2663 428 2721 Dei
439 2661 573 2721 recordari
585 2683 638 2721 non
650 2684 790 2735 oessemtu,
801 2675 827 2721 et
836 2662 1051 2721 assidueclamo·

1107 2186 1149 2246 ἀεὶ
1164 2188 1291 2263 μετὸτοῦ
1306 2188 1473 2268 ίεροψάλτου
1491 2190 1592 2249 heroid
1628 2191 1678 2261 τὸ,
1704 2192 1870 2269 Ἔμνήοθηντοῖ

1105 2268 1192 2338 θεοῦ,
1207 2266 1253 2326 καί
1265 2266 1429 2347 ηύρράνθην.
1446 2267 1549 2329 Τοῦτο
1558 2271 1612 2329 καὶ
1627 2277 1644 2331 ὸ
1658 2271 1753 2351 Κύριος
1766 2272 1870 2332 utendus

1105 2351 1170 2421 ἡμῖν
1184 2347 1282 2426 λέγων·
1298 2349 1386 2405 Τοῦτο
1406 2357 1523 2408 ποιεῖτε
1539 2354 1582 2417 εἰς
1599 2350 1653 2423 τὴν
1677 2352 1743 2429 ἐμὴν
1756 2354 1869 2429 ἀνάμνησιν.

1105 2422 1189 2504 Ὁρᾷς
1208 2430 1265 2492 πῶς
1286 2426 1513 2504 μνημονεύεσθαι
1528 2429 1611 2489 θέλει
1625 2434 1694 2510 παρ’
1705 2436 1776 2510 ἡμῶν
1792 2434 1870 2490 uuit

159 2514 282 2561 lunum.
309 2506 541 2585 Spiritussanctus
555 2505 727 2584 improperet,
743 2506 839 2563 Deum
852 2509 904 2584 qui
917 2509 1052 2583 tegenuit
1105 2504 1214 2583 Κύριος,
1229 2508 1290 2577 Μνη
1313 2506 1473 2584 ονεύσωμεν
1494 2499 1547 2567 οῦν
1576 2510 1751 2591 ριλόχριοτοι
1772 2518 1808 2571 τοῦ
1824 2513 1869 2569 θεοῖ

1105 2583 1235 2658 πάντοτε,
1260 2530 1313 2644 καθ’
1326 2583 1365 2661 μί,
1387 2586 1624 2665 ἐπιλαθώμεθα,
1646 2590 1692 2649 ἵνα
1716 2592 1752 2668 μί,
1774 2590 1809 2649 καί
1822 2596 1869 2665 spa

1105 2662 1220 2742 ὀνειδίσῃ
1234 2664 1265 2722 τὸ
1278 2666 1391 2742 Πνεῦμα
1403 2665 1441 2724 τὸ
1456 2666 1555 2746 ἅγιον,
1569 2668 1617 2728 ὅτι
1628 2670 1703 2729 θεὸν
1714 2672 1756 2729 τὸν
1767 2672 1868 2748 perieu-

157 2750 297 2817 εναοοηε.
309 2762 369 2801 mus
379 2756 517 2823 precantes
527 2756 558 2800 ut
570 2741 629 2822 ipse
641 2763 744 2800 memor
756 2741 840 2799 nostri
852 2742 905 2801 sit:
920 2744 1052 2800 Memen-
1105 2741 1139 2799 τοί
1154 2764 1184 2800 οε
1197 2742 1367 2821 ίγνιατελιπες
1377 2789 1385 2816 ,
1397 2744 1451 2802 nal
1465 2748 1617 2807 ἐπελάθου
1631 2752 1706 2809 Θεοῦ
1719 2756 1762 2809 τοῦ
1773 2750 1869 2831 πρίοοοίς

309 2836 340 2881 to
360 2826 462 2893 nostri,
485 2823 624 2892 Domine,
647 2842 714 2879 eum
734 2825 850 2880 ueneris
870 2824 903 2878 in
929 2841 1050 2901 regnum
1106 2843 1144 2880 σε.
1158 2820 1238 2880 uult
1252 2821 1359 2898 τοῦμὲν
1377 2826 1576 2901 μνημονεύειν
1592 2832 1670 2889 Θεοῦ
1685 2816 1868 2907 μὴτεντύμιθο.

308 2915 400 2961 tuum
414 2902 451 2960 Ut
464 2913 554 2958 utitem
564 2899 677 3037 palulum
692 2922 733 2959 res
744 2914 782 2959 est
793 2920 899 2979 semper
914 2900 1050 2959 meminis·
1069 2903 1087 2949 B
1106 2899 1152 2958 καὶ
1163 2899 1230 2981 ὑπὲρ
1241 2910 1287 2961 τοῦ
1299 2910 1532 2978 μνημονευθῆναι
1550 2913 1651 2985 ἡμῶν,
1667 2912 1740 2968 utet»
1751 2908 1868 2989 κρίζεινμη

154 4241 193 4300 ci.

159 4480 225 4525 11·.8.
243 4496 277 4529 ta.

308 3001 338 3039 se
350 2982 401 3039 Dei
425 2978 461 3037 ob
474 2977 569 3038 insatia
591 2978 653 3037 ilem
668 2978 746 3039 illam
761 2977 897 3037 letitiam:
909 2980 948 3038 sie
970 2978 1051 3038 etiam

308 3079 437 3137 magnum
450 3058 557 3117 lucrum
571 3071 597 3116 et
612 3058 715 3117 utilitas
726 3057 830 3118 aceedit
846 3078 881 3116 ex
893 3058 1051 3139 hujusmodi

308 3138 448 3215 memoria,
466 3158 519 3196 non
541 3136 623 3196 modo
635 3158 727 3197 rerum
750 3138 884 3213 laetarum,
909 3137 1050 3197 sedetiam

307 3217 426 3276 tristium
438 3231 465 3276 et
478 3216 651 3275 adversarum
661 3240 668 3272 ε
677 3216 773 3276 barum
788 3217 888 3299 qnippe
900 3216 1050 3278 recordatio

308 3317 453 3356 memorem
466 3296 550 3355 elficit
563 3296 701 3355 meliorem
715 3312 741 3355 et
754 3296 1049 3375 diligentioremQua·

308 3398 369 3435 rum
380 3398 468 3435 rerum
483 3376 612 3449 tristium,
624 3376 745 3454 inquies?
759 3378 818 3435 Non
829 3379 945 3454 ignoras,
959 3391 989 3435 ut
996 3398 1051 3457 pu-

307 3470 347 3524 to,
359 3469 384 3513 ct
397 3455 504 3513 edoceri
529 3456 625 3535 cupis?
642 3456 714 3513 hredi
728 3477 764 3515 ex
778 3455 870 3513 uiuitis
904 3476 990 3528 taurea,
1002 3455 1049 3514 di-

310 3534 372 3592 vitis
386 3534 448 3591 torti
471 3533 636 3592 miserabiles
653 3555 730 3592 voces
740 3534 776 3591 ad
789 3478 945 3622 hospitatione
960 3535 1051 3592 Abra-

308 3613 419 3670 bamum
431 3612 551 3681 emissus,
564 3613 609 3689 qui
623 3612 700 3670 dires
713 3614 748 3670 ob
764 3612 891 3671 duritiem
908 3634 984 3670 suam
997 3634 1049 3673 non

308 3692 396 3781 potuit
410 3690 573 3748 horrendum
584 3692 663 3749 illum
676 3692 779 3751 hiatum
788 3693 960 3771 pertransire,
970 3714 1050 3770 quem

310 3772 361 3850 ipsi
375 3769 477 3829 suderat
488 3770 571 3827 animi
590 3770 724 3829 durities:
739 3771 917 3848 similiterque
931 3772 1051 3850 quinque

308 3852 443 3908 ίιιῑιιειτοιιι
456 3849 594 3928 virginum
607 3850 773 3929 exemplum,
799 3872 867 3928 quas
884 3852 956 3928 quod
969 3853 1050 3911 mise-

308 3928 424 3988 ricordia
439 3942 568 4003 carerent,
593 3949 707 4009 sponsus
726 3952 761 3988 ex
772 3929 891 3990 thalamo
912 3930 1049 3990 exclusit:

306 4007 405 4067 deinde
416 4028 519 4066 ¹eorum
540 4007 586 4085 qui
600 4030 616 4066 a
631 4008 747 4067 sinistris
761 4022 840 4068 ertint
859 4011 1049 4090 opprobrium,

1105 2978 1271 3057 ὀκνήσαιμεν·
1284 2982 1430 3052 Μνηοθητι
1442 2987 1544 3061 ἡμῶν,
1561 2986 1668 3067 Κύριε,
1682 2972 1744 3047 azio
1754 2990 1867 3067 θθηςίντῇ

1107 3060 1230 3140 βασιλεία
1256 3082 1313 3119 σου.
1334 3058 1451 3139 Ὥσπερ
1472 3061 1505 3121 δὲ
1534 3068 1628 3127 καλὸν
1649 3068 1808 3147 μνημονεύειν
1822 3068 1868 3126 (lui

1106 3138 1150 3195 διὸ
1169 3138 1217 3209 τὴν
1237 3138 1377 3219 ἀκόρεστον
1401 3141 1519 3215 ἐκείνην
1537 3146 1722 3245 εὖφροούνην,
1741 3146 1800 3207 dm
1814 3145 1867 3203 talu

1107 3216 1175 3296 μέγα
1189 3216 1279 3294 κέρδος
1290 3218 1334 3277 καὶ
1348 3221 1371 3278 ὠ
1391 3220 1490 3280 έλειαν
1504 3223 1573 3303 ἔχοι
1588 3250 1623 3285 αν
1636 3233 1654 3298 ἡ
1671 3225 1807 3304 pontimi
1816 3224 1867 3301 μόνον

1105 3301 1157 3355 τῶν
1172 3302 1289 3376 τερπνῶν
1311 3298 1357 3356 καί
1373 3243 1488 3359 λοιπῶν
1504 3312 1689 3404 χαροποιῶν,
1705 3306 1769 3365 dli-h
1784 3308 1819 3365 καὶ
1833 3307 1867 3360 rin

1106 3382 1267 3457 σκυθριννπῶν
1283 3378 1328 3436 καὶ
1338 3378 1485 3458 λυπηρῶν.
1500 3384 1564 3442 Kar
1580 3385 1639 3466 γὰρ
1655 3390 1710 3445 τῶν
1729 3385 1829 3445 τοιούτων
1839 3385 1866 3440 ἓν·

1104 3464 1171 3513 νοεῖν
1199 3456 1369 3535 βελτιώτερον
1399 3463 1604 3541 ἀπεργάζεται
1632 3467 1681 3525 τὸν
1701 3466 1819 3543 μνήμονα,
1838 3462 1866 3519 νύ

1105 3535 1304 3617 σπουδαιότερον
1329 3536 1457 3614 γενέσθαι
1483 3548 1714 3621 παρασκευάζει.
1739 3546 1785 3604 Καὶ
1805 3541 1867 3611 ποίοιν,

1124 3615 1169 3679 nol
1178 3661 1186 3688 ,
1196 3619 1374 3696 σκυθρωπῶν,
1388 3619 1454 3676 Οὐκ
1466 3624 1599 3697 ἀγνοεῖς,
1620 3629 1659 3691 ὡς
1679 3618 1766 3702 οἶμαι,
1784 3624 1824 3695 ἤδη
1838 3620 1867 3679 rai

1106 3696 1262 3775 οιδαχθῆναι
1282 3699 1383 3767 ζητεῖς
1396 3695 1540 3759 Ἄκουσον
1557 3705 1591 3760 ἐκ
1613 3710 1671 3763 τῶν
1685 3706 1785 3763 πολλῶν
1803 3706 1867 3779 ὀλίγα,

1104 3780 1150 3832 τοῦ
1159 3774 1369 3893 βασανιζομένου
1382 3778 1522 3837 πλουσίου
1539 3784 1660 3863 οἰκτρὸς
1710 3784 1762 3851 ssd<
1780 3781 1867 3861 τρὸςτοι

1104 3856 1234 3931 ριλο,ενον
1248 3854 1419 3935 πατριάρχην
1434 3856 1572 3938 Ἀύραὸιμ
1584 3886 1748 3940 γενομενας·
1766 3862 1824 3927 ὅστις
1840 3858 1867 3917 ἐνί

1104 3931 1153 4003 τὴν
1168 3936 1261 3992 ἑαυτοῦ
1272 3935 1460 4013 ασπλαγρνίαν
1481 3941 1537 3996 οὐκ
1554 3938 1659 4021 los-oue
1677 3942 1709 4000 τὸ
1724 3944 1798 4001 δεινὸν
1809 3943 1867 3997 ἐκεῖνο

1105 4012 1151 4070 καί
1172 4013 1282 4092 ροόερὸν
1295 4014 1390 4093 χάσμα
1405 4019 1570 4096 παρελθεῖν,
1598 4021 1671 4101 ὅπερ
1685 4022 1778 4101 ὤρυξεν
1798 4019 1867 4095 sithi.

306 4088 514 4169 turpitudinem,
539 4085 692 4163 infamiam5
717 4088 833 4166 denique
844 4088 919 4147 illum
941 4090 1051 4171 probru-
1067 4094 1087 4142 C
1106 4092 1196 4151 οἷσπλα
1213 4094 1287 4173 γγνία·
1300 4094 1398 4170 ὁμοίοις
1412 4093 1441 4153 δὲ
1454 4098 1507 4154 καὶ
1520 4102 1579 4156 τῶν
1597 4101 1683 4160 πέντε
1696 4106 1787 4179 μωρῶν
1796 4104 1868 4155 πυθ-

156 4182 242 4227 tritaet.
256 4182 294 4229 νο.
306 4187 362 4224 sam
370 4169 696 4243 sententiam,Diseedite
707 4190 726 4226 u
741 4190 786 4226 me
799 4170 957 4227 maledicti.
969 4168 1051 4228 lllum
1192 4116 1220 4229 d
1695 4160 1701 4179 ⁸
1826 4160 1850 4187 ”

306 4246 425 4304 maxime
436 4246 533 4323 cogita,
546 4247 592 4323 qui
603 4247 728 4305 manibus
736 4246 904 4327 pedibusque
919 4248 1051 4327 ligatisex

306 4324 386 4402 regiis
399 4324 576 4401 gloriosisque
591 4326 693 4405 nuptiis
705 4348 766 4385 eum
790 4346 887 4405 magna
902 4329 1050 4407 turpitudi-

305 4423 339 4460 ne
362 4402 464 4479 ejectus
488 4416 538 4478 est,
555 4418 581 4461 ct
603 4405 631 4462 in
650 4405 813 4464 horrendum
828 4406 1050 4485 tremendumque

305 4480 384 4538 illum
394 4480 484 4539 locum
492 4480 628 4556 detrusus,
644 4486 701 4542 Ubi
716 4489 771 4543 erit
781 4484 877 4567 fletus
901 4499 928 4544 et
941 4488 1050 4547 stridor

305 4562 446 4633 dentium,
460 4561 537 4639 cujus
551 4561 594 4619 rel
611 4562 719 4620 aneclitus
743 4563 816 4623 solus
832 4565 982 4623 cruciatum
999 4588 1047 4645 pa-

304 4640 348 4696 rit.
372 4640 443 4697 Nam
460 4640 555 4698 talium
576 4641 738 4711 meminisse,
762 4655 791 4699 ut
812 4644 1046 4722 supradiximus,

303 4738 355 4776 non
370 4740 485 4798 parrum
504 4720 600 4778 anime
616 4719 722 4778 lucrum
744 4734 783 4778 est
798 4745 804 4777 :
817 4722 914 4781 etenim
927 4724 975 4781 lici
990 4746 1047 4783 me-

305 4800 423 4863 minisse,
436 4797 712 4870 utdicitur,ltctitium
722 4803 834 4858 memori
849 4804 936 4871 allent,
953 4803 1046 4861 illum·

304 4897 355 4951 que
368 4877 402 4933 ad
416 4877 520 4936 excelsa
530 4878 628 4953 tralrit;
639 4878 757 4937 tristium
770 4900 835 4939 vcro
848 4882 976 4939 memoria
987 4904 1046 4941 νηο-

302 4966 361 5013 tum
387 4956 466 5014 aslert
480 4970 505 5016 et
520 4959 764 5038 compunctionem,
778 4959 966 5037 hominemque
986 4976 1045 5019 stu-

301 5031 408 5092 diosum
419 5056 451 5092 ae
464 5035 621 5111 diligentem
632 5038 722 5095 elficit.
739 5037 808 5107 Quis
819 5039 845 5096 in
864 5040 992 5099 memoria
1006 5042 1045 5099 le·

300 5132 360 5169 rens
375 5113 592 5173 inconsolabilem
607 5116 680 5173 illam
697 5117 771 5193 regni
795 5118 973 5192 anussiuuem,
989 5142 1041 5178 nou

300 5193 498 5270 compungitur,
527 5214 578 5253 non
601 5195 773 5273 latitentatur,
795 5218 844 5255 nec
861 5198 971 5257 conterit
996 5222 1042 5258 cor

1104 4193 1167 4245 νων,
1210 4194 1277 4250 σπερ
1295 4174 1326 4231 τὸ
1348 4173 1453 4233 άνελεον
1481 4178 1593 4253 ὁμοίως
1626 4181 1680 4249 ἔξω
1704 4188 1749 4239 τοῦ
1769 4199 1868 4257 partepart

1105 4253 1240 4330 sappino<
1264 4255 1471 4323 ἀποκλειοθῆναι
1498 4259 1702 4320 κατεδίκασεν·
1725 4252 1779 4319 εἶτα
1796 4261 1837 4316 τῶν
1851 4252 1868 4319 il

1104 4331 1245 4408 εύιονύμων
1265 4331 1346 4390 πάλιν
1358 4332 1402 4390 τὸν
1417 4335 1590 4411 ὀνειδισμὸν,
1615 4340 1668 4412 τὴν
1695 4340 1821 4418 αἰσχύνην.
1835 4336 1868 4401 rip

1104 4410 1243 4491 ἐντροπὴν,
1255 4410 1301 4469 καί
1312 4410 1386 4478 τέλος
1398 4412 1444 4469 καὶ
1461 4414 1609 4475 ἐπώδυνον
1623 4409 1769 4483 dardanum,
1788 4418 1814 4474 ri
1829 4416 1868 4473 lle·

1106 4488 1208 4567 ρεύεοθε
1219 4492 1266 4548 ἀπ’
1281 4492 1345 4566 ἐμοῦ
1360 4494 1385 4549 ol
1398 4493 1605 4572 κατηραμένοι.
1621 4482 1728 4558 Ἐνύόει
1739 4498 1764 4557 δὲ
1776 4500 1868 4557 κάκεῖνα

1103 4568 1148 4626 καί
1161 4569 1279 4646 μάλιστα
1294 4570 1338 4628 τὸν
1354 4569 1402 4635 τὸς
1414 4578 1509 4649 γεῖρας
1531 4574 1584 4633 καί
1605 4579 1696 4644 πόδας
1709 4574 1867 4653 harundine.

1103 4647 1148 4705 καί
1170 4654 1216 4706 τοῦ
1237 4652 1375 4727 βασιλικοῦ
1394 4638 1440 4707 καί
1463 4652 1574 4721 ἐνδόξου
1591 4656 1686 4733 γάμου
1703 4654 1868 4735 perdomui-rt

1103 4726 1228 4806 αἰσχύνης
1241 4728 1419 4799 ἐκόληθέντα,
1440 4730 1487 4789 καὶ
1499 4734 1538 4799 εἰς
1554 4732 1605 4791 τὸν
1621 4736 1758 4814 ἔκθαμύον
1771 4722 1811 4795 hai
1823 4757 1866 4810 3:1-

1102 4806 1163 4864 κτὸν
1183 4808 1280 4865 ἐκεῖνον
1303 4808 1383 4866 τόπον
1405 4807 1598 4887 ἑξορισθέντα,
1625 4814 1722 4874 Ὅπου
1736 4804 1865 4883 daleth-ie:

1100 4886 1146 4943 καὶ
1157 4890 1172 4942 h
1185 4886 1301 4966 βρυγμὸς
1315 4892 1366 4945 τῶν
1382 4889 1497 4946 ὀδόντων
1508 4913 1515 4926 ·
1526 4881 1559 4949 οὗ
1578 4893 1629 4951 καὶ
1640 4896 1724 4971 μόνον
1734 4902 1751 4967 ἡ
1763 4896 1819 4963 desi,
1830 4902 1863 4967 la·

1101 4986 1178 5022 σανον
1189 4970 1302 5041 ἐμποιεῖ.
1314 4967 1366 5025 Καὶ
1377 4967 1430 5046 γὸιρ
1439 4968 1549 5027 καὶτῶν
1560 4974 1698 5031 τοιούτων
1709 4974 1863 5051 μνημονεύει.

1099 5042 1185 5109 καθὼς
1196 5045 1401 5124 προειρήκαμεν,
1414 5048 1443 5103 οὐ
1456 5046 1557 5129 μικρὸν
1570 5051 1670 5130 κέρδος
1682 5036 1783 5134 diripie-
1794 5076 1819 5109 το
1829 5049 1862 5125 :dt

1098 5122 1149 5201 γὸρ
1163 5126 1233 5181 (θεοῦ
1243 5124 1423 5200 μνημονεύειν,
1434 5130 1493 5193 ὡςὸ
1504 5127 1605 5206 λόγος,
1618 5114 1752 5213 coepitis
1764 5134 1802 5190 τὸν
1811 5130 1860 5205 μοί·

1100 5224 1185 5277 μονα,
1201 5202 1246 5261 καὶ
1260 5206 1303 5261 ἐπὶ
1318 5204 1350 5261 τὸ
1365 5205 1452 5283 ύβηλὸι
1464 5205 1540 5266 ἕλκει
1554 5232 1561 5245 ·
1579 5216 1598 5282 ἡ
1615 5210 1644 5269 δὲ
1654 5196 1711 5272 πῶν
1723 5213 1857 5291 σκοθριινπῖι
