<?xml version="1.0" encoding="UTF-8"?>
<!DOCTYPE html PUBLIC "-//W3C//DTD XHTML 1.0 Transitional//EN"
    "http://www.w3.org/TR/xhtml1/DTD/xhtml1-transitional.dtd">
<html xmlns="http://www.w3.org/1999/xhtml" xml:lang="en" lang="en">
 <head>
  <title>
</title>
<meta http-equiv="Content-Type" content="text/html;charset=utf-8" />
  <meta name='ocr-system' content='tesseract 3.04.00' />
  <meta name='ocr-capabilities' content='ocr_page ocr_carea ocr_par ocr_line ocrx_word'/>
</head>
<body>
  <div class='ocr_page' id='page_1' title='image "./sanctipatrisnos01chrygoog/sanctipatrisnos01chrygoog_0965.png"; bbox 0 0 3742 5970; ppageno 0'>
   <div class='ocr_carea' id='block_1_1' title="bbox 78 453 1646 693">
    <p class='ocr_par' dir='ltr' id='par_1_1' title="bbox 78 453 1646 693">
     <span class='ocr_line' id='line_1_1' title="bbox 637 453 1646 552; baseline 0.014 -37"><span class='ocrx_word' id='word_1_1' title='bbox 637 469 797 517; x_wconf 78' lang='lat' dir='ltr'>nrrsroni</span> <span class='ocrx_word' id='word_1_2' title='bbox 830 470 875 518; x_wconf 76' lang='lat' dir='ltr'>tn</span> <span class='ocrx_word' id='word_1_3' title='bbox 902 469 1096 524; x_wconf 72' lang='lat' dir='ltr'>pontonos.</span> <span class='ocrx_word' id='word_1_4' title='bbox 1572 453 1646 552; x_wconf 78' lang='lat'>955</span> 
     </span>
     <span class='ocr_line' id='line_1_2' title="bbox 78 655 1635 693; baseline 0.014 -9"><span class='ocrx_word' id='word_1_5' title='bbox 78 655 1635 693; x_wconf 52' lang='lat' dir='ltr'>m</span> 
     </span>
    </p>
   </div>
   <div class='ocr_carea' id='block_1_2' title="bbox 115 819 1647 998">
    <p class='ocr_par' dir='ltr' id='par_1_2' title="bbox 115 819 1647 998">
     <span class='ocr_line' id='line_1_3' title="bbox 115 819 1647 994; baseline 0.005 -114"><span class='ocrx_word' id='word_1_6' title='bbox 115 819 264 894; x_wconf 75' lang='grc' dir='ltr'>Ἐπιστολὴ</span> <span class='ocrx_word' id='word_1_7' title='bbox 291 821 511 994; x_wconf 56' lang='grc' dir='ltr'>πρὸςνμρναγοθς</span> <span class='ocrx_word' id='word_1_8' title='bbox 535 821 663 940; x_wconf 69' lang='grc' dir='ltr'>άρρελιίας</span> <span class='ocrx_word' id='word_1_9' title='bbox 691 823 780 894; x_wconf 80' lang='grc' dir='ltr'>πάσης</span> <span class='ocrx_word' id='word_1_10' title='bbox 804 821 1038 922; x_wconf 58' lang='grc' dir='ltr'>καίῧβἹΕρίσίοία</span> <span class='ocrx_word' id='word_1_11' title='bbox 1054 826 1096 884; x_wconf 78' lang='lat' dir='ltr'>ad</span> <span class='ocrx_word' id='word_1_12' title='bbox 1109 827 1273 977; x_wconf 57' lang='grc' dir='ltr'>ιιιοιιαοίιιρρ</span> <span class='ocrx_word' id='word_1_13' title='bbox 1285 826 1422 886; x_wconf 70' lang='lat' dir='ltr'><em>utilitatis</em></span> <span class='ocrx_word' id='word_1_14' title='bbox 1438 839 1466 887; x_wconf 86' lang='lat' dir='ltr'>et</span> <span class='ocrx_word' id='word_1_15' title='bbox 1479 827 1647 908; x_wconf 74' lang='lat' dir='ltr'>vigitamtae</span> 
     </span>
     <span class='ocr_line' id='line_1_4' title="bbox 276 939 1323 998; baseline 0.003 -25"><span class='ocrx_word' id='word_1_16' title='bbox 276 962 281 966; x_wconf 89' lang='lat'>.</span> <span class='ocrx_word' id='word_1_17' title='bbox 384 962 389 987; x_wconf 89' lang='grc'>,</span> <span class='ocrx_word' id='word_1_18' title='bbox 412 939 460 982; x_wconf 84' lang='grc' dir='ltr'>ειυς</span> <span class='ocrx_word' id='word_1_19' title='bbox 475 939 567 994; x_wconf 84' lang='grc' dir='ltr'>μεσιη.</span> <span class='ocrx_word' id='word_1_20' title='bbox 1223 940 1244 998; x_wconf 82' lang='lat' dir='ltr'>p</span> <span class='ocrx_word' id='word_1_21' title='bbox 1275 939 1323 976; x_wconf 81' lang='lat' dir='ltr'>na.</span> 
     </span>
    </p>
   </div>
   <div class='ocr_carea' id='block_1_3' title="bbox 63 1099 1794 5311">
    <p class='ocr_par' dir='ltr' id='par_1_3' title="bbox 63 1099 1794 5311">
     <span class='ocr_line' id='line_1_5' title="bbox 116 1099 1794 1182; baseline 0.004 -24"><span class='ocrx_word' id='word_1_22' title='bbox 116 1099 208 1171; x_wconf 84' lang='grc' dir='ltr'>Φησὶν</span> <span class='ocrx_word' id='word_1_23' title='bbox 220 1103 313 1182; x_wconf 9' lang='grc' dir='ltr'>θρθιῐος</span> <span class='ocrx_word' id='word_1_24' title='bbox 325 1099 481 1173; x_wconf 75' lang='grc' dir='ltr'>ἀπόστολος,</span> <span class='ocrx_word' id='word_1_25' title='bbox 495 1099 683 1168; x_wconf 80' lang='grc' dir='ltr'>Ἀδιαλείπτως</span> <span class='ocrx_word' id='word_1_26' title='bbox 697 1101 847 1182; x_wconf 62' lang='grc' dir='ltr'>προσεύχε-</span> <span class='ocrx_word' id='word_1_27' title='bbox 942 1101 1125 1162; x_wconf 77' lang='lat' dir='ltr'>hitdivinusa</span> <span class='ocrx_word' id='word_1_28' title='bbox 1144 1103 1644 1180; x_wconf 80' lang='lat' dir='ltr'>ostolus‚Sinetntermissioneorate,</span> <span class='ocrx_word' id='word_1_29' title='bbox 1656 1108 1794 1156; x_wconf 54' lang='lat' dir='ltr'>illuti-</span> 
     </span>
     <span class='ocr_line' id='line_1_6' title="bbox 69 1124 1715 1263; baseline 0.001 -24"><span class='ocrx_word' id='word_1_30' title='bbox 69 1177 235 1261; x_wconf 79' lang='grc' dir='ltr'>σθι.χωρίς</span> <span class='ocrx_word' id='word_1_31' title='bbox 247 1183 327 1259; x_wconf 76' lang='grc' dir='ltr'>ὀργῆς</span> <span class='ocrx_word' id='word_1_32' title='bbox 341 1179 386 1238; x_wconf 84' lang='grc' dir='ltr'>καλ</span> <span class='ocrx_word' id='word_1_33' title='bbox 407 1181 595 1258; x_wconf 81' lang='grc' dir='ltr'>διαλογισμῶν.</span> <span class='ocrx_word' id='word_1_34' title='bbox 607 1182 660 1241; x_wconf 75' lang='grc' dir='ltr'>Καὶ</span> <span class='ocrx_word' id='word_1_35' title='bbox 674 1185 761 1248; x_wconf 86' lang='grc' dir='ltr'>καλῶς</span> <span class='ocrx_word' id='word_1_36' title='bbox 775 1124 847 1242; x_wconf 53' lang='lat' dir='ltr'>three</span> <span class='ocrx_word' id='word_1_37' title='bbox 900 1186 965 1241; x_wconf 83' lang='lat' dir='ltr'>sine</span> <span class='ocrx_word' id='word_1_38' title='bbox 986 1186 1032 1240; x_wconf 84' lang='lat' dir='ltr'>ira</span> <span class='ocrx_word' id='word_1_39' title='bbox 1053 1195 1082 1241; x_wconf 86' lang='lat' dir='ltr'>et</span> <span class='ocrx_word' id='word_1_40' title='bbox 1137 1186 1379 1263; x_wconf 70' lang='lat' dir='ltr'>[sceptationibus.</span> <span class='ocrx_word' id='word_1_41' title='bbox 1412 1183 1449 1241; x_wconf 91' lang='lat' dir='ltr'>Et</span> <span class='ocrx_word' id='word_1_42' title='bbox 1479 1196 1551 1243; x_wconf 87' lang='lat' dir='ltr'>recte</span> <span class='ocrx_word' id='word_1_43' title='bbox 1572 1183 1715 1244; x_wconf 82' lang='lat' dir='ltr'>dixit¹⁷·.</span> 
     </span>
     <span class='ocr_line' id='line_1_7' title="bbox 70 1237 1783 1345; baseline 0.002 -26"><span class='ocrx_word' id='word_1_44' title='bbox 70 1260 197 1338; x_wconf 77' lang='grc' dir='ltr'>δάγιος,</span> <span class='ocrx_word' id='word_1_45' title='bbox 214 1259 302 1339; x_wconf 86' lang='grc' dir='ltr'>Χωρλς</span> <span class='ocrx_word' id='word_1_46' title='bbox 322 1260 516 1340; x_wconf 69' lang='grc' dir='ltr'>διαλογισμῶν·</span> <span class='ocrx_word' id='word_1_47' title='bbox 530 1270 583 1328; x_wconf 77' lang='grc' dir='ltr'>πᾶς</span> <span class='ocrx_word' id='word_1_48' title='bbox 603 1258 637 1335; x_wconf 80' lang='grc' dir='ltr'>γά</span> <span class='ocrx_word' id='word_1_49' title='bbox 679 1262 847 1340; x_wconf 81' lang='grc' dir='ltr'>διαλογισμὸς</span> <span class='ocrx_word' id='word_1_50' title='bbox 901 1274 1008 1320; x_wconf 88' lang='lat' dir='ltr'>sanctus</span> <span class='ocrx_word' id='word_1_51' title='bbox 1025 1260 1160 1339; x_wconf 80' lang='lat' dir='ltr'>ille‚Sine</span> <span class='ocrx_word' id='word_1_52' title='bbox 1175 1237 1783 1345; x_wconf 58' lang='grc' dir='ltr'>ιίὶοοαμίαίίοιιίύιιειοιιιιιίαειιὶωριΠΜ</span> 
     </span>
     <span class='ocr_line' id='line_1_8' title="bbox 94 1286 1645 1421; baseline 0.003 -23"><span class='ocrx_word' id='word_1_53' title='bbox 94 1340 197 1419; x_wconf 78' lang='grc' dir='ltr'>συρίζων</span> <span class='ocrx_word' id='word_1_54' title='bbox 212 1337 256 1397; x_wconf 87' lang='grc' dir='ltr'>τδν</span> <span class='ocrx_word' id='word_1_55' title='bbox 266 1344 325 1397; x_wconf 87' lang='grc' dir='ltr'>νοῦν</span> <span class='ocrx_word' id='word_1_56' title='bbox 342 1338 395 1397; x_wconf 79' lang='grc' dir='ltr'>άπδ</span> <span class='ocrx_word' id='word_1_57' title='bbox 410 1347 456 1398; x_wconf 88' lang='grc' dir='ltr'>τοῦ</span> <span class='ocrx_word' id='word_1_58' title='bbox 468 1341 553 1409; x_wconf 92' lang='grc' dir='ltr'>Θεοῦ,</span> <span class='ocrx_word' id='word_1_59' title='bbox 572 1342 594 1398; x_wconf 80' lang='grc' dir='ltr'>εἰ</span> <span class='ocrx_word' id='word_1_60' title='bbox 606 1286 732 1403; x_wconf 69' lang='grc' dir='ltr'>καίδοκεῖ</span> <span class='ocrx_word' id='word_1_61' title='bbox 752 1342 847 1420; x_wconf 83' lang='grc' dir='ltr'>ἀγαθὸς</span> <span class='ocrx_word' id='word_1_62' title='bbox 900 1340 1057 1421; x_wconf 81' lang='lat' dir='ltr'>disceptatio</span> <span class='ocrx_word' id='word_1_63' title='bbox 1079 1354 1195 1399; x_wconf 86' lang='lat' dir='ltr'><strong>mentem</strong></span> <span class='ocrx_word' id='word_1_64' title='bbox 1217 1361 1244 1399; x_wconf 85' lang='lat' dir='ltr'>se</span> <span class='ocrx_word' id='word_1_65' title='bbox 1264 1355 1322 1399; x_wconf 83' lang='lat' dir='ltr'>erat</span> <span class='ocrx_word' id='word_1_66' title='bbox 1343 1362 1359 1399; x_wconf 83' lang='grc' dir='ltr'>α</span> <span class='ocrx_word' id='word_1_67' title='bbox 1380 1342 1449 1414; x_wconf 87' lang='lat' dir='ltr'>Deo,</span> <span class='ocrx_word' id='word_1_68' title='bbox 1470 1342 1520 1401; x_wconf 87' lang='lat' dir='ltr'>etsi</span> <span class='ocrx_word' id='word_1_69' title='bbox 1534 1342 1645 1402; x_wconf 83' lang='lat' dir='ltr'>videtur</span> 
     </span>
     <span class='ocr_line' id='line_1_9' title="bbox 71 1360 1645 1498; baseline 0.002 -20"><span class='ocrx_word' id='word_1_70' title='bbox 71 1360 159 1492; x_wconf 58' lang='grc' dir='ltr'>Ξίναι,</span> <span class='ocrx_word' id='word_1_71' title='bbox 172 1420 230 1477; x_wconf 71' lang='grc' dir='ltr'>ἀλλ’</span> <span class='ocrx_word' id='word_1_72' title='bbox 242 1417 301 1484; x_wconf 70' lang='lat' dir='ltr'>mo&lt;</span> <span class='ocrx_word' id='word_1_73' title='bbox 317 1417 438 1485; x_wconf 80' lang='grc' dir='ltr'>διάύολάς</span> <span class='ocrx_word' id='word_1_74' title='bbox 448 1421 528 1492; x_wconf 77' lang='grc' dir='ltr'>ἐστιν,</span> <span class='ocrx_word' id='word_1_75' title='bbox 542 1419 586 1477; x_wconf 86' lang='grc' dir='ltr'>ίνα</span> <span class='ocrx_word' id='word_1_76' title='bbox 599 1418 637 1496; x_wconf 76' lang='grc' dir='ltr'>μθ,</span> <span class='ocrx_word' id='word_1_77' title='bbox 652 1419 719 1478; x_wconf 86' lang='grc' dir='ltr'>εῐπω</span> <span class='ocrx_word' id='word_1_78' title='bbox 728 1426 774 1479; x_wconf 92' lang='grc' dir='ltr'>τοῦ</span> <span class='ocrx_word' id='word_1_79' title='bbox 789 1423 847 1480; x_wconf 88' lang='grc' dir='ltr'>δια·</span> <span class='ocrx_word' id='word_1_80' title='bbox 900 1440 957 1479; x_wconf 89' lang='lat' dir='ltr'>esse</span> <span class='ocrx_word' id='word_1_81' title='bbox 966 1421 1056 1498; x_wconf 81' lang='lat' dir='ltr'>bone3</span> <span class='ocrx_word' id='word_1_82' title='bbox 1072 1419 1240 1479; x_wconf 84' lang='lat' dir='ltr'>sedtotadia</span> <span class='ocrx_word' id='word_1_83' title='bbox 1277 1420 1321 1479; x_wconf 87' lang='lat' dir='ltr'>lus</span> <span class='ocrx_word' id='word_1_84' title='bbox 1333 1433 1382 1496; x_wconf 84' lang='lat' dir='ltr'>est,</span> <span class='ocrx_word' id='word_1_85' title='bbox 1396 1440 1430 1478; x_wconf 87' lang='lat' dir='ltr'>ne</span> <span class='ocrx_word' id='word_1_86' title='bbox 1441 1419 1530 1480; x_wconf 81' lang='lat' dir='ltr'>diram</span> <span class='ocrx_word' id='word_1_87' title='bbox 1541 1420 1645 1481; x_wconf 76' lang='lat' dir='ltr'>diaboli</span> 
     </span>
     <span class='ocr_line' id='line_1_10' title="bbox 71 1495 1646 1577; baseline 0.001 -18"><span class='ocrx_word' id='word_1_88' title='bbox 71 1497 155 1559; x_wconf 70' lang='grc' dir='ltr'>Θολου</span> <span class='ocrx_word' id='word_1_89' title='bbox 169 1497 249 1556; x_wconf 75' lang='grc' dir='ltr'>ἐστίν.</span> <span class='ocrx_word' id='word_1_90' title='bbox 270 1495 417 1577; x_wconf 81' lang='grc' dir='ltr'>Ὀλοςγδρ</span> <span class='ocrx_word' id='word_1_91' title='bbox 440 1503 454 1556; x_wconf 86' lang='grc' dir='ltr'>θ</span> <span class='ocrx_word' id='word_1_92' title='bbox 475 1496 546 1576; x_wconf 81' lang='grc' dir='ltr'>ἀγὼν</span> <span class='ocrx_word' id='word_1_93' title='bbox 567 1506 613 1558; x_wconf 90' lang='grc' dir='ltr'>τοῦ</span> <span class='ocrx_word' id='word_1_94' title='bbox 637 1498 758 1558; x_wconf 78' lang='grc' dir='ltr'>διαύολου</span> <span class='ocrx_word' id='word_1_95' title='bbox 770 1498 848 1560; x_wconf 86' lang='grc' dir='ltr'>τοῦτό</span> <span class='ocrx_word' id='word_1_96' title='bbox 901 1519 967 1559; x_wconf 89' lang='lat' dir='ltr'>esse.</span> <span class='ocrx_word' id='word_1_97' title='bbox 989 1501 1091 1558; x_wconf 89' lang='lat' dir='ltr'>Totum</span> <span class='ocrx_word' id='word_1_98' title='bbox 1111 1499 1183 1558; x_wconf 90' lang='lat' dir='ltr'>enim</span> <span class='ocrx_word' id='word_1_99' title='bbox 1203 1499 1256 1558; x_wconf 91' lang='lat' dir='ltr'>hoo</span> <span class='ocrx_word' id='word_1_100' title='bbox 1269 1514 1400 1558; x_wconf 84' lang='lat' dir='ltr'>certamen</span> <span class='ocrx_word' id='word_1_101' title='bbox 1415 1498 1520 1559; x_wconf 83' lang='lat' dir='ltr'>diaboli</span> <span class='ocrx_word' id='word_1_102' title='bbox 1540 1513 1591 1573; x_wconf 88' lang='lat' dir='ltr'>est,</span> <span class='ocrx_word' id='word_1_103' title='bbox 1614 1516 1646 1561; x_wconf 92' lang='lat' dir='ltr'>ut</span> 
     </span>
     <span class='ocr_line' id='line_1_11' title="bbox 72 1576 1645 1659; baseline 0.003 -23"><span class='ocrx_word' id='word_1_104' title='bbox 72 1580 159 1650; x_wconf 77' lang='grc' dir='ltr'>ἔστιν,</span> <span class='ocrx_word' id='word_1_105' title='bbox 182 1579 225 1636; x_wconf 84' lang='grc' dir='ltr'>ίνα</span> <span class='ocrx_word' id='word_1_106' title='bbox 251 1577 408 1658; x_wconf 65' lang='grc' dir='ltr'>ἀπυγωρίσῃ</span> <span class='ocrx_word' id='word_1_107' title='bbox 434 1578 480 1636; x_wconf 84' lang='grc' dir='ltr'>καλ</span> <span class='ocrx_word' id='word_1_108' title='bbox 502 1576 704 1657; x_wconf 75' lang='grc' dir='ltr'>άπούουκολήση</span> <span class='ocrx_word' id='word_1_109' title='bbox 723 1579 768 1638; x_wconf 80' lang='grc' dir='ltr'>τὸν</span> <span class='ocrx_word' id='word_1_110' title='bbox 788 1586 847 1640; x_wconf 90' lang='grc' dir='ltr'>νοῦν</span> <span class='ocrx_word' id='word_1_111' title='bbox 863 1585 882 1632; x_wconf 79' lang='grc' dir='ltr'>θ</span> <span class='ocrx_word' id='word_1_112' title='bbox 900 1591 1004 1659; x_wconf 84' lang='lat' dir='ltr'>separet</span> <span class='ocrx_word' id='word_1_113' title='bbox 1017 1591 1043 1636; x_wconf 88' lang='lat' dir='ltr'>et</span> <span class='ocrx_word' id='word_1_114' title='bbox 1056 1593 1176 1658; x_wconf 76' lang='lat' dir='ltr'>segreget</span> <span class='ocrx_word' id='word_1_115' title='bbox 1188 1592 1304 1638; x_wconf 81' lang='lat' dir='ltr'><strong>mentem</strong></span> <span class='ocrx_word' id='word_1_116' title='bbox 1317 1601 1332 1637; x_wconf 83' lang='lat' dir='ltr'>a</span> <span class='ocrx_word' id='word_1_117' title='bbox 1346 1581 1415 1651; x_wconf 89' lang='lat' dir='ltr'>Deo,</span> <span class='ocrx_word' id='word_1_118' title='bbox 1434 1593 1460 1637; x_wconf 92' lang='lat' dir='ltr'>et</span> <span class='ocrx_word' id='word_1_119' title='bbox 1472 1578 1508 1638; x_wconf 85' lang='lat' dir='ltr'>ad</span> <span class='ocrx_word' id='word_1_120' title='bbox 1525 1581 1645 1641; x_wconf 89' lang='lat' dir='ltr'>munda-</span> 
     </span>
     <span class='ocr_line' id='line_1_12' title="bbox 72 1656 1644 1741; baseline 0.003 -26"><span class='ocrx_word' id='word_1_121' title='bbox 72 1657 130 1716; x_wconf 78' lang='grc' dir='ltr'>ἀπδ</span> <span class='ocrx_word' id='word_1_122' title='bbox 144 1663 190 1715; x_wconf 87' lang='grc' dir='ltr'>τοῦ</span> <span class='ocrx_word' id='word_1_123' title='bbox 202 1660 286 1731; x_wconf 82' lang='grc' dir='ltr'>Θεοῦ,</span> <span class='ocrx_word' id='word_1_124' title='bbox 302 1657 348 1716; x_wconf 83' lang='grc' dir='ltr'>καί</span> <span class='ocrx_word' id='word_1_125' title='bbox 367 1659 403 1722; x_wconf 83' lang='grc' dir='ltr'>είς</span> <span class='ocrx_word' id='word_1_126' title='bbox 421 1656 468 1725; x_wconf 79' lang='grc' dir='ltr'>τὰς</span> <span class='ocrx_word' id='word_1_127' title='bbox 481 1657 611 1734; x_wconf 78' lang='grc' dir='ltr'>κοσμικὰς</span> <span class='ocrx_word' id='word_1_128' title='bbox 626 1656 754 1739; x_wconf 89' lang='grc' dir='ltr'>περισύρη</span> <span class='ocrx_word' id='word_1_129' title='bbox 767 1681 847 1738; x_wconf 84' lang='grc' dir='ltr'>ρρον-</span> <span class='ocrx_word' id='word_1_130' title='bbox 900 1678 948 1716; x_wconf 84' lang='lat' dir='ltr'>nus</span> <span class='ocrx_word' id='word_1_131' title='bbox 972 1658 1061 1717; x_wconf 85' lang='lat' dir='ltr'>trahat</span> <span class='ocrx_word' id='word_1_132' title='bbox 1081 1678 1158 1717; x_wconf 86' lang='lat' dir='ltr'>curas</span> <span class='ocrx_word' id='word_1_133' title='bbox 1181 1670 1208 1716; x_wconf 90' lang='lat' dir='ltr'>et</span> <span class='ocrx_word' id='word_1_134' title='bbox 1231 1659 1382 1741; x_wconf 81' lang='lat' dir='ltr'>voluptates</span> <span class='ocrx_word' id='word_1_135' title='bbox 1398 1681 1405 1715; x_wconf 82' lang='grc' dir='ltr'>ι</span> <span class='ocrx_word' id='word_1_136' title='bbox 1421 1671 1503 1737; x_wconf 79' lang='lat' dir='ltr'>atque</span> <span class='ocrx_word' id='word_1_137' title='bbox 1526 1659 1599 1719; x_wconf 89' lang='lat' dir='ltr'>intus</span> <span class='ocrx_word' id='word_1_138' title='bbox 1616 1661 1644 1720; x_wconf 90' lang='lat' dir='ltr'>in</span> 
     </span>
     <span class='ocr_line' id='line_1_13' title="bbox 71 1725 1644 1826; baseline 0.003 -32"><span class='ocrx_word' id='word_1_139' title='bbox 71 1733 149 1804; x_wconf 82' lang='grc' dir='ltr'>τίδας</span> <span class='ocrx_word' id='word_1_140' title='bbox 158 1735 379 1808; x_wconf 71' lang='grc' dir='ltr'>καλὴδονάς·κα“ι</span> <span class='ocrx_word' id='word_1_141' title='bbox 387 1735 492 1802; x_wconf 77' lang='grc' dir='ltr'>ἐντολδις</span> <span class='ocrx_word' id='word_1_142' title='bbox 505 1737 551 1795; x_wconf 82' lang='grc' dir='ltr'>καί</span> <span class='ocrx_word' id='word_1_143' title='bbox 565 1736 682 1804; x_wconf 82' lang='grc' dir='ltr'>εὐποιίας</span> <span class='ocrx_word' id='word_1_144' title='bbox 692 1725 848 1818; x_wconf 73' lang='grc' dir='ltr'>ὑπαγορεύει</span> <span class='ocrx_word' id='word_1_145' title='bbox 900 1736 980 1812; x_wconf 76' lang='lat' dir='ltr'>corde</span> <span class='ocrx_word' id='word_1_146' title='bbox 1004 1750 1137 1826; x_wconf 84' lang='lat' dir='ltr'>praecepta</span> <span class='ocrx_word' id='word_1_147' title='bbox 1159 1750 1185 1794; x_wconf 91' lang='lat' dir='ltr'>et</span> <span class='ocrx_word' id='word_1_148' title='bbox 1205 1736 1276 1796; x_wconf 91' lang='lat' dir='ltr'>bona</span> <span class='ocrx_word' id='word_1_149' title='bbox 1295 1758 1377 1818; x_wconf 86' lang='lat' dir='ltr'>opera</span> <span class='ocrx_word' id='word_1_150' title='bbox 1399 1737 1504 1813; x_wconf 69' lang='lat' dir='ltr'>metat,</span> <span class='ocrx_word' id='word_1_151' title='bbox 1527 1750 1553 1797; x_wconf 84' lang='lat' dir='ltr'>et</span> <span class='ocrx_word' id='word_1_152' title='bbox 1576 1738 1644 1798; x_wconf 78' lang='lat' dir='ltr'>olias</span> 
     </span>
     <span class='ocr_line' id='line_1_14' title="bbox 71 1813 1645 1897; baseline 0.001 -22"><span class='ocrx_word' id='word_1_153' title='bbox 71 1813 173 1875; x_wconf 74' lang='grc' dir='ltr'>ἔσωθεν</span> <span class='ocrx_word' id='word_1_154' title='bbox 191 1818 217 1874; x_wconf 86' lang='grc' dir='ltr'>ίν</span> <span class='ocrx_word' id='word_1_155' title='bbox 237 1819 271 1894; x_wconf 83' lang='grc' dir='ltr'>τῇ</span> <span class='ocrx_word' id='word_1_156' title='bbox 290 1814 460 1897; x_wconf 52' lang='lat' dir='ltr'>&gt;septimii</span> <span class='ocrx_word' id='word_1_157' title='bbox 483 1815 565 1882; x_wconf 81' lang='grc' dir='ltr'>ἄλλοις</span> <span class='ocrx_word' id='word_1_158' title='bbox 587 1815 661 1883; x_wconf 77' lang='grc' dir='ltr'>τινὰς</span> <span class='ocrx_word' id='word_1_159' title='bbox 681 1816 847 1896; x_wconf 78' lang='grc' dir='ltr'>ιῦλύγους,ἣ</span> <span class='ocrx_word' id='word_1_160' title='bbox 899 1816 1030 1892; x_wconf 83' lang='lat' dir='ltr'>quasdem</span> <span class='ocrx_word' id='word_1_161' title='bbox 1052 1814 1234 1891; x_wconf 80' lang='lat' dir='ltr'>rationabiles,</span> <span class='ocrx_word' id='word_1_162' title='bbox 1256 1816 1311 1875; x_wconf 89' lang='lat' dir='ltr'>imo</span> <span class='ocrx_word' id='word_1_163' title='bbox 1335 1817 1425 1896; x_wconf 85' lang='lat' dir='ltr'>potius</span> <span class='ocrx_word' id='word_1_164' title='bbox 1447 1817 1645 1878; x_wconf 81' lang='lat' dir='ltr'>irrationabiles</span> 
     </span>
     <span class='ocr_line' id='line_1_15' title="bbox 70 1887 1645 1979; baseline 0.001 -25"><span class='ocrx_word' id='word_1_165' title='bbox 70 1895 177 1972; x_wconf 68' lang='grc' dir='ltr'>μᾶλλον</span> <span class='ocrx_word' id='word_1_166' title='bbox 186 1893 294 1973; x_wconf 80' lang='grc' dir='ltr'>ἀλόγους</span> <span class='ocrx_word' id='word_1_167' title='bbox 308 1895 425 1967; x_wconf 82' lang='grc' dir='ltr'>ἐννοίας,</span> <span class='ocrx_word' id='word_1_168' title='bbox 440 1887 480 1961; x_wconf 81' lang='grc' dir='ltr'>αἶς</span> <span class='ocrx_word' id='word_1_169' title='bbox 492 1898 522 1954; x_wconf 85' lang='grc' dir='ltr'>οῦ</span> <span class='ocrx_word' id='word_1_170' title='bbox 534 1895 676 1976; x_wconf 64' lang='grc' dir='ltr'>προσάγειν</span> <span class='ocrx_word' id='word_1_171' title='bbox 688 1896 754 1963; x_wconf 85' lang='grc' dir='ltr'>θλως</span> <span class='ocrx_word' id='word_1_172' title='bbox 764 1920 848 1979; x_wconf 86' lang='grc' dir='ltr'>προσ·</span> <span class='ocrx_word' id='word_1_173' title='bbox 899 1895 1092 1975; x_wconf 78' lang='lat' dir='ltr'>cogitationes,</span> <span class='ocrx_word' id='word_1_174' title='bbox 1115 1894 1217 1972; x_wconf 90' lang='lat' dir='ltr'>quibus</span> <span class='ocrx_word' id='word_1_175' title='bbox 1237 1894 1313 1953; x_wconf 88' lang='lat' dir='ltr'>nullo</span> <span class='ocrx_word' id='word_1_176' title='bbox 1337 1895 1418 1954; x_wconf 91' lang='lat' dir='ltr'>modo</span> <span class='ocrx_word' id='word_1_177' title='bbox 1450 1896 1645 1956; x_wconf 62' lang='lat' dir='ltr'>ostendendum</span> 
     </span>
     <span class='ocr_line' id='line_1_16' title="bbox 71 1965 1646 2056; baseline 0.003 -25"><span class='ocrx_word' id='word_1_178' title='bbox 71 1973 147 2046; x_wconf 70' lang='grc' dir='ltr'>ήκει.</span> <span class='ocrx_word' id='word_1_179' title='bbox 161 1973 245 2040; x_wconf 82' lang='grc' dir='ltr'>Ὀλος</span> <span class='ocrx_word' id='word_1_180' title='bbox 255 1974 306 2056; x_wconf 77' lang='grc' dir='ltr'>γάρ</span> <span class='ocrx_word' id='word_1_181' title='bbox 320 1978 334 2033; x_wconf 84' lang='grc' dir='ltr'>θ</span> <span class='ocrx_word' id='word_1_182' title='bbox 346 1973 416 2053; x_wconf 81' lang='grc' dir='ltr'>ἀγὼν</span> <span class='ocrx_word' id='word_1_183' title='bbox 428 1978 476 2046; x_wconf 86' lang='grc' dir='ltr'>τῆς</span> <span class='ocrx_word' id='word_1_184' title='bbox 489 1978 578 2054; x_wconf 80' lang='grc' dir='ltr'>ψυγῆς</span> <span class='ocrx_word' id='word_1_185' title='bbox 592 1965 663 2047; x_wconf 79' lang='grc' dir='ltr'>ἐστι,</span> <span class='ocrx_word' id='word_1_186' title='bbox 675 1980 721 2033; x_wconf 90' lang='grc' dir='ltr'>τοῦ</span> <span class='ocrx_word' id='word_1_187' title='bbox 738 1975 775 2053; x_wconf 78' lang='grc' dir='ltr'>μὴ</span> <span class='ocrx_word' id='word_1_188' title='bbox 788 2000 848 2055; x_wconf 81' lang='grc' dir='ltr'>χω·</span> <span class='ocrx_word' id='word_1_189' title='bbox 899 1988 947 2033; x_wconf 88' lang='lat' dir='ltr'>est.</span> <span class='ocrx_word' id='word_1_190' title='bbox 963 1977 1050 2034; x_wconf 88' lang='lat' dir='ltr'>Totus</span> <span class='ocrx_word' id='word_1_191' title='bbox 1064 1973 1136 2032; x_wconf 91' lang='lat' dir='ltr'>enirn</span> <span class='ocrx_word' id='word_1_192' title='bbox 1149 1973 1245 2032; x_wconf 83' lang='lat' dir='ltr'>animae</span> <span class='ocrx_word' id='word_1_193' title='bbox 1257 1993 1328 2052; x_wconf 77' lang='lat' dir='ltr'>agon</span> <span class='ocrx_word' id='word_1_194' title='bbox 1341 1986 1381 2032; x_wconf 88' lang='lat' dir='ltr'>est</span> <span class='ocrx_word' id='word_1_195' title='bbox 1394 1988 1425 2034; x_wconf 90' lang='lat' dir='ltr'>ut</span> <span class='ocrx_word' id='word_1_196' title='bbox 1442 1995 1494 2033; x_wconf 92' lang='lat' dir='ltr'>non</span> <span class='ocrx_word' id='word_1_197' title='bbox 1508 1989 1646 2056; x_wconf 73' lang='lat' dir='ltr'>separetur</span> 
     </span>
     <span class='ocr_line' id='line_1_17' title="bbox 73 2042 1642 2135; baseline 0.003 -25"><span class='ocrx_word' id='word_1_198' title='bbox 73 2042 848 2135; x_wconf 72' lang='grc' dir='ltr'>ρίζειντὸννοῦνθπδτοῦΘεοῦ,μηδλσυνδυάζεινκαλσυμ-</span> <span class='ocrx_word' id='word_1_199' title='bbox 899 2056 1075 2127; x_wconf 85' lang='lat' dir='ltr'>mensaDeo,</span> <span class='ocrx_word' id='word_1_200' title='bbox 1083 2052 1286 2112; x_wconf 87' lang='lat' dir='ltr'>necconsentiat</span> <span class='ocrx_word' id='word_1_201' title='bbox 1294 2053 1409 2134; x_wconf 89' lang='lat' dir='ltr'>impuris</span> <span class='ocrx_word' id='word_1_202' title='bbox 1419 2055 1642 2134; x_wconf 76' lang='lat' dir='ltr'>cogitationibus,</span> 
     </span>
     <span class='ocr_line' id='line_1_18' title="bbox 72 2131 1646 2214; baseline 0.001 -22"><span class='ocrx_word' id='word_1_203' title='bbox 72 2156 93 2192; x_wconf 84' lang='grc' dir='ltr'>ο</span> <span class='ocrx_word' id='word_1_204' title='bbox 142 2142 179 2193; x_wconf 88' lang='grc' dir='ltr'>εῖν</span> <span class='ocrx_word' id='word_1_205' title='bbox 201 2142 255 2200; x_wconf 86' lang='grc' dir='ltr'>τοῖς</span> <span class='ocrx_word' id='word_1_206' title='bbox 275 2134 434 2213; x_wconf 81' lang='grc' dir='ltr'>ἀκαθάρτοις</span> <span class='ocrx_word' id='word_1_207' title='bbox 455 2138 604 2214; x_wconf 81' lang='grc' dir='ltr'>λογισμοῖς,</span> <span class='ocrx_word' id='word_1_208' title='bbox 619 2132 686 2212; x_wconf 71' lang='grc' dir='ltr'>μηδὲ</span> <span class='ocrx_word' id='word_1_209' title='bbox 708 2135 848 2214; x_wconf 79' lang='grc' dir='ltr'>προσέχειν</span> <span class='ocrx_word' id='word_1_210' title='bbox 899 2153 986 2211; x_wconf 87' lang='lat' dir='ltr'>neque</span> <span class='ocrx_word' id='word_1_211' title='bbox 1000 2131 1119 2191; x_wconf 81' lang='lat' dir='ltr'>attendat</span> <span class='ocrx_word' id='word_1_212' title='bbox 1133 2132 1179 2210; x_wconf 87' lang='lat' dir='ltr'>iis,</span> <span class='ocrx_word' id='word_1_213' title='bbox 1197 2151 1258 2210; x_wconf 82' lang='lat' dir='ltr'>qnae</span> <span class='ocrx_word' id='word_1_214' title='bbox 1277 2133 1305 2190; x_wconf 91' lang='lat' dir='ltr'>in</span> <span class='ocrx_word' id='word_1_215' title='bbox 1322 2133 1402 2191; x_wconf 74' lang='lat' dir='ltr'>corde</span> <span class='ocrx_word' id='word_1_216' title='bbox 1415 2133 1539 2214; x_wconf 82' lang='lat' dir='ltr'>depingit</span> <span class='ocrx_word' id='word_1_217' title='bbox 1552 2156 1646 2195; x_wconf 79' lang='lat' dir='ltr'>versu-</span> 
     </span>
     <span class='ocr_line' id='line_1_19' title="bbox 71 2155 1646 2295; baseline 0.003 -25"><span class='ocrx_word' id='word_1_218' title='bbox 71 2155 346 2295; x_wconf 60' lang='grc' dir='ltr'>άίςσίίκρνογραρεῖέν</span> <span class='ocrx_word' id='word_1_219' title='bbox 361 2217 395 2292; x_wconf 82' lang='grc' dir='ltr'>τῇ</span> <span class='ocrx_word' id='word_1_220' title='bbox 408 2215 508 2293; x_wconf 74' lang='grc' dir='ltr'>καρδίᾳ</span> <span class='ocrx_word' id='word_1_221' title='bbox 531 2217 544 2271; x_wconf 82' lang='grc' dir='ltr'>θ</span> <span class='ocrx_word' id='word_1_222' title='bbox 568 2210 781 2290; x_wconf 83' lang='grc' dir='ltr'>παντομώμητος</span> <span class='ocrx_word' id='word_1_223' title='bbox 803 2215 849 2274; x_wconf 85' lang='grc' dir='ltr'>καλ</span> <span class='ocrx_word' id='word_1_224' title='bbox 899 2225 945 2270; x_wconf 91' lang='lat' dir='ltr'>tus</span> <span class='ocrx_word' id='word_1_225' title='bbox 963 2212 1010 2270; x_wconf 92' lang='lat' dir='ltr'>ille</span> <span class='ocrx_word' id='word_1_226' title='bbox 1028 2225 1054 2271; x_wconf 92' lang='lat' dir='ltr'>et</span> <span class='ocrx_word' id='word_1_227' title='bbox 1072 2211 1201 2289; x_wconf 86' lang='lat' dir='ltr'>antiquus</span> <span class='ocrx_word' id='word_1_228' title='bbox 1240 2211 1309 2270; x_wconf 88' lang='lat' dir='ltr'>ictor</span> <span class='ocrx_word' id='word_1_229' title='bbox 1329 2211 1466 2271; x_wconf 85' lang='lat' dir='ltr'>diabolus.</span> <span class='ocrx_word' id='word_1_230' title='bbox 1492 2213 1646 2291; x_wconf 76' lang='lat' dir='ltr'>Aliquando</span> 
     </span>
     <span class='ocr_line' id='line_1_20' title="bbox 71 2232 1647 2373; baseline 0.001 -21"><span class='ocrx_word' id='word_1_231' title='bbox 71 2292 189 2359; x_wconf 81' lang='grc' dir='ltr'>παλαιὸς</span> <span class='ocrx_word' id='word_1_232' title='bbox 213 2292 348 2373; x_wconf 71' lang='grc' dir='ltr'>ζωγράφος</span> <span class='ocrx_word' id='word_1_233' title='bbox 362 2293 491 2360; x_wconf 82' lang='grc' dir='ltr'>διάύολος.</span> <span class='ocrx_word' id='word_1_234' title='bbox 508 2291 578 2351; x_wconf 77' lang='lat' dir='ltr'>Hori</span> <span class='ocrx_word' id='word_1_235' title='bbox 601 2291 649 2370; x_wconf 71' lang='grc' dir='ltr'>μὲν</span> <span class='ocrx_word' id='word_1_236' title='bbox 663 2291 772 2365; x_wconf 86' lang='grc' dir='ltr'>τύπους,</span> <span class='ocrx_word' id='word_1_237' title='bbox 784 2294 849 2354; x_wconf 80' lang='grc' dir='ltr'>ποτὲ</span> <span class='ocrx_word' id='word_1_238' title='bbox 900 2290 1011 2371; x_wconf 78' lang='lat' dir='ltr'>figuras,</span> <span class='ocrx_word' id='word_1_239' title='bbox 1027 2291 1162 2350; x_wconf 89' lang='lat' dir='ltr'>interdum</span> <span class='ocrx_word' id='word_1_240' title='bbox 1183 2232 1292 2349; x_wconf 75' lang='lat' dir='ltr'>hahitus</span> <span class='ocrx_word' id='word_1_241' title='bbox 1305 2304 1331 2349; x_wconf 87' lang='lat' dir='ltr'>et</span> <span class='ocrx_word' id='word_1_242' title='bbox 1344 2290 1457 2368; x_wconf 86' lang='lat' dir='ltr'>colores,</span> <span class='ocrx_word' id='word_1_243' title='bbox 1474 2305 1500 2350; x_wconf 88' lang='lat' dir='ltr'>et</span> <span class='ocrx_word' id='word_1_244' title='bbox 1551 2307 1575 2352; x_wconf 89' lang='lat' dir='ltr'>st</span> <span class='ocrx_word' id='word_1_245' title='bbox 1589 2294 1647 2354; x_wconf 80' lang='lat' dir='ltr'>haec</span> 
     </span>
     <span class='ocr_line' id='line_1_21' title="bbox 72 2369 1643 2453; baseline 0.001 -22"><span class='ocrx_word' id='word_1_246' title='bbox 72 2369 104 2432; x_wconf 68' lang='grc' dir='ltr'>δὲ</span> <span class='ocrx_word' id='word_1_247' title='bbox 122 2370 251 2452; x_wconf 61' lang='grc' dir='ltr'>τρήματα</span> <span class='ocrx_word' id='word_1_248' title='bbox 264 2372 310 2431; x_wconf 83' lang='grc' dir='ltr'>καλ</span> <span class='ocrx_word' id='word_1_249' title='bbox 322 2370 455 2453; x_wconf 86' lang='grc' dir='ltr'>χρώματα</span> <span class='ocrx_word' id='word_1_250' title='bbox 467 2372 513 2431; x_wconf 83' lang='grc' dir='ltr'>καὶ</span> <span class='ocrx_word' id='word_1_251' title='bbox 535 2370 667 2450; x_wconf 84' lang='grc' dir='ltr'>πρόσωπα</span> <span class='ocrx_word' id='word_1_252' title='bbox 681 2372 749 2449; x_wconf 79' lang='grc' dir='ltr'>μετά</span> <span class='ocrx_word' id='word_1_253' title='bbox 766 2379 849 2432; x_wconf 88' lang='grc' dir='ltr'>ταῦτα</span> <span class='ocrx_word' id='word_1_254' title='bbox 865 2383 884 2431; x_wconf 84' lang='lat' dir='ltr'><strong>G</strong></span> <span class='ocrx_word' id='word_1_255' title='bbox 900 2371 990 2430; x_wconf 87' lang='lat' dir='ltr'>omnia</span> <span class='ocrx_word' id='word_1_256' title='bbox 1001 2371 1186 2430; x_wconf 85' lang='lat' dir='ltr'>vultusetiam</span> <span class='ocrx_word' id='word_1_257' title='bbox 1195 2369 1503 2431; x_wconf 72' lang='lat' dir='ltr'>efformatdiaboluseet</span> <span class='ocrx_word' id='word_1_258' title='bbox 1599 2386 1643 2432; x_wconf 90' lang='lat' dir='ltr'>tus</span> 
     </span>
     <span class='ocr_line' id='line_1_22' title="bbox 72 2448 1644 2532; baseline 0 -21"><span class='ocrx_word' id='word_1_259' title='bbox 72 2450 165 2511; x_wconf 85' lang='grc' dir='ltr'>πάντα</span> <span class='ocrx_word' id='word_1_260' title='bbox 188 2451 335 2518; x_wconf 80' lang='grc' dir='ltr'>δδιάύολος</span> <span class='ocrx_word' id='word_1_261' title='bbox 358 2453 572 2532; x_wconf 81' lang='grc' dir='ltr'>άπομορροῦται·</span> <span class='ocrx_word' id='word_1_262' title='bbox 586 2451 632 2511; x_wconf 82' lang='grc' dir='ltr'>καὶ</span> <span class='ocrx_word' id='word_1_263' title='bbox 653 2457 666 2512; x_wconf 85' lang='grc' dir='ltr'>δ</span> <span class='ocrx_word' id='word_1_264' title='bbox 690 2452 778 2520; x_wconf 81' lang='grc' dir='ltr'>ἄθλιος</span> <span class='ocrx_word' id='word_1_265' title='bbox 800 2454 848 2513; x_wconf 88' lang='grc' dir='ltr'>άν-</span> <span class='ocrx_word' id='word_1_266' title='bbox 900 2451 983 2509; x_wconf 84' lang='lat' dir='ltr'>miser</span> <span class='ocrx_word' id='word_1_267' title='bbox 1007 2451 1088 2509; x_wconf 91' lang='lat' dir='ltr'>bomo</span> <span class='ocrx_word' id='word_1_268' title='bbox 1111 2470 1165 2508; x_wconf 91' lang='lat' dir='ltr'>uno</span> <span class='ocrx_word' id='word_1_269' title='bbox 1187 2448 1216 2507; x_wconf 89' lang='lat' dir='ltr'>in</span> <span class='ocrx_word' id='word_1_270' title='bbox 1238 2449 1402 2522; x_wconf 80' lang='lat' dir='ltr'>locustam,</span> <span class='ocrx_word' id='word_1_271' title='bbox 1428 2463 1506 2530; x_wconf 87' lang='lat' dir='ltr'>putat</span> <span class='ocrx_word' id='word_1_272' title='bbox 1527 2471 1556 2511; x_wconf 86' lang='lat' dir='ltr'>se</span> <span class='ocrx_word' id='word_1_273' title='bbox 1576 2452 1644 2511; x_wconf 78' lang='lat' dir='ltr'>alibi</span> 
     </span>
     <span class='ocr_line' id='line_1_23' title="bbox 75 2528 1645 2612; baseline 0.002 -23"><span class='ocrx_word' id='word_1_274' title='bbox 75 2533 223 2598; x_wconf 83' lang='grc' dir='ltr'>θωποςίν</span> <span class='ocrx_word' id='word_1_275' title='bbox 236 2531 273 2590; x_wconf 78' lang='grc' dir='ltr'>ἑνὶ</span> <span class='ocrx_word' id='word_1_276' title='bbox 287 2530 467 2610; x_wconf 82' lang='grc' dir='ltr'>τύπῳέστώς,</span> <span class='ocrx_word' id='word_1_277' title='bbox 481 2531 580 2610; x_wconf 81' lang='grc' dir='ltr'>νομίζει</span> <span class='ocrx_word' id='word_1_278' title='bbox 593 2532 849 2612; x_wconf 75' lang='grc' dir='ltr'>ἀλλαχοῦπαίποτε</span> <span class='ocrx_word' id='word_1_279' title='bbox 898 2550 965 2605; x_wconf 85' lang='lat' dir='ltr'>esse,</span> <span class='ocrx_word' id='word_1_280' title='bbox 978 2529 1085 2609; x_wconf 86' lang='lat' dir='ltr'>sibique</span> <span class='ocrx_word' id='word_1_281' title='bbox 1098 2528 1208 2588; x_wconf 83' lang='lat' dir='ltr'>videtur</span> <span class='ocrx_word' id='word_1_282' title='bbox 1218 2529 1322 2607; x_wconf 80' lang='lat' dir='ltr'>aliquos</span> <span class='ocrx_word' id='word_1_283' title='bbox 1336 2529 1468 2610; x_wconf 78' lang='lat' dir='ltr'>respicere</span> <span class='ocrx_word' id='word_1_284' title='bbox 1479 2544 1507 2589; x_wconf 89' lang='lat' dir='ltr'>et</span> <span class='ocrx_word' id='word_1_285' title='bbox 1597 2552 1645 2592; x_wconf 89' lang='lat' dir='ltr'>nas</span> 
     </span>
     <span class='ocr_line' id='line_1_24' title="bbox 71 2552 1644 2690; baseline 0.001 -21"><span class='ocrx_word' id='word_1_286' title='bbox 71 2552 157 2683; x_wconf 72' lang='lat' dir='ltr'>e&#39;liot,</span> <span class='ocrx_word' id='word_1_287' title='bbox 181 2609 371 2689; x_wconf 79' lang='grc' dir='ltr'>ἀπατώμενος,</span> <span class='ocrx_word' id='word_1_288' title='bbox 404 2612 450 2670; x_wconf 82' lang='grc' dir='ltr'>καί</span> <span class='ocrx_word' id='word_1_289' title='bbox 474 2614 544 2671; x_wconf 84' lang='grc' dir='ltr'>δοκεῖ</span> <span class='ocrx_word' id='word_1_290' title='bbox 570 2610 676 2690; x_wconf 82' lang='grc' dir='ltr'>βλέπειν</span> <span class='ocrx_word' id='word_1_291' title='bbox 699 2612 785 2684; x_wconf 74' lang='grc' dir='ltr'>τινάς,</span> <span class='ocrx_word' id='word_1_292' title='bbox 802 2613 849 2673; x_wconf 84' lang='grc' dir='ltr'>καλ</span> <span class='ocrx_word' id='word_1_293' title='bbox 900 2610 1053 2687; x_wconf 87' lang='lat' dir='ltr'>elloqui‚n</span> <span class='ocrx_word' id='word_1_294' title='bbox 1087 2610 1142 2668; x_wconf 81' lang='lat' dir='ltr'>otia</span> <span class='ocrx_word' id='word_1_295' title='bbox 1160 2607 1305 2685; x_wconf 84' lang='lat' dir='ltr'>ordinare,</span> <span class='ocrx_word' id='word_1_296' title='bbox 1326 2630 1388 2687; x_wconf 80' lang='lat' dir='ltr'>quae</span> <span class='ocrx_word' id='word_1_297' title='bbox 1417 2621 1480 2669; x_wconf 86' lang='lat' dir='ltr'>sunt</span> <span class='ocrx_word' id='word_1_298' title='bbox 1532 2610 1644 2671; x_wconf 83' lang='lat' dir='ltr'>abolicae</span> 
     </span>
     <span class='ocr_line' id='line_1_25' title="bbox 71 2628 1641 2770; baseline 0 -22"><span class='ocrx_word' id='word_1_299' title='bbox 71 2689 226 2768; x_wconf 80' lang='grc' dir='ltr'>προσώποις</span> <span class='ocrx_word' id='word_1_300' title='bbox 239 2692 340 2759; x_wconf 83' lang='grc' dir='ltr'>λαλεῖν,</span> <span class='ocrx_word' id='word_1_301' title='bbox 353 2690 398 2749; x_wconf 85' lang='grc' dir='ltr'>καλ</span> <span class='ocrx_word' id='word_1_302' title='bbox 411 2691 599 2752; x_wconf 79' lang='grc' dir='ltr'>διατάττεσθαι</span> <span class='ocrx_word' id='word_1_303' title='bbox 613 2690 768 2770; x_wconf 86' lang='grc' dir='ltr'>πράγματα,</span> <span class='ocrx_word' id='word_1_304' title='bbox 780 2693 832 2754; x_wconf 68' lang='lat' dir='ltr'>tm</span> <span class='ocrx_word' id='word_1_305' title='bbox 900 2689 1022 2749; x_wconf 70' lang='lat' dir='ltr'>fallaciae.</span> <span class='ocrx_word' id='word_1_306' title='bbox 1054 2628 1216 2749; x_wconf 44' lang='lat' dir='ltr'>avendum</span> <span class='ocrx_word' id='word_1_307' title='bbox 1246 2687 1330 2768; x_wconf 82' lang='lat' dir='ltr'>igitur</span> <span class='ocrx_word' id='word_1_308' title='bbox 1344 2712 1351 2745; x_wconf 84' lang='grc' dir='ltr'>ι</span> <span class='ocrx_word' id='word_1_309' title='bbox 1364 2707 1439 2746; x_wconf 92' lang='lat' dir='ltr'>mens</span> <span class='ocrx_word' id='word_1_310' title='bbox 1465 2688 1641 2768; x_wconf 79' lang='lat' dir='ltr'>gubernanda</span> 
     </span>
     <span class='ocr_line' id='line_1_26' title="bbox 73 2718 1643 2852; baseline 0 -23"><span class='ocrx_word' id='word_1_311' title='bbox 73 2769 181 2842; x_wconf 85' lang='grc' dir='ltr'>πλάνης</span> <span class='ocrx_word' id='word_1_312' title='bbox 201 2770 257 2829; x_wconf 77' lang='grc' dir='ltr'>ἐστὶ</span> <span class='ocrx_word' id='word_1_313' title='bbox 275 2768 437 2840; x_wconf 77' lang='grc' dir='ltr'>διαῦολικῆς.</span> <span class='ocrx_word' id='word_1_314' title='bbox 453 2770 512 2852; x_wconf 78' lang='grc' dir='ltr'>Χρη</span> <span class='ocrx_word' id='word_1_315' title='bbox 528 2760 573 2829; x_wconf 82' lang='grc' dir='ltr'>οῦν</span> <span class='ocrx_word' id='word_1_316' title='bbox 593 2771 781 2850; x_wconf 83' lang='grc' dir='ltr'>άσροιλίζιαθαι</span> <span class='ocrx_word' id='word_1_317' title='bbox 802 2718 849 2833; x_wconf 68' lang='grc' dir='ltr'>καλ</span> <span class='ocrx_word' id='word_1_318' title='bbox 898 2781 925 2827; x_wconf 90' lang='lat' dir='ltr'>et</span> <span class='ocrx_word' id='word_1_319' title='bbox 941 2768 1070 2827; x_wconf 78' lang='lat' dir='ltr'>henanda</span> <span class='ocrx_word' id='word_1_320' title='bbox 1092 2782 1152 2840; x_wconf 88' lang='lat' dir='ltr'>est,</span> <span class='ocrx_word' id='word_1_321' title='bbox 1186 2771 1327 2846; x_wconf 87' lang='lat' dir='ltr'>omnisque</span> <span class='ocrx_word' id='word_1_322' title='bbox 1351 2767 1479 2846; x_wconf 72' lang='lat' dir='ltr'>cogitatio</span> <span class='ocrx_word' id='word_1_323' title='bbox 1502 2789 1534 2828; x_wconf 83' lang='lat' dir='ltr'>ao</span> <span class='ocrx_word' id='word_1_324' title='bbox 1558 2770 1643 2829; x_wconf 85' lang='lat' dir='ltr'>mali-</span> 
     </span>
     <span class='ocr_line' id='line_1_27' title="bbox 69 2846 1643 2930; baseline 0 -22"><span class='ocrx_word' id='word_1_325' title='bbox 69 2854 191 2929; x_wconf 76' lang='grc' dir='ltr'>ἡνιοχεῖν</span> <span class='ocrx_word' id='word_1_326' title='bbox 218 2849 263 2907; x_wconf 79' lang='grc' dir='ltr'>τὸν</span> <span class='ocrx_word' id='word_1_327' title='bbox 290 2855 360 2922; x_wconf 86' lang='grc' dir='ltr'>νοῦν,</span> <span class='ocrx_word' id='word_1_328' title='bbox 391 2849 437 2908; x_wconf 84' lang='grc' dir='ltr'>καλ</span> <span class='ocrx_word' id='word_1_329' title='bbox 461 2851 655 2929; x_wconf 75' lang='grc' dir='ltr'>χαλιναγωγεῑν</span> <span class='ocrx_word' id='word_1_330' title='bbox 684 2851 772 2924; x_wconf 78' lang='grc' dir='ltr'>αὐτὸν,</span> <span class='ocrx_word' id='word_1_331' title='bbox 803 2853 847 2913; x_wconf 85' lang='grc' dir='ltr'>καί</span> <span class='ocrx_word' id='word_1_332' title='bbox 899 2848 945 2927; x_wconf 73' lang='lat' dir='ltr'>gni</span> <span class='ocrx_word' id='word_1_333' title='bbox 977 2848 1097 2930; x_wconf 86' lang='lat' dir='ltr'>operatio</span> <span class='ocrx_word' id='word_1_334' title='bbox 1124 2846 1280 2928; x_wconf 81' lang='lat' dir='ltr'>castiganda</span> <span class='ocrx_word' id='word_1_335' title='bbox 1301 2867 1348 2928; x_wconf 82' lang='lat' dir='ltr'>per</span> <span class='ocrx_word' id='word_1_336' title='bbox 1378 2847 1575 2907; x_wconf 74' lang='lat' dir='ltr'>invocationem</span> <span class='ocrx_word' id='word_1_337' title='bbox 1595 2870 1643 2908; x_wconf 80' lang='lat' dir='ltr'>no·</span> 
     </span>
     <span class='ocr_line' id='line_1_28' title="bbox 72 2925 1643 3011; baseline 0 -24"><span class='ocrx_word' id='word_1_338' title='bbox 72 2930 165 2990; x_wconf 84' lang='grc' dir='ltr'>πάντα</span> <span class='ocrx_word' id='word_1_339' title='bbox 184 2926 312 3006; x_wconf 80' lang='grc' dir='ltr'>λογισμὸν</span> <span class='ocrx_word' id='word_1_340' title='bbox 328 2928 374 2988; x_wconf 77' lang='grc' dir='ltr'>καὶ</span> <span class='ocrx_word' id='word_1_341' title='bbox 399 2939 489 2988; x_wconf 78' lang='grc' dir='ltr'>πᾶσαν</span> <span class='ocrx_word' id='word_1_342' title='bbox 507 2935 553 2988; x_wconf 84' lang='grc' dir='ltr'>τοῦ</span> <span class='ocrx_word' id='word_1_343' title='bbox 577 2933 693 3010; x_wconf 82' lang='grc' dir='ltr'>πονηροῦ</span> <span class='ocrx_word' id='word_1_344' title='bbox 716 2930 847 3011; x_wconf 82' lang='grc' dir='ltr'>ἐνάργειαν</span> <span class='ocrx_word' id='word_1_345' title='bbox 899 2928 980 2988; x_wconf 87' lang='lat' dir='ltr'>minis</span> <span class='ocrx_word' id='word_1_346' title='bbox 1005 2927 1115 2986; x_wconf 86' lang='lat' dir='ltr'>Domini</span> <span class='ocrx_word' id='word_1_347' title='bbox 1136 2929 1221 2987; x_wconf 87' lang='lat' dir='ltr'>nostri</span> <span class='ocrx_word' id='word_1_348' title='bbox 1246 2930 1310 2990; x_wconf 84' lang='lat' dir='ltr'>Jesu</span> <span class='ocrx_word' id='word_1_349' title='bbox 1332 2925 1434 2985; x_wconf 85' lang='lat' dir='ltr'>Christi</span> <span class='ocrx_word' id='word_1_350' title='bbox 1447 2950 1453 2982; x_wconf 93' lang='lat'><strong>:</strong></span> <span class='ocrx_word' id='word_1_351' title='bbox 1466 2940 1494 2987; x_wconf 88' lang='lat' dir='ltr'>et</span> <span class='ocrx_word' id='word_1_352' title='bbox 1513 2927 1561 2986; x_wconf 91' lang='lat' dir='ltr'>ubi</span> <span class='ocrx_word' id='word_1_353' title='bbox 1583 2949 1643 2987; x_wconf 92' lang='lat' dir='ltr'>oor-</span> 
     </span>
     <span class='ocr_line' id='line_1_29' title="bbox 71 3005 1644 3086; baseline -0.001 -18"><span class='ocrx_word' id='word_1_354' title='bbox 71 3008 194 3077; x_wconf 81' lang='grc' dir='ltr'>κολάζειν</span> <span class='ocrx_word' id='word_1_355' title='bbox 209 3007 252 3066; x_wconf 77' lang='grc' dir='ltr'>διὰ</span> <span class='ocrx_word' id='word_1_356' title='bbox 275 3013 324 3080; x_wconf 82' lang='grc' dir='ltr'>τῆς</span> <span class='ocrx_word' id='word_1_357' title='bbox 337 3009 501 3080; x_wconf 78' lang='grc' dir='ltr'>ἐπικλήσεως</span> <span class='ocrx_word' id='word_1_358' title='bbox 517 3014 562 3069; x_wconf 85' lang='grc' dir='ltr'>τοῦ</span> <span class='ocrx_word' id='word_1_359' title='bbox 584 3008 712 3086; x_wconf 83' lang='grc' dir='ltr'>ὀνόματος</span> <span class='ocrx_word' id='word_1_360' title='bbox 733 3015 779 3070; x_wconf 84' lang='grc' dir='ltr'>τοῦ</span> <span class='ocrx_word' id='word_1_361' title='bbox 794 3015 846 3071; x_wconf 84' lang='grc' dir='ltr'>Κυ-</span> <span class='ocrx_word' id='word_1_362' title='bbox 920 3029 950 3066; x_wconf 90' lang='lat' dir='ltr'>us</span> <span class='ocrx_word' id='word_1_363' title='bbox 963 3020 1013 3085; x_wconf 84' lang='lat' dir='ltr'>cst,</span> <span class='ocrx_word' id='word_1_364' title='bbox 1037 3007 1076 3066; x_wconf 91' lang='lat' dir='ltr'>ibi</span> <span class='ocrx_word' id='word_1_365' title='bbox 1090 3028 1166 3066; x_wconf 86' lang='lat' dir='ltr'>mens</span> <span class='ocrx_word' id='word_1_366' title='bbox 1180 3021 1235 3065; x_wconf 85' lang='lat' dir='ltr'>esto</span> <span class='ocrx_word' id='word_1_367' title='bbox 1240 3029 1249 3081; x_wconf 89' lang='lat'>;</span> <span class='ocrx_word' id='word_1_368' title='bbox 1266 3019 1297 3065; x_wconf 89' lang='lat' dir='ltr'>ut</span> <span class='ocrx_word' id='word_1_369' title='bbox 1314 3005 1384 3064; x_wconf 84' lang='lat' dir='ltr'>inter</span> <span class='ocrx_word' id='word_1_370' title='bbox 1398 3008 1487 3065; x_wconf 82' lang='lat' dir='ltr'>Deum</span> <span class='ocrx_word' id='word_1_371' title='bbox 1500 3020 1527 3067; x_wconf 85' lang='lat' dir='ltr'>et</span> <span class='ocrx_word' id='word_1_372' title='bbox 1541 3027 1586 3066; x_wconf 88' lang='lat' dir='ltr'>cor</span> <span class='ocrx_word' id='word_1_373' title='bbox 1599 3007 1644 3068; x_wconf 89' lang='lat' dir='ltr'>ni·</span> 
     </span>
     <span class='ocr_line' id='line_1_30' title="bbox 73 3028 1640 3169; baseline 0 -23"><span class='ocrx_word' id='word_1_374' title='bbox 73 3087 132 3167; x_wconf 91' lang='grc' dir='ltr'>ρίου</span> <span class='ocrx_word' id='word_1_375' title='bbox 146 3089 222 3165; x_wconf 81' lang='grc' dir='ltr'>ἡμῶν</span> <span class='ocrx_word' id='word_1_376' title='bbox 239 3086 328 3159; x_wconf 81' lang='grc' dir='ltr'>Ἰησοῦ</span> <span class='ocrx_word' id='word_1_377' title='bbox 347 3088 478 3169; x_wconf 80' lang='grc' dir='ltr'>Χριστοῦ·</span> <span class='ocrx_word' id='word_1_378' title='bbox 490 3088 535 3147; x_wconf 85' lang='grc' dir='ltr'>καλ</span> <span class='ocrx_word' id='word_1_379' title='bbox 549 3087 614 3147; x_wconf 76' lang='grc' dir='ltr'>ὅπου</span> <span class='ocrx_word' id='word_1_380' title='bbox 630 3088 659 3147; x_wconf 86' lang='grc' dir='ltr'>τὸ</span> <span class='ocrx_word' id='word_1_381' title='bbox 679 3092 759 3165; x_wconf 85' lang='grc' dir='ltr'>σῶμα</span> <span class='ocrx_word' id='word_1_382' title='bbox 773 3089 847 3151; x_wconf 79' lang='grc' dir='ltr'>ἵστα·</span> <span class='ocrx_word' id='word_1_383' title='bbox 864 3092 884 3138; x_wconf 77' lang='lat' dir='ltr'>it</span> <span class='ocrx_word' id='word_1_384' title='bbox 899 3028 939 3144; x_wconf 83' lang='lat' dir='ltr'>iiii</span> <span class='ocrx_word' id='word_1_385' title='bbox 955 3086 1146 3146; x_wconf 88' lang='lat' dir='ltr'>intermedium</span> <span class='ocrx_word' id='word_1_386' title='bbox 1160 3106 1208 3145; x_wconf 85' lang='lat' dir='ltr'>neo</span> <span class='ocrx_word' id='word_1_387' title='bbox 1219 3105 1315 3144; x_wconf 86' lang='lat' dir='ltr'>murus</span> <span class='ocrx_word' id='word_1_388' title='bbox 1327 3085 1463 3167; x_wconf 84' lang='lat' dir='ltr'>quispiam</span> <span class='ocrx_word' id='word_1_389' title='bbox 1476 3085 1640 3167; x_wconf 78' lang='lat' dir='ltr'>reperiatur,</span> 
     </span>
     <span class='ocr_line' id='line_1_31' title="bbox 70 3166 1642 3248; baseline 0.001 -21"><span class='ocrx_word' id='word_1_390' title='bbox 70 3191 119 3227; x_wconf 90' lang='grc' dir='ltr'>ται</span> <span class='ocrx_word' id='word_1_391' title='bbox 127 3211 136 3241; x_wconf 94' lang='grc'>,</span> <span class='ocrx_word' id='word_1_392' title='bbox 151 3169 205 3226; x_wconf 76' lang='grc' dir='ltr'>ἐκεῖ</span> <span class='ocrx_word' id='word_1_393' title='bbox 220 3167 266 3225; x_wconf 82' lang='grc' dir='ltr'>καί</span> <span class='ocrx_word' id='word_1_394' title='bbox 280 3171 294 3226; x_wconf 85' lang='grc' dir='ltr'>θ</span> <span class='ocrx_word' id='word_1_395' title='bbox 308 3172 365 3234; x_wconf 89' lang='grc' dir='ltr'>νοῦς</span> <span class='ocrx_word' id='word_1_396' title='bbox 384 3167 469 3240; x_wconf 82' lang='grc' dir='ltr'>ἔστω,</span> <span class='ocrx_word' id='word_1_397' title='bbox 486 3167 530 3226; x_wconf 81' lang='grc' dir='ltr'>ἴνα</span> <span class='ocrx_word' id='word_1_398' title='bbox 544 3166 622 3244; x_wconf 74' lang='grc' dir='ltr'>μέσον</span> <span class='ocrx_word' id='word_1_399' title='bbox 644 3174 690 3227; x_wconf 90' lang='grc' dir='ltr'>τοῦ</span> <span class='ocrx_word' id='word_1_400' title='bbox 713 3172 784 3228; x_wconf 84' lang='grc' dir='ltr'>Θεοῦ</span> <span class='ocrx_word' id='word_1_401' title='bbox 802 3172 847 3232; x_wconf 86' lang='grc' dir='ltr'>καί</span> <span class='ocrx_word' id='word_1_402' title='bbox 898 3179 944 3224; x_wconf 73' lang='lat' dir='ltr'>aul</span> <span class='ocrx_word' id='word_1_403' title='bbox 962 3187 1047 3248; x_wconf 70' lang='lat' dir='ltr'>sepes,</span> <span class='ocrx_word' id='word_1_404' title='bbox 1067 3187 1127 3244; x_wconf 84' lang='lat' dir='ltr'>quae</span> <span class='ocrx_word' id='word_1_405' title='bbox 1141 3187 1187 3225; x_wconf 91' lang='lat' dir='ltr'>oor</span> <span class='ocrx_word' id='word_1_406' title='bbox 1203 3166 1328 3225; x_wconf 80' lang='lat' dir='ltr'>obscuret</span> <span class='ocrx_word' id='word_1_407' title='bbox 1340 3177 1367 3223; x_wconf 88' lang='lat' dir='ltr'>et</span> <span class='ocrx_word' id='word_1_408' title='bbox 1378 3177 1482 3246; x_wconf 71' lang='lat' dir='ltr'>separet</span> <span class='ocrx_word' id='word_1_409' title='bbox 1496 3186 1512 3224; x_wconf 90' lang='lat' dir='ltr'>a</span> <span class='ocrx_word' id='word_1_410' title='bbox 1527 3167 1594 3226; x_wconf 86' lang='lat' dir='ltr'>Deo.</span> <span class='ocrx_word' id='word_1_411' title='bbox 1610 3168 1642 3228; x_wconf 92' lang='lat' dir='ltr'>Si</span> 
     </span>
     <span class='ocr_line' id='line_1_32' title="bbox 71 3243 1641 3334; baseline 0.001 -30"><span class='ocrx_word' id='word_1_412' title='bbox 71 3251 121 3320; x_wconf 78' lang='grc' dir='ltr'>τῆς</span> <span class='ocrx_word' id='word_1_413' title='bbox 135 3246 244 3325; x_wconf 83' lang='grc' dir='ltr'>καρδίας</span> <span class='ocrx_word' id='word_1_414' title='bbox 253 3247 335 3324; x_wconf 79' lang='grc' dir='ltr'>μηδὲν</span> <span class='ocrx_word' id='word_1_415' title='bbox 348 3246 434 3326; x_wconf 77' lang='grc' dir='ltr'>ἕτερον</span> <span class='ocrx_word' id='word_1_416' title='bbox 442 3246 641 3328; x_wconf 82' lang='grc' dir='ltr'>εύρίσκηταιώς</span> <span class='ocrx_word' id='word_1_417' title='bbox 655 3247 846 3330; x_wconf 79' lang='grc' dir='ltr'>μισύτοιγον,ἣ</span> <span class='ocrx_word' id='word_1_418' title='bbox 897 3245 1006 3324; x_wconf 80' lang='lat' dir='ltr'>qnando</span> <span class='ocrx_word' id='word_1_419' title='bbox 1027 3258 1118 3304; x_wconf 85' lang='lat' dir='ltr'>eutem</span> <span class='ocrx_word' id='word_1_420' title='bbox 1139 3259 1256 3305; x_wconf 85' lang='lat' dir='ltr'>mentem</span> <span class='ocrx_word' id='word_1_421' title='bbox 1271 3243 1399 3334; x_wconf 81' lang='lat' dir='ltr'>abripiet,</span> <span class='ocrx_word' id='word_1_422' title='bbox 1423 3265 1475 3303; x_wconf 93' lang='lat' dir='ltr'>non</span> <span class='ocrx_word' id='word_1_423' title='bbox 1493 3258 1599 3325; x_wconf 87' lang='lat' dir='ltr'>oportet</span> <span class='ocrx_word' id='word_1_424' title='bbox 1612 3244 1641 3306; x_wconf 94' lang='lat' dir='ltr'>in</span> 
     </span>
     <span class='ocr_line' id='line_1_33' title="bbox 71 3318 1665 3408; baseline 0.001 -25"><span class='ocrx_word' id='word_1_425' title='bbox 71 3331 109 3395; x_wconf 86' lang='grc' dir='ltr'>ώς</span> <span class='ocrx_word' id='word_1_426' title='bbox 126 3350 143 3408; x_wconf 77' lang='grc' dir='ltr'>ρ</span> <span class='ocrx_word' id='word_1_427' title='bbox 162 3325 246 3403; x_wconf 81' lang='grc' dir='ltr'>αγμδς</span> <span class='ocrx_word' id='word_1_428' title='bbox 257 3327 402 3385; x_wconf 77' lang='grc' dir='ltr'>ἐπισκοτῶν</span> <span class='ocrx_word' id='word_1_429' title='bbox 413 3325 462 3398; x_wconf 73' lang='grc' dir='ltr'>τὴν</span> <span class='ocrx_word' id='word_1_430' title='bbox 474 3327 595 3407; x_wconf 84' lang='grc' dir='ltr'>καρδίαν,</span> <span class='ocrx_word' id='word_1_431' title='bbox 605 3327 651 3386; x_wconf 76' lang='grc' dir='ltr'>καί</span> <span class='ocrx_word' id='word_1_432' title='bbox 661 3318 781 3408; x_wconf 70' lang='grc' dir='ltr'>χωρίζωί</span> <span class='ocrx_word' id='word_1_433' title='bbox 793 3330 846 3390; x_wconf 77' lang='grc' dir='ltr'>ἀπὸ</span> <span class='ocrx_word' id='word_1_434' title='bbox 897 3325 1105 3403; x_wconf 81' lang='lat' dir='ltr'>cogitationibus</span> <span class='ocrx_word' id='word_1_435' title='bbox 1131 3325 1187 3383; x_wconf 82' lang='lat' dir='ltr'>illis</span> <span class='ocrx_word' id='word_1_436' title='bbox 1209 3324 1366 3397; x_wconf 81' lang='lat' dir='ltr'>immoram3</span> <span class='ocrx_word' id='word_1_437' title='bbox 1389 3343 1424 3382; x_wconf 87' lang='lat' dir='ltr'>ne</span> <span class='ocrx_word' id='word_1_438' title='bbox 1446 3344 1591 3385; x_wconf 83' lang='lat' dir='ltr'>consensus</span> <span class='ocrx_word' id='word_1_439' title='bbox 1612 3326 1640 3385; x_wconf 87' lang='lat' dir='ltr'>in</span> <span class='ocrx_word' id='word_1_440' title='bbox 1662 3355 1665 3363; x_wconf 92' lang='lat'>·</span> 
     </span>
     <span class='ocr_line' id='line_1_34' title="bbox 68 3351 1639 3496; baseline 0 -32"><span class='ocrx_word' id='word_1_441' title='bbox 68 3411 119 3466; x_wconf 80' lang='grc' dir='ltr'>τοῦ</span> <span class='ocrx_word' id='word_1_442' title='bbox 134 3351 213 3465; x_wconf 59' lang='grc' dir='ltr'>Θεοῦ.</span> <span class='ocrx_word' id='word_1_443' title='bbox 228 3404 295 3464; x_wconf 81' lang='grc' dir='ltr'>Ἐάν</span> <span class='ocrx_word' id='word_1_444' title='bbox 311 3404 338 3463; x_wconf 77' lang='lat' dir='ltr'>ll</span> <span class='ocrx_word' id='word_1_445' title='bbox 349 3403 395 3464; x_wconf 91' lang='grc' dir='ltr'>καί</span> <span class='ocrx_word' id='word_1_446' title='bbox 405 3428 469 3465; x_wconf 88' lang='grc' dir='ltr'>ποτε</span> <span class='ocrx_word' id='word_1_447' title='bbox 486 3406 591 3486; x_wconf 73' lang='grc' dir='ltr'>ἁρπάζῃ</span> <span class='ocrx_word' id='word_1_448' title='bbox 607 3407 650 3466; x_wconf 83' lang='grc' dir='ltr'>τὸν</span> <span class='ocrx_word' id='word_1_449' title='bbox 665 3413 737 3481; x_wconf 83' lang='grc' dir='ltr'>νοῦν,</span> <span class='ocrx_word' id='word_1_450' title='bbox 750 3409 843 3492; x_wconf 76' lang='grc' dir='ltr'>ούγρὴ</span> <span class='ocrx_word' id='word_1_451' title='bbox 896 3416 987 3463; x_wconf 82' lang='lat' dir='ltr'>actum</span> <span class='ocrx_word' id='word_1_452' title='bbox 1005 3417 1144 3496; x_wconf 83' lang='lat' dir='ltr'>reputetur</span> <span class='ocrx_word' id='word_1_453' title='bbox 1165 3424 1257 3463; x_wconf 86' lang='lat' dir='ltr'>coram</span> <span class='ocrx_word' id='word_1_454' title='bbox 1278 3403 1396 3461; x_wconf 90' lang='lat' dir='ltr'>Domino</span> <span class='ocrx_word' id='word_1_455' title='bbox 1418 3402 1445 3460; x_wconf 87' lang='lat' dir='ltr'>in</span> <span class='ocrx_word' id='word_1_456' title='bbox 1466 3402 1512 3461; x_wconf 82' lang='lat' dir='ltr'>die</span> <span class='ocrx_word' id='word_1_457' title='bbox 1527 3402 1639 3483; x_wconf 86' lang='lat' dir='ltr'>judicii,</span> 
     </span>
     <span class='ocr_line' id='line_1_35' title="bbox 69 3479 1637 3568; baseline -0.002 -23"><span class='ocrx_word' id='word_1_458' title='bbox 69 3495 127 3553; x_wconf 88' lang='grc' dir='ltr'>τοῖς</span> <span class='ocrx_word' id='word_1_459' title='bbox 146 3488 281 3563; x_wconf 83' lang='grc' dir='ltr'>λογισμοῖς</span> <span class='ocrx_word' id='word_1_460' title='bbox 303 3483 535 3565; x_wconf 78' lang='grc' dir='ltr'>ἐγγρονίζειν·ίνα</span> <span class='ocrx_word' id='word_1_461' title='bbox 555 3488 592 3562; x_wconf 78' lang='grc' dir='ltr'>μὴ</span> <span class='ocrx_word' id='word_1_462' title='bbox 613 3491 630 3557; x_wconf 85' lang='grc' dir='ltr'><strong>ἡ</strong></span> <span class='ocrx_word' id='word_1_463' title='bbox 652 3479 843 3567; x_wconf 82' lang='grc' dir='ltr'>συγκατάθεσις</span> <span class='ocrx_word' id='word_1_464' title='bbox 850 3504 958 3568; x_wconf 54' lang='lat' dir='ltr'>⁰³²³cnm</span> <span class='ocrx_word' id='word_1_465' title='bbox 978 3482 1113 3564; x_wconf 81' lang='lat' dir='ltr'>judicabit</span> <span class='ocrx_word' id='word_1_466' title='bbox 1139 3484 1272 3542; x_wconf 87' lang='lat' dir='ltr'>Dominus</span> <span class='ocrx_word' id='word_1_467' title='bbox 1301 3480 1458 3541; x_wconf 84' lang='lat' dir='ltr'>abscondita</span> <span class='ocrx_word' id='word_1_468' title='bbox 1484 3482 1637 3544; x_wconf 88' lang='lat' dir='ltr'>bominum.</span> 
     </span>
     <span class='ocr_line' id='line_1_36' title="bbox 70 3554 1640 3644; baseline 0.005 -21"><span class='ocrx_word' id='word_1_469' title='bbox 70 3569 125 3623; x_wconf 80' lang='grc' dir='ltr'>τῶν</span> <span class='ocrx_word' id='word_1_470' title='bbox 138 3565 273 3643; x_wconf 82' lang='grc' dir='ltr'>λογισμῶν</span> <span class='ocrx_word' id='word_1_471' title='bbox 291 3567 328 3631; x_wconf 83' lang='grc' dir='ltr'>είς</span> <span class='ocrx_word' id='word_1_472' title='bbox 340 3554 433 3644; x_wconf 76' lang='grc' dir='ltr'>πρᾶξιν</span> <span class='ocrx_word' id='word_1_473' title='bbox 445 3567 517 3644; x_wconf 80' lang='grc' dir='ltr'>αὐτῷ</span> <span class='ocrx_word' id='word_1_474' title='bbox 536 3567 646 3644; x_wconf 78' lang='grc' dir='ltr'>λογισθῇ</span> <span class='ocrx_word' id='word_1_475' title='bbox 667 3565 776 3628; x_wconf 77' lang='grc' dir='ltr'>ἐνώπιον</span> <span class='ocrx_word' id='word_1_476' title='bbox 792 3572 841 3629; x_wconf 85' lang='grc' dir='ltr'>Κυ-</span> <span class='ocrx_word' id='word_1_477' title='bbox 859 3583 879 3631; x_wconf 88' lang='grc' dir='ltr'><strong>Α</strong></span> <span class='ocrx_word' id='word_1_478' title='bbox 895 3563 998 3623; x_wconf 72' lang='grc' dir='ltr'>Χθθᾶῑθ</span> <span class='ocrx_word' id='word_1_479' title='bbox 1011 3563 1096 3644; x_wconf 72' lang='lat' dir='ltr'>igilur</span> <span class='ocrx_word' id='word_1_480' title='bbox 1108 3583 1223 3644; x_wconf 63' lang='lat' dir='ltr'>semper,</span> <span class='ocrx_word' id='word_1_481' title='bbox 1241 3575 1267 3620; x_wconf 73' lang='grc' dir='ltr'>θῖ</span> <span class='ocrx_word' id='word_1_482' title='bbox 1278 3574 1446 3643; x_wconf 81' lang='lat' dir='ltr'>perseverate</span> <span class='ocrx_word' id='word_1_483' title='bbox 1459 3561 1532 3642; x_wconf 62' lang='lat' dir='ltr'><strong>apud</strong></span> <span class='ocrx_word' id='word_1_484' title='bbox 1545 3564 1640 3624; x_wconf 80' lang='lat' dir='ltr'>D⁰ml·</span> 
     </span>
     <span class='ocr_line' id='line_1_37' title="bbox 69 3641 1637 3730; baseline -0.003 -27"><span class='ocrx_word' id='word_1_485' title='bbox 69 3642 129 3724; x_wconf 85' lang='grc' dir='ltr'>ρίου</span> <span class='ocrx_word' id='word_1_486' title='bbox 142 3647 168 3704; x_wconf 81' lang='grc' dir='ltr'>ἐν</span> <span class='ocrx_word' id='word_1_487' title='bbox 182 3642 300 3724; x_wconf 79' lang='grc' dir='ltr'>ἡμέρρκ</span> <span class='ocrx_word' id='word_1_488' title='bbox 319 3643 408 3716; x_wconf 85' lang='grc' dir='ltr'>ίσεως,</span> <span class='ocrx_word' id='word_1_489' title='bbox 422 3643 465 3703; x_wconf 82' lang='grc' dir='ltr'>ὅτε</span> <span class='ocrx_word' id='word_1_490' title='bbox 479 3645 671 3724; x_wconf 80' lang='grc' dir='ltr'>κρινεῖθθεδς</span> <span class='ocrx_word' id='word_1_491' title='bbox 683 3646 719 3707; x_wconf 76' lang='grc' dir='ltr'>τά</span> <span class='ocrx_word' id='word_1_492' title='bbox 736 3647 842 3730; x_wconf 76' lang='grc' dir='ltr'>κρυπτά</span> <span class='ocrx_word' id='word_1_493' title='bbox 893 3663 960 3702; x_wconf 90' lang='lat' dir='ltr'>num</span> <span class='ocrx_word' id='word_1_494' title='bbox 983 3646 1071 3703; x_wconf 87' lang='lat' dir='ltr'>Deum</span> <span class='ocrx_word' id='word_1_495' title='bbox 1093 3657 1228 3713; x_wconf 88' lang='lat' dir='ltr'>nostrum,</span> <span class='ocrx_word' id='word_1_496' title='bbox 1249 3641 1336 3701; x_wconf 84' lang='lat' dir='ltr'>donec</span> <span class='ocrx_word' id='word_1_497' title='bbox 1351 3643 1509 3702; x_wconf 87' lang='lat' dir='ltr'>misereatur</span> <span class='ocrx_word' id='word_1_498' title='bbox 1531 3643 1637 3702; x_wconf 83' lang='lat' dir='ltr'>nostri:</span> 
     </span>
     <span class='ocr_line' id='line_1_38' title="bbox 68 3666 1639 3806; baseline 0.001 -24"><span class='ocrx_word' id='word_1_499' title='bbox 68 3726 123 3782; x_wconf 83' lang='grc' dir='ltr'>τῶν</span> <span class='ocrx_word' id='word_1_500' title='bbox 135 3723 288 3806; x_wconf 81' lang='grc' dir='ltr'>ἀνθρώπων.</span> <span class='ocrx_word' id='word_1_501' title='bbox 303 3666 333 3782; x_wconf 57' lang='grc' dir='ltr'>Χ·</span> <span class='ocrx_word' id='word_1_502' title='bbox 347 3724 461 3783; x_wconf 79' lang='grc' dir='ltr'>ολάσατε</span> <span class='ocrx_word' id='word_1_503' title='bbox 472 3723 558 3783; x_wconf 90' lang='grc' dir='ltr'>τοίνυν</span> <span class='ocrx_word' id='word_1_504' title='bbox 573 3725 713 3792; x_wconf 84' lang='grc' dir='ltr'>διαπαντδς</span> <span class='ocrx_word' id='word_1_505' title='bbox 724 3729 770 3786; x_wconf 80' lang='grc' dir='ltr'>καὶ</span> <span class='ocrx_word' id='word_1_506' title='bbox 786 3753 841 3787; x_wconf 77' lang='grc' dir='ltr'>πα·</span> <span class='ocrx_word' id='word_1_507' title='bbox 892 3735 918 3780; x_wconf 86' lang='lat' dir='ltr'>et</span> <span class='ocrx_word' id='word_1_508' title='bbox 941 3722 1011 3782; x_wconf 86' lang='lat' dir='ltr'>nihil</span> <span class='ocrx_word' id='word_1_509' title='bbox 1033 3721 1109 3780; x_wconf 86' lang='lat' dir='ltr'>aliud</span> <span class='ocrx_word' id='word_1_510' title='bbox 1133 3722 1255 3800; x_wconf 76' lang='lat' dir='ltr'>quaerite,</span> <span class='ocrx_word' id='word_1_511' title='bbox 1283 3742 1366 3799; x_wconf 88' lang='lat' dir='ltr'>quam</span> <span class='ocrx_word' id='word_1_512' title='bbox 1389 3721 1602 3781; x_wconf 81' lang='lat' dir='ltr'>miserioordiam</span> <span class='ocrx_word' id='word_1_513' title='bbox 1623 3744 1639 3783; x_wconf 78' lang='lat' dir='ltr'>a</span> 
     </span>
     <span class='ocr_line' id='line_1_39' title="bbox 67 3749 1638 3887; baseline -0.001 -25"><span class='ocrx_word' id='word_1_514' title='bbox 67 3803 212 3883; x_wconf 85' lang='grc' dir='ltr'>ραμείνατε</span> <span class='ocrx_word' id='word_1_515' title='bbox 224 3806 263 3882; x_wconf 83' lang='grc' dir='ltr'>τῷ</span> <span class='ocrx_word' id='word_1_516' title='bbox 279 3749 368 3884; x_wconf 78' lang='grc' dir='ltr'>Κυρίίῳ</span> <span class='ocrx_word' id='word_1_517' title='bbox 384 3806 446 3882; x_wconf 80' lang='grc' dir='ltr'>Θεῷ</span> <span class='ocrx_word' id='word_1_518' title='bbox 466 3807 553 3879; x_wconf 77' lang='grc' dir='ltr'>ἡμῶν,</span> <span class='ocrx_word' id='word_1_519' title='bbox 568 3803 616 3871; x_wconf 75' lang='grc' dir='ltr'>ἕως</span> <span class='ocrx_word' id='word_1_520' title='bbox 637 3796 666 3864; x_wconf 82' lang='grc' dir='ltr'>ού</span> <span class='ocrx_word' id='word_1_521' title='bbox 688 3807 839 3887; x_wconf 73' lang='grc' dir='ltr'>οἱκτειρήση</span> <span class='ocrx_word' id='word_1_522' title='bbox 893 3804 1009 3860; x_wconf 89' lang='lat' dir='ltr'>Domino</span> <span class='ocrx_word' id='word_1_523' title='bbox 1024 3802 1126 3880; x_wconf 80' lang='lat' dir='ltr'>gloriae.</span> <span class='ocrx_word' id='word_1_524' title='bbox 1146 3803 1219 3859; x_wconf 91' lang='lat' dir='ltr'>Dum</span> <span class='ocrx_word' id='word_1_525' title='bbox 1240 3820 1305 3859; x_wconf 84' lang='lat' dir='ltr'>vero</span> <span class='ocrx_word' id='word_1_526' title='bbox 1327 3799 1542 3859; x_wconf 76' lang='lat' dir='ltr'>misericordiam</span> <span class='ocrx_word' id='word_1_527' title='bbox 1560 3822 1638 3878; x_wconf 78' lang='lat' dir='ltr'>quee-</span> 
     </span>
     <span class='ocr_line' id='line_1_40' title="bbox 67 3873 1639 3963; baseline -0.001 -22"><span class='ocrx_word' id='word_1_528' title='bbox 67 3889 158 3960; x_wconf 74' lang='grc' dir='ltr'>ήμᾶς·</span> <span class='ocrx_word' id='word_1_529' title='bbox 176 3881 222 3941; x_wconf 83' lang='grc' dir='ltr'>καί</span> <span class='ocrx_word' id='word_1_530' title='bbox 246 3881 327 3958; x_wconf 86' lang='grc' dir='ltr'>μηδὲν</span> <span class='ocrx_word' id='word_1_531' title='bbox 354 3883 441 3963; x_wconf 77' lang='grc' dir='ltr'>ἕτερον</span> <span class='ocrx_word' id='word_1_532' title='bbox 466 3883 645 3955; x_wconf 76' lang='grc' dir='ltr'>ζητήσατε,ἢ</span> <span class='ocrx_word' id='word_1_533' title='bbox 669 3883 746 3958; x_wconf 81' lang='grc' dir='ltr'>μόνον</span> <span class='ocrx_word' id='word_1_534' title='bbox 769 3873 840 3954; x_wconf 62' lang='grc' dir='ltr'>ἔλεός</span> <span class='ocrx_word' id='word_1_535' title='bbox 892 3880 963 3958; x_wconf 77' lang='lat' dir='ltr'>ritis,</span> <span class='ocrx_word' id='word_1_536' title='bbox 988 3882 1016 3939; x_wconf 92' lang='lat' dir='ltr'>in</span> <span class='ocrx_word' id='word_1_537' title='bbox 1037 3880 1176 3939; x_wconf 84' lang='lat' dir='ltr'>humiliet</span> <span class='ocrx_word' id='word_1_538' title='bbox 1196 3899 1255 3937; x_wconf 90' lang='lat' dir='ltr'>com</span> <span class='ocrx_word' id='word_1_539' title='bbox 1277 3892 1358 3936; x_wconf 88' lang='lat' dir='ltr'>uncto</span> <span class='ocrx_word' id='word_1_540' title='bbox 1379 3879 1459 3936; x_wconf 88' lang='lat' dir='ltr'>oorde</span> <span class='ocrx_word' id='word_1_541' title='bbox 1472 3879 1595 3956; x_wconf 74' lang='lat' dir='ltr'>querite,</span> <span class='ocrx_word' id='word_1_542' title='bbox 1611 3893 1639 3939; x_wconf 85' lang='lat' dir='ltr'>et</span> 
     </span>
     <span class='ocr_line' id='line_1_41' title="bbox 67 3957 1639 4095; baseline -0.002 -74"><span class='ocrx_word' id='word_1_543' title='bbox 67 3961 144 4041; x_wconf 79' lang='grc' dir='ltr'>παρά</span> <span class='ocrx_word' id='word_1_544' title='bbox 154 3965 195 4021; x_wconf 84' lang='grc' dir='ltr'>Κυ</span> <span class='ocrx_word' id='word_1_545' title='bbox 215 3961 254 4019; x_wconf 90' lang='grc' dir='ltr'>ίου</span> <span class='ocrx_word' id='word_1_546' title='bbox 272 3966 319 4033; x_wconf 76' lang='grc' dir='ltr'>τῆς</span> <span class='ocrx_word' id='word_1_547' title='bbox 340 3962 425 4034; x_wconf 81' lang='grc' dir='ltr'>δόξης.</span> <span class='ocrx_word' id='word_1_548' title='bbox 445 3964 590 4034; x_wconf 86' lang='grc' dir='ltr'>Ζητοῦντες</span> <span class='ocrx_word' id='word_1_549' title='bbox 609 3963 636 4021; x_wconf 73' lang='grc' dir='ltr'>δὲ</span> <span class='ocrx_word' id='word_1_550' title='bbox 651 3963 737 4037; x_wconf 73' lang='grc' dir='ltr'>ἔλεος,</span> <span class='ocrx_word' id='word_1_551' title='bbox 752 3966 779 4022; x_wconf 76' lang='grc' dir='ltr'>ἐν</span> <span class='ocrx_word' id='word_1_552' title='bbox 792 3989 839 4023; x_wconf 89' lang='grc' dir='ltr'>τα-</span> <span class='ocrx_word' id='word_1_553' title='bbox 891 3959 1005 4019; x_wconf 87' lang='lat' dir='ltr'>clamate</span> <span class='ocrx_word' id='word_1_554' title='bbox 1016 3980 1032 4017; x_wconf 88' lang='lat' dir='ltr'>a</span> <span class='ocrx_word' id='word_1_555' title='bbox 1042 3980 1120 4018; x_wconf 88' lang='lat' dir='ltr'>mane</span> <span class='ocrx_word' id='word_1_556' title='bbox 1131 3976 1242 4036; x_wconf 85' lang='lat' dir='ltr'>usquea</span> <span class='ocrx_word' id='word_1_557' title='bbox 1274 3977 1423 4037; x_wconf 77' lang='lat' dir='ltr'>vesperem,</span> <span class='ocrx_word' id='word_1_558' title='bbox 1434 3957 1457 4016; x_wconf 91' lang='lat' dir='ltr'>si</span> <span class='ocrx_word' id='word_1_559' title='bbox 1469 3957 1529 4016; x_wconf 89' lang='lat' dir='ltr'>iieri</span> <span class='ocrx_word' id='word_1_560' title='bbox 1540 3971 1639 4095; x_wconf 80' lang='lat' dir='ltr'>potest,</span> 
     </span>
     <span class='ocr_line' id='line_1_42' title="bbox 67 3987 1637 4122; baseline -0.003 -22"><span class='ocrx_word' id='word_1_561' title='bbox 67 4045 148 4112; x_wconf 82' lang='grc' dir='ltr'>πιινῆ</span> <span class='ocrx_word' id='word_1_562' title='bbox 168 3987 214 4100; x_wconf 69' lang='grc' dir='ltr'>κοιλ</span> <span class='ocrx_word' id='word_1_563' title='bbox 229 4042 328 4112; x_wconf 81' lang='grc' dir='ltr'>ἐλεεινῆ</span> <span class='ocrx_word' id='word_1_564' title='bbox 351 4040 448 4121; x_wconf 81' lang='grc' dir='ltr'>καρδία</span> <span class='ocrx_word' id='word_1_565' title='bbox 473 4044 591 4111; x_wconf 78' lang='grc' dir='ltr'>ζητεῖτε,</span> <span class='ocrx_word' id='word_1_566' title='bbox 615 4041 660 4100; x_wconf 83' lang='grc' dir='ltr'>καί</span> <span class='ocrx_word' id='word_1_567' title='bbox 682 4046 763 4122; x_wconf 77' lang='grc' dir='ltr'>βοᾶτε</span> <span class='ocrx_word' id='word_1_568' title='bbox 787 4045 840 4105; x_wconf 70' lang='grc' dir='ltr'>ἀπὸ</span> <span class='ocrx_word' id='word_1_569' title='bbox 891 4053 918 4098; x_wconf 87' lang='lat' dir='ltr'>et</span> <span class='ocrx_word' id='word_1_570' title='bbox 935 4040 963 4098; x_wconf 92' lang='lat' dir='ltr'>in</span> <span class='ocrx_word' id='word_1_571' title='bbox 977 4052 1053 4100; x_wconf 85' lang='lat' dir='ltr'>nocte</span> <span class='ocrx_word' id='word_1_572' title='bbox 1066 4051 1121 4098; x_wconf 81' lang='lat' dir='ltr'>tota</span> <span class='ocrx_word' id='word_1_573' title='bbox 1134 4061 1140 4095; x_wconf 81' lang='grc' dir='ltr'>ι</span> <span class='ocrx_word' id='word_1_574' title='bbox 1154 4037 1268 4096; x_wconf 84' lang='lat' dir='ltr'>Domine</span> <span class='ocrx_word' id='word_1_575' title='bbox 1287 4038 1351 4096; x_wconf 90' lang='lat' dir='ltr'>Jesu</span> <span class='ocrx_word' id='word_1_576' title='bbox 1369 4035 1490 4110; x_wconf 77' lang='lat' dir='ltr'>Christe,</span> <span class='ocrx_word' id='word_1_577' title='bbox 1506 4037 1539 4094; x_wconf 89' lang='lat' dir='ltr'>Fi</span> <span class='ocrx_word' id='word_1_578' title='bbox 1551 4037 1561 4096; x_wconf 94' lang='lat' dir='ltr'>i</span> <span class='ocrx_word' id='word_1_579' title='bbox 1573 4037 1637 4111; x_wconf 84' lang='lat' dir='ltr'>Dei,</span> 
     </span>
     <span class='ocr_line' id='line_1_43' title="bbox 68 4104 1638 4202; baseline -0.004 -20"><span class='ocrx_word' id='word_1_580' title='bbox 68 4106 143 4202; x_wconf 80' lang='grc' dir='ltr'>πρωί</span> <span class='ocrx_word' id='word_1_581' title='bbox 157 4120 206 4187; x_wconf 74' lang='lat' dir='ltr'>lo&lt;</span> <span class='ocrx_word' id='word_1_582' title='bbox 221 4106 352 4200; x_wconf 70' lang='grc' dir='ltr'>ἑσπέρας,</span> <span class='ocrx_word' id='word_1_583' title='bbox 372 4123 395 4180; x_wconf 86' lang='grc' dir='ltr'>εί</span> <span class='ocrx_word' id='word_1_584' title='bbox 411 4104 530 4188; x_wconf 85' lang='grc' dir='ltr'>δύνατὸν,</span> <span class='ocrx_word' id='word_1_585' title='bbox 544 4120 589 4179; x_wconf 84' lang='grc' dir='ltr'>καί</span> <span class='ocrx_word' id='word_1_586' title='bbox 604 4119 667 4194; x_wconf 85' lang='grc' dir='ltr'>ὅλην</span> <span class='ocrx_word' id='word_1_587' title='bbox 677 4122 725 4196; x_wconf 78' lang='grc' dir='ltr'>τὴν</span> <span class='ocrx_word' id='word_1_588' title='bbox 741 4123 838 4196; x_wconf 83' lang='grc' dir='ltr'>νύκτα,</span> <span class='ocrx_word' id='word_1_589' title='bbox 891 4118 1016 4178; x_wconf 85' lang='lat' dir='ltr'>miserere</span> <span class='ocrx_word' id='word_1_590' title='bbox 1038 4117 1181 4177; x_wconf 66' lang='lat' dir='ltr'>nostriset</span> <span class='ocrx_word' id='word_1_591' title='bbox 1201 4128 1318 4175; x_wconf 88' lang='lat' dir='ltr'>mentem</span> <span class='ocrx_word' id='word_1_592' title='bbox 1340 4127 1458 4175; x_wconf 82' lang='lat' dir='ltr'>vestram</span> <span class='ocrx_word' id='word_1_593' title='bbox 1479 4113 1514 4173; x_wconf 86' lang='lat' dir='ltr'>ed</span> <span class='ocrx_word' id='word_1_594' title='bbox 1536 4115 1589 4175; x_wconf 89' lang='lat' dir='ltr'>boo</span> <span class='ocrx_word' id='word_1_595' title='bbox 1608 4117 1638 4176; x_wconf 84' lang='lat' dir='ltr'>vi</span> 
     </span>
     <span class='ocr_line' id='line_1_44' title="bbox 67 4194 1637 4290; baseline -0.003 -31"><span class='ocrx_word' id='word_1_596' title='bbox 67 4201 120 4274; x_wconf 86' lang='grc' dir='ltr'>τδ,</span> <span class='ocrx_word' id='word_1_597' title='bbox 141 4200 223 4284; x_wconf 84' lang='grc' dir='ltr'>Κύριε</span> <span class='ocrx_word' id='word_1_598' title='bbox 237 4201 325 4272; x_wconf 87' lang='grc' dir='ltr'>Ἰησοῦ</span> <span class='ocrx_word' id='word_1_599' title='bbox 340 4199 532 4279; x_wconf 75' lang='grc' dir='ltr'>Χριστοῦ,λ”ίὲ</span> <span class='ocrx_word' id='word_1_600' title='bbox 556 4207 601 4259; x_wconf 89' lang='grc' dir='ltr'>τοῦ</span> <span class='ocrx_word' id='word_1_601' title='bbox 627 4204 712 4273; x_wconf 87' lang='grc' dir='ltr'>Θιοῦ,</span> <span class='ocrx_word' id='word_1_602' title='bbox 733 4203 839 4276; x_wconf 73' lang='grc' dir='ltr'>ἐλέησον</span> <span class='ocrx_word' id='word_1_603' title='bbox 891 4199 1044 4290; x_wconf 79' lang='lat' dir='ltr'>compellite</span> <span class='ocrx_word' id='word_1_604' title='bbox 1066 4218 1152 4275; x_wconf 85' lang='lat' dir='ltr'>usque</span> <span class='ocrx_word' id='word_1_605' title='bbox 1168 4194 1203 4254; x_wconf 86' lang='lat' dir='ltr'>ad</span> <span class='ocrx_word' id='word_1_606' title='bbox 1219 4207 1333 4253; x_wconf 89' lang='lat' dir='ltr'>mortem</span> <span class='ocrx_word' id='word_1_607' title='bbox 1348 4218 1354 4251; x_wconf 87' lang='grc' dir='ltr'>ι</span> <span class='ocrx_word' id='word_1_608' title='bbox 1370 4195 1455 4253; x_wconf 82' lang='lat' dir='ltr'>multa</span> <span class='ocrx_word' id='word_1_609' title='bbox 1478 4194 1552 4254; x_wconf 89' lang='lat' dir='ltr'>enim</span> <span class='ocrx_word' id='word_1_610' title='bbox 1573 4195 1637 4255; x_wconf 83' lang='lat' dir='ltr'>vio·</span> 
     </span>
     <span class='ocr_line' id='line_1_45' title="bbox 68 4274 1771 4366; baseline -0.001 -28"><span class='ocrx_word' id='word_1_611' title='bbox 68 4285 143 4359; x_wconf 70' lang='grc' dir='ltr'>ἡμᾶς</span> <span class='ocrx_word' id='word_1_612' title='bbox 155 4303 162 4317; x_wconf 87' lang='grc'><em>·</em></span> <span class='ocrx_word' id='word_1_613' title='bbox 176 4281 222 4339; x_wconf 81' lang='grc' dir='ltr'>καί</span> <span class='ocrx_word' id='word_1_614' title='bbox 240 4279 367 4359; x_wconf 82' lang='grc' dir='ltr'>βιάσασθε</span> <span class='ocrx_word' id='word_1_615' title='bbox 377 4280 420 4339; x_wconf 84' lang='grc' dir='ltr'>τὸν</span> <span class='ocrx_word' id='word_1_616' title='bbox 439 4285 498 4338; x_wconf 92' lang='grc' dir='ltr'>νοῦν</span> <span class='ocrx_word' id='word_1_617' title='bbox 513 4282 587 4356; x_wconf 77' lang='grc' dir='ltr'>ὑμῶν</span> <span class='ocrx_word' id='word_1_618' title='bbox 604 4283 640 4349; x_wconf 84' lang='grc' dir='ltr'>είς</span> <span class='ocrx_word' id='word_1_619' title='bbox 659 4287 736 4342; x_wconf 89' lang='grc' dir='ltr'>τοῦτο</span> <span class='ocrx_word' id='word_1_620' title='bbox 748 4283 779 4341; x_wconf 90' lang='grc' dir='ltr'>τδ</span> <span class='ocrx_word' id='word_1_621' title='bbox 799 4283 840 4364; x_wconf 80' lang='grc' dir='ltr'>ἔρ·</span> <span class='ocrx_word' id='word_1_622' title='bbox 891 4278 973 4338; x_wconf 82' lang='lat' dir='ltr'>lentta</span> <span class='ocrx_word' id='word_1_623' title='bbox 994 4291 1053 4358; x_wconf 86' lang='lat' dir='ltr'>eget</span> <span class='ocrx_word' id='word_1_624' title='bbox 1069 4276 1120 4335; x_wconf 89' lang='lat' dir='ltr'>boc</span> <span class='ocrx_word' id='word_1_625' title='bbox 1145 4296 1222 4355; x_wconf 84' lang='lat' dir='ltr'>opus,</span> <span class='ocrx_word' id='word_1_626' title='bbox 1244 4274 1307 4353; x_wconf 85' lang='lat' dir='ltr'>quia</span> <span class='ocrx_word' id='word_1_627' title='bbox 1331 4274 1472 4354; x_wconf 79' lang='lat' dir='ltr'>Angusta</span> <span class='ocrx_word' id='word_1_628' title='bbox 1488 4287 1533 4335; x_wconf 79' lang='lat' dir='ltr'>est</span> <span class='ocrx_word' id='word_1_629' title='bbox 1545 4288 1638 4366; x_wconf 78' lang='lat' dir='ltr'>porta</span> <span class='ocrx_word' id='word_1_630' title='bbox 1645 4299 1732 4345; x_wconf 78' lang='lat' dir='ltr'>Matri.</span> <span class='ocrx_word' id='word_1_631' title='bbox 1748 4313 1771 4360; x_wconf 65' lang='grc' dir='ltr'>γ,</span> 
     </span>
     <span class='ocr_line' id='line_1_46' title="bbox 67 4354 1685 4443; baseline -0.001 -26"><span class='ocrx_word' id='word_1_632' title='bbox 67 4382 117 4439; x_wconf 91' lang='grc' dir='ltr'>γον</span> <span class='ocrx_word' id='word_1_633' title='bbox 139 4359 188 4426; x_wconf 73' lang='grc' dir='ltr'>ἕως</span> <span class='ocrx_word' id='word_1_634' title='bbox 205 4360 325 4419; x_wconf 87' lang='grc' dir='ltr'>θανάτου.</span> <span class='ocrx_word' id='word_1_635' title='bbox 342 4360 448 4430; x_wconf 79' lang='grc' dir='ltr'>Πολλῆς</span> <span class='ocrx_word' id='word_1_636' title='bbox 467 4358 518 4437; x_wconf 73' lang='grc' dir='ltr'>γὰρ</span> <span class='ocrx_word' id='word_1_637' title='bbox 535 4358 593 4437; x_wconf 83' lang='grc' dir='ltr'>βίας</span> <span class='ocrx_word' id='word_1_638' title='bbox 604 4361 698 4441; x_wconf 75' lang='grc' dir='ltr'>χρῄζει</span> <span class='ocrx_word' id='word_1_639' title='bbox 718 4361 749 4421; x_wconf 85' lang='grc' dir='ltr'>τὸ</span> <span class='ocrx_word' id='word_1_640' title='bbox 765 4361 840 4443; x_wconf 77' lang='grc' dir='ltr'>ἔργον</span> <span class='ocrx_word' id='word_1_641' title='bbox 892 4371 920 4417; x_wconf 84' lang='lat' dir='ltr'>et</span> <span class='ocrx_word' id='word_1_642' title='bbox 940 4371 1025 4417; x_wconf 85' lang='lat' dir='ltr'>arcto</span> <span class='ocrx_word' id='word_1_643' title='bbox 1040 4360 1104 4427; x_wconf 84' lang='lat' dir='ltr'>oia,</span> <span class='ocrx_word' id='word_1_644' title='bbox 1122 4377 1188 4436; x_wconf 82' lang='lat' dir='ltr'>quoe</span> <span class='ocrx_word' id='word_1_645' title='bbox 1203 4355 1339 4413; x_wconf 74' lang='lat' dir='ltr'>dourad</span> <span class='ocrx_word' id='word_1_646' title='bbox 1350 4357 1457 4425; x_wconf 79' lang='lat' dir='ltr'>vitam,</span> <span class='ocrx_word' id='word_1_647' title='bbox 1480 4366 1507 4412; x_wconf 87' lang='lat' dir='ltr'>et</span> <span class='ocrx_word' id='word_1_648' title='bbox 1523 4354 1637 4416; x_wconf 81' lang='lat' dir='ltr'>violenti</span> <span class='ocrx_word' id='word_1_649' title='bbox 1648 4359 1685 4424; x_wconf 71' lang='lat'>14·</span> 
     </span>
     <span class='ocr_line' id='line_1_47' title="bbox 68 4432 1636 4519; baseline -0.002 -21"><span class='ocrx_word' id='word_1_650' title='bbox 68 4444 161 4507; x_wconf 80' lang='grc' dir='ltr'>τοῦτο,</span> <span class='ocrx_word' id='word_1_651' title='bbox 176 4439 217 4499; x_wconf 81' lang='grc' dir='ltr'>δτι</span> <span class='ocrx_word' id='word_1_652' title='bbox 238 4437 322 4509; x_wconf 78' lang='grc' dir='ltr'>Στενή</span> <span class='ocrx_word' id='word_1_653' title='bbox 347 4441 417 4497; x_wconf 76' lang='grc' dir='ltr'>ἐστιν</span> <span class='ocrx_word' id='word_1_654' title='bbox 444 4444 460 4510; x_wconf 79' lang='grc' dir='ltr'>ἡ</span> <span class='ocrx_word' id='word_1_655' title='bbox 485 4437 557 4510; x_wconf 90' lang='grc' dir='ltr'>πύλη</span> <span class='ocrx_word' id='word_1_656' title='bbox 574 4440 619 4498; x_wconf 77' lang='grc' dir='ltr'>καί</span> <span class='ocrx_word' id='word_1_657' title='bbox 642 4441 839 4519; x_wconf 80' lang='grc' dir='ltr'>τεθλιμμένηὴ</span> <span class='ocrx_word' id='word_1_658' title='bbox 891 4437 1081 4517; x_wconf 81' lang='lat' dir='ltr'>ingrediuntur</span> <span class='ocrx_word' id='word_1_659' title='bbox 1102 4436 1130 4494; x_wconf 94' lang='lat' dir='ltr'>in</span> <span class='ocrx_word' id='word_1_660' title='bbox 1153 4432 1422 4494; x_wconf 80' lang='lat' dir='ltr'>eamzviolentorum</span> <span class='ocrx_word' id='word_1_661' title='bbox 1441 4432 1515 4493; x_wconf 92' lang='lat' dir='ltr'>enim</span> <span class='ocrx_word' id='word_1_662' title='bbox 1531 4448 1572 4494; x_wconf 87' lang='lat' dir='ltr'>est</span> <span class='ocrx_word' id='word_1_663' title='bbox 1592 4456 1636 4495; x_wconf 87' lang='lat' dir='ltr'>ro-</span> 
     </span>
     <span class='ocr_line' id='line_1_48' title="bbox 68 4513 1639 4601; baseline -0.002 -24"><span class='ocrx_word' id='word_1_664' title='bbox 68 4518 129 4585; x_wconf 85' lang='grc' dir='ltr'>ὁδδς</span> <span class='ocrx_word' id='word_1_665' title='bbox 155 4522 171 4589; x_wconf 75' lang='grc' dir='ltr'>ἡ</span> <span class='ocrx_word' id='word_1_666' title='bbox 191 4519 331 4598; x_wconf 82' lang='grc' dir='ltr'>ἀπάγουσα</span> <span class='ocrx_word' id='word_1_667' title='bbox 349 4521 386 4585; x_wconf 79' lang='grc' dir='ltr'>τίς</span> <span class='ocrx_word' id='word_1_668' title='bbox 406 4517 454 4591; x_wconf 71' lang='grc' dir='ltr'>τὴν</span> <span class='ocrx_word' id='word_1_669' title='bbox 471 4517 550 4591; x_wconf 80' lang='grc' dir='ltr'>ζωὴν,</span> <span class='ocrx_word' id='word_1_670' title='bbox 572 4519 619 4578; x_wconf 84' lang='grc' dir='ltr'>κοιλ</span> <span class='ocrx_word' id='word_1_671' title='bbox 642 4523 666 4578; x_wconf 87' lang='grc' dir='ltr'>οἱ</span> <span class='ocrx_word' id='word_1_672' title='bbox 690 4521 840 4601; x_wconf 81' lang='grc' dir='ltr'>βιαζόμενοι</span> <span class='ocrx_word' id='word_1_673' title='bbox 893 4539 975 4598; x_wconf 78' lang='lat' dir='ltr'>gnum</span> <span class='ocrx_word' id='word_1_674' title='bbox 987 4518 1123 4576; x_wconf 79' lang='lat' dir='ltr'>uelorum.</span> <span class='ocrx_word' id='word_1_675' title='bbox 1135 4516 1177 4575; x_wconf 90' lang='lat' dir='ltr'>Ne</span> <span class='ocrx_word' id='word_1_676' title='bbox 1186 4513 1326 4594; x_wconf 83' lang='lat' dir='ltr'>separetis,</span> <span class='ocrx_word' id='word_1_677' title='bbox 1343 4534 1442 4593; x_wconf 73' lang='lat' dir='ltr'>quaeso,</span> <span class='ocrx_word' id='word_1_678' title='bbox 1456 4533 1502 4572; x_wconf 93' lang='lat' dir='ltr'>oor</span> <span class='ocrx_word' id='word_1_679' title='bbox 1516 4527 1639 4574; x_wconf 85' lang='lat' dir='ltr'>vestrum</span> 
     </span>
     <span class='ocr_line' id='line_1_49' title="bbox 67 4592 1638 4679; baseline 0 -25"><span class='ocrx_word' id='word_1_680' title='bbox 67 4597 234 4679; x_wconf 76' lang='grc' dir='ltr'>εἰσέρχονται</span> <span class='ocrx_word' id='word_1_681' title='bbox 247 4602 273 4658; x_wconf 82' lang='grc' dir='ltr'>ἕν</span> <span class='ocrx_word' id='word_1_682' title='bbox 288 4601 372 4677; x_wconf 78' lang='grc' dir='ltr'>αὐτῇ·</span> <span class='ocrx_word' id='word_1_683' title='bbox 395 4601 511 4676; x_wconf 83' lang='grc' dir='ltr'>βιαστιῦν</span> <span class='ocrx_word' id='word_1_684' title='bbox 523 4596 574 4679; x_wconf 87' lang='grc' dir='ltr'>γάρ</span> <span class='ocrx_word' id='word_1_685' title='bbox 598 4600 669 4658; x_wconf 87' lang='grc' dir='ltr'>ίστιν</span> <span class='ocrx_word' id='word_1_686' title='bbox 687 4604 703 4671; x_wconf 75' lang='grc' dir='ltr'>ἡ</span> <span class='ocrx_word' id='word_1_687' title='bbox 719 4601 841 4678; x_wconf 84' lang='grc' dir='ltr'>βασιλεία</span> <span class='ocrx_word' id='word_1_688' title='bbox 893 4619 909 4656; x_wconf 83' lang='lat' dir='ltr'>n</span> <span class='ocrx_word' id='word_1_689' title='bbox 924 4599 992 4670; x_wconf 86' lang='lat' dir='ltr'>Deo,</span> <span class='ocrx_word' id='word_1_690' title='bbox 1019 4595 1065 4656; x_wconf 85' lang='lat' dir='ltr'>sed</span> <span class='ocrx_word' id='word_1_691' title='bbox 1088 4609 1254 4676; x_wconf 84' lang='lat' dir='ltr'>perseverate</span> <span class='ocrx_word' id='word_1_692' title='bbox 1275 4607 1301 4653; x_wconf 85' lang='lat' dir='ltr'>et</span> <span class='ocrx_word' id='word_1_693' title='bbox 1324 4592 1456 4652; x_wconf 87' lang='lat' dir='ltr'>custodite</span> <span class='ocrx_word' id='word_1_694' title='bbox 1475 4592 1557 4669; x_wconf 83' lang='lat' dir='ltr'>illud,</span> <span class='ocrx_word' id='word_1_695' title='bbox 1575 4615 1638 4654; x_wconf 88' lang='lat' dir='ltr'>cum</span> 
     </span>
     <span class='ocr_line' id='line_1_50' title="bbox 65 4670 1635 4763; baseline -0.002 -29"><span class='ocrx_word' id='word_1_696' title='bbox 65 4679 121 4735; x_wconf 82' lang='grc' dir='ltr'>τῶν</span> <span class='ocrx_word' id='word_1_697' title='bbox 141 4678 266 4756; x_wconf 85' lang='grc' dir='ltr'>οὐρανῶν.</span> <span class='ocrx_word' id='word_1_698' title='bbox 282 4679 438 4759; x_wconf 77' lang='grc' dir='ltr'>Παρακαλῶ</span> <span class='ocrx_word' id='word_1_699' title='bbox 450 4670 493 4737; x_wconf 82' lang='grc' dir='ltr'>ούν</span> <span class='ocrx_word' id='word_1_700' title='bbox 508 4681 588 4754; x_wconf 75' lang='grc' dir='ltr'>ὑμᾶς,</span> <span class='ocrx_word' id='word_1_701' title='bbox 603 4679 640 4756; x_wconf 72' lang='grc' dir='ltr'>μὴ</span> <span class='ocrx_word' id='word_1_702' title='bbox 656 4680 782 4763; x_wconf 82' lang='grc' dir='ltr'>γωρίζετε</span> <span class='ocrx_word' id='word_1_703' title='bbox 795 4681 842 4746; x_wconf 85' lang='grc' dir='ltr'>τὰς</span> <span class='ocrx_word' id='word_1_704' title='bbox 894 4676 1022 4737; x_wconf 84' lang='lat' dir='ltr'>memorio</span> <span class='ocrx_word' id='word_1_705' title='bbox 1052 4696 1157 4756; x_wconf 88' lang='lat' dir='ltr'>semper</span> <span class='ocrx_word' id='word_1_706' title='bbox 1181 4672 1292 4733; x_wconf 88' lang='lat' dir='ltr'>Domini</span> <span class='ocrx_word' id='word_1_707' title='bbox 1315 4672 1398 4731; x_wconf 89' lang='lat' dir='ltr'>nostri</span> <span class='ocrx_word' id='word_1_708' title='bbox 1426 4674 1490 4732; x_wconf 87' lang='lat' dir='ltr'>Jesu</span> <span class='ocrx_word' id='word_1_709' title='bbox 1514 4673 1635 4751; x_wconf 88' lang='lat' dir='ltr'>Christi,</span> 
     </span>
     <span class='ocr_line' id='line_1_51' title="bbox 64 4750 1635 4838; baseline -0.002 -24"><span class='ocrx_word' id='word_1_710' title='bbox 64 4778 102 4814; x_wconf 88' lang='grc' dir='ltr'>κα</span> <span class='ocrx_word' id='word_1_711' title='bbox 121 4754 178 4822; x_wconf 83' lang='grc' dir='ltr'>δίας</span> <span class='ocrx_word' id='word_1_712' title='bbox 192 4760 266 4835; x_wconf 71' lang='grc' dir='ltr'>ὑμῶν</span> <span class='ocrx_word' id='word_1_713' title='bbox 286 4758 397 4816; x_wconf 81' lang='grc' dir='ltr'>ἀπὸτοῦ</span> <span class='ocrx_word' id='word_1_714' title='bbox 421 4761 504 4829; x_wconf 83' lang='grc' dir='ltr'>Θεοῦ,</span> <span class='ocrx_word' id='word_1_715' title='bbox 523 4759 591 4817; x_wconf 76' lang='lat' dir='ltr'>tiit</span> <span class='ocrx_word' id='word_1_716' title='bbox 610 4750 772 4838; x_wconf 77' lang='grc' dir='ltr'>προσμίνετε</span> <span class='ocrx_word' id='word_1_717' title='bbox 795 4759 841 4819; x_wconf 80' lang='grc' dir='ltr'>καί</span> <span class='ocrx_word' id='word_1_718' title='bbox 893 4756 978 4816; x_wconf 87' lang='lat' dir='ltr'>donec</span> <span class='ocrx_word' id='word_1_719' title='bbox 1000 4757 1132 4816; x_wconf 86' lang='lat' dir='ltr'>inseratur</span> <span class='ocrx_word' id='word_1_720' title='bbox 1150 4774 1246 4812; x_wconf 87' lang='lat' dir='ltr'>nomen</span> <span class='ocrx_word' id='word_1_721' title='bbox 1262 4751 1370 4810; x_wconf 89' lang='lat' dir='ltr'>Domini</span> <span class='ocrx_word' id='word_1_722' title='bbox 1390 4751 1463 4808; x_wconf 89' lang='lat' dir='ltr'>intus</span> <span class='ocrx_word' id='word_1_723' title='bbox 1481 4751 1508 4808; x_wconf 90' lang='lat' dir='ltr'>in</span> <span class='ocrx_word' id='word_1_724' title='bbox 1530 4751 1635 4811; x_wconf 86' lang='lat' dir='ltr'>corde:</span> 
     </span>
     <span class='ocr_line' id='line_1_52' title="bbox 64 4780 1637 4937; baseline -0.002 -43"><span class='ocrx_word' id='word_1_725' title='bbox 64 4780 212 4937; x_wconf 74' lang='grc' dir='ltr'>ρυλάττετε</span> <span class='ocrx_word' id='word_1_726' title='bbox 227 4837 307 4910; x_wconf 75' lang='grc' dir='ltr'>αὐτὴν</span> <span class='ocrx_word' id='word_1_727' title='bbox 324 4836 392 4913; x_wconf 78' lang='grc' dir='ltr'>μετὰ</span> <span class='ocrx_word' id='word_1_728' title='bbox 406 4840 454 4907; x_wconf 77' lang='grc' dir='ltr'>τῆς</span> <span class='ocrx_word' id='word_1_729' title='bbox 468 4838 576 4913; x_wconf 74' lang='grc' dir='ltr'>μνήμης</span> <span class='ocrx_word' id='word_1_730' title='bbox 584 4846 630 4898; x_wconf 87' lang='grc' dir='ltr'>τοῦ</span> <span class='ocrx_word' id='word_1_731' title='bbox 649 4839 746 4921; x_wconf 85' lang='grc' dir='ltr'>Κυρίου</span> <span class='ocrx_word' id='word_1_732' title='bbox 763 4843 840 4917; x_wconf 76' lang='grc' dir='ltr'>ἡμῶν</span> <span class='ocrx_word' id='word_1_733' title='bbox 894 4837 1020 4915; x_wconf 90' lang='lat' dir='ltr'>nihilque</span> <span class='ocrx_word' id='word_1_734' title='bbox 1041 4834 1117 4894; x_wconf 84' lang='lat' dir='ltr'>aliud</span> <span class='ocrx_word' id='word_1_735' title='bbox 1133 4833 1266 4912; x_wconf 81' lang='lat' dir='ltr'>cogitetis,</span> <span class='ocrx_word' id='word_1_736' title='bbox 1291 4851 1375 4920; x_wconf 88' lang='lat' dir='ltr'>quam</span> <span class='ocrx_word' id='word_1_737' title='bbox 1397 4844 1428 4887; x_wconf 92' lang='lat' dir='ltr'>ut</span> <span class='ocrx_word' id='word_1_738' title='bbox 1448 4831 1637 4909; x_wconf 75' lang='lat' dir='ltr'>magnificetur</span> 
     </span>
     <span class='ocr_line' id='line_1_53' title="bbox 75 4908 1637 4998; baseline -0.003 -24"><span class='ocrx_word' id='word_1_739' title='bbox 75 4917 156 4988; x_wconf 83' lang='grc' dir='ltr'>ίησοῦ</span> <span class='ocrx_word' id='word_1_740' title='bbox 172 4917 287 4994; x_wconf 88' lang='grc' dir='ltr'>Χριστοῦ</span> <span class='ocrx_word' id='word_1_741' title='bbox 304 4917 434 4990; x_wconf 84' lang='grc' dir='ltr'>πάντοτε,</span> <span class='ocrx_word' id='word_1_742' title='bbox 446 4916 496 4984; x_wconf 76' lang='grc' dir='ltr'>ἕως</span> <span class='ocrx_word' id='word_1_743' title='bbox 511 4912 541 4977; x_wconf 77' lang='grc' dir='ltr'>ού</span> <span class='ocrx_word' id='word_1_744' title='bbox 556 4922 703 4998; x_wconf 77' lang='grc' dir='ltr'>ἐμρυτευθῆ</span> <span class='ocrx_word' id='word_1_745' title='bbox 718 4919 748 4978; x_wconf 83' lang='grc' dir='ltr'>τὸ</span> <span class='ocrx_word' id='word_1_746' title='bbox 758 4920 841 4996; x_wconf 81' lang='grc' dir='ltr'>ὄνομα</span> <span class='ocrx_word' id='word_1_747' title='bbox 861 4929 879 4975; x_wconf 81' lang='grc' dir='ltr'>θ</span> <span class='ocrx_word' id='word_1_748' title='bbox 896 4917 1020 4976; x_wconf 88' lang='lat' dir='ltr'>Christus</span> <span class='ocrx_word' id='word_1_749' title='bbox 1033 4915 1060 4973; x_wconf 90' lang='lat' dir='ltr'>in</span> <span class='ocrx_word' id='word_1_750' title='bbox 1076 4912 1164 4972; x_wconf 86' lang='lat' dir='ltr'>vobis.</span> <span class='ocrx_word' id='word_1_751' title='bbox 1184 4913 1259 4989; x_wconf 80' lang='lat' dir='ltr'>Rogo</span> <span class='ocrx_word' id='word_1_752' title='bbox 1272 4909 1356 4988; x_wconf 78' lang='lat' dir='ltr'>igitur</span> <span class='ocrx_word' id='word_1_753' title='bbox 1369 4929 1428 4982; x_wconf 83' lang='lat' dir='ltr'>vos,</span> <span class='ocrx_word' id='word_1_754' title='bbox 1445 4908 1516 4968; x_wconf 86' lang='lat' dir='ltr'>bano</span> <span class='ocrx_word' id='word_1_755' title='bbox 1534 4911 1637 4970; x_wconf 78' lang='lat' dir='ltr'>oratio-</span> 
     </span>
     <span class='ocr_line' id='line_1_54' title="bbox 64 4986 1638 5078; baseline -0.003 -24"><span class='ocrx_word' id='word_1_756' title='bbox 64 5000 113 5054; x_wconf 90' lang='grc' dir='ltr'>τοῦ</span> <span class='ocrx_word' id='word_1_757' title='bbox 130 4996 227 5075; x_wconf 85' lang='grc' dir='ltr'>Κυρίου</span> <span class='ocrx_word' id='word_1_758' title='bbox 242 4996 294 5055; x_wconf 80' lang='grc' dir='ltr'>ἔσω</span> <span class='ocrx_word' id='word_1_759' title='bbox 305 4998 379 5075; x_wconf 78' lang='grc' dir='ltr'>ἐντῇ</span> <span class='ocrx_word' id='word_1_760' title='bbox 400 4997 511 5076; x_wconf 71' lang='grc' dir='ltr'>καρδία·</span> <span class='ocrx_word' id='word_1_761' title='bbox 526 4998 571 5056; x_wconf 85' lang='grc' dir='ltr'>κοιλ</span> <span class='ocrx_word' id='word_1_762' title='bbox 596 4998 678 5076; x_wconf 79' lang='grc' dir='ltr'>μηδὲν</span> <span class='ocrx_word' id='word_1_763' title='bbox 691 4986 785 5078; x_wconf 71' lang='grc' dir='ltr'>’ἕτερον</span> <span class='ocrx_word' id='word_1_764' title='bbox 799 5003 843 5058; x_wconf 79' lang='grc' dir='ltr'>ἕν·</span> <span class='ocrx_word' id='word_1_765' title='bbox 896 4997 938 5057; x_wconf 89' lang='lat' dir='ltr'>nis</span> <span class='ocrx_word' id='word_1_766' title='bbox 961 4994 1083 5076; x_wconf 79' lang='lat' dir='ltr'>regulam</span> <span class='ocrx_word' id='word_1_767' title='bbox 1113 5011 1251 5068; x_wconf 84' lang='lat' dir='ltr'>nunquam</span> <span class='ocrx_word' id='word_1_768' title='bbox 1274 4986 1474 5064; x_wconf 85' lang='lat' dir='ltr'>intermittatis;</span> <span class='ocrx_word' id='word_1_769' title='bbox 1508 4989 1556 5048; x_wconf 85' lang='lat' dir='ltr'>sed</span> <span class='ocrx_word' id='word_1_770' title='bbox 1580 4991 1638 5050; x_wconf 84' lang='lat' dir='ltr'>sive</span> 
     </span>
     <span class='ocr_line' id='line_1_55' title="bbox 65 5067 1640 5160; baseline -0.003 -26"><span class='ocrx_word' id='word_1_771' title='bbox 65 5074 190 5144; x_wconf 75' lang='grc' dir='ltr'>νοῆτε,ἠ</span> <span class='ocrx_word' id='word_1_772' title='bbox 208 5074 251 5134; x_wconf 83' lang='grc' dir='ltr'>ίνα</span> <span class='ocrx_word' id='word_1_773' title='bbox 268 5077 418 5155; x_wconf 82' lang='grc' dir='ltr'>μεγαλυνθῇ</span> <span class='ocrx_word' id='word_1_774' title='bbox 442 5080 456 5135; x_wconf 83' lang='grc' dir='ltr'>θ</span> <span class='ocrx_word' id='word_1_775' title='bbox 480 5078 593 5155; x_wconf 82' lang='grc' dir='ltr'>Χριστὸς</span> <span class='ocrx_word' id='word_1_776' title='bbox 608 5081 634 5136; x_wconf 87' lang='grc' dir='ltr'>ἐν</span> <span class='ocrx_word' id='word_1_777' title='bbox 651 5082 722 5155; x_wconf 79' lang='grc' dir='ltr'>ὑμῖν.</span> <span class='ocrx_word' id='word_1_778' title='bbox 745 5081 841 5160; x_wconf 85' lang='grc' dir='ltr'>Παρα-</span> <span class='ocrx_word' id='word_1_779' title='bbox 897 5074 1076 5149; x_wconf 78' lang='lat' dir='ltr'>manducatis,</span> <span class='ocrx_word' id='word_1_780' title='bbox 1092 5072 1149 5130; x_wconf 89' lang='lat' dir='ltr'>sive</span> <span class='ocrx_word' id='word_1_781' title='bbox 1160 5069 1267 5145; x_wconf 83' lang='lat' dir='ltr'>bibitis,</span> <span class='ocrx_word' id='word_1_782' title='bbox 1283 5067 1341 5126; x_wconf 83' lang='lat' dir='ltr'>sive</span> <span class='ocrx_word' id='word_1_783' title='bbox 1354 5067 1430 5156; x_wconf 84' lang='lat' dir='ltr'>uiam</span> <span class='ocrx_word' id='word_1_784' title='bbox 1443 5067 1561 5147; x_wconf 75' lang='lat' dir='ltr'>carpitis,</span> <span class='ocrx_word' id='word_1_785' title='bbox 1580 5069 1640 5129; x_wconf 86' lang='lat' dir='ltr'>sive</span> 
     </span>
     <span class='ocr_line' id='line_1_56' title="bbox 63 5145 1637 5240; baseline -0.006 -24"><span class='ocrx_word' id='word_1_786' title='bbox 63 5157 142 5216; x_wconf 83' lang='grc' dir='ltr'>καλῶ</span> <span class='ocrx_word' id='word_1_787' title='bbox 155 5145 198 5214; x_wconf 76' lang='grc' dir='ltr'>οὖν</span> <span class='ocrx_word' id='word_1_788' title='bbox 213 5154 349 5230; x_wconf 75' lang='grc' dir='ltr'>θμῦς,τδν</span> <span class='ocrx_word' id='word_1_789' title='bbox 359 5155 456 5214; x_wconf 87' lang='grc' dir='ltr'>κανόνα</span> <span class='ocrx_word' id='word_1_790' title='bbox 469 5156 566 5229; x_wconf 82' lang='grc' dir='ltr'>ταύτης</span> <span class='ocrx_word' id='word_1_791' title='bbox 576 5162 624 5228; x_wconf 72' lang='grc' dir='ltr'>τῆς</span> <span class='ocrx_word' id='word_1_792' title='bbox 634 5163 843 5239; x_wconf 77' lang='grc' dir='ltr'>προσιογῆςμη-</span> <span class='ocrx_word' id='word_1_793' title='bbox 898 5154 974 5214; x_wconf 87' lang='lat' dir='ltr'>aliud</span> <span class='ocrx_word' id='word_1_794' title='bbox 993 5153 1062 5234; x_wconf 90' lang='lat' dir='ltr'>quid</span> <span class='ocrx_word' id='word_1_795' title='bbox 1083 5149 1181 5239; x_wconf 78' lang='lat' dir='ltr'>facitis,</span> <span class='ocrx_word' id='word_1_796' title='bbox 1206 5149 1263 5238; x_wconf 79' lang='lat' dir='ltr'>sine</span> <span class='ocrx_word' id='word_1_797' title='bbox 1275 5146 1482 5238; x_wconf 80' lang='lat' dir='ltr'>¹intermissione</span> <span class='ocrx_word' id='word_1_798' title='bbox 1504 5147 1637 5240; x_wconf 79' lang='lat' dir='ltr'>clamate:</span> 
     </span>
     <span class='ocr_line' id='line_1_57' title="bbox 65 5227 1640 5311; baseline -0.006 -17"><span class='ocrx_word' id='word_1_799' title='bbox 65 5234 162 5294; x_wconf 81' lang='grc' dir='ltr'>δίπαιε</span> <span class='ocrx_word' id='word_1_800' title='bbox 182 5232 392 5305; x_wconf 86' lang='grc' dir='ltr'>καταπαύσατε,</span> <span class='ocrx_word' id='word_1_801' title='bbox 405 5237 464 5294; x_wconf 80' lang='grc' dir='ltr'>ἀλλ’</span> <span class='ocrx_word' id='word_1_802' title='bbox 476 5234 527 5294; x_wconf 82' lang='grc' dir='ltr'>εἴτε</span> <span class='ocrx_word' id='word_1_803' title='bbox 546 5236 659 5310; x_wconf 81' lang='grc' dir='ltr'>ἐσθίετε,</span> <span class='ocrx_word' id='word_1_804' title='bbox 671 5235 724 5296; x_wconf 84' lang='grc' dir='ltr'>είτε</span> <span class='ocrx_word' id='word_1_805' title='bbox 736 5238 842 5311; x_wconf 83' lang='grc' dir='ltr'>πίνετε,</span> <span class='ocrx_word' id='word_1_806' title='bbox 899 5234 1014 5295; x_wconf 83' lang='lat' dir='ltr'>Domine</span> <span class='ocrx_word' id='word_1_807' title='bbox 1024 5236 1089 5295; x_wconf 84' lang='lat' dir='ltr'>lesu</span> <span class='ocrx_word' id='word_1_808' title='bbox 1101 5230 1217 5307; x_wconf 82' lang='lat' dir='ltr'>Christe,</span> <span class='ocrx_word' id='word_1_809' title='bbox 1228 5227 1283 5288; x_wconf 79' lang='lat' dir='ltr'>Frh</span> <span class='ocrx_word' id='word_1_810' title='bbox 1290 5227 1352 5304; x_wconf 81' lang='lat' dir='ltr'>Der,</span> <span class='ocrx_word' id='word_1_811' title='bbox 1366 5247 1491 5286; x_wconf 81' lang='lat' dir='ltr'>miserere</span> <span class='ocrx_word' id='word_1_812' title='bbox 1500 5240 1594 5306; x_wconf 68' lang='lat' dir='ltr'>nostru</span> <span class='ocrx_word' id='word_1_813' title='bbox 1610 5237 1640 5286; x_wconf 86' lang='lat' dir='ltr'>ut</span> 
     </span>
    </p>
   </div>
   <div class='ocr_carea' id='block_1_4' title="bbox 211 5322 1500 5410">
    <p class='ocr_par' dir='ltr' id='par_1_4' title="bbox 211 5322 1500 5410">
     <span class='ocr_line' id='line_1_58' title="bbox 211 5322 1500 5410; baseline -0.002 -26"><span class='ocrx_word' id='word_1_814' title='bbox 211 5348 282 5387; x_wconf 81' lang='lat' dir='ltr'>rou.</span> <span class='ocrx_word' id='word_1_815' title='bbox 310 5349 348 5384; x_wconf 75' lang='lat' dir='ltr'>rx.</span> <span class='ocrx_word' id='word_1_816' title='bbox 794 5402 798 5410; x_wconf 33' lang='grc' dir='ltr'>Ι</span> <span class='ocrx_word' id='word_1_817' title='bbox 1459 5322 1500 5381; x_wconf 77' lang='lat'>63</span> 
     </span>
    </p>
   </div>
   <div class='ocr_carea' id='block_1_5' title="bbox 0 0 1876 5970">
    <p class='ocr_par' dir='ltr' id='par_1_5' title="bbox 0 0 1876 5970">
     <span class='ocr_line' id='line_1_59' title="bbox 0 0 1876 5970; baseline 0 1"><span class='ocrx_word' id='word_1_818' title='bbox 0 0 1876 5970; x_wconf 95' lang='lat' dir='ltr'> </span> 
     </span>
    </p>
   </div>
  </div>
 </body>
</html>
