3728 5978
580 480 615 526 ιιν
643 475 728 524 acra
756 469 1012 522 arnsronouuu.
1041 470 1160 518 nourr..
1188 470 1271 519 xnu.
1628 441 1699 540 359

130 604 280 664 σύένιωται.
295 602 348 662 Καί
359 603 444 660 ταῦτα
455 598 554 673 εἰπὼν,
565 599 681 659 σίπελυσε
691 597 739 671 τὴν
751 593 903 668 ἐκκλησίαν,
953 590 1027 650 deles
1039 590 1170 650 rationu
1188 590 1321 669 reddant,
1342 606 1368 650 et
1387 612 1474 670 quaur
1488 589 1630 672 sapienter.
1652 588 1698 650 Sic

130 693 221 774 φησίν.
232 691 315 773 Ὁρᾷς
327 691 450 753 τὸνθεόν
460 693 646 772 ωγχωροῖντα
657 691 717 755 τοὺς
731 682 903 766 πειρασμοῖς,
953 683 1073 743 furorem
1081 683 1222 743 exstinxit.
1236 684 1275 744 Ut
1284 683 1356 767 enim
1368 683 1448 742 lacile
1460 681 1626 760 accenditur,
1639 701 1699 761 per·
1712 677 1731 753 ‘-

129 785 177 844 καί
192 785 354 866 διεγείροντα
373 784 419 844 καί
433 783 612 864 ἀφυπνίζοντα
631 779 690 848 τοὺς
707 779 827 858 μαθητὰς
843 775 904 835 τού·
954 774 1019 834 inde
1040 776 1118 836 lar-ile
1138 774 1329 855 exstinguitur.
1353 778 1395 836 Et
1415 777 1461 836 bis
1486 776 1573 836 dietis
1594 771 1712 835 coetum'

130 901 186 945 τοις
206 877 253 937 καί
268 876 456 958 σφοδροτέρους
468 874 656 956 ἐργαζόμενον,
670 871 718 943 Μὴ
733 872 765 944 δὴ
786 868 903 929 καταπί-
955 867 1052 928 solvit.
1075 867 1175 929 Viden'
1196 869 1285 927 Deum
1307 867 1465 928 tentationes
1484 867 1652 948 permittere,
1668 887 1701 926 ac

130 976 309 1047 recuperari<
327 976 500 1049 πειρασμοῖς·
516 967 592 1032 αὐτός
607 964 659 1046 γίρ
677 962 784 1034 ποιήσει
797 961 843 1020 καί
855 958 904 1033 τὴν
956 980 1005 1039 per
1015 958 1077 1017 illas
1090 958 1240 1040 discipulos
1252 959 1370 1019 excitare
1383 972 1409 1019 et
1421 958 1519 1039 vigiles
1533 957 1656 1036 reddere,
1668 978 1700 1016 ac

131 1059 241 1120 ἰκύασιν
254 1066 300 1120 τοῦ
312 1060 438 1119 δύνασθαι
450 1064 610 1135 ὑπενεγκεῖν.
629 1055 712 1117 Οὐδέν
732 1052 802 1113 ούτω
816 1052 905 1132 φίλως
955 1050 1130 1110 ferventiores
1141 1050 1265 1110 efficere?
1279 1052 1321 1111 Ne
1333 1071 1397 1131 ergo
1411 1050 1584 1111 concidamus
1595 1050 1624 1109 in
1640 1061 1700 1110 ten-

131 1161 203 1212 ποιεῖ
222 1152 267 1212 καί
289 1159 439 1234 συγκροτεῖ,
455 1153 492 1217 ὡς
509 1151 614 1230 θλῖψις·
635 1146 709 1208 οὐδέν
729 1145 799 1206 olleo>
817 1146 938 1204 συνδεῖΕ
956 1140 1102 1200 talionibus
1118 1163 1125 1197 ε
1144 1140 1202 1222 ipse
1215 1162 1332 1219 namque
1343 1141 1448 1200 exitum
1461 1140 1554 1218 dabit,
1570 1154 1600 1200 ut
1613 1142 1699 1222 possi-

133 1245 180 1304 καί
195 1244 345 1326 ἰπισφίγγει
357 1248 410 1303 τῶν
434 1246 536 1303 πιστῶν
557 1241 605 1308 τὰς
621 1239 726 1321 ψυχάς·
746 1237 820 1298 οὐδὲν
840 1241 905 1314 ἡμῖν
956 1253 1017 1292 mus
1028 1232 1165 1292 sustinere.
1176 1232 1254 1292 Nihil
1263 1233 1301 1292 ita
1312 1233 1412 1292 amicos
1423 1233 1544 1293 devincit
1553 1246 1579 1293 et
1588 1232 1699 1313 conjun·
1743 1242 1848 1316 πνουν

132 1344 189 1405 τοῖς
203 1336 370 1404 διδασκάλοις
385 1334 468 1403 οὕτως
488 1333 635 1407 ἰπιτίδεων
649 1331 715 1413 πρός
735 1329 765 1389 τδ
783 1328 819 1389 τὰ
841 1331 905 1408 παρ’
956 1329 997 1409 git
1007 1342 1037 1388 ut
1047 1348 1183 1406 aerumna;
1194 1328 1264 1388 nibil
1272 1330 1310 1388 ita
1318 1328 1441 1389 fidelium
1452 1330 1555 1389 animos
1567 1329 1699 1389 constrin-
1707 1319 1788 1412 :2¹:¹ss
1808 1307 1835 1346 ‘²⁶

134 1433 212 1506 ἡμῶν
229 1427 360 1508 λιγόμενα
372 1426 521 1487 ἀκούεσθαι.
542 1426 589 1486 Ἐν
602 1423 650 1504 μέν
663 1422 717 1506 γδιρ
735 1419 823 1483 ἀνέσει
845 1444 906 1499 τυγ·
958 1419 1166 1501 gitetoolligat3
1177 1421 1248 1480 nibil
1257 1420 1335 1481 nobis
1343 1421 1500 1480 doctoribus
1508 1420 1698 1503 opportunius,

134 1520 223 1602 χιόνων
242 1518 391 1599 ἀκροατὴς,
405 1519 502 1600 χαῖνός
523 1518 553 1577 τέ
567 1519 624 1576 ἔστι
645 1516 691 1577 καί
711 1511 842 1597 ῥᾴθυμος,
860 1513 906 1573 καί
959 1526 989 1572 ut
998 1508 1071 1572 di'cta
1081 1511 1332 1573 nostraeudiantur.
1348 1512 1465 1574 Auditor
1474 1513 1546 1573 enim
1557 1512 1702 1593 tranquille

135 1614 301 1693 ἰνοχλεῑσθοιι
320 1612 391 1671 δοκεῖ
409 1611 483 1692 παρὰ
506 1616 553 1668 τοῦ
571 1609 709 1689 λέγοντος·
729 1610 757 1668 ἰν
777 1606 805 1668 δί
821 1607 907 1687 θλίψει
958 1624 1039 1685 agens
1052 1603 1144 1663 mollis
1156 1617 1195 1664 est
1207 1619 1233 1664 et
1245 1606 1371 1685 ignavus,
1385 1618 1411 1664 et
1425 1606 1535 1665 moleste
1546 1604 1615 1665 lcrre
1626 1603 1701 1665 vide-

136 1705 183 1765 καί
201 1703 364 1784 στενοχωρίᾳ
376 1706 412 1771 εἰς
423 1702 524 1775 πολλὴν
541 1702 680 1781 ἐπιθυμίαν
692 1700 844 1782 ἀκροάσεως
860 1702 908 1777 tp·
960 1710 1004 1756 tur
1019 1710 1152 1757 oratorem
1159 1721 1169 1777 3
1183 1697 1211 1755 in
1225 1697 1352 1756 erumnis
1367 1718 1431 1757 uero
1447 1711 1473 1756 ct
1486 1696 1617 1777 anqustiis
1632 1699 1704 1778 posi-

136 1797 237 1857 πίπτει
248 1794 498 1876 Στενοχωρούμενος
508 1794 560 1876 γὰρ
569 1794 617 1867 τὴν
631 1793 729 1875 ψυχὴν,
743 1795 908 1873 πανταχόθεν
960 1803 1019 1865 tus,
1033 1788 1061 1849 in
1074 1789 1191 1851 multum
1199 1788 1329 1867 audiendi
1340 1787 1504 1848 desiderium
1515 1788 1620 1849 incidit.
1633 1791 1705 1849 Nam

137 1894 211 1961 ζητεῖ
223 1887 394 1970 παραμυθίαν
409 1891 457 1958 ιη”ς
470 1886 582 1967 θλίψεως
598 1889 701 1967 εὑρεῖν·
721 1889 751 1945 οὐ
769 1882 867 1965 μικρίιν
882 1883 910 1944 δί
960 1905 1023 1945 cum
1033 1883 1143 1964 angitur
1151 1883 1273 1958 animus,
1286 1881 1406 1962 nudique
1415 1882 1622 1944 consolationem
1632 1903 1705 1963 quar·

137 1981 212 2062 φέρει
226 1980 302 2060 λόγος
315 1978 495 2062 παραμυθίαν.
506 1981 532 2038 Τ
535 1978 544 2037 l
557 1969 619 2052 σύν,
632 1978 720 2058 φησίν,
733 1982 758 2038 οἰ
770 1976 910 2049 ’ίωδαῖοις
960 1977 1012 2056 rit3
1032 1997 1085 2037 non
1104 1975 1245 2036 minimam
1265 1988 1354 2035 autem
1377 1997 1464 2036 sermo
1483 1977 1562 2036 affert
1583 1976 1707 2037 consola-

138 2077 198 2140 πῶς
223 2071 373 2150 θλιύόμενοι
397 2070 450 2130 eet
471 2075 520 2143 τῆς
542 2069 713 2150 όλιγοψυχίας
733 2070 782 2128 oie
803 2068 911 2142 ἤκωον,
961 2069 1072 2130 tionem.
1089 2069 1235 2149 Curergo,
1250 2067 1363 2147 inquies,
1376 2067 1464 2128 Judaei
1480 2090 1543 2128 cum
1556 2067 1708 2149 affligeren-

137 2163 204 2224 Ὅτι
215 2163 339 2223 ’ίωδαῖοι
350 2153 437 2236 ἦσαν,
450 2166 475 2221 οἰ
491 2160 532 2220 eet
546 2163 660 2227 ἀσθενεῖς
673 2160 719 2219 καί
731 2158 909 2239 ταλαίπωροι·
961 2175 1018 2240 tur,
1027 2182 1061 2220 ex
1071 2159 1293 2241 pusillanimitate
1301 2179 1354 2218 nou
1365 2158 1528 2220 audiebant?
1539 2159 1610 2232 Quia
1619 2158 1709 2222 Judaei

137 2256 227 2321 ἄλλως
237 2277 267 2313 τε
281 2253 327 2313 καί
344 2253 386 2313 ότι
399 2253 445 2312 καί
458 2256 512 2313 ἐκεῖ
523 2250 608 2323 πολλὴ
622 2256 639 2323 ἦ
650 2253 738 2333 θλίψις
746 2243 796 2326 ἦν,
809 2256 874 2329 ἡμῖν
884 2247 954 2327 δέρῃ
962 2265 1054 2327 erant,
1067 2273 1173 2335 semper
1185 2251 1333 2311 imbecilles
1346 2265 1372 2310 et
1383 2250 1475 2311 miseri
1488 2275 1494 2308 ε
1510 2251 1631 2330 alioquin
1644 2273 1709 2313 vero

138 2345 201 2425 περὶ
223 2344 375 2425 συμμέτρου
394 2350 408 2404 ό
426 2344 510 2424 λόγος.
526 2342 600 2422 Ὅρα
623 2341 692 2424 γάρ·
711 2343 910 2424 προσεδόκησαν
926 2342 947 2388 Α
963 2364 1060 2424 magna
1074 2345 1114 2405 ibi
1124 2345 1248 2425 angustia
1258 2358 1329 2423 erat5
1345 2343 1423 2403 nobis
1435 2357 1523 2403 autem
1535 2344 1569 2404 de
1579 2345 1708 2406 mediocri

139 2437 356 2497 ἀπαλλάττεσθαι
373 2440 426 2495 τῶν
444 2434 608 2515 κατεχόντων
624 2432 716 2501 αὐτοὺς
736 2437 826 2494 κακῶν
840 2437 912 2494 ἐκεῖ·
963 2451 1003 2497 est
1016 2458 1112 2499 sermo.
1128 2436 1201 2499 Vide
1218 2457 1319 2518 porro:
1334 2437 1524 2517 exspectabant
1540 2436 1581 2496 illi
1599 2437 1710 2498 liberari

138 2552 197 2602 νοι,
210 2528 257 2589 καί
269 2528 370 2607 μυρίοις
383 2527 538 2608 περιέπεσον
554 2529 654 2604 μᾶλλον
667 2527 777 2595 δεινοῖς·
789 2533 866 2587 τοῦτο
884 2525 912 2586 δί
963 2551 979 2588 a
996 2529 1074 2589 malis
1088 2528 1282 2609 presentibus,
1298 2528 1364 2587 etin
1378 2528 1504 2607 graviora
1518 2528 1709 2589 innumerain·

138 2625 191 2703 οὐχ
200 2624 237 2689 ὡς
248 2619 341 2700 ἔτυχεν
353 2624 447 2700 ἀπορεῖ
457 2618 555 2699 ψυχήν.
568 2620 603 2678 Αἱ
613 2616 713 2699 θλίψεις
725 2618 913 2699 ἂποσχίζωσιν
964 2619 1089 2681 ridebant
1100 2643 1107 2678 :
1120 2620 1173 2680 hoc
1188 2633 1278 2681 autem
1291 2640 1344 2679 non
1356 2620 1452 2679 leuiter
1466 2620 1586 2679 animum
1598 2621 1628 2680 in
1641 2643 1711 2680 mor·

139 2718 213 2792 ἡμᾶς
225 2715 273 2783 τῆς
287 2712 451 2790 συμπαθείας
463 2716 511 2782 τῆς
524 2710 592 2790 πρός
602 2709 646 2769 τόν
658 2708 778 2789 παρόντα
795 2709 913 2786 κόσμον·
964 2732 1052 2771 rorem
1063 2710 1154 2769 trabit.
1167 2709 1304 2769 AErurnnae
1314 2730 1362 2769 nos
1370 2710 1406 2768 ab
1414 2710 1497 2790 hujus
1506 2710 1602 2770 mundi
1612 2712 1710 2771 affectu

139 2806 237 2871 εὐθέως
251 2811 313 2884 γοῦν
324 2804 368 2863 τὸν
387 2803 499 2863 θάνατον
513 2804 647 2878 αἰτοῦμεν,
658 2801 704 2860 καί
715 2804 764 2860 οὐκ
776 2799 855 2880 ἰσμίν
871 2824 914 2881 φι·
965 2802 1126 2863 abstrabunt
1138 2827 1145 2860 ε
1158 2802 1250 2863 statim
1262 2823 1327 2862 vero
1339 2817 1452 2862 mortem
1463 2805 1592 2884 petimus,
1603 2826 1652 2865 nec
1666 2827 1712 2865 su·

138 2896 311 2976 λσσιύματοι·
335 2896 401 2976 ὅπερ
428 2893 551 2973 μέγιστον
572 2893 727 2974 φιλοσοφίας
741 2893 820 2975 μέρος
842 2893 914 2967 ἰστί,
966 2916 1027 2954 mus
1041 2895 1161 2976 corporis
1171 2909 1302 2956 amatores
1308 2917 1318 2971 3
1330 2895 1403 2975 quod
1413 2910 1452 2955 est
1463 2896 1641 2979 pbilosopbiae
1649 2920 1712 2979 pars

141 2984 181 3062 μὴ
197 2983 340 3063 κεχηνέναι
359 2981 426 3061 μηδὲ
441 2980 632 3061 προσδεδέσθαι
651 2985 684 3060 τῇ
706 2981 827 3062 παρούσῃ
849 2982 914 3060 ζωῇ.
967 2987 1101 3062 maxima,
1114 3007 1168 3048 non
1181 2987 1304 3047 deditum
1317 2986 1712 3072 neeaddiclumessepraesenti

141 3076 176 3135 ‘ll
187 3074 329 3154 θλιύομένη
341 3073 415 3155 ψυχὴ
426 3077 456 3133 ού
466 3072 589 3152 βούλεται
598 3073 659 3152 περί
669 3071 757 3133 πολλὰ
769 3063 846 3147 εἶναι,
856 3076 915 3134 ἀλλ’
967 3080 1043 3141 vitae.
1060 3078 1170 3138 Afflicta
1183 3080 1273 3140 anima
1286 3100 1340 3140 non
1351 3080 1411 3142 vult
1422 3080 1516 3141 multis
1526 3082 1644 3156 becrerc,
1663 3083 1712 3144 sed

141 3166 316 3234 ἀναπαύσεώς
329 3189 400 3232 τινος
419 3164 497 3243 μόνον
511 3164 557 3224 καί
571 3162 683 3244 ἡσυχίας
703 3166 766 3247 ipe·
778 3166 915 3243 ἀγαπητὸν
967 3169 1158 3233 recreationem
1171 3184 1277 3230 tantum
1291 3170 1438 3250 quamdam
1452 3173 1608 3251 requietem
1621 3189 1711 3234 amar:

141 3263 209 3340 αὐτῇ
220 3264 273 3319 τῶν
283 3256 421 3339 παρόντων
432 3260 629 3337 ἀπαλλαγῆναι,
640 3255 688 3316 κδιν
700 3256 782 3335 μηδέν
790 3257 879 3341 ἕτερον
888 3251 915 3340 ᾖ.
968 3276 1043 3345 optat
1053 3285 1069 3323 a
1080 3261 1257 3344 presentibus
1270 3262 1356 3342 eripi,
1371 3263 1477 3322 etiamsi
1489 3253 1561 3324 nibil
1573 3264 1650 3324 aliud
1664 3266 1710 3325 sit.

141 3351 272 3431 Καθάπερ
298 3354 377 3429 σῶμα
402 3349 552 3420 πεπονηκός
573 3349 618 3408 καί
644 3350 846 3430 ταλαιπωρηθὲν
869 3354 917 3411 ούκ
933 3373 951 3420 Β
969 3357 1009 3416 Ut
1024 3375 1123 3436 corpus
1136 3352 1313 3433 defatigatum
1326 3353 1392 3413 etin
1406 3353 1645 3431 miseriaversuns,
1658 3378 1714 3418 non

141 3448 205 3524 ἐρᾷν
227 3442 363 3520 βωλεται,
381 3445 410 3499 ού
431 3439 634 3520 γαστρίζεσθαι,
655 3443 714 3501 ἀλλ’
735 3441 917 3503 ἀναπαύεσθαι
970 3446 1030 3506 vult
1042 3465 1132 3505 amare
1153 3466 1203 3505 nec
1226 3444 1313 3505 uentri
1332 3445 1447 3523 servire,
1469 3445 1516 3527 sed
1535 3447 1670 3526 quiescere
1687 3462 1714 3508 et

141 3534 189 3593 καὶ
211 3537 298 3612 ἦωχῇ
322 3537 426 3592 κεῖσθαι
439 3557 445 3568 ·
461 3531 531 3590 οὕτω
547 3531 593 3590 καὶ
615 3531 688 3612 ψυχὴ
708 3533 809 3615 μυρίοις
823 3540 917 3615 'rapu
969 3538 1114 3618 tranquille
1123 3559 1221 3619 agerer
1233 3538 1273 3599 sic
1284 3552 1310 3597 et
1320 3537 1409 3599 anima
1422 3537 1570 3599 innumeris
1582 3555 1714 3602 macerata

142 3631 268 3706 χευθεῖσα
282 3633 391 3695 κακοῖς,
405 3623 471 3705 πρὸς
488 3622 637 3682 ἀνάπαυσιν
651 3625 696 3683 καί
714 3625 828 3706 ἡσυχίαν
845 3624 918 3686 ἐπεί·
970 3628 1062 3706 malis,
1073 3627 1109 3688 ad
1119 3629 1236 3708 quietem
1248 3643 1274 3689 et
1285 3629 1508 3707 tranquillitatem
1520 3629 1637 3691 festinat.
1648 3632 1712 3711 Illa,

143 3740 222 3795 γεται
235 3707 312 3777 εἶναι.
326 3715 361 3775 ‘ll
376 3718 403 3774 ἐν
418 3715 504 3775 ἀνέσει
521 3705 586 3773 odeo
603 3717 750 3792 ἐπτόηται,
771 3718 916 3796 τεθορύύη-
970 3742 1031 3799 quae
1041 3721 1068 3780 in
1080 3720 1170 3800 quiete
1179 3719 1250 3800 agit,
1259 3719 1368 3801 stupida
1376 3735 1431 3796 est,
1440 3721 1576 3796 turbatur,
1587 3723 1714 3784 sublimis

143 3832 205 3882 ται,
219 3808 349 3889 μετέωρός
370 3810 456 3868 ἐστιν·
472 3807 537 3879 αὕτη
552 3808 579 3867 δὲ
596 3806 670 3868 οὐδέν
690 3808 800 3889 κεχηνὸς
819 3811 917 3890 ἔχωσε
970 3811 1055 3871 fertur
1060 3811 1136 3889 3baec
1144 3832 1209 3871 vero
1216 3811 1286 3870 nihil
1294 3811 1329 3870 ad
1338 3812 1412 3890 quod
1421 3811 1598 3889 inhiet,nibil
1605 3813 1713 3876 lluxum

143 3901 205 3962 οὐδὲ
218 3899 353 3982 διαρρέον,
366 3899 415 3972 όλη
430 3897 617 3979 ωνέσφιγκται
630 3899 675 3959 καί
686 3900 759 3978 μένει
771 3901 917 3982 ἄμετειύρι·
970 3901 1080 3978 babens,
1087 3915 1143 3961 tota
1149 3900 1351 3980 constringitur,
1360 3923 1408 3961 nec
1415 3902 1531 3962 sublime
1539 3902 1622 3983 sapit:
1630 3917 1656 3964 et
1664 3903 1713 3965 illa

145 3992 281 4062 στος·καί
295 3995 312 4062 ἦ
325 3989 373 4070 μέν
386 3990 563 4072 ἀνδρειοτέρα,
577 3996 594 4062 ἡ
609 3990 637 4050 δὲ
650 3993 831 4073 παιδικωτέρα
843 3992 916 4052 ἐστί·
969 3992 1072 4068 fortior,
1082 3993 1141 4052 btcc
1151 3992 1283 4073 puerilior
1293 4006 1345 4067 cst;
1357 3993 1405 4053 ille
1418 3993 1536 4073 gravior,
1546 3994 1605 4054 baec
1615 3995 1711 4056 levior.

144 4086 222 4156 καίἡ
237 4083 284 4162 μὲν
308 4082 455 4164 βαρυτέρα,
474 4089 491 4156 ἡ
510 4081 537 4142 δέ
558 4082 712 4163 κουφοτέρα.
729 4084 783 4144 Καὶ
795 4085 916 4168 καθάπερ
963 4083 1006 4143 -Er
1024 4083 1094 4143 sicut
1107 4083 1212 4162 siquid
1225 4083 1253 4142 in
1268 4084 1428 4164 profundam
1443 4106 1541 4164 aquam
1553 4085 1673 4163 incidat,
1687 4088 1712 4148 si

144 4181 172 4237 ἐν
185 4178 278 4255 πολλῷ
294 4173 370 4234 ύδατι
383 4173 497 4252 ἐμπεσόν
516 4197 543 4232 τι
562 4181 656 4255 κοῦφον
678 4174 816 4235 σαλεύεται
828 4199 834 4213 ·
847 4175 916 4235 ούτω
968 4177 1027 4236 lere
1039 4176 1074 4235 sit
1086 4176 1218 4236 fluctuat:
1229 4175 1269 4235 sic
1280 4189 1307 4235 et
1317 4175 1406 4236 anima
1415 4176 1443 4236 in
1453 4176 1584 4256 gaudium
1594 4179 1712 4240 multum

143 4269 191 4327 καί
206 4271 244 4335 εἰς
260 4264 362 4338 πολλὴν
375 4265 462 4345 χαρόιν
475 4268 627 4342 ἐμπεσοῦσα
640 4265 724 4345 ψυχή.
743 4265 796 4325 Καὶ
809 4264 844 4325 τίς
863 4265 915 4345 μί-
932 4285 951 4334 c
968 4266 1097 4328 incidens.
1112 4269 1235 4328 Maxime
1249 4288 1313 4329 vcro
1328 4277 1461 4347 peccataa
1473 4270 1559 4329 multa
1572 4271 1713 4352 voluptate

142 4384 224 4438 γιστα
239 4358 267 4418 δέ
279 4363 344 4436 ἡμῖν
361 4357 542 4437 ἁμαρτήματα
557 4356 610 4417 ἀπὸ
620 4359 720 4430 πολλῆς
734 4361 829 4431 ἡδονῆς
842 4382 916 4439 γεγε·
969 4359 1046 4418 nobis
1058 4358 1124 4419 oriri
1136 4359 1230 4420 videre
1242 4374 1290 4420 est.
1306 4361 1358 4435 Et,
1372 4361 1394 4420 si
1408 4362 1513 4443 placet,
1533 4362 1629 4424 domos
1643 4364 1712 4424 duas

142 4452 246 4531 νημίνα
259 4450 360 4517 llorere
375 4451 416 4509 όν.
430 4449 484 4508 Καὶ
496 4452 519 4507 εἰ
537 4448 677 4526 βούλεσθε,
698 4449 782 4518 οἰκίας
795 4451 916 4532 ύπογρύ-
968 4449 1164 4526 dcscrrbamus3
1177 4451 1290 4511 alteram
1302 4453 1473 4534 nuptiarum,
1483 4454 1595 4515 alteram
1604 4456 1710 4515 luctus:

142 4547 235 4623 ψωμεν
248 4543 308 4614 δύο,
324 4541 373 4614 σλν
395 4541 442 4619 μίν
455 4539 681 4618 γαμούντων,τὴν
698 4540 725 4601 δὲ
737 4545 915 4604 πενθούντων·
968 4543 996 4602 in
1015 4555 1158 4621 utramque
1172 4557 1261 4604 mente
1276 4544 1633 4623 ingrediamunvideamns
1650 4560 1712 4606 utra
1741 4574 1847 4633 compar·

143 4635 302 4713 εἰσέλθωμεν
317 4637 356 4714 τῷ
370 4633 444 4712 λόγῳ,
454 4632 520 4712 πρὸς
533 4632 689 4712 ἑκατέρως·
705 4632 804 4712 ἴδωμεν
817 4635 857 4704 τίς
877 4634 916 4694 τί·
968 4635 1004 4695 sit
1022 4634 1126 4694 melior.
1140 4636 1243 4695 Luctus
1260 4634 1357 4696 domus
1377 4637 1528 4698 invenietur
1541 4637 1750 4719 philosophialio
1781 4637 1860 4710 ‘imru

143 4752 186 4796 νος
198 4727 318 4806 βελτίων.
330 4724 511 4805 Εύρεθήσεται
521 4723 572 4804 γίιρ
586 4728 603 4795 ἡ
617 4730 663 4784 τοῦ
674 4731 828 4795 πενθοῦντος
837 4731 915 4809 φιλο·
968 4727 1061 4808 plena‚
1076 4726 1175 4785 domus
1194 4747 1259 4788 vero
1277 4727 1436 4808 nuptiarum
1448 4728 1624 4809 turpitudine.
1638 4729 1712 4792 Vide
1718 4707 1861 4806 effingi}

143 4819 236 4900 σοφίας
249 4817 415 4898 γίμωσα,ἡ
435 4813 462 4883 δὲ
484 4820 530 4874 τοῦ
551 4821 697 4893 γαμοῦντος
716 4818 915 4898 ἀσχημοσύνης.
969 4838 1100 4896 namque:
1112 4817 1202 4898 turpia
1212 4817 1271 4876 illic
1279 4819 1362 4880 verba
1373 4832 1453 4897 sunt,
1465 4818 1536 4879 risus
1545 4819 1799 4895 inconditus,¹⁰⁶¹¹⁸¹·

141 4911 218 4991 Ὅρα
236 4909 303 4991 γάρ·
326 4904 426 4986 αἰσχρὰ
447 4904 522 4965 Ι’ἐκεῖ
542 4907 664 4987 ῥήματα,
686 4908 769 4988 γέλως
787 4911 916 4985 ἄτακτος,
970 4929 1076 4989 gressus
1090 4909 1275 4990 incompositi,
1290 4907 1713 4992 vestisetinoessus'tnrpitudiue

145 5001 256 5080 βήματα
269 5000 450 5077 ότακτότερα,
461 4998 542 5068 στολὴ
553 4997 599 5057 καί
612 4999 715 5076 βάδισις
728 5001 918 5080 ἀσχημοσύνης
970 5001 1080 5080 plenus,
1090 5013 1179 5080 gestus
1188 4999 1290 5059 insania
1299 5013 1325 5058 et
1334 4999 1448 5059 stultitia
1456 5001 1541 5060 multa
1552 5025 1559 5059 ι
1569 5002 1597 5061 in
1609 5024 1714 5065 summa

142 5095 279 5174 γέμουσα,
299 5090 428 5171 σχήματα
447 5090 547 5160 πολλῆς
568 5090 657 5159 ἀνοίας
675 5091 720 5151 καί
737 5092 855 5173 μωρίας·
871 5094 916 5153 καί
971 5093 1041 5153 nibil
1054 5093 1093 5152 ibi
1099 5138 1108 5169 ,
1122 5114 1203 5170 quam
1215 5093 1284 5153 risus
1295 5106 1321 5151 et
1330 5092 1438 5153 derisio.
1453 5095 1513 5154 Non
1532 5093 1566 5154 de
1584 5096 1650 5177 ipsis
1661 5119 1714 5156 uu-

177 5268 189 5291 ·
206 5250 273 5302 Alius
286 5255 433 5319 ταραχθεῖσα.
990 5252 1002 5289 b
1020 5260 1064 5304 ικαὶ
1075 5247 1144 5301 deest
1156 5252 1180 5300 iu
1193 5267 1251 5301 ιιοο.
