3728 5978
558 468 592 516 ιιι
619 468 726 518 crisa.
756 469 803 518 tn
829 471 912 520 non.
940 471 1060 520 noun.
1087 472 1123 519 x.
1213 482 1217 488 ·
1570 445 1640 542 579

67 589 140 670 αὐτῷ
154 587 192 671 τῷ
204 588 276 650 ἄνθει
287 593 335 662 τῆς
349 590 454 662 ἡλικίας
473 591 524 650 είσὶ
535 592 689 668 διαπαντὸς,
699 594 765 675 πρὸς
775 594 843 655 ὅπα·
895 594 1009 654 minimo
1034 595 1160 654 conflictu
1180 594 1273 653 statim
1298 592 1397 653 cadunt
1420 604 1446 652 et
1467 605 1580 673 pereunt
1593 616 1599 650 ι
1610 592 1641 655 id

66 707 116 742 σαν
139 686 230 763 μάχην
245 685 290 744 καὶ
314 684 402 755 παλην
424 686 465 744 ἀεί
481 687 743 766 παρεσκευασμέναι·
766 687 795 745 αἱ
813 683 843 744 δί
894 684 969 764 quod
980 686 1118 745 declarans
1128 685 1259 766 propheta
1270 685 1391 745 dicebat:
1403 688 1567 765 Tamquam
1573 687 1641 765 pul·
1650 695 1789 754 Psatnq.

45 845 49 851 γ
65 780 119 833 τῶν
139 777 305 855 ἁμαρτωλῶν
328 776 377 836 κάν
399 776 496 858 μυιρδιν
521 777 647 846 δέξωνται
673 778 841 860 προσθολὴν,
896 781 948 852 vis,
955 798 1040 858 quem
1049 781 1166 858 projicit
1178 791 1286 837 uentus
1299 800 1319 836 α
1320 780 1409 859 facie
1419 790 1514 849 terro,
1528 776 1566 836 ita
1577 789 1642 837 suut

65 865 160 927 ἔπεσόν
176 891 206 926 τε
225 866 319 934 εὐθέως
333 868 377 926 καὶ
392 869 537 929 ἀπώλοντο.
555 870 607 929 Καὶ
627 877 704 930 τοῦτο
728 873 815 943 δηλῶν
827 875 885 953 65„
894 869 1043 943 versatiles,
1050 883 1076 928 et
1085 869 1215 929 damnum
1226 869 1386 950 parantibus
1396 869 1473 928 aditu
1483 869 1584 939 faciles,
1591 869 1640 948 qui

65 960 204 1039 προφήτης
221 960 320 1040 ἔλεγεν,
331 959 371 1020 ὅτι
382 960 459 1023 Ὡσελ
472 970 566 1043 χνοῦς,
580 963 607 1022 ὃν
620 962 739 1042 ἐκρίππει
752 968 767 1023 θ
783 962 842 1022 dra:
857 972 876 1016 Α
894 962 922 1022 in
937 962 1052 1043 peccatis
1064 963 1150 1022 vitam
1160 977 1253 1042 agunt.
1264 965 1356 1041 Neque
1369 962 1441 1022 enim
1453 961 1523 1021 clare
1534 959 1641 1037 vident,

66 1076 115 1128 μσς
129 1051 182 1112 άτδ
202 1053 345 1134 προσώπου
359 1058 407 1125 τῆς
423 1058 487 1133 γῆς,
501 1055 584 1123 σίτοις
599 1056 665 1115 etan
682 1056 840 1134 εθρίπιστοι,
893 1075 942 1113 nec
955 1055 1057 1113 sincere
1071 1054 1199 1132 audiunt,
1223 1076 1271 1114 nec
1285 1053 1450 1113 articulatim
1471 1054 1637 1132 loquuntur:

64 1144 111 1203 καὶ
124 1148 161 1210 εἰς
174 1144 300 1226 ἐπήρειαν
315 1156 381 1205 πᾶσι
403 1146 572 1229 προκείμενοι
598 1150 622 1207 οἱ
647 1150 674 1206 ἐν
698 1148 841 1228 ἁμαρτίαις
892 1146 1013 1225 singultu
1023 1146 1110 1205 multo
1121 1160 1279 1225 gravantur,
1287 1145 1458 1224 ingentemin
1468 1166 1515 1204 ore
1525 1145 1641 1204 salivam

65 1236 170 1301 ζῶντες.
185 1233 257 1296 Οὔτε
270 1236 322 1315 γὰρ
337 1241 431 1316 δρῶσιν
457 1243 554 1317 ὑγιῶς,
567 1238 621 1298 οὔτ’
643 1236 778 1298 ἀκούωσιν
802 1241 841 1298 εἰ·
892 1239 1094 1298 circumferunt.
1108 1245 1197 1316 Atque
1208 1239 1312 1297 utinam
1320 1237 1434 1298 salivam
1442 1260 1451 1313 ς
1461 1257 1515 1296 non
1526 1237 1598 1302 enim
1609 1236 1640 1297 id

64 1329 233 1408 λικρινῶς,οὐ
243 1327 526 1410 ρθίγγσνταιέναρθρα,
541 1329 611 1390 ἄλλα
625 1332 725 1402 πολλῆς
738 1329 785 1407 μὲν
795 1330 840 1409 γί·
892 1330 1043 1395 absurdum
1064 1344 1151 1407 esset;
1165 1329 1213 1390 sed
1224 1331 1283 1411 jam
1307 1349 1381 1388 eoeno
1403 1327 1541 1408 putidiora
1556 1328 1640 1389 ruba

65 1442 145 1496 μουσι
158 1425 205 1490 τῆς
219 1421 324 1500 λυγγὸς,
341 1420 422 1480 πολὺν
446 1422 474 1481 δὲ
496 1425 522 1481 ἐν
536 1426 575 1500 τῷ
589 1421 703 1500 στόματι
714 1420 841 1504 περιῤῥί-
892 1422 1047 1501 proferunt:
1057 1421 1183 1501 quodque
1196 1420 1307 1501 gravius
1318 1434 1367 1493 est,
1380 1440 1413 1479 ne
1421 1441 1519 1501 spuere
1528 1418 1640 1502 quidem

63 1534 127 1569 οντα
139 1512 183 1570 τὸν
196 1511 282 1571 σίαλον
294 1511 473 1594 περιφέρουσι.
494 1513 547 1572 Καὶ
561 1513 613 1573 εἴθε
628 1513 726 1586 σίαλον,
744 1513 789 1573 καὶ
799 1515 842 1573 οὐ·
891 1511 1049 1592 hujusmodi
1063 1513 1209 1572 verborum
1224 1534 1349 1593 spumam
1363 1525 1487 1593 possunt,
1499 1509 1546 1570 sed
1558 1500 1656 1575 mand·
1676 1522 1679 1526 '

64 1603 106 1662 δὲν
120 1595 152 1675 ῆν
171 1603 282 1663 ἄτοπον·
300 1602 355 1662 νυνί
369 1605 396 1664 δὲ
407 1604 504 1672 παντὸς
516 1604 643 1686 βοράόρου
657 1605 765 1686 ῥήματα
779 1607 840 1665 δυσ·
891 1604 1064 1683 excipientes,
1080 1603 1243 1663 exsecrando
1263 1603 1344 1663 modo
1366 1624 1461 1662 rursus
1481 1602 1557 1662 illam
1570 1617 1641 1673 atte-¹

63 1694 197 1775 ωδέστερα
220 1694 371 1775 προίενται,
389 1697 434 1754 καί
445 1696 476 1755 τὸ
485 1696 517 1768 δὴ
528 1697 723 1778 χαλεπώτερον,
730 1698 771 1756 ὅτι
782 1695 840 1757 οὐδὲ
892 1709 964 1771 nint,
976 1697 1085 1755 comsit
1099 1696 1193 1771 densa,
1209 1717 1257 1755 nec
1269 1696 1348 1754 facile
1367 1694 1437 1754 solvi
1451 1695 1545 1775 possit.
1559 1696 1640 1756 Forte

64 1787 216 1847 ἀποπτύσαι
238 1787 283 1846 τὸν
299 1774 385 1847 σίαλον
403 1788 502 1848 τούτων
520 1794 573 1848 τῶν
589 1789 714 1871 ῥημάτων
731 1788 840 1870 ἰσχίοι-
892 1807 954 1845 cum
975 1807 1073 1846 nausea
1086 1801 1113 1846 et
1132 1785 1240 1845 fastidio
1257 1785 1435 1848 narrationem
1449 1785 1520 1844 banc
1533 1786 1640 1866 excipi-

64 1903 117 1950 σιν,
134 1877 204 1938 ἀλλὰ
221 1903 254 1958 τη
267 1880 338 1959 χειρί
351 1879 488 1959 δεχόμενοι
508 1881 575 1959 μετδι
589 1883 690 1953 πολλῆς
705 1885 753 1952 τῆς
776 1883 838 1960 βδε-
891 1876 944 1936 tis=
959 1869 1059 1956 quanto
1073 1876 1160 1957 tnagis
1174 1898 1230 1936 retu
1244 1876 1330 1957 ipsam
1342 1874 1517 1938 fastidiretis!
1532 1878 1603 1937 Nam
1616 1877 1638 1936 si

63 1970 169 2050 λυρίας,
185 1971 265 2030 πάλιν
282 1971 360 2030 αὐτὸν
379 1972 584 2053 προστρίάονται
605 1971 695 2053 παχὺν
708 1972 771 2032 ὄντα
793 1972 839 2033 καί
891 1969 919 2028 in
940 1991 1052 2050 corpore
1074 1969 1132 2029 baec
1154 1970 1260 2048 ingrata
1274 1983 1301 2029 et
1313 1968 1438 2030 insuavia
1463 1981 1536 2046 sunt,
1552 1968 1639 2028 multo

64 2063 268 2140 δυσδιάτμητον.
286 2062 368 2143 Τάχα
395 2074 518 2124 ναυτιᾶτε
542 2066 608 2146 πρὸς
631 2064 679 2137 τὴν
701 2064 836 2143 διήγησιν·
854 2084 872 2130 B
891 2063 978 2142 magis
992 2063 1020 2121 in
1031 2063 1132 2122 anima.
1145 2063 1222 2121 Talis
1232 2076 1290 2122 erat
1300 2063 1408 2143 juvenis
1422 2061 1477 2137 ille,
1487 2061 1535 2140 qui
1547 2062 1638 2122 omnia

64 2159 156 2214 οὐκοῦν
171 2156 351 2236 μᾶλλονπρδς
374 2156 423 2228 τῆν
446 2155 552 2235 πρᾶξιν.
568 2159 603 2216 Et
622 2155 674 2236 γὰρ
689 2160 717 2216 ἐν
733 2157 839 2233 σώματι
890 2176 940 2213 sua
950 2169 1142 2228 consumserat,
1154 2168 1180 2214 et
1191 2156 1218 2214 in
1229 2169 1378 2214 extremam
1391 2154 1540 2233 nequitiam
1551 2155 1637 2214 deve-

63 2252 147 2305 ταῦτα
161 2248 229 2318 ἀηδῆ
244 2247 437 2325 συμάαίνοντα,
453 2250 544 2329 πολλῷ
560 2251 660 2325 μᾶλλον
671 2253 697 2310 ἐν
707 2252 741 2328 τῆ
754 2252 839 2330 ψυχῇ.
890 2261 975 2319 uerat,
991 2247 1030 2306 ita
1040 2260 1071 2306 ut
1085 2245 1172 2307 deliro
1185 2247 1260 2306 omni
1273 2261 1298 2305 ct
1312 2259 1458 2325 aegrotante
1468 2245 1585 2306 debilior
1595 2266 1637 2306 es·

63 2341 189 2404 Τοιοῦτος
200 2330 232 2411 ῆν
244 2340 340 2406 ἐκεῖνος
354 2344 441 2408 ὀπαῖς
454 2346 468 2399 δ
482 2339 569 2399 πάντα
580 2340 614 2400 τά
628 2345 721 2401 ἑαυτοῦ
733 2342 748 2372 *
758 2364 838 2413 κατη·
890 2352 940 2399 set.
953 2343 987 2398 dt
1001 2340 1110 2419 quando
1125 2341 1224 2417 voluit,
1238 2338 1378 2419 derepente
1386 2359 1472 2398 novus
1486 2339 1635 2416 factusest,

62 2430 201 2502 ναλωκὼς,
219 2432 265 2490 καί
279 2434 315 2498 εἰς
329 2431 447 2511 ἐσχάτην
461 2431 558 2493 κακίαν
571 2433 750 2514 κατενεχθεὶς,
766 2456 837 2492 παν·
889 2453 924 2492 cx
940 2454 994 2491 una
1015 2432 1100 2491 animi
1122 2432 1258 2495 voluntate
1271 2453 1303 2491 ac
1316 2431 1474 2492 mutatione.
1490 2432 1636 2510 Postquam

62 2525 107 2591 τὸς
119 2526 259 2604 ληροῦντος
271 2525 316 2583 καλ
330 2525 499 2598 νενοσηκότος
511 2525 695 2607 ἀσθενέστερον
706 2525 838 2602 διακείμε-
889 2524 962 2583 enirn
984 2524 1112 2602 dixerat,
1141 2526 1269 2586 Revertar
1283 2524 1319 2584 ad
1333 2538 1438 2605 patrem
1453 2545 1564 2583 meum:
1579 2524 1786 2600 haeczoeasnt.

63 2640 114 2682 νος.
129 2614 198 2675 Ἀλλ’
216 2615 308 2686 ἐπειδὴ
329 2615 473 2690 ἐὸσυλήθη,
488 2616 593 2695 γέγονεν
613 2616 687 2697 άρνω
700 2615 769 2687 νίος,
784 2616 838 2676 άπδ
889 2639 942 2677 una
956 2639 1012 2678 vox
1024 2617 1114 2677 omnia
1128 2617 1180 2698 ipsi
1194 2617 1309 2677 contulit
1327 2617 1416 2693 θοίνας
1431 2617 1485 2676 imo
1500 2638 1567 2699 vero
1581 2638 1635 2678 non

60 2706 169 2786 γνώμης
183 2705 264 2785 μόνης
285 2706 330 2765 καὶ
346 2707 540 2784 μεταστάσεως.
563 2705 674 2780 Ἐπειδὴ
690 2706 740 2786 γδιρ
755 2698 838 2779 εἶπεν,
888 2709 1004 2769 verbum
1016 2723 1133 2785 tantum,
1142 2709 1187 2768 sed
1199 2729 1267 2790 opus
1277 2730 1339 2768 cum
1354 2708 1435 2767 verbo
1448 2709 1635 2789 conjunctum.

63 2798 216 2879 ἐπιστρέψω
233 2799 298 2876 πρὸς
324 2799 369 2859 τὸν
391 2799 495 2882 πατέρα
521 2823 588 2878 μου,
607 2799 637 2858 τὸ
662 2803 735 2878 ῥῆμα
760 2807 837 2860 τοῦτο
889 2804 950 2863 Non
962 2802 1125 2880 enimdixit,
1141 2803 1281 2878 Revertar,
1295 2815 1322 2860 et
1335 2801 1374 2860 ibi
1389 2800 1488 2860 mansit
1494 2823 1503 2876 ;
1516 2800 1573 2876 sed,
1584 2803 1637 2862 Re·

63 2890 232 2973 αὑτῷπάντα
253 2889 360 2966 ἐκόμισε
380 2890 495 2965 τάγαθά·
516 2892 615 2968 μᾶλλον
632 2887 659 2948 δέ
675 2893 704 2949 οὐ
716 2889 746 2948 τὸ
763 2895 837 2973 ῥῆμα
888 2908 990 2972 vertar,
1003 2907 1029 2954 et
1042 2915 1166 2955 reversus
1180 2915 1212 2954 ac
1228 2893 1301 2953 viam
1326 2906 1410 2953 totam
1425 2893 1502 2951 illam
1515 2913 1637 2954 emensus

61 2983 167 3051 ἅπλῶς,
179 2979 248 3042 ἀλλὰ
269 2982 300 3040 τὸ
318 2979 392 3062 ἔργον
406 2985 444 3061 τῷ
468 2981 567 3061 ῥήματι
589 2978 740 3060 προστεθέν.
765 2980 835 3040 Οὐδὲ
888 3001 938 3047 est.
954 2988 1004 3047 Sic'
1016 3000 1043 3046 et
1056 3008 1104 3047 nos
1117 2987 1248 3046 faciamus
1261 3010 1267 3042 :
1280 2985 1385 3045 etiamsi
1399 2999 1476 3045 extra
1495 2985 1591 3066 patria
1602 2987 1637 3047 st·

62 3072 115 3153 ’ίίῑρ
135 3064 217 3147 είπεν,
239 3073 390 3146 ἐπανέλθω,
403 3074 448 3132 καί
463 3073 576 3150 ἔμεινεν·
593 3075 651 3132 ἀλλ’
666 3063 748 3146 εἶπεν,
771 3077 836 3133 ἐπα·
851 3072 934 3138 Gnes
941 3078 1076 3160 deportati
1085 3077 1267 3152 fuerimus‚ad
1276 3092 1416 3158 paternam
1426 3077 1636 3162 tumendomqm

61 3165 162 3240 νέλθω,
183 3167 228 3225 καλ
242 3168 389 3238 ἐπανῆλθε,
406 3165 451 3224 καί
464 3165 512 3238 τῆν
526 3168 584 3225 ὁδὸν
594 3175 683 3225 πᾶσαν
694 3163 835 3247 ιθπίστρε·
885 3169 1038 3242 redeamus,
1055 3191 1104 3229 nec
1117 3191 1165 3229 nos
1178 3169 1309 3249 longioris
1331 3169 1383 3229 viae
1403 3169 1503 3250 pigeat.
1524 3170 1595 3228 Nam
1612 3169 1636 3230 si

60 3259 110 3336 θεν
120 3257 232 3331 ἐκείνην.
249 3257 330 3318 Οθτω
354 3257 399 3316 καὶ
422 3262 499 3335 ἡμεῖς
523 3262 653 3335 ποιῶμεν·
676 3255 725 3316 νίν
736 3260 773 3323 νίς
786 3253 835 3328 τήν
887 3263 1063 3340 voluerimus,
1072 3262 1160 3326 facilis
1173 3250 1223 3322 erit
1238 3261 1342 3321 reditus
1356 3283 1388 3320 ac
1399 3254 1571 3340 celerrimus,
1578 3283 1635 3322 mo·

59 3348 199 3430 ὑπερορίαν
214 3354 412 3430 άπενεχθῶμεν,
435 3349 618 3426 ἐπανελθωμεν
633 3348 698 3431 πρὸς
717 3350 761 3409 τὸν
781 3373 835 3409 πα-
886 3354 922 3416 do
929 3355 1099 3438 peregrinam
1109 3369 1207 3415 terram
1218 3354 1372 3415 deseramus
1382 3379 1388 3412 :
1399 3354 1451 3414 boc
1462 3355 1534 3415 enim
1544 3355 1636 3437 ipsum

59 3448 147 3524 πρῷον
160 3434 240 3516 οἶκον,
253 3445 299 3503 καί
313 3443 350 3521 μὴ
362 3443 567 3521 κατοκνήσωμεν
582 3445 647 3524 πρὸς
666 3444 696 3504 τδ
718 3448 765 3516 τῆς
775 3445 836 3504 ὁδοῦ
887 3461 925 3507 est
938 3461 1088 3528 peccatum,
1103 3446 1178 3525 quod
1194 3468 1242 3505 nos
1262 3467 1277 3505 a
1293 3459 1402 3526 paterna
1416 3446 1498 3505 domo
1511 3445 1633 3506 abducit.

60 3542 156 3614 μῆκος·
173 3534 220 3596 Ἂν
239 3536 289 3615 γὰρ
314 3538 494 3615 βουληθῶμεν,
509 3535 639 3610 είκολοςὴ
655 3535 778 3604 ἐπάνοδος
798 3534 835 3615 γί·
887 3541 967 3600 Illam
984 3541 1074 3619 itaque
1084 3540 1279 3619 relinquamus,
1296 3553 1326 3597 ut
1340 3539 1376 3598 ad
1388 3552 1525 3619 paternam
1543 3560 1636 3601 rever-

59 3653 134 3687 νεταν
151 3628 196 3688 καί
220 3628 352 3709 ταχίστη,
365 3629 443 3706 μόνον
456 3631 563 3708 ἀφῶμεν
575 3627 623 3700 viv
636 3627 710 3700 ίίνην
722 3628 768 3687 καί
787 3626 836 3701 wit
888 3648 979 3693 tamur
998 3633 1120 3692 domum.
1142 3636 1211 3692 Nam
1226 3632 1310 3713 prolis
1326 3653 1418 3691 amans
1430 3646 1469 3691 est
1482 3645 1572 3714 pater,
1589 3652 1637 3691 nec

58 3721 214 3803 ἀλλοτρίαν·
229 3727 306 3780 τοῦτο
321 3721 372 3801 γὰρ
393 3726 410 3792 ἦ
433 3721 569 3800 ἁμαρτίαι
584 3720 675 3802 πίῤῥω
691 3717 837 3793 ricottis<
889 3749 937 3787 nos
951 3728 1106 3787 immutatos
1123 3726 1214 3785 minus
1227 3725 1332 3805 diliget,
1346 3746 1428 3803 quam
1442 3745 1497 3796 eos,
1511 3725 1559 3804 qui
1572 3724 1636 3784 vitm
1682 3760 1691 3773 ‚

59 3819 133 3891 ἡμᾶς
155 3813 295 3893 ἀπάγουσα
312 3819 357 3873 τοῦ
375 3812 486 3892 πατρός.
509 3812 628 3892 ’Λρῶμεν
643 3812 729 3873 τοίνυν
746 3813 836 3889 αὐτὴν,
890 3822 1027 3903 probitate
1037 3821 1141 3894 ssorent,
1154 3819 1208 3878 imo
1216 3819 1279 3900 plus
1289 3817 1548 3896 amabitzsiquidcm
1557 3817 1637 3877 illum

58 3910 104 3968 ίνα
115 3907 218 3985 ταχέως
230 3905 295 3986 πρὸς
306 3906 351 3965 τὸν
363 3909 487 3985 πατρῷον
499 3904 684 3984 ίπανελθωμεν
694 3897 773 3966 οἶκον.
786 3907 840 3967 Καὶ
892 3928 967 3995 pater
981 3914 1042 3995 pius
1056 3913 1084 3972 in
1098 3913 1199 3972 honore
1213 3911 1321 3984 habuit,
1336 3909 1475 3989 magisque
1490 3908 1637 3970 delectatus

57 3998 112 4078 γάρ
131 3997 302 4078 φιλόστοργός
317 3997 525 4078 ἐστινδπατῆρ,
537 3998 583 4056 καὶ
597 4002 651 4057 τῶν
667 3999 839 4077 εὐδοκιμούν·
891 4019 931 4066 est
952 4004 1010 4065 filio
1032 4018 1198 4085 recuperato,
1224 4003 1260 4062 Et
1282 4001 1418 4082 quomodo
1438 4016 1570 4079 revertar,
1591 4003 1637 4061 in.

56 4114 111 4149 των
137 4094 186 4170 οὐχ
208 4083 287 4162 ἧττον
309 4095 380 4166 ἡμᾶς
399 4086 554 4170 ι’ἀγαιι-ῆσει
577 4089 838 4168 μεταὸαλλομένους,
854 4098 874 4145 Ι)
892 4097 988 4175 quies?
1003 4099 1068 4156 Rem
1080 4095 1173 4177 incipe
1185 4108 1301 4172 tantuna,
1316 4108 1342 4152 et
1356 4107 1444 4153 totum
1459 4095 1634 4154 factumest:

59 4181 131 4242 ἀλλὰ
144 4183 189 4241 καί
209 4181 305 4241 πλέον·
321 4182 378 4241 ἐπεὶ
394 4183 439 4241 καί
460 4185 558 4242 ἐκεῖνον
572 4188 586 4242 ὁ
601 4183 690 4262 πατὴρ
703 4184 764 4244 πότε
779 4208 838 4262 μει-
891 4209 1001 4269 peccare
1015 4186 1117 4261 desine,
1131 4207 1179 4245 nec
1192 4185 1263 4245 ultra
1276 4183 1415 4266 procedat»,
1429 4199 1455 4244 et
1470 4186 1529 4266 jam
1539 4199 1636 4247 dotum

59 4274 141 4344 ζόνως
160 4273 289 4353 ἕτίμησεζ
302 4273 347 4333 καί
376 4275 427 4356 γὰρ
451 4274 576 4353 μειζόνως
603 4273 678 4342 αὐτὸς
701 4273 771 4346 ἥσθη
794 4275 838 4335 τὸν
890 4279 1027 4361 accepisti.
1040 4279 1116 4338 Sicut
1126 4278 1198 4338 enim
1211 4277 1253 4353 iis,
1270 4277 1317 4356 qui
1328 4276 1423 4336 morbo
1434 4276 1569 4357 laborant,
1582 4300 1636 4338 non

57 4368 144 4426 παῖδα
159 4363 312 4425 ἀπολαὸιίνν.
329 4365 384 4425 Καὶ
398 4370 454 4432 πῶς
466 4367 618 4441 ἐπανέλθω,
634 4367 727 4448 φησίν;
741 4368 838 4449 Ἀρχὴν
891 4375 968 4454 pejus
982 4372 1082 4431 babere
1104 4372 1211 4430 initium
1225 4385 1266 4437 est
1283 4369 1485 4430 convalescendi
1498 4370 1556 4431 :sic
1568 4385 1595 4430 et
1607 4370 1634 4431 in

58 4460 146 4528 ἐπίθες
166 4463 205 4538 τῷ
224 4459 363 4539 πράγματι
377 4457 466 4535 μόνον,
479 4460 524 4518 καὶ
536 4459 567 4518 τὸ
578 4470 630 4520 πᾶν
642 4459 744 4540 γέγονε·
759 4466 836 4533 στῆθι
891 4465 1011 4545 nequitia
1024 4464 1172 4543 contingit:
1183 4485 1216 4523 ne
1227 4464 1339 4524 ulterius
1350 4463 1542 4545 progrediaris,
1554 4479 1580 4524 ct
1591 4486 1635 4524 uc-

56 4555 107 4621 τῆς
120 4550 229 4623 κακίας,
253 4550 298 4608 καί
317 4550 354 4628 μῆ
370 4550 501 4633 προελθῃς
521 4551 706 4632 οπεραιτέρω,
720 4553 767 4612 καί
782 4553 834 4626 ἤδη
891 4560 977 4639 quitia
991 4559 1073 4618 finem
1088 4557 1208 4617 babebit.
1230 4557 1260 4618 Si
1273 4579 1319 4639 per
1331 4556 1448 4618 biduum
1466 4559 1518 4618 hoc
1529 4559 1634 4637 feceris,

55 4650 103 4703 τοῦ
116 4644 213 4710 παντὸς
228 4642 372 4702 ἕπῑλᾶὅον·
387 4643 516 4723 Καθάπερ
531 4643 583 4725 γὰρ
594 4652 648 4711 τοῖς
659 4643 788 4723 κάμνουσι
802 4644 833 4705 τὸ
891 4651 969 4711 tertio
983 4649 1028 4709 die
1040 4650 1147 4709 facilins
1160 4648 1317 4723 abstinebis,
1333 4672 1364 4708 ac
1379 4651 1465 4710 tribus
1480 4649 1572 4710 decem
1584 4649 1633 4710 ad·

57 4734 97 4813 μὴ
112 4744 200 4815 χεῖρον
215 4742 288 4814 σχεῖν
304 4734 374 4814 άρχῆ
396 4734 490 4812 γίνοιτ’
506 4734 536 4794 ἃν
558 4743 604 4795 τοῦ
630 4736 733 4815 βέλτιον
747 4736 837 4817 ἔχεινι
890 4743 953 4820 dos,
967 4743 1030 4802 binc
1049 4742 1159 4822 viginti,
1176 4757 1268 4825 postea
1290 4757 1408 4822 centum,
1423 4742 1539 4822 denique
1550 4756 1635 4803 totam

56 4826 127 4886 οὕτω
138 4827 183 4885 καὶ
204 4826 249 4885 ἐπί
269 4830 317 4896 τῆς
338 4825 432 4893 κακίας
453 4826 610 4905 συμάαίνει·
625 4828 663 4905 μὴ
687 4829 836 4910 περαιτέρω
890 4836 1102 4908 vitamQuanto
1115 4835 1186 4894 enim
1195 4833 1281 4914 magis
1292 4832 1448 4916 progressus
1461 4835 1553 4911 suetis,
1567 4836 1635 4895 t‘aci-

56 4927 174 5005 προδῆς,
188 4927 234 4986 καί
248 4926 322 4996 τελος
336 4926 388 4995 ἐξει
403 4953 444 4988 σοι
457 4927 492 4987 et
506 4934 554 5001 τῆς
567 4928 706 5010 πονηρίας.
721 4930 777 4990 Κᾶν
792 4929 837 4991 δύο
891 4929 986 4988 liorem
999 4949 1089 4988 cernes
1099 4928 1183 5004 viam,
1194 4927 1260 4987 etad
1271 4927 1361 5008 ipsum
1372 4929 1477 4988 culmen
1491 4927 1634 5005 adductus,

91 5112 101 5136 ⁸
119 5111 166 5174 [Α.
179 5124 205 5161 et
217 5129 295 5177 marg.
307 5111 385 5164 savit.
398 5115 571 5179 azrednioaota]
905 5116 917 5153 ¹³
936 5112 1045 5177 Quidam
1058 5114 1117 5165 Μαι,
1132 5114 1171 5178 [Α.
1182 5124 1208 5162 et
1219 5129 1297 5179 marg.
1311 5111 1400 5178 Savil.]
1413 5125 1509 5179 τιμήσει.

91 5207 100 5228 ν
119 5191 179 5238 Mss.
192 5192 273 5241 nostri
283 5203 308 5240 et
318 5190 394 5241 satit.
408 5190 440 5241 ad
453 5209 531 5255 marg.
543 5198 688 5263 ὑπέστρεψεν.
701 5193 777 5258 [Item
790 5195 818 5243 Δ.
904 5211 914 5234 e
933 5190 1147 5265 [Α.’ποῤῥοιτίρω,
1161 5204 1185 5242 et
1199 5191 1263 5242 infra
1275 5198 1366 5260 βέλτιον
1378 5195 1458 5262 σχεῖν]

56 5267 200 5337 Le5cb'atur
213 5276 306 5337 ἐπίττρ.
321 5270 402 5336 5ιιρσα
417 5275 443 5320 Α.
459 5279 615 5343 προστέθεικεν
629 5289 675 5337 pro
686 5280 818 5342 προστεθέν.
