3742 5970
234 437 298 508 188
512 457 515 463 “
610 457 639 504 S.
667 454 804 507 JOANMS
831 456 1012 504 cttttttsosr.
1044 457 1198 504 AllCllllll’.
1225 458 1494 509 coususu‘rtttot’.

227 603 349 658 uxorem,
359 581 410 641 hac
425 580 521 639 lrueris
536 579 714 638 consolatione
732 604 738 635 :
755 580 933 659 similiterque
947 580 971 639 si

227 695 303 734 cures
316 673 405 731 filium
417 693 470 731 non
482 670 650 752 opulentum,
659 671 707 730 sed
717 670 791 752 pium
802 672 969 749 relinquere,

226 768 249 826 si
264 767 350 827 liliam
363 779 471 840 castam,
486 764 537 822 hac
547 763 611 823 item
624 763 721 823 frueris
736 765 924 824 consolatione.
941 765 971 825 Si

90 844 285 918 ornatiora-haec
298 879 385 933 cures,
401 871 430 915 tu
444 877 551 934 quoque
565 855 628 914 talis
641 855 703 914 eris.
715 855 752 914 Et
765 856 822 914 haec
837 877 899 936 pars
913 856 970 914 vir-

74 950 124 1041 {si}
134 935 217 980 ΜΝ·
228 951 293 1010 tutis
303 962 352 1023 est,
366 949 432 1007 tales
445 948 543 1027 eligere
555 946 664 1020 amicos,
678 968 799 1023 uxorem,
813 947 892 1006 titios.
909 949 971 1006 Non

75 4451 114 4498 ao.

227 1045 326 1102 frustra
342 1041 489 1100 oblationes
502 1061 552 1120 pro
561 1026 695 1097 defunctis
709 1039 787 1115 stunt,
805 1061 857 1098 nou
871 1040 971 1098 trustra

224 1156 326 1215 preces,
337 1154 390 1191 non
401 1134 500 1191 frustra
512 1131 686 1211 eleemosynae
700 1155 706 1186 :
718 1130 777 1189 lraec
787 1130 877 1189 omnia
885 1131 973 1210 Spiri-

225 1242 268 1286 tus
280 1225 424 1306 disposuit,
432 1223 526 1282 volens
538 1236 568 1280 ut
580 1244 628 1281 nos
642 1235 735 1280 mutuo
746 1222 883 1302 juvemus.
899 1221 972 1282 Vide

226 1338 340 1397 namque
354 1341 360 1374 :
376 1317 422 1375 ille
435 1336 483 1396 pet·
498 1327 525 1372 te
538 1313 684 1372 utilitatem
694 1314 804 1394 accipit,
818 1327 848 1372 tu
862 1328 972 1395 propter
980 1367 1004 1405 Π

1028 580 1093 648 θίας.
1108 580 1223 658 Ὁμοίως
1240 574 1272 639 ἂν
1288 584 1437 664 σπουδάσης
1451 585 1488 662 μή
1500 537 1664 644 πλοῦτοῦντα
1678 584 1733 643 υίύν
1752 607 1815 647 κα·,

1027 674 1157 748 ταλιπεῑν,
1178 676 1236 733 ἀλλ’
1258 675 1376 748 εύλαύῆ,
1399 676 1444 735 καί
1469 676 1607 756 θυγάτριον
1629 674 1737 754 σεμνὸν,
1756 673 1801 733 καί

1027 763 1094 823 edroi
1111 765 1208 837 ταύτης
1230 766 1369 847 ἀπολαύσῃ
1391 771 1436 838 τῆς
1454 767 1635 850 παραμυθίας.
1649 766 1696 826 Ἇν
1716 770 1800 834 ταῦτα

1026 856 1193 937 οπουδσίσης,
1207 859 1252 917 καί
1266 860 1343 924 αὐτὸς
1360 859 1407 939 ἐση
1421 866 1546 927 τοιοῦτος.
1562 859 1616 919 Καί
1629 866 1708 919 τοῦτο
1723 857 1799 936 μέρος

1025 949 1135 1027 αρετῆς,
1156 949 1186 1007 τὸ
1208 949 1339 1017 τοιούτους
1354 952 1486 1033 αἱρεῖσθαι
1505 951 1551 1010 καί
1572 953 1677 1030 φιλους,
1693 949 1739 1008 καὶ
1752 973 1798 1028 γυ-

1024 1048 1119 1109 ναῖκα,
1143 1040 1188 1098 καί
1205 1042 1310 1099 παιδία.
1332 1033 1392 1101 Odor
1410 1044 1468 1118 εἰκῇ
1489 1043 1638 1122 προσροραὶ
1661 1039 1730 1122 ύπέρ
1747 1044 1797 1099 τῶν

1024 1131 1192 1191 ἀπελθόντων
1205 1130 1335 1211 γίνονται,
1355 1136 1403 1192 ούκ
1424 1136 1481 1214 εἰκῇ
1502 1132 1650 1213 ίκετηρίαι,
1672 1136 1720 1193 οῦκ
1741 1132 1797 1211 circii
1825 1191 1827 1199 ,

1025 1221 1214 1300 ἐλεημοσύναι·
1227 1231 1311 1284 ταῦτα
1331 1225 1420 1284 πάντα
1439 1225 1470 1285 τὸ
1491 1228 1603 1303 Πνεῦμα
1627 1222 1743 1294 διέταξε,
1762 1223 1794 1282 δι’

1005 1314 1147 1404 ῦᾶλλήλων
1162 1312 1239 1392 ’ἡμᾶς
1260 1317 1417 1394 ὠφελεῖσθαι
1441 1316 1607 1396 βουλόμενον.
1630 1315 1707 1396 Ὅροι
1730 1315 1795 1396 γάρ·

224 1410 304 1468 illum
314 1408 420 1490 juvaris
431 1407 609 1466 :contemsisti
626 1427 700 1486 opes,
717 1405 843 1465 inductus
857 1406 890 1464 ad
903 1406 972 1485 quid
991 1424 1008 1467 n
1024 1404 1163 1485 ὠφελεῖται
1178 1410 1275 1473 ἐκεῖνος
1288 1407 1332 1466 διὰ
1344 1413 1409 1478 σοῦ,
1424 1409 1514 1488 ὠρελῇ
1527 1408 1559 1467 σὺ
1572 1411 1606 1467 δι’
1621 1411 1734 1468 ἐκεῖνον·
1747 1431 1796 1468 κα-

225 1522 351 1581 generose
360 1499 560 1582 praestandum
572 1512 598 1557 et
609 1511 639 1556 tu
654 1497 706 1577 ipsi
719 1498 823 1571 salutis,
829 1511 855 1557 et
864 1497 911 1556 ille
922 1499 971 1556 tibi

224 1594 399 1674 eleemosynae
420 1605 513 1650 auctor
531 1589 591 1648 suit.
608 1591 650 1648 Ne
663 1588 784 1664 dubites,
800 1588 889 1668 ipsum
905 1588 972 1668 quid

224 1684 486 1765 bonidecerpturum
500 1704 564 1742 esse.
579 1684 639 1742 Non
653 1682 750 1741 frustra
764 1681 862 1740 clamat
880 1680 971 1741 diano-

206 1802 276 1855 ·nus
291 1804 297 1836 :
311 1781 364 1838 Pro
380 1778 414 1836 iis
427 1776 475 1857 qui
489 1776 517 1834 iu
537 1775 644 1834 Christo
659 1774 778 1833 defuncti
801 1787 872 1847 sunt,
884 1787 910 1833 et
921 1796 971 1854 pro

224 1873 258 1930 iis
272 1871 319 1952 qui
339 1871 449 1929 illorum
465 1867 621 1927 memoriam
636 1867 738 1926 faciunt
753 1890 760 1921 r
774 1887 827 1924 non
842 1866 971 1926 diaconus

224 1964 294 2023 hanc
310 1963 409 2023 emittit
430 1983 541 2036 vocem,
555 1959 604 2020 sed
624 1960 742 2040 Spiritus
769 1972 889 2033 sanctus;
909 1958 971 2018 dico

224 2070 314 2116 autem
335 2055 438 2114 donum
458 2055 524 2135 ejus.
539 2052 622 2126 Quid*
634 2050 721 2111 dicis?
734 2053 765 2110 ln
788 2051 912 2109 manibus
933 2064 971 2111 est

224 2153 324 2230 hostia,
337 2166 363 2212 et
380 2150 470 2211 omnia
490 2163 583 2231 parata
600 2162 741 2231 prostant:
756 2147 854 2208 adsunt
867 2149 968 2228 angeli,

225 2244 394 2324 archangeli,
409 2242 485 2302 adest
499 2243 587 2301 Filius
601 2242 668 2317 Dei;
686 2262 749 2300 cum
767 2254 841 2299 tanto
860 2241 971 2302 horrore

1023 1499 1184 1579 τερρύνησας
1197 1501 1354 1581 χρημάτων,
1369 1501 1512 1582 προαχθεὶς
1524 1500 1689 1581 ἐργάσασθαί
1703 1524 1729 1560 τι
1740 1523 1796 1581 γιν·

1024 1597 1108 1648 ναῖον·
1120 1590 1166 1649 καὶ
1183 1590 1215 1649 οῦ
1235 1594 1308 1672 αὐτῷ
1318 1596 1365 1663 τῆς
1377 1592 1526 1672 σωτηρίας,
1543 1594 1588 1652 καλ
1603 1593 1683 1659 αῦτύς
1696 1615 1738 1652 σοι
1749 1593 1795 1663 τῆς
1812 1604 1817 1611 “

1024 1682 1201 1759 ἐλεημοσύνης
1215 1684 1319 1763 γέγονεν
1335 1685 1424 1751 αἴτιος.
1439 1684 1485 1756 Μή
1498 1685 1666 1764 α’μρίύαλλε,
1680 1684 1721 1743 ὅτι
1733 1694 1794 1763 καρ-

1023 1775 1175 1834 πώσεταίτι
1185 1775 1310 1855 χρηστόν.
1321 1780 1382 1857 Ούγ
1391 1779 1481 1845 ἁπλῶς
1494 1782 1507 1836 ὑ
1519 1777 1637 1861 διάκονος
1653 1781 1718 1855 βοᾷ,
1730 1775 1794 1856 ύπέρ

1023 1871 1076 1925 τῶν
1089 1871 1116 1926 ἐν
1131 1869 1240 1947 Χριστῷ
1264 1870 1473 1945 κεκοιμημένων,
1495 1868 1540 1928 καί
1562 1874 1616 1928 τῶν
1637 1870 1687 1937 τὰς
1708 1870 1794 1947 μνείας

1022 1957 1089 2040 ὑπὲρ
1111 1963 1196 2042 odedu
1218 1960 1440 2039 ἐπιτελουμένων·
1464 1966 1540 2041 οὐχθ
1557 1960 1677 2028 διάκονός
1696 1966 1793 2022 ἐστινθ

1023 2051 1121 2123 ταύτην
1137 2053 1220 2134 ἀφιεὶς
1233 2051 1280 2124 τήν
1295 2052 1393 2132 φωνήν,
1407 2051 1474 2112 ἀλλὰ
1485 2053 1516 2112 τὸ
1525 2055 1639 2131 Πνεῦμα
1654 2054 1705 2112 *τὸ
1715 2054 1793 2133 ἅγιον·

1022 2145 1053 2206 τὸ
1064 2145 1092 2204 δέ
1106 2146 1227 2226 χάρισμα
1240 2146 1319 2226 λέγω.
1336 2145 1372 2205 Τί
1385 2144 1486 2227 λέγεις;
1504 2146 1551 2206 Ἐν
1561 2147 1656 2229 χερσὶν
1670 2153 1688 2220 ἡ
1703 2147 1791 2221 θυσία,

1023 2238 1069 2297 καὶ
1078 2239 1166 2298 πάντα
1175 2237 1311 2320 πρόκειται
1323 2238 1535 2318 ηὐτρεπισμένα·
1547 2238 1671 2319 πάρεισιν
1681 2240 1792 2320 ἄγγελοι,

225 2337 333 2396 adstant
355 2357 460 2411 omnes3
480 2333 587 2393 adstant
610 2333 652 2392 illi
677 2331 821 2392 clamantes
846 2334 971 2393 omnibus
1022 2331 1197 2415 ἅρχοίγγελοι·
1209 2331 1335 2412 πάρεστιν
1350 2334 1364 2389 ὁ
1379 2332 1442 2399 Υἱὸς
1454 2337 1500 2390 τοῦ
1511 2333 1600 2391 Θεοῦ·
1616 2331 1685 2411 μετὰ
1697 2335 1791 2393 τοσαύ-

225 2428 386 2488 silentibus:
399 2442 425 2487 et
434 2442 513 2508 putas
526 2427 584 2485 haec
598 2428 696 2484 frustra
707 2424 765 2483 fieri
774 2425 789 2482 ἱ)
799 2426 873 2504 Ergo
883 2439 909 2484 et
918 2425 972 2485 alia
988 2442 1006 2488 Β
1022 2447 1070 2494 της
1083 2423 1178 2504 φρίκης
1189 2422 1331 2495 ἑστήκασιν
1347 2423 1478 2492 ἅπαντες·
1491 2425 1692 2504 παρεστήκασιν
1704 2429 1791 2488 ἐκεῖνοι

224 2522 334 2592 frustra,
350 2534 376 2578 et
390 2523 451 2598 q'uae
465 2540 515 2600 pro
528 2517 659 2593 Ecclesia,
669 2532 695 2576 et
707 2538 768 2596 quae
784 2537 833 2596 pro
848 2517 972 2577 sacerdo·
1025 2522 1136 2598 βοῶντες
1148 2519 1254 2578 πάντων
1271 2518 1424 2598 σιγώντων·
1441 2519 1486 2579 καί
1502 2523 1556 2600 ἡγῇ
1571 2522 1666 2588 ἁπλῶς
1680 2516 1791 2603 γίνεσθαι

223 2613 298 2673 tibus
314 2613 510 2686 offeruntur,et
526 2632 587 2690 quae
607 2631 656 2691 pro
673 2608 865 2690 plenitudine?
877 2609 971 2685 Absit3
1022 2609 1057 2669 τὰ
1080 2610 1221 2689 γινόμενα;
1242 2614 1346 2670 Οὐκοῦν
1368 2611 1413 2670 καί
1433 2612 1466 2671 τὰ
1488 2612 1557 2671 ἄλλα
1578 2612 1686 2688 ἁπλῶς,
1706 2604 1813 2675 netu

225 2705 272 2764 sed
290 2706 379 2764 omnia
391 2727 453 2764 cum
465 2704 522 2763 fide
535 2704 613 2762 liunt.
629 2702 705 2775 Quid
719 2716 798 2782 putas
811 2723 861 2782 pro
869 2717 972 2784 marty·
1023 2703 1089 2783 ὑπὲρ
1104 2708 1152 2775 τῆς
1168 2703 1348 2776 Ἐκκλησίας,
1362 2704 1408 2762 καί
1418 2703 1454 2763 cir
1467 2703 1533 2785 ὑπὲρ
1544 2709 1596 2763 τῶν
1612 2705 1704 2785 ίερίων
1718 2729 1791 2786 προσ·
1808 2752 1814 2758 -

211 2799 300 2858 'ribus
322 2799 426 2876 offerri,
442 2797 515 2877 quod
536 2810 665 2857 vocentur
679 2796 709 2855 in
727 2795 774 2854 illa
795 2796 883 2854 hora?
897 2797 973 2857 Licet
1023 2795 1168 2877 ρερύμενα,
1191 2796 1236 2855 καί
1251 2795 1285 2854 τὰ
1298 2796 1386 2877 ’ὑπὲρ
1408 2802 1455 2855 τοῦ
1475 2797 1669 2876 πληρώματος,
1685 2797 1733 2870 Μή
1752 2797 1790 2879 γε’·

224 2906 357 2974 mrtyres
371 2893 435 2969 sint,
450 2891 530 2950 etiam
543 2913 593 2973 pro
607 2889 785 2972 martyribus,
797 2909 911 2969 magnus
923 2891 972 2950 ho-
1023 2912 1108 2949 νοιτο·
1129 2888 1197 2949 ἀλλὰ
1213 2888 1301 2948 πάντα
1321 2887 1389 2966 μετὰ
1399 2889 1513 2956 πίστεως
1530 2889 1641 2969 γίνεται.
1652 2890 1690 2950 Τί
1703 2889 1791 2951 οίειτῦ

224 3005 273 3043 nor
296 2983 429 3042 nominari
452 2983 568 3041 Domino
591 2995 729 3062 prasente,
742 2979 807 3039 dum
830 3002 903 3040 mors
924 2982 972 3041 illa
1024 2983 1091 3065 ὑπὲρ
1107 2982 1247 3066 μορσίμων
1260 2981 1470 3064 προσφέρεσθαι,
1481 2982 1512 3042 τὸ
1526 2986 1657 3056 κληθῆναι
1672 2987 1699 3044 ἐν
1711 2983 1790 3063 ἐκείνη

223 3076 372 3157 perficitur,
384 3074 548 3133 horrendum
560 3074 735 3149 sacrificium,
750 3072 899 3132 ineffabilia
910 3095 971 3155 my·
1023 3080 1056 3156 τῇ
1077 3075 1149 3157 ὥρῳ
1173 3075 1230 3134 Κᾶν
1246 3074 1377 3155 μάρτυρες
1399 3063 1468 3147 der,
1490 3073 1539 3134 κᾶν
1556 3075 1626 3156 ὑπὲρ
1649 3076 1790 3158 μαρτύρων,

224 3168 312 3227 steria.
324 3166 560 3239 Quemadmodum
583 3168 655 3226 enim
674 3165 782 3225 sedente
796 3167 971 3246 lmperatore,
1025 3166 1128 3246 μεγάλη
1140 3166 1205 3244 τιμή
1220 3166 1250 3225 τὸ
1263 3167 1441 3243 ὀνομασθῆναι
1460 3174 1505 3227 τοῦ
1517 3166 1654 3227 Δεσπύτω
1675 3167 1789 3248 δπαρόν-

223 3281 398 3339 quaecumque
418 3259 535 3320 voluerit
558 3259 704 3340 quispiam,
720 3258 840 3340 perficit;
855 3259 903 3319 ubi
923 3263 971 3318 ati-
1023 3284 1082 3334 τος,
1099 3265 1145 3318 τοῦ
1156 3258 1267 3318 θανάτου
1282 3259 1481 3337 ἐπιτελουμένου
1496 3259 1610 3333 ἐκείνου,
1627 3265 1676 3332 τῆς
1689 3265 1790 3343 φρενιτῆς

222 3367 277 3412 tem
288 3353 444 3428 surrexerit,
455 3374 630 3431 quaecumque
640 3352 751 3428 dixerit,
765 3353 864 3411 frustra
875 3350 944 3412 dicit
962 3377 968 3410 :
1024 3352 1129 3425 θυσίας,
1142 3356 1194 3410 τῶν
1210 3349 1316 3428 ἀρύτων
1334 3350 1496 3431 μυστηρίων.
1512 3351 1640 3432 Καθάπερ
1654 3352 1707 3432 γὰρ
1717 3359 1789 3426 καθη·

222 3446 259 3503 ita
278 3461 305 3505 et
320 3460 395 3517 tunc,
409 3445 541 3523 quamdiu
554 3458 675 3525 prostant
690 3443 830 3526 mysteria,
845 3445 971 3505 omnibus
1025 3445 1103 3522 μένου
1118 3450 1164 3502 τοῦ
1185 3442 1329 3519 βασιλέως,
1353 3440 1402 3501 ὅσα
1425 3442 1456 3501 οἷν
1478 3467 1518 3508 τις
1543 3443 1684 3523 βούληται,
1712 3444 1788 3506 ἀνύει·

222 3537 308 3596 Ινοιιοτ
320 3537 502 3596 maximusest
510 3539 537 3595 in
545 3536 673 3595 memoria
681 3534 867 3598 haberiVidc
877 3536 967 3596 enim:
989 3535 1171 3621 Ciqepdlocee
1195 3533 1241 3608 δέ,
1261 3533 1311 3593 ὅσα
1337 3533 1368 3592 ἂν
1392 3531 1475 3613 λε’γη,
1496 3537 1554 3615 εἰκῇ
1569 3537 1624 3616 ἐρεῖ
1638 3560 1646 3574 ·
1661 3535 1731 3596 odem
1752 3534 1789 3596 καί

222 3629 396 3687 annuntiatur
404 3642 469 3687 tunc
479 3628 640 3709 niysterium
650 3627 826 3702 horrendum,
838 3628 911 3706 qnod
920 3652 977 3710 pro
1023 3630 1097 3701 τότε,
1113 3628 1161 3695 ἐως
1175 3627 1206 3686 ἂν
1217 3626 1355 3707 πρόκειται
1364 3625 1398 3686 τὰ
1409 3629 1461 3685 τῶν
1470 3627 1634 3707 μυστηρίων,
1648 3639 1717 3688 πᾶσι
1731 3627 1787 3709 τιμή
1819 3666 1827 3674 -

223 3719 324 3779 mundo
338 3721 456 3802 seipsum
472 3723 546 3779 Deus
560 3719 665 3779 dederit
680 3745 686 3777 :
702 3742 764 3779 cum
776 3721 909 3779 miraculo
923 3722 971 3784 illo
1024 3720 1136 3802 μεγίστη
1149 3719 1179 3778 τὸ
1194 3719 1301 3796 μνήμης
1316 3716 1459 3785 ἀξιοῦσθαι.
1474 3717 1547 3799 Ὅρα
1559 3720 1627 3799 γάρ·
1647 3723 1786 3802 καταγγέλ-

222 3829 373 3896 opportune
392 3828 522 3873 memorat
531 3814 575 3872 ille
584 3835 639 3891 eos,
652 3815 699 3894 qui
712 3827 900 3893 peccaverunt.
911 3814 971 3874 Sic·
1022 3817 1097 3874 λεται
1113 3811 1173 3871 τότε
1189 3810 1218 3870 τὸ
1238 3810 1381 3890 μυστήριον
1402 3808 1433 3867 τὸ
1457 3811 1574 3892 φρικτὸν,
1593 3811 1636 3871 ὅτι
1656 3814 1726 3896 ύπέρ
1749 3818 1788 3886 sis

221 3917 251 3962 ut
261 3906 333 3964 enim
344 3905 452 3984 quando
461 3903 637 3983 triumphalia
648 3923 741 3982 regum
749 3905 896 3983 ducuntur,
904 3921 970 3966 tunc
1022 3903 1176 3983 οἰκουμένης
1189 3902 1286 3961 ἔδωκεν
1299 3895 1391 3960 ἑαυτὸν
1402 3906 1416 3962 ὁ
1428 3901 1510 3969 Θεός·
1523 3903 1592 3981 μετὰ
1600 3910 1648 3963 τοῦ
1663 3906 1787 3984 θαύματος

222 3996 391 4056 celebrantur
402 3997 482 4057 ctiam
494 4007 626 4074 quotquot
640 3994 760 4055 victeriae
770 3997 835 4056 socii
847 3999 970 4074 fuerunt,
1022 3997 1120 4057 ἐκείνου
1143 3994 1271 4074 εὐκαίρως
1284 3993 1482 4072 ὑπομιμνήσκει
1498 3994 1575 4053 αὐτὸν
1594 4000 1649 4054 τῶν
1668 4001 1787 4079 ἡμαρτη-

222 4086 399 4147 dimittuntur
409 4088 490 4147 etiam
500 4087 529 4161 ii,
541 4087 589 4165 qui
604 4086 632 4144 in
641 4086 761 4146 vinculis
770 4103 842 4164 sunt,
857 4089 893 4148 ob
903 4102 970 4148 tem·
1021 4089 1115 4148 κόπων.
1136 4086 1265 4168 Καθάπερ
1287 4085 1338 4165 γὰρ
1360 4085 1422 4144 ὅταν
1448 4085 1564 4146 ἐπινίκια
1586 4092 1641 4146 τῶν
1665 4088 1787 4167 βασιλίσιν
1808 4107 1810 4112 ’

223 4181 297 4258 poris
308 4180 604 4260 celebritatem3elapso
613 4181 892 4261 autemtempore,qui
900 4181 970 4239 nihil
1022 4181 1135 4262 ἄγηται,
1156 4178 1216 4237 τότε
1242 4179 1422 4258 εὐρημοῦνται
1438 4177 1484 4254 μέν
1505 4177 1550 4236 καὶ
1568 4177 1627 4238 ὅσοι
1649 4183 1699 4251 τῆς
1723 4179 1787 4254 νίισης

224 4285 382 4348 assequutus
395 4284 445 4347 est,
458 4271 533 4329 nullo
547 4271 648 4328 fruitur
662 4294 669 4328 ι
681 4271 718 4328 ita
729 4291 792 4329 sane
804 4271 860 4344 hic,
874 4271 971 4330 trium·
1021 4272 1208 4345 ἐκοινώνησαν,
1219 4269 1339 4349 ἀρίενται
1352 4268 1380 4328 δὲ
1394 4269 1439 4328 καὶ
1452 4269 1510 4328 ὅσοι
1523 4271 1550 4327 ἐν
1565 4272 1672 4349 δεσμοῖς
1688 4274 1741 4332 εἰσι
1752 4269 1788 4333 ld

79 4404 99 4439 ,¹
114 4365 348 4445 omphalium
367 4379 474 4445 tempus
490 4378 538 4423 est.
553 4365 623 4422 Nam
646 4365 700 4442 ait,
727 4366 972 4446 Quotiescumque
1021 4365 1065 4425 τθν
1078 4364 1184 4446 καιρόν·
1206 4361 1379 4442 παρελθόντος
1402 4361 1429 4421 δὲ
1449 4369 1496 4422 τοῦ
1510 4369 1602 4442 καιροῦ
1617 4364 1683 4443 ὁμὴ
1698 4364 1788 4446 τυχὸν,

227 4459 412 4516 manducatis
420 4477 527 4536 panem
542 4458 630 4528 lunc,
642 4469 763 4515 mortem
776 4459 900 4515 Domini
915 4479 968 4515 an·
1022 4461 1069 4517 οὐκ
1082 4457 1121 4515 ἔτι
1137 4455 1205 4523 τινὸς
1228 4453 1370 4515 οἰπολαύειι
1394 4453 1463 4514 οὕτω
1478 4454 1509 4530 δή
1528 4456 1574 4515 καί
1594 4461 1725 4532 ἐνταῦθα,
1744 4461 1788 4518 οὖν

227 4555 377 4609 nuntiatis.
399 4551 493 4626 ltaque
514 4569 548 4606 ne
568 4561 714 4625 utcumque
733 4548 906 4624 accedamus,
922 4571 971 4610 nec
987 4549 1008 4598 D
1023 4547 1156 4607 ἐπινικίων
1177 4540 1251 4615 σύτος
1274 4551 1289 4606 θ
1312 4548 1410 4626 καιρός.
1436 4545 1547 4617 Ὁσιίκις
1565 4548 1617 4629 γὰρ
1642 4548 1685 4624 du,
1707 4549 1788 4630 φησὶν,

225 4657 324 4702 temere
335 4643 393 4701 lraec
407 4641 465 4700 fieri
476 4654 610 4721 putemus.
625 4640 753 4719 Alioquin
763 4655 853 4700 autem
867 4656 969 4722 marty·
1023 4638 1126 4710 ἐσθίητε
1149 4638 1193 4697 τὸν
1217 4638 1295 4718 ἄρτον
1309 4646 1409 4712 τοῦτον,
1433 4639 1476 4698 τὸν
1498 4640 1608 4699 θάνατον
1631 4647 1679 4701 τοῦ
1698 4640 1789 4722 Καρίαν

259 4847 270 4869 '¹
284 4841 384 4910 [Μυσοί.
413 4847 438 4894 σύ
456 4848 483 4893 το
501 4845 571 4905 ἅγιον.
594 4836 644 4888 Sed
661 4840 835 4905 negationem,
855 4842 985 4891 sententiae
1035 4838 1152 4889 Ecclesire
1164 4834 1345 4903 plenitudinem
1363 4836 1526 4904 refertque
1537 4839 1615 4888 etiam
1627 4852 1735 4891 vocatur
1746 4837 1791 4906 plc-

225 4924 394 4983 contrariam,
416 4915 550 4970 secludunt
563 4918 663 4968 Comm.
686 4916 819 4977 trussell,
842 4934 889 4968 nec
908 4937 984 4987 agno·
1034 4915 1125 4967 nitudo
1152 4926 1306 4974 sanctornm,
1329 4913 1370 4980 qui
1391 4917 1472 4965 sancti
1496 4913 1521 4964 in
1541 4913 1588 4965 hec
1606 4917 1659 4967 vita
1678 4915 1791 4984 preeibm

225 5003 378 5066 monellus]
1034 5007 1116 5062 egent.

259 5086 337 5147 ’ὑπὲρ
360 5089 400 5133 τοῦ
421 5087 591 5148 πληρώματος,
613 5094 658 5143 μου
682 5075 985 5143 ρέενιὲιαιίὶπε.ὓοοιιιειιε
1067 5071 1139 5122 leutii
1156 5084 1266 5140 παρόντος
1292 5083 1330 5130 τῆς
1351 5079 1428 5137 μνοίας
1457 5078 1630 5138 ἐπιτελουμένης
1652 5082 1736 5136 ἐκείνης
1757 5089 1791 5135 τῆς

226 5159 343 5220 opinatur
362 5156 414 5206 hmo
433 5155 466 5205 ad
482 5154 552 5205 illum
569 5153 675 5218 liturgiae
692 5151 841 5217 particulam
863 5165 983 5219 spectare,
1034 5166 1135 5223 ρριιιτῆς.

225 5243 255 5292 είς
266 5241 380 5300 βασιλείας
391 5241 489 5300 οὐρανῶν
499 5240 623 5302 πλήρωμα.
635 5227 703 5294 Quid
715 5232 735 5281 sl
747 5227 875 5295 dicamus,
888 5228 940 5281 ltoec
951 5230 984 5281 ad
1035 5286 1036 5291 γ
