3728 5978
514 434 548 481 ru
576 433 663 480 εστι
689 429 946 482 rrosmrnruu.
975 430 1093 480 nomn.
1121 431 1218 480 κιαι.
1555 409 1637 484 ’565

61 558 140 637 ’ἅμα
151 559 264 620 ἔσπευδε
278 559 324 620 τὸν
335 557 413 638 λόγον
425 562 552 619 καθεῖναι.
563 555 637 636 Ὅρα
652 561 714 636 γοῦν
725 545 778 616 οἷον
790 553 837 635 γί-
842 610 881 650 m
890 574 986 634 rapere
995 552 1048 615 sibi
1061 553 1184 636 cupiens,
1190 553 1333 615 festinabat
1340 552 1456 617 verbum
1465 555 1635 618 annuntiare.

62 672 123 728 γονε
141 650 250 731 κέρδος,
270 651 379 712 πάντων
391 647 538 728 παρόντοιν.
555 647 655 716 Ἄλλως
668 647 711 720 δὲ,
731 647 775 707 ίνα
797 645 835 726 μὴ
854 666 874 712 Α
891 644 963 707 Vide
976 665 1040 725 ergo
1053 660 1184 725 quantum
1197 647 1299 711 iacttm
1319 648 1355 708 sit
1375 646 1496 728 lucrum,
1511 648 1638 712 omnibus

61 741 107 801 διὰ
120 749 200 803 τοῦτο
210 747 331 824 ἐμιληθῇ
341 742 376 803 τὰ
389 741 459 802 κατδι
469 741 516 814 τὴν
530 740 655 821 Ἔρεσον,
666 739 835 821 ᾠκονόμηστν
889 737 1074 818 presentibus.
1088 739 1247 818 Aliasvero,
1261 759 1295 800 ne
1304 739 1418 822 Ephesii
1427 740 1636 822 negligerentur,

60 834 168 914 έτίρως.
179 834 249 897 Ἀλλ’
263 836 359 913 ἴδωμεν
370 835 466 894 ἄνωθεν
481 830 515 892 cir
528 832 664 912 εἰρημένα.
678 832 731 893 Καί
746 834 835 893 σἰσπα-
888 828 943 888 alio
955 828 1121 910 dispensavit
1135 831 1226 892 modo.
1240 831 1294 892 sed
1307 832 1431 914 superius
1441 831 1514 893 dicta
1526 847 1634 915 repeta-

60 927 189 1005 σάμενος,
201 928 279 1008 φησί,
293 926 352 996 τοὺς
363 926 497 1005 μαθητὰς,
513 925 604 997 ἐξῆλθε
622 930 782 1004 πορευθῆναι
799 928 836 992 είς
889 942 959 982 tuus.
972 925 1013 983 Et
1022 923 1171 998 salutatis,
1190 923 1290 1003 inquit,
1305 927 1466 1007 discipulis,
1484 929 1635 1010 profectus

60 1019 240 1095 Μακεδονίαν,
263 1020 309 1080 καί
327 1017 516 1098 παρακαλέσας
531 1015 623 1085 αὐτούς
643 1016 714 1097 λύγιρ
727 1018 819 1098 πολλῷ
826 1062 836 1092 ,
888 1026 941 1090 ert,
951 1026 983 1073 ut
997 1017 1054 1074 iret
1065 1018 1099 1073 in
1111 1017 1321 1076 Macedoniam
1326 1040 1340 1088 ,·
1353 1030 1382 1077 et
1400 1019 1572 1080 exhortatus
1585 1041 1635 1080 eos

60 1103 142 1184 λλθεν
156 1111 250 1186 εἰςτλν
262 1111 390 1172 Ἐλλάδα.
401 1106 455 1172 Καί
468 1111 553 1191 τούτιρ
568 1109 649 1170 παλιν
662 1109 834 1183 ἀνεκτήσατο,
887 1124 1020 1166 sermone
1026 1108 1130 1179 mutto,
1139 1111 1223 1167 uenit
1230 1113 1263 1167 in
1274 1108 1517 1170 GreciamAEtsic
1523 1132 1634 1171 rursum

59 1202 157 1277 ἱκανὴν
167 1203 253 1271 διδούς
266 1201 446 1284 παραμυθίαν.
456 1202 531 1283 Ὅρα
543 1209 681 1282 πανταχοῦ
694 1200 739 1260 δεδι
748 1200 834 1282 λόγων
886 1198 1028 1276 recreavit,
1039 1219 1165 1279 magnam
1175 1198 1242 1261 dans
1253 1201 1472 1262 consolationem.
1486 1201 1562 1266 Vide
1572 1202 1635 1265 ubi-

59 1293 93 1354 τδ
109 1304 163 1355 πᾶν
177 1300 372 1378 κατορθοῦντα,
391 1298 420 1355 oi
433 1293 477 1354 διδ
492 1292 620 1372 σημείων.
635 1291 776 1359 Πίλλυντα
791 1293 834 1365 δέ,
887 1310 941 1368 que
956 1289 1036 1350 illum
1051 1312 1174 1352 sermone
1191 1294 1282 1354 omnia
1296 1294 1489 1376 perficientem,
1502 1315 1556 1356 non
1569 1317 1635 1358 vero

59 1386 152 1462 φησίν,
165 1387 309 1466 ἀνάγεσθαι
317 1391 354 1454 είς
364 1386 414 1461 τὴν
424 1386 533 1467 Συρίαν.
545 1387 668 1465 Συνιχῦις
678 1389 744 1464 ἡμῖν
755 1386 833 1446 αθτδν
887 1381 980 1462 signis.
995 1385 1214 1465 Nauigaturum
1236 1385 1283 1463 ait,
1299 1391 1331 1445 r'n
1350 1388 1480 1463 Syriam.
1500 1387 1635 1448 Continuo

60 1479 178 1538 δείκνυσι
192 1478 361 1558 ἐπειγόμενον
380 1483 416 1548 είς
430 1479 479 1552 τὴν
493 1479 603 1559 Συρίαν.
618 1479 658 1538 Τὸ
673 1476 701 1538 at
717 1477 831 1552 αίτιονὴ
887 1474 966 1534 nobis
984 1474 1064 1535 illum
1083 1476 1201 1538 ostendit
1223 1478 1391 1538 festinantem
1416 1477 1444 1539 in
1465 1479 1586 1561 Syriam.
1602 1481 1634 1555 in

59 1571 211 1643 Ἐκκλησία
224 1565 258 1646 ἦν
275 1572 321 1634 χοὶ
333 1573 368 1633 τὰ
385 1572 570 1653 Ἱοροοόλομος·
587 1570 668 1638 οὕτως
682 1561 736 1653 εἶχε
752 1572 832 1633 πόθον
887 1586 966 1626 causa
975 1580 1033 1626 erat
1043 1567 1164 1629 Ecclesia
1178 1583 1204 1629 et
1215 1570 1399 1651 Jerosolyma3
1411 1570 1450 1630 sic
1464 1570 1636 1632 desiderabat

59 1663 106 1723 χοὶ
129 1662 164 1722 τὰ
185 1665 240 1725 tut
253 1670 405 1746 κατορθοῦν,
421 1664 517 1725 Κοίςος
531 1667 560 1723 οὐ
576 1664 679 1744 μεγάλη
700 1669 717 1737 ἢ
736 1665 833 1747 Τρωός
886 1670 913 1716 et
922 1657 1046 1737 quaeillic
1053 1673 1130 1719 eram
1138 1658 1272 1721 ordinare.
1281 1661 1365 1739 Atqui
1376 1682 1430 1721 non
1440 1682 1538 1742 magna
1547 1663 1636 1724 Troas

58 1758 118 1816 ἐστι
129 1779 136 1793 ·
147 1754 176 1815 τί
193 1746 237 1816 σύν
248 1762 355 1840 ἡμερῶν
368 1757 477 1839 ἀριθμὸν
498 1756 567 1816 έπτδι
586 1761 612 1817 ἐν
634 1759 701 1835 αῦτῇ
714 1765 832 1833 ποιοῦσι,
850 1776 869 1822 B
887 1764 926 1809 est
932 1773 941 1826 ς
955 1772 1004 1810 cur
1018 1772 1083 1832 ergo
1099 1773 1147 1833 per
1164 1766 1266 1833 septem
1284 1752 1341 1813 dies
1358 1753 1416 1813 illic
1433 1755 1560 1815 manent?
1573 1757 1635 1815 Ma-

60 1847 177 1927 Μαγσίλη
191 1847 261 1916 ίσως-
274 1841 308 1922 ἦν
326 1848 394 1909 κατδ
408 1848 467 1916 τοὺς
480 1849 599 1917 πιστούς.
616 1849 671 1909 Καί
684 1848 831 1929 ἡμέραςδέ
886 1862 940 1921 81111
951 1844 1063 1904 ίθῖίᾶθδθ
1075 1858 1131 1904 erat
1142 1845 1290 1905 secundm
1299 1845 1425 1906 fidelium
1435 1869 1586 1908 numerum.
1598 1848 1636 1909 Et
1754 1875 1755 1879 ¹

59 1941 200 2023 diespiter
217 1941 302 2016 ἑπτὰ,
316 1945 350 2021 τῇ
364 1941 475 2021 ἐπιούσῃ
487 1942 536 2015 τὴν
551 1940 632 2002 νύκτα
646 1942 781 2004 iratum
796 1947 832 2012 εἰς
886 1956 950 1998 cum
962 1937 1020 1998 dies
1028 1952 1129 2029 septem
1140 1938 1180 1998 ibi
1189 1939 1338 2017 mansisset,
1353 1942 1473 2021 sequenti
1486 1954 1591 2002 noctem
1605 1942 1634 2005 in

59 2032 108 2104 τὴν
132 2035 318 2095 διδασκαλίαν·
342 2034 412 2094 σύτο)
431 2033 659 2101 δυσαποσπάστως
684 2035 729 2094 καί
754 2035 832 2106 αὐτὸς
886 2026 1004 2089 d0oessd⁰
1027 2029 1153 2090 insumit
1169 2055 1176 2088 :
1193 2031 1230 2090 ita
1248 2052 1319 2111 tegre
1336 2031 1394 2113 ipse
1415 2032 1530 2110 abillis,
1546 2035 1587 2095 illi
1598 2036 1635 2097 ab

59 2127 146 2183 αὐτῶν
163 2115 294 2205 ι’ίχε,και
308 2148 382 2184 αυτοι
394 2131 482 2184 αυτοῦ.
495 2123 670 2203 Συνηγμένων
684 2123 727 2197 δδ,
741 2125 831 2204 φησίν,
886 2118 947 2199 ipso
960 2119 1168 2181 divellebantur.
1184 2124 1259 2183 Cum
1269 2129 1515 2202 convenissemus,
1531 2126 1632 2207 inquit,
1698 2126 1701 2130 ’

58 2220 136 2294 ἡμῶν
148 2215 247 2276 κλάσαι
261 2218 351 2295 ἄρτον.
368 2216 441 2297 Πρὸς
461 2214 539 2274 αὐτὸν
556 2217 600 2276 τὸν
620 2215 722 2295 καιρδν,
740 2206 831 2296 ᾧένε-
885 2212 927 2270 ad
929 2214 1130 2294 frangendum
1133 2214 1303 2296 ponem.db
1310 2215 1369 2296 ipso
1377 2229 1566 2298 tempore,quo
1575 2241 1634 2280 esu-

58 2307 177 2368 δείκνυτο
196 2312 289 2387 πεινῇν
308 2306 370 2381 (καί
383 2308 432 2367 οὐκ
443 2298 475 2380 ἦν
488 2307 623 2387 ἄκαιρον),
635 2307 721 2387 ἀρχὴν
731 2311 745 2367 δ
755 2307 832 2388 λόγος
883 2304 939 2364 rire
948 2307 1167 2383 monstrabatur(
1177 2320 1286 2367 necerat
1298 2306 1369 2377 illud
1381 2307 1600 2390 intempestivum
1609 2319 1632 2390 ),

57 2399 148 2460 λαθὼν
162 2401 316 2480 παρετάθη·
330 2399 400 2459 ὥστε
422 2403 451 2459 οὐ
471 2400 675 2478 προηγουμένως
697 2402 733 2467 είς
752 2401 830 2460 διδα-
883 2417 971 2457 sermo
987 2412 1089 2479 coeptus
1102 2413 1228 2460 extensus
1245 2412 1285 2460 est
1295 2424 1302 2458 ε
1314 2399 1352 2461 itu
1368 2415 1399 2460 ut
1413 2422 1475 2461 cum
1490 2422 1544 2462 non
1557 2425 1632 2485 prae—

57 2492 321 2567 rediererediere,
340 2491 410 2552 ἀλλὰ
425 2495 551 2562 συνῆλθον
567 2490 615 2570 μὲν
630 2492 726 2551 κλάσαι
742 2491 831 2574 ἄρτον,
883 2488 963 2569 cipue
974 2489 1158 2550 convenissent
1170 2491 1205 2550 ad
1220 2490 1383 2566 doctrinam,
1399 2491 1445 2553 sed
1460 2491 1495 2552 ad
1507 2494 1632 2576 frangen-

55 2584 219 2661 έμπεσόντος
244 2584 271 2644 δέ
295 2583 389 2662 λόγου,
411 2582 550 2663 παρέτεινε
575 2581 624 2654 τὴν
650 2584 829 2646 διδασκαλίαν.
882 2578 950 2639 dum
968 2602 1074 2662 penem,
1088 2581 1137 2641 ubi
1151 2581 1178 2641 in
1193 2603 1343 2643 sermonem
1355 2583 1464 2664 incidit,
1480 2585 1632 2647 doctrinam

56 2676 130 2757 Ὅρα
137 2679 198 2746 πῶς
206 2677 251 2737 καί
261 2681 294 2756 τῇ
304 2675 422 2755 τραπείη
438 2681 485 2734 τοῦ
495 2673 603 2733 Παύλου
614 2673 709 2743 πάντες
721 2675 830 2737 ἐκοινόν·
882 2672 1012 2734 extendit·
1025 2672 1098 2735 Vide
1108 2674 1244 2752 quomodo
1258 2696 1356 2734 mensae
1367 2676 1446 2736 Pauli
1462 2698 1553 2738 omnes
1564 2700 1630 2761 par-

55 2791 126 2829 νουν.
142 2769 222 2848 Ἐμοὶ
235 2771 323 2841 δοκεῖ,
338 2769 384 2826 καὶ
394 2766 469 2848 παρὰ
479 2766 527 2838 τὴν
539 2765 671 2848 τράπεζαν
687 2768 765 2828 αύτδν
779 2794 830 2830 κα-
846 2794 865 2843 c
882 2762 976 2844 tioipes
984 2777 1081 2823 essent.
1092 2762 1211 2826 Videtur
1220 2764 1299 2840 mihi,
1311 2765 1401 2846 ipsum
1411 2766 1448 2828 ad
1460 2789 1630 2830 mensamse-
1711 2819 1715 2826 .

54 2860 170 2938 θήμενον
194 2859 374 2938 διαλέγεσθαι,
398 2857 557 2919 παιδεύοντα
584 2863 657 2937 ἡμᾶς
681 2859 769 2921 πάντα
795 2861 829 2921 τὰ
881 2852 988 2914 dentem
1000 2854 1167 2933 dissedisse
1182 2876 1231 2916 nos
1249 2855 1389 2917 docentem
1407 2858 1452 2918 his
1465 2859 1554 2920 omnia
1574 2883 1631 2923 essc

54 2951 137 3012 λοιπὰ
148 2950 270 3032 πάρεργα
280 2957 410 3030 ἡγεῖσθαι.
424 2948 635 3011 Ὑποτυπύισατέ
646 2975 692 3029 μοι
702 2952 746 3012 τδν
758 2944 828 3013 οἶκον
881 2946 1075 3029 postponenda.
1091 2947 1280 3027 imaginamini
1293 2948 1407 3010 domum
1421 2951 1516 3027 iliam,
1532 2952 1560 3013 in
1575 2975 1630 3034 qua

55 3049 165 3115 ἐκεῖνον,
178 3045 240 3104 ίνθα
252 3045 391 3122 λαμπάδες
403 3035 482 3115 ἦσαν,
497 3043 558 3102 ἔνθα
570 3044 662 3124 ὄχλος,
674 3043 736 3104 ίνθα
747 3046 829 3104 Παῦ-
881 3040 1021 3123 lampades
1040 3056 1124 3118 erant,
1134 3042 1182 3100 ubi
1191 3043 1283 3121 turba,
1293 3043 1341 3102 ubi
1353 3044 1453 3104 Paulus
1460 3046 1567 3107 medius
1575 3047 1631 3109 dis·

54 3138 100 3204 λος
114 3136 194 3215 μέσος
208 3135 245 3195 ὢν
258 3135 404 3215 διελέγετο,
418 3136 479 3195 ἔνθα
492 3135 598 3202 καὶτὰς
615 3135 720 3216 θυρίδας
735 3137 828 3197 πολλοὶ
880 3134 994 3210 serebat,
1005 3134 1053 3193 ubi
1068 3135 1195 3194 fenestras
1208 3135 1290 3194 multi
1303 3137 1479 3218 occupabant,
1491 3153 1522 3199 ut
1534 3141 1629 3202 tubam

54 3228 274 3307 ’κατιλάμύανον
290 3228 336 3287 καὶ
355 3233 403 3300 τῆς
421 3228 565 3306 σάλπιγγος
584 3230 695 3287 ἀκοῦσαι
710 3225 828 3301 ἐκείνης,
881 3225 958 3304 illam
979 3225 1115 3304 audirent,
1128 3240 1154 3286 et
1170 3225 1319 3306 gratiosum
1332 3230 1439 3290 vultum
1458 3231 1628 3315 inspicerent.

55 3321 142 3380 καὶτὸ
152 3320 295 3401 πρόσωπον
308 3320 339 3381 τὸ
352 3319 445 3402 χάριεν
464 3319 622 3379 θεάσασθαι·
638 3317 665 3378 τί
683 3319 751 3386 εἰκδς
762 3308 828 3378 εἶναι
881 3318 982 3390 Quales
991 3317 1075 3378 fuisse
1085 3317 1233 3399 auditores,
1245 3333 1271 3381 et
1283 3335 1413 3400 quantam
1422 3323 1486 3384 hinc
1496 3326 1631 3408 accepisse

54 3413 115 3482 τοῦς
128 3411 348 3492 διδασκομένους,
364 3413 410 3473 καί
418 3412 504 3485 πύσην
520 3417 685 3493 καρποῦσθαι
699 3410 748 3484 τὴν
761 3412 827 3485 ἡδο-
880 3409 1046 3492 voluptatem
1066 3411 1166 3492 putas?
1179 3412 1236 3471 Cur
1255 3427 1347 3474 autern
1364 3428 1444 3475 noctu
1462 3415 1629 3479 disserebat?

55 3505 120 3580 νηνς
144 3505 224 3571 Τίνος
249 3504 277 3563 δέ
299 3505 386 3564 ένεκεν
408 3509 434 3565 ἐν
458 3504 532 3564 νυκτί
553 3504 699 3582 διαλέγεται
714 3501 825 3576 Ἐπειδὴ
880 3503 952 3575 Quia
970 3502 1137 3584 migraturus
1153 3517 1221 3580 erat,
1236 3519 1263 3565 et
1280 3527 1333 3566 non
1348 3508 1420 3567 ultra
1433 3507 1524 3591 ipsum
1540 3511 1628 3572 visuri

54 3599 165 3676 ἔμελλεν
191 3596 301 3669 ἐξιέναι,
326 3597 372 3656 καὶ
393 3600 441 3657 οὐκ
460 3597 499 3655 ἔτι
521 3601 584 3677 θρᾷν
600 3593 692 3662 αὐτούς
714 3594 826 3655 λοιπόν·
880 3609 956 3655 eraut
969 3619 975 3652 ε
988 3617 1085 3657 verum
1097 3596 1150 3657 boc
1162 3618 1214 3656 non
1228 3597 1293 3674 illis,
1309 3613 1403 3681 utpote
1418 3601 1626 3680 infirmioribus,

54 3690 124 3751 ἀλλὰ
148 3693 224 3749 τοῦτο
248 3688 295 3767 μὲν
316 3692 402 3756 αὐτοῖς
419 3693 448 3746 οὐ
464 3688 554 3766 λέγει,
570 3688 616 3746 ότι
633 3686 826 3768 ἀσθενεστέροις
879 3687 957 3764 dicit,
968 3688 1017 3748 sed
1034 3689 1096 3748 aliis
1109 3689 1226 3750 dicebat.
1237 3689 1312 3765 Quin
1326 3705 1353 3751 et
1363 3706 1498 3773 patratum
1510 3696 1629 3758 miracu·

54 3775 127 3856 ούσι,
137 3780 228 3848 τοῖςδέ
239 3782 329 3847 ἄλλοις
339 3779 435 3857 ἔλεγεν.
452 3778 524 3856 Ἅμα
538 3778 565 3838 δέ
580 3777 730 3847 αὐτοῦςκαί
744 3779 826 3856 τδγι·
843 3792 863 3839 1)
879 3780 937 3840 lum
947 3779 976 3840 id
989 3781 1134 3858 efficiebat,
1148 3795 1179 3841 ut
1198 3803 1302 3864 semper
1326 3784 1412 3844 noctis
1428 3786 1503 3846 illius
1525 3809 1627 3849 memo·

53 3875 162 3952 νόμενον
187 3882 296 3951 σημεῖον
325 3873 467 3939 διαπαντὸς
494 3870 576 3932 ἐποίει
605 3875 754 3951 μεμνῆσθαι
777 3876 826 3944 τῆς
879 3873 950 3932 riam
965 3885 1111 3933 seruarent.
1126 3874 1227 3953 blegne
1247 3872 1403 3933 auditorum
1416 3877 1553 3958 voluptas,
1565 3900 1627 3958 quoe

53 3967 168 4047 ἑσπέρας
183 3966 293 4036 ἐκείνης.
307 3964 400 4035 Πολλὴ
415 3971 432 4036 ἡ
447 3963 528 4037 ἡδονὴ
550 3968 602 4022 τῶν
621 3967 768 4044 ἀκροατῶν,
785 3965 826 4024 ότι
879 3963 960 4023 etiam
981 3963 1159 4024 interturbata
1172 3964 1259 4044 magis
1274 3963 1389 4025 adaucta
1406 3966 1478 4043 suit3
1495 3982 1576 4048 atquc
1589 3968 1627 4030 ita

52 4058 99 4117 καί
113 4063 255 4137 ἐγκοπεῖσα
267 4055 381 4128 ἐπετάθη
398 4058 515 4133 μᾶλλον·
529 4053 598 4114 ὥστε
611 4053 677 4134 ὑπὲρ
692 4061 737 4114 τοῦ
752 4057 825 4115 διδα-
879 4056 906 4116 in
915 4054 1155 4135 doctorisgratiam
1167 4076 1243 4115 casus
1252 4056 1298 4116 ille
1307 4056 1407 4126 evenit.
1420 4059 1552 4139 Alioquin
1560 4081 1627 4122 vero
1709 4106 1713 4115 .

53 4150 153 4210 σκύλου
165 4155 183 4220 ἡ
197 4153 297 4215 πτῶσις
311 4148 425 4228 γέγονεν.
439 4147 539 4215 Ἄλλως
550 4171 578 4206 τε
592 4146 638 4206 καί
649 4156 730 4208 πᾶσιν
744 4148 825 4227 ἔμελ·
878 4148 991 4229 ignavos
1003 4169 1096 4207 omues
1106 4147 1153 4207 ille
1164 4148 1350 4229 increpaturus
1362 4164 1429 4229 erat,
1441 4150 1490 4230 qui
1501 4166 1627 4213 mortuus

51 4246 97 4302 λεν
109 4246 206 4308 ἐκεῖνος
217 4243 343 4322 ἐπιτιμᾷν
358 4249 412 4308 τοῖς
425 4238 565 4320 ῥᾳθύμοις,
583 4239 652 4299 δδιδι
667 4247 745 4300 τοῦτο
758 4244 825 4302 ἀπο·
877 4254 926 4317 est,
941 4254 972 4299 ut
985 4240 1101 4300 Paulum
1123 4239 1240 4299 audiret.
1256 4239 1293 4300 Et
1316 4262 1375 4320 cur,
1390 4241 1505 4323 inquies,
1519 4243 1627 4327 singula

51 4333 148 4407 θανὼν,
169 4333 212 4394 ίνα
232 4335 338 4393 Παῦλον
356 4331 464 4412 ἀκούσῃ.
477 4329 530 4390 Καὶ
547 4330 616 4398 τίνος
634 4329 730 4404 ἕνεκεν,
746 4333 825 4413 ρησί,
878 4345 996 4392 recenset
1018 4345 1043 4390 et
1063 4330 1135 4390 unde
1158 4331 1295 4408 venerint,
1309 4346 1336 4393 et
1358 4355 1414 4414 quo
1433 4335 1587 4417 migrarint,
1601 4353 1628 4399 ct

51 4425 193 4506 καταλέγει
212 4424 330 4500 έκαστα,
350 4424 396 4485 καί
408 4430 459 4483 τοῦ
473 4415 561 4496 ἦλθον,
573 4423 680 4482 καὶτοῦ
696 4427 824 4497 ἀπῆλθον,
878 4447 962 4504 quare
974 4422 1185 4484 illedemoratus
1196 4424 1239 4501 sit,
1248 4446 1279 4484 ac
1290 4447 1358 4505 quas
1367 4425 1448 4487 etiam
1457 4442 1547 4510 partes
1557 4452 1628 4511 pre-

51 4520 99 4580 καί
109 4525 161 4579 ποῦ
173 4518 221 4596 μὲν
235 4517 379 4598 ἐνδιέτριύε
387 4561 396 4589 ,
409 4516 469 4575 τίνα
483 4515 511 4576 δέ
524 4514 659 4595 παρέπλεε
672 4516 754 4598 μέρη,
765 4516 827 4578 Ἵνα
879 4516 1076 4598 ternavigarit?
1089 4518 1127 4577 Ut
1141 4516 1249 4577 interim
1259 4518 1416 4596 ostenderet,
1426 4520 1506 4581 illum
1515 4523 1628 4584 lentiore

51 4612 123 4692 δείξῃ
135 4611 217 4681 τέως,
235 4609 422 4691 σχολαιύτερον
441 4608 519 4668 αὔτδν
538 4607 669 4682 πλέοντα,
684 4609 730 4668 καὶ
747 4615 825 4672 τοῦτο
878 4631 958 4671 cursu
982 4608 1136 4688 navigasse,
1156 4607 1237 4688 idque
1263 4610 1383 4670 humana
1402 4612 1524 4689 ratione,
1540 4627 1627 4694 atque
1646 4652 1648 4656 Δ

50 4703 238 4786 ἀνθρωπίνως,
259 4701 305 4764 καί
317 4700 516 4781 παραπλέοντα.
532 4697 641 4778 'Expers
661 4698 712 4780 γίιρ
733 4726 823 4785 παρα·
879 4700 959 4761 etiarn
978 4698 1223 4780 pretemavignsse.
1238 4703 1437 4784 Proposuerat
1454 4707 1533 4764 enim
1549 4727 1624 4785 proe·

49 4800 166 4858 πλεῦσαι
185 4795 234 4868 τὴν
247 4794 371 4875 Ἔρεσον,
386 4792 430 4851 ἵνα
445 4792 483 4870 μδ,
497 4793 607 4872 γίνηται
630 4794 718 4873 αύτῷ,
742 4795 824 4875 φησί,
879 4796 1064 4874 ternavigare
1079 4792 1239 4873 Ephesum,
1253 4807 1285 4853 rtt
1300 4816 1353 4855 neo
1366 4816 1457 4872 mora,
1467 4795 1567 4876 inquit,
1579 4799 1627 4858 itti

49 4888 258 4970 γρονοτριύῆσαι
276 4891 303 4947 ἐν
326 4885 459 4966 τῇἈσίρ.
477 4886 585 4950 Καλῶς·
603 4885 632 4943 οὐ
649 4882 700 4967 γὰρ
713 4883 825 4955 ἠδύνατο
842 4910 861 4958 π,
878 4899 952 4947 esset
966 4889 998 4943 in
1017 4885 1106 4945 Asia.
1118 4885 1207 4946 Bene:
1219 4907 1272 4946 non
1292 4887 1366 4948 enim
1385 4888 1525 4969 potuisset,
1539 4891 1563 4950 si
1577 4891 1625 4952 illo

49 4983 189 5060 γενόμενος
209 4982 277 5052 ἐκεῖ,
301 4981 507 5057 παραπλεῦσαι,
530 4975 620 5048 ἐπειδὴ
643 4978 689 5036 οὐκ
703 4977 825 5040 ἐύούλετο
878 4978 1002 5055 venisset,
1015 4977 1251 5060 praeternavigare,
1260 4979 1323 5059 quia
1333 4980 1461 5042 noluisset
1470 4984 1627 5048 contristare

84 5202 94 5224 ⁰
112 5186 121 5251 [
133 5192 183 5252 ἅμα
195 5193 233 5239 αεὶ
246 5193 284 5239 τὸν
296 5191 317 5237 λ.
333 5193 404 5238 καθίει
417 5183 457 5237 tel
468 5191 534 5244 καθίη
549 5184 578 5235 Α.
591 5185 618 5235 B.
634 5183 692 5253 (λλ
907 5200 917 5225 ⁸
942 5191 1121 5252 αατελάμόαιον.
1133 5194 1156 5239 τί
1166 5190 1265 5252 iniisti,
1275 5193 1360 5248 καὶτῆς
1372 5188 1544 5254 σάλπιγγος,ε’1ο
1552 5204 1627 5244 unus.
