3742 5970
1423 350 1446 397 θ

489 512 524 558 ιιι
552 512 639 560 εστι
667 511 927 560 irosrononuu.
955 498 1200 561 noum-xvia.
1215 502 1237 533 ν·
1255 516 1274 555 ε
1318 578 1330 595 ⁸
1594 492 1657 588 157

90 637 191 715 ρωρίνου
203 636 292 694 ταῦτά
309 638 399 707 ἐστιν,
419 635 492 695 ἀλλὰ
502 635 677 703 παιδεύοντος.
690 632 801 706 Ἐπειδὴ
811 633 863 717 γὰρ
913 633 985 713 quit,
1002 632 1049 712 qui
1062 632 1124 692 talis
1133 608 1168 692 ei
1168 656 1178 711 3
1198 635 1269 719 agei
1292 628 1354 714 ths
1373 635 1493 698 diceret:
1508 641 1579 700 Cum
1597 662 1659 722 pro·

90 733 119 796 εἰς
131 727 184 788 θέον
202 731 277 806 αὐτῷ
298 730 351 787 σθκ
371 726 529 808 ἐχρήσατο,
550 727 607 800 σοί,
628 727 717 807 φησὶν,
737 727 805 787 ἔστω
824 729 863 806 τῷ
913 725 1001 805 posito
1010 739 1057 784 tuo
1066 739 1168 806 percat,
1179 718 1253 806 quod
1267 740 1322 786 tam
1331 728 1529 792 vilitersenfiu
1540 732 1575 793 de
1587 732 1659 794 dono

89 821 193 900 τοιούτῳ.
203 818 256 885 Ὡς
271 819 305 878 ἀν
317 818 394 878 είποι
405 843 463 886 τις·
478 818 651 879 συναπολοιτο
660 819 727 896 μετὰ
738 825 786 892 τῆς
799 842 864 901 τρο-
878 832 897 880 a
914 816 977 894 Dei,
989 816 1061 895 quod
1075 818 1202 898 sperabas
1223 818 1368 879 humanam
1385 822 1496 883 omuino
1514 845 1572 885 rem
1586 846 1658 886 csse:

92 911 275 993 αρίαεύςσου,
284 911 332 973 ὅτι
342 911 415 971 οθτω
427 911 511 992 μικρά
524 912 695 992 ρρσνεῖςπιρί
703 916 752 984 τῆς
765 912 864 990 δωρεᾶς
914 928 966 966 non
975 907 1012 967 ita
1021 929 1050 968 se
1062 907 1153 968 habet.
1164 910 1195 969 si
1210 931 1273 990 ergo
1287 913 1450 989 accessisset,
1472 928 1503 973 ut
1527 917 1668 996 accedens
1748 916 1760 939 ⁴

91 1008 220 1076 τῶΜ,
242 1008 287 1064 ἀει
312 1003 518 1087 προσεδόκησας
540 1002 606 1072 θλως
622 1002 785 1087 ἀνθρώπινον
798 993 863 1062 εἶναι
913 998 981 1059 dum
995 1001 1168 1075 eral,saltem
1181 1016 1304 1085 receptus
1315 1004 1419 1082 suisset,
1431 1007 1527 1067 sallem
1547 1030 1600 1068 non
1629 1022 1659 1068 ul

92 1099 252 1178 τδπρᾶγμα·
269 1100 321 1158 ούκ
335 1097 394 1157 ἔστι
406 1103 493 1155 τοῦτο.
510 1092 566 1157 ΙἘἰ
578 1102 639 1177 γοῦν
653 1097 810 1176 προσῆλθεν,
826 1099 863 1164 ῶς
913 1092 996 1174 pestis
1009 1088 1344 1174 reiectussuissetNiden’
1359 1116 1432 1175 σῑΙΙ,
1454 1098 1501 1177 qui
1523 1121 1608 1180 petua
1625 1099 1660 1161 de

93 1191 136 1250 εδει
155 1193 327 1270 προσελθεῖν,
350 1191 401 1250 κάν
418 1189 567 1268 ἀπεδέχθη,
588 1187 636 1247 κάν
651 1193 686 1255 ῶς
699 1187 792 1265 λσιμδς
815 1190 862 1247 αλκ
914 1185 1116 1265 magnissentit,
1128 1186 1274 1269 dupliciter
1284 1191 1412 1270 peccare?
1427 1193 1489 1250 Duo
1510 1192 1596 1272 igilur
1618 1192 1658 1252 illi

92 1282 175 1355 ἐλύθη.
191 1282 296 1362 Ὁρᾷς,
311 1282 354 1343 ὅτι
365 1288 380 1342 θ
391 1282 474 1361 μικρά
486 1282 547 1362 περὶ
561 1280 683 1361 μεγαλων
694 1279 861 1361 ραιταζύμε-
912 1277 1037 1359 precipit
1052 1301 1059 1335 ι
1073 1281 1281 1340 Paenitentiam
1293 1301 1358 1360 age,
1374 1295 1402 1341 et
1410 1303 1473 1356 ora,
1493 1286 1520 1343 si
1526 1282 1658 1364 fouere·

92 1399 127 1441 νος
137 1378 217 1434 διπλᾶ
232 1376 402 1456 ἁμαρτάνεις
418 1371 473 1432 Δύο
490 1373 575 1433 τοίνυν
593 1375 662 1452 αὐτῷ
676 1371 789 1431 κελεύει·
809 1396 861 1449 με·
914 1373 1049 1429 mittatur
1059 1375 1113 1430 tibi
1122 1376 1260 1453 cogitatio
1278 1374 1374 1433 cordis
1394 1378 1437 1433 tur'
1457 1399 1466 1432 .·
1486 1389 1543 1435 tam
1560 1376 1659 1436 malam

92 1468 208 1539 τανύησσν
216 1467 265 1526 καί
276 1467 402 1543 δεήθητε,
413 1469 436 1526 εἷ
446 1465 498 1548 ἀρα
508 1464 667 1546 ἀφεθήσεταί
677 1469 746 1535 σοιὴ
760 1464 862 1525 ίπίνσια
913 1481 970 1519 rem
986 1462 1160 1542 cogitaverat.
1184 1463 1249 1522 ldeo
1272 1465 1319 1540 ait,
1344 1465 1467 1549 Sisorte
1491 1472 1660 1528 remittatur
1675 1482 1678 1487 '

93 1563 132 1629 τῆς
141 1558 252 1638 καρδίας
263 1581 321 1619 σου.
336 1557 432 1626 Οθτως
442 1549 475 1628 ἦν
485 1556 624 1629 ἐπινοήσας
636 1579 663 1615 τι
676 1555 799 1637 πονηρόν.
809 1553 861 1615 Διά
913 1555 978 1626 tibi,
991 1554 1055 1632 quia
1069 1554 1170 1614 sciebat
1179 1555 1393 1636 incorrigrhilcm
1411 1579 1476 1618 esse.
1496 1562 1531 1619 At
1554 1559 1602 1621 ille
1619 1560 1657 1619 ti·

94 1660 159 1712 tu'sto
180 1652 226 1711 καί
251 1645 337 1712 εἶπεν·
361 1655 396 1712 Εἰ
418 1653 471 1733 ἄρα
492 1649 651 1732 ἀφεθήσεταί
673 1675 730 1720 σοι,
745 1650 786 1711 ὅτι
804 1650 862 1725 ᾔδει
913 1645 1206 1723 muitmultirudinem,
1220 1649 1356 1709 etmetuit
1378 1670 1483 1731 negare.
1500 1644 1578 1712 (Ξενία
1606 1653 1658 1712 nisi

95 1745 242 1825 ἀδιόρθωτον
256 1747 332 1805 ὄντα.
348 1743 425 1805 ‘Oli
442 1744 522 1804 πολιν
534 1742 633 1802 δέδοικε
645 1742 676 1801 τὸ
689 1743 801 1814 πλῆθος,
815 1741 861 1800 καί
912 1734 1037 1798 ιπλεεεεεε
1047 1737 1150 1811 luisset,
1166 1738 1280 1800 dixisset
1295 1740 1400 1821 utique,
1427 1764 1456 1802 sc
1474 1744 1620 1810 nescivisse
1632 1760 1659 1805 et
1780 1776 1785 1783 ¹

96 1838 203 1916 ρῶεῑται
216 1838 397 1919 ἀρνήσασθαι.
412 1836 506 1896 Καίτοι
520 1838 543 1895 εί
560 1833 596 1914 μὴ
610 1833 771 1915 ίθορυύήθη,
788 1824 860 1894 εἶπεν
875 1850 895 1898 c
911 1826 1098 1910 imprudenter
1110 1830 1204 1891 secisse
1217 1855 1224 1889 ε
1236 1831 1321 1893 atille
1330 1833 1470 1914 perculsus
1492 1849 1541 1915 est,
1557 1837 1658 1918 primo,

96 1931 234 2001 mittola
248 1930 335 2010 ᾔδειν,
353 1929 395 1990 ὅτι
408 1931 510 2010 ἀρελῶς
530 1926 655 2000 ἐποίησα·
673 1928 731 1986 ἀλλ’
747 1924 860 1995 ἐξεπλοί-
911 1925 984 2005 quod
1002 1927 1089 2007 signis
1111 1942 1206 2009 captus
1223 1941 1308 2004 esset;
1324 1929 1452 2007 mundo,
1468 1928 1541 2009 qnod
1554 1955 1614 2013 quae
1630 1935 1658 1994 in

96 2048 136 2101 γη,
148 2024 246 2104 πρώτῳ
262 2022 313 2101 μὲν
333 2021 440 2103 ἐκείνῳ,
455 2020 496 2081 ύτι
508 2021 579 2080 ἑάλω
590 2029 644 2086 τοῖς
655 2019 788 2099 σημείοις·
803 2021 859 2079 δευ·
910 2032 998 2078 mente
1006 2019 1140 2095 versabat,
1150 2019 1290 2080 manifesta
1299 2036 1394 2081 essent.
1407 2022 1473 2083 Ideo
1481 2025 1576 2105 procul
1584 2040 1658 2106 popt-

95 2116 153 2197 τίρυρ
165 2116 308 2196 δὲτσύτιρ,
322 2119 361 2196 τῷ
372 2114 405 2174 rh
420 2118 489 2190 ἐντῇ
503 2112 604 2192 διανοίᾳ
618 2116 696 2174 αὐτοῦ
705 2110 806 2194 ρανερδ
815 2135 860 2191 γε·
911 2129 941 2168 ea
959 2110 1037 2188 abiit,
1059 2132 1156 2194 nempe
1170 2113 1295 2188 Romam,
1312 2112 1389 2190 quasi
1401 2134 1454 2172 non
1472 2129 1601 2175 venturus
1609 2117 1659 2178 illo

95 2208 182 2268 ιε’σθαι.
199 2207 256 2269 Διά
270 2214 349 2268 τοῦτο
359 2206 465 2286 μακράν
478 2207 525 2266 καί
542 2206 623 2286 ἀπῄει
641 2205 733 2264 λοιπὸν
752 2207 789 2272 είς
810 2203 859 2277 τὴν
911 2216 979 2261 essct
1003 2204 1151 2285 apostolus.
1170 2205 1286 2275 Multis,
1300 2204 1397 2284 inquit,
1410 2211 1575 2288 regionibus
1599 2211 1657 2271 Sa-

96 2300 206 2379 Ῥύμην,
216 2304 256 2367 ὣς
266 2302 297 2361 σύ
308 2300 448 2380 φθάνοντος
459 2302 513 2358 ἐκεῖ
522 2303 567 2358 τοῦ
584 2297 739 2358 ἀποστόλου.
753 2297 859 2365 Πολλοίς
913 2300 1125 2355 maritanorum
1147 2298 1403 2378 evangelizabant.
1423 2299 1496 2360 Vide
1519 2302 1658 2380 quomodo

96 2417 133 2465 τε,
148 2393 227 2474 φησί,
256 2392 352 2472 κώμας
373 2393 427 2450 τῶν
449 2392 624 2473 Σαμαρειτῶν
647 2388 860 2468 εὐηγγελίσαντσ.
910 2386 969 2468 ipsa
979 2387 1074 2469 itinera
1093 2388 1148 2449 illis
1156 2390 1294 2469 negotium
1302 2391 1450 2451 afferebant
1462 2415 1469 2450 ι
1481 2393 1590 2455 sedum
1600 2396 1673 2489 sine.

97 2485 173 2565 Ὅρα,
185 2490 246 2554 πῶς
265 2484 313 2543 καί
333 2488 361 2544 αί
371 2483 426 2543 ὁδοί
436 2485 523 2549 αθτοῖς
537 2480 685 2560 ίμπρακτοι
698 2472 783 2553 ἦσαν·
798 2483 857 2540 ἀλλ’
911 2500 991 2540 causa
1005 2479 1056 2540 iter
1065 2481 1259 2562 suscipiebant.
1272 2482 1354 2542 Tales
1370 2505 1419 2544 nos
1428 2485 1602 2565 migrationes
1617 2490 1656 2548 sa·
1730 2516 1749 2551 ε

98 2576 246 2656 eigilem<
260 2579 398 2637 ἐποιῶπο
408 2573 496 2643 astte
512 2572 643 2642 Τοιαύτας
655 2572 701 2632 καί
712 2577 784 2652 ἡμᾶς
795 2577 860 2633 ἀπο-
910 2591 969 2630 cere
989 2587 1130 2653 oporteret.
1146 2572 1183 2632 Et
1198 2574 1266 2653 quid
1283 2574 1344 2635 dico
1360 2576 1555 2655 migrationes?
1574 2581 1656 2640 Multi
1739 2612 1742 2617 ·
1792 2628 1816 2649 .,

99 2669 181 2747 θερίας
191 2669 248 2729 ἔδει
259 2671 404 2730 ποιεῖσθαι.
413 2667 468 2728 Kal
488 2665 515 2725 τί
526 2665 597 2745 λέγω
608 2664 771 2743 ἀποδημίας
784 2668 858 2727 Πολ·
910 2663 984 2723 vicos
997 2664 1097 2724 habent
1108 2679 1134 2724 et
1147 2686 1235 2746 agros,
1249 2680 1275 2725 ct
1289 2688 1341 2727 nou
1353 2667 1401 2729 illa
1412 2683 1521 2745 curant;
1532 2671 1579 2731 sed
1588 2695 1655 2751 quo-

59 2752 62 2757 ’
99 2760 232 2839 λιιεύμας
251 2758 345 2842 lgm
359 2757 406 2839 ηαί
418 2761 520 2841 χωρία,
540 2757 587 2817 καί
609 2762 638 2819 σθ
662 2757 736 2835 μέλει
757 2759 857 2833 σθτοίς,
910 2756 992 2817 modo
1006 2755 1134 2817 balneum
1148 2758 1206 2835 liat,
1218 2772 1245 2817 et
1258 2758 1344 2839 pretia
1358 2775 1485 2833 crescant,
1502 2776 1531 2821 ut
1546 2766 1615 2824 aula
1630 2781 1656 2826 et

99 2851 145 2912 αἱδί
156 2851 365 2914 mmm
375 2850 470 2933 λύγον
489 2852 547 2910 ἀλλ’
563 2850 636 2917 ὅπως
652 2848 699 2929 μίν
721 2851 857 2930 βαλανεῖον
874 2864 892 2911 u
909 2846 1048 2910 domicilia
1062 2864 1262 2928 construantur,
1277 2850 1390 2910 multam
1402 2850 1504 2912 habent
1519 2856 1655 2916 sollicitu-

100 2944 193 3021 γίνοιτο,
210 2944 259 3006 καὶ
271 2944 346 3012 ὅπως
359 2942 394 3002 τά
406 2943 548 3024 τιμήματα
562 2943 714 3016 ἐπιταθείη,
729 2942 775 3002 καί
786 2943 857 3011 ὅπως
908 2941 999 3001 dinem
1014 2966 1022 3000 ε
1037 2941 1172 3021 quomodo
1195 2956 1285 3003 autem
1301 2944 1399 3003 anima
1418 2947 1586 3028 excolantur,
1602 2973 1654 3014 non

63 3062 69 3075 ·
101 3039 177 3114 σῶαί,
186 3039 234 3099 καί
243 3035 528 3115 θαωςοίκοδομήματα
538 3035 778 3111 κατασκευασθιίη,
789 3038 857 3100 πολ·
908 3033 984 3095 item.
1001 3036 1037 3096 Et
1051 3034 1216 3116 tequidem,
1231 3036 1254 3096 si
1269 3035 1360 3117 spinas
1370 3037 1398 3097 in
1411 3060 1477 3119 agiu
1492 3042 1597 3122 rideas,
1609 3068 1654 3106 se-

101 3129 260 3205 λλιεπωδὴν
274 3135 431 3203 ποιοῦνται,
447 3128 518 3196 ὅπως
533 3126 561 3189 δὲ
576 3128 660 3210 ψυχαί
673 3135 857 3211 γεωργηθεῐεν,
908 3148 961 3205 eas,
977 3129 1046 3204 uris,
1061 3129 1187 3206 destruis,
1202 3143 1232 3189 ut
1252 3143 1351 3190 terram
1365 3132 1401 3190 ab
1420 3133 1472 3193 hac
1485 3137 1603 3217 pernicie
1618 3139 1654 3199 li-

102 3222 178 3283 o'sdrc
199 3224 253 3284 Καὶ
273 3221 309 3282 σθ
333 3218 383 3301 μὲν
404 3221 436 3280 ἀν
458 3221 573 3289 ἀκάνθας
592 3219 666 3302 παρά
678 3221 726 3293 τὴν
744 3221 856 3302 ἄρουραν
907 3221 1003 3282 heres:
1018 3221 1066 3280 uhi
1084 3236 1174 3282 autem
1197 3222 1330 3303 agricolas
1346 3225 1424 3285 vides
1444 3228 1530 3308 spinis
1549 3231 1653 3311 plenos,

103 3312 157 3394 ἴδῃς,
166 3315 285 3396 τίμνεις,
297 3314 398 3387 καίεες,
411 3311 558 3395 ἀρανίζεις,
568 3312 637 3374 ὥστε
647 3311 696 3385 τὴν
705 3315 755 3394 γῆν
769 3315 856 3373 ἀπαλ-
908 3332 956 3372 nec
969 3334 1071 3374 resecas
1076 3337 1085 3391 3
1099 3334 1152 3374 uon
1166 3315 1253 3388 times,
1266 3313 1311 3373 dic
1322 3315 1401 3394 mihi,
1414 3338 1461 3378 nec
1475 3320 1653 3398 exhorrescis,

49 3416 52 3497 j
103 3405 217 3481 λαῖειτῆς
231 3413 353 3469 ἐντεῦθεν
363 3404 463 3485 λύμης·
478 3409 544 3487 θρῶν
556 3402 649 3472 αὐτούς
660 3403 686 3465 δὲ
697 3403 758 3469 τοὺς
771 3426 856 3485 γεωρ-
906 3405 985 3465 illum
998 3407 1121 3487 cogitans
1133 3407 1181 3486 qni
1195 3408 1327 3467 rationem
1340 3424 1483 3474 exacturus
1496 3416 1554 3473 cst?
1564 3437 1652 3476 annon

102 3497 146 3575 γίις
156 3503 273 3561 ἀκανθῶν
289 3499 435 3580 γέμοντας,
448 3498 495 3557 καί
509 3501 556 3557 οὐκ
570 3495 713 3573 ἐκτέμνων,
725 3498 754 3556 ού
769 3494 856 3556 δίδοι·
907 3513 1041 3580 oporteret
1048 3499 1169 3581 singulos
1180 3499 1273 3559 fidelos
1283 3500 1422 3561 ecclesiam
1434 3518 1595 3583 construere,
1603 3508 1652 3569 do-

101 3593 184 3659 εαςιιαί
195 3592 332 3675 φρίττεις,
342 3591 402 3651 εἰπέ
412 3613 457 3667 μοι
467 3636 474 3663 ,
486 3588 530 3649 τδν
546 3588 676 3668 μέλλοντά
689 3611 719 3647 σε
730 3586 775 3647 καί
790 3587 856 3667 ὑπὲρ
906 3605 1006 3653 ctorem
1015 3593 1114 3652 habere
1126 3593 1161 3653 ad
1174 3593 1384 3654 conserendum?
1404 3610 1466 3657 ante
1477 3600 1567 3660 omnia
1582 3601 1654 3663 illud

100 3683 176 3746 τείσειν
190 3691 316 3746 ἀπαιτεῖν
327 3684 405 3762 λόγον
412 3708 421 3758 ;
438 3684 479 3743 Ol
494 3680 546 3765 γὰρ
568 3685 648 3763 ἀχρῆν
669 3680 778 3740 ἕκαστον
802 3685 855 3740 τῶν
906 3683 936 3744 in
973 3706 1054 3766 scopo
1086 3682 1210 3762 hahere,
1242 3700 1272 3745 ut
1299 3707 1391 3746 omnes
1424 3690 1478 3749 sint
1514 3691 1650 3754 Christia-

100 3776 338 3850 τιπῶνίκκλησίαν
359 3776 515 3854 οἰκοδομεῖν,
538 3773 696 3833 διδάσκαλον
708 3771 854 3851 λαμὸοίνειν
907 3776 957 3835 ni?
973 3777 1130 3855 Quomodo,
1150 3798 1249 3856 quaeso,
1267 3777 1436 3839 Christianus
1457 3783 1508 3842 erit
1521 3787 1650 3863 agricola,

99 3870 163 3948 ’τρὶς
180 3871 210 3931 el
231 3869 422 3948 συναίρεσθαι,
437 3867 489 3949 πρὸ
509 3867 616 3925 πάντων
641 3872 717 3926 τοῦτο
736 3873 853 3938 σκοπεῖν,
907 3889 970 3928 cum
983 3882 1009 3929 te
1024 3867 1115 3928 videat
1130 3869 1169 3927 sic
1189 3883 1264 3928 tuam
1285 3869 1421 3949 negligere
1442 3873 1576 3934 salutem?
1590 3880 1651 3937 Non

100 3959 152 4030 ίαως
162 3962 278 4030 ἅπαντες
293 3951 346 4020 εἷεν
358 3957 524 4040 Χριστιανοί,
538 3960 616 4030 Πῶς,
631 3957 691 4017 elul
709 3980 771 4036 μοι,
784 3957 853 4036 Χρι·
872 3980 890 4026 ε
907 3973 982 4041 ροισι
995 3959 1081 4018 facere
1094 3959 1181 4040 signa,
1192 3973 1217 4018 et
1229 3960 1267 4018 sic
1280 3960 1462 4040 persuadere?
1474 3965 1582 4036 Quibus
1601 3991 1650 4049 po·

101 4054 184 4123 στιειθς
200 4051 446 4131 ἔσταιθγεωργθς,
468 4054 535 4132 ὁρῶν
556 4074 585 4110 σε
602 4048 685 4118 οθτως
706 4050 855 4127 ἀμελοῦντα
907 4066 946 4112 tos
969 4051 1118 4133 persuade,
1139 4051 1321 4129 humanitate,
1341 4055 1510 4136 patrocinio,
1524 4081 1648 4122 mansue-

101 4148 219 4216 τῐςαίιτοῦ
234 4146 386 4226 σωτηρίαςς
401 4147 442 4204 Οὐ
455 4143 564 4203 δύνασαι
575 4148 686 4216 ποιῆσαι
697 4149 795 4220 σημεῖα
808 4142 854 4201 καί
906 4143 1010 4217 tudine,
1029 4142 1182 4220 blanditiis,
1205 4143 1319 4223 aliisque
1337 4145 1474 4208 omnibus.
1496 4151 1565 4210 Fora
1589 4155 1651 4233 qui-

102 4248 184 4311 πείσαις
197 4231 268 4306 Ὅῖς
281 4237 354 4319 ἔχεις
368 4244 469 4311 πείσω,
480 4234 676 4317 φιλανθρωπία,
688 4232 853 4316 προστασία,
906 4236 969 4296 dem
985 4250 1011 4295 et
1032 4235 1127 4294 balnea
1141 4235 1219 4294 multi
1236 4235 1339 4295 faciunt
1347 4282 1357 4314 ,
1378 4239 1502 4303 ccclesias
1520 4264 1586 4305 vero
1599 4248 1651 4307 mi-

101 4332 240 4414 ίμρθιηςι,
251 4328 398 4410 κολακεία,
409 4335 464 4396 τοῖς
476 4327 565 4395 ἀλλοις
579 4328 673 4386 ἅπασι.
690 4327 743 4385 Καί
757 4324 854 4407 ἀγορὰς
905 4328 990 4405 nime;
1013 4327 1103 4388 omnia
1118 4327 1219 4407 potius,
1236 4350 1318 4407 quam
1341 4330 1403 4390 hoc.
1430 4333 1496 4394 Ideo
1520 4336 1651 4400 admoneo

103 4421 193 4496 ρίιεαὶ
212 4426 344 4503 βαλανεῖα
358 4427 475 4481 ποιοῦσιν
496 4424 520 4479 οἱ
540 4418 646 4493 πολλοί,
670 4417 811 4490 ἐκκλησίας
826 4417 865 4480 ll.
905 4434 932 4479 et
944 4419 1079 4500 supplico,
1091 4419 1259 4500 gratiamque
1270 4434 1342 4502 peto,
1357 4421 1411 4483 imo
1424 4424 1512 4506 legem
1526 4451 1607 4508 pono,
1620 4445 1650 4490 ut

107 4604 213 4665 θπύσλῶ
227 4606 274 4665 καὶ
287 4605 366 4688 χάριν
381 4607 460 4674 αίτῶ,
472 4606 572 4683 μᾶλλον
584 4603 612 4662 δί
624 4603 669 4662 καί
682 4602 762 4681 νόμον
778 4602 853 4676 τίθη·
905 4603 973 4663 mihi
992 4602 1106 4682 dixeris,
1122 4605 1210 4686 Prope
1224 4618 1274 4682 est,
1289 4605 1318 4665 in
1331 4606 1433 4669 vicinia
1447 4625 1486 4670 ost
1498 4636 1505 4669 ι
1517 4615 1601 4673 multa
1612 4629 1651 4674 cst
1660 4613 1683 4655 ⁵¹¹
1694 4611 1760 4656 θ’θ’·

110 4717 142 4768 με,
155 4697 220 4758 dous
241 4698 342 4777 μηδένα
355 4699 467 4778 ἀρθῆναι
486 4696 584 4777 ἔρημον
598 4693 741 4766 ἐκκλησίας
755 4695 853 4777 χωρίον
906 4694 1035 4775 impensa,
1047 4694 1170 4754 modicus
1192 4709 1348 4776 proventus.
1361 4698 1390 4759 Si
1409 4700 1478 4779 quid
1493 4702 1576 4763 habos
1590 4727 1651 4766 ero-

49 4824 52 4831 ·
112 4787 192 4864 ἓιρπα
211 4791 258 4863 Mt
279 4812 323 4868 μοι
343 4790 432 4870 εἴπης,
450 4788 562 4861 πλησίον
582 4788 662 4862 ίστίν,
684 4791 714 4848 ἐκ
729 4789 853 4865 γειτόνων
862 4786 1025 4880 ¹⁵⁰gundum
1039 4786 1275 4867 pauperibus,hac
1289 4787 1317 4847 in
1332 4810 1359 4848 re
1370 4788 1475 4850 insumo
1487 4816 1494 4849 ι
1507 4794 1603 4854 melius
1618 4797 1651 4857 il-

49 4925 51 4931 ι
115 4879 168 4936 tui·
179 4882 258 4954 πολλή
272 4886 368 4955 ἐστινὴ
384 4882 517 4954 διαπύνη,
531 4884 560 4939 οὐ
576 4880 661 4952 πολλὴ
679 4884 696 4952 ἡ
718 4880 852 4961 πρόσοδος.
871 4899 888 4943 a
906 4880 953 4960 lic,
967 4902 1049 4960 quam
1062 4880 1107 4938 hic
1122 4905 1128 4937 :
1142 4881 1185 4939 alc
1196 4881 1342 4956 doctorem,
1353 4883 1394 4942 alc
1405 4883 1560 4960 diaconum,
1574 4904 1599 4948 et
1611 4913 1652 4950 sa·

49 5011 58 5038 ,·
120 4969 243 5052 hialpi<
263 4978 297 5041 είς
319 4975 434 5048 πένητας
457 4975 608 5048 ἀναλῶσαι,
627 4973 850 5033 ἐκεῖθνσίλωσον·
907 4971 1067 5033 cerdotalcm
1079 4985 1187 5032 coetum.
1204 4975 1241 5029 he
1252 4972 1273 5031 si
1287 4995 1398 5033 uxorem
1412 4976 1453 5034 vel
1464 5000 1590 5057 sponsam
1601 4982 1652 5042 du-

149 5151 159 5180 ¹³
169 5148 206 5198 alii
221 5162 236 5202 εὶ
247 5165 284 5222 γὰρ
295 5163 344 5221 μετ’
354 5163 478 5225 ἀαραλείας
490 5160 587 5219 ἐγίνετο,
607 5162 647 5205 κάν
665 5156 789 5215 ἀπεδέξατο
800 5159 840 5204 αὑ·
891 5161 936 5205 θαι.
955 5152 986 5203 l).
998 5152 1006 5216 ]

129 5234 157 5273 tu]
165 5236 196 5280 τὴν
204 5240 318 5297 ,apamia
925 5234 938 5270 d
950 5230 1021 5281 Unus
1030 5226 1094 5279 Cod.
1109 5232 1139 5287 οἷς
1149 5234 1205 5294 ἔχεις
1216 5237 1319 5292 ποίησον,
1334 5227 1498 5302 ριλκνθρωπίᾳ.

155 5303 233 5356 ιθαιίί.
253 5316 373 5378 inplent»,
399 5320 549 5382 συναίρεσθαι.
572 5311 645 5380 [πρὸς
670 5317 696 5364 τὸ
719 5323 839 5379 σνναιρεῑσ·
