3728 5978
591 512 625 558 tn
652 511 759 560 nrtsr.
789 510 835 558 so
861 510 944 559 nont
973 505 1091 560 nonin.
1119 510 1193 559 xrv.
1604 483 1677 581 649

107 630 269 707 θΣαμουήλ
290 635 319 691 σθ
341 631 456 691 θιιλειπε
482 634 583 693 πενθῶν
615 634 659 694 τθν
689 633 796 708 Σαοὺλ,
818 631 1017 734 xnl-lfriciis
1034 633 1222 711 onerabantur,
1237 630 1430 714 lapidabantur
1449 643 1476 690 et
1492 630 1578 695 millia
1592 631 1676 711 patie-

106 745 149 781 τοι
171 746 201 800 γε
214 726 339 803 χαλεπῶς
353 724 485 804 sepiant<
498 727 562 805 παρ’
577 728 671 800 αὐτοῦ,
691 725 736 785 καλ
755 726 790 787 τί
813 727 880 799 ἀνή-
936 725 1037 785 bantur
1049 726 1145 806 gravia
1163 749 1170 783 τ
1188 736 1250 807 post
1268 724 1328 784 baec
1344 737 1435 783 antem
1451 721 1596 783 omniaad
1614 722 1676 783 illos

106 816 305 875 aemunetatis·
322 819 381 876 ἀλλ’
394 816 466 896 ὅμως
488 817 589 887 οὐδενὸς
611 818 716 880 ἐκείνων
731 819 876 900 ἐμέμνητο.
934 842 1043 881 rursum
1062 820 1246 880 accurrebant.
1270 822 1340 880 Nam
1363 819 1471 881 Samuel
1493 839 1546 878 non
1563 818 1677 879 cessavit
1732 832 1743 841 ·

105 910 155 988 Τῷ
170 906 197 968 δὲ
209 909 340 969 Ἰουδαίων
357 911 433 993 δήμῳ
449 911 493 972 καί
510 911 618 992 θρήνους
629 911 879 993 γραπτοῦςθἹερε-
932 912 1025 992 lugere
1041 913 1162 991 Saiilcm,
1181 913 1229 973 etsi
1246 934 1342 992 graves
1357 912 1392 970 ab
1406 911 1454 971 illo
1467 913 1561 992 passus
1577 923 1675 970 contu-

107 999 171 1076 μίας
196 1000 336 1073 συνέθηκε·
359 1003 404 1060 καί
420 1009 465 1063 τοῦ
483 1009 632 1084 στρατηγοῦ
644 1006 698 1062 τῶν
711 1005 823 1082 Περσῶν
840 1005 879 1062 δι·
933 1006 1026 1065 melias
1039 1027 1134 1085 resque
1144 1005 1326 1065 intolerabiles
1340 1004 1406 1081 ;scd
1418 1017 1507 1062 tameo
1524 1002 1625 1064 nullius
1636 1003 1675 1061 in·

107 1091 196 1159 δόντος
212 1094 283 1173 αὐτῷ
299 1093 467 1172 μετίιάδείας
485 1099 564 1156 οἰκεῖν
579 1096 624 1154 καί
645 1094 791 1175 ἐλευθερίας
808 1095 880 1156 ἁπιί-
928 1098 1008 1177 jnriae
1032 1119 1135 1158 memor
1154 1111 1221 1157 erat
1241 1097 1369 1159 Jeremias
1388 1117 1453 1156 nero
1475 1095 1676 1155 lamentationes

106 1207 158 1255 σης
175 1184 240 1244 ὅπου
258 1185 391 1264 βούλοιτο,
410 1187 572 1266 προετίμησε
587 1191 635 1259 τῆς
657 1186 724 1261 abiot
744 1186 882 1269 διατριῦῆς
931 1188 1045 1270 scriptas
1066 1189 1223 1251 Judaeorum
1243 1187 1344 1269 populo
1365 1188 1514 1268 composuit
1533 1208 1540 1243 ι
1562 1206 1676 1265 cumque

107 1275 156 1349 τὴν
169 1282 214 1336 τοῦ
227 1279 292 1337 λαοῦ
318 1279 462 1360 κακουχίαν
483 1280 528 1340 καί
542 1279 590 1352 τήν
602 1282 628 1339 ἓν
644 1278 770 1360 ἀλλοτρίᾳ
785 1281 879 1339 ταλαι-
933 1279 1077 1341 Persarum
1097 1281 1156 1342 dux
1170 1280 1341 1347 concessisset
1354 1280 1396 1338 illi
1414 1301 1477 1339 cum
1492 1278 1633 1338 securitate
1649 1290 1676 1337 et

107 1367 222 1447 πωρίαν.
236 1369 317 1428 Οὕτω
326 1370 371 1428 καί
384 1373 501 1443 Μωϋσῦς
517 1369 551 1430 rb
568 1371 689 1450 βασῦιεια
707 1369 753 1430 καί
766 1369 814 1442 τήν
826 1373 881 1430 ἐκεῖ
933 1370 1058 1431 libertate
1077 1373 1241 1450 ubicumque
1259 1371 1339 1431 vellet
1355 1370 1489 1448 babitare,
1509 1369 1603 1430 domni
1621 1389 1675 1427 suae

107 1459 245 1537 διατριῦήν
259 1460 346 1541 ripale,
362 1462 426 1541 πρὸς
443 1461 491 1530 τίς
502 1461 606 1523 ἐκείνων
623 1461 721 1542 ἔδραμε
735 1463 881 1542 συμφοράς.
933 1465 1052 1543 praetnlit
1065 1465 1180 1525 infelicis
1190 1465 1285 1547 populi
1297 1463 1459 1523 consortium
1472 1475 1499 1521 et
1512 1462 1637 1521 miseram
1646 1461 1675 1520 in

108 1551 163 1610 Καὶ
177 1551 278 1624 Δανιὴλ
300 1553 327 1613 δὲ
340 1555 389 1613 *ἐν
411 1553 521 1623 είκοσιὲξ
536 1553 649 1634 ἡμέραις
668 1553 758 1621 ἄσιτος
771 1554 881 1632 ἔμεινεν,
898 1563 917 1609 ll
932 1567 1002 1615 terra
1021 1557 1106 1616 aliena
1126 1555 1328 1616 habitationem.
1353 1555 1399 1615 Sic
1421 1567 1446 1614 et
1464 1555 1574 1635 Moyses
1592 1552 1676 1632 regiis

100 1644 198 1725 ,ἄγχων
211 1646 302 1706 ἑαυτὸν
316 1651 349 1728 τῇ
365 1648 499 1727 βαρυτάτη
510 1648 631 1729 νηστεία,
642 1648 685 1706 ίνα
696 1645 740 1707 τὸν
751 1649 820 1709 Θεὸν
834 1651 880 1708 αὖ·
932 1649 1036 1710 aedibus
1053 1649 1080 1709 in
1099 1649 1176 1730 queis
1194 1649 1309 1729 degebat
1322 1648 1432 1724 relictis,
1449 1645 1485 1707 ad
1499 1647 1676 1707 Hebraeorum

105 1737 380 1814 τοῖςκαταλλύξη,καὶ
390 1745 414 1800 ol
430 1741 521 1809 παῖδες
530 1739 557 1798 δὲ
570 1743 595 1799 oi
605 1747 676 1820 τρεῖς
689 1742 715 1799 ἐν
724 1740 828 1820 καμίνῳ
842 1741 881 1800 du·
932 1740 1097 1800 calamitates
1108 1742 1235 1800 accurrit.
1253 1740 1351 1800 Daniel
1364 1761 1429 1800 vero
1440 1759 1488 1819 per
1503 1737 1562 1797 dies
1577 1736 1677 1818 viginti

107 1852 150 1895 τες
164 1830 208 1888 καί
221 1829 337 1911 τοσούτῳ
350 1832 426 1911 περὶ,
439 1831 486 1905 τήν
499 1830 566 1913 ὑπὲρ
578 1834 664 1892 αὐτῶν
674 1831 807 1915 ἱκετηρίαν
817 1831 880 1892 ιἰνέ-
931 1852 981 1892 sex
991 1833 1101 1913 jejunus
1116 1833 1224 1909 mansit,
1236 1832 1289 1891 bac
1302 1852 1330 1891 se
1342 1831 1501 1911 gravissima
1516 1829 1677 1892 abstinentia

107 1942 196 2001 ρερον.
207 1922 248 1979 Οὐ
262 1920 315 2001 γἀρ
329 1920 361 1995 δή
376 1922 442 2003 ὑπὲρ
454 1926 554 1983 ἑαυτῶν
564 1923 660 2001 ἤλγουν
675 1927 726 1984 τῶν
741 1922 880 2004 occoepi-
932 1945 1078 1996 macerans,
1090 1939 1120 1984 ut
1131 1927 1221 1984 Deum
1235 1923 1291 1983 illis
1300 1923 1429 2005 placaret.
1442 1921 1477 1981 Et
1491 1935 1545 1982 tres
1556 1922 1634 2002 pueri
1648 1922 1676 1982 in

107 2032 158 2068 νων
168 2034 175 2047 ·
186 2014 244 2069 ἀλλ’
255 2012 346 2086 ἐπειδὴ
356 2013 415 2073 τότε
424 2014 540 2092 μάλιστα
550 2012 632 2097 ᾤοντο
641 2015 792 2098 παρρησίαν
799 2015 880 2096 ἔχειν,
930 2019 1041 2078 fornace
1055 2032 1082 2078 et
1099 2019 1127 2079 in
1144 2031 1220 2078 tanto
1232 2017 1305 2097 igne,
1321 2015 1543 2097 supplicationem
1556 2036 1607 2096 pro
1622 2015 1677 2074 illis

108 2101 152 2161 διὰ
167 2108 244 2162 τοῦτο
265 2103 330 2185 ὑπὲρ
354 2109 438 2165 αὐτῶν
455 2106 566 2167 ἐδέοντο.
587 2108 636 2167 Διὸ
656 2106 701 2166 καί
723 2107 821 2186 ἔλεγον,
833 2107 880 2167 Ἐν
930 2110 1099 2171 emittebant.
1120 2111 1181 2169 Non
1201 2129 1252 2189 pro
1271 2128 1300 2166 sc
1319 2106 1362 2165 illi
1384 2106 1523 2185 dolebant,
1541 2105 1588 2185 qni
1608 2105 1678 2166 salvi

105 2196 180 2275 ψύχη
191 2195 398 2277 συντετριμμένη
406 2199 451 2257 καί
461 2197 593 2276 πνεύματι
604 2197 786 2266 ταπεινώσεως
795 2222 880 2282 προσ-
930 2216 1007 2262 erant
1019 2224 1028 2277 ;
1040 2202 1088 2262 sed
1096 2201 1159 2282 qnia
1169 2215 1227 2261 tum
1236 2199 1354 2259 manime
1363 2199 1494 2280 potabant
1507 2220 1535 2258 se
1548 2198 1678 2259 fiduciam
1765 2200 1768 2207 ’

108 2287 272 2366 δεχθείημεν.
284 2289 335 2348 Διὰ
348 2288 452 2357 τούτους
472 2288 518 2349 καί
535 2290 637 2361 Ἰησοῦς
655 2289 688 2350 τὰ
700 2289 795 2368 ίμιίτια
810 2291 881 2374 διίῤ-
932 2291 1030 2352 habere
1041 2314 1129 2374 posse,
1143 2291 1202 2351 ideo
1213 2313 1264 2375 pro
1275 2290 1331 2350 illis
1341 2289 1530 2370 precabantur.
1553 2289 1678 2372 Quapro-

109 2380 185 2459 ῥηξε·
203 2381 245 2442 nt
258 2382 363 2449 τούτους
378 2382 423 2442 καί
440 2381 570 2456 Ἰεζεκιήλ
584 2384 686 2464 ἐθρήνει
705 2384 751 2444 καί
778 2384 880 2466 ῶλορύ-
932 2397 992 2463 pter
1001 2383 1126 2443 dicebant
1142 2387 1201 2464 tIn
1215 2385 1456 2444 animacontrita
1466 2393 1494 2440 et
1509 2384 1613 2461 spiritu
1623 2383 1830 2475 lto-van3³.³9.

109 2496 169 2554 ρετο
195 2474 441 2554 κατακοπτομένους
465 2479 546 2556 ὁρῶν·
566 2477 612 2535 καί
627 2475 757 2558 Ἱερεμίας
781 2476 880 2557 ίλεγεν,
933 2477 1069 2536 militatis
1078 2479 1281 2556 suscipiamur.
1291 2474 1405 2554 Propter
1413 2472 1465 2532 bos
1475 2485 1501 2532 et
1509 2473 1678 2535 Josneresti·

107 2563 202 2645 Ἄρετί
216 2590 265 2643 με,
280 2569 382 2646 πικρῶς
405 2566 562 2647 κλαύσομαι.
590 2569 644 2629 Καί
659 2569 711 2652 πρὸ
723 2569 815 2630 τούτου
838 2568 880 2642 δὲ,
932 2581 1020 2627 menta
1035 2589 1084 2628 sua
1094 2565 1194 2627 scidit:
1211 2578 1323 2647 propter
1332 2565 1383 2623 bos
1393 2563 1518 2624 Ezechiel
1529 2563 1640 2645 lugebat
1652 2581 1680 2626 et

107 2656 199 2730 ἐπειδή
220 2658 329 2726 ἀξιῶσαι
350 2658 415 2739 ὑπὲρ
435 2661 627 2743 συγχωρήσεως
642 2664 694 2719 τῶν
712 2663 801 2721 δεινῶν
816 2685 881 2722 παν·
898 2664 917 2713 G
932 2659 1129 2720 lamentabatur
1140 2660 1201 2719 illos
1212 2656 1364 2717 trucidatos
1376 2656 1475 2716 videns
1490 2679 1497 2712 ε
1510 2670 1537 2715 et
1549 2658 1678 2719 Jeremias

107 2751 198 2817 τελοῦς
220 2752 267 2810 οὐκ
290 2749 403 2829 ἐτολμα,
419 2752 582 2833 προθεσμίαν
596 2751 683 2825 ἐζήτει
696 2752 882 2832 λέγωνςἜως
930 2753 1057 2813 dicebat:
1069 2753 1163 2813 Sinite
1178 2771 1237 2822 nte,
1253 2749 1454 2836 amoreflebo.
1468 2747 1587 2808 Antehac
1600 2770 1675 2830 rem,
1687 2764 1746 2812 teat.
1757 2778 1795 2810 ιε.
1805 2766 1830 2824 η.

108 2840 186 2915 πότε,
195 2841 290 2924 Κύριε;
305 2842 475 2924 φιλόστοργον
487 2844 538 2926 γὰρ
550 2845 621 2904 ἅπαν
634 2844 664 2904 τὸ
678 2848 730 2905 τῶν
742 2845 826 2925 ἁγίων
839 2844 882 2925 pt·
934 2866 995 2905 cum
1007 2866 1059 2927 pro
1069 2842 1147 2907 venia
1157 2842 1288 2903 scelerum
1300 2840 1420 2921 ipsorum
1432 2839 1600 2922 impetranda
1613 2864 1678 2924 pre·

95 2948 159 3002 νος.
183 2927 231 2995 ’Διὸ
247 2935 293 2995 καί
317 2939 330 2994 θ
355 2939 462 3004 Παῦλος
488 2936 588 3016 ἔλεγεν·
602 2937 764 2998 Ἐνδύσασθε
778 2932 832 3012 οῦν,
846 2941 882 3006 ῶς
933 2938 990 2998 cari
1000 2958 1053 2998 non
1067 2936 1186 3011 auderet,
1200 2932 1347 2993 terminum
1358 2932 1494 3010 querebat
1506 2931 1607 3010 dicens,
1624 2936 1678 2995 Us·
1688 2937 1779 2985 tetdo.
1793 2952 1829 2984 ¹1·

108 3027 226 3087 ἐκλεκτοί
240 3030 311 3088 Θεοῦ
335 3029 418 3108 ἅγιοι,
443 3029 585 3111 σπλάγχνα
598 3033 751 3113 οἰκτιρμῶν,
766 3030 882 3114 χρηστύ·
933 3050 1059 3114 queque,
1071 3027 1382 3091 Dominei'sanctorum
1393 3025 1495 3107 quippe
1504 3045 1587 3105 genus
1599 3047 1678 3088 omne

107 3140 190 3192 τητα,
205 3119 458 3201 ταπεινοφροσύνην.
932 3145 1023 3184 amore
1035 3119 1156 3206 proximi
1166 3132 1281 3180 tenetur.
1293 3117 1400 3178 idcirco
1409 3131 1436 3177 et
1444 3117 1546 3177 Paulus
1556 3117 1676 3179 dicebat:

932 3216 1096 3298 Indoimini
1114 3232 1194 3295 ergo,
1213 3211 1341 3271 utelecti
1354 3212 1412 3269 Dei
1431 3213 1538 3283 sancti,
1559 3214 1677 3273 viscera
1691 3213 1775 3265 &el-3·
1790 3230 1826 3262 ¹²·

931 3308 1147 3381 misericordie,
1160 3306 1346 3385 probitatem,
1363 3303 1571 3364 bumilitatem.
1652 3310 1657 3316 “
1761 3309 1763 3312 ’

147 3407 230 3489 Ὁρᾷς
240 3408 287 3481 τὴν
299 3410 436 3490 ἀκρίδων
447 3419 494 3473 iob
508 3413 640 3493 ῥήματος,
657 3415 703 3475 καὶ
718 3419 775 3484 πῶς
794 3418 879 3489 supe.
971 3409 1000 3472 9.
1011 3405 1113 3473 Viden'
1127 3405 1204 3469 verbi
1218 3403 1426 3480 accurationem,
1442 3416 1468 3462 et
1481 3405 1616 3484 quomodo
1628 3424 1676 3467 nos
1722 3431 1728 3439 ·

106 3504 161 3568 κῶς
181 3500 324 3581 ἐλεήμονας
337 3507 409 3582 ἡμᾶς
427 3503 549 3583 βούλεται
563 3497 643 3581 sinam
661 3510 702 3567 Οὐ
724 3506 776 3590 γὰρ
798 3499 882 3585 εἶπεν,
932 3515 1061 3588 perpeltIO
1081 3497 1265 3561 misericordes
1277 3518 1334 3557 esse
1349 3496 1427 3556 vult?
1442 3498 1502 3556 Non
1515 3497 1587 3559 dlxll
1603 3499 1677 3561 enim

108 3593 234 3666 ἐλεήσατε
246 3597 350 3669 ἁπλῶς,
360 3597 598 3669 ἀλλ’,Ἔνδύσασθε
607 3600 667 3660 ·ίνα
675 3599 766 3685 ῶσπερ
775 3601 805 3661 τὸ
819 3603 880 3682 ίμιί-
932 3609 1049 3673 tantum,
1058 3589 1237 3668 Miseremini,
1248 3586 1309 3666 sed,
1318 3588 1481 3648 Induimini
1488 3632 1497 3666 ,
1508 3603 1539 3649 nt
1552 3589 1622 3650 sicut
1634 3590 1677 3651 in-

105 3709 161 3744 τιον
173 3685 214 3746 del
226 3689 283 3765 μεθ’
297 3692 375 3765 ἡμῶν
386 3691 469 3763 ἔστιν,
481 3689 550 3751 οὕτω
560 3692 628 3765 καὶὴ
642 3694 815 3773 ἐλεημοσύνη.
827 3696 881 3756 Kal
931 3688 1092 3749 dumentum
1108 3684 1247 3746 nobiscnm
1262 3702 1366 3762 semper
1378 3694 1428 3754 est,
1439 3681 1474 3740 ita
1486 3695 1513 3740 et
1526 3681 1677 3742 misericor·

107 3783 154 3839 οῦκ
178 3772 250 3840 εἶπεν
281 3783 372 3849 ἅπλῶς
398 3785 590 3863 ἐλεημοσύνην,
616 3786 703 3860 ἀλλὰ,
731 3788 880 3873 Στιλάγχοα
897 3811 917 3857 γ)
932 3781 978 3842 dia
990 3781 1034 3840 sit.
1049 3779 1106 3838 Nec
1123 3773 1281 3856 simpliciter
1290 3771 1379 3848 dixit,
1392 3771 1618 3848 Misericordiam,
1629 3772 1676 3832 sed

106 3875 286 3954 θοῖκτιρμῶν,
305 3872 347 3932 ἵνα
362 3875 473 3949 φυσικήν
487 3875 666 3956 μιμησώμεθα
685 3879 879 3961 φιλοστοργίαν,
934 3876 1054 3934 Wscera
1067 3868 1281 3938 misericordiae,
1288 3877 1320 3925 ut
1331 3864 1480 3923 naturalem
1491 3864 1628 3924 imitemur
1636 3863 1676 3923 di·

101 3963 177 4023 ,Ἀλλ’
192 3970 268 4042 ἡμεῖς
282 3965 408 4026 τάναντία
424 3974 564 4045 ποιοῦμεν·
579 3969 628 4027 κᾶν
640 3969 773 4050 προσέλθῃ
785 3996 824 4039 τις
837 3975 880 4032 αῖ-
931 3963 1082 4026 lectionem.
1095 3964 1202 4024 Verum
1221 3979 1271 4017 nos
1292 3954 1425 4016 contraria
1439 3956 1551 4016 facimus
1562 3957 1599 4016 :si
1615 3956 1675 4036 quis

107 4059 160 4114 τῶν
185 4056 275 4116 etates
295 4056 356 4132 ἕνα,
372 4058 522 4139 ύύρίζομεν,
537 4053 715 4142 λοιδοροῦμεν,
731 4060 879 4137 1’ἐπιθέι-ιγιι
933 4056 1043 4118 obolum
1055 4053 1188 4136 petiturus
1200 4049 1319 4126 accedat,
1330 4047 1500 4108 contumeliis
1511 4062 1536 4109 et
1546 4049 1675 4108 conviciis

107 4152 247 4227 καλοῦμεν.
260 4154 301 4210 Οὐ
313 4150 441 4232 ρρίττεις,
454 4152 589 4234 ἄνθρωπε,
605 4157 651 4211 οὐκ
671 4155 804 4236 ἐρυθριᾷς,
816 4157 878 4216 ἐπι.
930 4169 1086 4221 oneramus,
1097 4162 1280 4226 aggressorem
1300 4161 1437 4202 vocamus.
1448 4141 1509 4200 Non
1528 4140 1671 4213 horrescis,
1698 4145 1827 4207 Ειειιυωγ.

107 4238 184 4313 θέπην
199 4239 264 4322 ὑπὲρ
280 4241 360 4321 ἄρτου
372 4245 477 4316 καλῶν;
493 4245 526 4303 El
541 4242 568 4304 δὲ
582 4245 627 4304 καί
639 4244 754 4305 ἐπίθεσιν
768 4250 782 4304 ὁ
795 4254 878 4308 τοιοῦ-
930 4234 1059 4320 οίιοωο,
1083 4259 1135 4298 non
1158 4235 1308 4310 erubescis,
1330 4231 1398 4291 dum
1416 4252 1599 4313 alilimwreffl
1621 4253 1672 4314 ΡΝ
1682 4223 1826 4315 inientsiiii·

106 4357 150 4401 τος
161 4341 246 4407 ποιεῖ,
261 4333 304 4392 διὰ
319 4341 394 4394 τοῦτο
408 4333 453 4394 καί
467 4338 594 4396 ἐλεεῖσθαι
619 4336 732 4414 δίκαιος,
744 4335 784 4398 ὅτι
795 4339 877 4410 οὕτως
929 4329 1122 4397 emendicando
1132 4349 1200 4411 pane
1211 4325 1311 4388 θθῦἃδί
1325 4323 1406 4398 Q¹¹⁰d
1422 4325 1446 4383 ⁵l
1464 4324 1510 4383 hle
1523 4327 1673 4407 θίζίζίθδδίθ·

105 4425 158 4485 ὑπὸ
178 4427 257 4504 λιμοῦ
283 4428 400 4495 πιέζεται
421 4432 457 4495 ὡς
478 4435 594 4489 τοιοῦτον
614 4432 741 4490 ὑποδῦναι
769 4457 877 4512 προεω-
930 4449 992 4489 nem
1004 4423 1155 4501 saciat,bac
1167 4432 1237 4479 certe
1250 4416 1373 4477 decausa
1383 4416 1674 4500 misericordiadignus

104 4526 188 4577 πεῑον.
203 4519 260 4580 Καί
273 4525 350 4578 τοῦτο
363 4524 411 4591 τῆς
430 4521 560 4604 ἡμετέρας
582 4521 719 4601 ὠμότητος
745 4523 876 4604 ἔγκλημα.
929 4534 981 4595 est,
993 4517 1057 4599 quia
1068 4512 1213 4575 sicasame
1225 4509 1369 4592 premitur,
1387 4521 1418 4567 ut
1430 4508 1511 4568 talem
1530 4531 1673 4591 personam

104 4609 216 4684 Ἐπειδὴ
231 4612 282 4692 γὰρ
295 4613 407 4682 εῦκολως
415 4615 542 4696 παρέχειν
550 4616 598 4674 οὐκ
608 4600 770 4696 ἀνεχόμεθα,
781 4619 877 4699 μυρίας
929 4623 1057 4674 assumat.
1071 4607 1120 4668 Est
1131 4620 1158 4666 et
1169 4604 1222 4663 boc
1237 4602 1443 4662 inhumanitatis
1452 4616 1550 4661 nostrae
1562 4603 1671 4661 crimen.

103 4703 297 4782 ἀναγκάζονται
310 4707 422 4766 ἐπινοεῖν
437 4705 573 4789 μηχανὰς,
587 4706 656 4769 ὥστε
674 4711 751 4786 ήμῶν
767 4710 877 4791 σορίσα-
931 4707 1003 4784 Quia
1023 4701 1096 4764 enim
1114 4719 1167 4760 non
1182 4696 1260 4761 facile
1273 4717 1423 4776 erogamus,
1437 4693 1512 4754 mille
1521 4695 1673 4776 excogitare

139 4888 151 4916 ⁸
170 4889 216 4954 [A.
229 4901 254 4939 et
265 4908 344 4960 marg.
356 4892 433 4944 Savil⁴
447 4902 525 4948 εἴκοσιν
537 4901 613 4966 θριξῆς
624 4898 732 4968 ἡμέρας]
913 4912 1033 4968 pauperes
1043 4899 1144 4948 ίπιθίται
1153 4899 1240 4954 erant,
1253 4886 1296 4954 qui
1304 4885 1350 4935 sub
1359 4885 1479 4934 ementita
1491 4879 1673 4948 speciepnnem

138 4981 149 5005 ²
166 4964 213 5035 [A.
228 4969 368 5040 θίκτφμθῦι]
914 4977 953 5029 ναί
965 4975 1097 5043 pecuniam
1107 4965 1311 5029 emendicabant,
1319 4979 1382 5030 quoa
1393 4977 1445 5012 non
1454 4959 1611 5026 repellendos
1621 4977 1674 5013 eoae

141 5048 154 5085 δ
171 5054 274 5108 ἐπιθιτης
292 5048 317 5098 in
333 5049 428 5101 Glossia
446 5049 540 5101 dicitur
559 5053 686 5119 impostor,
696 5052 863 5105 stellionutor.
915 5058 951 5106 alt
965 5055 993 5107 S.
1005 5044 1258 5114 <incontinentem
1276 5042 1355 5093 utitur
1368 5056 1429 5091 V0⁰⁰
1445 5039 1564 5092 Πθωίίὶῑῧ
1575 5042 1673 5108 ίΰΕΡῙ·

105 5124 203 5177 Eodem
216 5125 257 5178 hic
275 5146 347 5180 sensu
360 5147 409 5182 vox
421 5129 474 5182 hnc
487 5130 646 5199 intelligenda
664 5144 711 5185 est.
724 5136 812 5200 ltaque
830 5132 866 5184 itti
916 5133 1008 5186 stolam
1019 5128 1053 5183 ud
1065 5126 1192 5181 Hebroeoe.

1506 5185 1553 5247 ίῦ.
