3728 5978
307 409 379 500 344
645 437 674 482 s.
701 433 841 483 ιοιιιιιιε
867 433 1048 482 σιιιιιεοετ.
1078 435 1235 485 unctum.
1264 436 1533 486 constantinop,

306 576 385 630 nem3
398 576 461 614 vete
469 556 539 614 enim
549 554 607 615 hac
617 556 662 616 via
671 570 710 616 est
724 578 784 635 quie
797 555 874 616 ducit
884 554 919 614 ad
933 576 1046 636 regnum
1100 562 1153 618 τῶν
1174 543 1301 642 οὐρανῶν.
1311 559 1358 620 Ἐν
1373 563 1406 640 τῇ
1422 561 1521 640 σχολῇ,
1543 557 1624 639 ρησλ,
1647 554 1786 636 Τυράννου
1807 579 1832 614 τι
1859 594 1864 605 «

306 647 443 707 celorum.
457 651 496 706 In
508 649 620 726 εσίιοίσ,
632 648 732 726 inquit,
746 650 883 724 Tyranni
892 649 1047 729 eujusdam
1101 649 1240 729 διελέγετο.
1254 651 1308 711 Καὶ
1321 657 1398 712 τοῦτο
1411 651 1515 729 ἐγένετο
1527 648 1571 710 ἐπὶ
1582 648 1629 720 ἐτη
1645 647 1706 721 δύο,
1727 645 1797 706 dete
1809 647 1859 706 πάν

306 741 484 820 disputabat.
492 742 531 798 Et
538 743 593 803 Ιιοσ
595 742 717 821 suetum
725 752 768 800 est
775 760 828 820 per
836 742 994 814 biennium,
1004 743 1048 798 ita
1102 764 1149 808 τας
1163 745 1273 802 ἐνοῦσαι
1294 741 1339 801 τδν
1358 743 1435 822 λόγον
1454 739 1596 808 Ἰουδαίους
1617 762 1647 799 τε
1669 737 1718 798 καί
1730 735 1864 811 Ἕλλην

306 848 339 894 ιιι
354 853 454 893 omnes
466 836 601 893 audirent
610 838 773 894 sennanim
783 847 844 893 tam
850 835 949 894 Judaei
958 854 1048 916 quam
1102 831 1185 912 Ὁρᾷς
1198 834 1279 894 πόσον
1292 834 1386 907 ἤνυσεν
1405 838 1421 906 ἡ
1443 831 1587 894 ἐπιστασία
1597 853 1610 901 ;,
1620 830 1675 890 Καὶ
1688 828 1815 890 Ἰουδαῖοι
1829 853 1862 890 κα

308 927 414 986 Graeci.
429 923 515 988 Vides
521 938 653 1004 qttnotum
662 925 764 1005 profuit
774 923 881 984 assidue
891 925 1049 1004 urgemiEt
1066 936 1084 983 Ε
1102 922 1233 998 Ἕλληνες
1243 924 1347 997 ἤκουον.
1359 925 1489 1004 Δυνάμεις
1502 947 1532 984 τε
1543 927 1573 984 ού
1586 922 1633 990 τὰς
1645 920 1780 1002 τυχούσας
1793 922 1860 981 ineis

305 1016 394 1078 tudaei
407 1032 433 1077 et
448 1017 537 1078 Graeci
554 1015 710 1077 audiebant.
726 1020 773 1076 11.
790 1018 975 1097 Viatutesque
988 1038 1049 1076 non
1102 1017 1195 1085 ύΘεδς
1208 1017 1252 1077 διδ
1264 1022 1316 1077 τῶν
1328 1021 1425 1101 χειρῶν
1445 1016 1572 1086 Παύλου,
1593 1013 1663 1073 ὥστε
1685 1011 1732 1072 καὶ
1754 1011 1800 1071 ἐπὶ
1838 1046 1862 1062 ιἸ

305 1110 677 1192 quaslibetsaeiebatDeus
684 1130 738 1191 per
747 1109 1049 1181 manusPaattaum
1103 1110 1275 1176 ἀσθενοῦντας
1289 1109 1459 1192 ἐπιφέρεσθαι
1474 1109 1586 1170 ἀπὸτοῦ
1600 1105 1705 1188 χρωτδς
1718 1107 1800 1164 αὐτοῦ
1819 1139 1839 1155 ··

304 1204 394 1260 etiam
413 1222 499 1282 super
514 1202 669 1282 languidm
686 1202 872 1284 deferrentur
887 1201 1049 1281 decerpere
1101 1199 1211 1282 δάριαῆ
1228 1201 1388 1281 σιμικίνθια,
1410 1203 1457 1264 καί
1480 1200 1697 1262 ἀπαλλάσσεσθαι
1718 1198 1766 1257 ἀπ’
1795 1199 1857 1244 1'“

305 1294 739 1373 ejussudarimetsemieinetia,
748 1292 949 1351 etreeederent
958 1293 997 1350 ab
1006 1296 1049 1352 eis
1101 1292 1149 1362 τδις
1162 1293 1271 1369 νόσους,
1286 1295 1321 1355 τά
1339 1319 1367 1354 τε
1387 1293 1526 1373 πνεύματα
1546 1291 1581 1352 τδι
1600 1289 1704 1373 πονηρὰ
1720 1288 1824 1371 iiim
1838 1306 1864 1340 ιιι

305 1385 477 1464 languores,
494 1398 523 1444 et
537 1389 656 1464 spiritus
672 1405 798 1465 nequam
817 1387 930 1444 exirent
943 1386 1045 1443 abeis.
1102 1389 1148 1445 ἀπ’
1165 1389 1260 1447 αὐτῶν.
1275 1388 1346 1468 Οὐχὶ
1360 1392 1497 1469 φοροῦντες
1508 1385 1625 1458 ἥπτοντο
1639 1382 1728 1461 μόνον,
1745 1380 1818 1441 ἀλλά
1830 1405 1863 1440 ιια

304 1478 364 1536 Non
387 1478 531 1557 tangebant
551 1477 639 1537 solum
662 1478 791 1554 terentes,
815 1475 862 1535 sod
888 1477 1049 1557 aocipientee
1100 1477 1280 1555 λαμύάνοντες
1293 1480 1453 1539 initimum.
1464 1476 1517 1537 Διδ
1526 1483 1603 1538 τοῦτο
1616 1477 1664 1536 οὐκ
1677 1474 1825 1553 ιίαθΧρι
1852 1510 1858 1522 1

304 1571 488 1652 imponebant.
507 1571 573 1631 ldeo
587 1591 639 1630 non
654 1571 719 1630 sivit
735 1570 861 1630 Christus
874 1568 954 1629 illum
970 1571 1010 1630 ire
1019 1570 1048 1631 in
1102 1572 1224 1629 ἀπελθεῖν
1236 1570 1314 1630 αὐτὸν
1326 1574 1361 1640 εἰς
1372 1570 1421 1644 τὴν
1432 1569 1531 1644 Ἀσίαν,
1542 1572 1631 1649 τηρῶν
1646 1571 1739 1628 τοῦτον
1758 1565 1806 1625 etv
1817 1588 1861 1624 και

304 1662 575 1743 Δσίσιιι,ίιοοιαπιριιι
583 1664 737 1738 observans,
744 1676 774 1721 ut
782 1683 831 1743 ego
838 1676 913 1743 puto.
922 1652 969 1725 15ss
979 1666 1049 1724 Ten·
1103 1661 1156 1741 ρδν,
1169 1666 1205 1730 ῶς
1216 1663 1297 1742 ἔγωγε
1312 1654 1395 1742 οἶμαι.
1410 1661 1608 1743 Ἐπεχείρησαν
1617 1658 1665 1718 δδέ
1674 1680 1745 1726 τινες
1755 1655 1810 1716 ἀπὸ

305 1767 441 1814 taverunt
464 1768 564 1815 antem
586 1755 708 1836 quidam
732 1776 769 1814 ex
803 1759 1048 1816 circumeuntibus
1101 1755 1312 1836 περιερχομένων
1331 1754 1466 1815 Ἰουδαίων
1484 1753 1652 1835 ἐξορκιστῶν,
1670 1748 1811 1828 ὀνομάζειν
1854 1786 1856 1794 ι

303 1847 418 1907 Juaoets
428 1851 579 1908 exorcistis
591 1851 728 1908 invocare
734 1867 823 1928 super
829 1868 887 1924 eos,
898 1853 952 1930 qui
960 1850 1049 1909 itabe-
1057 1843 1159 1934 809τοθς
1172 1846 1279 1927 iporeae
1293 1847 1327 1906 τὰ
1340 1846 1479 1924 πνεύματα
1502 1845 1537 1905 τὰ
1556 1842 1660 1926 πονηρδ
1676 1841 1708 1900 τδ
1723 1842 1811 1920 ὄνομα
1849 1872 1854 1888 ι

305 1943 378 1999 bant
393 1944 512 2021 spiritus
531 1940 635 2018 malos,
657 1961 763 2000 nomen
770 1942 891 1999 Domini
898 1941 980 2014 Jesu,
997 1943 1046 2000 ιθ·-
1066 1951 1086 1996 t
1101 1936 1199 2020 Κυρίου
1211 1940 1314 2012 Ἰησοῦ,
1328 1938 1462 2019 λέγοντες·
1474 1938 1611 2020 θρκίζομεν
1622 1939 1692 2015 ὑμᾶς
1701 1934 1749 1994 τὸν
1761 1936 1814 2005 Ἰη
1826 1940 1851 1982 :⁴

302 2034 611 2114 centeseddjuramus
620 2054 675 2093 uos
687 2055 740 2115 per
752 2035 865 2105 Jesum,
878 2036 1048 2116 quemPau·
1099 2028 1128 2089 δν
1139 2033 1245 2098 Παῦλος
1258 2030 1392 2112 κηρύσσει.
1411 2030 1491 2090 Οθτω
1510 2029 1600 2089 πάντα
1617 2025 1720 2088 ἐποίουν
1743 2049 1858 2106 πραγμα

302 2125 350 2184 lus
365 2126 516 2204 praedicat.
536 2126 578 2184 lta
598 2125 688 2185 omnia
707 2125 840 2185 iaciebant
865 2124 935 2184 lueri
956 2146 1046 2186 causa.
1098 2121 1170 2190 τείας
1185 2121 1282 2182 ένεκεν.
1295 2121 1386 2203 'Opes
1397 2128 1538 2185 atentiam
1552 2120 1599 2200 μέν
1610 2121 1660 2181 σθκ
1672 2117 1778 2194 ἤθελον,
1789 2117 1834 2178 ott
1850 2151 1857 2165 ι

301 2215 391 2277 Vide:
402 2217 510 2277 credere
522 2215 632 2294 quidem
645 2217 789 2290 nolebant,
803 2216 850 2275 sed
863 2239 911 2298 per
924 2217 976 2276 hoc
999 2238 1045 2277 uo·
1099 2219 1144 2274 τοῦ
1159 2214 1286 2294 ὀνόματος
1299 2215 1391 2287 ἤθελον
1400 2215 1538 2275 ἐκύάλλειν
1551 2212 1612 2279 τοῦς
1624 2210 1764 2291 δαίμονας.
1777 2208 1855 2269 baie

300 2329 361 2366 men
380 2306 505 2368 volebant
532 2308 627 2388 ejicere
650 2307 896 2389 daemonia.Papae,
914 2322 1047 2386 quantum
1098 2305 1129 2366 τδ
1139 2306 1222 2385 ὄνομα
1241 2313 1286 2367 τοῦ
1302 2307 1410 2368 Παύλου
1425 2307 1505 2368 πόσον
1523 2297 1565 2378 ἢν.
1581 2294 1671 2364 Ἦσαν
1681 2303 1710 2362 δέ
1733 2324 1804 2369 τινες
1823 2305 1850 2359 οἱ

301 2413 358 2459 erat
368 2421 464 2459 nomen
471 2400 550 2459 Pauli
563 2400 570 2461 i
581 2402 628 2459 tt.
641 2403 739 2459 Erant
751 2413 850 2460 autem
860 2402 981 2480 quidam
992 2405 1046 2463 Ju·
1099 2400 1189 2458 Σκευᾶ
1204 2399 1331 2460 Ἰουδαίου
1345 2398 1489 2481 ἀρχιερέας
1502 2397 1571 2458 emt
1586 2399 1611 2456 ei
1628 2399 1708 2454 τοῦτο
1726 2400 1861 2460 ποιοῦντες

301 2494 359 2550 dai
370 2494 476 2564 Saeva,
489 2496 630 2574 principis
644 2494 838 2562 sacerdotum,
856 2505 963 2573 septem
973 2495 1043 2574 filii,
1099 2490 1250 2571 Ἀπσκριθέν
1272 2491 1300 2551 δὲ
1317 2493 1349 2552 τδ
1365 2499 1470 2569 πνεῦμα
1483 2489 1514 2550 ab
1526 2489 1651 2567 πονηρδν,
1672 2476 1748 2546 εἶπεν
1758 2481 1855 2551 ἀὐτοῖς

301 2588 354 2666 qui
366 2586 421 2643 boe
423 2583 842 2666 jaciebant.15.Respondens
853 2596 951 2643 autem
962 2590 1046 2665 spiri-
1099 2580 1143 2641 τὸν
1164 2582 1266 2655 Ἰησοῦν
1287 2582 1424 2662 γινώσκω,
1445 2582 1490 2641 καί
1510 2581 1554 2640 τὸν
1580 2581 1687 2640 Παῦλον
1709 2576 1858 2654 ἐπίσταμαι

301 2689 347 2735 tus
366 2696 508 2756 nequam,
523 2676 599 2734 dixit
616 2679 657 2734 eis
670 2698 679 2731 :
694 2676 796 2734 Jesum
815 2679 900 2747 novi,
918 2688 947 2734 et
960 2679 1045 2736 Pau·
1099 2677 1173 2751 ὑμεῖς
1195 2673 1222 2733 δέ
1241 2674 1308 2742 τίνες
1322 2675 1396 2747 ἐστέ;
1415 2675 1468 2734 Καὶ
1490 2671 1665 2755 ἐραλλύμενος
1686 2673 1730 2729 ἐπ’
1753 2669 1864 2738 αύτούς

301 2767 362 2825 ium
372 2771 432 2826 scio
440 2791 452 2836 ,·
463 2787 519 2825 aas
530 2779 627 2825 autem
639 2769 692 2846 qui
699 2770 768 2825 estis
779 2771 792 2822 Ρ
804 2768 851 2825 16.
861 2768 901 2824 Et
910 2767 1046 2828 insiliens
1100 2765 1249 2845 ἄνθρωπος,
1269 2770 1296 2826 ἐν
1325 2758 1348 2847 ᾧ
1367 2757 1400 2838 ἦν
1420 2766 1451 2825 τδ
1464 2769 1568 2842 πνεῦμα
1582 2763 1614 2823 τδ
1624 2759 1752 2840 πονηρὸν,
1767 2760 1813 2819 καί
1824 2784 1858 2819 κα

300 2862 333 2916 in
344 2860 496 2930 eosbomo,
509 2861 541 2916 in
552 2878 609 2937 quo
620 2871 683 2916 enat
703 2859 879 2917 daemonium
888 2862 1048 2938 pessimum
1099 2865 1271 2939 τακυριεῦσαν
1283 2862 1378 2932 αὐτῶν,
1389 2858 1482 2938 ἴσχυσε
1495 2860 1554 2915 κατ’
1567 2857 1666 2928 αὐτῶν,
1676 2852 1748 2913 ὥστε
1760 2853 1860 2932 γυμνοῦ

301 2964 329 3010 et
338 2952 507 3011 dominatus
518 2971 626 3028 eorum,
638 2952 771 3011 invaluit
781 2966 885 3012 eontra
894 2974 952 3025 eos,
962 2957 1007 3013 ita
1016 2968 1048 3014 ut
1064 2967 1083 3014 B
1100 2948 1146 3008 καί
1155 2949 1427 3029 τετραυματισμένους
1437 2951 1558 3029 ἐκφυγεῖν
1569 2951 1600 3007 έκ
1615 2950 1662 3006 ταῦ
1675 2946 1750 3006 οἴκου
1764 2944 1821 3004 ἐκεί
1840 2978 1845 2993 ι

303 3044 412 3103 audiet
421 3046 514 3102 saucii
527 3044 839 3124 effugerentdedomo
850 3045 915 3103 illa.
929 3046 1048 3105 tntae
1099 3044 1185 3101 Τοῦτο
1201 3040 1228 3101 δέ
1249 3042 1352 3121 ἐγένετο
1372 3041 1489 3120 γνωστὸν
1510 3049 1592 3100 πᾶσιν
1612 3038 1754 3105 ’Ἰουδαίοις
1774 3061 1805 3098 τε
1828 3061 1863 3095 κα

302 3146 399 3194 σιτίσαι
418 3147 517 3192 notum
517 3136 639 3214 sactum
649 3148 692 3195 est
703 3137 816 3195 Juaaets
829 3149 918 3215 atque
926 3138 1047 3216 gentiii—
1098 3132 1215 3207 Ἕλλησι
1230 3142 1284 3202 τοῖς
1294 3141 1445 3195 κατοικοῦσι
1458 3133 1506 3205 τλν
1520 3133 1646 3214 Ἔρεσον.
1656 3135 1764 3192 Οὐκοῦν
1777 3132 1861 3190 λανθα

240 3226 242 3230 ’
303 3231 373 3301 bus,
387 3230 438 3308 qui
452 3229 630 3285 babitabant
643 3229 763 3307 Ephesi.
780 3227 954 3308 igituruium
968 3229 1048 3288 faeie·
1098 3223 1195 3291 νόντως
1208 3224 1321 3298 ἐποίουν,
1334 3217 1390 3284 εἶτα
1404 3224 1598 3304 ἐκπομπεύεται
1613 3226 1729 3295 αὐτῶνή
1743 3221 1863 3282 σἰσθένεισ

301 3319 385 3395 bunt,
400 3317 498 3378 deinde
511 3316 653 3397 divulgata
666 3329 705 3378 est
720 3317 829 3377 illorum
843 3317 995 3380 infirmitas.
1006 3325 1048 3380 Et
1100 3316 1154 3377 Καὶ
1166 3317 1278 3378 ἐπέπεσε
1294 3319 1373 3399 ρόύος
1388 3319 1435 3377 έπλ
1443 3319 1544 3386 πάντας
1558 3314 1664 3389 αὐτοῦς,
1678 3315 1727 3376 καὶ
1740 3314 1856 3393 ἐμεγαλύ

302 3413 405 3470 cecidit
418 3416 506 3470 timor
518 3432 603 3490 super
613 3431 712 3468 omnes
723 3411 792 3470 iilos
800 3456 809 3487 ,
823 3424 851 3470 et
870 3414 1046 3495 magmfiea-
1099 3433 1158 3468 νετο
1173 3410 1203 3469 τὸ
1217 3411 1301 3490 ὄνομα
1315 3419 1361 3471 τοῦ
1377 3410 1473 3491 Κυρίου
1485 3409 1590 3482 Ἰησοῦ,
1605 3407 1702 3468 πολλοί
1715 3429 1747 3466 τε
1757 3409 1811 3467 τῶν
1826 3429 1860 3464 πε

304 3506 392 3562 batur
404 3520 510 3562 nomen
520 3504 642 3561 Domini
655 3503 738 3562 Jesu.
755 3501 803 3562 18.
817 3505 965 3585 Multique
983 3526 1046 3566 ere·
1098 3502 1275 3562 πιστευιιύτων
1294 3503 1408 3584 ἤρχοντο
1427 3499 1658 3580 ἐξομολογούμενοι
1680 3496 1728 3557 καί
1742 3497 1858 3577 άναγγέλ

303 3594 435 3655 dentium
443 3597 611 3667 ueniebant,
620 3594 791 3670 confitentes
801 3601 1049 3656 etannuntiantes
1099 3594 1186 3661 λονιες
1194 3593 1242 3663 τὰς
1249 3594 1357 3674 πράξεις
1366 3597 1461 3654 αὐτῶν.
1472 3590 1583 3664 Ἐπειδὴ
1592 3589 1645 3671 γάρ
1651 3588 1786 3661 τοσαύτην
1799 3588 1857 3668 ἐσμδ

304 3701 389 3748 aetas
398 3708 475 3747 suos.
492 3686 677 3758 Quaenam
690 3675 1005 3767 potestatemhabebant,
1018 3705 1050 3750 ut
1099 3683 1186 3766 ἔσχον,
1205 3685 1274 3745 ὥστε
1289 3686 1333 3744 διὰ
1345 3691 1398 3745 τῶν
1413 3685 1553 3764 δαιμονίων
1571 3689 1681 3743 τοιαῦτα
1694 3691 1792 3753 ποιεῖν,
1807 3680 1861 3740 εθι’

304 3800 352 3859 per
378 3778 512 3839 demonia
538 3776 604 3836 talia
627 3776 754 3851 facerent,
779 3779 873 3839 merito
892 3779 950 3839 baec
969 3781 1048 3841 fiunt.
1098 3800 1149 3844 τως
1161 3782 1245 3837 ταῦτα
1262 3777 1373 3857 γίνεται.
1389 3776 1487 3838 Ἱκανοί
1502 3800 1531 3835 τε
1546 3780 1599 3836 τῶν
1612 3774 1647 3834 τδι
1659 3773 1790 3855 περίεργα
1805 3795 1859 3853 πρε

306 3872 355 3930 tt).
368 3870 460 3929 Multi
475 3882 575 3929 autem
594 3889 632 3926 ee·
648 3872 695 3941 iis,
719 3873 771 3950 qui
787 3871 910 3951 fuerant
932 3876 1049 3931 curiosa
1099 3867 1198 3936 ξάντων
1210 3869 1465 3950 constipationem&
1477 3869 1595 3949 βίύλους,
1607 3864 1750 3926 κατέκαιον
1762 3863 1858 3926 ἐνύτιο

304 3968 423 4037 sectati,
440 3961 626 4023 contulerunt
648 3963 738 4022 libros
746 4007 757 4037 ,
775 3975 803 4021 et
827 3967 1046 4024 combusserunt
1099 3960 1215 4036 πάντων,
1226 3963 1271 4021 καλ
1281 3961 1462 4043 συνεψήφισαν
1475 3961 1521 4030 τὰς
1531 3960 1611 4038 τιμὰς
1626 3960 1724 4032 αὐτῶν,
1739 3956 1787 4017 καί
1799 3947 1854 4015 eiu

303 4076 404 4115 eoram
413 4057 547 4114 omnibus
559 4078 568 4110 .·
579 4064 608 4113 et
617 4058 792 4134 computatis
803 4060 901 4136 pretiis
914 4057 1044 4130 illorum,
1064 4063 1084 4111 C
1099 4054 1225 4136 ἀργυρίου
1235 4055 1364 4137 μυριάδας
1376 4055 1463 4114 πέντε.
1481 4052 1562 4114 Οθτω
1575 4049 1644 4112 κατὰ
1656 4049 1756 4132 κράτος
1769 4053 1784 4108 θ
1797 4051 1825 4108 λ
1851 4081 1856 4097 ι

303 4151 478 4206 invenerunt
501 4150 656 4226 pecuniam
686 4148 873 4206 denariorum
899 4153 1045 4230 quinqua·
1098 4153 1145 4205 τοῦ
1162 4146 1259 4229 Κυρίου
1273 4145 1369 4220 ηὔξανε
1379 4146 1424 4206 καλ
1434 4147 1533 4226 ίσχυεν.
1549 4140 1728 4216 Ἰδόντες,ύτι
1739 4141 1857 4201 ούδέναθ

302 4241 386 4318 ginta
395 4240 1046 4321 millium.20.Itasortitererescebataerbum
1098 4242 1150 4296 τῶν
1163 4237 1254 4318 ὄφελος
1263 4239 1354 4299 λοιπὸν
1369 4230 1411 4311 ἦν,
1430 4234 1623 4297 ’κατακαίωσι
1636 4231 1685 4300 τὰς
1697 4232 1820 4312 βῖὅλῠθς·
1830 4231 1860 4293 ὅτ

303 4329 371 4403 Dei,
392 4342 421 4387 et
436 4329 676 4408 confirmabatur.
688 4330 818 4391 Videntes
839 4346 928 4391 autem
946 4354 981 4391 ex
1002 4333 1046 4392 his
1099 4330 1144 4389 καλ
1158 4329 1231 4389 αῦτολ
1247 4332 1270 4389 σί
1285 4330 1405 4409 δαίμονες
1424 4333 1509 4389 ταῦτα
1532 4333 1661 4386 ποιοῦσιν.
1683 4326 1745 4384 Οὐκ
1770 4324 1825 4406 άρα
1849 4358 1864 4380 ι

302 4417 430 4500 deinceps
447 4418 517 4477 nihil
535 4419 588 4477 sibi
603 4419 728 4478 utilitatis
743 4421 815 4493 iore,
834 4437 993 4483 exusserunt
1008 4424 1044 4483 ti-
1098 4422 1182 4500 ύνομά
1192 4446 1219 4481 τι
1233 4431 1320 4494 ποιεῖ,
1335 4423 1367 4482 δν
1382 4422 1419 4500 μὴ
1437 4419 1505 4499 μετὰ
1514 4418 1628 4486 πίστεως
1638 4415 1763 4496 λέγηται.
1776 4417 1860 4476 Καλῶ

301 4509 366 4569 bros
376 4533 384 4566 τ
395 4508 504 4588 quaudo
517 4509 569 4590 ipsi
584 4509 717 4569 demones
730 4507 782 4569 hoe
793 4512 904 4572 faciunt.
913 4516 972 4574 Non
982 4536 1045 4595 ergo
1099 4513 1151 4594 ἄρα
1169 4514 1268 4596 ἐλεγεν,
1283 4514 1318 4577 Ὁ
1330 4514 1460 4576 πιστεύων
1482 4517 1518 4581 εἰς
1540 4511 1606 4590 ἐμέ,
1625 4510 1734 4589 μείζονα
1751 4508 1858 4581 ποιήσει

302 4621 398 4661 nomen
408 4598 549 4681 quidpiam
559 4600 632 4674 facit,
642 4600 693 4659 uisi
705 4621 767 4660 cum
782 4601 836 4662 fide
846 4602 962 4669 dicatur.
975 4608 1045 4668 Bene
1097 4613 1174 4666 τοῦτο
1199 4607 1231 4666 τὸ
1253 4611 1304 4666 τῶν
1331 4611 1412 4667 σκιῶν
1432 4603 1618 4682 αἰνιττόμενος.
1642 4600 1716 4681 Ὅρα
1740 4604 1800 4668 πῶς
1821 4607 1861 4658 τθῑ

164 4729 218 4756 σοι.
269 4746 274 4757 ,
301 4693 488 4774 ergodieebat‚
496 4695 554 4772 Qui
562 4693 653 4752 eredit
663 4697 694 4751 in
702 4713 759 4770 me,
768 4699 882 4775 majora
889 4699 1046 4778 faciet,has
1097 4695 1187 4766 ύπλοις
1198 4703 1255 4757 καθ’
1269 4703 1368 4758 ἑαυτῶν
1385 4699 1539 4779 ἐχρήσαντο.
1556 4694 1608 4757 Καὶ
1623 4692 1770 4773 διελέγετο,
1784 4690 1851 4773 φησὶ

302 4785 412 4845 umbras
436 4784 586 4843 insinuans.
600 4782 672 4842 Vide
691 4785 826 4862 quomodo
849 4788 933 4847 armis
954 4804 1045 4849 contra
1098 4793 1169 4870 ἐντῇ
1187 4794 1272 4871 σχολῇ
1287 4791 1423 4874 Τυράννου
1436 4790 1504 4858 τινὸς
1526 4789 1571 4850 ἐπί
1589 4787 1635 4861 ἔτη
1659 4787 1715 4847 δύο.
1726 4785 1814 4846 Ἔνθα
1831 4809 1861 4842 πι

300 4879 400 4960 seipsos
412 4876 453 4937 usi
463 4890 533 4936 sunt.
544 4879 571 4934 E
574 4889 584 4934 t
594 4877 774 4955 disputabat,
786 4876 882 4957 inquit,
898 4884 931 4937 in
943 4883 1046 4940 subola
1098 4882 1156 4944 στοὶ
1168 4876 1247 4957 ἦσαν,
1259 4883 1304 4941 καλ
1315 4882 1414 4963 σφόδρα
1426 4881 1524 4941 πιστοί.
1534 4880 1627 4947 Οὕτως
1641 4876 1715 4938 οὐδὲν
1731 4876 1803 4957 μέγα
1813 4873 1856 4933 ένό

303 4972 436 5051 Tyranni
449 4969 601 5050 cujusdam
613 4990 666 5048 per
677 4989 772 5029 annos
787 4971 867 5030 ditos.
885 4971 941 5031 Ubi
952 4972 1044 5032 fideles
1099 4978 1173 5052 μιζον
1186 4974 1229 5033 τὸν
1247 4973 1358 5049 Ἰησοῦν,
1370 4973 1410 5033 δ’τι
1427 4974 1473 5033 καί
1487 4973 1530 5032 τδν
1546 4974 1652 5032 Παῦλον
1667 4967 1861 5050 προσετίθεσαν

332 5171 343 5207 b
361 5167 370 5233 [
385 5170 462 5231 ttae,
476 5171 500 5219 it
513 5191 567 5228 τινες
579 5177 623 5222 atri
636 5184 687 5232 τῶν,
703 5166 793 5221 desunt
804 5172 829 5221 in
840 5171 883 5235 D.]
1137 5190 1147 5214 a
1166 5183 1309 5228 aeramina:
1323 5184 1362 5233 τὰς
1373 5171 1541 5240 ,διίὶουςιίτισι
1554 5168 1579 5220 in
1589 5165 1752 5236 quibusdum.
