<?xml version="1.0" encoding="UTF-8"?>
<!DOCTYPE html PUBLIC "-//W3C//DTD XHTML 1.0 Transitional//EN"
    "http://www.w3.org/TR/xhtml1/DTD/xhtml1-transitional.dtd">
<html xmlns="http://www.w3.org/1999/xhtml" xml:lang="en" lang="en">
 <head>
  <title>
</title>
<meta http-equiv="Content-Type" content="text/html;charset=utf-8" />
  <meta name='ocr-system' content='tesseract 3.04.00' />
  <meta name='ocr-capabilities' content='ocr_page ocr_carea ocr_par ocr_line ocrx_word'/>
</head>
<body>
  <div class='ocr_page' id='page_1' title='image "./sanctipatrisnos01chrygoog/sanctipatrisnos01chrygoog_0201.png"; bbox 0 0 3728 5978; ppageno 0'>
   <div class='ocr_carea' id='block_1_1' title="bbox 2 2289 105 2582">
    <p class='ocr_par' dir='ltr' id='par_1_1' title="bbox 2 2289 105 2582">
     <span class='ocr_line' id='line_1_1' title="bbox 2 2289 104 2334; baseline 0.02 -3"><span class='ocrx_word' id='word_1_1' title='bbox 2 2305 13 2331; x_wconf 90' lang='grc' dir='ltr'>τ</span> <span class='ocrx_word' id='word_1_2' title='bbox 23 2289 104 2334; x_wconf 75' lang='lat' dir='ltr'>Paulus</span> 
     </span>
     <span class='ocr_line' id='line_1_2' title="bbox 7 2351 105 2396; baseline 0.031 -4"><span class='ocrx_word' id='word_1_3' title='bbox 7 2351 105 2396; x_wconf 75' lang='lat' dir='ltr'>rcuriui</span> 
     </span>
     <span class='ocr_line' id='line_1_3' title="bbox 4 2415 92 2458; baseline -0.011 0"><span class='ocrx_word' id='word_1_4' title='bbox 4 2433 7 2446; x_wconf 91' lang='lat'>·</span> <span class='ocrx_word' id='word_1_5' title='bbox 27 2415 92 2458; x_wconf 80' lang='lat' dir='ltr'>recti·</span> 
     </span>
     <span class='ocr_line' id='line_1_4' title="bbox 4 2490 104 2520; baseline -0.02 -9"><span class='ocrx_word' id='word_1_6' title='bbox 4 2499 7 2511; x_wconf 91' lang='grc' dir='ltr'>ι</span> <span class='ocrx_word' id='word_1_7' title='bbox 50 2490 104 2520; x_wconf 64' lang='grc' dir='ltr'>ωι-</span> 
     </span>
     <span class='ocr_line' id='line_1_5' title="bbox 12 2539 88 2582; baseline 0.013 -1"><span class='ocrx_word' id='word_1_8' title='bbox 12 2552 37 2581; x_wconf 83' lang='grc' dir='ltr'>ιιι</span> <span class='ocrx_word' id='word_1_9' title='bbox 49 2539 88 2582; x_wconf 76' lang='lat' dir='ltr'>sit,</span> 
     </span>
    </p>
   </div>
   <div class='ocr_carea' id='block_1_2' title="bbox 126 476 1345 550">
    <p class='ocr_par' dir='ltr' id='par_1_2' title="bbox 126 476 1345 550">
     <span class='ocr_line' id='line_1_6' title="bbox 126 476 1345 550; baseline -0.002 0"><span class='ocrx_word' id='word_1_10' title='bbox 126 476 192 550; x_wconf 79' lang='lat'>160</span> <span class='ocrx_word' id='word_1_11' title='bbox 453 500 483 547; x_wconf 88' lang='lat' dir='ltr'>s.</span> <span class='ocrx_word' id='word_1_12' title='bbox 510 498 651 547; x_wconf 70' lang='lat' dir='ltr'>tornius</span> <span class='ocrx_word' id='word_1_13' title='bbox 677 497 861 545; x_wconf 83' lang='lat' dir='ltr'>crrnrsosr.</span> <span class='ocrx_word' id='word_1_14' title='bbox 889 497 1045 545; x_wconf 80' lang='lat' dir='ltr'>ancruur.</span> <span class='ocrx_word' id='word_1_15' title='bbox 1073 498 1345 547; x_wconf 78' lang='lat' dir='ltr'>consrasrmor.</span> 
     </span>
    </p>
   </div>
   <div class='ocr_carea' id='block_1_3' title="bbox 112 622 1721 3931">
    <p class='ocr_par' dir='ltr' id='par_1_3' title="bbox 112 622 1721 3931">
     <span class='ocr_line' id='line_1_7' title="bbox 119 622 1689 706; baseline -0.001 -23"><span class='ocrx_word' id='word_1_16' title='bbox 119 626 174 684; x_wconf 76' lang='lat' dir='ltr'>Ad</span> <span class='ocrx_word' id='word_1_17' title='bbox 183 647 288 687; x_wconf 84' lang='lat' dir='ltr'>manus</span> <span class='ocrx_word' id='word_1_18' title='bbox 301 639 399 686; x_wconf 83' lang='lat' dir='ltr'>autem</span> <span class='ocrx_word' id='word_1_19' title='bbox 413 626 498 684; x_wconf 84' lang='lat' dir='ltr'>illum</span> <span class='ocrx_word' id='word_1_20' title='bbox 512 627 671 695; x_wconf 75' lang='lat' dir='ltr'><em>trahentes,</em></span> <span class='ocrx_word' id='word_1_21' title='bbox 692 622 862 682; x_wconf 77' lang='lat' dir='ltr'>introcluxe·</span> <span class='ocrx_word' id='word_1_22' title='bbox 916 643 961 700; x_wconf 91' lang='grc' dir='ltr'>γον</span> <span class='ocrx_word' id='word_1_23' title='bbox 982 625 1019 688; x_wconf 89' lang='grc' dir='ltr'>είς</span> <span class='ocrx_word' id='word_1_24' title='bbox 1038 623 1193 700; x_wconf 76' lang='grc' dir='ltr'>Δαμασκόν.</span> <span class='ocrx_word' id='word_1_25' title='bbox 1222 625 1263 684; x_wconf 73' lang='lat' dir='ltr'>To</span> <span class='ocrx_word' id='word_1_26' title='bbox 1284 623 1400 706; x_wconf 78' lang='grc' dir='ltr'>λάγυρον</span> <span class='ocrx_word' id='word_1_27' title='bbox 1421 627 1468 682; x_wconf 83' lang='grc' dir='ltr'>τοῦ</span> <span class='ocrx_word' id='word_1_28' title='bbox 1492 622 1639 695; x_wconf 61' lang='lat' dir='ltr'>erassum,</span> <span class='ocrx_word' id='word_1_29' title='bbox 1655 622 1689 682; x_wconf 85' lang='grc' dir='ltr'>τδι</span> 
     </span>
     <span class='ocr_line' id='line_1_8' title="bbox 119 712 1688 796; baseline -0.003 -21"><span class='ocrx_word' id='word_1_30' title='bbox 119 738 185 776; x_wconf 83' lang='lat' dir='ltr'>rum</span> <span class='ocrx_word' id='word_1_31' title='bbox 196 718 386 778; x_wconf 79' lang='lat' dir='ltr'><strong><em>Damascum.</em></strong></span> <span class='ocrx_word' id='word_1_32' title='bbox 398 716 490 796; x_wconf 87' lang='lat' dir='ltr'>Spolia</span> <span class='ocrx_word' id='word_1_33' title='bbox 506 715 620 792; x_wconf 80' lang='lat' dir='ltr'>dialmli,</span> <span class='ocrx_word' id='word_1_34' title='bbox 637 735 700 773; x_wconf 84' lang='lat' dir='ltr'>vasa</span> <span class='ocrx_word' id='word_1_35' title='bbox 714 714 783 794; x_wconf 82' lang='lat' dir='ltr'>ejus,</span> <span class='ocrx_word' id='word_1_36' title='bbox 795 733 862 791; x_wconf 82' lang='lat' dir='ltr'>qua·</span> <span class='ocrx_word' id='word_1_37' title='bbox 917 712 998 786; x_wconf 82' lang='grc' dir='ltr'>σκεύη</span> <span class='ocrx_word' id='word_1_38' title='bbox 1018 717 1115 778; x_wconf 72' lang='grc' dir='ltr'>αὐτοῦ,</span> <span class='ocrx_word' id='word_1_39' title='bbox 1136 715 1256 795; x_wconf 75' lang='grc' dir='ltr'>καθάπερ</span> <span class='ocrx_word' id='word_1_40' title='bbox 1268 713 1370 781; x_wconf 82' lang='grc' dir='ltr'>πολεώς</span> <span class='ocrx_word' id='word_1_41' title='bbox 1382 737 1452 782; x_wconf 90' lang='grc' dir='ltr'>τινος</span> <span class='ocrx_word' id='word_1_42' title='bbox 1464 713 1482 784; x_wconf 78' lang='grc' dir='ltr'><strong>ἣ</strong></span> <span class='ocrx_word' id='word_1_43' title='bbox 1498 713 1688 793; x_wconf 81' lang='grc' dir='ltr'>μητροπολεως</span> 
     </span>
     <span class='ocr_line' id='line_1_9' title="bbox 119 804 1688 891; baseline -0.003 -23"><span class='ocrx_word' id='word_1_44' title='bbox 119 810 142 868; x_wconf 89' lang='lat' dir='ltr'>si</span> <span class='ocrx_word' id='word_1_45' title='bbox 164 824 242 891; x_wconf 87' lang='lat' dir='ltr'>capta</span> <span class='ocrx_word' id='word_1_46' title='bbox 265 810 383 889; x_wconf 84' lang='lat' dir='ltr'>quadam</span> <span class='ocrx_word' id='word_1_47' title='bbox 407 810 474 869; x_wconf 90' lang='lat' dir='ltr'>urbe</span> <span class='ocrx_word' id='word_1_48' title='bbox 491 810 535 870; x_wconf 82' lang='lat' dir='ltr'>vel</span> <span class='ocrx_word' id='word_1_49' title='bbox 564 807 706 888; x_wconf 87' lang='lat' dir='ltr'>metropoli</span> <span class='ocrx_word' id='word_1_50' title='bbox 735 804 859 865; x_wconf 86' lang='lat' dir='ltr'>introdu-</span> <span class='ocrx_word' id='word_1_51' title='bbox 878 814 899 863; x_wconf 76' lang='lat' dir='ltr'>tt</span> <span class='ocrx_word' id='word_1_52' title='bbox 917 804 1060 884; x_wconf 68' lang='grc' dir='ltr'>ληφθείσης</span> <span class='ocrx_word' id='word_1_53' title='bbox 1074 806 1217 884; x_wconf 79' lang='grc' dir='ltr'>εἰσάγουσι.</span> <span class='ocrx_word' id='word_1_54' title='bbox 1233 806 1287 866; x_wconf 77' lang='grc' dir='ltr'>Καὶ</span> <span class='ocrx_word' id='word_1_55' title='bbox 1302 805 1376 877; x_wconf 80' lang='grc' dir='ltr'>τδδή</span> <span class='ocrx_word' id='word_1_56' title='bbox 1390 806 1559 884; x_wconf 83' lang='grc' dir='ltr'>θαυμαστὸν,</span> <span class='ocrx_word' id='word_1_57' title='bbox 1576 804 1688 864; x_wconf 74' lang='lat' dir='ltr'>ebroini</span> 
     </span>
     <span class='ocr_line' id='line_1_10' title="bbox 119 893 1687 982; baseline -0.003 -24"><span class='ocrx_word' id='word_1_58' title='bbox 119 914 192 959; x_wconf 89' lang='lat' dir='ltr'>eunt.</span> <span class='ocrx_word' id='word_1_59' title='bbox 208 901 244 959; x_wconf 78' lang='lat' dir='ltr'>Et</span> <span class='ocrx_word' id='word_1_60' title='bbox 262 901 336 980; x_wconf 91' lang='lat' dir='ltr'>quod</span> <span class='ocrx_word' id='word_1_61' title='bbox 350 901 459 960; x_wconf 88' lang='lat' dir='ltr'>mirum</span> <span class='ocrx_word' id='word_1_62' title='bbox 471 915 522 978; x_wconf 89' lang='lat' dir='ltr'>est,</span> <span class='ocrx_word' id='word_1_63' title='bbox 541 901 594 982; x_wconf 87' lang='lat' dir='ltr'>ipsi</span> <span class='ocrx_word' id='word_1_64' title='bbox 615 897 719 958; x_wconf 83' lang='lat' dir='ltr'>inimici</span> <span class='ocrx_word' id='word_1_65' title='bbox 733 911 758 956; x_wconf 87' lang='lat' dir='ltr'>et</span> <span class='ocrx_word' id='word_1_66' title='bbox 771 897 861 956; x_wconf 80' lang='lat' dir='ltr'>hostes</span> <span class='ocrx_word' id='word_1_67' title='bbox 916 893 1038 975; x_wconf 73' lang='grc' dir='ltr'>πολέμιοι</span> <span class='ocrx_word' id='word_1_68' title='bbox 1058 898 1104 957; x_wconf 81' lang='grc' dir='ltr'>καλ</span> <span class='ocrx_word' id='word_1_69' title='bbox 1123 897 1212 979; x_wconf 83' lang='grc' dir='ltr'>ἐχθρολ</span> <span class='ocrx_word' id='word_1_70' title='bbox 1230 897 1369 977; x_wconf 78' lang='grc' dir='ltr'>εἰσήγαγον</span> <span class='ocrx_word' id='word_1_71' title='bbox 1384 898 1462 958; x_wconf 81' lang='grc' dir='ltr'>αὐτὸν</span> <span class='ocrx_word' id='word_1_72' title='bbox 1479 897 1588 956; x_wconf 75' lang='grc' dir='ltr'>πάντων</span> <span class='ocrx_word' id='word_1_73' title='bbox 1602 894 1687 978; x_wconf 76' lang='grc' dir='ltr'>δρών·</span> 
     </span>
     <span class='ocr_line' id='line_1_11' title="bbox 119 982 1685 1073; baseline -0.003 -22"><span class='ocrx_word' id='word_1_74' title='bbox 119 991 291 1055; x_wconf 80' lang='lat' dir='ltr'>introducunt</span> <span class='ocrx_word' id='word_1_75' title='bbox 304 992 383 1052; x_wconf 88' lang='lat' dir='ltr'>illum</span> <span class='ocrx_word' id='word_1_76' title='bbox 392 991 519 1052; x_wconf 85' lang='lat' dir='ltr'>omnibus</span> <span class='ocrx_word' id='word_1_77' title='bbox 529 991 692 1053; x_wconf 78' lang='lat' dir='ltr'>videntibus</span> <span class='ocrx_word' id='word_1_78' title='bbox 705 991 734 1050; x_wconf 83' lang='lat'>9.</span> <span class='ocrx_word' id='word_1_79' title='bbox 745 991 787 1049; x_wconf 76' lang='lat' dir='ltr'>Et</span> <span class='ocrx_word' id='word_1_80' title='bbox 797 1000 861 1048; x_wconf 85' lang='lat' dir='ltr'>erut</span> <span class='ocrx_word' id='word_1_81' title='bbox 917 1012 979 1049; x_wconf 91' lang='grc' dir='ltr'>των.</span> <span class='ocrx_word' id='word_1_82' title='bbox 1005 991 1059 1049; x_wconf 83' lang='grc' dir='ltr'>Καὶ</span> <span class='ocrx_word' id='word_1_83' title='bbox 1073 982 1106 1064; x_wconf 81' lang='grc' dir='ltr'>ήν</span> <span class='ocrx_word' id='word_1_84' title='bbox 1122 989 1224 1072; x_wconf 73' lang='grc' dir='ltr'>ἡμέρας</span> <span class='ocrx_word' id='word_1_85' title='bbox 1234 998 1304 1073; x_wconf 89' lang='grc' dir='ltr'>τρεῖς</span> <span class='ocrx_word' id='word_1_86' title='bbox 1319 988 1356 1068; x_wconf 87' lang='grc' dir='ltr'>μή</span> <span class='ocrx_word' id='word_1_87' title='bbox 1371 989 1488 1069; x_wconf 77' lang='grc' dir='ltr'>βλέπων,</span> <span class='ocrx_word' id='word_1_88' title='bbox 1500 989 1548 1048; x_wconf 81' lang='grc' dir='ltr'>καὶ</span> <span class='ocrx_word' id='word_1_89' title='bbox 1559 990 1607 1070; x_wconf 74' lang='grc' dir='ltr'>οὐκ</span> <span class='ocrx_word' id='word_1_90' title='bbox 1620 987 1685 1068; x_wconf 78' lang='grc' dir='ltr'>ἐρα-</span> 
     </span>
     <span class='ocr_line' id='line_1_12' title="bbox 119 1080 1685 1162; baseline -0.002 -20"><span class='ocrx_word' id='word_1_91' title='bbox 119 1085 210 1142; x_wconf 82' lang='lat' dir='ltr'>trt‘bus</span> <span class='ocrx_word' id='word_1_92' title='bbox 226 1084 326 1144; x_wconf 80' lang='lat' dir='ltr'>diebus</span> <span class='ocrx_word' id='word_1_93' title='bbox 340 1105 400 1144; x_wconf 80' lang='lat' dir='ltr'>non</span> <span class='ocrx_word' id='word_1_94' title='bbox 418 1086 534 1157; x_wconf 80' lang='lat' dir='ltr'>uidens,</span> <span class='ocrx_word' id='word_1_95' title='bbox 549 1096 578 1143; x_wconf 90' lang='lat' dir='ltr'>et</span> <span class='ocrx_word' id='word_1_96' title='bbox 596 1103 656 1141; x_wconf 87' lang='lat' dir='ltr'>non</span> <span class='ocrx_word' id='word_1_97' title='bbox 669 1083 861 1140; x_wconf 76' lang='lat' dir='ltr'>matrdueovit</span> <span class='ocrx_word' id='word_1_98' title='bbox 881 1103 883 1107; x_wconf 68' lang='grc'>’</span> <span class='ocrx_word' id='word_1_99' title='bbox 916 1104 961 1160; x_wconf 89' lang='grc' dir='ltr'>γεν</span> <span class='ocrx_word' id='word_1_100' title='bbox 974 1080 1032 1142; x_wconf 71' lang='lat' dir='ltr'>eost</span> <span class='ocrx_word' id='word_1_101' title='bbox 1050 1083 1117 1143; x_wconf 83' lang='grc' dir='ltr'>ἔπιε.</span> <span class='ocrx_word' id='word_1_102' title='bbox 1140 1083 1177 1141; x_wconf 88' lang='grc' dir='ltr'>Τί</span> <span class='ocrx_word' id='word_1_103' title='bbox 1192 1082 1285 1142; x_wconf 75' lang='grc' dir='ltr'>τούτου</span> <span class='ocrx_word' id='word_1_104' title='bbox 1298 1081 1354 1141; x_wconf 80' lang='grc' dir='ltr'>ἴσον</span> <span class='ocrx_word' id='word_1_105' title='bbox 1369 1080 1466 1162; x_wconf 85' lang='grc' dir='ltr'>γίνοιτ’</span> <span class='ocrx_word' id='word_1_106' title='bbox 1481 1080 1529 1153; x_wconf 77' lang='grc' dir='ltr'>ἀνς</span> <span class='ocrx_word' id='word_1_107' title='bbox 1553 1080 1685 1161; x_wconf 62' lang='lat' dir='ltr'>uitupe-</span> 
     </span>
     <span class='ocr_line' id='line_1_13' title="bbox 119 1172 1686 1256; baseline 0 -24"><span class='ocrx_word' id='word_1_108' title='bbox 119 1196 211 1255; x_wconf 82' lang='lat' dir='ltr'>neque</span> <span class='ocrx_word' id='word_1_109' title='bbox 225 1178 305 1236; x_wconf 82' lang='lat' dir='ltr'><em>bibit.</em></span> <span class='ocrx_word' id='word_1_110' title='bbox 317 1175 391 1249; x_wconf 87' lang='lat' dir='ltr'>Quid</span> <span class='ocrx_word' id='word_1_111' title='bbox 404 1175 469 1235; x_wconf 88' lang='lat' dir='ltr'>huic</span> <span class='ocrx_word' id='word_1_112' title='bbox 482 1174 521 1234; x_wconf 89' lang='lat' dir='ltr'>rei</span> <span class='ocrx_word' id='word_1_113' title='bbox 534 1196 584 1256; x_wconf 89' lang='lat' dir='ltr'>par</span> <span class='ocrx_word' id='word_1_114' title='bbox 596 1173 695 1233; x_wconf 79' lang='lat' dir='ltr'>fuerit?</span> <span class='ocrx_word' id='word_1_115' title='bbox 706 1172 860 1232; x_wconf 78' lang='lat' dir='ltr'><strong>Consolatio</strong></span> <span class='ocrx_word' id='word_1_116' title='bbox 915 1195 963 1240; x_wconf 88' lang='grc' dir='ltr'>πος</span> <span class='ocrx_word' id='word_1_117' title='bbox 977 1176 1025 1245; x_wconf 72' lang='grc' dir='ltr'>τῆς</span> <span class='ocrx_word' id='word_1_118' title='bbox 1039 1174 1083 1234; x_wconf 83' lang='grc' dir='ltr'>ἐπὶ</span> <span class='ocrx_word' id='word_1_119' title='bbox 1094 1173 1228 1256; x_wconf 77' lang='grc' dir='ltr'>Στίρανου</span> <span class='ocrx_word' id='word_1_120' title='bbox 1247 1172 1358 1253; x_wconf 77' lang='grc' dir='ltr'>ἀθυμίας</span> <span class='ocrx_word' id='word_1_121' title='bbox 1370 1174 1567 1252; x_wconf 75' lang='grc' dir='ltr'>παρίκλησιςὴ</span> <span class='ocrx_word' id='word_1_122' title='bbox 1579 1172 1686 1232; x_wconf 69' lang='grc' dir='ltr'>Παύλου</span> 
     </span>
     <span class='ocr_line' id='line_1_14' title="bbox 117 1263 1684 1349; baseline -0.001 -25"><span class='ocrx_word' id='word_1_123' title='bbox 117 1265 175 1325; x_wconf 77' lang='lat' dir='ltr'>baec</span> <span class='ocrx_word' id='word_1_124' title='bbox 183 1267 287 1328; x_wconf 90' lang='lat' dir='ltr'>inducti</span> <span class='ocrx_word' id='word_1_125' title='bbox 298 1268 377 1329; x_wconf 84' lang='lat' dir='ltr'>Pauli</span> <span class='ocrx_word' id='word_1_126' title='bbox 388 1281 541 1348; x_wconf 90' lang='lat' dir='ltr'>compensat</span> <span class='ocrx_word' id='word_1_127' title='bbox 551 1287 693 1326; x_wconf 88' lang='lat' dir='ltr'>moerorem</span> <span class='ocrx_word' id='word_1_128' title='bbox 702 1263 736 1324; x_wconf 90' lang='lat' dir='ltr'>de</span> <span class='ocrx_word' id='word_1_129' title='bbox 746 1264 860 1346; x_wconf 78' lang='lat' dir='ltr'>stepha-</span> <span class='ocrx_word' id='word_1_130' title='bbox 914 1267 1075 1347; x_wconf 80' lang='grc' dir='ltr'>προσαγωγή</span> <span class='ocrx_word' id='word_1_131' title='bbox 1096 1267 1210 1349; x_wconf 90' lang='grc' dir='ltr'>γίνεται,</span> <span class='ocrx_word' id='word_1_132' title='bbox 1230 1266 1328 1347; x_wconf 81' lang='grc' dir='ltr'>ἔχαισα</span> <span class='ocrx_word' id='word_1_133' title='bbox 1346 1265 1394 1345; x_wconf 82' lang='grc' dir='ltr'>μέν</span> <span class='ocrx_word' id='word_1_134' title='bbox 1408 1265 1454 1325; x_wconf 79' lang='grc' dir='ltr'>καὶ</span> <span class='ocrx_word' id='word_1_135' title='bbox 1467 1266 1576 1325; x_wconf 80' lang='grc' dir='ltr'>αὐτόθεν</span> <span class='ocrx_word' id='word_1_136' title='bbox 1595 1288 1684 1344; x_wconf 90' lang='grc' dir='ltr'>παρσ-</span> 
     </span>
     <span class='ocr_line' id='line_1_15' title="bbox 117 1354 1684 1440; baseline 0 -24"><span class='ocrx_word' id='word_1_137' title='bbox 117 1379 153 1417; x_wconf 85' lang='grc' dir='ltr'>ιιο</span> <span class='ocrx_word' id='word_1_138' title='bbox 161 1373 330 1440; x_wconf 87' lang='lat' dir='ltr'>coneeptrun,</span> <span class='ocrx_word' id='word_1_139' title='bbox 341 1360 403 1418; x_wconf 87' lang='lat' dir='ltr'>licet</span> <span class='ocrx_word' id='word_1_140' title='bbox 416 1359 462 1417; x_wconf 90' lang='lat' dir='ltr'>bic</span> <span class='ocrx_word' id='word_1_141' title='bbox 471 1380 546 1419; x_wconf 83' lang='lat' dir='ltr'>suam</span> <span class='ocrx_word' id='word_1_142' title='bbox 560 1357 657 1417; x_wconf 87' lang='lat' dir='ltr'>habeat</span> <span class='ocrx_word' id='word_1_143' title='bbox 667 1357 730 1416; x_wconf 90' lang='lat' dir='ltr'>inse</span> <span class='ocrx_word' id='word_1_144' title='bbox 740 1356 859 1416; x_wconf 88' lang='lat' dir='ltr'>oonsola·</span> <span class='ocrx_word' id='word_1_145' title='bbox 916 1354 1021 1432; x_wconf 85' lang='grc' dir='ltr'>μυθίαν,</span> <span class='ocrx_word' id='word_1_146' title='bbox 1031 1358 1061 1417; x_wconf 85' lang='grc' dir='ltr'>τὸ</span> <span class='ocrx_word' id='word_1_147' title='bbox 1072 1358 1153 1427; x_wconf 82' lang='grc' dir='ltr'>οίντως</span> <span class='ocrx_word' id='word_1_148' title='bbox 1163 1358 1242 1419; x_wconf 85' lang='grc' dir='ltr'>αθτδν</span> <span class='ocrx_word' id='word_1_149' title='bbox 1252 1361 1384 1433; x_wconf 76' lang='grc' dir='ltr'>ἀπελθεῖν,</span> <span class='ocrx_word' id='word_1_150' title='bbox 1393 1356 1513 1418; x_wconf 72' lang='grc' dir='ltr'>λαθοῦσα</span> <span class='ocrx_word' id='word_1_151' title='bbox 1524 1357 1554 1417; x_wconf 81' lang='grc' dir='ltr'>δὲ</span> <span class='ocrx_word' id='word_1_152' title='bbox 1564 1357 1612 1417; x_wconf 84' lang='grc' dir='ltr'>καλ</span> <span class='ocrx_word' id='word_1_153' title='bbox 1621 1355 1684 1416; x_wconf 80' lang='grc' dir='ltr'>ταθ·</span> 
     </span>
     <span class='ocr_line' id='line_1_16' title="bbox 117 1448 1682 1534; baseline 0.001 -27"><span class='ocrx_word' id='word_1_154' title='bbox 117 1450 228 1529; x_wconf 89' lang='lat' dir='ltr'>tionem,</span> <span class='ocrx_word' id='word_1_155' title='bbox 242 1451 315 1529; x_wconf 91' lang='lat' dir='ltr'>quod</span> <span class='ocrx_word' id='word_1_156' title='bbox 327 1452 374 1511; x_wconf 88' lang='lat' dir='ltr'>ille</span> <span class='ocrx_word' id='word_1_157' title='bbox 384 1451 423 1510; x_wconf 86' lang='lat' dir='ltr'>sic</span> <span class='ocrx_word' id='word_1_158' title='bbox 436 1451 545 1510; x_wconf 83' lang='lat' dir='ltr'>obiisset</span> <span class='ocrx_word' id='word_1_159' title='bbox 552 1473 562 1528; x_wconf 80' lang='lat'>3</span> <span class='ocrx_word' id='word_1_160' title='bbox 578 1464 604 1509; x_wconf 89' lang='lat' dir='ltr'>et</span> <span class='ocrx_word' id='word_1_161' title='bbox 615 1449 685 1509; x_wconf 87' lang='lat' dir='ltr'>bane</span> <span class='ocrx_word' id='word_1_162' title='bbox 699 1449 765 1508; x_wconf 90' lang='lat' dir='ltr'>item</span> <span class='ocrx_word' id='word_1_163' title='bbox 777 1448 859 1508; x_wconf 88' lang='lat' dir='ltr'>babe-</span> <span class='ocrx_word' id='word_1_164' title='bbox 915 1470 973 1523; x_wconf 88' lang='grc' dir='ltr'>την,</span> <span class='ocrx_word' id='word_1_165' title='bbox 988 1449 1033 1510; x_wconf 77' lang='grc' dir='ltr'>καί</span> <span class='ocrx_word' id='word_1_166' title='bbox 1048 1453 1075 1510; x_wconf 83' lang='grc' dir='ltr'>αἱ</span> <span class='ocrx_word' id='word_1_167' title='bbox 1088 1452 1264 1534; x_wconf 77' lang='grc' dir='ltr'>Σαμαρειτῶν</span> <span class='ocrx_word' id='word_1_168' title='bbox 1277 1450 1306 1509; x_wconf 84' lang='grc' dir='ltr'>δέ</span> <span class='ocrx_word' id='word_1_169' title='bbox 1317 1453 1407 1528; x_wconf 83' lang='grc' dir='ltr'>κῶμαι</span> <span class='ocrx_word' id='word_1_170' title='bbox 1417 1453 1623 1531; x_wconf 85' lang='grc' dir='ltr'>προσαχθεῖσαι,</span> <span class='ocrx_word' id='word_1_171' title='bbox 1635 1472 1682 1526; x_wconf 86' lang='grc' dir='ltr'>με·</span> 
     </span>
     <span class='ocr_line' id='line_1_17' title="bbox 117 1539 1682 1624; baseline 0.001 -26"><span class='ocrx_word' id='word_1_172' title='bbox 117 1554 167 1615; x_wconf 89' lang='lat' dir='ltr'>ret,</span> <span class='ocrx_word' id='word_1_173' title='bbox 183 1542 256 1620; x_wconf 89' lang='lat' dir='ltr'>quod</span> <span class='ocrx_word' id='word_1_174' title='bbox 278 1542 509 1602; x_wconf 73' lang='lat' dir='ltr'><strong>Samaritanorum</strong></span> <span class='ocrx_word' id='word_1_175' title='bbox 529 1541 583 1602; x_wconf 85' lang='lat' dir='ltr'>rici</span> <span class='ocrx_word' id='word_1_176' title='bbox 603 1539 708 1601; x_wconf 85' lang='lat' dir='ltr'>reducti</span> <span class='ocrx_word' id='word_1_177' title='bbox 730 1561 859 1620; x_wconf 82' lang='lat' dir='ltr'>magnum</span> <span class='ocrx_word' id='word_1_178' title='bbox 914 1545 1007 1624; x_wconf 87' lang='grc' dir='ltr'>γίσιην</span> <span class='ocrx_word' id='word_1_179' title='bbox 1025 1543 1159 1624; x_wconf 73' lang='grc' dir='ltr'>παρέσχον</span> <span class='ocrx_word' id='word_1_180' title='bbox 1178 1543 1355 1623; x_wconf 75' lang='grc' dir='ltr'>παράκλησιν.</span> <span class='ocrx_word' id='word_1_181' title='bbox 1370 1541 1423 1601; x_wconf 85' lang='grc' dir='ltr'>Καὶ</span> <span class='ocrx_word' id='word_1_182' title='bbox 1442 1541 1487 1600; x_wconf 71' lang='grc' dir='ltr'>διδ</span> <span class='ocrx_word' id='word_1_183' title='bbox 1497 1541 1539 1615; x_wconf 87' lang='grc' dir='ltr'>τί,</span> <span class='ocrx_word' id='word_1_184' title='bbox 1554 1540 1682 1622; x_wconf 77' lang='grc' dir='ltr'>ρησέ,μή</span> 
     </span>
     <span class='ocr_line' id='line_1_18' title="bbox 116 1630 1721 1718; baseline 0.001 -28"><span class='ocrx_word' id='word_1_185' title='bbox 116 1632 241 1691; x_wconf 76' lang='lat' dir='ltr'>afferrent</span> <span class='ocrx_word' id='word_1_186' title='bbox 262 1633 397 1695; x_wconf 87' lang='lat' dir='ltr'>solatium.</span> <span class='ocrx_word' id='word_1_187' title='bbox 421 1634 457 1694; x_wconf 88' lang='lat' dir='ltr'>Et</span> <span class='ocrx_word' id='word_1_188' title='bbox 472 1655 532 1712; x_wconf 86' lang='lat' dir='ltr'>cur,</span> <span class='ocrx_word' id='word_1_189' title='bbox 546 1631 662 1712; x_wconf 80' lang='lat' dir='ltr'>inquies,</span> <span class='ocrx_word' id='word_1_190' title='bbox 683 1652 736 1691; x_wconf 93' lang='lat' dir='ltr'>non</span> <span class='ocrx_word' id='word_1_191' title='bbox 751 1632 787 1690; x_wconf 86' lang='lat' dir='ltr'>ab</span> <span class='ocrx_word' id='word_1_192' title='bbox 801 1630 858 1690; x_wconf 89' lang='lat' dir='ltr'>ini·</span> <span class='ocrx_word' id='word_1_193' title='bbox 915 1637 941 1706; x_wconf 82' lang='grc' dir='ltr'>ἐξ</span> <span class='ocrx_word' id='word_1_194' title='bbox 957 1639 1043 1718; x_wconf 77' lang='grc' dir='ltr'>ἀρχῆς</span> <span class='ocrx_word' id='word_1_195' title='bbox 1054 1643 1130 1695; x_wconf 83' lang='grc' dir='ltr'>τοῦτο</span> <span class='ocrx_word' id='word_1_196' title='bbox 1145 1633 1262 1714; x_wconf 89' lang='grc' dir='ltr'>γέγονεν,</span> <span class='ocrx_word' id='word_1_197' title='bbox 1275 1633 1344 1694; x_wconf 80' lang='grc' dir='ltr'>ἀλλὰ</span> <span class='ocrx_word' id='word_1_198' title='bbox 1359 1631 1427 1710; x_wconf 77' lang='grc' dir='ltr'>μετὰ</span> <span class='ocrx_word' id='word_1_199' title='bbox 1438 1638 1524 1692; x_wconf 82' lang='grc' dir='ltr'>ταῦτα</span> <span class='ocrx_word' id='word_1_200' title='bbox 1535 1655 1545 1707; x_wconf 83' lang='grc'><strong>;</strong></span> <span class='ocrx_word' id='word_1_201' title='bbox 1557 1631 1619 1692; x_wconf 84' lang='grc' dir='ltr'>Ἵνα</span> <span class='ocrx_word' id='word_1_202' title='bbox 1630 1633 1682 1692; x_wconf 84' lang='grc' dir='ltr'>δει-</span> <span class='ocrx_word' id='word_1_203' title='bbox 1718 1674 1721 1703; x_wconf 73' lang='grc'>,</span> 
     </span>
     <span class='ocr_line' id='line_1_19' title="bbox 117 1723 1681 1810; baseline 0 -27"><span class='ocrx_word' id='word_1_204' title='bbox 117 1725 154 1784; x_wconf 88' lang='lat' dir='ltr'>tio</span> <span class='ocrx_word' id='word_1_205' title='bbox 167 1725 196 1783; x_wconf 90' lang='lat' dir='ltr'>id</span> <span class='ocrx_word' id='word_1_206' title='bbox 211 1724 314 1785; x_wconf 79' lang='lat' dir='ltr'>iactum</span> <span class='ocrx_word' id='word_1_207' title='bbox 336 1739 396 1803; x_wconf 84' lang='lat' dir='ltr'>est,-</span> <span class='ocrx_word' id='word_1_208' title='bbox 410 1726 455 1786; x_wconf 91' lang='lat' dir='ltr'>sed</span> <span class='ocrx_word' id='word_1_209' title='bbox 480 1726 593 1808; x_wconf 81' lang='lat' dir='ltr'>postea?</span> <span class='ocrx_word' id='word_1_210' title='bbox 606 1727 646 1786; x_wconf 89' lang='lat' dir='ltr'>Ut</span> <span class='ocrx_word' id='word_1_211' title='bbox 664 1725 857 1802; x_wconf 83' lang='lat' dir='ltr'>ostenderetur,</span> <span class='ocrx_word' id='word_1_212' title='bbox 869 1765 906 1805; x_wconf 57' lang='grc' dir='ltr'>,ω</span> <span class='ocrx_word' id='word_1_213' title='bbox 915 1734 982 1810; x_wconf 79' lang='grc' dir='ltr'>χθῇ,</span> <span class='ocrx_word' id='word_1_214' title='bbox 995 1729 1036 1789; x_wconf 77' lang='grc' dir='ltr'>ὅτι</span> <span class='ocrx_word' id='word_1_215' title='bbox 1055 1727 1137 1794; x_wconf 87' lang='grc' dir='ltr'>ὄντως</span> <span class='ocrx_word' id='word_1_216' title='bbox 1157 1726 1254 1798; x_wconf 81' lang='grc' dir='ltr'>ἀνίστη</span> <span class='ocrx_word' id='word_1_217' title='bbox 1275 1723 1429 1806; x_wconf 83' lang='grc' dir='ltr'>θΧριστός.</span> <span class='ocrx_word' id='word_1_218' title='bbox 1453 1723 1556 1807; x_wconf 83' lang='grc' dir='ltr'>Ὁγδιμ</span> <span class='ocrx_word' id='word_1_219' title='bbox 1570 1724 1681 1785; x_wconf 76' lang='grc' dir='ltr'>ἐλαύνειν</span> 
     </span>
     <span class='ocr_line' id='line_1_20' title="bbox 117 1815 1680 1898; baseline -0.001 -22"><span class='ocrx_word' id='word_1_220' title='bbox 117 1839 177 1877; x_wconf 81' lang='grc' dir='ltr'>νοτε</span> <span class='ocrx_word' id='word_1_221' title='bbox 188 1816 328 1877; x_wconf 87' lang='lat' dir='ltr'>Christum</span> <span class='ocrx_word' id='word_1_222' title='bbox 344 1822 530 1878; x_wconf 80' lang='lat' dir='ltr'>resurrexisse.</span> <span class='ocrx_word' id='word_1_223' title='bbox 546 1818 602 1893; x_wconf 88' lang='lat' dir='ltr'>Qui</span> <span class='ocrx_word' id='word_1_224' title='bbox 619 1817 692 1876; x_wconf 92' lang='lat' dir='ltr'>enim</span> <span class='ocrx_word' id='word_1_225' title='bbox 712 1837 860 1898; x_wconf 82' lang='lat' dir='ltr'>perseque-</span> <span class='ocrx_word' id='word_1_226' title='bbox 878 1823 896 1868; x_wconf 76' lang='grc' dir='ltr'><strong>Α</strong></span> <span class='ocrx_word' id='word_1_227' title='bbox 916 1822 1012 1896; x_wconf 74' lang='grc' dir='ltr'>αὐτὸν,</span> <span class='ocrx_word' id='word_1_228' title='bbox 1026 1820 1072 1880; x_wconf 81' lang='grc' dir='ltr'>καλ</span> <span class='ocrx_word' id='word_1_229' title='bbox 1088 1823 1208 1881; x_wconf 82' lang='grc' dir='ltr'>ἀπιστῶν</span> <span class='ocrx_word' id='word_1_230' title='bbox 1226 1821 1305 1878; x_wconf 74' lang='grc' dir='ltr'>αὐτοῦ</span> <span class='ocrx_word' id='word_1_231' title='bbox 1322 1822 1356 1898; x_wconf 82' lang='grc' dir='ltr'>τῇ</span> <span class='ocrx_word' id='word_1_232' title='bbox 1376 1819 1485 1889; x_wconf 80' lang='grc' dir='ltr'>τελευτῆ</span> <span class='ocrx_word' id='word_1_233' title='bbox 1508 1815 1602 1897; x_wconf 57' lang='lat' dir='ltr'>zali-ji,</span> <span class='ocrx_word' id='word_1_234' title='bbox 1618 1821 1680 1877; x_wconf 78' lang='grc' dir='ltr'>ἐνα-</span> 
     </span>
     <span class='ocr_line' id='line_1_21' title="bbox 115 1899 1681 1989; baseline 0.001 -22"><span class='ocrx_word' id='word_1_235' title='bbox 115 1909 197 1968; x_wconf 85' lang='lat' dir='ltr'>batur</span> <span class='ocrx_word' id='word_1_236' title='bbox 207 1910 295 1986; x_wconf 89' lang='lat' dir='ltr'>illum,</span> <span class='ocrx_word' id='word_1_237' title='bbox 309 1931 357 1969; x_wconf 86' lang='lat' dir='ltr'>nec</span> <span class='ocrx_word' id='word_1_238' title='bbox 368 1909 495 1974; x_wconf 75' lang='lat' dir='ltr'>ermlebat</span> <span class='ocrx_word' id='word_1_239' title='bbox 508 1909 583 1968; x_wconf 91' lang='lat' dir='ltr'>illius</span> <span class='ocrx_word' id='word_1_240' title='bbox 595 1922 707 1968; x_wconf 86' lang='lat' dir='ltr'>mortem</span> <span class='ocrx_word' id='word_1_241' title='bbox 722 1929 753 1967; x_wconf 89' lang='lat' dir='ltr'>ac</span> <span class='ocrx_word' id='word_1_242' title='bbox 765 1929 860 1968; x_wconf 80' lang='lat' dir='ltr'>resur·-</span> <span class='ocrx_word' id='word_1_243' title='bbox 915 1912 1008 1975; x_wconf 76' lang='grc' dir='ltr'>στάσει</span> <span class='ocrx_word' id='word_1_244' title='bbox 1019 1960 1027 1988; x_wconf 86' lang='grc'>,</span> <span class='ocrx_word' id='word_1_245' title='bbox 1039 1913 1083 1972; x_wconf 79' lang='grc' dir='ltr'>καί</span> <span class='ocrx_word' id='word_1_246' title='bbox 1096 1909 1156 1980; x_wconf 78' lang='grc' dir='ltr'>τοὺς</span> <span class='ocrx_word' id='word_1_247' title='bbox 1166 1908 1285 1989; x_wconf 76' lang='grc' dir='ltr'>μαθητὰς</span> <span class='ocrx_word' id='word_1_248' title='bbox 1295 1911 1375 1969; x_wconf 78' lang='grc' dir='ltr'>αὐτοῦ</span> <span class='ocrx_word' id='word_1_249' title='bbox 1385 1907 1499 1982; x_wconf 79' lang='grc' dir='ltr'>διώκων,</span> <span class='ocrx_word' id='word_1_250' title='bbox 1511 1899 1587 1978; x_wconf 72' lang='grc' dir='ltr'>οὗτος</span> <span class='ocrx_word' id='word_1_251' title='bbox 1598 1909 1681 1984; x_wconf 80' lang='grc' dir='ltr'>πόθεν,</span> 
     </span>
     <span class='ocr_line' id='line_1_22' title="bbox 115 1993 1681 2086; baseline 0 -24"><span class='ocrx_word' id='word_1_252' title='bbox 115 2002 271 2081; x_wconf 89' lang='lat' dir='ltr'>rectionem,</span> <span class='ocrx_word' id='word_1_253' title='bbox 283 2003 332 2082; x_wconf 92' lang='lat' dir='ltr'>qui</span> <span class='ocrx_word' id='word_1_254' title='bbox 345 2003 495 2084; x_wconf 90' lang='lat' dir='ltr'>discipulos</span> <span class='ocrx_word' id='word_1_255' title='bbox 505 2003 564 2085; x_wconf 85' lang='lat' dir='ltr'>ejus</span> <span class='ocrx_word' id='word_1_256' title='bbox 575 2001 794 2084; x_wconf 76' lang='lat' dir='ltr'>persequebatur,</span> <span class='ocrx_word' id='word_1_257' title='bbox 806 2022 860 2060; x_wconf 80' lang='lat' dir='ltr'>uu·</span> <span class='ocrx_word' id='word_1_258' title='bbox 915 2007 973 2068; x_wconf 79' lang='grc' dir='ltr'>εἰπέ</span> <span class='ocrx_word' id='word_1_259' title='bbox 989 2030 1047 2086; x_wconf 89' lang='grc' dir='ltr'>μοι,</span> <span class='ocrx_word' id='word_1_260' title='bbox 1061 2005 1092 2065; x_wconf 80' lang='grc' dir='ltr'>ἃν</span> <span class='ocrx_word' id='word_1_261' title='bbox 1104 2003 1276 2076; x_wconf 89' lang='grc' dir='ltr'>ἐπίστευσεν,</span> <span class='ocrx_word' id='word_1_262' title='bbox 1295 2006 1318 2061; x_wconf 85' lang='grc' dir='ltr'>εἰ</span> <span class='ocrx_word' id='word_1_263' title='bbox 1332 2001 1370 2080; x_wconf 77' lang='grc' dir='ltr'>μὴ</span> <span class='ocrx_word' id='word_1_264' title='bbox 1384 2002 1469 2074; x_wconf 80' lang='grc' dir='ltr'>πολλή</span> <span class='ocrx_word' id='word_1_265' title='bbox 1482 1993 1535 2075; x_wconf 73' lang='lat' dir='ltr'>&#39;ils</span> <span class='ocrx_word' id='word_1_266' title='bbox 1546 2006 1595 2061; x_wconf 80' lang='grc' dir='ltr'>τοῦ</span> <span class='ocrx_word' id='word_1_267' title='bbox 1606 2026 1681 2063; x_wconf 86' lang='grc' dir='ltr'>σταυ-</span> 
     </span>
     <span class='ocr_line' id='line_1_23' title="bbox 114 2091 1681 2182; baseline 0.003 -29"><span class='ocrx_word' id='word_1_268' title='bbox 114 2093 159 2169; x_wconf 87' lang='lat' dir='ltr'>de,</span> <span class='ocrx_word' id='word_1_269' title='bbox 170 2116 270 2172; x_wconf 80' lang='lat' dir='ltr'>qrraeso,</span> <span class='ocrx_word' id='word_1_270' title='bbox 282 2094 446 2171; x_wconf 78' lang='lat' dir='ltr'>credidisset,</span> <span class='ocrx_word' id='word_1_271' title='bbox 457 2094 509 2154; x_wconf 90' lang='lat' dir='ltr'>nisi</span> <span class='ocrx_word' id='word_1_272' title='bbox 518 2114 615 2174; x_wconf 78' lang='lat' dir='ltr'>magna</span> <span class='ocrx_word' id='word_1_273' title='bbox 624 2093 718 2152; x_wconf 84' lang='lat' dir='ltr'>suisset</span> <span class='ocrx_word' id='word_1_274' title='bbox 728 2091 861 2152; x_wconf 80' lang='lat' dir='ltr'>crucifixi</span> <span class='ocrx_word' id='word_1_275' title='bbox 916 2098 1041 2182; x_wconf 76' lang='grc' dir='ltr'>ρωθένςος</span> <span class='ocrx_word' id='word_1_276' title='bbox 1058 2096 1178 2177; x_wconf 77' lang='grc' dir='ltr'>ήίσχιίς;</span> <span class='ocrx_word' id='word_1_277' title='bbox 1198 2093 1306 2168; x_wconf 87' lang='grc' dir='ltr'>Ἔστω,</span> <span class='ocrx_word' id='word_1_278' title='bbox 1329 2097 1424 2154; x_wconf 80' lang='grc' dir='ltr'>ἐκεῖνον</span> <span class='ocrx_word' id='word_1_279' title='bbox 1436 2097 1508 2174; x_wconf 75' lang='grc' dir='ltr'>αὐτῷ</span> <span class='ocrx_word' id='word_1_280' title='bbox 1523 2094 1681 2175; x_wconf 79' lang='grc' dir='ltr'>ἐχαρίζοντο·</span> 
     </span>
     <span class='ocr_line' id='line_1_24' title="bbox 114 2182 1683 2272; baseline -0.002 -25"><span class='ocrx_word' id='word_1_281' title='bbox 114 2186 225 2247; x_wconf 78' lang='lat' dir='ltr'>virtus?</span> <span class='ocrx_word' id='word_1_282' title='bbox 238 2186 315 2261; x_wconf 85' lang='lat' dir='ltr'>Esto,</span> <span class='ocrx_word' id='word_1_283' title='bbox 339 2186 380 2246; x_wconf 90' lang='lat' dir='ltr'>illi</span> <span class='ocrx_word' id='word_1_284' title='bbox 395 2186 448 2268; x_wconf 90' lang='lat' dir='ltr'>ipsi</span> <span class='ocrx_word' id='word_1_285' title='bbox 468 2186 729 2267; x_wconf 79' lang='lat' dir='ltr'>obtemperaverint,</span> <span class='ocrx_word' id='word_1_286' title='bbox 745 2183 812 2263; x_wconf 81' lang='lat' dir='ltr'>quid</span> <span class='ocrx_word' id='word_1_287' title='bbox 823 2182 860 2242; x_wconf 91' lang='lat' dir='ltr'>ad</span> <span class='ocrx_word' id='word_1_288' title='bbox 913 2190 939 2250; x_wconf 75' lang='grc' dir='ltr'>σί</span> <span class='ocrx_word' id='word_1_289' title='bbox 962 2193 1028 2270; x_wconf 82' lang='grc' dir='ltr'>ἐρεῖς</span> <span class='ocrx_word' id='word_1_290' title='bbox 1049 2189 1120 2272; x_wconf 76' lang='grc' dir='ltr'>πρὸς</span> <span class='ocrx_word' id='word_1_291' title='bbox 1130 2193 1234 2260; x_wconf 73' lang='grc' dir='ltr'>τοῦτον,</span> <span class='ocrx_word' id='word_1_292' title='bbox 1250 2185 1351 2253; x_wconf 79' lang='grc' dir='ltr'>Ἄλλως</span> <span class='ocrx_word' id='word_1_293' title='bbox 1364 2184 1393 2246; x_wconf 80' lang='grc' dir='ltr'>δέ</span> <span class='ocrx_word' id='word_1_294' title='bbox 1407 2185 1451 2244; x_wconf 84' lang='grc' dir='ltr'>διά</span> <span class='ocrx_word' id='word_1_295' title='bbox 1464 2191 1544 2246; x_wconf 73' lang='grc' dir='ltr'>τοῦτο</span> <span class='ocrx_word' id='word_1_296' title='bbox 1555 2187 1626 2266; x_wconf 78' lang='grc' dir='ltr'>μετὰ</span> <span class='ocrx_word' id='word_1_297' title='bbox 1638 2186 1683 2260; x_wconf 82' lang='grc' dir='ltr'>τήν</span> 
     </span>
     <span class='ocr_line' id='line_1_25' title="bbox 113 2276 1680 2363; baseline 0.001 -27"><span class='ocrx_word' id='word_1_298' title='bbox 113 2277 187 2337; x_wconf 88' lang='lat' dir='ltr'>bunc</span> <span class='ocrx_word' id='word_1_299' title='bbox 199 2277 291 2338; x_wconf 82' lang='lat' dir='ltr'>dices?</span> <span class='ocrx_word' id='word_1_300' title='bbox 303 2279 431 2359; x_wconf 81' lang='lat' dir='ltr'>Alioquin</span> <span class='ocrx_word' id='word_1_301' title='bbox 445 2300 509 2341; x_wconf 86' lang='lat' dir='ltr'>vero</span> <span class='ocrx_word' id='word_1_302' title='bbox 525 2279 587 2339; x_wconf 91' lang='lat' dir='ltr'>ideo</span> <span class='ocrx_word' id='word_1_303' title='bbox 605 2292 666 2360; x_wconf 91' lang='lat' dir='ltr'>post</span> <span class='ocrx_word' id='word_1_304' title='bbox 680 2276 858 2338; x_wconf 79' lang='lat' dir='ltr'>resurreetio-</span> <span class='ocrx_word' id='word_1_305' title='bbox 914 2281 1056 2342; x_wconf 79' lang='grc' dir='ltr'>ἀνάστασιν</span> <span class='ocrx_word' id='word_1_306' title='bbox 1071 2282 1219 2363; x_wconf 76' lang='grc' dir='ltr'>προσῆλθε,</span> <span class='ocrx_word' id='word_1_307' title='bbox 1234 2278 1280 2338; x_wconf 84' lang='grc' dir='ltr'>καλ</span> <span class='ocrx_word' id='word_1_308' title='bbox 1293 2279 1339 2338; x_wconf 79' lang='grc' dir='ltr'>οὐκ</span> <span class='ocrx_word' id='word_1_309' title='bbox 1352 2276 1455 2350; x_wconf 79' lang='grc' dir='ltr'>εὐθέως,</span> <span class='ocrx_word' id='word_1_310' title='bbox 1466 2277 1512 2338; x_wconf 86' lang='grc' dir='ltr'>ίνα</span> <span class='ocrx_word' id='word_1_311' title='bbox 1524 2278 1680 2362; x_wconf 68' lang='grc' dir='ltr'>σαφέστερα</span> 
     </span>
     <span class='ocr_line' id='line_1_26' title="bbox 114 2368 1681 2453; baseline 0.001 -25"><span class='ocrx_word' id='word_1_312' title='bbox 114 2392 175 2430; x_wconf 91' lang='lat' dir='ltr'>nem</span> <span class='ocrx_word' id='word_1_313' title='bbox 188 2370 313 2448; x_wconf 85' lang='lat' dir='ltr'>aoeessit,</span> <span class='ocrx_word' id='word_1_314' title='bbox 329 2393 412 2451; x_wconf 90' lang='lat' dir='ltr'>neque</span> <span class='ocrx_word' id='word_1_315' title='bbox 428 2372 531 2448; x_wconf 85' lang='lat' dir='ltr'>statim,</span> <span class='ocrx_word' id='word_1_316' title='bbox 544 2384 576 2431; x_wconf 90' lang='lat' dir='ltr'>ut</span> <span class='ocrx_word' id='word_1_317' title='bbox 591 2369 758 2430; x_wconf 77' lang='lat' dir='ltr'>manifestius</span> <span class='ocrx_word' id='word_1_318' title='bbox 774 2368 859 2451; x_wconf 80' lang='lat' dir='ltr'>ipsius</span> <span class='ocrx_word' id='word_1_319' title='bbox 913 2377 993 2434; x_wconf 82' lang='grc' dir='ltr'>αὐτοῦ</span> <span class='ocrx_word' id='word_1_320' title='bbox 1020 2374 1110 2453; x_wconf 80' lang='grc' dir='ltr'>δειχθῇ</span> <span class='ocrx_word' id='word_1_321' title='bbox 1129 2376 1144 2431; x_wconf 82' lang='grc' dir='ltr'>δ</span> <span class='ocrx_word' id='word_1_322' title='bbox 1164 2371 1288 2450; x_wconf 77' lang='grc' dir='ltr'>πόλεμος.</span> <span class='ocrx_word' id='word_1_323' title='bbox 1312 2369 1347 2430; x_wconf 88' lang='grc' dir='ltr'><strong>Ὁ</strong></span> <span class='ocrx_word' id='word_1_324' title='bbox 1362 2369 1414 2451; x_wconf 77' lang='grc' dir='ltr'>γὰρ</span> <span class='ocrx_word' id='word_1_325' title='bbox 1432 2369 1681 2449; x_wconf 71' lang='grc' dir='ltr'>συνομοσάμενοι,</span> 
     </span>
     <span class='ocr_line' id='line_1_27' title="bbox 113 2460 1681 2545; baseline 0 -23"><span class='ocrx_word' id='word_1_326' title='bbox 113 2462 216 2522; x_wconf 85' lang='lat' dir='ltr'>bellum</span> <span class='ocrx_word' id='word_1_327' title='bbox 223 2463 354 2523; x_wconf 82' lang='lat' dir='ltr'>videatur.</span> <span class='ocrx_word' id='word_1_328' title='bbox 363 2465 434 2525; x_wconf 87' lang='lat' dir='ltr'>Nam</span> <span class='ocrx_word' id='word_1_329' title='bbox 443 2462 537 2542; x_wconf 85' lang='lat' dir='ltr'>quisic</span> <span class='ocrx_word' id='word_1_330' title='bbox 545 2462 655 2539; x_wconf 85' lang='lat' dir='ltr'>insanit,</span> <span class='ocrx_word' id='word_1_331' title='bbox 667 2474 733 2521; x_wconf 91' lang='lat' dir='ltr'>utet</span> <span class='ocrx_word' id='word_1_332' title='bbox 746 2460 859 2542; x_wconf 80' lang='lat' dir='ltr'>sangui·</span> <span class='ocrx_word' id='word_1_333' title='bbox 913 2469 949 2534; x_wconf 83' lang='grc' dir='ltr'>ὡς</span> <span class='ocrx_word' id='word_1_334' title='bbox 960 2465 1006 2526; x_wconf 86' lang='grc' dir='ltr'>καλ</span> <span class='ocrx_word' id='word_1_335' title='bbox 1016 2463 1117 2542; x_wconf 77' lang='grc' dir='ltr'>αἵματα</span> <span class='ocrx_word' id='word_1_336' title='bbox 1127 2465 1226 2544; x_wconf 86' lang='grc' dir='ltr'>ἐκχεῖν,</span> <span class='ocrx_word' id='word_1_337' title='bbox 1243 2462 1289 2522; x_wconf 82' lang='grc' dir='ltr'>καλ</span> <span class='ocrx_word' id='word_1_338' title='bbox 1300 2465 1337 2531; x_wconf 83' lang='grc' dir='ltr'>είς</span> <span class='ocrx_word' id='word_1_339' title='bbox 1347 2461 1519 2545; x_wconf 72' lang='grc' dir='ltr'>δεσμωτήρια</span> <span class='ocrx_word' id='word_1_340' title='bbox 1531 2462 1681 2540; x_wconf 70' lang='grc' dir='ltr'>ἐμὸαίλλιιν,</span> 
     </span>
     <span class='ocr_line' id='line_1_28' title="bbox 114 2552 1683 2640; baseline -0.003 -26"><span class='ocrx_word' id='word_1_341' title='bbox 114 2575 176 2614; x_wconf 88' lang='lat' dir='ltr'>nem</span> <span class='ocrx_word' id='word_1_342' title='bbox 184 2554 315 2632; x_wconf 82' lang='lat' dir='ltr'>effundat,</span> <span class='ocrx_word' id='word_1_343' title='bbox 327 2570 353 2615; x_wconf 89' lang='lat' dir='ltr'>et</span> <span class='ocrx_word' id='word_1_344' title='bbox 363 2555 391 2614; x_wconf 91' lang='lat' dir='ltr'>in</span> <span class='ocrx_word' id='word_1_345' title='bbox 403 2575 535 2615; x_wconf 80' lang='lat' dir='ltr'>carcerem</span> <span class='ocrx_word' id='word_1_346' title='bbox 549 2553 685 2635; x_wconf 88' lang='lat' dir='ltr'>oonjieiat,</span> <span class='ocrx_word' id='word_1_347' title='bbox 698 2552 859 2612; x_wconf 85' lang='lat' dir='ltr'>statimere·</span> <span class='ocrx_word' id='word_1_348' title='bbox 913 2558 1006 2640; x_wconf 69' lang='grc' dir='ltr'>ἀθρόοι</span> <span class='ocrx_word' id='word_1_349' title='bbox 1029 2555 1156 2616; x_wconf 74' lang='grc' dir='ltr'>πιστεύω.</span> <span class='ocrx_word' id='word_1_350' title='bbox 1180 2558 1240 2616; x_wconf 80' lang='grc' dir='ltr'>Οὐκ</span> <span class='ocrx_word' id='word_1_351' title='bbox 1260 2554 1337 2637; x_wconf 80' lang='grc' dir='ltr'>ήρκιι</span> <span class='ocrx_word' id='word_1_352' title='bbox 1353 2553 1385 2613; x_wconf 82' lang='grc' dir='ltr'>τὸ</span> <span class='ocrx_word' id='word_1_353' title='bbox 1403 2553 1442 2634; x_wconf 82' lang='grc' dir='ltr'>μή</span> <span class='ocrx_word' id='word_1_354' title='bbox 1464 2553 1683 2637; x_wconf 73' lang='grc' dir='ltr'>σιιγγενίσθσισῷ</span> 
     </span>
     <span class='ocr_line' id='line_1_29' title="bbox 112 2636 1681 2735; baseline 0.001 -28"><span class='ocrx_word' id='word_1_355' title='bbox 112 2647 163 2707; x_wconf 92' lang='lat' dir='ltr'>dit.</span> <span class='ocrx_word' id='word_1_356' title='bbox 173 2650 233 2708; x_wconf 88' lang='lat' dir='ltr'>Non</span> <span class='ocrx_word' id='word_1_357' title='bbox 246 2649 310 2708; x_wconf 87' lang='lat' dir='ltr'>satis</span> <span class='ocrx_word' id='word_1_358' title='bbox 325 2662 389 2724; x_wconf 89' lang='lat' dir='ltr'>erat,</span> <span class='ocrx_word' id='word_1_359' title='bbox 399 2647 474 2728; x_wconf 92' lang='lat' dir='ltr'>quod</span> <span class='ocrx_word' id='word_1_360' title='bbox 489 2669 551 2708; x_wconf 89' lang='lat' dir='ltr'>eum</span> <span class='ocrx_word' id='word_1_361' title='bbox 563 2646 674 2707; x_wconf 88' lang='lat' dir='ltr'>Christo</span> <span class='ocrx_word' id='word_1_362' title='bbox 684 2667 737 2705; x_wconf 93' lang='lat' dir='ltr'>non</span> <span class='ocrx_word' id='word_1_363' title='bbox 751 2645 857 2717; x_wconf 82' lang='lat' dir='ltr'>luisset,</span> <span class='ocrx_word' id='word_1_364' title='bbox 912 2654 1032 2735; x_wconf 68' lang='grc' dir='ltr'>Χριστῷ,</span> <span class='ocrx_word' id='word_1_365' title='bbox 1042 2653 1099 2710; x_wconf 77' lang='grc' dir='ltr'>ἀλλ’</span> <span class='ocrx_word' id='word_1_366' title='bbox 1111 2650 1164 2710; x_wconf 81' lang='grc' dir='ltr'>ἔδει</span> <span class='ocrx_word' id='word_1_367' title='bbox 1173 2647 1219 2708; x_wconf 78' lang='grc' dir='ltr'>καί</span> <span class='ocrx_word' id='word_1_368' title='bbox 1229 2649 1411 2726; x_wconf 80' lang='grc' dir='ltr'>πολεμηθῆναι</span> <span class='ocrx_word' id='word_1_369' title='bbox 1422 2649 1543 2729; x_wconf 78' lang='grc' dir='ltr'>σφοδρῶς</span> <span class='ocrx_word' id='word_1_370' title='bbox 1551 2636 1681 2709; x_wconf 77' lang='grc' dir='ltr'>ὑπἀὐτοῦ</span> 
     </span>
     <span class='ocr_line' id='line_1_30' title="bbox 113 2737 1681 2822; baseline -0.001 -22"><span class='ocrx_word' id='word_1_371' title='bbox 113 2739 160 2800; x_wconf 88' lang='lat' dir='ltr'>sed</span> <span class='ocrx_word' id='word_1_372' title='bbox 180 2741 300 2822; x_wconf 87' lang='lat' dir='ltr'>oportuit</span> <span class='ocrx_word' id='word_1_373' title='bbox 314 2755 344 2800; x_wconf 89' lang='lat' dir='ltr'>ut</span> <span class='ocrx_word' id='word_1_374' title='bbox 359 2741 451 2801; x_wconf 89' lang='lat' dir='ltr'>lideles</span> <span class='ocrx_word' id='word_1_375' title='bbox 469 2742 505 2800; x_wconf 88' lang='lat' dir='ltr'>ab</span> <span class='ocrx_word' id='word_1_376' title='bbox 526 2740 575 2800; x_wconf 89' lang='lat' dir='ltr'>illo</span> <span class='ocrx_word' id='word_1_377' title='bbox 592 2738 696 2798; x_wconf 81' lang='lat' dir='ltr'>fortiter</span> <span class='ocrx_word' id='word_1_378' title='bbox 709 2737 858 2819; x_wconf 76' lang='lat' dir='ltr'>impugna·</span> <span class='ocrx_word' id='word_1_379' title='bbox 912 2745 970 2813; x_wconf 70' lang='grc' dir='ltr'>τὼς</span> <span class='ocrx_word' id='word_1_380' title='bbox 983 2741 1110 2810; x_wconf 84' lang='grc' dir='ltr'>πιστούς·</span> <span class='ocrx_word' id='word_1_381' title='bbox 1124 2739 1246 2820; x_wconf 75' lang='grc' dir='ltr'>οὐδεμίαν</span> <span class='ocrx_word' id='word_1_382' title='bbox 1260 2738 1401 2800; x_wconf 71' lang='grc' dir='ltr'>κατέλιπεν</span> <span class='ocrx_word' id='word_1_383' title='bbox 1413 2739 1567 2820; x_wconf 73' lang='grc' dir='ltr'>θπερὸολήν</span> <span class='ocrx_word' id='word_1_384' title='bbox 1580 2741 1681 2820; x_wconf 87' lang='grc' dir='ltr'>μανίας·</span> 
     </span>
     <span class='ocr_line' id='line_1_31' title="bbox 112 2822 1681 2917; baseline -0.001 -24"><span class='ocrx_word' id='word_1_385' title='bbox 112 2848 214 2894; x_wconf 82' lang='lat' dir='ltr'>rentur.</span> <span class='ocrx_word' id='word_1_386' title='bbox 221 2835 335 2895; x_wconf 88' lang='lat' dir='ltr'>Nullum</span> <span class='ocrx_word' id='word_1_387' title='bbox 344 2855 395 2894; x_wconf 91' lang='lat' dir='ltr'>non</span> <span class='ocrx_word' id='word_1_388' title='bbox 406 2834 525 2894; x_wconf 78' lang='lat' dir='ltr'>furorem</span> <span class='ocrx_word' id='word_1_389' title='bbox 536 2846 607 2892; x_wconf 87' lang='lat' dir='ltr'>retro</span> <span class='ocrx_word' id='word_1_390' title='bbox 619 2831 762 2911; x_wconf 69' lang='lat' dir='ltr'>relinquit,</span> <span class='ocrx_word' id='word_1_391' title='bbox 772 2830 859 2890; x_wconf 92' lang='lat' dir='ltr'>omni-</span> <span class='ocrx_word' id='word_1_392' title='bbox 876 2847 895 2895; x_wconf 79' lang='grc' dir='ltr'><strong>Β</strong></span> <span class='ocrx_word' id='word_1_393' title='bbox 912 2837 1018 2897; x_wconf 71' lang='grc' dir='ltr'>πάντων</span> <span class='ocrx_word' id='word_1_394' title='bbox 1034 2833 1204 2916; x_wconf 79' lang='grc' dir='ltr'>σροδρότερος</span> <span class='ocrx_word' id='word_1_395' title='bbox 1216 2823 1291 2901; x_wconf 71' lang='grc' dir='ltr'>οὗτος</span> <span class='ocrx_word' id='word_1_396' title='bbox 1308 2822 1350 2904; x_wconf 84' lang='grc' dir='ltr'>ήν.</span> <span class='ocrx_word' id='word_1_397' title='bbox 1376 2834 1491 2904; x_wconf 78' lang='grc' dir='ltr'>Ἐπειδὴ</span> <span class='ocrx_word' id='word_1_398' title='bbox 1505 2831 1534 2892; x_wconf 76' lang='grc' dir='ltr'>δέ</span> <span class='ocrx_word' id='word_1_399' title='bbox 1547 2833 1681 2917; x_wconf 79' lang='grc' dir='ltr'>ἐπηρώθη,</span> 
     </span>
     <span class='ocr_line' id='line_1_32' title="bbox 112 2922 1685 3008; baseline 0.001 -24"><span class='ocrx_word' id='word_1_400' title='bbox 112 2926 164 2985; x_wconf 91' lang='lat' dir='ltr'>bus</span> <span class='ocrx_word' id='word_1_401' title='bbox 182 2927 228 2986; x_wconf 90' lang='lat' dir='ltr'>hic</span> <span class='ocrx_word' id='word_1_402' title='bbox 246 2928 334 2987; x_wconf 88' lang='lat' dir='ltr'>ncrior</span> <span class='ocrx_word' id='word_1_403' title='bbox 350 2941 415 2988; x_wconf 87' lang='lat' dir='ltr'>erat.</span> <span class='ocrx_word' id='word_1_404' title='bbox 431 2928 501 2987; x_wconf 89' lang='lat' dir='ltr'>Cum</span> <span class='ocrx_word' id='word_1_405' title='bbox 520 2939 610 2986; x_wconf 88' lang='lat' dir='ltr'>autem</span> <span class='ocrx_word' id='word_1_406' title='bbox 631 2936 780 2984; x_wconf 78' lang='lat' dir='ltr'>excusatus</span> <span class='ocrx_word' id='word_1_407' title='bbox 792 2922 856 3002; x_wconf 84' lang='lat' dir='ltr'>suit,</span> <span class='ocrx_word' id='word_1_408' title='bbox 912 2930 973 2992; x_wconf 62' lang='grc' dir='ltr'>σόει</span> <span class='ocrx_word' id='word_1_409' title='bbox 990 2932 1038 3001; x_wconf 71' lang='grc' dir='ltr'>σῇς</span> <span class='ocrx_word' id='word_1_410' title='bbox 1060 2925 1212 2993; x_wconf 77' lang='grc' dir='ltr'>δεσποτείας</span> <span class='ocrx_word' id='word_1_411' title='bbox 1228 2926 1308 2984; x_wconf 80' lang='grc' dir='ltr'>αὐτοῦ</span> <span class='ocrx_word' id='word_1_412' title='bbox 1321 2923 1357 2984; x_wconf 84' lang='grc' dir='ltr'>τά</span> <span class='ocrx_word' id='word_1_413' title='bbox 1371 2923 1505 3008; x_wconf 86' lang='grc' dir='ltr'>τεκμήρια</span> <span class='ocrx_word' id='word_1_414' title='bbox 1520 2925 1569 2985; x_wconf 79' lang='grc' dir='ltr'>καὶ</span> <span class='ocrx_word' id='word_1_415' title='bbox 1583 2930 1631 3000; x_wconf 75' lang='grc' dir='ltr'>τῆς</span> <span class='ocrx_word' id='word_1_416' title='bbox 1643 2950 1685 3008; x_wconf 83' lang='grc' dir='ltr'>ρι-</span> 
     </span>
     <span class='ocr_line' id='line_1_33' title="bbox 112 3014 1682 3100; baseline 0.001 -23"><span class='ocrx_word' id='word_1_417' title='bbox 112 3033 177 3078; x_wconf 90' lang='lat' dir='ltr'>tunc</span> <span class='ocrx_word' id='word_1_418' title='bbox 185 3019 376 3080; x_wconf 88' lang='lat' dir='ltr'>dominationis</span> <span class='ocrx_word' id='word_1_419' title='bbox 388 3032 415 3078; x_wconf 88' lang='lat' dir='ltr'>et</span> <span class='ocrx_word' id='word_1_420' title='bbox 426 3017 572 3079; x_wconf 75' lang='lat' dir='ltr'>dementia</span> <span class='ocrx_word' id='word_1_421' title='bbox 586 3017 644 3097; x_wconf 86' lang='lat' dir='ltr'>ejus</span> <span class='ocrx_word' id='word_1_422' title='bbox 658 3014 759 3075; x_wconf 85' lang='lat' dir='ltr'>indicia</span> <span class='ocrx_word' id='word_1_423' title='bbox 772 3035 857 3095; x_wconf 75' lang='lat' dir='ltr'>agno·</span> <span class='ocrx_word' id='word_1_424' title='bbox 912 3019 1079 3098; x_wconf 71' lang='grc' dir='ltr'>λσνθρωπίας</span> <span class='ocrx_word' id='word_1_425' title='bbox 1092 3016 1229 3098; x_wconf 72' lang='grc' dir='ltr'>γνωρίζει·</span> <span class='ocrx_word' id='word_1_426' title='bbox 1249 3015 1267 3088; x_wconf 81' lang='grc' dir='ltr'>ἢ</span> <span class='ocrx_word' id='word_1_427' title='bbox 1288 3015 1335 3077; x_wconf 84' lang='grc' dir='ltr'>καλ</span> <span class='ocrx_word' id='word_1_428' title='bbox 1348 3015 1392 3075; x_wconf 77' lang='lat' dir='ltr'>lvo</span> <span class='ocrx_word' id='word_1_429' title='bbox 1413 3015 1451 3095; x_wconf 89' lang='grc' dir='ltr'>μή</span> <span class='ocrx_word' id='word_1_430' title='bbox 1471 3040 1513 3086; x_wconf 87' lang='grc' dir='ltr'>τις</span> <span class='ocrx_word' id='word_1_431' title='bbox 1533 3016 1620 3100; x_wconf 82' lang='grc' dir='ltr'>εἶπη,</span> <span class='ocrx_word' id='word_1_432' title='bbox 1642 3020 1682 3078; x_wconf 83' lang='grc' dir='ltr'>δτι</span> 
     </span>
     <span class='ocr_line' id='line_1_34' title="bbox 113 3105 1682 3194; baseline 0 -25"><span class='ocrx_word' id='word_1_433' title='bbox 113 3111 153 3170; x_wconf 85' lang='lat' dir='ltr'>vit</span> <span class='ocrx_word' id='word_1_434' title='bbox 165 3134 171 3167; x_wconf 90' lang='lat'>:</span> <span class='ocrx_word' id='word_1_435' title='bbox 184 3111 226 3171; x_wconf 87' lang='lat' dir='ltr'>vel</span> <span class='ocrx_word' id='word_1_436' title='bbox 246 3112 343 3187; x_wconf 89' lang='lat' dir='ltr'>otiam,</span> <span class='ocrx_word' id='word_1_437' title='bbox 359 3110 466 3191; x_wconf 83' lang='lat' dir='ltr'>nequis</span> <span class='ocrx_word' id='word_1_438' title='bbox 478 3108 578 3169; x_wconf 89' lang='lat' dir='ltr'>dioeret</span> <span class='ocrx_word' id='word_1_439' title='bbox 591 3109 682 3188; x_wconf 88' lang='lat' dir='ltr'>ipsum</span> <span class='ocrx_word' id='word_1_440' title='bbox 704 3105 854 3166; x_wconf 79' lang='lat' dir='ltr'>simulasse.</span> <span class='ocrx_word' id='word_1_441' title='bbox 911 3113 1078 3194; x_wconf 62' lang='grc' dir='ltr'>ὑπεκρίνατο.</span> <span class='ocrx_word' id='word_1_442' title='bbox 1093 3113 1158 3178; x_wconf 85' lang='grc' dir='ltr'>Πῶς</span> <span class='ocrx_word' id='word_1_443' title='bbox 1171 3108 1241 3190; x_wconf 71' lang='grc' dir='ltr'>γὰρ,</span> <span class='ocrx_word' id='word_1_444' title='bbox 1257 3108 1405 3186; x_wconf 78' lang='grc' dir='ltr'>θαίμιίτων</span> <span class='ocrx_word' id='word_1_445' title='bbox 1420 3109 1580 3186; x_wconf 76' lang='grc' dir='ltr'>ἐπιθυμῶν,</span> <span class='ocrx_word' id='word_1_446' title='bbox 1603 3113 1682 3179; x_wconf 83' lang='grc' dir='ltr'>δτοῐς</span> 
     </span>
     <span class='ocr_line' id='line_1_35' title="bbox 113 3196 1680 3287; baseline 0 -27"><span class='ocrx_word' id='word_1_447' title='bbox 113 3201 256 3272; x_wconf 88' lang='lat' dir='ltr'><strong>Quomodo</strong></span> <span class='ocrx_word' id='word_1_448' title='bbox 266 3203 348 3277; x_wconf 87' lang='lat' dir='ltr'>enim,</span> <span class='ocrx_word' id='word_1_449' title='bbox 362 3202 410 3282; x_wconf 91' lang='lat' dir='ltr'>qui</span> <span class='ocrx_word' id='word_1_450' title='bbox 424 3201 581 3281; x_wconf 76' lang='lat' dir='ltr'>sanguinem</span> <span class='ocrx_word' id='word_1_451' title='bbox 594 3198 750 3278; x_wconf 80' lang='lat' dir='ltr'>expetierat,</span> <span class='ocrx_word' id='word_1_452' title='bbox 765 3196 812 3275; x_wconf 94' lang='lat' dir='ltr'>qui</span> <span class='ocrx_word' id='word_1_453' title='bbox 822 3197 858 3257; x_wconf 91' lang='lat' dir='ltr'>ad</span> <span class='ocrx_word' id='word_1_454' title='bbox 912 3209 1009 3287; x_wconf 67' lang='grc' dir='ltr'>ἱερεῦσι</span> <span class='ocrx_word' id='word_1_455' title='bbox 1016 3202 1201 3285; x_wconf 49' lang='lat' dir='ltr'>amaedeo</span> <span class='ocrx_word' id='word_1_456' title='bbox 1214 3204 1251 3268; x_wconf 79' lang='grc' dir='ltr'>εἰς</span> <span class='ocrx_word' id='word_1_457' title='bbox 1259 3199 1391 3283; x_wconf 74' lang='grc' dir='ltr'>κινδύνοις</span> <span class='ocrx_word' id='word_1_458' title='bbox 1404 3199 1497 3260; x_wconf 57' lang='lat' dir='ltr'>tasas</span> <span class='ocrx_word' id='word_1_459' title='bbox 1509 3200 1680 3283; x_wconf 73' lang='grc' dir='ltr'>ἀπορρίπτων,</span> 
     </span>
     <span class='ocr_line' id='line_1_36' title="bbox 114 3283 1683 3375; baseline -0.002 -22"><span class='ocrx_word' id='word_1_460' title='bbox 114 3293 263 3354; x_wconf 90' lang='lat' dir='ltr'>sacerdotes</span> <span class='ocrx_word' id='word_1_461' title='bbox 275 3307 431 3372; x_wconf 75' lang='lat' dir='ltr'>accesserat,</span> <span class='ocrx_word' id='word_1_462' title='bbox 440 3292 494 3373; x_wconf 29' lang='lat' dir='ltr'>*qui</span> <span class='ocrx_word' id='word_1_463' title='bbox 507 3293 535 3351; x_wconf 92' lang='lat' dir='ltr'>in</span> <span class='ocrx_word' id='word_1_464' title='bbox 549 3289 668 3373; x_wconf 88' lang='lat' dir='ltr'>pericula</span> <span class='ocrx_word' id='word_1_465' title='bbox 684 3310 712 3350; x_wconf 87' lang='lat' dir='ltr'>se</span> <span class='ocrx_word' id='word_1_466' title='bbox 732 3290 858 3370; x_wconf 88' lang='lat' dir='ltr'>oonjieie·</span> <span class='ocrx_word' id='word_1_467' title='bbox 911 3296 957 3358; x_wconf 67' lang='grc' dir='ltr'>καὶ</span> <span class='ocrx_word' id='word_1_468' title='bbox 967 3295 1084 3365; x_wconf 72' lang='grc' dir='ltr'>σσὺςέξω</span> <span class='ocrx_word' id='word_1_469' title='bbox 1093 3293 1207 3354; x_wconf 79' lang='grc' dir='ltr'>ἐλαύνων</span> <span class='ocrx_word' id='word_1_470' title='bbox 1217 3292 1261 3353; x_wconf 79' lang='grc' dir='ltr'>καὶ</span> <span class='ocrx_word' id='word_1_471' title='bbox 1271 3291 1475 3374; x_wconf 77' lang='grc' dir='ltr'>τιμωρούμενος,</span> <span class='ocrx_word' id='word_1_472' title='bbox 1485 3283 1628 3360; x_wconf 67' lang='grc' dir='ltr'>Οὗτοςαέν</span> <span class='ocrx_word' id='word_1_473' title='bbox 1638 3319 1683 3375; x_wconf 76' lang='grc' dir='ltr'>με.</span> 
     </span>
     <span class='ocr_line' id='line_1_37' title="bbox 113 3380 1681 3468; baseline 0.001 -23"><span class='ocrx_word' id='word_1_474' title='bbox 113 3386 171 3463; x_wconf 87' lang='lat' dir='ltr'>bat,</span> <span class='ocrx_word' id='word_1_475' title='bbox 187 3386 234 3465; x_wconf 91' lang='lat' dir='ltr'>qui</span> <span class='ocrx_word' id='word_1_476' title='bbox 248 3401 373 3448; x_wconf 76' lang='lat' dir='ltr'>externos</span> <span class='ocrx_word' id='word_1_477' title='bbox 393 3385 474 3446; x_wconf 89' lang='lat' dir='ltr'>etiarn</span> <span class='ocrx_word' id='word_1_478' title='bbox 494 3383 612 3468; x_wconf 89' lang='lat' dir='ltr'>pellebat</span> <span class='ocrx_word' id='word_1_479' title='bbox 625 3395 652 3442; x_wconf 90' lang='lat' dir='ltr'>et</span> <span class='ocrx_word' id='word_1_480' title='bbox 665 3381 806 3462; x_wconf 82' lang='lat' dir='ltr'>puniebat,</span> <span class='ocrx_word' id='word_1_481' title='bbox 820 3380 858 3441; x_wconf 90' lang='lat' dir='ltr'>si·</span> <span class='ocrx_word' id='word_1_482' title='bbox 911 3389 945 3449; x_wconf 67' lang='grc' dir='ltr'>τὰ</span> <span class='ocrx_word' id='word_1_483' title='bbox 956 3393 1040 3448; x_wconf 69' lang='grc' dir='ltr'>ταῦτα</span> <span class='ocrx_word' id='word_1_484' title='bbox 1046 3386 1133 3446; x_wconf 75' lang='grc' dir='ltr'>πάντα</span> <span class='ocrx_word' id='word_1_485' title='bbox 1139 3383 1187 3456; x_wconf 75' lang='grc' dir='ltr'>τήν</span> <span class='ocrx_word' id='word_1_486' title='bbox 1196 3383 1348 3460; x_wconf 82' lang='grc' dir='ltr'>δεσποτείαν</span> <span class='ocrx_word' id='word_1_487' title='bbox 1358 3385 1490 3464; x_wconf 81' lang='grc' dir='ltr'>ὁμολογεῖ.</span> <span class='ocrx_word' id='word_1_488' title='bbox 1502 3383 1590 3444; x_wconf 62' lang='lat' dir='ltr'>uitet</span> <span class='ocrx_word' id='word_1_489' title='bbox 1599 3385 1628 3447; x_wconf 85' lang='grc' dir='ltr'>δέ</span> <span class='ocrx_word' id='word_1_490' title='bbox 1637 3389 1681 3448; x_wconf 83' lang='grc' dir='ltr'>αἰκ</span> 
     </span>
     <span class='ocr_line' id='line_1_38' title="bbox 113 3469 1682 3561; baseline -0.002 -26"><span class='ocrx_word' id='word_1_491' title='bbox 113 3478 261 3537; x_wconf 79' lang='lat' dir='ltr'>mulasset?</span> <span class='ocrx_word' id='word_1_492' title='bbox 274 3478 326 3540; x_wconf 89' lang='lat' dir='ltr'>Hie</span> <span class='ocrx_word' id='word_1_493' title='bbox 340 3478 424 3559; x_wconf 79' lang='lat' dir='ltr'>igitur</span> <span class='ocrx_word' id='word_1_494' title='bbox 436 3489 496 3560; x_wconf 90' lang='lat' dir='ltr'>post</span> <span class='ocrx_word' id='word_1_495' title='bbox 517 3476 576 3534; x_wconf 85' lang='lat' dir='ltr'>baec</span> <span class='ocrx_word' id='word_1_496' title='bbox 587 3472 677 3534; x_wconf 89' lang='lat' dir='ltr'>omnia</span> <span class='ocrx_word' id='word_1_497' title='bbox 697 3471 858 3533; x_wconf 89' lang='lat' dir='ltr'>dominatio-</span> <span class='ocrx_word' id='word_1_498' title='bbox 913 3483 984 3542; x_wconf 75' lang='grc' dir='ltr'>ἔιδσι</span> <span class='ocrx_word' id='word_1_499' title='bbox 997 3483 1070 3560; x_wconf 74' lang='grc' dir='ltr'>ἐισῇ</span> <span class='ocrx_word' id='word_1_500' title='bbox 1086 3477 1162 3539; x_wconf 72' lang='grc' dir='ltr'>πόλει</span> <span class='ocrx_word' id='word_1_501' title='bbox 1175 3469 1375 3559; x_wconf 75' lang='grc' dir='ltr'>περιησιράρθη</span> <span class='ocrx_word' id='word_1_502' title='bbox 1388 3480 1427 3558; x_wconf 78' lang='grc' dir='ltr'>τῷ</span> <span class='ocrx_word' id='word_1_503' title='bbox 1441 3475 1524 3558; x_wconf 77' lang='grc' dir='ltr'>φωτί,</span> <span class='ocrx_word' id='word_1_504' title='bbox 1542 3477 1614 3538; x_wconf 71' lang='grc' dir='ltr'>ἀλλὰ</span> <span class='ocrx_word' id='word_1_505' title='bbox 1632 3479 1682 3561; x_wconf 69' lang='grc' dir='ltr'>πρὸ</span> 
     </span>
     <span class='ocr_line' id='line_1_39' title="bbox 113 3566 1682 3649; baseline -0.001 -20"><span class='ocrx_word' id='word_1_506' title='bbox 113 3592 175 3630; x_wconf 90' lang='lat' dir='ltr'>nem</span> <span class='ocrx_word' id='word_1_507' title='bbox 186 3572 338 3631; x_wconf 82' lang='lat' dir='ltr'>confitetur.</span> <span class='ocrx_word' id='word_1_508' title='bbox 352 3571 408 3630; x_wconf 89' lang='lat' dir='ltr'>Cur</span> <span class='ocrx_word' id='word_1_509' title='bbox 418 3583 507 3630; x_wconf 90' lang='lat' dir='ltr'>autem</span> <span class='ocrx_word' id='word_1_510' title='bbox 520 3590 572 3628; x_wconf 94' lang='lat' dir='ltr'>non</span> <span class='ocrx_word' id='word_1_511' title='bbox 587 3567 657 3627; x_wconf 88' lang='lat' dir='ltr'>intra</span> <span class='ocrx_word' id='word_1_512' title='bbox 666 3566 753 3649; x_wconf 89' lang='lat' dir='ltr'>ipsam</span> <span class='ocrx_word' id='word_1_513' title='bbox 764 3567 858 3628; x_wconf 89' lang='lat' dir='ltr'>urbem</span> <span class='ocrx_word' id='word_1_514' title='bbox 913 3579 1008 3649; x_wconf 47' lang='grc' dir='ltr'>αὐτῆς</span> <span class='ocrx_word' id='word_1_515' title='bbox 1030 3573 1097 3634; x_wconf 80' lang='grc' dir='ltr'>Ὅτί</span> <span class='ocrx_word' id='word_1_516' title='bbox 1112 3573 1160 3632; x_wconf 74' lang='grc' dir='ltr'>οὐκ</span> <span class='ocrx_word' id='word_1_517' title='bbox 1172 3569 1203 3629; x_wconf 73' lang='grc' dir='ltr'>ἂν</span> <span class='ocrx_word' id='word_1_518' title='bbox 1217 3569 1412 3630; x_wconf 81' lang='grc' dir='ltr'>ἐπίστευσανοί</span> <span class='ocrx_word' id='word_1_519' title='bbox 1429 3568 1543 3642; x_wconf 74' lang='grc' dir='ltr'>πολλοὶ,</span> <span class='ocrx_word' id='word_1_520' title='bbox 1557 3570 1682 3632; x_wconf 76' lang='grc' dir='ltr'>ἀλλὰκαὶ</span> 
     </span>
     <span class='ocr_line' id='line_1_40' title="bbox 113 3658 1681 3748; baseline 0.004 -30"><span class='ocrx_word' id='word_1_521' title='bbox 113 3660 252 3722; x_wconf 79' lang='lat' dir='ltr'>luxillunr</span> <span class='ocrx_word' id='word_1_522' title='bbox 262 3661 451 3738; x_wconf 79' lang='lat' dir='ltr'>circumfulsit,</span> <span class='ocrx_word' id='word_1_523' title='bbox 463 3659 510 3721; x_wconf 85' lang='lat' dir='ltr'>sed</span> <span class='ocrx_word' id='word_1_524' title='bbox 520 3673 583 3719; x_wconf 90' lang='lat' dir='ltr'>ante</span> <span class='ocrx_word' id='word_1_525' title='bbox 595 3658 692 3719; x_wconf 82' lang='lat' dir='ltr'>illami&#39;</span> <span class='ocrx_word' id='word_1_526' title='bbox 703 3658 777 3734; x_wconf 85' lang='lat' dir='ltr'>Quia</span> <span class='ocrx_word' id='word_1_527' title='bbox 787 3659 857 3718; x_wconf 90' lang='lat' dir='ltr'>mul·</span> <span class='ocrx_word' id='word_1_528' title='bbox 912 3667 1056 3748; x_wconf 67' lang='grc' dir='ltr'>ῑχλεύιισσιι</span> <span class='ocrx_word' id='word_1_529' title='bbox 1077 3666 1126 3726; x_wconf 86' lang='grc' dir='ltr'>ἄν·</span> <span class='ocrx_word' id='word_1_530' title='bbox 1149 3664 1216 3725; x_wconf 78' lang='grc' dir='ltr'>ὅπου</span> <span class='ocrx_word' id='word_1_531' title='bbox 1230 3686 1261 3742; x_wconf 89' lang='grc' dir='ltr'>γε</span> <span class='ocrx_word' id='word_1_532' title='bbox 1279 3660 1324 3721; x_wconf 80' lang='grc' dir='ltr'>καὶ</span> <span class='ocrx_word' id='word_1_533' title='bbox 1342 3665 1396 3721; x_wconf 81' lang='grc' dir='ltr'>ἐκεῖ</span> <span class='ocrx_word' id='word_1_534' title='bbox 1415 3660 1515 3721; x_wconf 82' lang='grc' dir='ltr'>ἀνωθεν</span> <span class='ocrx_word' id='word_1_535' title='bbox 1530 3663 1681 3746; x_wconf 83' lang='grc' dir='ltr'>ἐνεχθείσης</span> 
     </span>
     <span class='ocr_line' id='line_1_41' title="bbox 113 3747 1681 3842; baseline -0.001 -29"><span class='ocrx_word' id='word_1_536' title='bbox 113 3753 136 3813; x_wconf 87' lang='lat' dir='ltr'>ti</span> <span class='ocrx_word' id='word_1_537' title='bbox 151 3775 202 3814; x_wconf 91' lang='lat' dir='ltr'>non</span> <span class='ocrx_word' id='word_1_538' title='bbox 219 3755 408 3832; x_wconf 80' lang='lat' dir='ltr'>credidissent,</span> <span class='ocrx_word' id='word_1_539' title='bbox 423 3753 477 3813; x_wconf 89' lang='lat' dir='ltr'>imo</span> <span class='ocrx_word' id='word_1_540' title='bbox 491 3754 561 3813; x_wconf 86' lang='lat' dir='ltr'>sorte</span> <span class='ocrx_word' id='word_1_541' title='bbox 583 3751 721 3826; x_wconf 87' lang='lat' dir='ltr'>risissent,</span> <span class='ocrx_word' id='word_1_542' title='bbox 735 3751 858 3830; x_wconf 90' lang='lat' dir='ltr'>quaudo·</span> <span class='ocrx_word' id='word_1_543' title='bbox 912 3765 1000 3842; x_wconf 71' lang='grc' dir='ltr'>φωνῆς</span> <span class='ocrx_word' id='word_1_544' title='bbox 1015 3759 1154 3824; x_wconf 59' lang='lat' dir='ltr'>ambosve&lt;</span> <span class='ocrx_word' id='word_1_545' title='bbox 1174 3755 1281 3836; x_wconf 85' lang='grc' dir='ltr'>ἐλεγον,</span> <span class='ocrx_word' id='word_1_546' title='bbox 1294 3753 1335 3814; x_wconf 79' lang='grc' dir='ltr'>ὅτι</span> <span class='ocrx_word' id='word_1_547' title='bbox 1348 3752 1450 3834; x_wconf 82' lang='grc' dir='ltr'>Βρονιή</span> <span class='ocrx_word' id='word_1_548' title='bbox 1465 3755 1555 3814; x_wconf 85' lang='grc' dir='ltr'>ἐστιν·</span> <span class='ocrx_word' id='word_1_549' title='bbox 1568 3747 1681 3826; x_wconf 63' lang='lat' dir='ltr'>obtegat</span> 
     </span>
     <span class='ocr_line' id='line_1_42' title="bbox 114 3842 1682 3931; baseline 0.003 -25"><span class='ocrx_word' id='word_1_550' title='bbox 114 3848 223 3927; x_wconf 81' lang='lat' dir='ltr'>quidem</span> <span class='ocrx_word' id='word_1_551' title='bbox 236 3864 262 3909; x_wconf 91' lang='lat' dir='ltr'>et</span> <span class='ocrx_word' id='word_1_552' title='bbox 276 3871 366 3931; x_wconf 89' lang='lat' dir='ltr'>supra,</span> <span class='ocrx_word' id='word_1_553' title='bbox 381 3848 505 3908; x_wconf 89' lang='lat' dir='ltr'>emissam</span> <span class='ocrx_word' id='word_1_554' title='bbox 520 3845 659 3906; x_wconf 82' lang='lat' dir='ltr'>audientes</span> <span class='ocrx_word' id='word_1_555' title='bbox 672 3865 766 3906; x_wconf 82' lang='lat' dir='ltr'>vooem</span> <span class='ocrx_word' id='word_1_556' title='bbox 779 3843 857 3904; x_wconf 87' lang='lat' dir='ltr'>diee-</span> <span class='ocrx_word' id='word_1_557' title='bbox 875 3862 894 3910; x_wconf 71' lang='grc' dir='ltr'>(ἑ</span> <span class='ocrx_word' id='word_1_558' title='bbox 913 3851 1063 3920; x_wconf 72' lang='grc' dir='ltr'>ἀξιόπιστα</span> <span class='ocrx_word' id='word_1_559' title='bbox 1073 3842 1105 3922; x_wconf 84' lang='grc' dir='ltr'>ήν</span> <span class='ocrx_word' id='word_1_560' title='bbox 1119 3846 1292 3927; x_wconf 86' lang='grc' dir='ltr'>ἀπαγγίλλων</span> <span class='ocrx_word' id='word_1_561' title='bbox 1304 3848 1403 3924; x_wconf 77' lang='grc' dir='ltr'>μᾶλλον</span> <span class='ocrx_word' id='word_1_562' title='bbox 1416 3845 1450 3905; x_wconf 77' lang='grc' dir='ltr'>τὰ</span> <span class='ocrx_word' id='word_1_563' title='bbox 1464 3848 1555 3908; x_wconf 74' lang='grc' dir='ltr'>αὐτοῦ.</span> <span class='ocrx_word' id='word_1_564' title='bbox 1577 3849 1631 3909; x_wconf 78' lang='grc' dir='ltr'>Καὶ</span> <span class='ocrx_word' id='word_1_565' title='bbox 1642 3851 1682 3910; x_wconf 84' lang='grc' dir='ltr'>δι·</span> 
     </span>
    </p>
   </div>
   <div class='ocr_carea' id='block_1_4' title="bbox 1 3930 1682 4114">
    <p class='ocr_par' dir='ltr' id='par_1_4' title="bbox 1 3930 1682 4114">
     <span class='ocr_line' id='line_1_43' title="bbox 10 3930 1682 4022; baseline -0.002 -21"><span class='ocrx_word' id='word_1_566' title='bbox 10 3964 31 3991; x_wconf 76' lang='lat' dir='ltr'>n·</span> <span class='ocrx_word' id='word_1_567' title='bbox 77 3981 83 3994; x_wconf 86' lang='lat'><strong>·</strong></span> <span class='ocrx_word' id='word_1_568' title='bbox 113 3942 188 4019; x_wconf 88' lang='lat' dir='ltr'>bant,</span> <span class='ocrx_word' id='word_1_569' title='bbox 207 3945 344 4003; x_wconf 81' lang='lat' dir='ltr'>Tront&#39;tru</span> <span class='ocrx_word' id='word_1_570' title='bbox 352 3956 395 4003; x_wconf 86' lang='lat' dir='ltr'>est</span> <span class='ocrx_word' id='word_1_571' title='bbox 408 3941 472 4001; x_wconf 88' lang='lat' dir='ltr'>:hie</span> <span class='ocrx_word' id='word_1_572' title='bbox 481 3962 542 4002; x_wconf 83' lang='lat' dir='ltr'>vero</span> <span class='ocrx_word' id='word_1_573' title='bbox 552 3939 606 3999; x_wconf 81' lang='lat' dir='ltr'>fide</span> <span class='ocrx_word' id='word_1_574' title='bbox 616 3938 716 4020; x_wconf 75' lang='lat' dir='ltr'>dignus</span> <span class='ocrx_word' id='word_1_575' title='bbox 727 3952 783 3997; x_wconf 87' lang='lat' dir='ltr'>erat</span> <span class='ocrx_word' id='word_1_576' title='bbox 792 3938 859 3998; x_wconf 90' lang='lat' dir='ltr'>dum</span> <span class='ocrx_word' id='word_1_577' title='bbox 913 3943 1020 4022; x_wconf 71' lang='grc' dir='ltr'>λιμένος</span> <span class='ocrx_word' id='word_1_578' title='bbox 1030 3941 1166 4020; x_wconf 74' lang='grc' dir='ltr'>εἰσήγετο,</span> <span class='ocrx_word' id='word_1_579' title='bbox 1181 3936 1410 4021; x_wconf 84' lang='grc' dir='ltr'>οθπερικειμένων</span> <span class='ocrx_word' id='word_1_580' title='bbox 1426 3938 1497 4019; x_wconf 70' lang='grc' dir='ltr'>αὐτῷ</span> <span class='ocrx_word' id='word_1_581' title='bbox 1511 3930 1682 4018; x_wconf 76' lang='grc' dir='ltr'>δεσμῶν,καέ</span> 
     </span>
     <span class='ocr_line' id='line_1_44' title="bbox 1 4027 1682 4114; baseline -0.005 -18"><span class='ocrx_word' id='word_1_582' title='bbox 1 4041 3 4051; x_wconf 82' lang='grc'>’</span> <span class='ocrx_word' id='word_1_583' title='bbox 114 4036 233 4096; x_wconf 85' lang='lat' dir='ltr'>maxime</span> <span class='ocrx_word' id='word_1_584' title='bbox 241 4058 290 4097; x_wconf 85' lang='lat' dir='ltr'>sua</span> <span class='ocrx_word' id='word_1_585' title='bbox 300 4036 444 4096; x_wconf 84' lang='lat' dir='ltr'>nuntiaret.</span> <span class='ocrx_word' id='word_1_586' title='bbox 461 4035 497 4095; x_wconf 91' lang='lat' dir='ltr'>Et</span> <span class='ocrx_word' id='word_1_587' title='bbox 509 4033 610 4114; x_wconf 79' lang='lat' dir='ltr'>ligatus</span> <span class='ocrx_word' id='word_1_588' title='bbox 621 4031 792 4092; x_wconf 86' lang='lat' dir='ltr'>introductus</span> <span class='ocrx_word' id='word_1_589' title='bbox 806 4047 857 4110; x_wconf 78' lang='lat' dir='ltr'>est,</span> <span class='ocrx_word' id='word_1_590' title='bbox 913 4029 999 4097; x_wconf 74' lang='grc' dir='ltr'>εἷλκον</span> <span class='ocrx_word' id='word_1_591' title='bbox 1019 4035 1095 4094; x_wconf 72' lang='grc' dir='ltr'>αὐτὸν</span> <span class='ocrx_word' id='word_1_592' title='bbox 1116 4034 1160 4093; x_wconf 83' lang='grc' dir='ltr'>τὸν</span> <span class='ocrx_word' id='word_1_593' title='bbox 1174 4030 1394 4112; x_wconf 83' lang='grc' dir='ltr'>προσδοκήσαντα</span> <span class='ocrx_word' id='word_1_594' title='bbox 1406 4027 1466 4096; x_wconf 74' lang='grc' dir='ltr'>τοὺς</span> <span class='ocrx_word' id='word_1_595' title='bbox 1483 4030 1580 4100; x_wconf 72' lang='grc' dir='ltr'>ἄλλως</span> <span class='ocrx_word' id='word_1_596' title='bbox 1590 4030 1682 4101; x_wconf 73' lang='grc' dir='ltr'>ἐλξιιν.</span> 
     </span>
    </p>
   </div>
   <div class='ocr_carea' id='block_1_5' title="bbox 114 4118 1683 4488">
    <p class='ocr_par' dir='ltr' id='par_1_5' title="bbox 114 4118 1683 4488">
     <span class='ocr_line' id='line_1_45' title="bbox 114 4118 1682 4211; baseline -0.006 -22"><span class='ocrx_word' id='word_1_597' title='bbox 114 4150 167 4189; x_wconf 93' lang='lat' dir='ltr'>non</span> <span class='ocrx_word' id='word_1_598' title='bbox 182 4128 298 4192; x_wconf 85' lang='lat' dir='ltr'>vinculis</span> <span class='ocrx_word' id='word_1_599' title='bbox 308 4127 460 4211; x_wconf 85' lang='lat' dir='ltr'>impositis;</span> <span class='ocrx_word' id='word_1_600' title='bbox 477 4141 502 4187; x_wconf 87' lang='lat' dir='ltr'>et</span> <span class='ocrx_word' id='word_1_601' title='bbox 515 4123 758 4199; x_wconf 90' lang='lat' dir='ltr'>trahebant-illum,</span> <span class='ocrx_word' id='word_1_602' title='bbox 773 4124 859 4203; x_wconf 89' lang='lat' dir='ltr'>quise</span> <span class='ocrx_word' id='word_1_603' title='bbox 912 4128 992 4196; x_wconf 86' lang='grc' dir='ltr'>Τίνος</span> <span class='ocrx_word' id='word_1_604' title='bbox 1011 4125 1038 4187; x_wconf 87' lang='grc' dir='ltr'>δὲ</span> <span class='ocrx_word' id='word_1_605' title='bbox 1058 4124 1145 4184; x_wconf 78' lang='grc' dir='ltr'>ἕνεκεν</span> <span class='ocrx_word' id='word_1_606' title='bbox 1156 4124 1203 4182; x_wconf 81' lang='grc' dir='ltr'>οὐκ</span> <span class='ocrx_word' id='word_1_607' title='bbox 1213 4123 1309 4204; x_wconf 83' lang='grc' dir='ltr'>ἔφαγεν</span> <span class='ocrx_word' id='word_1_608' title='bbox 1318 4118 1377 4180; x_wconf 74' lang='grc' dir='ltr'>οὐδὲ</span> <span class='ocrx_word' id='word_1_609' title='bbox 1388 4119 1464 4193; x_wconf 76' lang='grc' dir='ltr'>ἔπιες</span> <span class='ocrx_word' id='word_1_610' title='bbox 1480 4121 1682 4201; x_wconf 83' lang='grc' dir='ltr'>Κατεγίνωσκιν</span> 
     </span>
     <span class='ocr_line' id='line_1_46' title="bbox 114 4211 1681 4301; baseline -0.007 -21"><span class='ocrx_word' id='word_1_611' title='bbox 114 4221 181 4280; x_wconf 86' lang='lat' dir='ltr'>alios</span> <span class='ocrx_word' id='word_1_612' title='bbox 191 4234 342 4280; x_wconf 87' lang='lat' dir='ltr'>tracturum</span> <span class='ocrx_word' id='word_1_613' title='bbox 355 4221 488 4301; x_wconf 84' lang='lat' dir='ltr'>sperabat.</span> <span class='ocrx_word' id='word_1_614' title='bbox 504 4221 560 4280; x_wconf 84' lang='lat' dir='ltr'>Cur</span> <span class='ocrx_word' id='word_1_615' title='bbox 570 4233 660 4279; x_wconf 89' lang='lat' dir='ltr'>autem</span> <span class='ocrx_word' id='word_1_616' title='bbox 675 4238 728 4277; x_wconf 94' lang='lat' dir='ltr'>non</span> <span class='ocrx_word' id='word_1_617' title='bbox 742 4216 858 4276; x_wconf 86' lang='lat' dir='ltr'>mandu·</span> <span class='ocrx_word' id='word_1_618' title='bbox 913 4223 1007 4281; x_wconf 79' lang='grc' dir='ltr'>ἑαυτοῦ</span> <span class='ocrx_word' id='word_1_619' title='bbox 1030 4218 1074 4278; x_wconf 86' lang='grc' dir='ltr'>ἐπὶ</span> <span class='ocrx_word' id='word_1_620' title='bbox 1094 4225 1149 4284; x_wconf 83' lang='grc' dir='ltr'>τοῖς</span> <span class='ocrx_word' id='word_1_621' title='bbox 1169 4214 1329 4294; x_wconf 80' lang='grc' dir='ltr'>γινομένοις,</span> <span class='ocrx_word' id='word_1_622' title='bbox 1350 4211 1554 4292; x_wconf 75' lang='grc' dir='ltr'>ἐξωμολογεῖτο,</span> <span class='ocrx_word' id='word_1_623' title='bbox 1577 4215 1681 4298; x_wconf 57' lang='lat' dir='ltr'>qil-pets,</span> 
     </span>
     <span class='ocr_line' id='line_1_47' title="bbox 114 4300 1683 4396; baseline -0.006 -25"><span class='ocrx_word' id='word_1_624' title='bbox 114 4313 186 4372; x_wconf 87' lang='lat' dir='ltr'>eavit</span> <span class='ocrx_word' id='word_1_625' title='bbox 200 4334 286 4391; x_wconf 88' lang='lat' dir='ltr'>neque</span> <span class='ocrx_word' id='word_1_626' title='bbox 306 4313 400 4372; x_wconf 77' lang='lat' dir='ltr'>bibit?</span> <span class='ocrx_word' id='word_1_627' title='bbox 417 4314 472 4373; x_wconf 86' lang='lat' dir='ltr'>Sua</span> <span class='ocrx_word' id='word_1_628' title='bbox 486 4326 560 4392; x_wconf 76' lang='lat' dir='ltr'>gesta</span> <span class='ocrx_word' id='word_1_629' title='bbox 572 4311 734 4396; x_wconf 73' lang='lat' dir='ltr'>damnabat,</span> <span class='ocrx_word' id='word_1_630' title='bbox 747 4310 859 4369; x_wconf 87' lang='lat' dir='ltr'>conlite-</span> <span class='ocrx_word' id='word_1_631' title='bbox 912 4311 1057 4396; x_wconf 78' lang='grc' dir='ltr'>παρεκαλει</span> <span class='ocrx_word' id='word_1_632' title='bbox 1078 4310 1121 4369; x_wconf 88' lang='grc' dir='ltr'>τδν</span> <span class='ocrx_word' id='word_1_633' title='bbox 1146 4306 1225 4368; x_wconf 85' lang='grc' dir='ltr'>Θεόν.</span> <span class='ocrx_word' id='word_1_634' title='bbox 1244 4308 1279 4366; x_wconf 83' lang='grc' dir='ltr'>Εἰ</span> <span class='ocrx_word' id='word_1_635' title='bbox 1293 4304 1320 4366; x_wconf 80' lang='grc' dir='ltr'>δὲ</span> <span class='ocrx_word' id='word_1_636' title='bbox 1333 4305 1406 4385; x_wconf 87' lang='grc' dir='ltr'>λέγοι</span> <span class='ocrx_word' id='word_1_637' title='bbox 1424 4328 1465 4372; x_wconf 91' lang='grc' dir='ltr'>τις</span> <span class='ocrx_word' id='word_1_638' title='bbox 1479 4306 1600 4386; x_wconf 73' lang='grc' dir='ltr'>ἀνάγκης</span> <span class='ocrx_word' id='word_1_639' title='bbox 1619 4300 1683 4369; x_wconf 78' lang='grc' dir='ltr'>εἶναι</span> 
     </span>
     <span class='ocr_line' id='line_1_48' title="bbox 115 4395 1682 4488; baseline -0.001 -26"><span class='ocrx_word' id='word_1_640' title='bbox 115 4403 204 4480; x_wconf 88' lang='lat' dir='ltr'>batur,</span> <span class='ocrx_word' id='word_1_641' title='bbox 218 4405 321 4478; x_wconf 87' lang='lat' dir='ltr'>orabat,</span> <span class='ocrx_word' id='word_1_642' title='bbox 333 4403 445 4483; x_wconf 82' lang='lat' dir='ltr'>rogabat</span> <span class='ocrx_word' id='word_1_643' title='bbox 456 4405 554 4463; x_wconf 88' lang='lat' dir='ltr'>Deum.</span> <span class='ocrx_word' id='word_1_644' title='bbox 569 4403 599 4463; x_wconf 88' lang='lat' dir='ltr'>si</span> <span class='ocrx_word' id='word_1_645' title='bbox 610 4423 674 4463; x_wconf 86' lang='lat' dir='ltr'>vero</span> <span class='ocrx_word' id='word_1_646' title='bbox 687 4401 748 4480; x_wconf 90' lang='lat' dir='ltr'>quis</span> <span class='ocrx_word' id='word_1_647' title='bbox 758 4400 859 4461; x_wconf 85' lang='lat' dir='ltr'>dixerit</span> <span class='ocrx_word' id='word_1_648' title='bbox 912 4404 943 4465; x_wconf 84' lang='grc' dir='ltr'>τδ</span> <span class='ocrx_word' id='word_1_649' title='bbox 955 4415 1067 4484; x_wconf 77' lang='grc' dir='ltr'>πρᾶγμα</span> <span class='ocrx_word' id='word_1_650' title='bbox 1079 4400 1136 4482; x_wconf 76' lang='grc' dir='ltr'>(καί</span> <span class='ocrx_word' id='word_1_651' title='bbox 1149 4397 1202 4481; x_wconf 75' lang='grc' dir='ltr'>γὰρ</span> <span class='ocrx_word' id='word_1_652' title='bbox 1212 4403 1227 4458; x_wconf 84' lang='grc' dir='ltr'>θ</span> <span class='ocrx_word' id='word_1_653' title='bbox 1237 4396 1353 4477; x_wconf 82' lang='grc' dir='ltr'>Ἐλύμας</span> <span class='ocrx_word' id='word_1_654' title='bbox 1363 4397 1394 4457; x_wconf 78' lang='lat' dir='ltr'>rb</span> <span class='ocrx_word' id='word_1_655' title='bbox 1404 4398 1469 4458; x_wconf 82' lang='grc' dir='ltr'>αὐτὸ</span> <span class='ocrx_word' id='word_1_656' title='bbox 1478 4395 1601 4476; x_wconf 85' lang='grc' dir='ltr'>ἐπαθεν),</span> <span class='ocrx_word' id='word_1_657' title='bbox 1610 4404 1682 4488; x_wconf 56' lang='grc' dir='ltr'>ἐραθι</span> 
     </span>
    </p>
   </div>
   <div class='ocr_carea' id='block_1_6' title="bbox 11 4480 1684 4578">
    <p class='ocr_par' dir='ltr' id='par_1_6' title="bbox 11 4480 1684 4578">
     <span class='ocr_line' id='line_1_49' title="bbox 11 4480 1684 4578; baseline -0.002 -24"><span class='ocrx_word' id='word_1_658' title='bbox 11 4540 17 4554; x_wconf 91' lang='grc'><strong>.</strong></span> <span class='ocrx_word' id='word_1_659' title='bbox 68 4538 74 4551; x_wconf 84' lang='grc'><strong>.</strong></span> <span class='ocrx_word' id='word_1_660' title='bbox 114 4496 370 4557; x_wconf 86' lang='lat' dir='ltr'>bocexnecessitate</span> <span class='ocrx_word' id='word_1_661' title='bbox 378 4495 544 4569; x_wconf 83' lang='lat' dir='ltr'>suisse(nam</span> <span class='ocrx_word' id='word_1_662' title='bbox 553 4509 578 4553; x_wconf 91' lang='lat' dir='ltr'>et</span> <span class='ocrx_word' id='word_1_663' title='bbox 588 4493 858 4575; x_wconf 86' lang='lat' dir='ltr'>Elymasbocipsum</span> <span class='ocrx_word' id='word_1_664' title='bbox 914 4520 981 4578; x_wconf 85' lang='grc' dir='ltr'>μεν·</span> <span class='ocrx_word' id='word_1_665' title='bbox 1000 4496 1043 4555; x_wconf 86' lang='grc' dir='ltr'>ναλ</span> <span class='ocrx_word' id='word_1_666' title='bbox 1062 4493 1168 4566; x_wconf 83' lang='grc' dir='ltr'>ἔπαθεν,</span> <span class='ocrx_word' id='word_1_667' title='bbox 1185 4494 1244 4551; x_wconf 81' lang='grc' dir='ltr'>ἀλλ’</span> <span class='ocrx_word' id='word_1_668' title='bbox 1260 4490 1360 4569; x_wconf 84' lang='grc' dir='ltr'>ἔμεινεν</span> <span class='ocrx_word' id='word_1_669' title='bbox 1374 4480 1484 4571; x_wconf 74' lang='grc' dir='ltr'>ωςεῖχε.</span> <span class='ocrx_word' id='word_1_670' title='bbox 1504 4486 1684 4561; x_wconf 74' lang='grc' dir='ltr'>Πῶςοδνώιι</span> 
     </span>
    </p>
   </div>
   <div class='ocr_carea' id='block_1_7' title="bbox 112 4579 1685 4945">
    <p class='ocr_par' dir='ltr' id='par_1_7' title="bbox 112 4579 1685 4945">
     <span class='ocr_line' id='line_1_50' title="bbox 114 4579 1684 4671; baseline -0.002 -23"><span class='ocrx_word' id='word_1_671' title='bbox 114 4610 209 4671; x_wconf 91' lang='lat' dir='ltr'>passus</span> <span class='ocrx_word' id='word_1_672' title='bbox 229 4594 299 4665; x_wconf 83' lang='lat' dir='ltr'>est),</span> <span class='ocrx_word' id='word_1_673' title='bbox 322 4586 663 4669; x_wconf 74' lang='lat' dir='ltr'>respondebimuszbtiam</span> <span class='ocrx_word' id='word_1_674' title='bbox 688 4606 782 4666; x_wconf 88' lang='lat' dir='ltr'>passus</span> <span class='ocrx_word' id='word_1_675' title='bbox 802 4600 859 4661; x_wconf 89' lang='lat' dir='ltr'>est,</span> <span class='ocrx_word' id='word_1_676' title='bbox 913 4588 1082 4669; x_wconf 79' lang='grc' dir='ltr'>ηναγκοίσθη;</span> <span class='ocrx_word' id='word_1_677' title='bbox 1109 4582 1209 4644; x_wconf 75' lang='lat' dir='ltr'>liniri</span> <span class='ocrx_word' id='word_1_678' title='bbox 1231 4579 1492 4660; x_wconf 81' lang='grc' dir='ltr'>ἀναγκαστικώτιρον</span> <span class='ocrx_word' id='word_1_679' title='bbox 1508 4589 1556 4644; x_wconf 78' lang='grc' dir='ltr'>τοῦ</span> <span class='ocrx_word' id='word_1_680' title='bbox 1574 4594 1684 4666; x_wconf 73' lang='grc' dir='ltr'>σεισμῶ</span> 
     </span>
     <span class='ocr_line' id='line_1_51' title="bbox 112 4675 1685 4760; baseline -0.004 -17"><span class='ocrx_word' id='word_1_681' title='bbox 112 4682 160 4743; x_wconf 88' lang='lat' dir='ltr'>sed</span> <span class='ocrx_word' id='word_1_682' title='bbox 173 4680 282 4755; x_wconf 90' lang='lat' dir='ltr'>mansit,</span> <span class='ocrx_word' id='word_1_683' title='bbox 294 4694 324 4739; x_wconf 94' lang='lat' dir='ltr'>ut</span> <span class='ocrx_word' id='word_1_684' title='bbox 338 4694 402 4739; x_wconf 90' lang='lat' dir='ltr'>erat.</span> <span class='ocrx_word' id='word_1_685' title='bbox 423 4679 566 4752; x_wconf 89' lang='lat' dir='ltr'>Quomodo</span> <span class='ocrx_word' id='word_1_686' title='bbox 587 4679 671 4758; x_wconf 77' lang='lat' dir='ltr'>igitur</span> <span class='ocrx_word' id='word_1_687' title='bbox 688 4699 741 4737; x_wconf 93' lang='lat' dir='ltr'>non</span> <span class='ocrx_word' id='word_1_688' title='bbox 753 4692 859 4738; x_wconf 87' lang='lat' dir='ltr'>coactus</span> <span class='ocrx_word' id='word_1_689' title='bbox 913 4689 959 4741; x_wconf 80' lang='grc' dir='ltr'>τοῦ</span> <span class='ocrx_word' id='word_1_690' title='bbox 972 4681 1015 4741; x_wconf 76' lang='grc' dir='ltr'>ἐπὶ</span> <span class='ocrx_word' id='word_1_691' title='bbox 1032 4682 1080 4749; x_wconf 78' lang='grc' dir='ltr'>τῆς</span> <span class='ocrx_word' id='word_1_692' title='bbox 1092 4675 1269 4749; x_wconf 73' lang='grc' dir='ltr'>ἀναστάσεως,</span> <span class='ocrx_word' id='word_1_693' title='bbox 1281 4678 1335 4733; x_wconf 84' lang='grc' dir='ltr'>τῶν</span> <span class='ocrx_word' id='word_1_694' title='bbox 1349 4678 1519 4752; x_wconf 80' lang='grc' dir='ltr'>στρατιωτῶν</span> <span class='ocrx_word' id='word_1_695' title='bbox 1533 4681 1587 4736; x_wconf 87' lang='grc' dir='ltr'>τῶν</span> <span class='ocrx_word' id='word_1_696' title='bbox 1600 4682 1685 4760; x_wconf 77' lang='grc' dir='ltr'>ἀπαγ·</span> 
     </span>
     <span class='ocr_line' id='line_1_52' title="bbox 113 4766 1684 4852; baseline -0.003 -17"><span class='ocrx_word' id='word_1_697' title='bbox 113 4775 171 4836; x_wconf 80' lang='lat' dir='ltr'>est?</span> <span class='ocrx_word' id='word_1_698' title='bbox 188 4773 294 4852; x_wconf 70' lang='lat' dir='ltr'>Ecquid</span> <span class='ocrx_word' id='word_1_699' title='bbox 315 4772 403 4852; x_wconf 81' lang='lat' dir='ltr'>magis</span> <span class='ocrx_word' id='word_1_700' title='bbox 426 4791 520 4849; x_wconf 80' lang='lat' dir='ltr'>cogere</span> <span class='ocrx_word' id='word_1_701' title='bbox 543 4785 658 4851; x_wconf 88' lang='lat' dir='ltr'>poterat,</span> <span class='ocrx_word' id='word_1_702' title='bbox 679 4793 763 4849; x_wconf 86' lang='lat' dir='ltr'>quam</span> <span class='ocrx_word' id='word_1_703' title='bbox 784 4784 859 4830; x_wconf 77' lang='lat' dir='ltr'>terra</span> <span class='ocrx_word' id='word_1_704' title='bbox 912 4774 1067 4851; x_wconf 89' lang='grc' dir='ltr'>γειλοίντων,</span> <span class='ocrx_word' id='word_1_705' title='bbox 1087 4772 1139 4828; x_wconf 83' lang='grc' dir='ltr'>τῶν</span> <span class='ocrx_word' id='word_1_706' title='bbox 1154 4766 1271 4846; x_wconf 85' lang='grc' dir='ltr'>σημείων</span> <span class='ocrx_word' id='word_1_707' title='bbox 1286 4771 1339 4826; x_wconf 83' lang='grc' dir='ltr'>τῶν</span> <span class='ocrx_word' id='word_1_708' title='bbox 1358 4766 1455 4839; x_wconf 74' lang='grc' dir='ltr'>ἄλλων,</span> <span class='ocrx_word' id='word_1_709' title='bbox 1469 4772 1516 4825; x_wconf 78' lang='grc' dir='ltr'>τοῦ</span> <span class='ocrx_word' id='word_1_710' title='bbox 1532 4769 1597 4830; x_wconf 79' lang='grc' dir='ltr'>ἰδεῖν</span> <span class='ocrx_word' id='word_1_711' title='bbox 1609 4774 1684 4834; x_wconf 78' lang='grc' dir='ltr'>αι’πδν</span> 
     </span>
     <span class='ocr_line' id='line_1_53' title="bbox 114 4858 1683 4945; baseline -0.004 -18"><span class='ocrx_word' id='word_1_712' title='bbox 114 4882 202 4927; x_wconf 89' lang='lat' dir='ltr'>motus</span> <span class='ocrx_word' id='word_1_713' title='bbox 213 4866 240 4926; x_wconf 91' lang='lat' dir='ltr'>in</span> <span class='ocrx_word' id='word_1_714' title='bbox 254 4864 446 4925; x_wconf 88' lang='lat' dir='ltr'>resurrectione</span> <span class='ocrx_word' id='word_1_715' title='bbox 456 4865 550 4936; x_wconf 85' lang='lat' dir='ltr'>laetus,</span> <span class='ocrx_word' id='word_1_716' title='bbox 563 4864 629 4945; x_wconf 88' lang='lat' dir='ltr'>ipsis</span> <span class='ocrx_word' id='word_1_717' title='bbox 641 4864 774 4922; x_wconf 89' lang='lat' dir='ltr'>militibus</span> <span class='ocrx_word' id='word_1_718' title='bbox 789 4884 858 4921; x_wconf 93' lang='lat' dir='ltr'>nun·</span> <span class='ocrx_word' id='word_1_719' title='bbox 914 4865 1081 4935; x_wconf 82' lang='grc' dir='ltr'>ἀνσιστσίντα;</span> <span class='ocrx_word' id='word_1_720' title='bbox 1097 4860 1167 4921; x_wconf 79' lang='grc' dir='ltr'>Ἀλλ’</span> <span class='ocrx_word' id='word_1_721' title='bbox 1178 4862 1225 4919; x_wconf 83' lang='grc' dir='ltr'>οὐκ</span> <span class='ocrx_word' id='word_1_722' title='bbox 1239 4860 1295 4919; x_wconf 84' lang='grc' dir='ltr'>ἔστι</span> <span class='ocrx_word' id='word_1_723' title='bbox 1306 4864 1392 4916; x_wconf 86' lang='grc' dir='ltr'>ταῦτα</span> <span class='ocrx_word' id='word_1_724' title='bbox 1404 4858 1601 4936; x_wconf 79' lang='grc' dir='ltr'>ἀναγκαστικά,</span> <span class='ocrx_word' id='word_1_725' title='bbox 1615 4864 1683 4925; x_wconf 69' lang='grc' dir='ltr'>ἀλλὰ</span> 
     </span>
    </p>
   </div>
   <div class='ocr_carea' id='block_1_8' title="bbox 60 4947 1685 5037">
    <p class='ocr_par' dir='ltr' id='par_1_8' title="bbox 60 4947 1685 5037">
     <span class='ocr_line' id='line_1_54' title="bbox 60 4947 1685 5037; baseline -0.01 -19"><span class='ocrx_word' id='word_1_726' title='bbox 60 5030 61 5034; x_wconf 9' lang='lat'>¹</span> <span class='ocrx_word' id='word_1_727' title='bbox 112 4960 253 5036; x_wconf 89' lang='lat' dir='ltr'>tiantibus,</span> <span class='ocrx_word' id='word_1_728' title='bbox 269 4957 330 5017; x_wconf 90' lang='lat' dir='ltr'>aliis</span> <span class='ocrx_word' id='word_1_729' title='bbox 340 4955 453 5037; x_wconf 88' lang='lat' dir='ltr'>patratis</span> <span class='ocrx_word' id='word_1_730' title='bbox 469 4954 564 5034; x_wconf 78' lang='lat' dir='ltr'>signis,</span> <span class='ocrx_word' id='word_1_731' title='bbox 577 4954 649 5033; x_wconf 90' lang='lat' dir='ltr'>quod</span> <span class='ocrx_word' id='word_1_732' title='bbox 664 4956 753 5035; x_wconf 89' lang='lat' dir='ltr'>ipsum</span> <span class='ocrx_word' id='word_1_733' title='bbox 768 4975 857 5013; x_wconf 82' lang='lat' dir='ltr'>resur·</span> <span class='ocrx_word' id='word_1_734' title='bbox 875 4961 895 5007; x_wconf 88' lang='lat' dir='ltr'>D</span> <span class='ocrx_word' id='word_1_735' title='bbox 913 4954 1063 5016; x_wconf 69' lang='grc' dir='ltr'>διδαχσιχά,</span> <span class='ocrx_word' id='word_1_736' title='bbox 1085 4953 1206 5012; x_wconf 73' lang='grc' dir='ltr'>Ἰουδαῖοι</span> <span class='ocrx_word' id='word_1_737' title='bbox 1228 4951 1271 5010; x_wconf 81' lang='grc' dir='ltr'>διὰ</span> <span class='ocrx_word' id='word_1_738' title='bbox 1292 4949 1318 5008; x_wconf 80' lang='grc' dir='ltr'>τί</span> <span class='ocrx_word' id='word_1_739' title='bbox 1347 4950 1395 5008; x_wconf 81' lang='grc' dir='ltr'>οὐκ</span> <span class='ocrx_word' id='word_1_740' title='bbox 1418 4947 1579 5012; x_wconf 68' lang='grc' dir='ltr'>ἐπίστευσαν</span> <span class='ocrx_word' id='word_1_741' title='bbox 1600 4961 1685 5016; x_wconf 57' lang='grc' dir='ltr'><strong>ταῦτα</strong></span> 
     </span>
    </p>
   </div>
   <div class='ocr_carea' id='block_1_9' title="bbox 112 5032 1689 5222">
    <p class='ocr_par' dir='ltr' id='par_1_9' title="bbox 112 5032 1689 5222">
     <span class='ocr_line' id='line_1_55' title="bbox 112 5032 1687 5126; baseline -0.011 -15"><span class='ocrx_word' id='word_1_742' title='bbox 112 5055 212 5113; x_wconf 77' lang='lat' dir='ltr'>rexisse</span> <span class='ocrx_word' id='word_1_743' title='bbox 230 5052 372 5114; x_wconf 76' lang='lat' dir='ltr'>viderent?</span> <span class='ocrx_word' id='word_1_744' title='bbox 386 5053 421 5109; x_wconf 82' lang='lat' dir='ltr'>tlt</span> <span class='ocrx_word' id='word_1_745' title='bbox 441 5070 495 5109; x_wconf 90' lang='lat' dir='ltr'>non</span> <span class='ocrx_word' id='word_1_746' title='bbox 508 5048 556 5108; x_wconf 90' lang='lat' dir='ltr'>illa</span> <span class='ocrx_word' id='word_1_747' title='bbox 575 5051 756 5109; x_wconf 86' lang='lat' dir='ltr'>necessitatem</span> <span class='ocrx_word' id='word_1_748' title='bbox 769 5049 856 5109; x_wconf 91' lang='lat' dir='ltr'>indu·</span> <span class='ocrx_word' id='word_1_749' title='bbox 913 5048 1050 5114; x_wconf 81' lang='grc' dir='ltr'>ἀκούοντες</span> <span class='ocrx_word' id='word_1_750' title='bbox 1062 5071 1069 5120; x_wconf 91' lang='lat'>;</span> <span class='ocrx_word' id='word_1_751' title='bbox 1088 5043 1154 5104; x_wconf 87' lang='grc' dir='ltr'>Ὅτι</span> <span class='ocrx_word' id='word_1_752' title='bbox 1168 5043 1280 5116; x_wconf 86' lang='grc' dir='ltr'>ἠλήθευε</span> <span class='ocrx_word' id='word_1_753' title='bbox 1293 5043 1371 5112; x_wconf 82' lang='grc' dir='ltr'>δῆλον</span> <span class='ocrx_word' id='word_1_754' title='bbox 1383 5032 1423 5114; x_wconf 80' lang='grc' dir='ltr'>ήν.</span> <span class='ocrx_word' id='word_1_755' title='bbox 1446 5042 1487 5100; x_wconf 73' lang='lat' dir='ltr'>Ob</span> <span class='ocrx_word' id='word_1_756' title='bbox 1499 5041 1553 5124; x_wconf 74' lang='grc' dir='ltr'>γὰρ</span> <span class='ocrx_word' id='word_1_757' title='bbox 1567 5044 1601 5104; x_wconf 76' lang='grc' dir='ltr'>ἐν</span> <span class='ocrx_word' id='word_1_758' title='bbox 1611 5071 1646 5126; x_wconf 62' lang='grc' dir='ltr'>μ</span> <span class='ocrx_word' id='word_1_759' title='bbox 1662 5048 1687 5109; x_wconf 68' lang='lat' dir='ltr'>t.</span> 
     </span>
     <span class='ocr_line' id='line_1_56' title="bbox 113 5131 1689 5222; baseline -0.006 -19"><span class='ocrx_word' id='word_1_760' title='bbox 113 5158 186 5222; x_wconf 85' lang='lat' dir='ltr'>runt,</span> <span class='ocrx_word' id='word_1_761' title='bbox 202 5145 249 5204; x_wconf 88' lang='lat' dir='ltr'>sed</span> <span class='ocrx_word' id='word_1_762' title='bbox 269 5145 373 5205; x_wconf 87' lang='lat' dir='ltr'>docent.</span> <span class='ocrx_word' id='word_1_763' title='bbox 398 5144 454 5204; x_wconf 87' lang='lat' dir='ltr'>Gur</span> <span class='ocrx_word' id='word_1_764' title='bbox 468 5141 556 5203; x_wconf 78' lang='lat' dir='ltr'>Judaei</span> <span class='ocrx_word' id='word_1_765' title='bbox 580 5141 639 5202; x_wconf 86' lang='lat' dir='ltr'>baee</span> <span class='ocrx_word' id='word_1_766' title='bbox 652 5141 790 5202; x_wconf 87' lang='lat' dir='ltr'>audientes</span> <span class='ocrx_word' id='word_1_767' title='bbox 804 5162 859 5201; x_wconf 90' lang='lat' dir='ltr'>non</span> <span class='ocrx_word' id='word_1_768' title='bbox 909 5146 984 5212; x_wconf 83' lang='grc' dir='ltr'>θετο,</span> <span class='ocrx_word' id='word_1_769' title='bbox 1007 5137 1044 5216; x_wconf 79' lang='grc' dir='ltr'>μή</span> <span class='ocrx_word' id='word_1_770' title='bbox 1064 5135 1207 5215; x_wconf 82' lang='grc' dir='ltr'>γενομένου</span> <span class='ocrx_word' id='word_1_771' title='bbox 1227 5132 1335 5208; x_wconf 71' lang='grc' dir='ltr'>τούτου,</span> <span class='ocrx_word' id='word_1_772' title='bbox 1346 5131 1416 5193; x_wconf 77' lang='grc' dir='ltr'>ὥστε</span> <span class='ocrx_word' id='word_1_773' title='bbox 1429 5133 1533 5202; x_wconf 87' lang='grc' dir='ltr'>ποίντας</span> <span class='ocrx_word' id='word_1_774' title='bbox 1546 5144 1689 5199; x_wconf 82' lang='grc' dir='ltr'>πιστεῦσαι</span> 
     </span>
    </p>
   </div>
   <div class='ocr_carea' id='block_1_10' title="bbox 145 5274 658 5344">
    <p class='ocr_par' dir='ltr' id='par_1_10' title="bbox 145 5274 658 5344">
     <span class='ocr_line' id='line_1_57' title="bbox 145 5274 658 5344; baseline 0.021 -21"><span class='ocrx_word' id='word_1_775' title='bbox 145 5291 156 5316; x_wconf 76' lang='lat'>¹</span> <span class='ocrx_word' id='word_1_776' title='bbox 168 5274 213 5325; x_wconf 76' lang='lat' dir='ltr'>Alii</span> <span class='ocrx_word' id='word_1_777' title='bbox 226 5281 252 5335; x_wconf 77' lang='grc' dir='ltr'>ήν</span> <span class='ocrx_word' id='word_1_778' title='bbox 263 5285 304 5334; x_wconf 74' lang='grc' dir='ltr'>τῆς</span> <span class='ocrx_word' id='word_1_779' title='bbox 314 5284 455 5335; x_wconf 74' lang='grc' dir='ltr'>ἀναστάσεως</span> <span class='ocrx_word' id='word_1_780' title='bbox 466 5281 480 5336; x_wconf 73' lang='grc' dir='ltr'>ιλ</span> <span class='ocrx_word' id='word_1_781' title='bbox 492 5279 560 5344; x_wconf 66' lang='lat' dir='ltr'>lexis.</span> <span class='ocrx_word' id='word_1_782' title='bbox 650 5322 658 5340; x_wconf 87' lang='grc'>,</span> 
     </span>
    </p>
   </div>
   <div class='ocr_carea' id='block_1_11' title="bbox 0 0 1868 5978">
    <p class='ocr_par' dir='ltr' id='par_1_11' title="bbox 0 0 1868 5978">
     <span class='ocr_line' id='line_1_58' title="bbox 0 0 1868 5978; baseline 0 1"><span class='ocrx_word' id='word_1_783' title='bbox 0 0 1868 5978; x_wconf 95' lang='lat' dir='ltr'> </span> 
     </span>
    </p>
   </div>
  </div>
 </body>
</html>
