3728 5978
103 394 176 473 668
460 419 489 466 s.
516 378 866 469 soauutscttu'tsosr.
893 414 1052 463 tuentur.
1077 411 1349 463 cousrsnrmor.

105 551 213 612 dentem
224 565 251 610 et
263 551 468 628 sacrificantem,
480 571 534 612 non
555 550 616 611 ideo
629 550 721 633 ipsum
735 549 848 612 damnas
901 554 979 609 τοῦτο
1000 546 1275 616 aestimassetis<
1292 549 1331 614 ὣς
1351 541 1548 619 masuam,
1569 542 1635 603 ιίλλλ
1648 546 1675 602 δι’

106 658 138 704 ut
149 641 341 725 jttdaizantetn,
355 641 403 702 sod
417 642 479 702 idco
492 637 572 703 illum
582 643 669 725 magis
682 663 803 718 coronas,
817 655 849 701 ut
864 657 883 706 c
902 640 966 700 αὐτὸ
980 639 1029 719 μὲν
1041 630 1086 699 οὖν
1099 646 1175 698 τοῦτο
1187 638 1305 712 μάλιστα
1319 645 1484 717 στεφανοῖς,
1498 638 1537 703 ὡς
1553 634 1675 716 ἀλλότριον

106 736 225 797 alienum
242 758 258 795 a
279 735 441 797 ludaismo:
458 736 497 795 sic
522 750 549 801 et
575 758 638 797 cum
666 735 742 798 vides
768 735 850 795 illum
902 732 965 792 ὄντα
976 729 1222 811 ἰουδαίσμοῦ·οίιτω
1234 730 1280 790 καί
1289 734 1359 810 δρῶν
1372 733 1563 807 ἐπιθυμοῦντα
1573 729 1676 806 autom

106 840 242 910 optantem
253 826 396 886 anathema
405 849 469 904 esse,
480 848 514 888 ne
525 826 585 888 ideo
598 825 778 901 turberis,sed
788 825 849 885 ideo
901 823 1036 903 γενέσθαι,
1052 823 1090 901 μὴ
1104 819 1147 882 διδ
1162 828 1236 882 τοῦτο
1250 822 1414 904 θορυῦηθῇς,
1429 819 1506 881 ἀλλὰ
1519 821 1555 879 δι’
1566 821 1627 879 αθτδ
1639 820 1676 897 μὲν

106 917 226 979 maxime
248 918 328 979 illum
351 919 497 996 celebrato,
522 940 585 981 cum
607 941 716 980 causam
738 917 850 1000 optandi
903 905 947 975 οὖν
959 922 1036 976 τοῦτο
1049 916 1167 993 μάλιστα
1177 915 1254 976 αὐτὸν
1270 914 1450 998 άνακήρυξον,
1466 912 1521 985 τὴν
1535 912 1622 973 αἰτίαν
1634 937 1676 972 κα-

105 1009 246 1072 didiceris.
256 1012 316 1072 Nisi
333 1012 406 1073 enim
419 1034 512 1074 causas
525 1012 728 1091 examinemus,
743 1012 850 1072 Heliam
902 1006 1039 1086 ταριαθὼν,
1056 1009 1089 1066 δι’
1104 1008 1138 1081 ἣν
1154 1015 1232 1069 τοῦτο
1245 1008 1379 1087 βαίλτται
1394 1003 1445 1067 Ἂν
1460 1005 1518 1088 γὰρ
1528 1005 1569 1083 μὴ
1582 1004 1630 1073 τάς
1640 1008 1676 1064 σί-

105 1102 273 1165 homieidam
298 1104 437 1181 dicemus,
464 1104 649 1165 abrahamum
677 1118 765 1164 autem
796 1124 849 1166 aon
902 1098 960 1166 rint
973 1097 1147 1181 ἐξετάσωμεν,
1158 1099 1204 1159 καί
1217 1101 1261 1160 τὸν
1273 1099 1372 1161 Ἠλίαν
1390 1096 1560 1180 ἀνδροφόνον
1572 1101 1677 1178 ἐροῦμεν,

3 1222 8 1230 ·
105 1194 272 1257 homicidam
285 1195 376 1274 modo,
392 1195 536 1256 sedetiam
556 1196 608 1256 filii
627 1197 847 1256 interfectorem:
902 1191 949 1250 καί
960 1182 1194 1271 τδνἎὸραδιμοθκ
1205 1192 1361 1275 ἀνδροφόνον
1375 1190 1473 1270 μόνον,
1488 1188 1677 1250 άλλδκσὶπιν

105 1288 224 1369 itemque
237 1288 352 1349 Phineos
364 1303 390 1348 et
403 1290 514 1348 Petrum
523 1288 604 1349 caedis
615 1311 722 1349 rursum
736 1309 848 1348 accusa·
903 1283 1039 1375 δοκτάνον·
1063 1284 1109 1342 καί
1125 1282 1170 1342 τὸν
1185 1283 1281 1353 Φινεὲς
1295 1282 1322 1345 δέ
1336 1282 1386 1344 καὶ
1407 1284 1458 1344 τὸν
1485 1282 1592 1361 Πέτρον
1613 1280 1677 1360 φόνοι

105 1380 212 1458 bimus3
227 1373 277 1440 nec
292 1379 327 1440 de
341 1381 408 1462 ipsis
427 1381 517 1441 solum
534 1380 648 1454 sanctis,
670 1380 718 1442 sed
737 1379 771 1440 de
792 1382 849 1440 Deo
902 1375 1058 1457 γραψίμιθα
1072 1375 1163 1450 πάλιν,
1176 1375 1222 1435 καὶ
1235 1378 1265 1436 οὐ
1283 1377 1417 1458 περὶτῶν
1435 1373 1527 1455 ἁγίων
1549 1371 1580 1431 δέ
1603 1372 1678 1450 μόνον,

106 1471 197 1549 etiam,
218 1471 267 1551 qui
287 1471 359 1531 hanc
383 1494 438 1532 non
450 1468 550 1533 ¹servat
572 1473 709 1554 regulam,
732 1471 849 1532 absurda
902 1465 972 1528 ἀλλὰ
985 1468 1030 1527 καὶ
1040 1467 1101 1546 περὶ
1111 1474 1157 1527 τοῦ
1167 1473 1219 1528 τῶν
1230 1467 1299 1528 ὅλων
1312 1471 1431 1543 Θεοῦ,δ
1444 1467 1486 1546 μὴ
1497 1469 1592 1548 τηρῶν
1602 1469 1678 1525 τοῦτον

104 1563 191 1623 multa
205 1563 395 1645 suspicabitur.
410 1566 451 1624 Ne
464 1564 549 1646 igitur
570 1565 622 1624 hoe
638 1562 752 1641 accidat,
765 1563 793 1623 in
807 1563 848 1624 si·
901 1558 946 1620 τὸν
960 1558 1073 1635 κανόνα,
1089 1562 1175 1620 πολλὰ
1199 1560 1286 1621 ἄτοπα
1302 1559 1493 1620 diomeden(
1506 1557 1562 1618 'lv'
1585 1548 1627 1617 οὗν
1649 1558 1678 1635 μί,

104 1655 217 1717 milibus
228 1657 353 1716 omuibus
368 1670 394 1716 et
411 1678 519 1717 cumam
530 1672 557 1717 et
571 1669 686 1717 mentem
706 1670 730 1715 et
743 1669 850 1737 tempus
863 1669 883 1715 tt
902 1658 979 1713 τοῦτο
996 1651 1124 1732 γίνηται,
1145 1652 1189 1712 ἐπὶ
1203 1653 1308 1714 πάντων
1321 1658 1375 1713 τῶν
1391 1650 1529 1712 τοιούτων
1545 1649 1679 1710 aalaidis

103 1748 232 1808 etomnia
244 1747 288 1808 'ad
306 1770 363 1808 rem
382 1747 578 1807 defendendam
598 1762 661 1829 apta
676 1747 847 1827 colligentes,
902 1743 1070 1824 aalpuhpqv
1084 1744 1130 1804 καί
1142 1744 1290 1827 καιρδνκαὶ
1303 1745 1393 1805 πάντα
1405 1743 1447 1804 τὰ
1461 1743 1534 1824 ὑπὲρ
1551 1747 1606 1803 τῶν
1619 1767 1680 1823 γινο·

103 1837 145 1898 sic
168 1858 210 1898 res
231 1839 416 1898 examinemus
442 1837 543 1917 :quod
566 1839 625 1919 jam
645 1838 679 1897 de
701 1838 778 1898 beata
801 1838 850 1898 illa
903 1834 989 1914 μένων
1001 1835 1197 1916 ἀπολογούμενοι
1208 1835 1417 1916 συναγαγόντες,
1430 1835 1507 1897 οὕτω
1518 1835 1558 1895 τὰ
1567 1835 1680 1916 πράγρο·

103 1927 196 1988 anima
209 1927 361 1989 laciendum
373 1928 450 1988 uobis
465 1942 513 1988 est.
526 1931 658 2004 Quasnam
672 1950 735 2010 ergo
749 1930 849 1990 causa?
901 1949 935 1987 τοι
953 1926 1129 2007 ἐξετάζωμεν·
1145 1928 1159 1988 δ
1177 1928 1223 1987 καὶ
1236 1935 1281 1988 νῦν
1299 1928 1343 1989 ἐπὶ
1361 1932 1413 2001 τῆς
1427 1928 1578 2012 μακαρίας
1596 1928 1681 2001 ποίης

103 2022 231 2082 Rursum
243 2019 301 2102 ipse
312 2033 416 2080 amatus
429 2022 517 2082 lesus.
531 2023 612 2100 Atqui
627 2040 679 2079 nou
696 2022 731 2081 ob
745 2021 846 2102 ipsum,
901 2021 988 2100 ψυχῆς
1003 2020 1125 2094 ποιητέον
1141 2026 1218 2099 ἡμῖν.
1236 2021 1286 2091 Τίς
1299 2012 1342 2080 οὖν
1357 2024 1376 2094 ἡ
1391 2021 1493 2094 αἰτίας
1508 2022 1605 2082 Πάλιν
1618 2021 1681 2086 αὐτὸς

85 2111 194 2193 ·iuquit
203 2135 212 2171 ι
222 2111 350 2193 optabam
362 2112 446 2191 enim,
458 2112 493 2172 ab
508 2113 565 2195 ipso
579 2113 722 2173 anathema
732 2134 788 2173 esse
798 2136 848 2195 pro
899 2116 915 2171 θ
933 2112 1091 2192 ποθοίμινος
1104 2111 1213 2187 Ἰησοῦς.
1232 2114 1286 2175 Καὶ
1305 2113 1359 2194 μὴν
1374 2116 1405 2173 οῦ
1421 2116 1460 2173 δι’
1476 2115 1574 2185 αὐτὸν,
1595 2115 1680 2196 ρησίν·

102 2204 232 2265 iratribus
246 2205 321 2266 meis.
338 2204 373 2266 Et
385 2205 438 2264 hoc
450 2204 614 2265 humilitatis
630 2206 689 2286 ejus
705 2219 764 2265 erat
775 2229 783 2264 ι
794 2220 848 2266 noh
900 2203 1022 2286 ηὐχόμην
1035 2204 1089 2287 γάρ
1107 2208 1157 2266 ἀπ’
1172 2207 1267 2282 αὐτοῦ,
1278 2206 1370 2287 pasis,
1391 2206 1529 2286 ἀνάθεμα
1542 2196 1614 2267 εἶναι
1624 2205 1681 2283 tato

102 2296 176 2357 enim
187 2296 264 2376 vult,
280 2311 310 2356 ut
324 2296 415 2378 magni
430 2296 571 2379 quidpiam
590 2296 695 2371 dicens,
706 2310 733 2356 et
747 2298 800 2358 hoc
819 2298 847 2357 iu
898 2300 951 2357 τῶν
964 2297 1083 2379 ἀδελφῶν
1100 2321 1160 2377 μου.
1179 2296 1234 2358 Καὶ
1242 2304 1320 2358 τοῦτο
1336 2301 1386 2369 τῆς
1409 2301 1499 2359 αὐτοῦ
1514 2321 1679 2379 ταπεινορρυ

103 2387 207 2450 Christi
237 2388 351 2468 gratiam
376 2388 477 2448 faciens
502 2409 640 2468 apparere.
666 2387 730 2448 ldeo
756 2388 847 2465 dixit,
900 2387 991 2464 σάνης·
1009 2393 1039 2450 οὐ
1056 2389 1110 2471 γάρ
1130 2389 1254 2470 βούλεται
1267 2393 1304 2457 ῶς
1319 2390 1390 2471 μέγα
1408 2414 1440 2450 τι
1459 2391 1568 2470 λέγων,
1588 2391 1681 2470 καὶτῷ

2 2538 10 2551 ,
102 2480 259 2561 Cogitatio,
282 2493 312 2537 ut
335 2477 550 2560 magnitudinem
569 2478 609 2540 rei
632 2491 742 2559 tegeret.
765 2479 847 2552 Quod
898 2479 1009 2562 Χριστῷ
1027 2488 1104 2542 τοῦτο
1123 2482 1294 2564 χαριζόμενος
1316 2485 1448 2564 φανῆναι.
1473 2483 1531 2542 Διδ
1556 2483 1604 2542 καὶ
1621 2472 1680 2558 εἷκε,

101 2572 175 2633 euim
192 2586 303 2654 propter
318 2572 456 2633 Christum
474 2573 526 2632 hoe
538 2572 637 2649 vellet,
649 2572 715 2633 audi
732 2594 847 2653 sequen-
898 2572 1048 2652 Συγγτνῶν,
1062 2572 1106 2632 ἵνα
1117 2573 1204 2656 κρίθη
1219 2574 1250 2634 τδ
1262 2572 1473 2652 πλεονέκτημα·
1486 2575 1574 2650 ἐπεὶ,
1597 2574 1637 2635 δτι
1656 2575 1682 2633 τὸ

100 2664 139 2725 tia
159 2688 167 2723 ι
188 2685 252 2724 cum
272 2665 346 2725 enim
366 2663 488 2741 dixisset,
508 2665 664 2745 cognatis,
681 2662 776 2724 subdit
795 2665 846 2725 τί.
861 2679 882 2728 Β
899 2672 951 2723 πᾶν
964 2663 1008 2725 dih
1018 2664 1062 2725 τὸν
1072 2666 1189 2746 Χριατδν
1201 2665 1304 2741 ἧθιλιν,
1314 2666 1431 2727 ἄκουσον
1445 2666 1599 2739 τῶνέξῆς·
1610 2667 1680 2726 εἰπὼν

104 2757 235 2837 Quorum
246 2770 289 2819 est
302 2759 422 2838 adoptio
435 2771 462 2818 et
479 2758 578 2840 gloria
589 2771 616 2817 et
630 2769 806 2817 testamenta
819 2771 849 2819 et
899 2754 953 2837 γάρ
960 2799 969 2833 ,
981 2757 1044 2816 Τῶν
1056 2761 1198 2838 συγγενῶν,
1212 2757 1354 2838 ἐπήγαγον,
1370 2749 1430 2817 Ὧν
1441 2763 1461 2832 ἡ
1471 2759 1601 2820 υἱοθεσία
1614 2759 1679 2831 zali,

102 2849 249 2930 bffislatio
258 2862 287 2908 et
296 2851 393 2909 cultus
405 2861 433 2909 et
442 2852 649 2930 promissiones
661 2871 670 2905 ι
683 2847 712 2908 5.
723 2868 847 2930 quorum
900 2845 961 2916 dola
982 2848 1028 2907 καί
1045 2849 1073 2906 αἱ
1093 2850 1218 2920 διαθῆκαι
1231 2848 1464 2927 καὶὴνοριοθτσία
1479 2850 1534 2911 καὶ
1548 2858 1569 2925 ἡ
1583 2850 1680 2931 λατρεία

101 2954 171 3002 sunt
181 2956 292 3024 patres,
307 2954 337 3002 et
353 2946 510 3024 exquibus
530 2938 666 3003 Chiistus
685 2944 847 3002 secundum
899 2937 945 2997 καί
959 2943 986 3000 αί
1000 2939 1174 3021 ἐπαγγελίαι,
1185 2932 1223 3000 ῶν
1238 2944 1263 3001 σί
1276 2942 1404 3023 recipe,
1419 2943 1469 3002 καί
1491 2941 1525 3011 ἐξ
1543 2935 1583 3003 ῶν
1593 2949 1607 3004 δ
1617 2945 1678 3024 Χρι-

100 3055 228 3110 οανιιαιιι,
242 3038 294 3116 qui
309 3047 353 3094 est
363 3054 450 3115 super
460 3037 562 3093 omnia
575 3034 658 3095 Deus
678 3034 846 3097 benedictus
899 3031 960 3101 στδς
971 3033 1003 3094 τδ
1012 3033 1081 3092 κατὰ
1095 3032 1198 3115 σάρκα,
1213 3033 1250 3093 ῶν
1262 3034 1307 3096 ἐπὶ
1325 3035 1435 3095 πάντων
1455 3035 1535 3104 Θεδς
1548 3038 1679 3117 ιθλαγηνδτ

100 3127 265 3187 insaecula.
279 3125 390 3186 Amen.
898 3125 935 3190 είς
945 3120 1007 3192 calte
1018 3126 1125 3193 αἰῶνας.
1136 3125 1229 3204 Ἀμήν.

141 3224 171 3281 θ.
187 3219 224 3279 Et
237 3218 304 3298 quid
320 3218 395 3279 hoc?
409 3217 524 3298 inquies.
543 3217 574 3277 Si
592 3217 665 3277 euim
684 3231 716 3277 ut
728 3216 776 3276 alii
789 3238 846 3278 cre·
937 3224 993 3286 Καὶ
1006 3226 1032 3285 τί
1048 3233 1143 3301 τοῦτο;
1159 3226 1248 3308 φησίν,
1270 3229 1306 3288 nt
1319 3225 1371 3306 γδρ
1383 3227 1454 3310 ῦπέρ
1474 3235 1529 3289 τοῦ
1543 3234 1677 3291 πιστεῦσαι

99 3311 207 3389 derent,
227 3311 337 3373 volebat
356 3311 496 3370 anathema
516 3331 586 3388 esse,
605 3311 746 3392 oportebat
766 3311 846 3371 etiam
898 3316 1002 3400 ἑτέρους
1011 3316 1134 3378 ἐάουλετο
1143 3318 1264 3399 γενέσθαι
1274 3319 1411 3398 ἀνάθεμα,
1424 3319 1482 3379 ἔδει
1492 3321 1544 3380 καὶ
1554 3322 1622 3401 θπέρ
1632 3323 1677 3379 eis

99 3424 150 3485 pro
163 3403 287 3484 gentibus
304 3402 357 3462 huc
377 3402 481 3483 precari
497 3426 504 3459 ι
520 3401 543 3462 si
560 3416 651 3462 autem
674 3422 724 3483 pro
744 3401 847 3464 Judaeis
898 3413 977 3470 ἐθνῶν
991 3415 1070 3471 τοῦτο
1081 3410 1220 3479 εὔξασθαι·
1234 3413 1257 3469 εἰ
1268 3409 1296 3471 δὲ
1308 3410 1353 3470 καὶ
1363 3410 1431 3491 ὑπὲρ
1447 3410 1595 3473 Ἰουδαίων
1610 3413 1676 3494 εὔγε-

99 3508 204 3589 tantum
213 3511 351 3576 precatur,
363 3494 479 3554 ostendit
489 3516 517 3554 se
526 3514 578 3554 uon
586 3509 697 3575 propter
707 3495 846 3555 Christum
898 3525 942 3560 ται
958 3500 1054 3580 μόνων,
1071 3502 1200 3562 δείκνυσιν
1212 3505 1242 3562 οὐ
1254 3501 1297 3560 διὰ
1309 3501 1353 3561 τδν
1368 3504 1491 3585 Χριστὸν
1503 3505 1571 3566 αὐτὸ
1587 3507 1675 3584 βουλά

99 3587 153 3646 hoc
166 3584 248 3658 velle,
265 3584 312 3645 sed
322 3599 432 3666 propter
441 3584 499 3665 ejus
513 3606 575 3644 cum
587 3584 691 3646 ludaeis
702 3587 848 3646 necessitu-
899 3617 990 3672 μενος,
1002 3593 1070 3655 ἀλλὰ
1080 3596 1123 3655 διδ
1132 3594 1180 3668 τὴν
1191 3594 1257 3674 πρὸς
1268 3595 1380 3662 ἐκείνως
1391 3596 1542 3658 οίκείωσιν.
1555 3600 1609 3659 Καὶ
1621 3598 1676 3677 μὴν,

99 3676 203 3738 dinem.
223 3676 307 3757 atqui
327 3676 423 3768 sippro
449 3675 573 3759 gentibus
595 3688 700 3736 tantum
724 3693 846 3759 precatus
898 3687 922 3743 εἰ
944 3684 1012 3767 ὑπὲρ
1032 3690 1085 3744 τῶν
1108 3688 1188 3746 ἐθνῶν
1209 3685 1307 3758 ηὔξατο
1326 3688 1445 3765 Ιμόνων,
1471 3693 1524 3749 οῦκ
1539 3690 1571 3748 διν
1587 3692 1676 3768 ὁμοίοις

99 3786 179 3852 esset,
191 3794 243 3833 non
258 3772 372 3855 perinde
383 3772 412 3833 id
422 3772 513 3833 visum
525 3772 634 3849 luisset,
645 3773 709 3851 quia
722 3795 787 3835 vero
797 3795 845 3855 pro
851 3815 888 3855 ω,
897 3782 973 3838 τοῦτο
994 3777 1077 3858 ἐφάνη
1089 3801 1096 3814 ·
1114 3776 1247 3850 ἐπειδὴδὲ
1263 3778 1330 3860 ὑπὲρ
1344 3778 1485 3840 Ἰουδαίων
1506 3784 1609 3860 μόνων,
1628 3785 1673 3842 διί·

99 3865 204 3927 Judaeis
218 3879 337 3943 tantum,
358 3865 429 3926 clare
442 3865 559 3925 ostendit
578 3886 607 3924 se
622 3880 731 3947 propter
744 3867 845 3928 Christi
860 3873 880 3918 Α
897 3893 990 3930 κνυτοιι
1011 3873 1133 3952 καθαρῶς
1155 3870 1200 3930 διά
1220 3871 1269 3943 τὴν
1289 3877 1334 3931 τοῦ
1358 3873 1480 3950 Χριστοῦ
1504 3874 1585 3944 δόξαν
1606 3883 1674 3936 τοῦτο

98 3957 215 4038 gloriam
227 3958 279 4018 hoc
290 3979 395 4018 curare.
409 3958 472 4019 Seio
484 3957 566 4039 plane
579 3979 637 4018 rem
650 3959 729 4019 vobis
746 3981 845 4021 novam
896 3962 1058 4032 σπουδάζων.
1073 3962 1127 4023 Ιίαί
1143 3953 1201 4022 οἶδα
1215 3963 1273 4042 μὲν,
1287 3964 1328 4023 δτι
1349 3964 1505 4046 παράδοξον
1527 3974 1593 4047 ὑμῖν
1614 3962 1673 4029 εἶναι

97 4050 203 4130 videri,
219 4064 319 4127 tamen,
337 4050 390 4110 nisi
402 4051 606 4131 perturbemini,
622 4050 651 4110 id
666 4052 720 4112 cito
732 4050 845 4114 demon·
896 4055 1006 4116 δοκεῖτὸ
1015 4056 1165 4138 λεγόμενον·
1180 4058 1261 4129 πλὴν,
1274 4057 1326 4125 ἐὰν,
1336 4059 1373 4139 μὴ
1388 4059 1560 4141 θορυῦῆσθι,
1577 4064 1675 4144 ταχέως

99 4155 185 4202 strare
195 4142 323 4202 conabor.
337 4143 430 4221 Neque
440 4142 499 4201 haec
511 4143 570 4203 sine
583 4163 663 4202 causa
678 4143 844 4224 dixit:quia
897 4147 961 4207 αὐτὸ
979 4149 1142 4230 πειράσομαι
1164 4155 1275 4223 ποιῆσαι
1298 4153 1386 4232 σαφές.
1410 4152 1485 4214 Οὐδὲ
1508 4156 1566 4238 γὰρ
1590 4159 1674 4223 ἁπλῶς

98 4233 170 4292 enim
182 4255 273 4293 omues
283 4232 410 4293 dicebant
420 4236 508 4293 Deum
516 4249 681 4309 accusantes,
695 4236 844 4315 quodcum
897 4247 979 4301 ταῦτα
992 4243 1104 4323 εἴρηκεν,
1120 4245 1188 4325 άπερ
1202 4244 1315 4325 είρηιιεν,
1327 4247 1387 4305 ἀλλ’
1398 4245 1458 4306 ἐπεὶ
1476 4249 1581 4318 πάντες
1591 4251 1674 4331 ἔλεγον

98 4323 152 4383 lilii
174 4323 223 4384 Dei
238 4324 329 4384 vocari
342 4325 447 4404 dignati
464 4340 565 4404 essem,
582 4341 609 4387 et
624 4328 711 4409 legem
726 4331 843 4412 accepis-
895 4333 941 4393 καὶ
954 4339 1002 4393 τοῦ
1014 4337 1084 4395 Θεοῦ
1093 4335 1267 4417 κατηγόρουν,
1281 4335 1322 4396 δτι
1335 4338 1386 4398 υἱοί
1406 4340 1481 4398 Θιοῦ
1496 4341 1672 4412 καταξιωθέν-

97 4428 168 4492 sent,
181 4430 208 4476 et
220 4430 281 4476 ante
291 4438 383 4476 omnes
397 4419 485 4478 Deum
495 4419 642 4496 novissent,
655 4433 735 4479 tantae
748 4422 843 4501 gloria
894 4449 936 4493 τες
947 4428 1090 4501 κληθῆναι,
1100 4428 1145 4487 καί
1158 4427 1238 4507 νόμον
1264 4429 1414 4508 δεξάμενοι,
1430 4430 1479 4490 καλ
1500 4435 1557 4513 πρδ
1571 4436 1672 4494 πάντων

97 4521 247 4585 consortes;
271 4509 414 4590 ipsumque
438 4524 500 4570 ante
522 4511 617 4599 orbem
635 4512 796 4592 coluissent,
817 4528 843 4576 et
895 4518 973 4577 αὐτὸν
992 4519 1100 4594 εἰδότες,
1117 4519 1165 4579 καλ
1173 4520 1302 4592 τοσαύτης
1313 4521 1517 4592 ἀπολαύσαντες
1527 4525 1672 4600 δοῖης,καὶ

95 4601 287 4682 promissiones
301 4601 476 4682 accepissent,
491 4616 634 4684 patresque
649 4618 875 4671 assemsum-B
895 4610 1104 4693 θεραπεύσαντες
1118 4613 1194 4672 αὐτὸν
1209 4613 1261 4692 πρὸ
1275 4619 1323 4686 τῆς
1337 4614 1516 4694 οἰκουμένης,
1530 4620 1580 4679 καὶ
1596 4625 1673 4697 ἐπαγ-

95 4695 158 4755 dem
169 4695 300 4772 tribuum,
316 4694 445 4773 quodque
463 4697 551 4776 majus
568 4708 616 4772 est,
639 4695 725 4777 ipsius
741 4698 842 4759 Christi
897 4700 986 4782 γελίας
1011 4703 1161 4783 δεξάμενοι,
1184 4706 1229 4764 καί
1241 4706 1353 4786 πατέρες
1364 4707 1437 4774 ὄντες
1450 4713 1507 4768 τῶν
1523 4713 1615 4770 αὐτῶν
1629 4736 1671 4792 po-

93 4786 189 4866 proavi
216 4787 278 4868 (hoe
301 4785 372 4845 enim
398 4785 533 4866 significat
556 4784 643 4861 illud,
668 4789 717 4845 Ex
735 4794 840 4869 quibus
895 4795 961 4867 λῶν,
976 4795 1022 4854 καὶ
1035 4796 1065 4856 τὸ
1078 4796 1212 4874 δημεῖζον
1222 4796 1337 4873 πάντων,
1351 4799 1398 4859 καὶ
1412 4801 1589 4882 προπάτορες
1600 4808 1673 4863 αὐτοῦ

94 4878 228 4938 Christus
242 4880 401 4937 sectiuclum
411 4884 555 4952 earnem),
568 4878 645 4958 ejecti
658 4892 745 4938 tamen
759 4896 784 4940 et
793 4882 838 4942 in·
894 4887 1030 4965 γενόμενοι
1050 4893 1095 4948 τοῦ
1116 4889 1232 4968 Χριστοῦ
1254 4893 1345 4964 (τοῦτο
1367 4889 1419 4970 γάρ
1440 4895 1527 4968 ἐστιν,
1544 4894 1596 4963 Ἐξ
1612 4887 1672 4954 ivo

93 4967 216 5029 honorati
227 4970 348 5045 luissent,
357 4969 597 5051 ipsorumqneloco
605 4970 708 5032 inducti
717 4973 838 5037 homines
894 4978 1009 5060 Χριστὸς
1023 4979 1053 5039 τὸ
1067 4980 1135 5039 κατὰ
1153 4980 1265 5061 σάρκα),
1281 4981 1459 5053 ἐκὸέάληνται
1483 4986 1532 5044 καί
1557 4986 1671 5066 helpon-

91 5082 124 5121 cx
144 5061 280 5142 gentibus,
301 5062 348 5140 qui
366 5080 503 5140 nunquam
521 5062 610 5120 Deum
632 5081 811 5144 cognoverant
825 5093 832 5127 ι
891 5094 944 5146 ται,
956 5072 1167 5154 ἀντεισίχθησαν
1178 5072 1205 5135 δὲ
1219 5075 1273 5134 ἀντ’
1286 5072 1393 5134 ἐκείνων
1405 5076 1431 5134 ol
1445 5078 1587 5154 μηδέποτε
1598 5079 1670 5140 αὐτὸν

123 5234 134 5257 ¹
151 5217 245 5286 [Abest
259 5217 376 5287 μένοντί)
389 5223 416 5274 h.
430 5219 578 5290 videturque
593 5239 624 5276 ea
640 5225 803 5295 sequentihus
820 5231 977 5300 repetitum]
