3728 5978
152 498 155 503 .
220 441 291 530 442
560 464 589 509 s.
618 461 756 511 solutus
778 463 968 517 ,euersosn
990 463 1148 513 secutur.
1175 464 1443 515 cousrsuuruon

222 601 287 647 sent
291 590 417 670 fratres,
435 602 621 649 occurrerunt
637 594 720 651 nobis
733 612 824 673 usque
836 592 878 653 ad
895 592 959 671 Ap-
1013 598 1056 653 θον
1075 597 1112 662 εἰς
1127 592 1276 667 ἀπάντησιν
1296 598 1372 672 ἡμῖν,
1392 593 1469 674 όχρις
1489 592 1602 656 Ἀππίου
1624 591 1783 673 φύρου,ιιαλ

220 683 373 761 piisorum
385 695 414 739 et
426 683 495 740 Tres
504 684 652 744 tabernas.
667 685 746 761 Quos
757 704 823 744 curn
837 685 961 743 vidisset
1013 686 1103 765 Τριῶν
1115 684 1259 766 ταόερνῶν.
1279 684 1335 752 ot<
1354 683 1416 744 ἰδὼν
1431 690 1445 745 θ
1460 687 1578 758 Παῦλος,
1591 681 1784 764 εὐχαριστήσας

222 772 347 845 Paulus,
363 793 451 852 agens
468 777 581 853 gratias
594 775 668 847 Deo,
684 779 795 855 accepit
807 776 959 856 Μασίστα.
1013 780 1051 855 τῷ
1064 779 1137 858 θεῷ,
1149 774 1228 836 nete
1241 775 1344 856 θάρσος.
1351 776 1423 857 Ὅρα
1436 776 1479 836 tit
1491 778 1602 835 Παῦλον
1615 774 1704 834 πάντα
1715 773 1783 853 χινά·

222 863 295 923 Vide
306 863 440 942 quomodo
453 878 562 946 propter
575 866 691 929 Paulum
704 866 762 927 haec
776 867 866 928 omnia
881 867 960 942 fiant,
1013 891 1081 946 μονα
1100 873 1196 942 ταῦτα,
1218 866 1287 928 ὥστε
1310 873 1450 928 πιστεῦσαι
1470 866 1530 934 τοὺς
1547 865 1706 945 δεσμώτας,
1726 863 1785 931 τοὺς

221 968 252 1015 ut
260 955 613 1034 mederentvincti,milites‚
621 958 748 1018 centurio.
759 957 961 1038 Nametsilapi·
1012 958 1192 1040 στρατιώτας,
1213 959 1258 1020 τδν
1277 959 1480 1039 ἑκατόνταρχον.
1502 960 1537 1019 Εἰ
1557 959 1610 1039 γὰρ
1629 955 1785 1016 αύτολίθινοι

221 1047 266 1106 dei
275 1047 397 1125 fuissent,
406 1062 433 1108 et
446 1070 493 1131 per
507 1071 537 1110 ea
546 1071 606 1128 quae
616 1049 797 1110 consulentem
806 1048 960 1126 audierant,
1013 1043 1091 1126 ἦσαν,
1104 1050 1151 1112 καί
1165 1052 1199 1110 δι’
1213 1042 1250 1111 ὧν
1267 1051 1509 1130 συμόουλεύσαντος
1531 1049 1661 1122 ἤκουσαν,
1682 1047 1730 1107 καὶ
1752 1048 1785 1106 δι’

220 1152 247 1197 et
261 1160 309 1220 per
324 1162 355 1201 ea
372 1163 431 1220 quae
451 1139 623 1221 praedixerat,
637 1162 737 1221 perque
755 1139 885 1199 miracula
900 1161 960 1219 quae
970 1113 1050 1214 *iride
1065 1141 1249 1224 προειπόντος,
1259 1143 1303 1202 nul
1318 1141 1353 1201 δι’
1366 1132 1403 1201 ὧν
1420 1139 1725 1223 θαυματουργήσαντος,
1741 1137 1787 1198 καὶ

220 1246 349 1313 patrarat,
361 1247 386 1294 et
401 1256 435 1293 ex
448 1233 584 1293 alimentis
596 1233 649 1293 sibi
663 1232 849 1314 suppeditatis,
863 1252 960 1311 magna
1014 1236 1047 1294 δι’
1059 1226 1097 1294 du
1110 1233 1252 1315 θρέψαντος
1267 1232 1430 1307 ἀπέλαυσαν,
1444 1232 1550 1314 μεγάλα
1570 1230 1601 1291 ἀν
1618 1229 1785 1311 ἓφαντάσθη·

220 1324 311 1384 deillo
319 1325 703 1406 concepissent.llide‹prando
712 1339 815 1386 rectum
822 1323 960 1405 judicium
1012 1351 1060 1389 σαν
1080 1328 1146 1409 rrepl
1157 1331 1250 1388 αὐτοῦ,
1259 1324 1334 1406 Ὅρα
1347 1326 1410 1387 όταν
1430 1325 1495 1407 ὀρθὴ
1514 1325 1601 1408 κρίσις
1622 1315 1658 1404 ᾖ,
1680 1322 1727 1382 καὶ
1748 1321 1785 1400 μὴ

220 1428 323 1491 ust,nec
333 1418 430 1477 nssectu
441 1417 804 1498 preoccupatumqnomodo
817 1415 909 1476 stetim
920 1439 960 1478 re·
1011 1418 1263 1500 προκαταιλημμένη
1281 1417 1360 1478 πάθει
1375 1417 1444 1490 stul,
1463 1421 1520 1487 πῶς
1541 1416 1636 1484 α’νθίως
1653 1413 1786 1492 λαμόιίνιι

220 1520 309 1567 etaset
319 1509 445 1589 probatas
455 1506 959 1589 sententiasaccipiattiaminSiciliim
1011 1511 1059 1579 τάς
1072 1510 1171 1591 κρίσιις
1182 1509 1319 1592 strepet<
1339 1509 1386 1568 ιιαλ
1406 1508 1454 1576 tt<
1464 1508 1567 1590 ψήφους
1582 1505 1787 1587 διεγνωσμένας.

218 1615 376 1679 pervenerat
387 1599 542 1681 pradicatio
550 1624 559 1676 ς
570 1602 628 1681 jam
639 1621 723 1679 usque
737 1600 862 1661 Puteolos
876 1600 959 1681 perti·
1011 1600 1082 1675 Ἤδη
1095 1601 1141 1661 καὶ
1153 1605 1201 1674 τῆς
1210 1600 1334 1666 Σικελίας
1346 1600 1376 1660 τὸ
1387 1599 1512 1683 κήρυγμα
1525 1598 1627 1680 ἥψατο·
1641 1596 1713 1658 οὕτω
1728 1596 1784 1657 διό·

218 1706 307 1770 gerat,
319 1693 368 1752 uhi
379 1693 491 1774 repertis
500 1693 663 1772 quibusdam
673 1693 803 1752 fratribus
811 1691 885 1773 apud
897 1692 959 1754 illos
1011 1696 1096 1775 δραμε
1117 1694 1163 1754 καὶ
1182 1695 1209 1751 ἐν
1231 1692 1386 1766 Ποτιάλοις,
1406 1692 1466 1752 ἔνθα
1490 1691 1537 1751 καὶ
1560 1689 1690 1770 ἀδελφούς
1713 1712 1783 1756 τινας

219 1798 336 1843 manent.
348 1784 455 1843 Deinde
467 1785 526 1862 alii,
537 1785 609 1844 lama
624 1784 748 1864 permoti,
757 1783 822 1864 ipsis
836 1805 958 1844 occurre·
1011 1786 1128 1865 εὑρόντες
1139 1784 1293 1863 ἐπιμένωσι
1304 1783 1367 1864 παρ’
1376 1787 1471 1851 αὐτοῖς.
1486 1774 1555 1843 Εἶτα
1569 1783 1616 1842 καὶ
1627 1782 1706 1842 ἄλλοι
1715 1780 1783 1840 rael

218 1887 283 1933 runt
294 1898 301 1931 z
311 1887 400 1934 tantus
410 1888 467 1934 erat
476 1875 591 1934 fratrum
604 1876 727 1953 affectus,
737 1875 784 1955 qui
795 1875 959 1936 conturbati
1012 1878 1103 1958 φήμην
1114 1880 1200 1944 αὐτοῖς
1214 1880 1364 1936 ἀπαντῶσι·
1375 1874 1491 1948 τοσαύτη
1502 1866 1535 1947 ἦν
1549 1880 1567 1947 ἡ
1578 1874 1717 1954 προθυμία
1732 1875 1782 1932 τῶν

219 1979 291 2042 sunt,
301 1965 375 2044 quod
391 1966 491 2025 Paulus
512 1979 579 2025 esset
598 1966 626 2026 in
642 1966 770 2039 vinculis,
786 1965 833 2026 sed
850 1968 960 2028 obviam
1012 1970 1143 2050 ἀδελφῶν,
1157 1969 1198 2030 ότι
1216 1969 1264 2027 οὐκ
1276 1966 1454 2048 Ιἐθοράόησιν
1475 1964 1568 2033 αὐτοὺς
1586 1965 1617 2024 αδ
1633 1968 1660 2024 ἐν
1679 1967 1784 2042 δεσμοῖς

218 2071 360 2116 venerunt.
378 2056 451 2117 Vide
462 2071 553 2116 autem
564 2057 644 2116 illum
657 2058 806 2117 humanum
818 2058 960 2139 quidpiam
1012 2051 1078 2121 εἶναι
1094 2062 1139 2121 τδν
1151 2062 1270 2135 Παῦλον,
1284 2061 1342 2120 ἀλλ’
1357 2057 1464 2130 ἐξῆλθον
1478 2061 1515 2125 τίς
1534 2057 1695 2131 ἀπάντησιν.
1712 2057 1783 2138 Ὅρα

136 2217 145 2234 ⁸
217 2168 328 2228 passum
346 2169 411 2207 esse.
427 2151 593 2224 Fiduciam,
608 2148 705 2227 inquit,
720 2153 831 2230 aceepit
851 2152 960 2211 videns
977 2163 995 2210 Β
1012 2153 1040 2213 δέ
1064 2176 1109 2231 μοι
1132 2153 1210 2213 αῦιθν
1230 2151 1276 2211 καὶ
1292 2149 1455 2230 ἀνθρώπινόν
1481 2173 1508 2208 τι
1529 2149 1660 2209 παθόντα.
1677 2149 1784 2229 Θάρσος

209 2241 335 2320 fratres.
345 2239 477 2312 Quamvis
489 2253 530 2298 tot
541 2239 618 2319 sigua
631 2239 745 2316 fecisset,
756 2241 862 2320 accepit
869 2254 959 2300 tamen
1010 2242 1080 2326 γάρ,
1102 2242 1190 2324 φησὶν,
1205 2241 1298 2302 ἔλαθεν
1313 2240 1376 2302 ἰδὼν
1395 2240 1455 2308 τοὺς
1477 2239 1610 2321 ἀδελφούς.
1627 2240 1723 2303 Καίτοι
1743 2264 1783 2300 το·

217 2352 253 2391 ex
262 2346 371 2414 aspectu
382 2331 489 2392 fiduciae
502 2346 685 2412 augmentum.
696 2331 767 2392 Hinc
779 2332 910 2393 discimus
924 2333 960 2392 il·
1011 2341 1095 2395 σαῦτα
1109 2341 1208 2412 σημεῖα
1222 2333 1413 2416 ἐργασάμενος,
1427 2335 1486 2394 ἀλλ’
1499 2332 1571 2412 ὅμως
1583 2333 1721 2393 ilerdensi
1733 2332 1783 2392 ἀπὸ

217 2424 401 2486 lumhumano
413 2426 495 2485 etiam
509 2446 584 2485 more
597 2424 803 2484 consolationem
814 2427 957 2507 accepisse,
1009 2431 1057 2499 τῆς
1071 2426 1156 2506 όψωνς
1176 2427 1337 2509 προσθήκην.
1349 2424 1414 2484 Ἀπὸ
1432 2423 1525 2485 τούτου
1548 2423 1726 2502 μανθάνομεν,
1744 2423 1783 2482 ότι

215 2531 243 2577 et
255 2532 356 2578 contra.
370 2519 419 2578 to.
431 2520 506 2578 Cum
519 2531 618 2576 autem
628 2521 810 2578 venissemus
822 2519 956 2593 Romam,
1010 2517 1179 2596 ἀνθρωπίνοις
1194 2517 1248 2579 ,καί
1270 2519 1455 2596 παρεκαλεῖτο,
1477 2515 1524 2575 καὶ
1539 2513 1701 2575 τούναντίον.
1716 2511 1782 2573 Ὀτι

213 2615 386 2691 μετανίστατο
396 2624 440 2670 est
449 2611 548 2671 Panlo
557 2629 677 2669 manere
686 2630 817 2670 seorsum
825 2631 890 2671 cunr
904 2616 959 2671 rni-
1010 2607 1038 2669 δὲ
1051 2609 1165 2688 ἤλθομεν
1180 2613 1217 2677 εἰς
1230 2607 1353 2687 Ῥώμην,
1374 2607 1511 2687 ἐπετράπη
1525 2610 1564 2687 τῷ
1577 2605 1680 2686 Παύλῳ
1696 2605 1782 2684 μένειν

216 2703 269 2761 lite
287 2722 319 2762 se
330 2704 522 2762 custodiente.
537 2700 659 2763 viden’r
671 2701 833 2782 permissum
849 2716 888 2762 est
906 2702 958 2780 illi,
1010 2704 1069 2761 καθ’
1083 2701 1174 2762 ἑαυτὸν
1193 2701 1240 2762 σῦν
1261 2704 1300 2781 τῷ
1317 2699 1480 2780 φυλάσσοντι
1500 2699 1577 2759 αὐτὸν
1597 2695 1784 2778 1’στραττιώτιμ

214 2807 245 2853 ut
253 2793 365 2854 seorsim
378 2807 506 2853 maneret.
518 2795 580 2853 Non
591 2814 708 2875 parvum
721 2807 761 2853 est
775 2808 801 2853 et
812 2794 864 2854 hoe
877 2817 959 2876 argu·
1010 2793 1106 2878 Ὁρφςς
1118 2793 1290 2876 συνεχωρήθη
1302 2797 1373 2874 αὐτῷ
1386 2796 1448 2852 καθ’
1460 2792 1553 2852 ἑαυτὸν
1565 2790 1663 2869 μάντιν.
1675 2792 1720 2850 Οὐ
1734 2814 1781 2867 μι-

213 2899 336 2945 mentum
348 2883 427 2944 illum
443 2885 473 2944 in
489 2905 586 2965 magna
599 2882 776 2945 admiratione
789 2885 872 2946 fuisse
884 2909 891 2944 :
905 2907 958 2949 non
1009 2886 1071 2968 κρθν
1090 2887 1136 2948 καὶ
1148 2893 1225 2947 τοῦτο
1235 2885 1381 2966 τεκμήριον
1390 2892 1435 2944 τοῦ
1446 2884 1516 2944 πάνυ
1530 2885 1718 2962 θαυμασθῆναι
1731 2883 1781 2940 αῦ-

212 2979 285 3038 enim
304 3000 367 3038 cum
386 2974 449 3038 aliis
468 2977 559 3058 ipsum
577 2978 799 3039 annumerabant.
810 2982 883 3040 Post
899 2993 957 3041 tres
1009 2977 1069 3038 τόν·
1088 2981 1118 3039 οῦ
1139 2977 1192 3058 γάρ
1212 2976 1245 3049 δὴ
1267 2976 1335 3054 μιτθι
1357 2979 1411 3036 τῶν
1432 2976 1522 3037 ἀλλων
1540 2975 1669 3056 ἠρίθμσνν
1690 2972 1780 3034 αάτάν.

213 3081 311 3129 autem
322 3071 383 3128 dies
395 3072 568 3129 convocavit
576 3072 686 3148 primos
698 3070 882 3130 iudeorum.
893 3073 958 3131 Post
1009 3069 1132 3148 Ἐγίνετο
1146 3068 1174 3130 δθ
1188 3068 1258 3146 μιτθ
1275 3078 1345 3150 τρεῖς
1355 3067 1457 3148 ἡμέρας
1472 3067 1687 3146 συνκαλέσασθαι
1704 3066 1785 3125 αιίτθν

213 3163 338 3223 triduum
352 3161 450 3223 accivit
463 3163 568 3243 primos
582 3161 747 3238 Judaeorum,
759 3185 792 3223 ne
807 3185 885 3243 armes
894 3164 957 3224 illo·
975 3181 994 3228 c
1010 3159 1070 3228 τούς
1080 3161 1157 3227 ὄντας
1164 3165 1217 3219 τῶν
1229 3159 1363 3219 Ἰουδαίων
1374 3157 1501 3238 πρώτους.
1514 3155 1592 3217 Μετά
1602 3165 1674 3236 τρεῖς
1681 3157 1783 3238 ἡμίρας

214 3276 276 3314 rum
285 3267 545 3335 praeoccuparentur.
556 3253 666 3332 thuid
678 3275 891 3315 communecum
902 3255 958 3317 illis
1010 3251 1119 3313 ἐκάλεσε
1131 3250 1192 3319 τοὺς
1205 3249 1325 3333 πρώτους
1340 3255 1392 3309 τῶν
1409 3250 1553 3324 Ἰουδαίων,
1569 3248 1640 3309 ὥστε
1655 3249 1694 3328 μὴ
1714 3272 1781 3329 προ-

212 3348 328 3407 habuit?
339 3368 391 3407 non
406 3347 479 3407 enim
494 3346 535 3405 illi
549 3346 702 3407 accusaturi
716 3347 806 3427 ipsum
818 3360 904 3408 erant.
922 3353 956 3408 tu
1009 3346 1142 3422 ληφθῆναι
1169 3346 1254 3403 αὐτῶν
1279 3341 1328 3409 τάς
1352 3341 1441 3408 ἀκοάς.
1466 3341 1521 3400 Kal
1551 3340 1579 3399 τί
1604 3342 1691 3402 κοινὸν
1719 3341 1784 3421 πρὸς

212 3441 260 3500 ille
272 3462 324 3501 non
333 3441 386 3505 hoc
395 3441 516 3514 curabat,
530 3439 639 3499 sedhoc
650 3439 745 3499 docere
755 3440 872 3515 volebat,
884 3452 914 3499 nt
924 3461 957 3501 ne
1009 3433 1122 3502 ustione
1142 3423 1227 3514 εἶχενς
1243 3437 1273 3493 οὐ
1293 3431 1344 3513 γὰρ
1372 3431 1402 3490 ἂν
1427 3433 1501 3491 αὐτοὶ
1525 3431 1636 3510 ἔμελλον
1663 3455 1782 3508 κατηγο·

213 3533 337 3594 exdiuts
346 3533 554 3594 ostenderentur.
1012 3527 1100 3608 ρήσειν
1130 3529 1219 3586 αὐτοῦ.
1248 3524 1317 3585 Ἀλλ’
1347 3523 1419 3602 ὅμως
1442 3527 1472 3583 οὗ
1498 3523 1591 3583 τούτου
1618 3524 1780 3603 ἐφρόντιζεν,

1010 3617 1080 3678 ἀλλά
1094 3622 1188 3677 ’τοῦτο
1202 3616 1304 3686 διδάξαι
1319 3616 1365 3675 καί
1380 3613 1418 3692 μὴ
1431 3620 1579 3695 προστῆναι
1592 3617 1681 3682 αὐτοῖς
1694 3614 1729 3675 ed
1741 3617 1781 3674 λε·

1009 3734 1118 3789 γομτνα.

253 3817 283 3872 2.
297 3811 386 3874 ludaei
398 3831 462 3891 ergo
474 3823 513 3869 tot
525 3808 647 3870 videntes
664 3808 804 3884 miracula,
815 3829 956 3890 perseque-
1049 3807 1086 3863 Οἱ
1101 3801 1149 3880 μίν
1169 3791 1214 3860 eis
1229 3800 1351 3860 Ἰουδαῖοι
1373 3805 1488 3860 τοσαῦτα
1508 3803 1619 3879 δρῶντες
1642 3798 1780 3877 θαύματα,

212 3907 324 3978 bantur,
341 3902 492 3987 pellendum
505 3903 616 3962 barbari
631 3922 711 3978 vtro,
727 3901 775 3981 qui
795 3902 866 3962 nihil
879 3903 956 3964 vide.
1010 3894 1132 3967 ἐδίωκον,
1145 3893 1273 3965 ἤλαυνον·
1285 3894 1310 3952 οἱ
1324 3890 1352 3951 δὲ
1367 3889 1496 3972 βάρόαροι
1512 3889 1584 3950 οὐδὲν
1602 3891 1779 3968 θεασαίμανοι,

212 4012 281 4071 rant,
291 4019 326 4058 ex
334 3996 392 4057 sola
402 3995 555 4055 calamitate
564 3993 749 4054 miserioordes
758 4007 841 4054 erant.
853 3998 956 4055 θηται·-
1010 3987 1063 4047 dul
1073 3986 1155 4064 μόνης
1167 3989 1215 4056 ῒῆς
1228 3992 1364 4063 συμφορᾶς
1377 3982 1556 4062 taddeum*
1566 3972 1646 4053 'lm
1658 3981 1779 4052 Πάντωςν

213 4108 262 4162 no,
278 4089 449 4169 inquiebant,
471 4088 620 4146 homicida
638 4100 680 4146 est
702 4088 751 4146 tte
773 4089 870 4147 Ιιοαιο.
893 4089 952 4148 Non
1008 4079 1091 4160 φησὶ,
1115 4075 1205 4158 φονεύς
1226 4077 1323 4135 istud
1341 4075 1477 4153 ἄνθρωπος
1497 4064 1580 4140 οὗτος·
1604 4076 1666 4153 Οὖχ
1690 4073 1779 4139 ἅπλῶς

211 4183 372 4262 simpliciter
390 4179 575 4260 pronuntiant,
596 4178 655 4253 sed,
681 4181 817 4251 Omnino,
839 4176 950 4256 dicunt;
1008 4168 1209 4253 ἀποφαίνονται,
1223 4166 1309 4240 ἆθλόν,
1324 4166 1454 4238 Πάντως,
1472 4165 1553 4252 φασί)
1574 4165 1725 4236 τουτέστιν,
1744 4169 1779 4231 ὡς

211 4270 241 4330 id
255 4286 304 4347 est,
315 4285 346 4329 ut
360 4271 452 4330 videm
465 4271 538 4329 licet.
554 4272 595 4328 Et
608 4270 692 4341 ultio,
709 4269 846 4346 inquiunt,
860 4274 954 4349 ipsum
1006 4265 1105 4325 ἔνεστιν
1121 4264 1195 4321 ἰδεῖν.
1214 4259 1268 4319 Καὶ
1282 4263 1299 4330 ἢ
1312 4257 1387 4330 δίκην
1398 4259 1474 4337 φησίν
1488 4261 1534 4337 ζῇν
1545 4256 1676 4317 ῠῦκείασῑ
1690 4257 1777 4317 steti.

209 4367 312 4422 ‘uivere
325 4382 384 4419 non
393 4364 472 4420 sinit.
487 4359 559 4438 Ergo
569 4358 746 4439 providentia
760 4359 893 4418 rationem
906 4361 987 4420 lia-D
1004 4356 1070 4440 'Ape
1087 4354 1134 4416 καὶ
1153 4352 1198 4412 τὸν
1218 4351 1280 4431 περὶ
1293 4349 1416 4430 προνοίας
1430 4349 1507 4428 λόγον
1523 4340 1609 4430 εἶχον,
1624 4350 1670 4409 οιαὶ
1688 4351 1779 4428 πολλῷ

208 4455 320 4531 θείνεται,
333 4467 359 4511 et
372 4451 459 4530 magis
469 4451 625 4530 philosophi
635 4464 721 4527 eram,
735 4472 817 4528 quam
829 4452 881 4532 ipsi
891 4453 954 4532 phi·
1003 4454 1056 4508 τῶν
1080 4444 1229 4528 φιλοσόφων
1264 4433 1334 4502 οὗτοι
1361 4445 1386 4501 ol
1412 4441 1542 4523 βάρόαροι
1572 4440 1778 4521 φιλοσοφώτεροι

209 4544 328 4627 losophi.
348 4543 383 4602 Hi
398 4542 470 4601 enirn
484 4563 526 4617 ea,
541 4562 601 4620 quar
621 4541 673 4600 sub
685 4541 750 4600 luna
763 4543 845 4616 fiunt,
858 4543 951 4623 provi·
1003 4541 1157 4621 ἐτύγχανον.
1177 4535 1258 4596 Αὐτοὶ
1272 4533 1319 4612 μὲν
1330 4533 1383 4614 γάρ
1397 4535 1445 4592 orire
1459 4537 1553 4612 ἀφιᾶσι
1568 4531 1695 4612 προνοίας
1711 4537 1778 4592 ἀπο-

209 4640 300 4701 ‹lentia
317 4637 372 4696 frui
384 4656 437 4695 non
452 4635 560 4693 sinunt:
570 4633 612 4692 illi
626 4653 690 4692 vero
704 4633 807 4712 ubique
820 4635 953 4713 putabant
1003 4632 1091 4692 λαύαιν
1100 4630 1135 4690 τά
1151 4629 1201 4690 ὑπὸ
1212 4627 1324 4699 σελήνην
1335 4650 1341 4662 ·
1354 4629 1378 4685 οἱ
1391 4625 1419 4684 δὲ
1433 4630 1569 4704 πανταχοῦ
1582 4625 1719 4702 νομίζουσι
1729 4649 1778 4684 πα-

208 4733 297 4791 Deum
310 4750 367 4790 esse
380 4739 555 4809 praesentem,
569 4737 595 4783 et
607 4723 682 4802 quod
704 4723 767 4783 lieet
786 4725 872 4785 multa
891 4727 955 4804 quis
1005 4733 1088 4805 ρεῑνοιι
1103 4721 1243 4792 τὸνθεόν,
1262 4718 1307 4776 καὶ
1320 4717 1370 4787 du,
1384 4716 1434 4776 ιιάν
1445 4717 1531 4776 πολλά
1551 4740 1591 4783 τις
1605 4717 1736 4797 διαφύγῃ,
1749 4720 1778 4776 ού

206 4823 341 4903 effriguit,
356 4841 409 4881 non
430 4816 553 4897 usquein
567 4816 648 4874 sunem
670 4829 758 4875 tamen
777 4816 894 4898 effugiet.
917 4817 952 4876 Et
1004 4814 1166 4896 διαφεύξεται
1180 4814 1217 4878 εἰς
1230 4811 1322 4893 τέλος.
1334 4808 1385 4869 Καὶ
1396 4806 1463 4886 όρα,
1479 4813 1535 4873 πῶς
1550 4809 1598 4866 οὐκ
1616 4808 1777 4868 ἐπιτίθενται

238 5037 249 5061 ι
261 5021 307 5069 llic
318 5017 432 5087 quadam
443 5014 549 5067 deerant
559 5016 584 5065 in
597 5013 683 5066 Morel·
697 5012 733 5082 [et
744 5015 787 5079 9.,
800 5015 852 5066 linc
859 5031 961 5082 nempe,
1015 5025 1082 5064 runt.
1095 5011 1192 5078 [Supra
1207 5017 1259 5070 καὶ,
1273 5007 1342 5075 quod
1354 5019 1412 5057 ante
1422 5015 1564 5076 ἀνθρωπίνως
1575 5005 1715 5073 legebatur,
1729 5027 1776 5075 po-

206 5103 315 5157 αυταάς..·
327 5097 436 5161 παῦλαν],
446 5110 504 5161 quae
512 5090 610 5159 adjectu
621 5103 688 5143 suut.
1011 5091 1105 5144 suimus
1118 5102 1189 5157 post,
1201 5100 1228 5140 ut
1240 5088 1335 5139 habent
1345 5089 1373 5138 Α.
1387 5087 1454 5140 tte.
1468 5087 1499 5136 Iu
1510 5088 1541 5137 l).
1554 5084 1648 5154 deest]

237 5177 332 5228 hunus
352 5186 498 5247 στρατιώτῃ,
512 5181 549 5225 καὶ
568 5178 711 5241 αιννιχωρήθη
727 5176 797 5239 αὐτῷ.
817 5171 866 5221 tite
885 5169 960 5221 etiarn
1043 5186 1053 5210 0
1065 5171 1116 5236 [τοῦ
1125 5191 1150 5222 τι
1163 5168 1228 5234 conj·
1236 5164 1313 5222 Seril.
1323 5174 1362 5218 τοῦ
1372 5166 1399 5215 Α.
1411 5176 1477 5220 τοῦτο
1487 5167 1571 5216 ceren
1582 5169 1693 5234 omnes.]

203 5257 335 5309 verletotes
353 5252 445 5318 passim
461 5261 485 5301 et
502 5247 534 5300 sd
547 5246 655 5315 singulas
667 5246 717 5300 lere
733 5256 856 5319 πιριααιιάς
871 5265 960 5300 occure.
