3728 5978
496 513 528 560 ru
556 509 838 561 rarnrearrounu
863 511 1000 562 snsuurr.
1030 516 1054 561 ι.
1492 495 1556 567 θθι

104 641 133 707 ἧς
144 639 293 771 μροσρυγῆς
304 635 352 708 την
364 636 474 773 ἀγνάτῃγ
488 635 683 773 πρθςδτθμερύμ
695 637 772 695 Παῦ-
823 637 900 773 1νμιιιρ
917 657 967 696 eur
980 639 1039 697 Deo
1051 637 1178 717 accepta?
1192 636 1265 730 Quia
1274 637 1385 730 jejuniis
1399 652 1426 704 et
1435 640 1565 701 orationi.

105 714 771 873 tt?tlttltt'ssrfftsstttttt‘l
823 716 1566 888 tt'tttbtatttttltt'ttjtlt{tlt

104 878 167 932 σνῶν
182 873 273 935 ίσύεσε
293 873 341 947 τὴν
355 873 449 957 πυρόν.
471 875 555 941 Φίλος
569 794 773 956 Κορνηλιοςοάίύ
824 886 889 932 runt
902 875 930 933 in
940 875 1070 956 templum
1082 875 1117 935 ad
1129 876 1225 935 boram
1234 876 1362 936 orationis
1375 898 1481 936 nonam.
1496 880 1566 937 Pan·

104 953 168 1026 ιειδλ
187 955 277 1023 ἄσιτος
290 953 339 1027 τλν
353 953 396 1013 bt
410 952 513 1034 Πέτρου
533 954 666 1034 σοντηρίαν
684 953 773 1022 ίξεδί-
823 951 868 1011 lus
883 953 987 1014 amicus
998 967 1055 1014 erat
1069 956 1173 1033 quare?
1186 955 1260 1031 Quia
1270 975 1377 1015 earnem
1389 957 1523 1036 castigans
1536 957 1566 1018 in

104 1031 181 1092 Φίλοι
204 1035 229 1092 οἱ
251 1036 367 1171 Χριστοῦ
392 1031 522 1113 μαίρτυρες
543 1033 586 1092 διὰ
604 1032 645 1108 τί,
659 1030 772 1106 Ἐπειδὴ
824 1031 982 1094 servitutem
1007 1033 1155 1113 redigebat.
1175 1034 1287 1094 Amicus
1309 1035 1469 1095 Timotheus
1490 1037 1564 1097 eur?

114 1113 273 1193 καὶπρσσιια
286 1136 331 1195 pou
344 1136 408 1172 κατε
430 1111 540 1194 ρόνησαν
551 1114 629 1186 ζωῆς.
640 1112 723 1196 Ὁρᾷς
736 1114 774 1178 ὥς
825 1111 898 1185 Quia
917 1133 966 1194 pet·
982 1127 1076 1195 potum
1098 1135 1173 1193 aquae
1187 1113 1359 1194 voluptatum
1378 1115 1566 1184 exstinxitrof

104 1215 126 1250 ιν
140 1192 184 1252 ἐπὶ
197 1196 226 1250 θε
244 1192 348 1264 απείαν,
363 1136 432 1252 ἀλλά
446 1192 491 1252 καὶ
505 1192 575 1251 θείαν
597 1193 685 1273 φιλίαν
704 1194 773 1263 ert<
825 1211 899 1269 gum.
921 1194 1032 1253 Amicus
1045 1194 1186 1253 Cornelius
1198 1194 1302 1272 quare?
1313 1193 1385 1265 Quia
1395 1194 1504 1275 jejunus
1516 1217 1566 1277 per

104 1271 180 1340 πείας
192 1216 268 1331 καλεῖ
278 1272 309 1330 τὸ
322 1271 412 1351 γένος,
428 1273 503 1353 ἅγιον
517 1272 562 1332 καί
575 1275 636 1351 ὑγιῆ
653 1271 785 1354 σπεύδωνΙ
824 1268 1004 1331 ministerium
1027 1273 1100 1332 Petri
1122 1273 1235 1332 salutem
1250 1273 1362 1354 accepit.
1387 1274 1475 1332 Amici
1488 1288 1565 1334 erant
1599 1353 1601 1358 Ι

104 1356 164 1410 σθαι
189 1352 234 1411 τὸν
263 1352 362 1430 Ἀδὰμ,
388 1350 526 1434 σώφρονα,
549 1351 634 1432 φίλον,
656 1355 772 1432 ἐγκρατῆ
825 1349 927 1409 Christi
944 1365 1078 1433 martyres
1090 1351 1280 1431 quarelQuia
1301 1373 1409 1411 carnem
1422 1365 1449 1411 et
1461 1367 1568 1434 tempo

105 1430 223 1500 νεανικὸν,
243 1431 341 1510 σεμνὸν
360 1429 405 1490 καὶ
419 1435 548 1511 σογγενῆς
559 1431 596 1489 Τί
607 1430 658 1512 γάρ
673 1429 773 1494 tresel
789 1441 809 1489 n
824 1448 933 1488 raucam
941 1432 1028 1490 vitam
1045 1445 1249 1492 contemserunt.
1263 1430 1349 1494 Vides
1359 1432 1496 1510 quomodo
1510 1453 1565 1493 non

104 1500 163 1568 εἶναι
183 1513 267 1585 Θεοῦ,
291 1509 308 1581 ἢ
327 1513 397 1571 Θεοῦ
416 1512 535 1589 γενέσθαι
549 1514 679 1591 συγγενῆ,
694 1511 772 1581 Γίνου
825 1509 914 1568 solum
923 1510 958 1570 ad
972 1510 1386 1587 medelamobtinendam,scdet
1396 1510 1430 1570 ad
1441 1510 1564 1583 divinam

104 1588 146 1647 διὰ
165 1588 287 1661 νηστείας
307 1591 380 1669 φιλος
394 1592 479 1659 Θεοῦ,
492 1589 563 1667 γίνου
588 1590 631 1649 διὰ
650 1590 772 1662 νηστείας
823 1588 973 1649 amicitiam
987 1592 1062 1650 Deus
1075 1612 1124 1672 per
1133 1591 1268 1672 jejunium
1284 1611 1368 1671 genus
1380 1604 1501 1650 nostmm
1514 1592 1564 1651 ad·

104 1669 232 1746 σογγενής.
258 1667 305 1740 Μὴ
334 1668 424 1749 μείνῃς
455 1667 588 1751 ἀκρατὴς,
614 1667 652 1746 μὴ
681 1669 771 1751 μείνῃς
823 1681 910 1741 vocet,
924 1690 1020 1729 curans
1038 1683 1069 1728 ut
1090 1670 1178 1730 Adam
1198 1684 1306 1731 sanctus
1323 1685 1349 1730 ct
1362 1691 1443 1730 sanus
1463 1671 1564 1732 efficia·

104 1747 160 1820 ,μὴ
173 1746 263 1827 μείνῃς
275 1749 425 1828 ἄρρωστος,
441 1746 478 1826 μὴ
491 1747 583 1826 μείνῃς
596 1748 770 1826 τραυματίας,
822 1759 876 1821 tur,
900 1748 1046 1825 continens,
1068 1749 1180 1821 amicus,
1213 1764 1267 1809 tem
1316 1771 1373 1822 ans,
1396 1764 1561 1829 mansuetus,

104 1825 156 1907 ίνῃς
179 1828 338 1907 παροίλυτος.
360 1825 429 1886 Ἰδού
448 1827 500 1927 γάρ
522 1849 563 1886 σοι
586 1826 632 1885 καί
655 1826 771 1908 τήμερον
822 1825 960 1887 modestus
980 1841 1006 1887 et
1033 1829 1183 1908 congener?
1206 1829 1261 1899 Qui
1304 1829 1376 1888 enirn
1397 1842 1436 1888 est
1460 1829 1563 1890 amicos

117 1906 231 1984 Χριστὸς
245 1910 271 1966 ἐν
286 1909 400 1986 τῇκαλῇ
414 1930 496 1986 ταυτῃ
518 1905 771 1991 ἐνικλήσία,τῇνίςρ
821 1924 877 1963 esse
891 1907 953 1978 Dei,
976 1928 1059 1985 qnam
1080 1909 1138 1988 ejus
1167 1928 1298 1987 congenea
1315 1908 1407 1966 effici?
1426 1909 1490 1967 Esto
1512 1909 1563 1988 igi·

104 1984 192 2061 αλήμ·
214 1984 282 2056 ἰδοῦ,
300 1985 398 2058 ἐπέστη
411 1984 610 2063 τεσσαρακοστὴ
623 1966 770 2062 τίνιυματι-
821 1996 927 2066 turpet
940 1985 1075 2066 jejunium
1105 1987 1208 2046 amicus
1222 1986 1282 2062 Dei,
1300 2000 1356 2046 esto
1375 2008 1423 2067 per
1428 1986 1563 2067 jejunium

107 2088 115 2121 ι
137 2064 322 2144 κολυμύήθραν
344 2064 514 2136 δεικνύουσα,
534 2066 562 2123 ού
603 2062 649 2122 ἕνα
672 2065 770 2146 ίτησίῳ
822 2063 873 2121 1)σί
891 2085 1032 2144 congener.
1048 2066 1089 2126 Ne
1103 2086 1209 2125 maneas
1234 2065 1425 2146 intemperans,
1448 2086 1481 2125 nc
1502 2087 1563 2126 ma-

106 2143 239 2224 ἄῤῥωστον
260 2143 439 2225 ίατρεύουσαν,
453 2144 512 2201 ἀλλ’
536 2087 770 2224 θλίκληρονλαόν.
822 2162 886 2201 neas
908 2142 1044 2220 inimicus,
1067 2164 1101 2202 nc
1117 2166 1224 2204 maneas
1242 2145 1376 2221 infirmus,
1397 2165 1430 2204 ne
1456 2167 1563 2206 maneas
1656 2204 1658 2208 Γ

104 2224 274 2305 ἐρουσαλὴα,
289 2223 343 2283 ἰδοὺ
362 2226 376 2281 ὁ
392 2220 520 2300 Χριστὸς,
537 2221 591 2281 ἰδοὺ
607 2227 624 2294 ἡ
639 2245 771 2304 τεσσαρα-
822 2221 1037 2296 vulneratus,ne
1069 2244 1178 2282 mancas
1220 2223 1375 2304 aralyticus.
1400 2222 1471 2282 Eece
1490 2225 1561 2284 enim

122 2279 295 2384 κολυμύνίθρα
314 2301 491 2379 πνευματική.
512 2300 639 2373 Ἐπίύηθι
660 2303 771 2382 χαίρων,
820 2300 878 2380 jam
903 2300 953 2360 tibi
977 2299 1059 2361 bodie
1075 2301 1165 2361 adstat
1180 2245 1305 2361 Ciristus
1329 2302 1357 2361 in
1380 2301 1431 2359 bac
1447 2302 1562 2382 pulchra

104 2385 144 2452 τῆς
153 2380 279 2460 ναμάτων
293 2381 409 2441 ἀπόλαυε
420 2379 551 2462 γεγηθὼς,
563 2381 659 2440 πλῦνον
674 2383 770 2461 σσίρκα,
823 2379 948 2454 ecclesia,
966 2401 1036 2439 nova
1058 2380 1224 2441 Jerusalem:
1235 2400 1296 2440 ecee
1318 2378 1393 2440 adem
1414 2381 1562 2462 quadrage-

104 2485 151 2522 ινον
176 2460 296 2539 καρδίαν,
319 2460 419 2538 σμῆξον
439 2459 541 2540 popvlo,
569 2458 682 2538 κίθαρον
711 2467 770 2521 νοῦν
822 2457 902 2535 sima,
917 2459 1085 2540 spiritualem
1108 2460 1159 2518 tibi
1176 2459 1309 2540 piscinam
1333 2458 1483 2534 ostendens,
1508 2483 1562 2522 non

110 2541 155 2600 καί
170 2540 262 2608 ἔξωθεν
273 2546 319 2599 τοῦ
332 2545 379 2612 τῆς
392 2529 524 2621 ἁμαρτίας
539 2537 632 2619 ῥύπου·
649 2537 769 2599 ἀπόπλυ-
779 2551 882 2616 mque
896 2558 946 2618 per
958 2558 1079 2597 annuum
1092 2538 1225 2598 circulum
1233 2538 1372 2597 infirmum
1382 2560 1466 2599 unum
1478 2554 1561 2614 sanet,

104 2645 114 2678 ν
143 2620 243 2699 Ἀδὰμ,
272 2618 385 2686 ἀκούσας
410 2618 530 2699 λέγοντος
553 2625 599 2678 τοῦ
634 2619 768 2699 Χριστοῦ,
787 2607 868 2676 Ased
880 2630 966 2676 totum
986 2617 1217 2698 populum:eeee
1229 2618 1393 2693 Jerusalem,
1408 2638 1467 2676 ecee
1480 2619 1562 2678 Chri·
1591 2674 1595 2680 .

104 2725 121 2770 ;,
145 2692 207 2782 ἀρον
227 2700 271 2760 τθν
296 2698 448 2779 κράύὸατόν
463 2721 523 2769 σου,
545 2698 590 2756 καλ
615 2700 768 2777 περιπάτει.
821 2709 894 2771 stus,
910 2717 970 2756 ecoe
990 2696 1205 2776 quadragesima,
1243 2697 1350 2756 iscinas
1371 2696 1497 2756 iritualis.
1515 2699 1562 2758 ln-

104 2779 207 2838 πίπτων
230 2780 278 2838 οὐκ
299 2778 452 2851 ἀνίσταται;
476 2779 576 2849 Στῆθι,
598 2776 680 2843 πόδας
700 2778 770 2858 ἔχων
821 2774 933 2855 gredere
950 2775 1085 2856 gaudens,
1101 2790 1132 2836 ιιι
1148 2777 1206 2857 ejus
1223 2720 1333 2836 inentis
1350 2718 1433 2834 latus
1447 2776 1560 2857 fruaris5

104 2856 345 2936 ιικοθς,λογισμσῦς
355 2856 550 2937 φιλοθέους,γεῖ
567 2879 597 2925 ας
608 2854 769 2935 φιλοτίμως,
819 2855 882 2914 lara
902 2876 1019 2931 earnem,
1033 2875 1079 2913 cor
1092 2855 1182 2928 ablue,
1203 2855 1321 2916 animam
1339 2855 1470 2934 absterge,
1485 2876 1562 2914 men·

119 2941 229 3011 ἀκλινῆ,
253 2936 352 3017 μηροὺς
381 2937 504 3018 ἀμοίρους
519 2882 637 3008 'sinor
661 2936 769 3016 νεφρούς
820 2947 874 2994 tem
894 2935 1013 2995 exterius
1034 2944 1061 2993 c't
1080 2935 1193 2994 interius
1209 2935 1341 3028 apeceati
1364 2933 1443 2993 sorde
1464 2955 1560 3014 purga.

104 3039 147 3084 ους
161 3019 315 3095 ἐπιθυμιῶν,
325 3014 406 3096 ἀσφῦν
421 3017 466 3074 καί
479 3016 581 3076 κοιλίαν
593 3016 768 3095 ἀσφαλισθεί-
820 3014 908 3074 Ablue
933 3013 1077 3086 Adamum,
1092 3035 1154 3074 cum
1182 3013 1298 3073 audieris
1318 3012 1458 3073 Christum
1469 3012 1561 3073 dieen-

104 3097 187 3169 ελίτην
200 3097 281 3175 νόμου
295 3100 379 3167 Θεοῦ,
394 3101 488 3168 στῆθος
498 3139 506 3170 ,
518 3095 629 3175 καρδίαν
639 3095 767 3176 καθαρὰν,
819 3106 883 3170 ιαιιι,
893 3093 993 3175 ὄνομα,
1015 3094 1088 3153 tolle
1100 3096 1261 3174 grabatum.
1276 3106 1368 3165 tuum,
1387 3105 1415 3152 et
1428 3094 1559 3153 ambula.
1570 3114 1645 3158 arare.
1655 3121 1708 3168 αφ.

105 3174 144 3254 ον,
160 3177 256 3259 τρόπον
275 3180 397 3249 εὐπειθῆ,
411 3177 455 3256 ψυ·
468 3175 510 3250 ὴν,
528 3175 637 3253 γνώμην
651 3175 766 3254 εύλαύῆ,
818 3175 967 3255 Numqui
987 3175 1078 3245 cadit,
1096 3177 1322 3254 conresurget?
1340 3174 1399 3246 Sta,
1415 3171 1496 3253 pedes
1507 3173 1616 3249 ,ba-Ju.
1633 3186 1657 3235 o.
1669 3190 1693 3247 4.

104 3257 204 3335 τεμνὸν,
218 3257 298 3338 κόρην
319 3258 367 3315 οὐκ
381 3200 560 3328 ἐκκλίίιουσαν,
574 3253 657 3326 ἀκοὴν
668 3257 766 3315 εθστα-
816 3252 883 3312 bens
894 3252 1073 3334 evangelicos,
1089 3252 1263 3332 cogitationes
1275 3254 1332 3311 Deo
1345 3252 1453 3325 amicas,
1463 3273 1560 3314 manns

123 3337 200 3418 χεάη
216 3335 380 3419 προφέροντα
397 3334 431 3394 τά
451 3335 515 3416 φίλα
535 3337 653 3416 Χριστῷ.
669 3336 767 3395 Τοιοῦ-
817 3331 954 3410 liberales,
972 3352 1059 3412 genua
1072 3352 1125 3392 non
1140 3333 1220 3408 llere,
1233 3332 1333 3392 femora
1347 3331 1496 3412 voluptatis
1513 3351 1559 3392 ex-

104 3442 121 3476 υ
135 3422 182 3489 τῆς
197 3419 426 3499 τεσσαρακοστῆς,
440 3417 475 3483 ὡς
487 3415 674 3496 κολυμόήθρας
686 3437 766 3474 πνευ-
817 3412 920 3493 portia,
937 3433 1013 3472 rencs
1034 3410 1256 3503 concupiscentiis
1272 3411 1383 3489 liberos,
1405 3409 1513 3471 lumbos
1530 3426 1560 3472 et

104 3521 112 3564 ς
125 3505 219 3577 πεῖραν
232 3495 330 3556 λαύών.
345 3494 397 3554 Διά
409 3494 508 3568 ταύτης
525 3495 577 3574 γάρ
595 3517 625 3553 σε
640 3493 708 3552 θελει
722 3493 767 3554 ἐπί
817 3506 937 3552 ventrem
950 3506 1034 3570 tutos,
1051 3489 1253 3552 modrtationem
1274 3491 1341 3571 legis
1351 3489 1414 3570 Dei,
1427 3504 1523 3571 pectus
1533 3505 1561 3552 et

104 3579 193 3636 πλῦναι
207 3577 260 3639 ἀπὸ
273 3580 322 3647 τῆς
335 3574 446 3651 ἀνομίας
457 3597 502 3634 σου
513 3572 627 3647 Ἰησοῦς·
641 3571 684 3630 διὰ
697 3573 765 3632 ταύ-
817 3592 863 3631 eor
875 3593 987 3653 purum,
997 3571 1096 3631 collum
1109 3585 1135 3631 et
1146 3593 1233 3631 mores
1241 3571 1426 3649 obsequentes,
1440 3570 1559 3630 animam

104 3659 167 3728 »τῆς
179 3654 310 3739 ἁμαρτίας
322 3661 436 3736 καθᾶραι
449 3659 463 3714 θ
477 3653 558 3735 αἴρων
569 3654 618 3724 τὴν
633 3652 765 3734 ἁμαρτίαν
816 3664 843 3711 et
855 3666 971 3712 mentem
986 3651 1069 3732 piam,
1082 3671 1112 3710 os
1125 3651 1286 3726 modestum,
1296 3649 1430 3732 pupillam
1443 3670 1496 3709 non
1512 3650 1560 3710 de·

104 3761 169 3816 μου·
189 3735 342 3807 διὰταύτης
356 3737 506 3816 ἰατρεῦσαι,
528 3733 683 3804 διὰταύτης
701 3737 765 3792 ἀνα·
817 3730 973 3808 elinantcm,
988 3730 1113 3789 auditum
1127 3744 1197 3791 recte
1216 3731 1402 3811 compositum,
1412 3728 1485 3788 labia
1498 3752 1559 3810 quae

105 3841 131 3886 ι,
152 3816 196 3876 td
209 3815 307 3889 ταύτης
320 3813 439 3894 ἁγνίσαι,
460 3813 613 3884 διὰταύτης
631 3813 712 3871 πόλιν
729 3815 765 3883 είς
817 3810 926 3869 Christo
941 3810 1028 3869 amica
1040 3810 1123 3871 verba
1132 3811 1276 3891 proferant.
1287 3809 1364 3869 Talis
1372 3822 1436 3883 esto,
1452 3822 1481 3868 ut
1492 3831 1560 3901 qua-

114 3895 218 3967 ἡλικίας
236 3898 354 3974 ἀγαγεῖν.
378 3892 433 3952 Καί
456 3892 499 3952 ίνα
521 3914 563 3951 σοι
584 3891 631 3950 καί
651 3916 678 3951 τι
698 3890 764 3951 είπω
782 3911 800 3957 n
815 3889 973 3968 dragesimae
990 3888 1068 3968 quasi
1081 3889 1191 3969 piscinae
1205 3887 1354 3970 spiritualis
1367 3887 1560 3978 experientiam

117 3975 201 4049 (ἀλλὰ
225 3974 263 4055 μὴ
288 3971 365 4033 τοῦτό
384 3996 414 4031 σε
430 3971 581 4052 κατεχέτω,
602 3970 646 4029 διὰ
669 3968 764 4031 τὸτοῦ
816 3969 987 4029 sumas:lrac
1007 3967 1080 4028 enim
1102 3981 1129 4027 te
1143 3968 1203 4026 vult
1222 3968 1300 4030 Jesos
1323 3967 1477 4046 iniquitates
1498 3981 1559 4028 tuas

104 4054 249 4136 φιλότιμον,
264 4059 291 4115 ἐν
311 4055 484 4133 νυσταγμῷ)·
499 4041 566 4110 ε’ίποι
587 4049 614 4108 τί
638 4048 745 4131 κρύφιον
756 4076 764 4127 ;
814 4047 966 4129 plurimum
977 4047 1086 4107 abluere
1097 4070 1104 4104 ι
1116 4047 1168 4106 bac
1180 4060 1228 4107 tea
1240 4061 1349 4128 peccato
1360 4046 1473 4138 purgari
1484 4060 1559 4128 optat

104 4135 181 4204 πείας
195 4160 225 4195 σε
243 4135 313 4193 θίλει
334 4131 447 4213 Χριστὸς
469 4131 513 4191 τὸν
536 4128 606 4199 ἅπαξ
621 4133 764 4208 ἀναγεννη-
815 4128 862 4207 qui
873 4127 944 4188 tollit
956 4140 1095 4208 peccatum
1109 4126 1216 4202 mundi,
1230 4127 1320 4186 baete
1332 4124 1465 4185 medicina
1480 4147 1558 4186 sana-

104 4216 160 4275 θατι
178 4216 223 4274 καὶ
244 4211 383 4291 Πνεύματι
395 4211 441 4271 καί
455 4210 516 4293 θείῳ
527 4209 590 4291 πυρί
602 4213 638 4276 είς
654 4209 702 4283 τλν
717 4214 762 4292 ἀρ
814 4210 850 4285 ri,
862 4207 914 4267 lrae
922 4207 1045 4267 renovari
1059 4206 1304 4287 etpurifieari‚hac
1315 4226 1425 4265 rursum
1436 4205 1464 4264 in
1477 4226 1561 4268 men—

104 4294 218 4374 ύγίνειαν
239 4296 388 4370 ἀναγαγεῖν.
407 4289 475 4350 Ἰδού
492 4313 533 4349 σοι
552 4295 598 4349 τοῦ
611 4291 702 4370 ἰατροῦ
717 4288 763 4350 καί
815 4308 907 4347 suram
928 4287 1014 4347 aetatis
1029 4285 1185 4346 adduci:et
1207 4299 1238 4345 ut
1251 4286 1302 4345 tibi
1320 4284 1384 4366 quid
1407 4286 1460 4345 ianr
1482 4307 1562 4346 arca-1
1651 4327 1654 4330 ·

104 4371 463 4454 ιίιμυοτίριονάπεκαλυύα.
476 4368 704 4430 Διόσελιτανιύω
718 4370 763 4429 καί
815 4389 881 4426 num
899 4365 989 4426 dicam
1004 4366 1068 4440 (sed
1081 4387 1114 4426 ne
1129 4363 1182 4425 boc
1203 4366 1239 4424 ob
1251 4365 1358 4429 Judieis
1368 4307 1557 4426 liberalitatem
1581 4379 1708 4452 niytnanuo

122 4454 159 4533 μὴ
182 4456 218 4523 ὡς
241 4451 352 4532 ἑτοίμοις
375 4449 485 4531 ἔχωντί)
499 4448 648 4530 φάρμακον,
672 4448 764 4528 μείνῃς
815 4460 841 4506 et
852 4447 999 4507 bonitatem
1013 4445 1041 4505 in
1062 4444 1253 4506 dormitatione
1268 4445 1403 4526 detineat)
1415 4470 1421 4502 :
1434 4446 1558 4507 dicamne
1566 4453 1615 4487 ’Μ
1615 4457 1681 4487 ¹¹¹¹¹

112 4557 143 4593 συ
164 4532 208 4592 ναί·
227 4533 265 4612 μὴ
279 4537 315 4599 ὡς
329 4531 436 4606 ἑτοίμην
448 4529 516 4611 ἔχων
536 4527 585 4601 τὴν
601 4537 703 4606 μεσῖτιν
718 4553 763 4608 με·
815 4526 957 4609 quidpiam
974 4527 1124 4586 arcanum?
1136 4528 1188 4586 Per
1198 4526 1333 4607 jejunium
1353 4539 1379 4584 te
1394 4528 1457 4586 vult
1478 4526 1559 4585 Chii-

104 4657 107 4680 ‚
121 4638 211 4692 μεινης
225 4613 347 4695 πράττων
369 4611 403 4671 τὰ
427 4613 456 4670 οὐ
480 4609 544 4691 φίλα
568 4612 644 4689 Θεῷ,
669 4606 762 4691 κόσμιμ
816 4621 873 4667 stus
886 4607 968 4666 semel
983 4620 1105 4666 renatum
1117 4627 1187 4685 aqua
1200 4620 1227 4665 et
1237 4606 1342 4687 Spiritu
1353 4605 1448 4667 divino
1462 4619 1488 4665 et
1502 4606 1559 4685 igni

104 4679 237 4771 λούμενος,
251 4691 297 4753 καί
309 4691 357 4763 τὴν
378 4689 443 4771 πρὸς
458 4689 527 4749 Θεὸν
542 4689 631 4770 φιλίαν
645 4687 762 4747 ἀναόαλ·
815 4686 851 4746 ad
865 4686 982 4766 priscam
996 4685 1165 4751 nobilitatem
1178 4685 1314 4746 reducere.
1329 4685 1399 4744 Ecce
1413 4684 1464 4744 tibi
1475 4685 1559 4744 medi-

110 4796 117 4810 ·
149 4770 332 4855 ὴὼςέχωντὸ
345 4767 672 4850 καθάρσιον,ἀναόαίλλου.
685 4765 764 4840 Ἀθη·
817 4766 886 4826 ciet
896 4765 1000 4848 judicis
1014 4766 1173 4848 mysterium
1194 4763 1398 4826 revelavildeo
1412 4779 1438 4823 te
1454 4784 1520 4845 rogo
1533 4777 1561 4824 et

112 4876 142 4913 το
156 4851 263 4932 μέλλον,
274 4852 369 4922 ἄδηλος
384 4855 401 4923 ἡ
417 4849 517 4930 αὔριον,
538 4847 633 4920 ἀδηλος
646 4851 664 4918 ἡ
676 4845 763 4925 σήμε-
817 4845 939 4923 obsecro,
950 4867 993 4922 ne,
1008 4859 1039 4905 ut
1053 4859 1189 4927 promtum
1204 4844 1305 4903 babens
1325 4843 1488 4920 remedium,
1511 4864 1561 4903 σεε·

104 4936 153 5005 γλον
167 4931 198 4990 τὸ
211 4956 250 4993 πα
277 4956 312 5009 ν·
331 4929 464 5008 ὁδοιπόροι
477 4926 557 5006 ἐσμὲν
572 4931 598 4987 ἐν
612 4925 721 5007 κόσμῳ·
733 4927 763 4988 σθ
816 4946 850 5006 pe
857 4925 914 4984 labi
924 4946 1035 5018 pergas3
1044 4944 1086 4999 ne,
1096 4937 1126 4982 ut
1135 4936 1255 5005 paratam
1264 4921 1366 4983 babens
1374 4923 1561 5006 poenitentiam

104 5037 130 5084 ι,
145 5012 214 5072 ἀλλά
228 5011 309 5085 ξενοι,
324 5009 369 5069 καί
382 5007 562 5086 παρεπίδημοι
575 5010 652 5084 ἡμεῖς
664 5005 763 5066 καλσύ-
816 5005 1011 5083 mediatricem,
1026 5024 1178 5086 perseveres
1196 5003 1242 5061 illa
1263 5023 1342 5082 agere
1356 5024 1416 5082 quae
1433 5005 1491 5062 Deo
1506 5023 1559 5086 nou

106 5094 284 5151 Εκκαλεῖσθαι
303 5090 348 5149 τὸν
362 5086 455 5169 κριτὴν
468 5089 513 5148 οὐκ
528 5084 663 5165 ίσγύομεν,
677 5110 762 5168 παρι-
816 5085 934 5165 placent,
951 5085 978 5143 in
992 5083 1095 5143 mundo
1108 5083 1257 5158 volutatus,
1266 5102 1298 5142 ac
1308 5082 1360 5142 Dei
1372 5081 1521 5143 amicitiam
1530 5084 1559 5143 in

104 5195 118 5228 ιι
134 5171 183 5243 τὴν
193 5174 237 5252 ψο
249 5171 299 5244 ήν·
315 5166 520 5246 ἀπαιτούμενοι,
534 5155 627 5247 χρόνον
639 5164 685 5225 καλ
697 5189 761 5225 και·
778 5177 798 5228 c
815 5165 892 5225 aliud
915 5178 1020 5246 tempus
1044 5163 1183 5222 remittens
1189 5184 1198 5240 ;
1213 5183 1246 5222 ne
1267 5162 1387 5242 disseras,
1410 5176 1441 5222 ut
1453 5176 1560 5244 praesto

104 5250 139 5324 ἢν
161 5199 328 5311 δανείσασθαι
350 5252 399 5330 οὔχ
416 5246 580 5329 εὑρίσκομεν.
597 5245 645 5318 Μὴ
666 5244 762 5323 τοίνυν,
816 5244 918 5310 babens
931 5242 1129 5326 purgationem.
1146 5243 1282 5305 Incertum
1292 5241 1366 5303 enim
1376 5255 1415 5304 cst
1425 5243 1560 5321 uturum,
