3728 5978
239 377 311 450 818
603 396 633 445 s.
659 385 800 445 sonorus
825 389 1007 441 cunrsosr.
1040 391 1198 443 incuruo.
1214 373 1525 442 consummor.

239 542 359 590 coronat.
395 527 470 601 Quid
499 525 564 586 huic
593 527 700 585 ornatui
726 525 805 607 par?
837 523 886 583 ubi
913 540 985 580 nuuc
1036 521 1528 605 πλοῦτοςόπανιαχοῦπεριῤῥέωνς
1551 526 1605 580 ποῦ
1623 522 1753 607 δθότιῖιιόζ

238 637 304 682 sunt
335 621 439 682 divitie
464 633 570 696 vestre,
603 618 679 698 queis
709 617 830 696 undique
863 615 984 674 circuiu—
1036 616 1242 696 καλλωπισμός;
1264 620 1318 677 ποῦ
1335 616 1399 686 δὲἡ
1418 613 1617 686 δόξαὴκενής
1633 616 1750 693 uerene

239 714 345 774 fluitis?
366 712 415 772 ubi
433 711 511 771 faciei
533 711 622 770 cultus
645 724 672 769 et
692 709 822 770 ornatus?
846 707 895 766 ubi
914 724 985 767 vana
1036 708 1216 787 praeelecto
1237 703 1351 786 κόσμον,
1378 705 1430 765 τδν
1456 707 1490 763 οὗ
1517 704 1630 783 σώματι
1651 712 1753 785 περικείρι

239 798 354 885 gloria?
381 803 462 863 Disce
484 801 606 863 mulieris
630 813 775 873 ornatum,
799 820 853 858 uon
876 796 984 878 corpori
1037 801 1105 860 ἀλλὰ
1118 800 1206 882 ψυχὴν
1221 799 1458 871 καλλωπίζοντα,
1475 796 1753 859 τδνούδέποτεδτοτιθ

238 895 469 977 circumpositum,
484 893 532 954 scd
543 893 591 972 qui
604 892 723 972 animam
735 904 856 964 exornet,
872 902 897 949 et
910 903 984 949 nun-
1036 906 1089 963 νον,
1100 892 1144 952 τδν
1156 895 1205 951 οὒκ
1216 895 1243 952 ἐν
1255 891 1382 971 κιδωτίῳ
1396 889 1549 967 κείμενον,
1564 888 1636 950 ἀλλὰ
1653 901 1701 959 τοῖς
1714 896 1753 972 cip

239 1008 321 1067 quam
334 987 498 1069 deponetnr5
518 976 567 1066 'qui
583 985 680 1045 nonin
696 1003 759 1043 arca
771 981 921 1064 reponitur,
936 977 984 1040 sed
1037 983 1245 1062 ἐναποκείμενον.

240 1080 366 1142 incelis.
952 1127 956 1133 .

280 1174 310 1232 ό.
335 1171 449 1253 Respice
471 1171 592 1231 lahorem
615 1170 726 1231 illorum
752 1169 824 1231 circa
848 1165 984 1250 predica-
1078 1170 1165 1232 Βλέπε
1175 1174 1262 1233 αιἰτῶν
1272 1172 1317 1233 τδν
1328 1171 1396 1255 περὶ
1407 1171 1443 1232 τδ
1456 1170 1600 1253 nimpe
1611 1169 1753 1240 πόνοι,τδιέ

240 1264 352 1340 tionem,
364 1264 490 1344 martyrii
504 1283 640 1336 coronam,
657 1263 685 1322 in
698 1261 820 1344 pecuniis
836 1259 983 1320 liberalita-
1039 1263 1175 1345 μαρτυρίῳ
1187 1263 1325 1344 στ’ίρανον,
1344 1265 1400 1338 τὴν
1414 1266 1446 1323 ἐν
1460 1272 1526 1331 τοῖς
1539 1262 1668 1343 χρήμασι
1680 1265 1753 1341 quaeq

200 1360 207 1376 ¹
242 1372 307 1430 tem,
329 1377 392 1438 erga
415 1356 531 1417 Paulum
551 1355 733 1432 dilectionem,
759 1376 823 1436 erga
844 1353 986 1413 Christum
1038 1354 1087 1428 τὴν
1100 1354 1161 1435 περὶ
1173 1357 1279 1415 Παῦλον
1295 1356 1425 1436 ἀγάπην,
1443 1357 1479 1416 τὸ
1497 1355 1568 1434 περὶ
1590 1355 1636 1414 τὸν
1654 1354 1748 1434 Χριστὲι

241 1471 361 1511 amorem
375 1473 382 1506 ε
396 1448 487 1509 confer
506 1447 565 1508 istis
585 1461 643 1524 tua,
668 1447 789 1507 studium
809 1445 880 1506 circa
903 1463 1021 1527 pecu-1².
1038 1471 1115 1528 ερον·
1132 1447 1273 1528 παράόαλε
1285 1448 1392 1516 τούτοις
1402 1446 1442 1508 τδ
1458 1447 1517 1520 σδι,
1530 1446 1587 1519 τὴν
1600 1445 1662 1524 περὶ
1672 1445 1753 1524 τδχρίρ

241 1543 326 1619 niam,
349 1551 481 1601 certamen
495 1562 558 1601 cum
571 1540 770 1613 meretricibus,
791 1537 988 1598 contentionem
1040 1539 1168 1613 σπουδὴν,
1182 1539 1231 1613 τὴν
1251 1540 1318 1623 πρὸς
1335 1539 1388 1608 τδις
1408 1537 1629 1622 πορνευομένας
1648 1538 1752 1616 ἅμιλλαν,

242 1654 293 1715 pro
305 1634 390 1710 loen03
410 1646 437 1693 et
449 1646 514 1693 tunc
527 1630 634 1693 videbis
646 1631 759 1710 quinam
773 1629 815 1689 illi
827 1629 940 1708 luerint,
961 1642 988 1688 et
1039 1633 1104 1712 πρδς
1117 1631 1161 1693 τὸν
1175 1631 1271 1714 χόρτον
1283 1632 1474 1714 φιλονεικίαν·
1492 1630 1548 1690 καλ
1559 1630 1626 1690 τότε
1635 1630 1702 1711 opere
1710 1629 1753 1688 τίιε

134 1783 137 1795 ,
242 1726 303 1804 quis
323 1739 353 1785 tu
367 1725 412 1784 sis.
435 1724 496 1784 luno
509 1722 602 1803 potius
622 1742 675 1781 non
690 1721 771 1781 modo
786 1721 918 1799 conferas,
940 1718 988 1780 sed
1040 1727 1152 1800 ἐκεῖνοι,
1173 1725 1213 1794 τίς
1226 1724 1253 1786 δί
1268 1725 1309 1786 σύ.
1335 1727 1455 1785 Μᾶλλον
1479 1722 1576 1802 δὲμὴ
1601 1722 1753 1805 παρόόαδιρ

242 1817 368 1877 {emulare
388 1817 528 1875 mulierem
542 1815 720 1895 depositoque
734 1814 804 1875 -loeni
821 1834 899 1873 onere
920 1815 989 1894 (hoc
1041 1818 1111 1880 dm
1120 1820 1253 1892 ναλζήλρυ
1263 1817 1311 1891 τὴν
1321 1829 1463 1900 γυναῖκα,
1479 1819 1536 1879 καὶ
1548 1817 1587 1878 τά
1598 1814 1753 1899 φερτῢτῐνη

243 1923 284 1970 eet
297 1909 368 1969 enim
381 1908 601 1969 vestimentorum
618 1913 750 1983 sumtus),
769 1919 895 1967 ornatum
914 1906 987 1966 ecci·
1042 1911 1192 1991 ἀποθεμένη
1214 1916 1304 1986 (τοῦτο
1326 1911 1379 1992 γὰρ
1395 1916 1414 1984 ἡ
1431 1917 1494 1972 τῶν
1508 1909 1636 1991 ἱματίου
1653 1910 1753 1969 ιωλυτιλι

243 2023 278 2084 pe
288 2001 428 2073 celocem,
441 2015 466 2061 et
477 1999 551 2060 disce
561 1999 633 2061 unde
643 2001 710 2061 tales
723 2000 787 2060 lacti
800 1999 854 2064 sint
865 1997 990 2061 Priscilla
1041 2003 1163 2083 λάρόανε
1173 2003 1217 2064 τόν
1232 2006 1262 2063 ίκ
1274 2004 1320 2064 τοῦ
1330 2006 1448 2085 ούρανοῦ
1462 2003 1593 2082 κόσμον,
1610 2002 1659 2062 καί
1672 2001 1753 2080 μάθεν

243 2109 270 2154 et
282 2095 331 2174 qui
343 2115 406 2154 oum
418 2093 473 2153 illa-
485 2107 571 2153 erant.
589 2092 735 2154 Undenam
749 2093 815 2154 tales
831 2093 897 2153 sacti
908 2093 991 2153 sunt?
1043 2101 1085 2156 θεν
1100 2097 1218 2177 ἐγίνοντο
1237 2103 1349 2156 τοιοῦτοι
1361 2100 1386 2156 οἱ
1404 2096 1474 2176 περὶ
1490 2094 1685 2176 Πρίσιιιλλαν.
1704 2093 1753 2152 tlte

242 2191 295 2250 Per
319 2190 390 2251 duos
413 2210 497 2249 annos
520 2190 636 2249 Paulum
663 2188 782 2270 hospitio
806 2201 986 2270 acceperunt:
1043 2189 1177 2270 ίγένοντος
1193 2187 1246 2249 Δύο
1264 2188 1310 2262 leq
1323 2189 1368 2248 τδν
1380 2190 1504 2248 Παῦλον
1531 2185 1753 2269 ἐξενοδόχησενί

241 2283 383 2343 biennium
390 2296 486 2342 ‘autem
498 2281 579 2356 illud,
594 2281 663 2362 quid
676 2301 731 2341 non
745 2280 773 2339 in
788 2281 877 2340 anima
895 2299 1034 2373 eortttnw
1043 2281 1088 2343 δύο
1098 2282 1125 2342 τί
1138 2286 1185 2342 οὐκ
1195 2281 1226 2340 δν
1239 2283 1323 2342 αὐτῶν
1334 2281 1488 2362 εἰργάσατο
1498 2279 1557 2355 τὴν
1572 2282 1681 2362 ψυχήνς
1693 2272 1753 2340 'stol

242 2374 380 2435 effecerit?
393 2373 472 2446 Quid
484 2394 547 2453 ergo
558 2372 665 2449 faciam,
679 2371 795 2451 inquies,
811 2372 857 2451 qui
873 2372 990 2434 Paulum
1007 2389 1027 2434 Α
1043 2375 1136 2448 πάθω,
1148 2374 1237 2455 φησὶν,
1247 2373 1288 2435 ότι
1297 2377 1409 2433 Παῦλον
1420 2378 1472 2434 οὐκ
1485 2374 1566 2455 ἔχω,
1580 2373 1652 2434 ’Elv
1666 2372 1745 2453 θὲλης,

243 2488 297 2527 non
308 2466 416 2526 liabeo?
439 2465 470 2526 Si
488 2464 617 2536 volueris,
638 2463 744 2545 plenius
765 2462 845 2522 illurn
864 2463 988 2543 habebis,
1044 2466 1167 2549 όίετερον
1181 2466 1252 2546 ἔχεις
1266 2464 1284 2538 ἦ
1298 2469 1408 2526 ἐκεῖνοι·
1424 2466 1491 2527 etot
1508 2467 1571 2547 γὰρ
1585 2466 1702 2532 ἐκείνους
1715 2469 1753 2536 ηδ

243 2580 327 2639 qnam
339 2558 381 2617 illi
393 2581 400 2615 z
412 2579 498 2637 neque
517 2557 590 2616 enim
602 2556 664 2615 illos
682 2555 761 2615 Pauli
775 2568 933 2637 conspectus
945 2569 991 2615 to-
1043 2558 1152 2618 Παύλου
1162 2555 1293 2624 τοιούτους
1306 2557 1442 2631 ἐποίησεν,
1458 2558 1542 2618 ἀλλὰ
1552 2558 1591 2618 τδ
1604 2555 1714 2639 ῥήματα
1722 2558 1753 2615 tu

107 2652 283 2732 ruttept-lss
297 2649 369 2727 lecit,
389 2648 439 2711 sed
456 2649 539 2708 verba
552 2646 640 2708 Pauli.
653 2648 759 2726 ltaque,
778 2637 946 2721 rivolueris,
962 2661 990 2707 et
1043 2639 1142 2720 Ὥστε,
1160 2652 1184 2708 εί
1199 2648 1369 2727 βουληθείης,
1384 2649 1434 2708 καί
1450 2652 1578 2710 Παῦλον
1605 2651 1657 2712 καί
1680 2650 1753 2728 Πέτρα

92 2735 236 2842 ’,ω’ἒϊίῶί
245 2743 362 2804 Paulum
374 2756 406 2803 et
419 2743 531 2803 Petrum
543 2755 570 2800 et
583 2743 711 2803 Joannem
726 2752 753 2799 et
772 2752 859 2798 totum
873 2739 990 2820 prophe·
1045 2742 1170 2815 Ἰωάννην
1189 2740 1236 2801 καί
1253 2745 1307 2800 τῶν
1321 2746 1467 2821 προφητῶν
1488 2743 1612 2803 ἅπαντα
1625 2743 1673 2803 τδν
1686 2743 1751 2823 χορὸν

92 2814 336 2920 ἰάὲύίἷὲῖψῑαευια
356 2835 470 2896 chorum
490 2848 553 2895 cum
565 2832 691 2914 apostolis
704 2831 817 2891 habebis
837 2830 991 2909 frequenter
1045 2839 1098 2896 τῶν
1112 2833 1265 2895 ἀποστόλων
1288 2832 1352 2902 ίξεις
1372 2835 1529 2912 όμιλοῶντά
1551 2859 1599 2896 σοι
1615 2838 1743 2909 διηναῦς

94 2927 128 2969 ‘ll‘
245 2945 334 2991 tecum
349 2941 544 2991 conversantes
560 2925 659 3007 Accipe
670 2925 812 3011 beatorum
829 2924 941 2984 illorum
954 2924 991 2984 li·
1046 2929 1098 3009 γάρ
1109 2932 1162 2987 τῶν
1174 2924 1312 3006 μακαρίων
1324 2925 1423 2986 τούτων
1435 2926 1489 2994 τὰς
1509 2927 1648 3007 βίὸλους,
1662 2928 1753 2988 stelin

244 3024 320 3101 bros,
331 3020 422 3100 etleg'e
430 3017 700 3097 trequenterillorum
707 3015 865 3098 scripturas,
875 3024 992 3098 ettepo⁴
1048 3043 1075 3080 νε
1086 3023 1213 3093 διηνεκῶς
1226 3027 1283 3085 ταῖς
1296 3017 1402 3079 ἐκείνων
1417 3030 1566 3101 γραφαῖς,
1581 3020 1634 3081 καί
1649 3019 1753 3091 &sipon

246 3126 337 3176 terunt
348 3112 430 3172 talem
444 3111 560 3183 efficere,
584 3108 672 3187 qualis
688 3122 745 3167 erat
757 3108 993 3170 tabernaculorum
1047 3117 1158 3185 ποιῆσαι
1177 3110 1246 3171 κατά
1269 3109 1317 3183 τὴν
1336 3115 1383 3181 τοῦ
1399 3119 1576 3183 σκηνοποιοῦ
1597 3123 1721 3192 γυναῖκα.
1738 3114 1753 3171 l

203 3247 205 3253 ·
246 3200 480 3285 opificisuxorAEt
489 3197 761 3279 quid‘diooPaulumi’
769 3199 874 3279 Ipsum,
884 3196 993 3273 sinclis,
1011 3221 1029 3267 B
1047 3201 1117 3282 λέγω
1131 3205 1253 3276 Παῦλον;
1273 3201 1319 3262 Ἂν
1343 3200 1395 3282 γάρ
1415 3202 1530 3283 ἐθελῃς,
1550 3205 1602 3263 καί
1621 3204 1703 3263 αὐτὸν
1717 3202 1753 3268 ἕξι1

246 3295 360 3355 habebis
370 3293 448 3353 Pauli
457 3291 607 3351 Dominum
624 3303 705 3351 :nam
717 3313 765 3372 per
778 3289 859 3351 Pauli
870 3291 993 3369 linguam
1048 3294 1156 3354 Παύλου
1170 3294 1309 3365 Δευπότην
1319 3294 1382 3353 ·’διδι
1395 3293 1448 3373 γάρ
1462 3299 1518 3366 τῆς
1536 3296 1658 3356 Παύλου
1672 3296 1753 3376 χλύττ

247 3388 305 3468 ipse
322 3399 348 3444 te
365 3384 525 3461 alloquetur.
543 3381 579 3440 Et
595 3381 650 3440 alio
661 3402 769 3459 quoque
790 3380 871 3440 modo
894 3380 994 3460 poteris
1049 3387 1146 3455 ἐνεῑνός
1166 3384 1384 3454 antecellimus.
1410 3385 1466 3444 Καὶ
1506 3389 1616 3468 ἑτέρως
1644 3387 1673 3446 δὲ
1699 3387 1753 3445 πόλι

248 3478 471 3557 liuncsuscipcre,
480 3496 543 3535 curn
553 3487 657 3532 sanctos
668 3472 808 3554 suscipies,
820 3494 881 3531 curn
894 3474 936 3549 iis,
946 3473 993 3552 qui
1048 3479 1115 3559 νηαη
1142 3479 1265 3548 δέξασθαι
1293 3483 1407 3549 τοῦτον,
1437 3477 1506 3537 ὅταν
1547 3479 1616 3547 τοὺς
1652 3481 1739 3558 ἁγίαις

249 3564 993 3640 iniltumeredunt,ministrabis2sicetabeuntibusit·
1048 3570 1109 3631 όταν
1149 3570 1207 3639 τοὺς
1239 3576 1275 3639 είς
1310 3575 1407 3631 ἐκεῖνον
1438 3572 1631 3640 πιστεύοντας
1669 3578 1753 3652 &epm

247 3666 292 3744 lis,
307 3663 391 3722 multa
402 3660 508 3743 pietatis
519 3671 692 3716 monumenta
702 3656 824 3717 habebis.
835 3657 909 3716 Solet
920 3657 993 3717 enim
1048 3664 1116 3724 οὕτω
1145 3665 1190 3723 καὶ
1220 3664 1386 3724 ἀπελθόντων
1421 3662 1558 3738 ἐκείνων,
1592 3665 1691 3726 πολλὰ
1728 3670 1753 3723 te

249 3782 278 3821 ea
295 3779 387 3818 mensa
406 3757 434 3816 in
449 3775 503 3833 qua
515 3765 622 3841 sanctus
637 3751 763 3827 comedit,
781 3764 806 3810 ct
817 3751 887 3837 sella
896 3750 925 3810 in
940 3772 993 3830 qua
1049 3782 1120 3836 ματα
1146 3757 1283 3825 εύλαόείας
1302 3755 1376 3824 ἕξεις.
1394 3746 1460 3815 Οἵδε
1491 3756 1551 3835 γὰρ
1584 3759 1638 3816 καὶ
1667 3757 1753 3839 τρόπεῖ

250 3851 329 3928 sedit,
349 3845 511 3911 ellectusin
525 3864 580 3923 qllo
594 3844 690 3925 jacuit,
712 3842 790 3901 illum
811 3843 860 3922 qui
873 3844 994 3924 Suscepit
1047 3840 1079 3920 ἧς
1094 3849 1191 3929 δᾶχςος
1204 3848 1301 3929 ἔφαγε,
1322 3848 1367 3907 καὶ
1389 3848 1509 3929 καθέδρα
1532 3851 1577 3929 ἐφ’
1601 3841 1639 3920 ἧς
1660 3850 1753 3909 ἐκάθισε

246 3934 436 4026 compungere,
446 3938 526 3998 etiarn
534 3949 676 4017 postquam
684 3935 843 3994 illeabierit.
852 3937 994 4009 Quantum
1047 3939 1124 4012 νλίνη
1139 3944 1178 4021 ἐρ’
1192 3933 1223 4012 ἧς
1234 3939 1392 4013 κατεκλίθη,
1407 3938 1562 4008 ναςανύξας
1575 3941 1627 4000 τὸν
1643 3942 1752 4009 ὑπηεςξέ

249 4052 328 4118 putas
337 4044 524 4114 compunctam
531 4027 825 4102 luisseSunamitidcrn,
836 4026 864 4085 in
870 4026 994 4108 superius
1048 4033 1094 4093 καὶ
1106 4033 1262 4100 ἀπελθόντας
1272 4030 1383 4090 ἐκείνω.
1393 4033 1458 4097 Πῶς
1467 4037 1537 4110 γοῦν
1553 4033 1610 4092 οἴει
1624 4035 1679 4106 τὴν
1694 4037 1753 4095 nav

250 4128 377 4190 conclave
388 4124 456 4184 illud
464 4120 668 4201 ingredientem,
678 4119 725 4178 uhi
735 4119 860 4179 manebat
867 4117 994 4192 Elisaeus,
1048 4126 1150 4199 ἐκείνην
1164 4124 1389 4196 κατανύττεσθαι,
1405 4125 1608 4185 ἐἰσελθοῦσαν
1632 4131 1673 4194 εἰς
1687 4128 1753 4186 τδύτ

250 4222 387 4279 videntem
408 4237 525 4275 mensam
540 4226 566 4273 el
581 4212 689 4288 iccium,
711 4212 739 4271 ln
759 4232 813 4290 quo
826 4225 934 4271 sancius
948 4211 994 4271 llle
1012 4242 1031 4290 c
1048 4218 1110 4278 ἔνθα
1124 4216 1292 4295 κατέμενενὸ
1307 4214 1476 4286 Ἐλισσαῖος,
1490 4218 1609 4294 δρῶσαν
1626 4219 1681 4289 τὴν
1703 4220 1753 4296 πρά

249 4314 377 4396 jacebat?
393 4323 519 4390 quantam
534 4308 598 4375 inde
611 4308 735 4389 pictatem
749 4310 918 4390 conceperit?
934 4306 994 4367 Nisi
1049 4309 1097 4383 πλν
1111 4307 1203 4381 κλίνην
1213 4310 1253 4387 ἐρ’
1266 4300 1320 4379 litt
1332 4307 1405 4385 ἅγιος
1419 4307 1521 4373 ἐκεῖνος
1534 4309 1692 4385 ἐκάθευδες
1704 4310 1753 4369 πότ

253 4407 325 4468 enim
346 4406 397 4463 lioc
417 4405 454 4462 ita
476 4416 551 4476 cssct,
568 4423 620 4461 non
643 4402 798 4482 projecisset
816 4403 883 4462 illuc
905 4400 994 4460 lilium
1049 4408 1138 4464 τεῦθεν
1152 4400 1275 4480 δέχεσθαι
1287 4398 1335 4471 τὴν
1355 4398 1510 4470 εύλάύειαν,
1528 4401 1609 4462 Οὐδὲ
1623 4403 1683 4482 γὰρ
1704 4401 1743 4474 ἂν,

254 4513 401 4573 mortuum,
425 4495 477 4554 nisi
496 4494 613 4553 multum
634 4494 760 4555 utilitatis
789 4495 854 4555 inde
879 4493 992 4555 tulisset.
1050 4500 1126 4556 τοῦτο
1141 4486 1183 4567 ἦν,
1199 4493 1302 4576 ἔρριψεν
1316 4495 1371 4552 ἐκεῖ
1387 4491 1417 4550 τδ
1434 4490 1549 4550 παιδίον
1562 4496 1679 4573 νεκρδν,
1694 4499 1717 4555 εἰ
1733 4521 1753 4572 ρ·

254 4594 324 4655 Nam
346 4590 369 4651 si
390 4609 439 4647 uos
460 4600 521 4667 post
540 4599 646 4644 tantum
668 4586 796 4668 temporis
811 4585 929 4667 spatium
948 4583 995 4642 illo
1050 4589 1099 4662 λὴν
1109 4588 1207 4645 ἐκεῖθεν
1224 4589 1369 4663 ἐκαρποῦτο
1380 4581 1428 4653 τὴν
1437 4581 1589 4661 ὠφέλειαν.
1604 4588 1645 4646 Εἰ
1656 4588 1711 4669 γὰρ
1723 4611 1753 4664 με

157 4698 162 4709 ·
254 4684 379 4767 ingressi,
406 4679 454 4740 ubi
477 4679 577 4738 Paulus
599 4681 734 4754 manebat,
751 4680 799 4739 uhi
821 4680 921 4759 ligatus
944 4689 994 4752 cst,
1051 4685 1142 4739 τοῦτον
1160 4676 1253 4756 χρόνον
1276 4675 1415 4742 εἰσιόντες,
1437 4672 1500 4732 ἔνθα
1516 4675 1618 4754 ἔμεινε
1640 4681 1752 4744 Παῦλος

256 4781 304 4840 ubi
314 4779 417 4838 seditet
427 4774 561 4848 disseruit,
575 4774 650 4851 quasi
660 4774 710 4833 alis
720 4770 994 4851 assrrmtiserigimur,
1050 4771 1217 4848 ἐδίθη,ἔνθα
1231 4768 1383 4827 συνεκάθισι
1407 4764 1453 4822 καί
1479 4767 1634 4848 διελέχθη,
1661 4775 1753 4850 παρη

252 4888 279 4932 ἐί
290 4873 323 4931 ad
336 4871 390 4930 diei
401 4869 475 4928 illius
485 4867 695 4927 recordationem
705 4889 739 4927 cx
749 4864 995 4946 locisipsisrcrnit·
1049 4866 1093 4925 καί
1108 4866 1172 4946 πρὸς
1188 4861 1257 4933 Ιίτὴν
1271 4860 1379 4937 μνήμην
1400 4861 1448 4928 τῆς
1470 4857 1585 4939 ἡμέρας
1611 4863 1671 4922 ἀπὸ
1692 4867 1745 4922 τῶν

254 4967 336 5025 timur
349 4987 355 5018 :
367 4984 429 5021 curn
447 4956 537 5018 adhuc
557 4973 675 5019 rcccntcs
693 4983 735 5019 νου
754 4972 849 5032 esseut,
871 4978 924 5035 quo
943 4978 995 5017 non
1048 4954 1291 5037 παραπεμπόμεθα·
1303 4953 1341 5011 ἔτι
1351 4949 1485 5029 νεωτέρων
1498 4954 1556 5009 τῶν
1567 4956 1745 5035 πραγμάτων

253 5055 392 5135 religionis
408 5054 507 5112 ellectu
521 5053 698 5112 movebantur
712 5052 741 5128 ii,
759 5050 883 5130 quicum
899 5048 995 5129 pietate
1047 5048 1074 5106 τί
1089 5048 1202 5127 πάσχειν
1218 5045 1285 5111 είκδς
1298 5044 1357 5110 τοὺς
1373 5045 1430 5119 μετ’
1451 5042 1604 5114 εύλαύείας
1625 5048 1753 5130 ξενοδυχό

287 5251 298 5275 ι
315 5231 401 5285 Codex
412 5249 476 5285 unus
491 5240 605 5288 είιιοῦιαν.
620 5232 717 5299 [Patrio
732 5244 790 5284 unte
803 5232 831 5282 t.
852 5231 1004 5299 torpentem]
1063 5229 1069 5239 '
1087 5231 1099 5269 ¹³
1117 5230 1169 5295 [τὴν
1180 5241 1272 5296 μνήμην
1285 5232 1367 5284 ι’κιίνην
1378 5224 1406 5273 Α.
1417 5235 1442 5273 ct
1454 5219 1536 5273 Soril.
1553 5224 1583 5276 in
1599 5229 1701 5295 nrarg]
