3728 5978
233 416 305 518 764
587 445 616 492 s.
645 444 786 494 sonuurs
811 441 992 492 cnnrsosr.
1019 439 1177 489 nncnmn.
1204 438 1477 488 cousraurruor.

230 571 297 634 laris
302 593 312 649 3
327 583 354 631 et
366 588 414 629 nos
429 567 513 648 ipsius
524 567 654 643 membra,
667 568 842 647 agricultura,
853 565 975 627 edifica-
993 570 1014 620 ῐ)
1033 562 1162 646 συνεργοί.
1176 561 1213 624 Τί
1225 560 1277 642 γθιρ
1288 564 1317 623 ού
1332 560 1456 641 βούλεται
1466 563 1547 639 ἡμῶν
1561 550 1651 634 εἶναι,
1664 560 1745 619 παντὶ
1758 560 1806 640 ry}

231 664 280 739 tio,
296 661 421 744 palmites
439 673 466 719 et
478 658 634 740 cooperarii.
648 655 724 730 Quid
745 658 818 718 enim
831 678 884 717 uon
897 655 976 716 nobis
1032 678 1076 736 πῳ
1090 655 1242 734 συγκολλῶν
1256 653 1302 713 καί
1317 652 1458 712 συνάπτων
1473 657 1563 731 ἡμᾶς
1577 651 1647 731 ὅπερ
1660 659 1710 711 τοῦ
1720 653 1806 732 σγύδρα

232 753 365 829 essevult,
376 751 451 812 omni
465 750 544 811 modo
553 771 602 810 nos
614 749 666 810 sibi
679 750 865 830 conglutinans
876 763 902 809 et
912 769 976 809 con·
1033 747 1168 828 φιλοῦντύς
1180 750 1246 808 ἐστι.
1261 745 1358 805 Πείθου
1372 745 1470 819 τοίνυν,
1483 744 1530 805 καὶ
1546 745 1672 811 ἀναστὰς
1686 744 1713 812 ἐξ
1730 744 1807 803 ύπνων

228 847 359 928 jungens:
352 842 404 903 ''id
414 843 487 948 quod
501 841 793 902 vehementeramantis
805 854 853 902 est.
862 840 976 902 obrem-
1033 839 1181 899 ἐνδυσαι’
1153 863 1241 915 autor,
1255 862 1301 899 και
1290 837 1488 916 ἐνδυσάμενος
1503 837 1660 909 εὖήνιον’
1628 841 1704 896 αυτῶ
1717 837 1807 947 πύρεγε

231 957 296 1018 ροισι
310 936 396 1016 igitur
408 935 441 1012 ei,
455 956 487 996 ac
499 934 533 994 de
545 955 638 994 somno
652 953 773 1013 surgens,
785 933 869 994 indue
879 933 974 992 illurn
1033 932 1138 1006 τίν’
1103 955 1233 1012 σαρκα·
1219 938 1296 992 τοῦτο
1317 930 1369 1014 γὰρ
1393 929 1502 1010 ᾐνίξατο
1522 930 1621 1003 εἰπὼν,
1636 932 1700 1001 Τῆς
1722 933 1808 1010 σαρκὸς

231 1027 281 1087 illo
299 1026 420 1103 indutus,
435 1026 596 1106 morigeram
618 1024 670 1106 ipsi
685 1045 793 1084 ‹ainem
809 1023 914 1106 praebe:
908 1023 976 1082 boo
1032 1022 1156 1104 πρόνοιαν
1174 1023 1211 1102 μὴ
1236 1027 1353 1083 ποιεῖσθε
1374 1024 1412 1090 εἷς
1427 1020 1580 1098 ἐπιθυμίας.
1589 1015 1707 1103 Ωσπερ
1722 1020 1808 1101 γθρού

232 1119 305 1181 eninr
316 1119 507 1194 subindicavit,
527 1118 633 1178 dicens·
644 1120 750 1179 Cernis
765 1138 867 1178 eurum
880 1116 1063 1200 nese-rb
1031 1115 1160 1177 τθ·πίνειν
1175 1114 1317 1190 ἐκώλυσεν,
1332 1113 1401 1174 ἀλλὰ
1413 1113 1445 1174 τὸ
1459 1114 1577 1191 μεθύειν,
1582 1113 1696 1174 οὐδὲ
1670 1137 1702 1173 το
1711 1123 1808 1194 γαμεῖν,

232 1215 330 1272 ceritis
340 1216 372 1271 in
390 1211 549 1271 desideriis.
565 1208 728 1270 sicutenim
748 1230 801 1271 nou
815 1207 976 1287 biberesed
1032 1207 1140 1271 ἀλλὰ
1114 1233 1145 1269 το
1159 1210 1295 1288 ἐστλγεῖν
1305 1205 1454 1275 σύτιυςούδὲ
1464 1207 1525 1267 τὸ
1504 1216 1633 1321 προνοεῖν
1643 1210 1692 1277 τῆς
1705 1209 1808 1288 σαρκὸς,

230 1302 360 1364 inebriari
373 1303 469 1380 vetuit,
482 1322 535 1363 uon
546 1322 672 1384 sponsam
686 1302 794 1379 ducere,
804 1302 852 1362 sed
863 1302 976 1363 lascivi·
1033 1300 1105 1362 ἀλλὰ
1125 1301 1157 1362 τὸ
1171 1304 1208 1369 τίς
1222 1300 1379 1379 ἐπιθυμίας,
1393 1289 1485 1359 οἷον
1460 1324 1491 1359 το
1504 1298 1559 1372 πλην
1569 1299 1672 1382 χρείαν
1687 1300 1807 1380 ύπερύσί-

231 1415 261 1456 ιι
271 1417 278 1453 ι
288 1394 328 1456 sie
342 1416 390 1457 nec
406 1416 499 1455 ruram
512 1415 604 1476 gerere
615 1395 703 1455 earnis
719 1395 870 1476 prohibuit,
883 1394 928 1455 sed
938 1394 975 1454 ad
1031 1418 1098 1455 νιιν·
1111 1393 1188 1468 ἐπιί,
1202 1392 1245 1453 ὅτι
1258 1416 1289 1472 γε
1312 1400 1432 1474 προνοεῖν
1454 1393 1537 1464 αὐτῆς
1560 1391 1690 1466 κελεύει,
1704 1391 1808 1452 ἄκνισον

231 1486 473 1568 conscttpiscentias
487 1500 602 1562 tantum,
616 1507 650 1545 tre
668 1487 771 1547 scilicet
791 1487 975 1547 necaesitatem
992 1499 1012 1548 t.
1030 1484 1058 1544 τί
1071 1508 1136 1567 φησι
1149 1484 1274 1564 'l'rpobiro
1283 1508 1290 1521 ·
1300 1483 1374 1564 Οίνιμ
1387 1482 1470 1563 ὀλίγιρ
1481 1486 1542 1564 χρῶ
1555 1481 1603 1541 διὰ
1618 1484 1667 1543 τὸν
1680 1483 1808 1594 στύμαχόι

230 1578 491 1659 praetergrediamur.
514 1581 585 1639 Nam
594 1579 667 1658 quod
678 1578 755 1638 illuns
769 1599 862 1638 cruam
884 1599 975 1659 gerere
1032 1600 1078 1638 σου
1092 1575 1195 1645 καίτθς
1208 1576 1308 1644 πυκνάς
1329 1598 1377 1635 σου
1391 1573 1534 1642 ἀσθενείας.
1548 1573 1636 1635 Οὕτω
1651 1573 1684 1647 δὴ
1706 1575 1752 1636 καὶ
1772 1579 1808 1635 ἐν·

83 1699 104 1732 ι.
125 1688 185 1733 τινα.
196 1685 222 1737 5.
231 1690 284 1732 nou
298 1673 453 1754 prohibeat,
468 1671 532 1733 audi
551 1672 619 1750 quid
633 1672 777 1732 Timotheo
797 1672 885 1733 dicat:
899 1675 974 1732 Virro
1031 1669 1231 1751 ταῦθαπρονόει
1244 1668 1301 1749 μὲν,
1316 1668 1464 1748 ἀλλθιπρθς
1479 1667 1583 1748 θγείαν,
1600 1668 1643 1747 μὴ
1658 1669 1729 1750 πρὸς
1737 1668 1808 1728 ἐσίλ-

81 1748 119 1794 ²³⁴
232 1767 346 1824 modico
365 1778 446 1824 utere
470 1777 590 1844 prffopter
616 1766 801 1824 stomachum
830 1777 922 1836 tuum,
945 1777 974 1825 et
995 1787 1114 1850 γειαν.
1129 1763 1200 1826 Ούθί
1214 1762 1265 1843 γέρ
1280 1761 1311 1823 ἐτι
1331 1760 1372 1836 τίη
1389 1768 1465 1823 τοῦτο
1488 1761 1607 1842 πρόνοια
1629 1763 1738 1833 λοιπον,
1754 1763 1809 1822 ὅταν

195 1857 399 1937 [περιοικίσι
431 1869 497 1916 tuas
529 1856 724 1936 infirmitates.
750 1857 793 1915 lta
814 1869 842 1916 et
857 1856 902 1916 bic
926 1878 974 1916 cu·
1031 1857 1079 1930 πλν
1089 1855 1175 1938 φλόγα
1185 1855 1390 1935 ἀνύιττης,ὅταν
1400 1853 1523 1935 χαλεπὴν
1534 1854 1638 1927 ele
1599 1879 1720 1934 καμινον
1732 1859 1808 1934 ποιῇς.

230 1970 291 2009 ram
314 1968 392 2029 geras
413 1947 536 2028 quidem,
554 1946 601 2008 sed
623 1947 661 2008 ad
684 1948 836 2027 sanitatem,
861 1968 915 2010 non
938 1948 975 2009 ad
1030 1949 1089 2010 Ἵνα
1102 1947 1130 2009 δὲ
1145 1950 1191 2009 καί
1205 1947 1364 2029 σαρίστερον
1379 1945 1490 2025 μάθητε,
1504 1945 1533 2005 τί
1545 1947 1617 2006 ποτέ
1632 1948 1739 2007 ἔστιτὸ
1750 1970 1808 2026 προ

189 2085 192 2093 .
231 2039 382 2103 lasciviam.
391 2042 485 2120 Neque
504 2041 576 2102 enim
597 2040 668 2101 illud
687 2062 751 2100 τιιιιι
765 2055 792 2101 et
803 2041 1014 2123 providentie
1029 2046 1096 2102 νοιῖν
1116 2042 1197 2113 αθτῆς
1209 2044 1245 2107 εές
1261 2037 1411 2116 ἐπιθυμίαν,
1425 2037 1470 2097 καί
1483 2036 1587 2118 μύγητε
1606 2037 1660 2112 τὴν
1682 2038 1802 2110 τοιαύτην

229 2146 309 2206 esset,
324 2154 349 2193 sn
341 2133 499 2192 dammam
510 2131 708 2208 incender'es,
685 2133 977 2212 angrarioremsoma·
1029 2132 1217 2215 πρόνοιαν,
1177 2155 1237 2200 τους
1255 2131 1412 2211 μεθύοντας,
1425 2129 1483 2199 τούς
1496 2130 1746 2211 γαστριζομίναις,
1758 2131 1808 2196 rol<

230 2244 290 2285 cem
308 2226 416 2286 faceres.
431 2227 471 2285 Ut
492 2222 592 2284 clarius
607 2223 717 2284 distatis
732 2224 799 2303 quid
812 2225 864 2303 sit,
882 2246 976 2285 curam
1030 2227 1057 2285 ἐν
1083 2224 1199 2305 ίματίοις
1223 2221 1482 2336 καλλωπιζομένους,
1506 2221 1579 2291 τοὺς
1598 2222 1807 2305 θμεπτσμένυες,

229 2315 288 2397 ejus
300 2315 400 2378 babere
408 2315 445 2376 ad
455 2315 707 2397 eoncupiscentram,
715 2329 742 2375 et
752 2329 783 2374 nt
792 2316 873 2376 talem
883 2338 976 2376 curam
1030 2315 1090 2385 τσλς
1103 2315 1233 2396 τθνθγρθν
1243 2340 1289 2375 και
1278 2313 1391 2397 'picei‘
1377 2337 1454 2375 εοντα
1466 2317 1567 2382 ζῶντας
1581 2314 1644 2393 βίον
1658 2315 1807 2388 ἐννοήσατε,

230 2407 357 2489 fugiatis3
371 2406 600 2512 ebriosos,ventri
613 2406 759 2483 studentes,
772 2408 873 2487 eosqui
886 2430 914 2469 se
927 2429 973 2470 ve·
1030 2409 1076 2469 καλ
1089 2407 1190 2469 εἴσεσθε
1204 2408 1235 2468 τὸ
1248 2320 1394 2488 sipqglioe.
1413 2405 1529 2466 Ἐκεινοι
1544 2406 1657 2485 γὰρ’
1616 2413 1807 2468 πανταποισῖ·

229 2500 318 2561 stibus
329 2499 454 2582 pretiosis
471 2512 578 2572 omant,
592 2496 757 2575 deliciantes,
768 2520 814 2560 eos
829 2500 876 2580 qui
890 2502 976 2563 vitam
985 2523 1082 2596 mom
1095 2501 1146 2580 σθχ
1156 2496 1200 2560 ἐνα
1216 2497 1378 2577 ὑγιαίνωσιν,
1392 2499 1450 2558 ἀλλ’
1468 2496 1513 2557 ίνα
1531 2502 1697 2578 σκιρτῶσιν,
1712 2499 1756 2559 lea
1766 2499 1808 2571 τὴν

230 2591 341 2653 mollem
354 2605 380 2652 et
393 2591 552 2651 dissolutam
570 2589 674 2650 ducunt
687 2590 813 2670 oogitate,
829 2605 857 2652 et
870 2591 975 2654 intelli·
995 2591 1173 2672 Λίπιθυμίαν
1193 2590 1355 2651 ἀνίπτοισιν.
1370 2589 1440 2650 ”Αλλ
1458 2589 1555 2650 δ’τθν
1570 2592 1700 2671 Χριστὸν
1714 2593 1808 2652 ἐνδεῶν

230 2683 298 2766 getis
312 2682 378 2765 quid
391 2681 497 2744 dictum
515 2683 559 2743 sit.
579 2682 711 2743 Illienim
723 2682 860 2744 nibilnon
879 2699 973 2764 agunt,
1030 2682 1152 2761 μένος
1125 2707 1173 2756 συ,
1186 2682 1275 2743 πάντα
1292 2685 1380 2743 ἐκεῖνα
1398 2704 1433 2741 πε
1435 2680 1559 2762 ρικύμας,
1577 2680 1608 2740 ἓν
1635 2683 1716 2756 ζητιι
1729 2680 1808 2762 μύκον,

230 2797 284 2838 non
298 2791 329 2839 ut
348 2775 503 2842 valetudiue
526 2777 660 2851 fruantur,
672 2773 721 2836 sed
740 2790 771 2836 ut
788 2776 974 2858 luxurientur,
1029 2775 1100 2845 ὅπως
1113 2775 1281 2856 ὑγιαίνουσαν
1293 2773 1397 2856 ύχης
1369 2798 1419 2847 την
1437 2773 1540 2854 σάρκα·
1552 2774 1604 2834 καί
1620 2775 1707 2858 μίχρι
1725 2775 1808 2836 τοσοί-

229 2870 510 2951 utronenpiseentiam
520 2866 770 2930 incendamsedrn
779 2868 826 2948 qni
836 2869 975 2931 Christum
1028 2892 1074 2929 του
1088 2867 1193 2951 προνύιι
1203 2866 1316 2941 ταύτης,
1328 2864 1479 2949 περαιτέρω
1491 2864 1520 2926 δὲ
1535 2866 1657 2943 μηκίτι,
1675 2866 1748 2929 uim
1761 2877 1808 2928 τᾶ-

230 2958 353 3039 induisti,
364 2959 419 3020 illis
432 2959 558 3020 omnibus
571 2957 701 3040 precisis,
716 2979 801 3019 ιιιιιιιιι
813 2979 902 3040 quaere
913 2975 975 3023 tan-
1029 2985 1078 3024 σαν
1091 2959 1141 3033 τὴν
1155 2958 1273 3033 σπουδὴν
1293 2961 1329 3026 είς
1343 2957 1391 3031 τὴν
1410 2962 1463 3018 τῶν
1477 2962 1676 3037 πνευματικῶν
1692 2960 1809 3021 ἀνάλισκε

230 3047 975 3130 ιυιιι,υισαιιεείσσειιιειθιιιῑειιυείίίαιιιιυτε,ειιιοιι
1029 3054 1194 3132 λπιμίλειαν.
1209 3052 1290 3113 Οὕτω
1303 3051 1356 3133 γὰρ
1375 3048 1421 3109 καλ
1444 3052 1597 3121 ἀναστῆναι
1618 3053 1652 3112 ἐκ
1673 3061 1724 3114 rw*
1736 3052 1807 3114 ύιτνιυ

230 3143 322 3224 ultra3
335 3142 382 3207 sed
391 3157 474 3204 totam
484 3163 578 3204 curam
593 3143 621 3203 iu
634 3140 824 3225 spiritualibus
838 3145 972 3227 impende.
1028 3145 1120 3208 radron
1131 3144 1246 3224 δυνήσῃ,
1259 3143 1296 3224 μὴ
1313 3142 1472 3224 βαρούμενος
1485 3151 1544 3208 ταῖς
1553 3143 1701 3213 ποικίλαις
1711 3146 1807 3213 ταύταις

229 3236 270 3296 lta
285 3235 357 3296 enim
368 3257 403 3295 ex
413 3235 465 3296 boe
474 3255 568 3294 somno
581 3255 692 3315 surgere
711 3235 820 3315 poteris,
828 3235 883 3296 illis
893 3238 976 3300 variis
1029 3234 1190 3319 ἐπιθυμίαις.
1204 3236 1260 3298 Καὶ
1272 3236 1325 3318 γὰρ
1337 3237 1417 3305 ὕπνος
1430 3239 1444 3294 θ
1461 3233 1554 3317 παρὼν
1582 3237 1662 3313 βίος,
1678 3240 1728 3296 καὶ
1748 3243 1806 3298 ὀνει-

231 3329 453 3411 concupiscentiis
461 3349 513 3389 non
522 3328 853 3408 gravarinttamsomnus
862 3343 901 3390 est
909 3348 978 3412 pre·
1031 3330 1119 3413 polrus
1132 3329 1205 3391 οὐδὲν
1217 3329 1251 3393 τὰ
1266 3332 1292 3388 ἐν
1308 3331 1379 3408 αύτῷ
1402 3327 1545 3407 διενήνοχε.
1563 3328 1622 3386 {iel
1644 3329 1771 3410 καθάπερ
1789 3335 1807 3388 οἱ

232 3441 292 3482 sens
305 3421 406 3496 rita,et
417 3442 476 3499 quae
485 3419 522 3479 atl
535 3419 612 3477 illam
620 3432 773 3499 spectante
783 3421 895 3481 somniis
906 3422 976 3488 nibil
1029 3422 1197 3502 καθεύδοντες
1211 3418 1256 3481 καί
1266 3419 1494 3502 παραρθέγγονται
1504 3465 1511 3493 ,
1523 3419 1569 3478 καὶ
1581 3423 1672 3500 ὁρῶσι
1687 3422 1808 3489 πολλάκις

232 3512 342 3574 omnino
359 3511 499 3572 differunt.
515 3513 554 3569 Ae
569 3509 796 3588 quemadmodum
807 3511 837 3588 ii,
852 3513 897 3592 qui
912 3512 976 3574 dor·
1029 3516 1102 3576 ούθὲν
1111 3514 1193 3594 terte,
1207 3511 1276 3574 oliru
1286 3513 1447 3590 καλὴμεῐς·
1442 3513 1542 3571 μᾶλλον
1554 3510 1585 3571 δὲ
1595 3514 1643 3571 καλ
1655 3516 1753 3574 πολλῶ
1763 3523 1807 3594 γεῖ-

232 3600 1012 3684 miunt,insanaverbaproferunt,etnihilsauiplerum·13
1030 3627 1082 3685 ρον.
1084 3602 1514 3718 Ομλνγθραίσχρύτιναπρᾶξας
1524 3600 1750 3685 ἣείπὼνύναρ,
1736 3609 1810 3663 erai-

234 3691 411 3799 quevident,
403 3691 897 3794 itaetnos3imopejusallectisrrmus.
906 3696 976 3756 Nam
1030 3694 1174 3774 λαγιίςτου
1158 3695 1286 3767 ύπνου,
1302 3695 1347 3756 καί
1362 3720 1410 3767 της
1423 3694 1550 3775 αἰσχύνης
1561 3697 1718 3768 ἀπήλλακτ
1719 3723 1761 3771 αι,
1771 3698 1807 3756 καὶ

234 3774 282 3866 qui
291 3804 420 3845 msonrno
427 3797 518 3865 turpia
527 3782 571 3843 rel
583 3783 701 3864 patrarit
711 3784 752 3844 rel
761 3783 841 3863 dixit,
849 3807 977 3868 espurge·
1031 3788 1106 3862 δίκην
1115 3788 1275 3849 ουδίθωσιυ·
1269 3789 1395 3848 ·ἐνταῶθα
1407 3787 1471 3846 δὲ’
1445 3809 1494 3867 ουχ
1501 3786 1597 3859 ούτως,
1609 3789 1685 3849 ἀλλὰ
1695 3790 1797 3859 καιὴ’
1775 3813 1807 3845 αι-

233 3875 526 3958 factus,aturpitudine
539 3875 680 3953 liberatur,
692 3897 741 3936 nec
754 3876 801 3938 dat
815 3899 922 3960 poenas3
932 3881 978 3941 bie
1031 3877 1114 3960 σρύνη
1123 3881 1169 3940 καί
1179 3883 1197 3951 ’λ
1212 3879 1329 3961 τιμωρία
1339 3878 1478 3945 ἀθάνατος.
1490 3878 1594 3953 Παλιν,
1602 3884 1628 3939 ol
1637 3882 1809 3943 πλακοῦντες

235 3984 325 4031 autem
347 3969 452 4029 nonita
472 3989 501 4028 se
523 3988 565 4027 res
578 3967 678 4044 babet3
692 3966 740 4027 sed
759 3982 784 4028 et
800 3970 940 4052 turpitudo
952 3987 978 4033 et
1030 3974 1104 4054 ὄναρ,
1116 3972 1219 4053 ἡμέρας
1231 3971 1373 4053 γενομένης
1388 3970 1511 4051 ἐλέγχον
1501 3995 1540 4029 αι
1555 3975 1618 4052 είκη
1645 3973 1806 4046 πλουτιζσαν

235 4048 398 4144 supplrcrum
406 4060 569 4121 immortalia
578 4073 649 4120 sunt
657 4061 761 4120 Rursus
772 4083 978 4141 quinnsomnns
1031 4089 1085 4134 τες·
1101 4067 1213 4126 ἐνταῦθα
1226 4064 1312 4125 δὲκαλ
1325 4089 1378 4146 προ
1389 4087 1436 4135 της
1447 4063 1579 4143 ημέραςθ
1599 4065 1716 4145 ἔλεγχος
1730 4065 1807 4125 ἔπεισι

234 4153 333 4215 divites
346 4164 420 4232 s'unt,
434 4150 696 4211 ortudiesesrustra
712 4151 811 4214 divites
835 4155 978 4216 fuissede-
1031 4158 1173 4228 πολλάκις,
1186 4156 1232 4216 καί
1247 4180 1309 4237 πριν
1321 4156 1443 4215 απελθειν
1455 4157 1524 4228 ἐκει
1539 4154 1574 4215 τὰ
1590 4157 1721 4236 ὀνείρατα
1732 4179 1808 4216 rsus

234 4245 419 4327 prebendrrnt3
430 4244 550 4330 lnicrero
562 4256 588 4302 et
600 4255 661 4302 ante
673 4241 746 4302 diem
758 4243 829 4305 boc
821 4267 911 4327 ipsum
931 4247 978 4307 de·
1032 4249 1150 4323 ἐπίπτη.
1166 4247 1396 4326 Ἀποτιναξωμεθα
1411 4246 1541 4306 τοίνυν
1516 4269 1562 4306 τον
1581 4249 1704 4327 πονηρὸν
1724 4253 1808 4307 τοῦτον

234 4335 414 4420 prehendunt,
423 4347 448 4393 et
459 4348 600 4413 antequam
612 4334 677 4393 binc
687 4335 809 4409 abeatur,
819 4339 922 4399 somnio
930 4338 978 4400 illa
1032 4342 1122 4403 ύπνον.
1132 4341 1179 4402 Ἂν
1189 4341 1241 4423 γὰρ
1254 4340 1425 4408 καθεύδοντας
1433 4344 1505 4420 ἡμᾶς
1518 4344 1535 4410 ἡ
1549 4340 1642 4421 ἡμέρα
1655 4340 1808 4450 καταλύύη,

235 4429 386 4490 avolarunt
391 4426 978 4509 Excutiamusergobunepravumsomnum.
1033 4433 1297 4503 θοίνατοςδιαθέξεται
1313 4432 1455 4498 ἀθάνατος
1448 4431 1517 4492 καί
1532 4432 1637 4511 πρὸ
1603 4457 1654 4504 της
1668 4434 1726 4511 ἠμί
1728 4432 1809 4512 perii

235 4519 342 4583 Nam
320 4541 344 4580 st
358 4539 406 4578 nos
437 4518 598 4578 dormientes
625 4518 684 4578 dies
708 4519 755 4578 ille
777 4520 977 4601 deprehendat,
1032 4527 1132 4602 κείνης
1142 4536 1222 4587 ’τασιν
1236 4530 1427 4606 ευεπιρειρητοι
1438 4550 1492 4592 τοις
1505 4529 1610 4606 ἔρθροις
1621 4548 1680 4593 τοις
1695 4529 1811 4585 ἐντευθεν

201 4672 204 4676 .
236 4636 309 4675 mors
321 4634 370 4673 nos
379 4625 495 4692 excipiet
508 4610 718 4687 tmmollalts,el
735 4626 797 4672 ante
809 4613 883 4673 dre·
898 4604 1017 4675 illumc
1033 4619 1160 4698 ἐσόμεθα,
1177 4619 1223 4678 καλ
1239 4618 1394 4700 ἀνθριιποις
1417 4618 1462 4676 καὶ
1484 4617 1611 4728 δαίμορι·
1631 4617 1686 4676 καν
1714 4622 1811 4678 ἀνελεῖν

236 4703 560 4768 ininnieisomnibusbinc
573 4717 653 4784 captu
664 4702 803 4763 beiles
766 4726 876 4783 erimus,
885 4721 911 4767 et
923 4708 977 4769 ho·
1034 4713 1206 4789 βουληθῶσιν,
1219 4714 1233 4768 ὁ
1247 4710 1372 4770 κωλύσων
1392 4709 1482 4774 οὐδείς.
1499 4706 1575 4767 El
1545 4732 1595 4785 μεν
1610 4708 1666 4788 γὰρ
1680 4712 1808 4769 πολλοὶ’
1790 4730 1810 4767 ιι

236 4799 355 4860 minibus
371 4810 397 4857 et
409 4794 597 4872 demonibus
608 4814 639 4852 ac
651 4814 673 4852 st
691 4814 739 4854 nos
752 4796 979 4876 occiderevelint,
1032 4801 1201 4884 ἐγρηγορότες
1214 4793 1327 4875 ἦσαν,
1301 4824 1349 4860 ουκ
1361 4791 1394 4870 ds
1408 4804 1530 4866 τοσοῦτος
1543 4805 1557 4858 θ
1572 4800 1737 4868 κίνδυνος·ἐ
1737 4824 1810 4868 ireres,

236 4888 509 4971 nemoimpediturus
528 4900 576 4946 est.
591 4884 710 4958 Quodn
728 4888 808 4947 multi
822 4906 907 4952 essent
910 4894 979 4973 ,qui
1033 4896 1060 4954 dl
1075 4885 1286 4961 ἷπουκοιλ
1244 4916 1363 4975 οευτερος
1374 4893 1470 4973 λυγνον
1482 4892 1567 4971 ἅψας
1582 4893 1712 4974 καθαπερ
1725 4897 1812 4971 ἐνβ

108 5002 122 5023 ⁴
232 4982 391 5068 vigilarent,
406 5001 458 5040 non
475 4973 840 5057 tantumsoretpericulum.
847 5003 909 5043 cum
923 5005 978 5043 au·
1033 4985 1269 5065 θυτοίτηνυκτί
1233 5009 1286 5045 των
1301 4986 1453 5045 ἄλλωνθ
1403 5009 1438 5044 κα
1440 4984 1545 5044 θεοδόντ
1535 5008 1595 5059 ων,
1612 4986 1786 5067 ἐγρηγορε,
1772 5006 1812 5045 οιι

270 5210 281 5234 ¹
299 5193 365 5246 Alius
378 5203 416 5249 τὸν
427 5202 523 5263 Χριστὸν
534 5196 676 5261 ἐνῖυπέμινος
690 5198 809 5261 σύμπαντα
821 5203 904 5251 uersa,
