3728 5978
656 484 700 531 ue
726 480 921 533 perrenni.
1439 467 1441 472 ’
1507 471 1579 569 899

98 611 216 676 ιθνεῶτας
231 610 411 687 ἐπιτελοῦμεν,
423 613 509 668 ταῦτα
521 609 554 668 δι’
567 595 602 669 ὧν
613 612 703 678 κακῶς
715 613 775 671 ἐπι-
829 630 889 688 quae
920 607 991 668 male
1010 609 1128 691 agimus,
1153 611 1354 673 labefactemus.
1384 616 1480 676 Annon
1498 619 1576 680 rides
1673 630 1678 636 “

98 716 160 768 μεν,
175 691 359 767 καταργῶμεν.
374 691 435 768 Οὐχ
445 693 508 769 δρᾷς
519 687 545 746 τί
557 689 601 748 ἐπί
609 698 664 758 τοῖς
676 694 776 773 προλα·
829 710 890 766 que
924 690 996 748 circa
1023 704 1143 750 mortuos
1170 693 1308 753 iacimus?
1323 695 1393 754 Gum
1411 696 1526 786 psalmis
1548 714 1587 758 et-

98 771 265 852 πράττομεν,
279 770 407 846 Ψαλμοῖς
421 769 467 827 καί
483 767 573 846 ὕμνοις
595 769 689 837 αὐτοὺς
707 793 775 850 προ·
829 768 940 847 hymnis
963 769 1025 828 illos
1043 770 1196 830 efferimus:
1211 772 1324 851 ideoque
1346 774 1373 833 in
1395 795 1503 854 signum
1515 799 1575 857 gra-

99 874 163 928 μεν,
178 849 240 924 [διὰ
264 852 359 925 τοῦτο]
377 849 425 922 τήν
439 847 566 928 πρὸςτθν
580 852 718 922 Δεσπότην
735 854 776 910 ιθ·
829 853 929 906 tiarum
946 849 1057 908 actionis
1076 851 1153 909 novis
1168 872 1216 910 nos
1234 853 1401 912 vestimentis
1422 854 1573 930 induimus,
1655 888 1658 894 ·

98 930 147 988 τίαν
163 928 348 1005 σημαίνοντες·
371 927 416 987 καί
439 937 538 995 καινοῖς
550 929 664 1006 ἱματίοις
685 929 778 997 αὐτοὺς
830 949 930 987 novum
956 929 1164 1012 incorruptionis
1187 945 1284 991 nostre
1302 934 1492 996 uestimentum
1506 958 1575 1016 prae-

98 1009 304 1089 ζομεν,τὸκαινὸν
312 1008 410 1085 ἔνδυμα
419 1011 466 1077 τῆς
475 1009 620 1089 ἀφθαρσίας
630 1014 707 1088 ἡμῶν
715 1033 777 1093 προ-
831 1006 1021 1086 significantes.
1050 1012 1225 1088 Unguentum
1241 1025 1266 1069 et
1286 1012 1376 1071 oleum
1396 1014 1574 1092 infundimus,

98 1087 323 1168 rree.llltipouxcl
341 1086 430 1146 ἔλαιον
449 1088 659 1167 ἐπιχέομεν,καὶ
674 1091 778 1172 χρίσμα
831 1087 1015 1147 existimantes
1042 1088 1159 1147 chrisma
1186 1091 1356 1172 baptismatis
1381 1092 1417 1151 ad
1444 1094 1575 1156 viaticum

98 1166 480 1247 στίσματοςσυμποριυόμενον
490 1171 577 1233 αὐτοῖς
584 1170 620 1236 εἰς
629 1169 729 1250 έρόόιον
737 1195 780 1229 πι·
832 1166 963 1225 cumillis
977 1187 1101 1247 pergere:
1115 1189 1175 1227 cum
1191 1169 1367 1250 thymiamate
1377 1184 1403 1229 et
1417 1173 1499 1231 cereis
1515 1174 1575 1235 illos

98 1273 155 1317 τες·
171 1247 319 1325 θυμιάμασι
329 1247 374 1306 καί
384 1246 485 1328 κηρίοις
495 1245 587 1313 αὐτοὺς
599 1250 778 1328 συνοδεύομει,
795 1251 814 1298 E
833 1246 1004 1324 comitamur,
1019 1269 1072 1326 qua
1093 1268 1122 1306 re
1135 1247 1286 1308 indicamus
1296 1250 1356 1308 illos
1370 1249 1421 1310 hac
1438 1254 1576 1314 tenebrosa

98 1352 152 1394 ντες
164 1328 206 1387 ὅτι
227 1334 273 1385 τοῦ
288 1333 420 1385 σκοτεινοῦ
437 1327 493 1404 βίου
509 1325 642 1396 λυθέντες,
664 1330 729 1410 πρὸς
748 1329 780 1389 τὸ
832 1325 888 1382 rita
898 1325 1009 1398 solutos,
1021 1326 1054 1384 ad
1066 1328 1153 1385 lucem
1164 1349 1256 1387 veram
1267 1330 1576 1392 seconferretadorien·

98 1408 112 1466 h
137 1406 258 1478 ἀληθινὸν
275 1405 469 1486 ἐπορεύθησαν·
495 1405 560 1484 πρὸς
579 1406 708 1482 ἀνατολάς
730 1406 778 1481 τήν
833 1418 886 1462 tem
914 1426 1003 1464 arcam
1032 1410 1172 1484 vertimus,
1195 1409 1416 1467 resurrectionem
1446 1410 1498 1490 ipsi
1524 1411 1576 1470 hoc

106 1486 228 1565 κειμένην
251 1484 450 1563 ογηματίζομεν
460 1529 468 1557 ,
480 1484 529 1557 τήν
550 1485 694 1554 ἀνάστασιν
708 1491 779 1567 αὐτῷ
833 1482 915 1542 modo
928 1485 1173 1564 praesiguificantes.
1185 1488 1226 1546 Ne
1240 1488 1329 1566 itaque
1350 1509 1409 1564 nos,
1429 1490 1477 1567 qui
1489 1511 1578 1549 resur-

98 1565 261 1646 ῡσγήματος
274 1566 509 1643 προσημαίνοντες.
524 1564 572 1636 Μὴ
591 1566 678 1626 τοίνυν
692 1570 716 1626 οἱ
731 1568 778 1640 τήν
833 1564 976 1622 rectionem
987 1565 1130 1640 credimus,
1152 1566 1191 1624 sic
1201 1566 1351 1638 doleamus,
1368 1568 1436 1626 sicut
1450 1582 1477 1626 ct
1489 1576 1577 1634 caeteri

98 1643 346 1716 resurrectionne,
362 1644 429 1703 οίίτω
444 1642 604 1723 λυπώμεθα,
626 1646 712 1714 καθὼς
733 1648 778 1706 καί
833 1643 962 1723 quispem
977 1664 1029 1702 non
1040 1645 1147 1703 habent.
1160 1648 1229 1705 Nam
1237 1648 1285 1725 qui
1294 1647 1515 1707 resurrectionem
1524 1672 1577 1713 non

98 1726 131 1786 τοί
143 1727 168 1783 ol
181 1724 218 1803 μὴ
234 1724 337 1804 ἔχοντες
358 1725 461 1783 ἐλπίδα.
476 1722 510 1783 Ὁ
524 1724 576 1804 γάρ
596 1724 643 1796 τήν
663 1727 778 1786 ἀνάστα-
832 1736 929 1801 sperat,
954 1723 1066 1802 periisse
1085 1738 1222 1783 mortuum
1233 1727 1296 1805 jure
1308 1740 1395 1807 putat.
1414 1730 1520 1788 Verum
1539 1733 1576 1794 ita

98 1832 100 1876 γ
117 1803 238 1873 ἐλπίζων,
257 1803 363 1869 θιααίως
373 1807 408 1871 ὡς
422 1803 579 1862 ἀπολωλότα
590 1804 635 1863 τὸν
647 1809 791 1865 τεθνεῶτα·
832 1800 928 1860 ludant
942 1802 1064 1880 gentiles,
1077 1802 1135 1862 haec
1147 1804 1244 1862 facient
1256 1805 1434 1864 Samaritani:
1450 1822 1498 1865 uos
1511 1829 1576 1872 vero

98 1908 147 1944 ιαι.
169 1883 249 1942 Ἀλλά
271 1889 355 1942 ταῦτα
377 1881 424 1961 μίν
449 1882 616 1952 παιζέτωσαν
639 1882 776 1956 Ἑλλήνων
831 1880 971 1939 Christum
1001 1881 1154 1956 audiamus,
1178 1896 1204 1941 el
1219 1883 1359 1942 credamus
1392 1885 1468 1962 Quia
1492 1899 1727 1956 venientum.

104 1969 201 2037 ,ταῦτα
209 1962 397 2034 ποιησάτωσαν
408 1964 583 2041 Σαμαρειτῶν
594 1965 690 2041 δῆμον·
700 1970 778 2043 ήμεῖς
831 1961 905 2018 hora
918 1973 945 2019 el
960 1980 1039 2019 nunc
1054 1974 1106 2032 esi,
1123 1964 1243 2042 quando
1258 1967 1365 2021 morlut'
1389 1967 1510 2023 audien!
1524 1996 1576 2033 vo·

98 2049 172 2103 touch
184 2042 330 2120 ἀκούωμεν,
343 2042 389 2101 καὶ
411 2043 577 2120 πιστεύωμεν
588 2041 654 2102 Ὅτι
671 2043 778 2124 ἔρχεται
831 2060 893 2097 cem
907 2040 982 2097 Filii
995 2042 1054 2098 Dei
1065 2067 1077 2111 ,·
1094 2054 1122 2100 et
1138 2046 1189 2121 qui
1202 2044 1334 2118 audient,
1351 2046 1466 2121 vivent,
1486 2057 1511 2102 et
1532 2075 1575 2112 τα.
1652 2108 1655 2116 ,
1753 2040 1780 2063 '⁸

98 2124 137 2181 ,αλ
155 2128 197 2180 νῦν
214 2122 350 2195 {mun
364 2126 388 2181 οἱ
406 2121 493 2200 νεαροὶ
508 2121 648 2181 ἀκούσωσι
662 2129 710 2196 ,ἧς
723 2147 778 2204 pm.
831 2133 942 2198 surgent
953 2118 972 2177 ii
983 2119 1031 2201 qui
1045 2121 1073 2179 in
1090 2121 1221 2200 sepulcris
1241 2135 1314 2195 sunt,
1345 2135 1371 2180 et
1398 2124 1576 2193 renovabitur
1656 2156 1661 2165 ·
1693 2120 1715 2185 .”

98 2210 118 2262 νῦ
131 2204 251 2262 Υίοῦτοῦ
266 2205 354 2275 Θεοῦ,
368 2201 414 2260 καί
427 2203 451 2259 σί
466 2200 623 2269 ἀκούσαντες
638 2203 776 2278 ζήσονται,
830 2211 909 2258 lesia·
1624 2204 1633 2217 '

98 2282 263 2354 ιαστήσονται
276 2285 300 2340 oi
311 2283 338 2339 έν
354 2289 408 2347 τοῖς
419 2280 572 2360 μνημείοις,
586 2281 632 2340 καὶ
642 2285 777 2342 ἀνακαινι-

98 2385 134 2420 ³⁰¹⁸
151 2368 166 2434 ἦ
181 2365 226 2441 li·
785 2401 822 2440 eos
989 2439 996 2452 ,
1177 2439 1183 2452 ,
1364 2442 1370 2455 ,
1643 2434 1646 2439 ,

98 2446 151 2500 ιοῦν
165 2443 187 2499 εἰ
202 2439 394 2512 ἀναστήσονται
408 2445 432 2502 ol
446 2441 548 2523 νεκροί,
569 2440 659 2524 ὥσπερ
673 2443 778 2513 πάντως
794 2456 814 2502 Α
868 2441 963 2518 ltaque
973 2462 996 2499 st
1011 2453 1184 2499 resurrecturi
1197 2455 1258 2501 sunt
1271 2455 1380 2517 mortui,
1396 2456 1425 2501 ut
1439 2463 1501 2503 vere
1511 2459 1574 2504 sunt
1771 2506 1779 2517 ,

98 2520 280 2592 ναστήσονται,
302 2520 338 2596 μὴ
355 2520 437 2588 οὕτως
453 2526 648 2601 ἀσχημονῶμεν
663 2523 707 2582 ἐπὶ
723 2534 778 2593 τοῖς
829 2520 1015 2594 resurrecturi,
1028 2541 1060 2578 ne
1076 2534 1130 2579 tam
1143 2521 1327 2597 immoderate,
1343 2545 1444 2600 qureso,
1459 2545 1507 2583 nos
1523 2545 1574 2604 ge·
1661 2556 1670 2569 ·

98 2601 225 2677 ,ημένοις,
243 2603 407 2679 παρακαλῶ·
428 2601 465 2680 μὴ
488 2607 517 2660 οἱ.
532 2601 621 2661 πιστοὶ
635 2601 695 2669 τοὺς
713 2603 776 2662 ἀπί-
829 2620 921 2657 ramus
934 2600 1005 2658 eirca
1018 2613 1138 2659 mortuos
1152 2623 1158 2656 :
1175 2621 1266 2661 nenos
1278 2601 1370 2661 fideles
1383 2603 1521 2662 imitemur
1533 2605 1574 2664 in·

98 2680 268 2758 ξηλώσωμεν·
284 2678 321 2756 μὴ
338 2678 396 2748 τοὺς
408 2686 523 2760 γιτῶνας
538 2687 615 2759 ήμῶν
630 2681 778 2763 διαρρήξω-
829 2678 961 2751 credulos,
976 2699 1010 2738 ne
1023 2679 1126 2738 tunicas
1136 2694 1240 2739 nostras
1251 2681 1414 2756 scindamus,
1427 2682 1473 2742 sed
1484 2684 1574 2763 potius

98 2760 156 2819 rut
181 2762 280 2836 μᾶλλον
293 2759 341 2831 τὴν
355 2750 442 2840 ψυχὴν
458 2761 655 2839 κατανύξωμεν,
676 2762 717 2821 ὅτι
733 2763 778 2821 καί
828 2759 946 2817 animam
971 2778 1183 2839 compungamus
1190 2761 1272 2838 ,quia
1298 2759 1369 2819 idem
1397 2783 1444 2820 nos
1468 2783 1575 2842 quoque

98 2840 126 2898 τὸ
140 2840 203 2898 αὐτὸ
222 2837 346 2916 ἀναμένει
364 2841 498 2921 ποτήριον.
527 2839 574 2912 Μὴ
589 2839 647 2907 τοὺς
663 2842 777 2921 βραγίσ-
829 2837 1056 2918 οσίίιιεαερεοιαῑ.
1072 2841 1112 2896 Ne
1122 2838 1231 2897 brachia
1246 2840 1382 2916 feriamus,
1397 2855 1427 2899 ut
1440 2863 1474 2900 ne
1487 2844 1574 2920 genti-

98 2923 198 2999 ψωμεν,
211 2917 254 2977 ίνα
269 2918 306 2994 μή
322 2917 382 2985 τοὺς
394 2917 530 2991 Ἕλληνας
546 2919 721 3020 ζηλιίισωμεν·
739 2922 777 3000 μὴ
830 2916 1014 2976 lesimitemur
1023 2938 1073 2993 ;ne
1083 2919 1204 2997 μιαίνων
1213 2918 1388 2997 advocemus,
1400 2934 1431 2979 ut
1444 2942 1478 2979 ne
1486 2943 1529 2980 ma
1552 2924 1574 2982 is

98 2999 209 3071 ηνοάσας
222 2999 486 3077 σογκαλέσωμεν,ίνα
501 2999 538 3078 μί,
551 2999 629 3059 πλέον
641 3021 686 3058 τον
697 3002 778 3079 θυμὸν
829 2995 898 3055 iram
916 2997 969 3055 Dei
986 2996 1182 3076 accendamus;
1208 3020 1242 3057 ne
1265 2999 1371 3080 capillis
1391 3014 1472 3080 caput
1489 2944 1573 3062 nude·

98 3084 134 3136 εοῦ
146 3078 312 3155 κινήσωμεν·
328 3076 365 3156 μὴ
379 3077 427 3144 τάς
440 3080 534 3159 τρίχας
546 3085 593 3152 τῆς
604 3081 720 3160 κεφαλῆς
730 3104 778 3158 γυ-
829 3095 899 3152 mus,
910 3091 939 3135 ut
950 3090 1069 3157 neruput
1077 3091 1197 3135 nostrum
1207 3078 1345 3138 Christum
1353 3079 1571 3158 dehonestemus3

98 3181 162 3233 ιμεν,
175 3156 218 3217 ἵνα
234 3156 270 3235 μὴ
281 3156 329 3230 τὴν
339 3157 457 3237 κεραλὴν
468 3164 545 3236 ἡμῶν
558 3159 671 3238 Χριστὸν
687 3183 777 3220 καται·
829 3176 863 3213 ne
880 3156 974 3215 multis
987 3155 1083 3215 diebus
1105 3157 1252 3237 ploremus,
1269 3172 1298 3217 ut
1321 3180 1353 3217 ne
1371 3161 1574 3222 resurrectionis

98 3261 159 3315 μιν·
181 3237 218 3315 μὴ
245 3236 349 3315 μακρὰς
364 3238 494 3320 ήμέραςθ
513 3238 664 3316 ηνήσωμεν,
679 3239 721 3298 ίνα
737 3240 776 3318 μὴ
829 3234 910 3293 iidem
922 3235 1071 3310 violemus;
1085 3256 1118 3294 ne
1129 3237 1221 3316 lingua
1232 3237 1422 3320 blasphemum
1432 3239 1572 3321 quidpiam

98 3316 220 3376 νάστασιν
242 3318 448 3393 ἀπιστήσωμεν·
473 3262 512 3395 μή
530 3322 562 3398 τῇ
583 3318 688 3397 γλώττῃ
709 3321 777 3398 βλα-
848 3315 1008 3389 referamus,
1020 3329 1051 3374 ut
1066 3337 1100 3374 ne
1113 3329 1139 3373 et
1155 3315 1311 3376 defunctum
1326 3332 1351 3376 et
1370 3339 1418 3376 nos
1432 3318 1570 3383 laedamus.

98 3422 108 3455 ν
120 3420 146 3455 τι
158 3397 327 3474 λαλήσωμεν,
340 3395 383 3454 ἵνα
398 3396 434 3472 μή
450 3398 549 3458 καὶτὸν
559 3399 720 3476 κοιμηθέντα
730 3401 777 3460 καί
828 3336 933 3454 hedisti
946 3394 1172 3454 filiumiGratias
1180 3416 1238 3474 age,
1244 3396 1355 3476 hymnis
1366 3397 1480 3473 celebra,
1490 3399 1572 3461 adora

100 3499 111 3542 ς
126 3476 279 3556 βλάψωμεν.
305 3476 430 3543 Δέδωκας
443 3479 542 3551 παῖδας
563 3478 775 3557 Εὐχαρίστησον,
828 3494 907 3550 eum,
922 3475 970 3552 qui
986 3475 1088 3555 accepit
1103 3474 1133 3533 id
1146 3475 1220 3553 quod
1232 3476 1282 3534 tibi
1300 3477 1410 3535 dederat
1425 3500 1431 3533 ι
1449 3479 1573 3558 glorifica

98 3577 133 3630 ον,
150 3554 331 3635 προσκύνησον
345 3555 389 3614 τὸν
400 3556 515 3615 λαθόντα
526 3604 535 3630 ,
548 3556 565 3615 ά
576 3581 618 3616 σοι
632 3557 775 3636 παρέθετο·
828 3574 899 3626 eum,
908 3555 955 3633 qui
969 3555 1049 3634 elegit
1066 3554 1143 3613 illum
1158 3556 1421 3633 quem'sormarerut,
1434 3572 1460 3616 et
1469 3561 1573 3640 aceepit

98 3634 168 3694 υτὸν
182 3635 351 3710 ἐκλεξάμενον
363 3636 390 3694 ὃν
403 3635 519 3710 ἔπλασε,
534 3636 580 3695 καὶ
594 3636 775 3718 προσδεξάμι-
792 3643 810 3689 Β
827 3633 944 3693 fructum
961 3634 1062 3693 ventris
1075 3634 1116 3692 tui
1138 3639 1341 3716 incorruptum:
1356 3636 1478 3715 glorifica
1496 3659 1569 3712 eum,

98 3738 113 3771 ν
138 3715 239 3794 καρπὸν
262 3718 309 3785 τῆς
333 3714 433 3783 κοιλίας
454 3741 500 3776 σου
514 3717 643 3798 άρθορον·
667 3716 774 3785 δόξασαν
828 3713 875 3790 qui
897 3713 999 3794 prolem
1020 3714 1153 3773 viscerum
1175 3728 1282 3774 tuorum
1307 3717 1451 3775 serravit:
1475 3717 1569 3795 adora,

100 3795 176 3860 ζοντα
187 3798 239 3852 τῶν
252 3797 304 3851 σῶν
317 3795 476 3873 σπλάγγνων
487 3796 517 3856 τὸ
528 3799 647 3874 ἔγγονον·
662 3797 776 3875 προσκά-
827 3793 898 3851 sicut
916 3792 977 3864 lob,
1000 3794 1176 3872 magnificum
1191 3794 1285 3852 illum:
1305 3795 1406 3873 gratias
1427 3816 1491 3875 ege,
1507 3799 1571 3876 quia

98 3872 164 3932 terh
173 3874 217 3933 τὸν
229 3872 292 3932 ’1ὼὸ
303 3876 347 3932 τὸν
359 3862 543 3955 μεγαλάθνχον
555 3898 561 3911 ·
573 3875 775 3955 εὐχαρίστησον,
828 3871 944 3930 Domino
952 3872 1074 3930 obtulisti
1083 3873 1284 3931 immaculatum
1292 3874 1570 3949 sacrilicirrm,castam

98 3976 134 4019 ως
156 3952 323 4034 προσήγαγες
337 3957 375 4032 τῷ
395 3953 517 4034 Δεσπάεῃ
544 3955 654 4032 ἄμωμον
670 3954 775 4027 θυσίαν,
826 3949 975 4025 victimam,
988 3951 1150 4009 oblationem
1164 3952 1304 4028 mundam,
1319 3973 1420 4012 novum
1434 3955 1568 4033 isaacum,

107 4037 190 4108 θῦμα,
213 4032 331 4113 καθαράν
352 4033 513 4113 προσφορὰν,
534 4034 590 4093 νέον
612 4034 723 4109 Ἰσαάκ,
739 4033 775 4103 ὥς
827 4041 858 4086 ut
877 4029 942 4087 olim
962 4029 1110 4089 Abraham.
1127 4030 1251 4089 Christus
1273 4033 1390 4112 accepit,
1407 4031 1568 4110 adoremus;

98 4110 218 4191 λὸραάμ.
237 4113 356 4193 Χριστὸς
376 4111 471 4183 uate,
493 4114 736 4193 προσκυνήσωμεν·
760 4120 774 4174 ὁ
826 4109 873 4186 qui
884 4109 1045 4168 formaverat
1054 4110 1258 4184 reformavit,ne
1266 4116 1570 4187 murmuremus5Crea-

98 4214 109 4257 ς
134 4190 282 4265 ἀνέπλασε,
307 4189 344 4269 μὴ
369 4190 555 4270 γογγιίζωμεν·
579 4198 593 4252 θ
613 4193 721 4266 κτιστλς
744 4194 775 4254 τὸ
826 4201 1039 4248 concreaturam
1063 4189 1214 4268 requisivit,
1229 4211 1263 4249 ne
1285 4190 1463 4267 obsistamus;
1484 4215 1570 4273 neque

98 4296 105 4329 ι
129 4271 256 4343 ἐζήτησε,
279 4273 317 4348 μὴ
340 4270 539 4351 μαγησώμεθα·
558 4272 615 4332 οὐδὲ
635 4271 687 4353 γάρ
699 4273 774 4332 δυνά·
826 4267 898 4327 enim
909 4289 1060 4349 possumus.
1069 4269 1174 4328 Dedisti
1185 4270 1295 4328 stateem
1308 4271 1421 4331 ihdora
1429 4273 1570 4334 Christum

110 4349 233 4416 Δέδωκας
247 4349 376 4428 ἀδελφάν,
398 4351 583 4429 Προσκύυησσυ
599 4355 644 4412 τὸν
657 4352 774 4412 λαθόντα
825 4348 872 4425 qui
883 4349 985 4429 accepit
996 4371 1068 4419 eum,
1081 4348 1143 4427 quia
1157 4347 1205 4407 ille
1216 4365 1363 4430 propterte
1372 4352 1437 4411 olim
1448 4354 1569 4413 mortalis

98 4448 129 4503 ιν,
142 4427 183 4487 ὅτι
198 4429 240 4487 διὰ
254 4428 283 4489 σέ
297 4430 388 4499 θνητὸς
399 4430 489 4509 γέγονέ
505 4454 578 4490 ποτε.
603 4432 707 4504 Νήπιον
720 4456 774 4491 πα-
826 4428 911 4486 suctus
925 4442 973 4488 est.
983 4429 1115 4487 Infantem
1126 4427 1222 4487 dedisti
1234 4430 1362 4490 iGratias
1376 4432 1416 4491 illi
1428 4453 1492 4511 ago,
1503 4435 1570 4513 quia

103 4533 111 4582 ;
134 4506 334 4588 Εὐγαρίστησον
349 4513 436 4589 αὐτῷ,
452 4508 492 4568 ὅτι
505 4511 569 4570 ποτὲ
582 4511 625 4571 ut
640 4511 669 4572 σὲ
681 4512 774 4584 νήπιος
825 4508 872 4566 illo
878 4522 988 4590 propter
996 4522 1021 4567 te
1030 4508 1096 4567 olim
1106 4508 1192 4567 infans
1202 4509 1253 4568 fuit
1267 4510 1293 4568 in
1304 4513 1442 4593 presepio.
1453 4514 1569 4574 Servum

98 4590 149 4646 ιέν
172 4577 267 4669 ρ’ἀτνη.
295 4591 394 4647 Δοῦλον
419 4588 773 4668 ἀπὸσοθέλαάενςὟμνη.
825 4588 1290 4669 tuumaccepitllllumlauda,quia
1322 4593 1568 4671 roptertesormam

97 4667 150 4740 τὸν,
161 4668 201 4725 ὅτι
215 4654 259 4726 ul
273 4667 302 4726 σὲ
317 4668 419 4749 μορφήν
436 4669 526 4728 δούλου
536 4671 661 4731 ἀνελαὸεν
673 4677 775 4746 θποιη-
825 4669 896 4728 serui
910 4690 971 4727 ecce
992 4669 1012 4727 ir
1025 4669 1146 4727 omnium
1161 4669 1271 4750 Opiser.
1287 4612 1405 4730 tintcum
1421 4671 1509 4730 filium
1522 4693 1568 4731 se-

98 4770 115 4803 u
131 4747 266 4806 ἁπάντων.
296 4751 433 4827 Μονογενῆ
446 4749 501 4808 υἱὸν
513 4749 628 4830 ἔθαψας;
646 4749 773 4825 Δόξασον,
790 4760 809 4808 c
824 4748 935 4827 polisti.o
949 4691 1080 4808 Glorisrea
1091 4794 1098 4823 ,
1111 4748 1267 4828 procumbe,
1283 4770 1413 4823 reverere,
1427 4751 1570 4813 recordare

97 4849 162 4898 εσον,
179 4827 332 4901 αἰδέσθητι,
349 4828 500 4904 μνήσθητι,
516 4828 557 4890 ὅτι
572 4830 662 4906 &hei
676 4836 690 4890 ὁ
706 4831 774 4900 Θεὸς
825 4827 960 4905 quomodo
968 4842 1077 4909 propter
1089 4842 1115 4886 te
1123 4827 1370 4906 Deusunigenitum
1378 4829 1479 4889 Filium
1488 4846 1570 4891 suum

98 4911 187 4984 νογενῆ
204 4907 293 4964 αὐτοῦ’
303 4908 368 4966 Υίὸν
379 4909 517 4987 παρέδωκε
531 4910 637 4990 [σαρκί]
647 4915 683 4976 είς
691 4909 773 4968 θάνα-
826 4907 993 4966 incarnatum
1001 4908 1035 4966 ad
1042 4920 1154 4965 mortem
1161 4906 1434 4968 tradideritPuellam
1446 4911 1472 4969 in
1484 4910 1569 4970 thala·

98 4985 310 5066 λαλαμευομένην
321 4988 401 5067 κόρην
414 4988 544 5062 δέδωκας
560 4990 772 5071 Εὐχαρίστησον,
825 5008 869 5045 mo
879 4987 1016 5065 degentem
1026 4986 1255 5046 dedistii'Gratias
1264 5001 1360 5066 egomt
1370 4989 1568 5069 neiudignatus
1610 5030 1614 5043 ·

98 5089 108 5132 ς
120 5070 276 5144 ἀγανακτῶν
287 5067 332 5125 καί
345 5067 436 5147 ἑτέραν
448 5067 542 5147 dds-pe.
559 5071 582 5127 Γ
584 5068 683 5145 αμετήν
696 5068 772 5152 προέ·
825 5066 905 5125 aliam
916 5066 981 5125 dare
990 5067 1104 5146 cogaris.
1115 5068 1233 5146 Nuptam
1245 5068 1364 5126 filiorum
1376 5083 1488 5129 matrem
1500 5088 1569 5151 μισα-

98 5170 110 5212 ς
136 5146 238 5205 παίδων
262 5147 380 5227 μητέρας
405 5144 559 5225 Ὕμνησον,
583 5149 772 5228 αἰσραλίσθητι,
824 5147 944 5205 misisti?
959 5147 1075 5228 Hymuis
1095 5145 1198 5204 celebra
1218 5152 1253 5205 et'
1265 5162 1389 5207 constans
1401 5162 1475 5226 esto,
1489 5163 1520 5209 ut
1535 5172 1569 5210 ne

110 5224 234 5302 Δεσπίτη
245 5226 444 5306 προσκροάσης,
459 5229 496 5305 μή
512 5250 569 5296 πως
579 5228 625 5287 καί
639 5227 671 5287 σὺ
686 5229 771 5289 ἀπέλ-
824 5227 971 5298 Dominum
984 5223 1115 5299 offendas,
1122 5238 1152 5284 ut
1161 5238 1230 5286 nea
1240 5240 1268 5286 tu
1277 5246 1385 5307 quoque
1394 5228 1485 5290 obres.
1493 5230 1568 5302 Quid

98 5302 117 5361 .“ί
135 5314 240 5380 ποιεῖς,
260 5294 406 5388 σίνθρωπεςΙ
420 5307 501 5367 πάλιν
515 5307 567 5390 γίρ
588 5309 618 5367 τὸ
631 5309 694 5368 αὐτὸ
708 5312 773 5369 ἀνα·
824 5306 907 5385 tacis,
921 5305 1024 5374 horno?
1039 5326 1101 5368 nam
1117 5305 1169 5366 hoc
1184 5303 1276 5390 ipsum
1297 5307 1470 5370 resumimus.
1490 5313 1568 5372 Mor·
