3742 5970
526 432 562 484 tn
589 431 676 482 acra
704 426 1116 483 rrosrocorursnouu..
1144 429 1216 478 vm.
1609 407 1656 505 75

75 561 106 623 τλ
120 562 312 643 έμαρτιίγιατα
323 564 356 624 τὸ
370 565 456 639 ὄνομα
474 570 521 624 τοῦ
537 565 671 645 Χριστοῦ,
684 563 750 625 ὅπου
763 588 795 643 γι
812 563 859 623 καί
912 574 985 621 tanta
1006 574 1171 642 operaretur.
1188 564 1237 621 tt.
1259 562 1334 622 Cum
1359 573 1469 621 teneret
1490 572 1588 621 autem
1610 564 1655 633 is,

76 665 177 718 τοιαῦτα
195 655 354 737 ἐργάζεται.
371 659 539 740 Κρατοῦντος
560 657 588 719 δέ
608 664 655 719 τοῦ
678 658 792 726 ίαθίντος
812 657 858 719 eir
903 658 963 734 .ρυί
977 655 1351 735 sanatusjuerat,Petrum
1365 654 1658 727 etJoannem,con-

78 746 172 827 Πέτραν
192 746 243 806 ιιαλ
257 747 308 806 τὸν
327 746 471 820 Ίωέννην,
492 750 603 820 ουνῆλθι
620 757 674 817 πᾶς
695 751 709 807 θ
730 745 793 814 λαὸς
814 745 859 805 ἐπὶ
915 751 994 808 venit
1005 751 1101 806 omnis
1117 747 1242 827 populus
1260 747 1302 816 ad
1311 749 1456 828 porticum
1472 766 1538 825 quoe
1557 746 1659 826 appel-

76 844 182 920 τῇσιυᾷ
205 842 244 919 τῇ
265 840 423 919 καλουμένῃ
445 841 618 918 Σολομῶντος
639 838 776 919 ίκθαριῦοι.
795 837 859 898 Ἀτδ
913 840 995 899 latur
1016 840 1195 914 Salomonis,
1222 851 1378 919 stupentes.
1404 837 1449 897 Ex
1475 837 1659 897 benevolentia

78 935 119 1001 τῆς
130 931 237 998 uimine
256 929 332 1005 ιτῆς
346 934 384 1000 εἰς
398 929 492 999 αι’ποῦς
505 931 611 1004 καὶτῆς
623 931 713 1013 ριλίας
725 933 773 992 ούνι
787 933 858 1011 ίχω-
913 944 939 990 et
951 929 1069 990 amicitia
1080 950 1133 989 ιιοιι
1149 929 1322 1010 separabatur
1335 929 1370 987 ab
1384 928 1450 1010 ipsis
1462 926 1592 1004 claudus,
1603 929 1660 987 tor

79 1022 156 1102 ρίζετυ
170 1027 281 1084 αἰτῶν·
302 1024 370 1092 ίσως
389 1022 418 1084 ii
441 1023 488 1084 νιαλ
514 1027 677 1104 ιθχαριστῶν
702 1026 791 1091 αὐτοῖς
812 1022 858 1081 καλ
875 1024 895 1075 C
913 1035 982 1082 tasse
992 1022 1093 1101 gratias
1112 1042 1193 1102 agens
1209 1035 1235 1081 et
1255 1019 1368 1080 laudans
1381 1020 1451 1080 ilios.
1464 1022 1506 1081 Et
1523 1040 1660 1080 accurre·

78 1117 195 1175 ἐπαινῶν.
209 1115 271 1174 Καὶ
286 1114 457 1198 eurupam.
470 1114 612 1196 ρησὶ,πθς
625 1114 721 1185 θλαύς.
736 1113 811 1174 Ἰδὼν
831 1111 859 1173 δί
914 1115 976 1186 bat,
995 1114 1100 1192 inquit,
1115 1118 1210 1174 omnis
1227 1113 1361 1195 populus.
1377 1116 1424 1172 ta.
1439 1114 1547 1171 Videres
1560 1124 1661 1172 autem

78 1202 185 1272 αιόυλςθ
200 1205 332 1287 Πέτρος,
347 1207 517 1288 ἄποιρίνατο.
531 1206 619 1266 Πάλιν
636 1205 711 1275 αὐτὸς
725 1205 772 1266 καί
781 1204 859 1286 ίργύ-
913 1207 982 1266 illos
994 1209 1111 1279 Petrus,
1127 1207 1286 1287 respondit.
1302 1205 1408 1264 Rursus
1421 1203 1479 1284 ipse
1493 1216 1519 1263 et
1530 1217 1660 1284 operatur

77 1300 143 1364 ᾃται
160 1296 211 1356 zei
230 1299 395 1381 δημηγορεῖ.
416 1298 487 1360 Trite
509 1297 557 1378 μίν
573 1289 617 1358 οῦν
639 1295 733 1366 αὐτούς
754 1301 791 1366 είς
809 1296 858 1370 τὴν
912 1309 938 1355 et
951 1297 1134 1357 concionatur.
1147 1299 1222 1358 Tum
1238 1295 1349 1375 quidem
1361 1294 1423 1354 illos
1437 1294 1475 1355 ad
1492 1295 1660 1356 audiendum

78 1389 198 1468 διρίασιν
213 1390 341 1474 διήγιιρι
352 1389 384 1449 τδ
398 1399 511 1472 πρᾶγμα
526 1390 557 1451 τδ
568 1387 631 1470 πιρί
652 1387 700 1457 τὰς
720 1386 857 1467 γλώσσας,
913 1388 1042 1450 excitarit
1055 1389 1211 1477 linguarum
1224 1388 1403 1464 miraculum,
1415 1408 1487 1447 nuuc
1504 1400 1594 1447 autem
1607 1387 1661 1448 boc

77 1480 125 1538 νιιὶ
140 1480 170 1540 δὲ
192 1489 296 1543 τοῦτο·
316 1482 364 1542 καί
380 1481 441 1542 τότε
456 1481 504 1560 μίν
519 1479 589 1563 ἀρχὴ
590 1504 604 1538 ν
571 1478 713 1553 itineri
733 1480 785 1540 ἀπὸ
803 1483 857 1596 τρῶν
913 1478 1078 1558 signum:et
1092 1494 1157 1541 tunc
1170 1479 1313 1540 exordium
1327 1479 1408 1538 duxit
1421 1499 1437 1539 a
1451 1478 1572 1554 crimine,
1588 1500 1661 1539 nunc

77 1573 263 1685 ίγιλοριιέτων,
274 1581 322 1635 νῦν
344 1574 373 1634 ri
387 1574 483 1634 ἀπὸ
450 1598 498 1647 τις
513 1572 644 1645 ὑπονοίας.
654 1563 833 1652 ’ίδιιριεντί
802 1597 857 1647 ουν,
913 1570 1095 1652 abopinione
1112 1570 1260 1632 Videamus
1274 1584 1375 1649 autem,
1389 1569 1470 1651 quid
1469 1571 1504 1630 ab
1519 1570 1567 1630 illa
1581 1569 1660 1631 diffe-

78 1666 100 1722 τί
121 1666 281 1746 διενήνοχεν
296 1666 367 1738 αῦτη
382 1671 400 1738 ἡ
414 1664 564 1781 δημηγορία
584 1663 702 1738 ἐκείνης,
718 1663 764 1725 καί
786 1662 857 1724 κατὰ
913 1675 955 1719 rat
976 1661 1035 1722 berc
1049 1663 1153 1743 concio,
1170 1677 1196 1723 et
1210 1663 1279 1742 quid
1296 1682 1438 1721 commune
1456 1682 1518 1721 cum
1538 1661 1585 1720 illa
1604 1661 1658 1722 ba-

77 1756 246 1818 ιύιοινωνοῑ.
259 1756 375 1831 ’Enim
392 1746 580 1837 μὲνουνίντῇ
594 1756 665 1817 οίιιίοι
655 1755 789 1836 γίνεται
811 1759 855 1816 οὐ·
914 1751 986 1813 beat.
1004 1754 1054 1813 Illa
1066 1753 1141 1815 domi
1153 1755 1245 1831 fiebat
1257 1776 1319 1814 cum
1330 1775 1408 1815 nemo
1427 1752 1518 1813 adhuc
1528 1775 1659 1814 accessis

78 1847 358 1931 διἰανπροοιλθύντος
372 1850 488 1924 οθδενδς,
511 1848 618 1910 ὠδἩ
589 1853 676 1908 αυτῶν
693 1872 720 1908 τι
744 1852 856 1930 θργασα
912 1859 963 1923 set,
979 1867 1028 1906 nec
1042 1847 1184 1928 quidpiam
1197 1847 1239 1906 illi
1252 1845 1356 1928 operati
1375 1845 1504 1923 suisseut3
1495 1845 1576 1905 ·baec
1593 1867 1660 1908 vero

79 1942 168 2018 ρένισι·
182 1939 258 2015 αὕτη
278 1940 310 2002 δί
328 1942 437 2001 πάντων
453 1940 649 2020 θαυμαζόντων,
664 1963 710 2000 του
693 1945 856 2023 θεραπιυ-
911 1890 1037 2000 ombibus
1050 1940 1224 2018 mirantibus,
1235 1940 1283 2000 illo
1296 1939 1345 2018 qui
1358 1953 1466 1999 sanatus
1477 1941 1565 1999 iuerat
1574 1961 1659 2022 prope

78 2033 294 2106 θινιοςπλησίον
307 2037 435 2101 ἱστῶντος·
448 2034 550 2102 αεδινος
561 2030 787 2114 ἀρριύαλλοντος
804 2055 854 2092 κα·
873 2031 1687 2144 t>adstantenullodubrtante,uttuuo,cumqu1damdrce-

78 2125 245 2208 θύτιρτύτε,
259 2124 307 2185 ὅτι
328 2125 428 2206 ίλεγον,
446 2126 486 2186 δτι
509 2122 638 2193 Γλιύκους
657 2124 857 2204 ρσμιστωμένοι
911 2122 990 2184 bant:
984 2127 1101 2184 Musto
1106 2125 1189 2205 piene
1198 2139 1276 2184 sunt
1284 2122 1320 2183 Et
1328 2138 1393 2183 tuuc
1402 2124 1449 2184 ille
1457 2146 1519 2183 eum
1528 2099 1697 2207 apostobs
1695 2108 1754 2146 '¹²
1770 2102 1807 2148 '³'

78 2218 128 2278 είσί
140 2219 197 2278 Καὶ
211 2219 278 2278 τότε
295 2219 427 2298 μετὰτῶν
441 2219 593 2280 ἀποστόλων
606 2218 712 2279 πάντων
723 2216 786 2277 tiu
772 2217 857 2279 δ-ιελέ
911 2215 1038 2276 omnibus
1052 2217 1224 2296 loquebatur,
1236 2237 1307 2276 nunc
1319 2237 1382 2276 cum
1393 2217 1450 2276 solo
1463 2220 1608 2278 Joannez'
1576 2240 1656 2300 ,γοιιι

78 2334 141 2390 γιτο·
161 2315 211 2370 νῦν
230 2311 262 2372 δὲ
290 2312 360 2389 perd
378 2317 424 2373 τοῦ
442 2310 565 2371 Ἰωάννου
586 2309 680 2390 μόνου·
695 2310 786 2370 λοιπὸν
803 2309 855 2391 γὰρ
910 2308 1076 2368 enimilleet
1090 2307 1402 2388 confidentiusloquitur
1416 2322 1442 2369 et
1457 2309 1652 2372 vehementius.

79 2403 217 2485 θιρρεῐιιαλ
226 2403 407 2484 σροδρστιρος
418 2403 528 2485 γίνεται
539 2404 663 2464 Τοιουτον
671 2401 793 2483 γὰρὴα
794 2401 854 2476 eri,
911 2399 987 2461 Tabs
999 2421 1099 2482 quippe
1112 2422 1154 2460 ree
1168 2415 1207 2461 est
1222 2401 1328 2460 virtus:
1346 2400 1424 2460 initio
1439 2415 1527 2461 sumto
1540 2423 1651 2484 progre·
1662 2464 1708 2493 rem
1771 2466 1807 2493 w,

79 2495 155 2574 έργὴν
168 2495 302 2556 λαὸοῦσα
316 2496 435 2576 πρύιισι,
448 2495 495 2555 καί
511 2496 626 2573 ὠδαμοῦ
645 2492 760 2553 ἵσταται.
780 2493 855 2576 Ὅρα
909 2489 1002 2565 ditur,
1020 2504 1047 2551 et
1060 2513 1206 2595 numquam
1226 2491 1340 2595 gradum
1362 2491 1439 2551 sistit.
1457 2491 1529 2554 Vide
1546 2507 1653 2566 autem,
1663 2513 1696 2557 ιι
1691 2466 1791 2560 uptiis„
1796 2533 1806 2544 ·

80 2583 160 2646 tut
147 2587 244 2655 λπῶς
267 2587 519 2670 ᾠκονορηθηέντῷ
532 2585 774 2667 ίιρῷγινέσθιιι
749 2609 780 2648 το
804 2604 855 2658 ση-
889 2581 1043 2662 .quomodo
1061 2584 1200 2665 provisum
1217 2583 1263 2663 sit,
1285 2597 1315 2642 ut
1328 2583 1355 2642 in
1371 2583 1505 2666 templo
1483 2605 1591 2664 signum
1604 2585 1705 2679 ste-‘¹:2⁸
1697 2589 1796 2680 :¹⁸:¹st

80 2688 152 2754 ριῐσι,
164 2678 214 2738 ἵνα
232 2703 284 2738 παι
271 2679 377 2740 ἄλλοι
391 2684 424 2739 θα
425 2677 566 2761 §.prisoner
580 2681 678 2738 Οὐκίν
691 2677 855 2761 παρσῦύστορ
909 2688 959 2751 ret,
976 2689 1007 2734 ut
1027 2675 1074 2735 alu
1084 2676 1257 2737 confiderent
1271 2677 1365 2755 Neque
1374 2697 1446 2735 emm
1460 2677 1595 2757 inangulo
1610 2636 1694 2739 reldu
1798 2662 1806 2680 ’

80 2769 121 2849 rip
139 2769 208 2830 αι’σιύ
222 2794 280 2830 που
294 2769 501 2854 ίργύζσηαιΛ
483 2769 568 2842 breui
587 2769 779 2840 λανθανόντως·
794 2773 853 2831 ἀλλ’
910 2767 980 2827 clam
999 2767 1071 2827 illud
1086 2781 1249 2850 operantur,
1263 2781 1292 2826 at
1315 2788 1401 2846 neque
1419 2768 1489 2828 intra
1506 2770 1653 2851 templum,

80 2860 214 2922 ansam
229 2865 409 2944 ἐντῷίιρῷ,
427 2861 529 2923 ἔνθατδ
542 2853 777 2935 πολὺπλῆθοςῆν.
792 2865 855 2932 Πῶς
910 2857 959 2918 ubr
971 2881 1069 2939 magna
1085 2874 1141 2919 erat
1155 2859 1309 2919 multitudo.
1327 2859 1470 2934 Quomodo
1484 2874 1594 2938 autem,
1612 2862 1655 2921 in-

80 2945 115 3012 ab
126 2954 295 3026 ἐπιστεύθη,
308 2955 404 3036 preb,
417 2954 484 3016 Ὅτι
496 2955 572 3023 αὐτδς
588 2959 603 3014 θ
616 2955 781 3037 θιραπιυθιίς
793 2956 855 3030 iere}-
910 2951 996 3030 quies,
1013 2950 1040 3010 id
1056 2950 1188 3011 creditum
1201 2950 1272 3010 fuir?
1286 2950 1357 3022 Quia
1368 2950 1391 3010 is
1406 2950 1473 3033 ipse,
1486 2951 1534 3031 qui
1547 2965 1656 3013 sanatus

82 3070 147 3127 ριτπε
160 3046 215 3119 τὴν
231 3047 399 3127 εὐεργεσίαν.
424 3043 494 3108 Οὐδὲ
513 3046 565 3129 γὰρ
584 3047 615 3106 θν
635 3046 781 3128 ἐψεύσατο,
800 3048 855 3109 οὐδ’
909 3047 1007 3122 suerat,
1022 3047 1184 3108 beneficium
1199 3045 1374 3128 predicabat.
1390 3048 1482 3127 Neque
1491 3047 1565 3107 cuim
1575 3070 1654 3110 men-

81 3139 156 3197 ule·
167 3140 271 3206 ὒιλους
282 3138 358 3208 τινὰς
371 3131 460 3212 ἦλθεν.
475 3139 554 3200 Ἤτοι
569 3130 627 3215 σύν,
638 3143 675 3208 ὡς
692 3140 855 3221 εὐρυχωρίας
872 3170 891 3217 g
909 3139 975 3199 titus
998 3140 1111 3214 fuisset,
1133 3161 1219 3219 neque
1238 3139 1273 3198 ad
1288 3138 1355 3198 alios
1378 3138 1510 3218 quosdam
1527 3141 1652 3202 venisset.

82 3229 163 3305 νέοις,
173 3234 233 3291 ἐκεῖ
247 3231 282 3291 τὸ
301 3240 412 3310 σημεῖον
427 3231 626 3314 ιῖργύσαντο,ἣ
640 3235 676 3300 ὡς
687 3232 854 3315 κεχωριοριί·
909 3233 997 3314 igitur
1008 3233 1055 3293 ubi
1066 3234 1153 3293 latum
1164 3233 1281 3315 spatium
1300 3247 1366 3310 erat,
1380 3233 1419 3292 ibi
1432 3235 1541 3314 signum
1553 3236 1656 3317 operati

82 3349 115 3384 ror
136 3332 184 3385 τοῦ
208 3325 308 3385 τύπου.
333 3325 387 3384 Καὶ
405 3325 454 3406 δριι
477 3325 507 3385 τὸ
523 3326 670 3405 γενόμενον.
685 3324 745 3406 'Ep’
762 3324 854 3408 ἑτέραν
909 3328 1079 3406 sunt;quasi
1090 3328 1165 3388 locus
1178 3342 1296 3388 semotus
1311 3341 1387 3389 esset.
1403 3327 1439 3387 Et
1451 3328 1524 3403 vide,
1539 3330 1655 3408 quidin-

82 3420 183 3488 θῆλθω
196 3417 349 3498 πρόρσσιν,
364 3416 411 3476 καί
433 3417 510 3499 ἕτερα
529 3418 691 3498 ίργύζονται.
711 3416 792 3478 Οὕτω
809 3419 854 3479 καί
910 3434 982 3482 ctum
995 3420 1039 3479 sit.
1055 3419 1100 3480 ud
1113 3420 1194 3480 aliam
1213 3441 1269 3479 rem
1282 3418 1440 3499 ascendunt,
1453 3434 1477 3480 et
1496 3420 1571 3480 aliud
1586 3442 1655 3504 ope-

81 3507 238 3592 ’Κορνηλιος
253 3510 325 3569 ἄλλα
334 3509 465 3581 νηστεύων
477 3509 583 3590 ηὔχετο,
594 3510 639 3570 καί
651 3511 719 3570 ἄλλα
729 3515 786 3591 δρᾷ.
797 3511 853 3570 Μέ-
910 3528 1012 3573 rantur.
1028 3513 1073 3573 Sic
1084 3527 1110 3572 et
1122 3513 1263 3573 Cornelius
1277 3512 1329 3572 alia
1345 3513 1470 3593 jejunans
1485 3515 1655 3595 precabatur,

59 3602 157 3682 ’γριδὲ
174 3602 239 3662 τότε
265 3609 406 3682 πανταχοῦ
429 3602 474 3661 τὸν
495 3601 608 3683 Χριστὸν
627 3604 781 3682 Ναζωραῖον
795 3607 853 3664 δνο-
909 3620 936 3665 et
962 3605 1016 3665 alia
1035 3604 1119 3665 videt
1143 3606 1279 3664 Hactenus
1305 3604 1406 3684 ubiquc
1429 3606 1568 3666 Christum
1595 3609 1653 3667 Na-

81 3693 210 3768 μιζωσιν.
229 3694 332 3775 Error
346 3693 477 3773 δνύρατι’
479 3697 556 3767 ίησοῦ
570 3696 685 3774 Χριστοῦ
700 3719 744 3755 του
728 3697 852 3764 Ναζω·
909 3719 1033 3758 carenum
1055 3697 1203 3804 appellarit.
1227 3701 1266 3757 Ιιι
1297 3701 1413 3757 nomine
1436 3700 1510 3757 Jesu
1544 3702 1655 3759 ctrtsrt

82 3785 164 3891 ραίου,
186 3787 284 3866 perir,
257 3784 396 3897 νέγειρρι
409 3786 455 3846 καλ
466 3809 612 3865 περιπατει
623 3785 699 3852 Τέως
712 3785 764 3868 γδρ
776 3809 853 3847 τουτο
908 3790 975 3848 Nea
962 3793 1076 3860 areni,
1101 3787 1206 3867 inquit,
1234 3809 1320 3869 surge
1340 3801 1368 3847 et
1390 3789 1519 3847 ambula.
1540 3790 1652 3848 Interim

81 3868 341 3956 ἧντὸζητούριινον,
351 3876 667 3949 τὸπιστευθῆναιαθτύν.
682 3876 774 3951 Μὴδὴ
788 3901 853 3958 προς
907 3879 979 3938 enim
1001 3879 1072 3938 illud
1093 3877 1281 3981 quaerebatur,
1294 3891 1325 3936 ut
1346 3877 1398 3959 ipsi
1417 3878 1580 3937 crederetur
1596 3880 1652 3940 Sed

80 3967 118 4041 τίν
132 3969 481 4048 θρχῆνάποκύγιωμεῦντο
468 3969 673 4048 ιδιηγήματος·
695 3972 753 4030 ἀλλ’
769 3973 792 4029 εί
806 3969 854 4031 καὶ
907 3993 951 4047 ne,
964 3992 1063 4049 quaeso
1073 3984 1150 4030 mitto
1163 3983 1292 4029 orationis
1303 3969 1473 4046 iauseamus
1465 3969 1533 4028 ·scd
1547 3970 1652 4031 etiamsi

81 4059 237 4140 ιπύρθωμά
253 4085 295 4128 τις
311 4061 792 4141 εἰπὼνδιαλίπρ,,παλινύναλάύωμεν
804 4061 852 4135 τὴν
864 4111 891 4150 ,⁶
907 4063 968 4140 quis
983 4075 1043 4143 post
1058 4074 1211 4120 enarratum
1231 4058 1334 4118 sueinus
1350 4057 1472 4135 desinat,
1488 4059 1596 4119 initium
1610 4083 1652 4121 re-

40 4217 42 4223 ,
83 4152 171 4233 ἀργήν.
181 4153 231 4212 Ἂν
252 4154 280 4211 ἐν
302 4151 355 4220 ἕξιν
368 4151 519 4232 γενύιριθα,
535 4152 638 4233 ταχέως
649 4155 714 4233 πρὸς
729 4153 760 4213 τὸ
779 4153 853 4224 τιλος
871 4171 888 4213 ιι
906 4168 1037 4236 petamus.
1049 4154 1079 4212 Si
1090 4152 1157 4211 benc
1166 4151 1255 4210 affecti
1269 4151 1365 4223 simus,
1381 4150 1434 4210 cito
1444 4151 1481 4212 ad
1495 4151 1576 4212 finem
1592 4175 1652 4234 per-

82 4243 186 4322 ίξομεν·
199 4243 309 4324 ταχέως
319 4243 851 4328 πρὸςτὴνκορυρὴνστησύραθα.Σπυιδὴ
907 4246 1068 4321 veniemus,
1095 4245 1147 4304 cito
1177 4243 1283 4304 culmen
1311 4245 1485 4323 attingemus.
1522 4245 1651 4306 Studium

84 4337 138 4416 γθρ,
157 4337 245 4418 ρησί,
269 4336 387 4409 σπουδὴν
407 4347 485 4419 γεννθρ·
494 4381 502 4409 ,
518 4337 563 4397 καὶ
587 4338 700 4419 ρρθυμία
715 4338 852 4419 ῥᾳθυμίαν.
907 4338 988 4414 enim,
1002 4336 1100 4417 inquit,
1114 4336 1235 4396 studium
1248 4349 1367 4415 generat,
1381 4335 1490 4416 ignaria
1505 4337 1652 4417 ignaviam.

84 4429 129 4489 “0
140 4429 238 4510 μιαρόν
249 4454 276 4488 τι
287 4429 471 4512 κατωρθωκὼς
490 4429 569 4490 ἔλαθε
581 4430 748 4511 παράκλησιν
760 4431 803 4491 ἐπὶ
822 4431 853 4490 τὸ
907 4431 962 4502 Qui
987 4430 1124 4489 modicum
1146 4426 1290 4509 quidpiam
1315 4440 1387 4487 recte
1409 4429 1544 4510 patrarit,
1565 4430 1654 4511 majus

87 4525 161 4593 μεῖον
178 4524 278 4595 ἐλθεῖν,
292 4520 339 4581 καί
352 4524 456 4599 μᾶλλον
469 4522 495 4592 ἐξ
509 4522 606 4583 ἐκείνω
625 4521 774 4605 περαιτέρω
795 4548 852 4605 χω·
906 4520 1048 4603 quidpiam
1064 4521 1179 4580 fidenter
1195 4518 1362 4600 aggreditur,
1377 4533 1404 4578 et
1421 4520 1533 4580 ulterius
1553 4522 1650 4587 tendit.

89 4617 165 4691 ρῆσαι.
185 4616 240 4675 Καὶ
260 4613 382 4697 καθάπερ
394 4614 425 4674 τὸ
439 4623 491 4696 πῦρ
503 4615 554 4677 ὅσα
569 4616 601 4675 θν
622 4615 755 4696 ποριλύύῃ
771 4615 851 4693 ξύλα,
907 4619 947 4673 Ac
963 4610 1190 4692 quemadmodum
1206 4611 1277 4691 ignis
1289 4627 1390 4692 quanto
1406 4612 1486 4694 plura
1500 4613 1573 4694 ligna
1594 4636 1653 4674 eor-

88 4706 190 4788 τοσούτιρ
208 4706 385 4788 σφοδρότερον
407 4707 521 4787 γίνεται·
540 4707 608 4768 οὕτω
630 4710 676 4768 καὶ
700 4708 851 4790 προθυμία,
905 4705 979 4787 ripit,
1000 4719 1074 4765 tanto
1096 4703 1279 4765 vehementior
1300 4705 1439 4765 efficiture
1462 4705 1547 4765 sicet
1568 4707 1654 4767 animi

90 4794 193 4865 ίιωςᾶν
213 4798 330 4881 διεγείρῃ
349 4798 493 4880 λογισμούς
509 4799 638 4873 ιύσιύιίς,
651 4800 766 4879 τοσούτῳ
781 4802 851 4878 μᾶλ-
904 4797 994 4857 servor
1010 4811 1109 4875 quanto
1131 4796 1223 4877 plures
1247 4795 1348 4855 excitet
1365 4796 1424 4878 pias
1459 4798 1651 4877 cogitationes,
1714 4822 1804 4866 rm..

93 4888 128 4945 λον
145 4890 208 4950 κατὰ
218 4894 271 4950 τῶν
283 4892 373 4952 ἄλλων
386 4890 531 4960 θπλίζεται.
557 4882 620 4966 Οἶόν
633 4916 660 4950 τι
670 4890 752 4972 λέγω·
768 4891 850 4964 ἱστή-
905 4901 979 4950 tanto
995 4887 1090 4948 fortius
1100 4900 1221 4947 armatur
1231 4885 1362 4948 aduersus
1375 4887 1438 4951 alia.
1454 4888 1580 4971 Exempli
1593 4911 1652 4951 eau·
1662 4894 1714 4930 '¹¹⁰‘
1729 4889 1796 4944 '1¹³⁰'

123 5051 250 5113 δίδῑῑίίίόῑὶὶ
262 5067 303 5115 τῆς
327 5061 385 5125 πρὸς
402 5056 492 5113 αὖτοὺς·
893 5064 955 5108 τότε.

127 5143 135 5165 ‘
148 5129 239 5199 [ἴοιιμιν
248 5140 292 5201 pbr
303 5135 343 5186 οὖν
356 5132 388 5183 D.
401 5135 488 5197 ἷδοιγιιν
498 5134 522 5183 dd
533 5127 610 5199 vulg]
927 5146 937 5170 ⁶
955 5128 1003 5182 Αίίἱ
1014 5137 1025 5186 θ
1038 5137 1082 5200 γὰρ
1093 5138 1174 5200 μικρὸν
1186 5149 1217 5180 τι.

128 5208 189 5260 tatii
206 5219 324 5282 Κορνήλιος
337 5218 423 5275 itroire,
441 5213 522 5276 νιύχιτο
547 5216 584 5262 καὶ
601 5216 710 5271 deffertur.
732 5216 803 5281 μίγρι
822 5215 844 5266 ii

1729 2386 1807 2432 Virtus
1863 2395 1865 2402 ’
