3728 5978
594 536 628 583 lli
654 534 763 583 tenisi.
792 530 839 580 ΑΙ)
865 528 950 577 ll0bl·
978 529 1097 579 nonin.
1125 530 1246 579 xxviii.
1631 533 1698 608 797

131 666 193 726 ναῖς.
210 657 321 729 Ἐπειδὴ
333 656 384 739 γδρ
398 656 499 737 σρόδρα
513 656 619 717 ἐκείνων
633 657 788 738 καθήψατο,
800 653 845 715 tv«
863 651 901 732 μὴ
958 650 1121 714 turiudaeos
1132 652 1299 712 insumentes
1312 651 1452 712 sustinere.
1465 656 1611 733 Postquam
1629 655 1701 714 enim

130 750 236 816 τούτους
259 748 344 831 έπάρῃ
356 754 446 822 τοῦτο,
458 749 632 808 καταστελλει
650 749 732 808 παλιν
750 749 835 807 αὐτῶν
854 742 903 816 τὴν
957 744 1020 804 illos
1033 743 1202 804 vehementer
1213 743 1417 825 perstrinxerat,
1429 765 1463 804 ne
1473 743 1538 804 binc
1550 744 1596 806 isti
1609 745 1701 806 subla·

130 842 266 915 ἀπόνοιαν,
281 840 388 908 ἐκείνοις
407 840 456 917 μὲν
480 839 504 908 ἐξ
527 840 686 919 ἐπαγγελίας
707 839 830 922 πατέριον
847 839 901 896 δει-
958 835 992 895 tis
1004 835 1102 895 animis
1114 848 1211 906 essent,
1223 835 1343 915 ipsorum
1355 856 1449 895 rursus
1461 836 1643 917 arrogantiam
1652 837 1700 898 de

129 932 195 1001 κνθς
208 931 331 1010 διδόμενα
352 931 387 991 τὰ
402 930 566 1010 ἀγαθὰ,τοῖς
580 931 656 1001 dlii
672 935 763 1004 ἐθνῶν,
780 929 809 999 ἐξ
828 928 901 990 iiior
957 924 1179 1006 primit:Judaeis
1200 924 1310 1004 quidem
1329 947 1364 985 ex
1381 927 1559 1007 promissione
1576 928 1700 1009 patribus

128 1026 177 1085 καί
192 1024 389 1106 φιλανθρωπίας
404 1024 497 1101 μόνης·
512 1023 552 1083 διὸ
566 1023 611 1083 καί
628 1025 715 1103 ἔλεγε,
727 1022 771 1084 Tt
791 1023 820 1081 δὲ
840 1019 901 1092 έθνη
956 1017 1025 1077 iacta
1033 1062 1042 1093 ,
1055 1016 1126 1077 bona
1140 1017 1203 1076 dan
1216 1017 1299 1077 luisse
1306 1017 1462 1094 ostendens,
1477 1019 1623 1098 gentilibus
1635 1040 1700 1082 vero

129 1115 198 1197 ὑπὲρ
218 1117 291 1176 ἐλέου
317 1114 426 1183 δοξάσαι
449 1115 494 1174 τδν
508 1114 585 1177 Θεόν.
608 1115 666 1176 Ἵνα
691 1113 719 1174 δέ
743 1112 902 1194 σαφέστερον
957 1130 991 1170 ex
1004 1110 1060 1169 sola
1074 1108 1257 1170 misericordia
1272 1123 1298 1170 et
1311 1110 1490 1190 benignitate:
1502 1110 1564 1172 ideo
1579 1110 1698 1190 dioebrt,

129 1209 242 1286 γένηται
253 1209 283 1267 τό
292 1209 442 1286 λεγόμενον,
455 1210 539 1266 αὐτῶν
554 1205 781 1266 πόλινίάκαισον
793 1207 846 1264 τῶν
856 1208 903 1284 pn·
960 1203 1069 1265 Gentes
1086 1217 1185 1264 antem
1208 1223 1294 1283 snper
1312 1204 1512 1264 misericordia
1531 1205 1700 1287 glorificare

129 1299 233 1378 prison,
244 1301 287 1360 ἵνα
308 1300 393 1378 μάθῃς
403 1298 429 1358 τί
439 1303 495 1358 ieet
504 1299 534 1358 τθ
548 1298 633 1379 Ὑπὲρ
643 1296 767 1372 ἀληθείας
777 1299 847 1358 Θεοῦ
860 1321 903 1378 γε·
958 1297 1065 1355 Deum.
1082 1297 1120 1377 Ut
1132 1316 1197 1356 vero
1210 1295 1308 1356 clarior
1320 1317 1363 1355 res
1377 1296 1423 1373 sit,
1436 1294 1494 1377 ipsa
1508 1318 1603 1357 rursus
1615 1299 1700 1358 verba

113 1393 310 1469 γενῆαθαιτδν
321 1390 437 1470 Χριστὸν
451 1391 569 1450 διάκονον
587 1392 751 1470 περιτομῆς,
763 1388 839 1455 cieri
856 1392 902 1468 βε-
911 1439 948 1477 m
958 1388 1031 1471 audi,
1040 1403 1071 1448 ut
1080 1387 1168 1448 discas
1181 1387 1249 1468 qnid
1262 1388 1307 1462 sit,
1323 1391 1384 1448 Pro
1394 1393 1521 1448 veritate
1536 1391 1595 1450 Dei
1613 1392 1700 1451 Citri-

131 1484 247 1544 ὅαιῶσαι
261 1483 308 1550 τὰς
323 1483 483 1561 ἐπαγγελίας
502 1485 555 1541 τῶν
574 1481 705 1564 πατέρων.
719 1479 756 1540 Τί
776 1483 836 1540 ποτ’
856 1473 900 1540 οὖν
919 1494 940 1539 Α
956 1494 1034 1540 stum
1051 1482 1145 1560 fnisse
1159 1484 1323 1540 ministrnm
1334 1484 1573 1555 circumcisionis,
1588 1484 1624 1542 od
1638 1503 1701 1544 con·

130 1576 188 1636 ἐστί
205 1576 236 1634 τὸ
256 1574 408 1656 εἰρημένον,
420 1572 586 1654 Ἐπαγγιλία
599 1573 664 1655 πρὸς
677 1572 721 1655 τὸν
735 1571 856 1652 Ἀδραδιμ
868 1564 901 1646 ἦν
958 1571 1103 1633 firmandas
1127 1572 1317 1653 promissiones
1330 1586 1448 1653 patrum.
1470 1572 1547 1645 Quid
1565 1594 1630 1655 erpo
1649 1588 1699 1654 est,

130 1667 293 1748 γεγενημένη
306 1666 431 1747 λέγουσα·
443 1668 491 1727 Σολ
501 1664 579 1725 δώσω
592 1664 640 1738 τὴν
651 1667 701 1744 γῆν
712 1663 758 1725 καί
772 1666 810 1744 τῷ
820 1664 903 1746 σπέρ·
956 1664 1032 1742 quod
1045 1665 1165 1724 dicitnr?
1180 1664 1328 1725 Promissio
1348 1663 1505 1726 Abrabamo
1518 1666 1587 1726 iacta
1600 1667 1699 1746 suerat,

131 1759 198 1839 ματέ
211 1784 276 1831 σου,
292 1760 338 1818 καί
351 1764 379 1818 ἐν
391 1764 430 1837 τῷ
445 1758 578 1841 σπέρματί
591 1781 638 1818 σου
653 1756 902 1836 ίνευλογηθήσονται
956 1756 1064 1817 dicens:
1079 1759 1144 1817 Tilri
1157 1759 1234 1816 dabo
1255 1770 1361 1817 terram
1377 1770 1406 1817 et
1419 1763 1526 1818 semini
1540 1772 1600 1834 tuo,
1610 1774 1647 1834 et,
1664 1762 1702 1821 In
1713 1785 1770 1830 Gen.
1784 1796 1851 1843 ¹²·7·

130 1852 220 1913 πάντα
237 1851 272 1912 τὰ
295 1853 366 1925 ἔθνη.
383 1851 451 1911 Ἀλλ’
471 1852 589 1930 ἐγένοντο
610 1850 743 1918 κολάσεως
766 1847 902 1909 θπεόθννοι
956 1853 1066 1908 semine
1077 1861 1127 1908 tuo
1140 1851 1347 1909 benedicentur
1360 1871 1462 1911 omnes
1473 1865 1581 1930 gentes.
1596 1853 1700 1915 Verum
1710 1857 1732 1894 ‘l
1742 1859 1783 1894 ²²·
1802 1845 1837 1891 ¹⁸·

130 1945 200 2023 μετὰ
213 1950 298 2004 ταῦτα
315 1949 339 2005 ol
361 1950 407 2004 τοῦ
424 1943 576 2024 σπέρματος
589 1942 711 2021 ’λόραδμ
729 1941 853 2008 άπαντις.
868 1939 903 2000 Ὁ
957 1952 1048 2022 postea
1070 1954 1203 2020 quotquot
1223 1962 1259 2000 ex
1276 1940 1377 2000 semine
1399 1941 1516 2001 Abrabae
1533 1958 1619 2024 erant,
1639 1945 1701 2006 lacti

129 2037 184 2116 γδρ
194 2035 360 2117 νόμοςόργλν
372 2039 459 2103 αὐτοῖς
470 2032 655 2118 κατειργάζετο
664 2031 902 2115 παραόαινόμενος,
957 2043 1021 2092 sunt
1035 2032 1121 2114 poenis
1146 2033 1267 2094 obnoxii.
1284 2033 1392 2094 Violata
1411 2034 1512 2117 qnippe
1532 2036 1577 2096 lex
1592 2036 1662 2098 iram
1675 2038 1704 2099 in

131 2127 239 2200 καὶτῆς
252 2128 410 2207 ἐπαγγελίας
422 2125 561 2206 ἀπεστέρει
572 2127 665 2186 λοιπδν
681 2124 782 2199 ἐκείνης
794 2128 841 2197 τῆς
852 2128 903 2184 τῶν
958 2123 1020 2185 illos
1040 2125 1195 2198 concitavit,
1205 2139 1232 2185 et
1245 2125 1421 2206 promissione
1435 2127 1560 2207 patribus
1570 2129 1640 2190 beta
1652 2129 1703 2190 de·

130 2220 264 2301 πατέρων.
276 2219 494 2300 Παραγενόμενος
505 2218 590 2278 τοίνυν
604 2224 618 2278 δ
632 2218 695 2286 Υἱὸς
708 2215 852 2298 συνέπραξε
865 2220 905 2300 τῷ
959 2237 1034 2276 mum
1047 2217 1108 2278 illos
1120 2217 1252 2301 privarit.
1268 2216 1423 2278 Adveniens
1436 2219 1521 2300 igitur
1540 2220 1627 2281 Filius
1640 2242 1703 2283 curn
1744 2255 1745 2258 ¹

132 2314 224 2394 Horpl
230 2359 238 2387 ,
254 2317 291 2380 εἰς
303 2313 390 2381 τθτδις
404 2311 563 2393 ἐπαγγελίας
573 2311 675 2379 ἐκείνας
689 2310 905 2386 άληθιῦσαι,καλ
959 2310 1039 2370 Patre
1059 2323 1280 2392 cooperaturos,
1295 2325 1327 2371 ut
1348 2311 1538 2392 promissiones
1559 2313 1613 2373 illae
1632 2335 1704 2374 vera

114 2412 118 2417 ’
134 2409 171 2473 εἰς
183 2405 257 2473 τέλος
269 2405 388 2474 ἐξελθεῖν.
404 2405 498 2464 Πάντα
509 2404 561 2485 γάρ
572 2405 616 2464 τὸν
629 2403 709 2482 νόμον
719 2403 863 2486 πληρώσας
876 2406 904 2464 έν
921 2420 939 2468 Β
958 2401 1237 2483 deprehenderentur,
1254 2417 1281 2463 ct
1298 2403 1334 2463 ad
1354 2404 1479 2464 ellectum
1497 2405 1703 2468 adducerentur.

132 2489 157 2578 ᾧ
171 2498 217 2556 καὶ
229 2498 383 2578 περιτομὴν,
393 2497 438 2557 καὶ
451 2496 533 2576 ταίπη
549 2497 596 2557 καί
607 2497 650 2557 διδ
664 2502 711 2556 τοῦ
727 2500 841 2576 σταυροῦ
856 2499 904 2569 τῆς
960 2495 1112 2557 (lumenim
1126 2497 1213 2578 legem
1223 2517 1330 2557 omnem
1341 2497 1607 2559 etcircumcisionem
1617 2500 1705 2561 adim·

128 2589 250 2668 κατάρας
262 2589 415 2658 ἀπαλλάξας
426 2591 474 2660 τῆς
482 2589 526 2649 inl
536 2592 570 2668 τῇ
581 2587 750 2668 παραόόσει,
761 2592 809 2649 oon
818 2590 904 2674 ἀρῆκε
958 2588 1094 2668 plevisset,
1108 2603 1188 2669 atque
1201 2590 1240 2650 sic
1252 2603 1279 2650 et
1292 2611 1341 2671 per
1352 2611 1458 2650 crucem
1471 2613 1605 2672 quoquea
1618 2595 1703 2654 mole·

133 2682 268 2741 διαπεσεῖν
280 2679 329 2753 τὴν
348 2680 517 2759 έπαγγελίαν.
531 2679 618 2740 Ὅταν
629 2670 673 2741 aiis
693 2679 773 2761 λέγη,
784 2681 903 2741 διάκονον
957 2680 1076 2741 dictione
1088 2704 1136 2763 per
1148 2683 1384 2763 transgressionem
1396 2682 1477 2743 allata
1489 2684 1638 2761 liberasset,
1650 2707 1704 2748 non

130 2780 297 2855 περιτομῆς,
315 2781 391 2834 τοῦτο
403 2774 488 2852 λέγει,
504 2772 545 2834 ότι
567 2773 659 2846 stein,
680 2773 727 2833 rori
749 2773 838 2834 πάντα
858 2772 903 2834 τὸν
958 2774 1082 2856 permisit
1100 2789 1131 2835 ut
1150 2776 1294 2856 promissio
1314 2775 1430 2835 caderet.
1451 2778 1521 2837 Cum
1542 2799 1609 2860 ergo
1624 2779 1702 2857 dicit,

130 2865 211 2943 νόμον
236 2866 397 2947 πληρώσας,
422 2867 468 2926 καί
492 2865 677 2947 περιτμηθελς,
698 2865 743 2924 καλ
767 2864 905 2945 γενόμενος
959 2869 1130 2928 Ministram
1139 2871 1381 2940 circumcisionis,
1392 2867 1444 2934 boc
1453 2867 1507 2927 sibi
1518 2870 1590 2948 vult,
1602 2869 1704 2952 ipsum,

132 2958 241 3037 σπέρμα
264 2964 310 3017 τοῦ
325 2956 461 3037 Ἀθραδιμ,
475 2958 551 3017 ἔλυσε
576 2956 625 3028 τὴν
653 2957 782 3038 κατάραν,
806 2956 904 3018 έπαυαε
960 2980 1022 3019 cum
1036 2959 1153 3021 venisset
1169 2973 1195 3020 et
1207 2973 1292 3019 totam
1305 2959 1392 3039 legem
1412 2958 1706 3041 implevissetaecir·

131 3055 179 3108 τοῦ
192 3053 262 3110 Θεοῦ
271 3049 320 3122 την
334 3049 425 3129 ὀργὴν,
437 3049 599 3122 ἐπιτηδείοις
610 3049 704 3108 λοιπόν
728 3049 905 3121 έποέησετοθς
960 3051 1095 3111 cumcisus
1107 3052 1213 3128 suisset,
1225 3071 1315 3110 semen
1331 3049 1448 3110 Abrabae
1458 3051 1572 3128 factum,
1588 3053 1704 3114 maledi·

131 3142 277 3219 μέλλοντας
286 3144 409 3222 δέχεσθαι
422 3141 471 3215 τὴν
480 3142 649 3222 ἐπαγγελίαν,
658 3141 730 3210 ἅπαξ
737 3143 905 3223 άπαλλαγέν·
960 3146 1075 3205 ctionem
1097 3146 1251 3222 abstulisse,
1272 3145 1343 3205 iram
1358 3145 1410 3205 Dei
1424 3145 1571 3224 sedavisse,
1589 3149 1708 3231 illosque

132 3260 181 3302 τας
189 3241 235 3293 τοῦ
246 3235 494 3315 προσκεκρουκέναι.
507 3234 557 3294 Ἵν’
568 3225 612 3293 aiv
624 3233 661 3311 μὴ
670 3233 783 3314 λέγωσιν
797 3225 869 3296 οὗτοι
880 3240 905 3296 oi
960 3237 1071 3298 demum
1086 3236 1195 3298 idoneos
1209 3237 1338 3312 effecisse,
1351 3237 1400 3317 qui
1416 3238 1620 3319 promissiones
1630 3263 1706 3303 acce·

133 3325 337 3405 ἐγκαλούμενοι,
351 3331 408 3393 πῶς
422 3317 465 3386 οὖν
478 3332 492 3386 δ
506 3327 620 3407 Χριστὸς
640 3326 840 3407 περιετίμνετο,
859 3327 905 3387 καλ
922 3340 942 3391 t.
960 3330 1033 3413 ptun'
1042 3330 1213 3407 erantsemel
1223 3331 1259 3390 ab
1271 3331 1372 3391 oll'ensa
1385 3351 1434 3390 sua
1448 3332 1631 3395 liberatos.Ne
1640 3355 1706 3416 ergo

133 3417 222 3476 πάντα
232 3419 362 3497 τδννόμαν
376 3418 532 3500 έρόλαττεν;
541 3422 577 3486 είς
590 3416 739 3478 τούναντίον
753 3419 818 3478 αθτδ
828 3442 906 3499 περι-
960 3423 1078 3484 dicerent
1086 3423 1115 3496 ii,
1125 3422 1174 3501 qui
1183 3422 1537 3498 accusabantur,Qnomodo
1547 3445 1611 3506 ergo
1625 3425 1706 3486 ctri-
1739 3472 1744 3480 .

133 3510 234 3588 τρέπει.
251 3513 292 3571 Οὐ
306 3512 358 3591 γὰρ
373 3511 439 3570 'ive
452 3511 528 3591 μείνη
545 3509 670 3589 όνόμος,
685 3516 761 3570 τοῦτο
781 3510 905 3585 ἐποίησε,
959 3530 1017 3576 stus
1041 3514 1216 3575 circumcisus
1229 3513 1297 3589 ibit,
1308 3527 1334 3574 et
1346 3527 1430 3574 totam
1452 3514 1540 3595 legem
1558 3516 1705 3599 implevit?

133 3603 223 3682 φησίν,
235 3605 294 3663 ἀλλ’
314 3602 358 3662 ivs
377 3605 454 3663 airis
474 3602 559 3681 λίσῃ,
571 3603 617 3661 καί
643 3604 672 3662 σί
693 3602 834 3681 ἀπαλλάξῃ
857 3605 905 3674 τῆς
959 3609 988 3669 in
999 3608 1163 3669 contrariom
1173 3606 1247 3666 istud
1259 3606 1382 3687 invertit.
1398 3608 1460 3666 Non
1473 3622 1505 3667 ut
1519 3624 1638 3683 maneret
1647 3611 1703 3687 lex,

133 3695 302 3774 ἐπικειμένης
318 3696 449 3777 κατάρας,
471 3695 517 3754 καί
541 3692 703 3774 ἐλευθερώσῃ
725 3695 837 3754 καθελοῦ
856 3700 904 3767 τῆς
959 3701 1011 3761 boc
1024 3701 1099 3775 fecit,
1114 3700 1216 3779 inquit,
1230 3699 1278 3759 sed
1291 3712 1321 3758 ut
1334 3699 1411 3759 illam
1431 3701 1545 3762 solveret
1569 3714 1648 3782 teque
1667 3704 1704 3764 ab

132 3792 219 3867 ἀρχῆς
230 3793 278 3861 τῆς
294 3789 403 3848 ἐκείνου·
419 3787 529 3860 Ἐπειδὴ
544 3785 595 3866 γίιρ
611 3786 644 3845 σὺ
664 3785 785 3866 περέθης
800 3786 845 3846 τὸν
857 3789 903 3847 νό-
959 3795 1116 3854 imminente
1126 3791 1312 3852 maledictione
1321 3792 1530 3873 eriperet‚atque
1542 3815 1558 3853 a
1571 3795 1640 3875 legis
1653 3794 1704 3855 do·

134 3903 194 3958 μον,
208 3881 253 3940 διδι
262 3886 339 3941 τοῦτο
350 3883 445 3946 ἐκεῖνος
457 3879 620 3960 ἐπλήρωσεν,
632 3881 683 3958 οὐχ
694 3877 738 3936 ἵνα
751 3877 784 3938 σθ
795 3879 904 3959 πληρώ·
959 3886 1043 3946 minio
1056 3899 1205 3966 reprensus
1226 3884 1362 3944 liberaret.
1379 3883 1451 3955 Quia
1470 3884 1541 3943 enim
1563 3899 1594 3944 tu
1615 3887 1704 3967 legem

135 3995 199 4048 σης,
216 3972 274 4031 ἀλλ’
289 3970 333 4030 ἵνα
344 3970 442 4037 σοιτίς
459 3970 618 4049 ἐπαγγελίας
632 3969 766 4050 sesanna,
778 3969 824 4038 τίς
839 3969 905 4050 πρθς
959 3992 1139 4056 transgressus
1151 3977 1251 4053 sueres,
1264 3974 1325 4034 ideo
1338 3975 1396 4055 ipse
1410 3975 1485 4034 illorn
1500 3975 1636 4057 implevit,
1649 3999 1703 4039 non

135 4060 195 4130 τοθς
211 4062 344 4142 πατέρας,
366 4064 396 4130 tr
410 4068 424 4122 ὁ
437 4062 516 4140 νόμος
537 4063 669 4120 διαπεσεῖν
690 4060 789 4135 ἐποίει,
803 4060 904 4128 δεικνύς
959 4084 990 4130 ut
1001 4085 1030 4131 ω
1044 4070 1181 4150 impleres,
1194 4067 1240 4128 sed
1255 4066 1351 4127 utribi
1373 4067 1563 4148 promissiones
1579 4071 1703 4150 patribus

136 4180 166 4215 σε
173 4156 399 4234 προσκεκρουκότα
410 4156 455 4215 καί
464 4160 511 4226 τῆς
523 4154 699 4236 κληρονομίας
708 4156 771 4214 ὄντα
781 4154 902 4223 ἀνάξιον·
959 4164 1042 4223 lactas
1052 4161 1231 4235 confirmaret,
1238 4180 1306 4238 quas
1312 4158 1357 4217 lex
1369 4159 1555 4239 abrogaverat,
1561 4161 1703 4223 ostendens

134 4249 259 4309 ὥστεκαὶ
273 4248 305 4308 σὺ
319 4249 387 4309 κατὰ
399 4249 477 4331 χάριν
489 4248 600 4320 ἐσώθης·
615 4249 661 4307 καί
681 4247 733 4327 γὰρ
747 4248 903 4321 ίπιίεθλη-
959 4271 986 4318 τε
999 4254 1143 4317 omnum
1154 4267 1181 4313 er
1190 4251 1337 4312 humitate
1347 4251 1491 4330 indignum
1500 4255 1666 4335 essetisque
1675 4269 1702 4316 et

135 4342 211 4419 μένος
223 4335 264 4415 ἧς.
281 4342 328 4413 Μὴ
340 4342 425 4402 τοίνυν
435 4341 577 4414 cussinis,
591 4334 658 4419 μηδὲ
670 4339 810 4422 φιλονείκει
825 4345 903 4402 ἀντε-
959 4363 988 4409 tu
1011 4370 1059 4430 per
1078 4347 1193 4429 gratiam
1213 4344 1327 4404 salutem
1352 4357 1446 4403 nactus
1467 4357 1584 4406 esrnam
1600 4348 1703 4430 ejectus
1816 4339 1823 4354 ⁸

134 4435 245 4513 χίμειος
259 4434 376 4514 ἀκαίρως
392 4441 438 4494 τοῦ
456 4435 552 4511 νόμον,
573 4433 660 4499 θςκαλ
672 4436 721 4503 τῆς
745 4433 905 4512 ἐπαγγελίας
920 4451 939 4497 t)
958 4464 1024 4503 eras.
1036 4443 1077 4501 Ne
1084 4441 1175 4518 itaque
1184 4436 1317 4516 disceptes
1331 4457 1417 4514 neque
1436 4437 1594 4515 contendas,
1607 4439 1701 4500 intem

135 4525 256 4593 ίίίίειλεί
271 4525 312 4600 in,
326 4528 350 4586 εί
365 4526 402 4605 μθ
422 4532 537 4586 weiss
556 4525 650 4584 ἔπαθεν
668 4525 735 4604 ὑπὲρ
746 4529 794 4584 σοῦ
810 4527 904 4607 6,.Χιρι-
957 4536 1062 4618 pestive
1069 4533 1124 4612 legi
1135 4527 1305 4606 adhaerendo,
1312 4550 1373 4607 quae
1382 4541 1431 4588 tea
1442 4527 1619 4610 promissione
1629 4554 1702 4594 amo·

136 4616 206 4683 ειίς.
218 4616 323 4678 Ἔπαθε
335 4617 362 4676 δὲ
379 4625 477 4688 ταῦτα,
492 4621 539 4677 οὐκ
557 4617 648 4689 ἐπειδὴ
667 4615 699 4678 σί)
714 4616 784 4686 dist<
798 4608 830 4690 θς
849 4640 903 4677 σε)-
958 4628 1049 4699 risset,
1062 4625 1115 4686 nisi
1125 4636 1198 4682 tanta
1212 4643 1261 4702 pro
1275 4633 1302 4679 te
1313 4636 1483 4701 passusesset
1492 4623 1626 4684 Christus
1637 4626 1703 4686 Haec

134 4708 244 4790 τηρίας,
263 4711 321 4768 ἀλλ’
339 4709 409 4770 ὥστε
431 4712 575 4781 ἀληθεῦσαι
592 4708 731 4770 τὸνθεόν.
747 4700 834 4784 Εἶτα,
860 4709 904 4770 ἵνα
958 4740 1039 4801 porro
1053 4737 1146 4799 passm
1155 4727 1205 4788 est,
1217 4734 1270 4773 non
1283 4711 1358 4791 quod
1374 4726 1403 4771 tu
1417 4713 1701 4796 salutedignusesses,

135 4801 173 4880 μὴ
189 4809 266 4862 τοῦτο
289 4801 395 4884 pocior]
415 4801 459 4861 τὸν
479 4802 506 4870 ἐξ
519 4804 609 4875 ἐθνῶν,
630 4803 771 4882 φησί·Τά
797 4802 824 4864 δέ
842 4802 903 4876 ἔθνη
959 4811 1006 4871 sed
1021 4824 1054 4868 nt
1073 4810 1148 4868 Deus
1167 4826 1251 4867 verax
1272 4817 1471 4882 agnosceretur.
1486 4805 1591 4867 Deinde
1603 4828 1637 4867 ne
1650 4809 1702 4871 boe

133 4893 201 4976 ὑπὲρ
214 4894 301 4962 titos<
316 4894 423 4962 δοξάσαι
440 4895 485 4955 τὸν
498 4894 577 4954 Osis.
590 4893 629 4953 Ὃ
643 4894 671 4954 δὲ
691 4894 775 4975 λέγει,
788 4895 904 4956 τοιοῦτόν
959 4902 1089 4985 gentilem
1100 4899 1216 4971 inflaret,
1222 4896 1276 4956 ait:
1287 4896 1315 4954 9.
1328 4896 1437 4956 Gentes
1445 4909 1544 4957 autem
1554 4919 1640 4980 super
1648 4906 1702 4960 mi·

135 4993 220 5049 έστιν·
235 4993 259 5048 oi
272 4990 321 5067 μὲν
333 4989 456 5049 Ἰουδαῖοι
469 4988 539 5049 Ιἰιδιν
556 4991 715 5070 ἐπαγγελίας
731 4982 812 5072 εἶχαν,
824 4995 847 5051 εί
860 4991 905 5051 καλ
958 4996 1118 5058 sericordia
1126 4991 1292 5073 glorificent
1302 4990 1408 5048 Deum.
1419 4989 1477 5048 Hoc
1486 4992 1632 5064 est,Judaei
1641 4996 1702 5074 qui.

137 5088 236 5157 ἀνάξιοι
249 5082 316 5162 ἦσαν
326 5115 333 5128 ·
345 5090 377 5149 σθ
392 5090 419 5151 δὲ
433 5089 492 5151 οὐδὲ
506 5097 599 5162 τοῦτο,
613 5095 671 5152 ἀλλ’
694 5093 747 5153 ἀπὸ
760 5095 907 5174 ριλανθρω·
960 5092 1022 5151 dem
1037 5088 1131 5149 saltem
1141 5082 1330 5166 promissiones
1339 5081 1468 5155 habuere,
1479 5084 1531 5143 etsi
1538 5084 1644 5168 indigni
1659 5110 1701 5150 es·

167 5259 177 5289 a
191 5257 291 5323 [Iidem
307 5269 367 5323 αξιοι
378 5262 492 5328 ἀκοῦσαι]
975 5265 989 5304 ῐι
1006 5259 1094 5313 λίοτεΙ.
1105 5260 1188 5311 minus
1199 5267 1266 5308 recte
1276 5263 1312 5309 καί
1324 5263 1459 5324 διαγγελίας
1477 5256 1530 5328 [stc
1544 5277 1644 5332 quoqtre
1658 5266 1704 5320 Sa-

170 5352 181 5375 ·
194 5338 264 5389 Unus
275 5338 360 5390 Codes
374 5340 410 5405 [et
422 5343 439 5391 λ
455 5341 465 5406 ]
477 5347 512 5393 [να
522 5349 591 5411 μόνη.
944 5341 1002 5405 vill
