<?xml version="1.0" encoding="UTF-8"?>
<!DOCTYPE html PUBLIC "-//W3C//DTD XHTML 1.0 Transitional//EN"
    "http://www.w3.org/TR/xhtml1/DTD/xhtml1-transitional.dtd">
<html xmlns="http://www.w3.org/1999/xhtml" xml:lang="en" lang="en">
 <head>
  <title>
</title>
<meta http-equiv="Content-Type" content="text/html;charset=utf-8" />
  <meta name='ocr-system' content='tesseract 3.04.00' />
  <meta name='ocr-capabilities' content='ocr_page ocr_carea ocr_par ocr_line ocrx_word'/>
</head>
<body>
  <div class='ocr_page' id='page_1' title='image "./sanctipatrisnos01chrygoog_0888.png"; bbox 0 0 3728 5978; ppageno 0'>
   <div class='ocr_carea' id='block_1_1' title="bbox 777 451 1700 545">
    <p class='ocr_par' dir='ltr' id='par_1_1' title="bbox 777 451 1700 545">
     <span class='ocr_line' id='line_1_1' title="bbox 777 451 1700 545; baseline -0.002 -21"><span class='ocrx_word' id='word_1_1' title='bbox 777 473 821 541; x_wconf 82' lang='lat' dir='ltr'>nu</span> <span class='ocrx_word' id='word_1_2' title='bbox 847 476 1083 526; x_wconf 78' lang='lat' dir='ltr'>umurrnnru.</span> <span class='ocrx_word' id='word_1_3' title='bbox 1632 451 1700 545; x_wconf 79' lang='lat'>857</span> 
     </span>
    </p>
   </div>
   <div class='ocr_carea' id='block_1_2' title="bbox 102 583 1852 5027">
    <p class='ocr_par' dir='ltr' id='par_1_2' title="bbox 102 583 1852 5027">
     <span class='ocr_line' id='line_1_2' title="bbox 130 583 1736 684; baseline -0.004 -23"><span class='ocrx_word' id='word_1_4' title='bbox 130 600 230 684; x_wconf 84' lang='grc' dir='ltr'>γυμνὸς</span> <span class='ocrx_word' id='word_1_5' title='bbox 249 598 408 682; x_wconf 81' lang='grc' dir='ltr'>φανήσεται,</span> <span class='ocrx_word' id='word_1_6' title='bbox 421 599 467 659; x_wconf 86' lang='grc' dir='ltr'>καλ</span> <span class='ocrx_word' id='word_1_7' title='bbox 483 598 572 660; x_wconf 90' lang='grc' dir='ltr'>πάντα</span> <span class='ocrx_word' id='word_1_8' title='bbox 595 599 682 679; x_wconf 76' lang='grc' dir='ltr'>γυμνὰ</span> <span class='ocrx_word' id='word_1_9' title='bbox 695 583 749 670; x_wconf 80' lang='grc' dir='ltr'>τοῖς</span> <span class='ocrx_word' id='word_1_10' title='bbox 760 601 905 680; x_wconf 78' lang='grc' dir='ltr'>ὀφθαλμοῖς</span> <span class='ocrx_word' id='word_1_11' title='bbox 959 595 1702 679; x_wconf 64' lang='lat' dir='ltr'>nuduseritatqtreornniaoculisejusnudaessesoimus:</span> <span class='ocrx_word' id='word_1_12' title='bbox 1734 631 1736 634; x_wconf 57' lang='lat'>&gt;</span> 
     </span>
     <span class='ocr_line' id='line_1_3' title="bbox 130 676 1704 761; baseline -0.004 -19"><span class='ocrx_word' id='word_1_13' title='bbox 130 685 227 756; x_wconf 77' lang='grc' dir='ltr'>αὐτοῦ,</span> <span class='ocrx_word' id='word_1_14' title='bbox 241 682 364 759; x_wconf 71' lang='grc' dir='ltr'>οἴδαμεν,</span> <span class='ocrx_word' id='word_1_15' title='bbox 376 679 473 740; x_wconf 65' lang='lat' dir='ltr'>netto</span> <span class='ocrx_word' id='word_1_16' title='bbox 490 689 544 737; x_wconf 80' lang='grc' dir='ltr'>πᾶν</span> <span class='ocrx_word' id='word_1_17' title='bbox 556 678 691 758; x_wconf 81' lang='grc' dir='ltr'>ἔργονκαλ</span> <span class='ocrx_word' id='word_1_18' title='bbox 703 689 779 740; x_wconf 73' lang='grc' dir='ltr'>πᾶσα</span> <span class='ocrx_word' id='word_1_19' title='bbox 797 678 904 761; x_wconf 75' lang='grc' dir='ltr'>πρᾶξις,</span> <span class='ocrx_word' id='word_1_20' title='bbox 959 701 1092 758; x_wconf 88' lang='lat' dir='ltr'>omneque</span> <span class='ocrx_word' id='word_1_21' title='bbox 1119 700 1188 753; x_wconf 85' lang='lat' dir='ltr'>opus</span> <span class='ocrx_word' id='word_1_22' title='bbox 1212 679 1270 739; x_wconf 82' lang='lat' dir='ltr'>sive</span> <span class='ocrx_word' id='word_1_23' title='bbox 1295 677 1397 736; x_wconf 88' lang='lat' dir='ltr'>bonurn</span> <span class='ocrx_word' id='word_1_24' title='bbox 1422 678 1479 736; x_wconf 87' lang='lat' dir='ltr'>sive</span> <span class='ocrx_word' id='word_1_25' title='bbox 1500 676 1621 754; x_wconf 85' lang='lat' dir='ltr'>malum,</span> <span class='ocrx_word' id='word_1_26' title='bbox 1645 677 1704 737; x_wconf 86' lang='lat' dir='ltr'>sive</span> 
     </span>
     <span class='ocr_line' id='line_1_4' title="bbox 130 756 1703 840; baseline -0.003 -19"><span class='ocrx_word' id='word_1_27' title='bbox 130 761 183 822; x_wconf 83' lang='grc' dir='ltr'>κάν</span> <span class='ocrx_word' id='word_1_28' title='bbox 196 785 226 820; x_wconf 88' lang='grc' dir='ltr'>τε</span> <span class='ocrx_word' id='word_1_29' title='bbox 244 759 329 839; x_wconf 80' lang='grc' dir='ltr'>ἀγαθή</span> <span class='ocrx_word' id='word_1_30' title='bbox 351 759 401 818; x_wconf 86' lang='grc' dir='ltr'>κάν</span> <span class='ocrx_word' id='word_1_31' title='bbox 424 781 454 818; x_wconf 87' lang='grc' dir='ltr'>τι</span> <span class='ocrx_word' id='word_1_32' title='bbox 478 757 581 839; x_wconf 86' lang='grc' dir='ltr'>φαθλη,</span> <span class='ocrx_word' id='word_1_33' title='bbox 595 757 647 818; x_wconf 82' lang='grc' dir='ltr'>εἴτε</span> <span class='ocrx_word' id='word_1_34' title='bbox 673 759 755 840; x_wconf 74' lang='grc' dir='ltr'>μικρά</span> <span class='ocrx_word' id='word_1_35' title='bbox 780 757 831 818; x_wconf 84' lang='grc' dir='ltr'>είτε</span> <span class='ocrx_word' id='word_1_36' title='bbox 857 783 904 837; x_wconf 86' lang='grc' dir='ltr'>με·</span> <span class='ocrx_word' id='word_1_37' title='bbox 959 780 1075 840; x_wconf 87' lang='lat' dir='ltr'>parvum</span> <span class='ocrx_word' id='word_1_38' title='bbox 1087 759 1146 819; x_wconf 86' lang='lat' dir='ltr'>sive</span> <span class='ocrx_word' id='word_1_39' title='bbox 1155 762 1296 839; x_wconf 77' lang='lat' dir='ltr'>magnum,</span> <span class='ocrx_word' id='word_1_40' title='bbox 1306 757 1335 816; x_wconf 91' lang='lat' dir='ltr'>in</span> <span class='ocrx_word' id='word_1_41' title='bbox 1346 756 1437 816; x_wconf 90' lang='lat' dir='ltr'>modio</span> <span class='ocrx_word' id='word_1_42' title='bbox 1447 756 1496 815; x_wconf 92' lang='lat' dir='ltr'>illo</span> <span class='ocrx_word' id='word_1_43' title='bbox 1507 756 1622 833; x_wconf 83' lang='lat' dir='ltr'>theatro,</span> <span class='ocrx_word' id='word_1_44' title='bbox 1630 777 1703 839; x_wconf 73' lang='grc' dir='ltr'>ρεα-</span> 
     </span>
     <span class='ocr_line' id='line_1_5' title="bbox 130 836 1705 929; baseline -0.003 -29"><span class='ocrx_word' id='word_1_45' title='bbox 130 842 219 919; x_wconf 89' lang='grc' dir='ltr'>γάλη,</span> <span class='ocrx_word' id='word_1_46' title='bbox 232 843 269 906; x_wconf 79' lang='grc' dir='ltr'>εἰς</span> <span class='ocrx_word' id='word_1_47' title='bbox 281 838 360 916; x_wconf 73' lang='grc' dir='ltr'>μέσον</span> <span class='ocrx_word' id='word_1_48' title='bbox 375 845 421 898; x_wconf 80' lang='grc' dir='ltr'>τοῦ</span> <span class='ocrx_word' id='word_1_49' title='bbox 434 838 543 920; x_wconf 77' lang='grc' dir='ltr'>θεάτρου</span> <span class='ocrx_word' id='word_1_50' title='bbox 557 837 656 898; x_wconf 79' lang='grc' dir='ltr'>ἐκείνω</span> <span class='ocrx_word' id='word_1_51' title='bbox 668 838 712 896; x_wconf 71' lang='lat' dir='ltr'>lul</span> <span class='ocrx_word' id='word_1_52' title='bbox 727 840 847 918; x_wconf 86' lang='grc' dir='ltr'>ἀγγελων</span> <span class='ocrx_word' id='word_1_53' title='bbox 859 838 905 897; x_wconf 81' lang='grc' dir='ltr'>καλ</span> <span class='ocrx_word' id='word_1_54' title='bbox 960 838 1080 898; x_wconf 81' lang='lat' dir='ltr'>sentibus</span> <span class='ocrx_word' id='word_1_55' title='bbox 1093 838 1196 929; x_wconf 89' lang='lat' dir='ltr'>angelis</span> <span class='ocrx_word' id='word_1_56' title='bbox 1211 837 1367 915; x_wconf 85' lang='lat' dir='ltr'>cunctisque</span> <span class='ocrx_word' id='word_1_57' title='bbox 1380 836 1564 926; x_wconf 72' lang='lat' dir='ltr'>potestatibus,</span> <span class='ocrx_word' id='word_1_58' title='bbox 1578 836 1705 915; x_wconf 86' lang='lat' dir='ltr'>omnique</span> 
     </span>
     <span class='ocr_line' id='line_1_6' title="bbox 130 914 1705 999; baseline -0.003 -19"><span class='ocrx_word' id='word_1_59' title='bbox 130 918 240 980; x_wconf 87' lang='grc' dir='ltr'>πάντων</span> <span class='ocrx_word' id='word_1_60' title='bbox 256 919 391 996; x_wconf 74' lang='grc' dir='ltr'>δυνάμεων</span> <span class='ocrx_word' id='word_1_61' title='bbox 412 917 459 976; x_wconf 83' lang='grc' dir='ltr'>καλ</span> <span class='ocrx_word' id='word_1_62' title='bbox 480 916 568 990; x_wconf 88' lang='grc' dir='ltr'>πάσης</span> <span class='ocrx_word' id='word_1_63' title='bbox 592 922 675 990; x_wconf 78' lang='grc' dir='ltr'>πνοῆς</span> <span class='ocrx_word' id='word_1_64' title='bbox 697 917 906 998; x_wconf 71' lang='grc' dir='ltr'>ἀναγινώσκεται</span> <span class='ocrx_word' id='word_1_65' title='bbox 960 917 1079 977; x_wconf 88' lang='lat' dir='ltr'>humano</span> <span class='ocrx_word' id='word_1_66' title='bbox 1099 918 1197 999; x_wconf 75' lang='lat' dir='ltr'>spiritu</span> <span class='ocrx_word' id='word_1_67' title='bbox 1216 918 1329 997; x_wconf 84' lang='lat' dir='ltr'>legetur.</span> <span class='ocrx_word' id='word_1_68' title='bbox 1355 915 1508 976; x_wconf 78' lang='lat' dir='ltr'>Didicirnus</span> <span class='ocrx_word' id='word_1_69' title='bbox 1529 936 1610 997; x_wconf 88' lang='lat' dir='ltr'>porro</span> <span class='ocrx_word' id='word_1_70' title='bbox 1630 914 1705 995; x_wconf 87' lang='lat' dir='ltr'>quod</span> 
     </span>
     <span class='ocr_line' id='line_1_7' title="bbox 132 994 1852 1079; baseline -0.005 -20"><span class='ocrx_word' id='word_1_71' title='bbox 132 997 308 1079; x_wconf 86' lang='grc' dir='ltr'>ἀνθρωπίνης.</span> <span class='ocrx_word' id='word_1_72' title='bbox 324 996 379 1057; x_wconf 81' lang='grc' dir='ltr'>Καὶ</span> <span class='ocrx_word' id='word_1_73' title='bbox 393 1003 470 1056; x_wconf 81' lang='grc' dir='ltr'>τοῦτο</span> <span class='ocrx_word' id='word_1_74' title='bbox 480 997 673 1079; x_wconf 78' lang='grc' dir='ltr'>ἐδιδάχθημεν,</span> <span class='ocrx_word' id='word_1_75' title='bbox 686 995 729 1056; x_wconf 85' lang='grc' dir='ltr'>θτι</span> <span class='ocrx_word' id='word_1_76' title='bbox 741 995 811 1057; x_wconf 80' lang='grc' dir='ltr'>Τίτε</span> <span class='ocrx_word' id='word_1_77' title='bbox 828 996 906 1076; x_wconf 86' lang='grc' dir='ltr'>γενή-</span> <span class='ocrx_word' id='word_1_78' title='bbox 964 999 990 1055; x_wconf 85' lang='grc' dir='ltr'><em>Τ</em></span> <span class='ocrx_word' id='word_1_79' title='bbox 988 1018 1046 1056; x_wconf 84' lang='lat' dir='ltr'>unc</span> <span class='ocrx_word' id='word_1_80' title='bbox 1057 999 1124 1057; x_wconf 78' lang='lat' dir='ltr'>laus</span> <span class='ocrx_word' id='word_1_81' title='bbox 1135 1002 1190 1057; x_wconf 82' lang='lat' dir='ltr'>erit</span> <span class='ocrx_word' id='word_1_82' title='bbox 1201 1000 1359 1077; x_wconf 82' lang='lat' dir='ltr'>unicnique</span> <span class='ocrx_word' id='word_1_83' title='bbox 1368 1017 1388 1055; x_wconf 86' lang='lat' dir='ltr'><em>a</em></span> <span class='ocrx_word' id='word_1_84' title='bbox 1398 998 1474 1068; x_wconf 86' lang='lat' dir='ltr'>Deo,</span> <span class='ocrx_word' id='word_1_85' title='bbox 1494 1008 1519 1055; x_wconf 89' lang='lat' dir='ltr'>et</span> <span class='ocrx_word' id='word_1_86' title='bbox 1530 994 1603 1074; x_wconf 93' lang='lat' dir='ltr'>quod</span> <span class='ocrx_word' id='word_1_87' title='bbox 1621 1015 1704 1055; x_wconf 91' lang='lat' dir='ltr'>unus·</span> <span class='ocrx_word' id='word_1_88' title='bbox 1717 1002 1852 1068; x_wconf 60' lang='lat' dir='ltr'>ocante.</span> 
     </span>
     <span class='ocr_line' id='line_1_8' title="bbox 130 1073 1706 1158; baseline -0.002 -20"><span class='ocrx_word' id='word_1_89' title='bbox 130 1101 209 1138; x_wconf 93' lang='grc' dir='ltr'>σεται</span> <span class='ocrx_word' id='word_1_90' title='bbox 222 1081 237 1136; x_wconf 87' lang='grc' dir='ltr'>θ</span> <span class='ocrx_word' id='word_1_91' title='bbox 251 1077 356 1142; x_wconf 80' lang='grc' dir='ltr'>ἔπαινος</span> <span class='ocrx_word' id='word_1_92' title='bbox 365 1077 469 1158; x_wconf 80' lang='grc' dir='ltr'>ἑκάστιμ</span> <span class='ocrx_word' id='word_1_93' title='bbox 484 1076 536 1135; x_wconf 80' lang='grc' dir='ltr'>ἀπὸ</span> <span class='ocrx_word' id='word_1_94' title='bbox 546 1081 616 1138; x_wconf 81' lang='grc' dir='ltr'>Θεοῦ</span> <span class='ocrx_word' id='word_1_95' title='bbox 625 1115 638 1149; x_wconf 88' lang='grc'>,-</span> <span class='ocrx_word' id='word_1_96' title='bbox 646 1075 692 1136; x_wconf 78' lang='grc' dir='ltr'>καί</span> <span class='ocrx_word' id='word_1_97' title='bbox 702 1074 743 1135; x_wconf 78' lang='lat' dir='ltr'>det</span> <span class='ocrx_word' id='word_1_98' title='bbox 755 1076 864 1142; x_wconf 75' lang='grc' dir='ltr'>ἕκαστος</span> <span class='ocrx_word' id='word_1_99' title='bbox 874 1075 907 1137; x_wconf 71' lang='lat' dir='ltr'>tl</span> <span class='ocrx_word' id='word_1_100' title='bbox 961 1076 1023 1154; x_wconf 82' lang='lat' dir='ltr'>quis</span> <span class='ocrx_word' id='word_1_101' title='bbox 1085 1098 1153 1136; x_wconf 89' lang='lat' dir='ltr'>onus</span> <span class='ocrx_word' id='word_1_102' title='bbox 1164 1096 1245 1136; x_wconf 89' lang='lat' dir='ltr'>suurn</span> <span class='ocrx_word' id='word_1_103' title='bbox 1264 1075 1395 1157; x_wconf 82' lang='lat' dir='ltr'>portabit,</span> <span class='ocrx_word' id='word_1_104' title='bbox 1412 1089 1438 1135; x_wconf 89' lang='lat' dir='ltr'>et</span> <span class='ocrx_word' id='word_1_105' title='bbox 1451 1075 1528 1154; x_wconf 81' lang='lat' dir='ltr'>tiqui</span> <span class='ocrx_word' id='word_1_106' title='bbox 1539 1073 1629 1156; x_wconf 81' lang='lat' dir='ltr'>parati</span> <span class='ocrx_word' id='word_1_107' title='bbox 1641 1089 1706 1135; x_wconf 86' lang='lat' dir='ltr'>sunt</span> 
     </span>
     <span class='ocr_line' id='line_1_9' title="bbox 132 1154 1705 1237; baseline -0.003 -20"><span class='ocrx_word' id='word_1_108' title='bbox 132 1157 200 1217; x_wconf 80' lang='grc' dir='ltr'>ίδιον</span> <span class='ocrx_word' id='word_1_109' title='bbox 214 1155 318 1237; x_wconf 79' lang='grc' dir='ltr'>φορτίον</span> <span class='ocrx_word' id='word_1_110' title='bbox 335 1155 460 1235; x_wconf 82' lang='grc' dir='ltr'>βαστάξει</span> <span class='ocrx_word' id='word_1_111' title='bbox 471 1159 675 1235; x_wconf 79' lang='grc' dir='ltr'>μεμαθήκαμεν,</span> <span class='ocrx_word' id='word_1_112' title='bbox 688 1156 733 1215; x_wconf 79' lang='grc' dir='ltr'>καί</span> <span class='ocrx_word' id='word_1_113' title='bbox 751 1154 792 1215; x_wconf 78' lang='grc' dir='ltr'>ὅτι</span> <span class='ocrx_word' id='word_1_114' title='bbox 801 1159 825 1216; x_wconf 80' lang='grc' dir='ltr'>οἱ</span> <span class='ocrx_word' id='word_1_115' title='bbox 840 1156 907 1215; x_wconf 68' lang='lat' dir='ltr'>drot·</span> <span class='ocrx_word' id='word_1_116' title='bbox 962 1156 1030 1215; x_wconf 86' lang='lat' dir='ltr'>iutra</span> <span class='ocrx_word' id='word_1_117' title='bbox 1053 1170 1101 1216; x_wconf 92' lang='lat' dir='ltr'>unt</span> <span class='ocrx_word' id='word_1_118' title='bbox 1114 1177 1177 1216; x_wconf 88' lang='lat' dir='ltr'>cum</span> <span class='ocrx_word' id='word_1_119' title='bbox 1190 1177 1221 1216; x_wconf 87' lang='lat' dir='ltr'>eo</span> <span class='ocrx_word' id='word_1_120' title='bbox 1234 1157 1263 1215; x_wconf 91' lang='lat' dir='ltr'>in</span> <span class='ocrx_word' id='word_1_121' title='bbox 1275 1169 1371 1215; x_wconf 84' lang='lat' dir='ltr'>aeterna</span> <span class='ocrx_word' id='word_1_122' title='bbox 1383 1154 1567 1230; x_wconf 81' lang='lat' dir='ltr'>tabernacula,</span> <span class='ocrx_word' id='word_1_123' title='bbox 1581 1167 1608 1214; x_wconf 84' lang='lat' dir='ltr'>et</span> <span class='ocrx_word' id='word_1_124' title='bbox 1620 1154 1705 1234; x_wconf 81' lang='lat' dir='ltr'>negli-</span> 
     </span>
     <span class='ocr_line' id='line_1_10' title="bbox 134 1233 1706 1317; baseline 0 -22"><span class='ocrx_word' id='word_1_125' title='bbox 134 1261 181 1315; x_wconf 92' lang='grc' dir='ltr'>μοι</span> <span class='ocrx_word' id='word_1_126' title='bbox 193 1237 355 1315; x_wconf 77' lang='grc' dir='ltr'>εἰσέρχονται</span> <span class='ocrx_word' id='word_1_127' title='bbox 375 1239 432 1312; x_wconf 86' lang='grc' dir='ltr'>μετ’</span> <span class='ocrx_word' id='word_1_128' title='bbox 446 1237 524 1295; x_wconf 81' lang='grc' dir='ltr'>αὐτοῦ</span> <span class='ocrx_word' id='word_1_129' title='bbox 547 1240 584 1303; x_wconf 85' lang='grc' dir='ltr'>εἰς</span> <span class='ocrx_word' id='word_1_130' title='bbox 605 1235 787 1304; x_wconf 67' lang='lat' dir='ltr'>electoribus</span> <span class='ocrx_word' id='word_1_131' title='bbox 808 1235 907 1308; x_wconf 82' lang='grc' dir='ltr'>ακηνάς</span> <span class='ocrx_word' id='word_1_132' title='bbox 961 1235 1086 1314; x_wconf 87' lang='lat' dir='ltr'>gentibus</span> <span class='ocrx_word' id='word_1_133' title='bbox 1100 1248 1176 1317; x_wconf 83' lang='lat' dir='ltr'>porta</span> <span class='ocrx_word' id='word_1_134' title='bbox 1192 1235 1335 1295; x_wconf 77' lang='lat' dir='ltr'>claudetur</span> <span class='ocrx_word' id='word_1_135' title='bbox 1344 1258 1354 1313; x_wconf 73' lang='grc' dir='ltr'>ς</span> <span class='ocrx_word' id='word_1_136' title='bbox 1372 1249 1454 1313; x_wconf 85' lang='lat' dir='ltr'>utque</span> <span class='ocrx_word' id='word_1_137' title='bbox 1468 1233 1544 1313; x_wconf 88' lang='lat' dir='ltr'>quod</span> <span class='ocrx_word' id='word_1_138' title='bbox 1556 1233 1706 1295; x_wconf 75' lang='lat' dir='ltr'>terribilius</span> 
     </span>
     <span class='ocr_line' id='line_1_11' title="bbox 133 1312 1706 1397; baseline -0.001 -21"><span class='ocrx_word' id='word_1_139' title='bbox 133 1316 329 1393; x_wconf 80' lang='grc' dir='ltr'>ίπιστώθημεν,</span> <span class='ocrx_word' id='word_1_140' title='bbox 343 1315 389 1374; x_wconf 82' lang='grc' dir='ltr'>καί</span> <span class='ocrx_word' id='word_1_141' title='bbox 403 1315 444 1374; x_wconf 81' lang='grc' dir='ltr'>δτι</span> <span class='ocrx_word' id='word_1_142' title='bbox 466 1323 520 1382; x_wconf 89' lang='grc' dir='ltr'>τοῖς</span> <span class='ocrx_word' id='word_1_143' title='bbox 540 1315 666 1396; x_wconf 71' lang='grc' dir='ltr'>ῥαθύμοις</span> <span class='ocrx_word' id='word_1_144' title='bbox 689 1320 706 1387; x_wconf 80' lang='grc' dir='ltr'>ἡ</span> <span class='ocrx_word' id='word_1_145' title='bbox 729 1315 794 1396; x_wconf 78' lang='grc' dir='ltr'>θίρα</span> <span class='ocrx_word' id='word_1_146' title='bbox 809 1314 907 1374; x_wconf 83' lang='grc' dir='ltr'>ἀποκί-</span> <span class='ocrx_word' id='word_1_147' title='bbox 960 1327 1000 1374; x_wconf 85' lang='lat' dir='ltr'>est</span> <span class='ocrx_word' id='word_1_148' title='bbox 1010 1314 1112 1389; x_wconf 85' lang='lat' dir='ltr'>dicam,</span> <span class='ocrx_word' id='word_1_149' title='bbox 1126 1316 1259 1397; x_wconf 87' lang='lat' dir='ltr'>supplicia</span> <span class='ocrx_word' id='word_1_150' title='bbox 1270 1315 1351 1374; x_wconf 82' lang='lat' dir='ltr'>finem</span> <span class='ocrx_word' id='word_1_151' title='bbox 1362 1335 1416 1374; x_wconf 92' lang='lat' dir='ltr'>non</span> <span class='ocrx_word' id='word_1_152' title='bbox 1426 1314 1536 1391; x_wconf 86' lang='lat' dir='ltr'>babent,</span> <span class='ocrx_word' id='word_1_153' title='bbox 1549 1312 1597 1373; x_wconf 85' lang='lat' dir='ltr'>sed</span> <span class='ocrx_word' id='word_1_154' title='bbox 1615 1314 1642 1373; x_wconf 92' lang='lat' dir='ltr'>in</span> <span class='ocrx_word' id='word_1_155' title='bbox 1656 1335 1706 1374; x_wconf 75' lang='lat' dir='ltr'>se·</span> 
     </span>
     <span class='ocr_line' id='line_1_12' title="bbox 102 1378 1704 1477; baseline -0.002 -22"><span class='ocrx_word' id='word_1_156' title='bbox 102 1378 112 1399; x_wconf 52' lang='lat'>⁸</span> <span class='ocrx_word' id='word_1_157' title='bbox 134 1398 257 1455; x_wconf 84' lang='grc' dir='ltr'>κλαισται</span> <span class='ocrx_word' id='word_1_158' title='bbox 280 1397 327 1454; x_wconf 88' lang='grc' dir='ltr'>οθκ</span> <span class='ocrx_word' id='word_1_159' title='bbox 347 1394 452 1454; x_wconf 82' lang='grc' dir='ltr'>ἔλαθεν·</span> <span class='ocrx_word' id='word_1_160' title='bbox 467 1394 511 1453; x_wconf 80' lang='grc' dir='ltr'>ἵνα</span> <span class='ocrx_word' id='word_1_161' title='bbox 530 1395 561 1455; x_wconf 84' lang='grc' dir='ltr'>τὸ</span> <span class='ocrx_word' id='word_1_162' title='bbox 574 1393 752 1477; x_wconf 80' lang='grc' dir='ltr'>φοθερώτερον</span> <span class='ocrx_word' id='word_1_163' title='bbox 766 1394 849 1471; x_wconf 87' lang='grc' dir='ltr'>είπω,</span> <span class='ocrx_word' id='word_1_164' title='bbox 865 1394 907 1455; x_wconf 85' lang='grc' dir='ltr'>θτι</span> <span class='ocrx_word' id='word_1_165' title='bbox 961 1393 1022 1453; x_wconf 85' lang='lat' dir='ltr'>cula</span> <span class='ocrx_word' id='word_1_166' title='bbox 1046 1395 1152 1455; x_wconf 83' lang='lat' dir='ltr'>infinita</span> <span class='ocrx_word' id='word_1_167' title='bbox 1174 1394 1366 1468; x_wconf 88' lang='lat' dir='ltr'>extenduntur,</span> <span class='ocrx_word' id='word_1_168' title='bbox 1386 1407 1418 1454; x_wconf 93' lang='lat' dir='ltr'>ut</span> <span class='ocrx_word' id='word_1_169' title='bbox 1438 1393 1516 1452; x_wconf 90' lang='lat' dir='ltr'>nobis</span> <span class='ocrx_word' id='word_1_170' title='bbox 1537 1390 1704 1453; x_wconf 76' lang='lat' dir='ltr'>declaratum</span> 
     </span>
     <span class='ocr_line' id='line_1_13' title="bbox 133 1472 1705 1554; baseline -0.001 -20"><span class='ocrx_word' id='word_1_171' title='bbox 133 1475 209 1541; x_wconf 79' lang='grc' dir='ltr'>τέλος</span> <span class='ocrx_word' id='word_1_172' title='bbox 221 1478 248 1533; x_wconf 82' lang='grc' dir='ltr'>αἱ</span> <span class='ocrx_word' id='word_1_173' title='bbox 264 1474 386 1542; x_wconf 87' lang='grc' dir='ltr'>κολάσεις</span> <span class='ocrx_word' id='word_1_174' title='bbox 396 1477 443 1534; x_wconf 83' lang='grc' dir='ltr'>οὐκ</span> <span class='ocrx_word' id='word_1_175' title='bbox 457 1473 573 1554; x_wconf 85' lang='grc' dir='ltr'>ἔχουσιν,</span> <span class='ocrx_word' id='word_1_176' title='bbox 588 1476 646 1534; x_wconf 88' lang='grc' dir='ltr'>ἀλλ’</span> <span class='ocrx_word' id='word_1_177' title='bbox 659 1477 695 1540; x_wconf 82' lang='grc' dir='ltr'>είς</span> <span class='ocrx_word' id='word_1_178' title='bbox 711 1474 835 1554; x_wconf 77' lang='grc' dir='ltr'>ἀπείρως</span> <span class='ocrx_word' id='word_1_179' title='bbox 845 1476 907 1533; x_wconf 86' lang='grc' dir='ltr'>αἰῶ-</span> <span class='ocrx_word' id='word_1_180' title='bbox 961 1487 1021 1546; x_wconf 87' lang='lat' dir='ltr'>est;</span> <span class='ocrx_word' id='word_1_181' title='bbox 1038 1488 1066 1534; x_wconf 88' lang='lat' dir='ltr'>et</span> <span class='ocrx_word' id='word_1_182' title='bbox 1106 1475 1162 1534; x_wconf 93' lang='lat' dir='ltr'>uod</span> <span class='ocrx_word' id='word_1_183' title='bbox 1184 1494 1276 1534; x_wconf 83' lang='lat' dir='ltr'>omnes</span> <span class='ocrx_word' id='word_1_184' title='bbox 1298 1473 1364 1533; x_wconf 91' lang='lat' dir='ltr'>nudi</span> <span class='ocrx_word' id='word_1_185' title='bbox 1383 1487 1446 1533; x_wconf 91' lang='lat' dir='ltr'>ante</span> <span class='ocrx_word' id='word_1_186' title='bbox 1461 1472 1582 1532; x_wconf 87' lang='lat' dir='ltr'>tribunal</span> <span class='ocrx_word' id='word_1_187' title='bbox 1602 1472 1705 1533; x_wconf 82' lang='lat' dir='ltr'>Christi</span> 
     </span>
     <span class='ocr_line' id='line_1_14' title="bbox 134 1496 1706 1633; baseline 0 -20"><span class='ocrx_word' id='word_1_188' title='bbox 134 1578 183 1620; x_wconf 93' lang='grc' dir='ltr'>νας</span> <span class='ocrx_word' id='word_1_189' title='bbox 204 1553 413 1633; x_wconf 88' lang='grc' dir='ltr'>παρατείνουσιν,</span> <span class='ocrx_word' id='word_1_190' title='bbox 431 1553 551 1626; x_wconf 78' lang='grc' dir='ltr'>ἐδηλώθη</span> <span class='ocrx_word' id='word_1_191' title='bbox 574 1560 654 1631; x_wconf 82' lang='grc' dir='ltr'>ἡμῖν·</span> <span class='ocrx_word' id='word_1_192' title='bbox 678 1553 725 1612; x_wconf 78' lang='grc' dir='ltr'>καὶ</span> <span class='ocrx_word' id='word_1_193' title='bbox 747 1553 788 1613; x_wconf 85' lang='grc' dir='ltr'>θτι</span> <span class='ocrx_word' id='word_1_194' title='bbox 810 1554 907 1622; x_wconf 87' lang='grc' dir='ltr'>πάντες</span> <span class='ocrx_word' id='word_1_195' title='bbox 924 1567 943 1615; x_wconf 84' lang='lat' dir='ltr'>c</span> <span class='ocrx_word' id='word_1_196' title='bbox 960 1496 1115 1614; x_wconf 85' lang='lat' dir='ltr'>adducendi</span> <span class='ocrx_word' id='word_1_197' title='bbox 1128 1555 1224 1631; x_wconf 89' lang='lat' dir='ltr'>simus,</span> <span class='ocrx_word' id='word_1_198' title='bbox 1241 1568 1271 1613; x_wconf 94' lang='lat' dir='ltr'>ut</span> <span class='ocrx_word' id='word_1_199' title='bbox 1285 1554 1470 1633; x_wconf 84' lang='lat' dir='ltr'>unusquisque</span> <span class='ocrx_word' id='word_1_200' title='bbox 1487 1552 1585 1613; x_wconf 59' lang='lat' dir='ltr'>reserat</span> <span class='ocrx_word' id='word_1_201' title='bbox 1609 1572 1706 1613; x_wconf 66' lang='lat' dir='ltr'>secun</span> 
     </span>
     <span class='ocr_line' id='line_1_15' title="bbox 134 1630 1707 1714; baseline 0 -22"><span class='ocrx_word' id='word_1_202' title='bbox 134 1632 231 1713; x_wconf 83' lang='grc' dir='ltr'>γυμνολ</span> <span class='ocrx_word' id='word_1_203' title='bbox 244 1631 470 1711; x_wconf 80' lang='grc' dir='ltr'>παραστησόμεθα</span> <span class='ocrx_word' id='word_1_204' title='bbox 483 1637 522 1712; x_wconf 82' lang='grc' dir='ltr'>τῷ</span> <span class='ocrx_word' id='word_1_205' title='bbox 541 1633 644 1711; x_wconf 85' lang='grc' dir='ltr'>βήυατι</span> <span class='ocrx_word' id='word_1_206' title='bbox 659 1638 705 1692; x_wconf 63' lang='grc' dir='ltr'>τοῦ</span> <span class='ocrx_word' id='word_1_207' title='bbox 717 1635 849 1713; x_wconf 77' lang='grc' dir='ltr'>Χριστοῦ,</span> <span class='ocrx_word' id='word_1_208' title='bbox 863 1633 910 1692; x_wconf 81' lang='grc' dir='ltr'>ἳνα</span> <span class='ocrx_word' id='word_1_209' title='bbox 961 1630 1028 1710; x_wconf 79' lang='lat' dir='ltr'>dum</span> <span class='ocrx_word' id='word_1_210' title='bbox 1048 1654 1129 1714; x_wconf 83' lang='lat' dir='ltr'>opera</span> <span class='ocrx_word' id='word_1_211' title='bbox 1146 1655 1214 1709; x_wconf 82' lang='lat' dir='ltr'>sua3</span> <span class='ocrx_word' id='word_1_212' title='bbox 1232 1632 1358 1713; x_wconf 88' lang='lat' dir='ltr'>quodque</span> <span class='ocrx_word' id='word_1_213' title='bbox 1374 1632 1509 1714; x_wconf 88' lang='lat' dir='ltr'>judicium</span> <span class='ocrx_word' id='word_1_214' title='bbox 1525 1631 1584 1691; x_wconf 89' lang='lat' dir='ltr'>sine</span> <span class='ocrx_word' id='word_1_215' title='bbox 1596 1631 1707 1692; x_wconf 65' lang='lat' dir='ltr'>miseri-⁸</span> 
     </span>
     <span class='ocr_line' id='line_1_16' title="bbox 136 1709 1706 1823; baseline -0.001 -51"><span class='ocrx_word' id='word_1_216' title='bbox 136 1712 282 1791; x_wconf 76' lang='grc' dir='ltr'>κομίσηται</span> <span class='ocrx_word' id='word_1_217' title='bbox 295 1711 405 1780; x_wconf 71' lang='grc' dir='ltr'>ἕκαστος</span> <span class='ocrx_word' id='word_1_218' title='bbox 419 1712 443 1772; x_wconf 90' lang='grc' dir='ltr'>εί</span> <span class='ocrx_word' id='word_1_219' title='bbox 463 1736 489 1771; x_wconf 89' lang='grc' dir='ltr'>τι</span> <span class='ocrx_word' id='word_1_220' title='bbox 508 1711 631 1823; x_wconf 34' lang='grc' dir='ltr'>ἔπραγρν,</span> <span class='ocrx_word' id='word_1_221' title='bbox 643 1710 689 1771; x_wconf 82' lang='grc' dir='ltr'>καί</span> <span class='ocrx_word' id='word_1_222' title='bbox 703 1719 779 1813; x_wconf 70' lang='grc' dir='ltr'>τορτο</span> <span class='ocrx_word' id='word_1_223' title='bbox 791 1713 907 1786; x_wconf 77' lang='grc' dir='ltr'>ηκοιίσα-</span> <span class='ocrx_word' id='word_1_224' title='bbox 963 1710 1055 1802; x_wconf 83' lang='lat' dir='ltr'>cordia</span> <span class='ocrx_word' id='word_1_225' title='bbox 1072 1713 1194 1771; x_wconf 82' lang='lat' dir='ltr'>futurum</span> <span class='ocrx_word' id='word_1_226' title='bbox 1208 1713 1255 1787; x_wconf 90' lang='lat' dir='ltr'>sit,</span> <span class='ocrx_word' id='word_1_227' title='bbox 1274 1714 1384 1792; x_wconf 81' lang='lat' dir='ltr'>ipseque</span> <span class='ocrx_word' id='word_1_228' title='bbox 1396 1726 1527 1803; x_wconf 72' lang='lat' dir='ltr'>venturus</span> <span class='ocrx_word' id='word_1_229' title='bbox 1539 1710 1575 1771; x_wconf 90' lang='lat' dir='ltr'>sit</span> <span class='ocrx_word' id='word_1_230' title='bbox 1582 1709 1706 1791; x_wconf 77' lang='lat' dir='ltr'>judicare</span> 
     </span>
     <span class='ocr_line' id='line_1_17' title="bbox 136 1789 1707 1953; baseline -0.003 -20"><span class='ocrx_word' id='word_1_231' title='bbox 136 1790 908 1953; x_wconf 55' lang='lat' dir='ltr'>t‘tttltt‘tttltttl‘tt„tttt‘lttt‘ttl</span> <span class='ocrx_word' id='word_1_232' title='bbox 962 1789 1707 1951; x_wconf 50' lang='lat' dir='ltr'>tt}tttttat‘ttl‘tttttttnttttt</span> 
     </span>
     <span class='ocr_line' id='line_1_18' title="bbox 136 1948 1770 2031; baseline -0.002 -21"><span class='ocrx_word' id='word_1_233' title='bbox 136 1951 243 2031; x_wconf 68' lang='grc' dir='ltr'>ἑκάστῳ</span> <span class='ocrx_word' id='word_1_234' title='bbox 264 1950 334 2010; x_wconf 79' lang='grc' dir='ltr'>κατὰ</span> <span class='ocrx_word' id='word_1_235' title='bbox 345 1950 379 2009; x_wconf 75' lang='lat' dir='ltr'>el</span> <span class='ocrx_word' id='word_1_236' title='bbox 397 1949 462 2031; x_wconf 81' lang='grc' dir='ltr'>ἔργα</span> <span class='ocrx_word' id='word_1_237' title='bbox 475 1953 569 2020; x_wconf 83' lang='grc' dir='ltr'>αθτοῦ,</span> <span class='ocrx_word' id='word_1_238' title='bbox 582 1954 640 2010; x_wconf 87' lang='grc' dir='ltr'>καθ’</span> <span class='ocrx_word' id='word_1_239' title='bbox 655 1950 770 2024; x_wconf 76' lang='grc' dir='ltr'>ἑκάστην</span> <span class='ocrx_word' id='word_1_240' title='bbox 789 1950 833 2011; x_wconf 79' lang='grc' dir='ltr'>ἐπί</span> <span class='ocrx_word' id='word_1_241' title='bbox 847 1949 909 2010; x_wconf 86' lang='grc' dir='ltr'>στά-</span> <span class='ocrx_word' id='word_1_242' title='bbox 965 1963 1198 2030; x_wconf 86' lang='lat' dir='ltr'>muspeecatorem</span> <span class='ocrx_word' id='word_1_243' title='bbox 1205 1969 1323 2026; x_wconf 87' lang='lat' dir='ltr'>omnem,</span> <span class='ocrx_word' id='word_1_244' title='bbox 1336 1949 1383 2027; x_wconf 90' lang='lat' dir='ltr'>qui</span> <span class='ocrx_word' id='word_1_245' title='bbox 1393 1948 1428 2007; x_wconf 92' lang='lat' dir='ltr'>de</span> <span class='ocrx_word' id='word_1_246' title='bbox 1435 1948 1591 2030; x_wconf 85' lang='lat' dir='ltr'>poeniteutia</span> <span class='ocrx_word' id='word_1_247' title='bbox 1600 1948 1707 2028; x_wconf 88' lang='lat' dir='ltr'>agenda</span> <span class='ocrx_word' id='word_1_248' title='bbox 1767 2002 1770 2007; x_wconf 89' lang='lat'><em>.</em></span> 
     </span>
     <span class='ocr_line' id='line_1_19' title="bbox 137 2027 1705 2110; baseline -0.001 -21"><span class='ocrx_word' id='word_1_249' title='bbox 137 2054 222 2108; x_wconf 82' lang='grc' dir='ltr'>ματος</span> <span class='ocrx_word' id='word_1_250' title='bbox 233 2029 358 2110; x_wconf 77' lang='grc' dir='ltr'>φέρομεν·</span> <span class='ocrx_word' id='word_1_251' title='bbox 374 2030 469 2089; x_wconf 78' lang='grc' dir='ltr'>καλδτι</span> <span class='ocrx_word' id='word_1_252' title='bbox 482 2039 534 2096; x_wconf 79' lang='grc' dir='ltr'>πᾶς</span> <span class='ocrx_word' id='word_1_253' title='bbox 548 2030 703 2110; x_wconf 72' lang='grc' dir='ltr'>ἁμαρτήσας</span> <span class='ocrx_word' id='word_1_254' title='bbox 714 2031 760 2089; x_wconf 78' lang='grc' dir='ltr'>καί</span> <span class='ocrx_word' id='word_1_255' title='bbox 774 2029 910 2107; x_wconf 79' lang='grc' dir='ltr'>ἀμελήσας</span> <span class='ocrx_word' id='word_1_256' title='bbox 965 2048 1018 2087; x_wconf 89' lang='lat' dir='ltr'>non</span> <span class='ocrx_word' id='word_1_257' title='bbox 1040 2029 1186 2105; x_wconf 82' lang='lat' dir='ltr'>curaverit,</span> <span class='ocrx_word' id='word_1_258' title='bbox 1206 2029 1234 2088; x_wconf 93' lang='lat' dir='ltr'>in</span> <span class='ocrx_word' id='word_1_259' title='bbox 1252 2028 1418 2109; x_wconf 85' lang='lat' dir='ltr'>supplicium</span> <span class='ocrx_word' id='word_1_260' title='bbox 1434 2041 1565 2088; x_wconf 70' lang='lat' dir='ltr'>aeternum</span> <span class='ocrx_word' id='word_1_261' title='bbox 1582 2027 1705 2093; x_wconf 82' lang='lat' dir='ltr'>immitti.</span> 
     </span>
     <span class='ocr_line' id='line_1_20' title="bbox 137 2106 1709 2188; baseline -0.001 -20"><span class='ocrx_word' id='word_1_262' title='bbox 137 2114 187 2180; x_wconf 83' lang='grc' dir='ltr'>τῆς</span> <span class='ocrx_word' id='word_1_263' title='bbox 197 2107 351 2187; x_wconf 79' lang='grc' dir='ltr'>μετανοίας,</span> <span class='ocrx_word' id='word_1_264' title='bbox 361 2113 399 2175; x_wconf 81' lang='grc' dir='ltr'>τίς</span> <span class='ocrx_word' id='word_1_265' title='bbox 408 2109 518 2169; x_wconf 81' lang='grc' dir='ltr'>κόλασιν</span> <span class='ocrx_word' id='word_1_266' title='bbox 532 2109 636 2169; x_wconf 83' lang='grc' dir='ltr'>αἰώνιον</span> <span class='ocrx_word' id='word_1_267' title='bbox 651 2109 832 2188; x_wconf 73' lang='grc' dir='ltr'>ἐκπέμπεται,</span> <span class='ocrx_word' id='word_1_268' title='bbox 843 2109 910 2168; x_wconf 89' lang='grc' dir='ltr'>πάν·</span> <span class='ocrx_word' id='word_1_269' title='bbox 966 2106 1031 2165; x_wconf 63' lang='lat' dir='ltr'>llaec</span> <span class='ocrx_word' id='word_1_270' title='bbox 1048 2109 1139 2168; x_wconf 87' lang='lat' dir='ltr'>omnia</span> <span class='ocrx_word' id='word_1_271' title='bbox 1147 2129 1215 2167; x_wconf 90' lang='lat' dir='ltr'>cum</span> <span class='ocrx_word' id='word_1_272' title='bbox 1228 2122 1300 2167; x_wconf 86' lang='lat' dir='ltr'>certo</span> <span class='ocrx_word' id='word_1_273' title='bbox 1311 2107 1438 2176; x_wconf 81' lang='lat' dir='ltr'>sciamus,</span> <span class='ocrx_word' id='word_1_274' title='bbox 1465 2128 1513 2172; x_wconf 85' lang='lat' dir='ltr'>cur</span> <span class='ocrx_word' id='word_1_275' title='bbox 1527 2127 1580 2179; x_wconf 85' lang='lat' dir='ltr'>non</span> <span class='ocrx_word' id='word_1_276' title='bbox 1600 2121 1709 2167; x_wconf 88' lang='lat' dir='ltr'>oontre-</span> 
     </span>
     <span class='ocr_line' id='line_1_21' title="bbox 137 2185 1709 2268; baseline 0 -21"><span class='ocrx_word' id='word_1_277' title='bbox 137 2212 183 2256; x_wconf 86' lang='grc' dir='ltr'>τες</span> <span class='ocrx_word' id='word_1_278' title='bbox 205 2187 327 2266; x_wconf 62' lang='grc' dir='ltr'>οἴδαμεν.</span> <span class='ocrx_word' id='word_1_279' title='bbox 345 2191 439 2249; x_wconf 81' lang='grc' dir='ltr'>Ταῦτα</span> <span class='ocrx_word' id='word_1_280' title='bbox 459 2188 548 2248; x_wconf 91' lang='grc' dir='ltr'>πάντα</span> <span class='ocrx_word' id='word_1_281' title='bbox 573 2189 697 2268; x_wconf 83' lang='grc' dir='ltr'>ἀσφαλῶς</span> <span class='ocrx_word' id='word_1_282' title='bbox 721 2187 909 2266; x_wconf 75' lang='grc' dir='ltr'>ἐπιστάμενοι,</span> <span class='ocrx_word' id='word_1_283' title='bbox 965 2185 1123 2246; x_wconf 74' lang='lat' dir='ltr'>missimus?</span> <span class='ocrx_word' id='word_1_284' title='bbox 1138 2207 1186 2246; x_wconf 88' lang='lat' dir='ltr'>cur</span> <span class='ocrx_word' id='word_1_285' title='bbox 1199 2206 1254 2246; x_wconf 87' lang='lat' dir='ltr'>non</span> <span class='ocrx_word' id='word_1_286' title='bbox 1265 2187 1409 2264; x_wconf 82' lang='lat' dir='ltr'>lugemus?</span> <span class='ocrx_word' id='word_1_287' title='bbox 1424 2207 1472 2244; x_wconf 92' lang='lat' dir='ltr'>cur</span> <span class='ocrx_word' id='word_1_288' title='bbox 1483 2206 1536 2245; x_wconf 93' lang='lat' dir='ltr'>non</span> <span class='ocrx_word' id='word_1_289' title='bbox 1549 2200 1709 2262; x_wconf 23' lang='lat' dir='ltr'>nosgmutuo</span> 
     </span>
     <span class='ocr_line' id='line_1_22' title="bbox 138 2264 1711 2348; baseline -0.001 -21"><span class='ocrx_word' id='word_1_290' title='bbox 138 2270 197 2334; x_wconf 83' lang='grc' dir='ltr'>πῶς</span> <span class='ocrx_word' id='word_1_291' title='bbox 214 2270 244 2326; x_wconf 82' lang='grc' dir='ltr'>οὐ</span> <span class='ocrx_word' id='word_1_292' title='bbox 263 2265 411 2346; x_wconf 79' lang='grc' dir='ltr'>τρίμομεν;</span> <span class='ocrx_word' id='word_1_293' title='bbox 427 2269 546 2335; x_wconf 58' lang='grc' dir='ltr'>πῶςὀθκ</span> <span class='ocrx_word' id='word_1_294' title='bbox 571 2267 732 2348; x_wconf 75' lang='grc' dir='ltr'>θδυρόμεθας</span> <span class='ocrx_word' id='word_1_295' title='bbox 747 2272 803 2335; x_wconf 82' lang='grc' dir='ltr'>πῶς</span> <span class='ocrx_word' id='word_1_296' title='bbox 817 2269 846 2326; x_wconf 86' lang='grc' dir='ltr'>οὗ</span> <span class='ocrx_word' id='word_1_297' title='bbox 860 2269 911 2326; x_wconf 86' lang='grc' dir='ltr'>διε·</span> <span class='ocrx_word' id='word_1_298' title='bbox 965 2265 1116 2326; x_wconf 84' lang='lat' dir='ltr'>excitamus</span> <span class='ocrx_word' id='word_1_299' title='bbox 1125 2266 1236 2326; x_wconf 88' lang='lat' dir='ltr'>salutari</span> <span class='ocrx_word' id='word_1_300' title='bbox 1248 2265 1369 2342; x_wconf 87' lang='lat' dir='ltr'>consilio,</span> <span class='ocrx_word' id='word_1_301' title='bbox 1379 2264 1452 2344; x_wconf 93' lang='lat' dir='ltr'>quod</span> <span class='ocrx_word' id='word_1_302' title='bbox 1460 2267 1517 2325; x_wconf 87' lang='lat' dir='ltr'>Deo</span> <span class='ocrx_word' id='word_1_303' title='bbox 1526 2265 1711 2347; x_wconf 69' lang='lat' dir='ltr'>placeatllle-</span> 
     </span>
     <span class='ocr_line' id='line_1_23' title="bbox 138 2343 1708 2426; baseline -0.002 -20"><span class='ocrx_word' id='word_1_304' title='bbox 138 2347 262 2426; x_wconf 86' lang='grc' dir='ltr'>γείρομεν</span> <span class='ocrx_word' id='word_1_305' title='bbox 276 2347 420 2418; x_wconf 80' lang='grc' dir='ltr'>ἀλλήλους,</span> <span class='ocrx_word' id='word_1_306' title='bbox 436 2347 482 2406; x_wconf 81' lang='grc' dir='ltr'>καὶ</span> <span class='ocrx_word' id='word_1_307' title='bbox 494 2346 729 2425; x_wconf 79' lang='grc' dir='ltr'>συμώουλευθμεθα</span> <span class='ocrx_word' id='word_1_308' title='bbox 749 2345 845 2426; x_wconf 78' lang='grc' dir='ltr'>βουλήν</span> <span class='ocrx_word' id='word_1_309' title='bbox 860 2345 911 2405; x_wconf 90' lang='grc' dir='ltr'>σώ·</span> <span class='ocrx_word' id='word_1_310' title='bbox 966 2343 1021 2404; x_wconf 89' lang='lat' dir='ltr'>nite</span> <span class='ocrx_word' id='word_1_311' title='bbox 1029 2344 1123 2424; x_wconf 86' lang='lat' dir='ltr'>igitur,</span> <span class='ocrx_word' id='word_1_312' title='bbox 1136 2366 1228 2406; x_wconf 78' lang='lat' dir='ltr'>omnes</span> <span class='ocrx_word' id='word_1_313' title='bbox 1238 2345 1365 2404; x_wconf 87' lang='lat' dir='ltr'>fideleset</span> <span class='ocrx_word' id='word_1_314' title='bbox 1376 2344 1493 2425; x_wconf 79' lang='lat' dir='ltr'>religiosi</span> <span class='ocrx_word' id='word_1_315' title='bbox 1505 2370 1511 2401; x_wconf 91' lang='lat'>:</span> <span class='ocrx_word' id='word_1_316' title='bbox 1523 2345 1622 2420; x_wconf 85' lang='lat' dir='ltr'>venite,</span> <span class='ocrx_word' id='word_1_317' title='bbox 1641 2364 1708 2404; x_wconf 89' lang='lat' dir='ltr'>una-</span> 
     </span>
     <span class='ocr_line' id='line_1_24' title="bbox 140 2417 1710 2505; baseline -0.001 -19"><span class='ocrx_word' id='word_1_318' title='bbox 140 2431 236 2496; x_wconf 83' lang='grc' dir='ltr'>ζουσαν</span> <span class='ocrx_word' id='word_1_319' title='bbox 249 2427 296 2485; x_wconf 78' lang='grc' dir='ltr'>καί</span> <span class='ocrx_word' id='word_1_320' title='bbox 312 2426 474 2505; x_wconf 82' lang='grc' dir='ltr'>ἀρίσκουσαν</span> <span class='ocrx_word' id='word_1_321' title='bbox 486 2429 549 2487; x_wconf 85' lang='grc' dir='ltr'>Θεῶ</span> <span class='ocrx_word' id='word_1_322' title='bbox 558 2450 566 2500; x_wconf 88' lang='lat'>;</span> <span class='ocrx_word' id='word_1_323' title='bbox 575 2429 659 2486; x_wconf 77' lang='grc' dir='ltr'>Δεῦτε</span> <span class='ocrx_word' id='word_1_324' title='bbox 674 2417 719 2485; x_wconf 80' lang='grc' dir='ltr'>οθν</span> <span class='ocrx_word' id='word_1_325' title='bbox 735 2431 801 2505; x_wconf 80' lang='grc' dir='ltr'>ὁμοῦ</span> <span class='ocrx_word' id='word_1_326' title='bbox 815 2425 912 2492; x_wconf 87' lang='grc' dir='ltr'>πάντες</span> <span class='ocrx_word' id='word_1_327' title='bbox 966 2423 1032 2482; x_wconf 90' lang='lat' dir='ltr'>nimi</span> <span class='ocrx_word' id='word_1_328' title='bbox 1042 2445 1171 2484; x_wconf 86' lang='lat' dir='ltr'>consensu</span> <span class='ocrx_word' id='word_1_329' title='bbox 1179 2425 1379 2500; x_wconf 80' lang='lat' dir='ltr'>conveniamus,</span> <span class='ocrx_word' id='word_1_330' title='bbox 1388 2424 1546 2483; x_wconf 82' lang='lat' dir='ltr'>eteumsreri</span> <span class='ocrx_word' id='word_1_331' title='bbox 1554 2445 1606 2484; x_wconf 90' lang='lat' dir='ltr'>nou</span> <span class='ocrx_word' id='word_1_332' title='bbox 1615 2423 1710 2505; x_wconf 82' lang='lat' dir='ltr'>possit,</span> 
     </span>
     <span class='ocr_line' id='line_1_25' title="bbox 137 2485 1710 2586; baseline -0.002 -21"><span class='ocrx_word' id='word_1_333' title='bbox 137 2510 165 2565; x_wconf 87' lang='lat' dir='ltr'>ot</span> <span class='ocrx_word' id='word_1_334' title='bbox 179 2505 268 2565; x_wconf 82' lang='grc' dir='ltr'>πιστοὶ</span> <span class='ocrx_word' id='word_1_335' title='bbox 277 2505 324 2565; x_wconf 79' lang='grc' dir='ltr'>καὶ</span> <span class='ocrx_word' id='word_1_336' title='bbox 334 2505 461 2585; x_wconf 89' lang='grc' dir='ltr'>φιλόθεοι,</span> <span class='ocrx_word' id='word_1_337' title='bbox 477 2485 567 2576; x_wconf 79' lang='grc' dir='ltr'>θεθτέ,</span> <span class='ocrx_word' id='word_1_338' title='bbox 583 2505 723 2586; x_wconf 87' lang='grc' dir='ltr'>συμφωνία</span> <span class='ocrx_word' id='word_1_339' title='bbox 736 2508 911 2586; x_wconf 81' lang='grc' dir='ltr'>αυναχθίιίμεν</span> <span class='ocrx_word' id='word_1_340' title='bbox 966 2516 997 2562; x_wconf 92' lang='grc' dir='ltr'>υι</span> <span class='ocrx_word' id='word_1_341' title='bbox 1008 2523 1100 2563; x_wconf 90' lang='lat' dir='ltr'>omnes</span> <span class='ocrx_word' id='word_1_342' title='bbox 1110 2505 1216 2564; x_wconf 86' lang='lat' dir='ltr'>termini</span> <span class='ocrx_word' id='word_1_343' title='bbox 1228 2503 1488 2578; x_wconf 86' lang='lat' dir='ltr'>simulconvenianr,</span> <span class='ocrx_word' id='word_1_344' title='bbox 1500 2503 1613 2584; x_wconf 64' lang='lat' dir='ltr'>singular</span> <span class='ocrx_word' id='word_1_345' title='bbox 1620 2516 1710 2569; x_wconf 84' lang='lat' dir='ltr'>tamen</span> 
     </span>
     <span class='ocr_line' id='line_1_26' title="bbox 138 2567 1710 2685; baseline -0.001 -42"><span class='ocrx_word' id='word_1_346' title='bbox 138 2586 164 2643; x_wconf 80' lang='grc' dir='ltr'>εἰ</span> <span class='ocrx_word' id='word_1_347' title='bbox 176 2585 221 2643; x_wconf 80' lang='grc' dir='ltr'>καὶ</span> <span class='ocrx_word' id='word_1_348' title='bbox 233 2585 268 2643; x_wconf 76' lang='grc' dir='ltr'>τὰ</span> <span class='ocrx_word' id='word_1_349' title='bbox 281 2584 385 2685; x_wconf 80' lang='grc' dir='ltr'>πέρατα</span> <span class='ocrx_word' id='word_1_350' title='bbox 397 2583 448 2643; x_wconf 72' lang='grc' dir='ltr'>ὅλα</span> <span class='ocrx_word' id='word_1_351' title='bbox 461 2589 624 2663; x_wconf 76' lang='grc' dir='ltr'>συναχθῆναι</span> <span class='ocrx_word' id='word_1_352' title='bbox 635 2585 680 2644; x_wconf 73' lang='grc' dir='ltr'>ἐπὶ</span> <span class='ocrx_word' id='word_1_353' title='bbox 692 2567 724 2644; x_wconf 82' lang='grc' dir='ltr'>ἐδ</span> <span class='ocrx_word' id='word_1_354' title='bbox 737 2585 801 2644; x_wconf 73' lang='lat' dir='ltr'>alred</span> <span class='ocrx_word' id='word_1_355' title='bbox 818 2585 913 2644; x_wconf 84' lang='grc' dir='ltr'>α’δθνα·</span> <span class='ocrx_word' id='word_1_356' title='bbox 965 2582 1088 2660; x_wconf 80' lang='lat' dir='ltr'>regiones</span> <span class='ocrx_word' id='word_1_357' title='bbox 1100 2598 1297 2664; x_wconf 63' lang='lat' dir='ltr'>congregentur</span> <span class='ocrx_word' id='word_1_358' title='bbox 1310 2607 1317 2640; x_wconf 77' lang='grc' dir='ltr'>ι</span> <span class='ocrx_word' id='word_1_359' title='bbox 1330 2581 1403 2662; x_wconf 89' lang='lat' dir='ltr'>quod</span> <span class='ocrx_word' id='word_1_360' title='bbox 1416 2582 1437 2642; x_wconf 87' lang='lat' dir='ltr'>si</span> <span class='ocrx_word' id='word_1_361' title='bbox 1450 2582 1520 2642; x_wconf 88' lang='lat' dir='ltr'>illud</span> <span class='ocrx_word' id='word_1_362' title='bbox 1537 2584 1619 2644; x_wconf 78' lang='lat' dir='ltr'>etiam</span> <span class='ocrx_word' id='word_1_363' title='bbox 1632 2580 1710 2642; x_wconf 86' lang='lat' dir='ltr'>diffi-</span> 
     </span>
     <span class='ocr_line' id='line_1_27' title="bbox 139 2660 1709 2745; baseline -0.003 -21"><span class='ocrx_word' id='word_1_364' title='bbox 139 2686 195 2735; x_wconf 91' lang='grc' dir='ltr'>τον,</span> <span class='ocrx_word' id='word_1_365' title='bbox 210 2663 280 2724; x_wconf 81' lang='grc' dir='ltr'>ἀλλά</span> <span class='ocrx_word' id='word_1_366' title='bbox 288 2687 383 2743; x_wconf 83' lang='grc' dir='ltr'>χώραν</span> <span class='ocrx_word' id='word_1_367' title='bbox 393 2687 414 2722; x_wconf 89' lang='grc' dir='ltr'>π</span> <span class='ocrx_word' id='word_1_368' title='bbox 432 2666 439 2686; x_wconf 79' lang='grc'><strong>“</strong></span> <span class='ocrx_word' id='word_1_369' title='bbox 466 2662 573 2745; x_wconf 90' lang='grc' dir='ltr'>χώραν·</span> <span class='ocrx_word' id='word_1_370' title='bbox 589 2666 613 2722; x_wconf 82' lang='grc' dir='ltr'>εί</span> <span class='ocrx_word' id='word_1_371' title='bbox 626 2665 654 2723; x_wconf 81' lang='lat' dir='ltr'>st</span> <span class='ocrx_word' id='word_1_372' title='bbox 666 2665 803 2725; x_wconf 72' lang='grc' dir='ltr'>καὶτοῦτο</span> <span class='ocrx_word' id='word_1_373' title='bbox 820 2664 913 2724; x_wconf 83' lang='grc' dir='ltr'>δίσκο-</span> <span class='ocrx_word' id='word_1_374' title='bbox 967 2660 1020 2721; x_wconf 82' lang='lat' dir='ltr'>cite</span> <span class='ocrx_word' id='word_1_375' title='bbox 1032 2662 1079 2735; x_wconf 91' lang='lat' dir='ltr'>sit,</span> <span class='ocrx_word' id='word_1_376' title='bbox 1095 2664 1191 2723; x_wconf 86' lang='lat' dir='ltr'>saltem</span> <span class='ocrx_word' id='word_1_377' title='bbox 1203 2663 1270 2722; x_wconf 88' lang='lat' dir='ltr'>urbs</span> <span class='ocrx_word' id='word_1_378' title='bbox 1283 2682 1345 2722; x_wconf 88' lang='lat' dir='ltr'>cum</span> <span class='ocrx_word' id='word_1_379' title='bbox 1360 2662 1458 2723; x_wconf 77' lang='lat' dir='ltr'>vicinis</span> <span class='ocrx_word' id='word_1_380' title='bbox 1473 2662 1538 2722; x_wconf 88' lang='lat' dir='ltr'>locis</span> <span class='ocrx_word' id='word_1_381' title='bbox 1550 2661 1709 2734; x_wconf 64' lang='lat' dir='ltr'>conveniam</span> 
     </span>
     <span class='ocr_line' id='line_1_28' title="bbox 139 2740 1711 2824; baseline -0.001 -22"><span class='ocrx_word' id='word_1_382' title='bbox 139 2746 196 2817; x_wconf 88' lang='grc' dir='ltr'>λον,</span> <span class='ocrx_word' id='word_1_383' title='bbox 209 2743 259 2802; x_wconf 81' lang='grc' dir='ltr'>κάν</span> <span class='ocrx_word' id='word_1_384' title='bbox 280 2744 357 2811; x_wconf 80' lang='grc' dir='ltr'>αυλις</span> <span class='ocrx_word' id='word_1_385' title='bbox 379 2766 397 2805; x_wconf 87' lang='grc' dir='ltr'>κ</span> <span class='ocrx_word' id='word_1_386' title='bbox 438 2743 473 2801; x_wconf 85' lang='grc' dir='ltr'>τά</span> <span class='ocrx_word' id='word_1_387' title='bbox 492 2743 631 2823; x_wconf 80' lang='grc' dir='ltr'>περίχωρα</span> <span class='ocrx_word' id='word_1_388' title='bbox 651 2746 746 2816; x_wconf 76' lang='grc' dir='ltr'>αὐτῆς·</span> <span class='ocrx_word' id='word_1_389' title='bbox 761 2743 807 2804; x_wconf 81' lang='grc' dir='ltr'>καλ</span> <span class='ocrx_word' id='word_1_390' title='bbox 821 2765 912 2824; x_wconf 82' lang='grc' dir='ltr'>συνερ·</span> <span class='ocrx_word' id='word_1_391' title='bbox 967 2741 1114 2822; x_wconf 88' lang='lat' dir='ltr'>multisque</span> <span class='ocrx_word' id='word_1_392' title='bbox 1136 2741 1315 2822; x_wconf 82' lang='lat' dir='ltr'>oongregatis‚</span> <span class='ocrx_word' id='word_1_393' title='bbox 1341 2763 1391 2802; x_wconf 87' lang='lat' dir='ltr'>nos</span> <span class='ocrx_word' id='word_1_394' title='bbox 1410 2755 1505 2801; x_wconf 88' lang='lat' dir='ltr'>mutuo</span> <span class='ocrx_word' id='word_1_395' title='bbox 1525 2740 1711 2802; x_wconf 82' lang='lat' dir='ltr'>examinemus</span> 
     </span>
     <span class='ocr_line' id='line_1_29' title="bbox 139 2820 1710 2906; baseline 0 -26"><span class='ocrx_word' id='word_1_396' title='bbox 139 2822 263 2903; x_wconf 77' lang='grc' dir='ltr'>χομίνοκ</span> <span class='ocrx_word' id='word_1_397' title='bbox 275 2824 391 2897; x_wconf 80' lang='grc' dir='ltr'>πολλῶν,</span> <span class='ocrx_word' id='word_1_398' title='bbox 419 2826 486 2881; x_wconf 87' lang='grc' dir='ltr'>ἀνακ</span> <span class='ocrx_word' id='word_1_399' title='bbox 504 2821 599 2900; x_wconf 87' lang='grc' dir='ltr'>ίνωμεν</span> <span class='ocrx_word' id='word_1_400' title='bbox 624 2822 754 2894; x_wconf 76' lang='grc' dir='ltr'>ἀλλήλους</span> <span class='ocrx_word' id='word_1_401' title='bbox 774 2823 837 2906; x_wconf 81' lang='grc' dir='ltr'>περὶ</span> <span class='ocrx_word' id='word_1_402' title='bbox 859 2827 949 2882; x_wconf 88' lang='grc' dir='ltr'>τῶνῦ</span> <span class='ocrx_word' id='word_1_403' title='bbox 968 2820 1039 2880; x_wconf 88' lang='lat' dir='ltr'>circa</span> <span class='ocrx_word' id='word_1_404' title='bbox 1053 2822 1190 2882; x_wconf 89' lang='lat' dir='ltr'>tremenda</span> <span class='ocrx_word' id='word_1_405' title='bbox 1204 2823 1251 2881; x_wconf 86' lang='lat' dir='ltr'>illa</span> <span class='ocrx_word' id='word_1_406' title='bbox 1267 2821 1391 2906; x_wconf 80' lang='lat' dir='ltr'>judicia3</span> <span class='ocrx_word' id='word_1_407' title='bbox 1402 2820 1563 2902; x_wconf 87' lang='lat' dir='ltr'>incipiamus</span> <span class='ocrx_word' id='word_1_408' title='bbox 1581 2821 1710 2902; x_wconf 83' lang='lat' dir='ltr'>explore-</span> 
     </span>
     <span class='ocr_line' id='line_1_30' title="bbox 193 2846 1710 2984; baseline 0 -23"><span class='ocrx_word' id='word_1_409' title='bbox 193 2907 259 2983; x_wconf 82' lang='grc' dir='ltr'>ερῶν</span> <span class='ocrx_word' id='word_1_410' title='bbox 273 2904 379 2962; x_wconf 79' lang='grc' dir='ltr'>ἐκείνων</span> <span class='ocrx_word' id='word_1_411' title='bbox 392 2846 551 2984; x_wconf 74' lang='grc' dir='ltr'>κριτηρίων·</span> <span class='ocrx_word' id='word_1_412' title='bbox 565 2900 705 2983; x_wconf 76' lang='grc' dir='ltr'>ἀρξώμεθα</span> <span class='ocrx_word' id='word_1_413' title='bbox 719 2902 765 2962; x_wconf 82' lang='grc' dir='ltr'>καλ</span> <span class='ocrx_word' id='word_1_414' title='bbox 778 2901 876 2980; x_wconf 76' lang='grc' dir='ltr'>ἴδωμεν</span> <span class='ocrx_word' id='word_1_415' title='bbox 891 2906 913 2963; x_wconf 82' lang='grc' dir='ltr'>εί</span> <span class='ocrx_word' id='word_1_416' title='bbox 967 2920 1081 2979; x_wconf 87' lang='lat' dir='ltr'>musque</span> <span class='ocrx_word' id='word_1_417' title='bbox 1099 2923 1164 2961; x_wconf 85' lang='lat' dir='ltr'>nurn</span> <span class='ocrx_word' id='word_1_418' title='bbox 1183 2903 1269 2982; x_wconf 84' lang='lat' dir='ltr'>parati</span> <span class='ocrx_word' id='word_1_419' title='bbox 1283 2901 1385 2964; x_wconf 86' lang='lat' dir='ltr'>simus;</span> <span class='ocrx_word' id='word_1_420' title='bbox 1401 2900 1542 2960; x_wconf 82' lang='lat' dir='ltr'>videamus</span> <span class='ocrx_word' id='word_1_421' title='bbox 1562 2902 1634 2960; x_wconf 72' lang='lat' dir='ltr'>cirea</span> <span class='ocrx_word' id='word_1_422' title='bbox 1650 2900 1710 2961; x_wconf 78' lang='lat' dir='ltr'>sin-</span> 
     </span>
     <span class='ocr_line' id='line_1_31' title="bbox 155 2978 1710 3072; baseline -0.001 -32"><span class='ocrx_word' id='word_1_423' title='bbox 155 2980 912 3062; x_wconf 79' lang='grc' dir='ltr'>τοιμοίἐσμεν,ίδωμενπερίέκάστουσφάλματος,θποῑον</span> <span class='ocrx_word' id='word_1_424' title='bbox 967 2979 1032 3058; x_wconf 86' lang='lat' dir='ltr'>gula</span> <span class='ocrx_word' id='word_1_425' title='bbox 1057 2980 1170 3057; x_wconf 87' lang='lat' dir='ltr'>delicta,</span> <span class='ocrx_word' id='word_1_426' title='bbox 1197 2980 1269 3072; x_wconf 81' lang='lat' dir='ltr'>quod</span> <span class='ocrx_word' id='word_1_427' title='bbox 1287 2979 1425 3070; x_wconf 88' lang='lat' dir='ltr'>judicium</span> <span class='ocrx_word' id='word_1_428' title='bbox 1449 2980 1583 3040; x_wconf 83' lang='lat' dir='ltr'>Dominus</span> <span class='ocrx_word' id='word_1_429' title='bbox 1609 2978 1710 3061; x_wconf 85' lang='lat' dir='ltr'>scripto</span> 
     </span>
     <span class='ocr_line' id='line_1_32' title="bbox 138 3058 1710 3141; baseline -0.001 -21"><span class='ocrx_word' id='word_1_430' title='bbox 138 3062 226 3141; x_wconf 87' lang='grc' dir='ltr'>κρίμα</span> <span class='ocrx_word' id='word_1_431' title='bbox 248 3061 395 3140; x_wconf 84' lang='grc' dir='ltr'>ἔγγραπτον</span> <span class='ocrx_word' id='word_1_432' title='bbox 411 3065 425 3120; x_wconf 85' lang='grc' dir='ltr'>θ</span> <span class='ocrx_word' id='word_1_433' title='bbox 440 3061 535 3141; x_wconf 83' lang='grc' dir='ltr'>Κύριος</span> <span class='ocrx_word' id='word_1_434' title='bbox 548 3063 680 3130; x_wconf 79' lang='grc' dir='ltr'>ἐποίησεν.</span> <span class='ocrx_word' id='word_1_435' title='bbox 692 3061 785 3129; x_wconf 84' lang='grc' dir='ltr'>Οθτως</span> <span class='ocrx_word' id='word_1_436' title='bbox 802 3062 913 3131; x_wconf 78' lang='grc' dir='ltr'>ἕκαστος</span> <span class='ocrx_word' id='word_1_437' title='bbox 967 3058 1119 3119; x_wconf 84' lang='lat' dir='ltr'>tradiderit.</span> <span class='ocrx_word' id='word_1_438' title='bbox 1139 3061 1181 3119; x_wconf 86' lang='lat' dir='ltr'>Ita</span> <span class='ocrx_word' id='word_1_439' title='bbox 1192 3081 1233 3119; x_wconf 89' lang='lat' dir='ltr'>srn</span> <span class='ocrx_word' id='word_1_440' title='bbox 1255 3060 1293 3119; x_wconf 88' lang='lat' dir='ltr'>ulr</span> <span class='ocrx_word' id='word_1_441' title='bbox 1304 3072 1475 3140; x_wconf 78' lang='lat' dir='ltr'>agnoscentes</span> <span class='ocrx_word' id='word_1_442' title='bbox 1486 3059 1617 3119; x_wconf 87' lang='lat' dir='ltr'>delictum</span> <span class='ocrx_word' id='word_1_443' title='bbox 1630 3079 1710 3119; x_wconf 82' lang='lat' dir='ltr'>suurn</span> 
     </span>
     <span class='ocr_line' id='line_1_33' title="bbox 173 3081 1711 3222; baseline -0.001 -23"><span class='ocrx_word' id='word_1_444' title='bbox 173 3141 272 3219; x_wconf 89' lang='grc' dir='ltr'>ωρίσας</span> <span class='ocrx_word' id='word_1_445' title='bbox 285 3140 315 3200; x_wconf 85' lang='grc' dir='ltr'>τὸ</span> <span class='ocrx_word' id='word_1_446' title='bbox 325 3138 390 3199; x_wconf 79' lang='grc' dir='ltr'>ἴδιον</span> <span class='ocrx_word' id='word_1_447' title='bbox 402 3139 527 3221; x_wconf 85' lang='grc' dir='ltr'>σφάλμα,</span> <span class='ocrx_word' id='word_1_448' title='bbox 538 3141 584 3199; x_wconf 81' lang='grc' dir='ltr'>καὶ</span> <span class='ocrx_word' id='word_1_449' title='bbox 603 3139 634 3199; x_wconf 84' lang='grc' dir='ltr'>τδ</span> <span class='ocrx_word' id='word_1_450' title='bbox 648 3143 728 3201; x_wconf 78' lang='grc' dir='ltr'>αὐτοῦ</span> <span class='ocrx_word' id='word_1_451' title='bbox 742 3140 911 3222; x_wconf 85' lang='grc' dir='ltr'>κατάκριμα,</span> <span class='ocrx_word' id='word_1_452' title='bbox 966 3151 993 3197; x_wconf 88' lang='lat' dir='ltr'>et</span> <span class='ocrx_word' id='word_1_453' title='bbox 1011 3137 1210 3199; x_wconf 88' lang='lat' dir='ltr'>damnationem</span> <span class='ocrx_word' id='word_1_454' title='bbox 1228 3081 1312 3210; x_wconf 82' lang='lat' dir='ltr'>iltius,</span> <span class='ocrx_word' id='word_1_455' title='bbox 1343 3161 1400 3199; x_wconf 86' lang='lat' dir='ltr'>sese</span> <span class='ocrx_word' id='word_1_456' title='bbox 1419 3139 1601 3198; x_wconf 86' lang='lat' dir='ltr'>emendabunt</span> <span class='ocrx_word' id='word_1_457' title='bbox 1620 3137 1711 3218; x_wconf 83' lang='lat' dir='ltr'>prins·</span> 
     </span>
     <span class='ocr_line' id='line_1_34' title="bbox 139 3164 1710 3302; baseline -0.002 -23"><span class='ocrx_word' id='word_1_458' title='bbox 139 3164 314 3300; x_wconf 66' lang='lat' dir='ltr'>displodetur</span> <span class='ocrx_word' id='word_1_459' title='bbox 327 3221 389 3302; x_wconf 79' lang='grc' dir='ltr'>πρὶν</span> <span class='ocrx_word' id='word_1_460' title='bbox 403 3221 512 3292; x_wconf 77' lang='grc' dir='ltr'>λυθῆναι</span> <span class='ocrx_word' id='word_1_461' title='bbox 526 3221 575 3291; x_wconf 78' lang='grc' dir='ltr'>τήν</span> <span class='ocrx_word' id='word_1_462' title='bbox 590 3221 738 3302; x_wconf 88' lang='grc' dir='ltr'>πανήγυριν</span> <span class='ocrx_word' id='word_1_463' title='bbox 749 3220 794 3281; x_wconf 83' lang='grc' dir='ltr'>καλ</span> <span class='ocrx_word' id='word_1_464' title='bbox 807 3225 910 3302; x_wconf 74' lang='grc' dir='ltr'>φθασθῇ</span> <span class='ocrx_word' id='word_1_465' title='bbox 967 3238 1048 3295; x_wconf 91' lang='lat' dir='ltr'>quarn</span> <span class='ocrx_word' id='word_1_466' title='bbox 1061 3233 1144 3278; x_wconf 86' lang='lat' dir='ltr'>coetus</span> <span class='ocrx_word' id='word_1_467' title='bbox 1160 3219 1335 3294; x_wconf 76' lang='lat' dir='ltr'>dissolvatur,</span> <span class='ocrx_word' id='word_1_468' title='bbox 1358 3219 1410 3278; x_wconf 90' lang='lat' dir='ltr'>nisi</span> <span class='ocrx_word' id='word_1_469' title='bbox 1428 3215 1633 3277; x_wconf 84' lang='lat' dir='ltr'>inemendabilis</span> <span class='ocrx_word' id='word_1_470' title='bbox 1647 3237 1710 3276; x_wconf 80' lang='lat' dir='ltr'>tna-</span> 
     </span>
     <span class='ocr_line' id='line_1_35' title="bbox 141 3296 1708 3439; baseline -0.002 -82"><span class='ocrx_word' id='word_1_471' title='bbox 141 3299 307 3381; x_wconf 86' lang='grc' dir='ltr'>ἀδιάρθωτος.</span> <span class='ocrx_word' id='word_1_472' title='bbox 316 3301 350 3358; x_wconf 78' lang='grc' dir='ltr'>Εἰ</span> <span class='ocrx_word' id='word_1_473' title='bbox 359 3298 410 3380; x_wconf 76' lang='grc' dir='ltr'>γὰρ</span> <span class='ocrx_word' id='word_1_474' title='bbox 420 3298 546 3439; x_wconf 71' lang='grc' dir='ltr'>ρατιλεθς</span> <span class='ocrx_word' id='word_1_475' title='bbox 560 3299 594 3359; x_wconf 72' lang='lat' dir='ltr'>et</span> <span class='ocrx_word' id='word_1_476' title='bbox 603 3300 844 3381; x_wconf 85' lang='grc' dir='ltr'>χρεωστυώμιναοῦ</span> <span class='ocrx_word' id='word_1_477' title='bbox 859 3323 911 3359; x_wconf 87' lang='grc' dir='ltr'>πα·</span> <span class='ocrx_word' id='word_1_478' title='bbox 966 3312 1035 3357; x_wconf 81' lang='lat' dir='ltr'>neat.</span> <span class='ocrx_word' id='word_1_479' title='bbox 1056 3299 1125 3358; x_wconf 87' lang='lat' dir='ltr'>Nam</span> <span class='ocrx_word' id='word_1_480' title='bbox 1138 3297 1161 3357; x_wconf 88' lang='lat' dir='ltr'>si</span> <span class='ocrx_word' id='word_1_481' title='bbox 1175 3319 1224 3357; x_wconf 83' lang='lat' dir='ltr'>rex</span> <span class='ocrx_word' id='word_1_482' title='bbox 1233 3319 1293 3377; x_wconf 74' lang='lat' dir='ltr'>quae</span> <span class='ocrx_word' id='word_1_483' title='bbox 1305 3297 1359 3357; x_wconf 91' lang='lat' dir='ltr'>sihi</span> <span class='ocrx_word' id='word_1_484' title='bbox 1376 3296 1507 3357; x_wconf 79' lang='lat' dir='ltr'>debentur</span> <span class='ocrx_word' id='word_1_485' title='bbox 1516 3318 1570 3358; x_wconf 90' lang='lat' dir='ltr'>non</span> <span class='ocrx_word' id='word_1_486' title='bbox 1582 3296 1708 3367; x_wconf 88' lang='lat' dir='ltr'>dimittit,</span> 
     </span>
     <span class='ocr_line' id='line_1_36' title="bbox 139 3374 1710 3538; baseline -0.002 -21"><span class='ocrx_word' id='word_1_487' title='bbox 139 3377 910 3538; x_wconf 57' lang='grc' dir='ltr'>τιιιιθιιιάιιιιλιιιιιίῑιιι</span> <span class='ocrx_word' id='word_1_488' title='bbox 964 3374 1710 3537; x_wconf 58' lang='grc' dir='ltr'>ιθκιαιθηταιιιιιιιιιιιίι</span> 
     </span>
     <span class='ocr_line' id='line_1_37' title="bbox 140 3483 1708 3618; baseline -0.002 -22"><span class='ocrx_word' id='word_1_489' title='bbox 140 3537 230 3597; x_wconf 89' lang='grc' dir='ltr'>πάντα</span> <span class='ocrx_word' id='word_1_490' title='bbox 251 3537 395 3609; x_wconf 71' lang='grc' dir='ltr'>ἀπαιτήσει</span> <span class='ocrx_word' id='word_1_491' title='bbox 408 3537 442 3595; x_wconf 77' lang='grc' dir='ltr'>τά</span> <span class='ocrx_word' id='word_1_492' title='bbox 456 3503 632 3618; x_wconf 56' lang='grc' dir='ltr'>,ὀφειλήματα</span> <span class='ocrx_word' id='word_1_493' title='bbox 656 3543 750 3617; x_wconf 80' lang='grc' dir='ltr'>ἡμῶν;</span> <span class='ocrx_word' id='word_1_494' title='bbox 763 3539 816 3598; x_wconf 81' lang='grc' dir='ltr'>Διά</span> <span class='ocrx_word' id='word_1_495' title='bbox 832 3483 910 3599; x_wconf 66' lang='lat' dir='ltr'>inbre</span> <span class='ocrx_word' id='word_1_496' title='bbox 964 3534 1056 3595; x_wconf 80' lang='lat' dir='ltr'>debita</span> <span class='ocrx_word' id='word_1_497' title='bbox 1070 3551 1159 3596; x_wconf 92' lang='lat' dir='ltr'>nostra</span> <span class='ocrx_word' id='word_1_498' title='bbox 1173 3537 1294 3618; x_wconf 77' lang='lat' dir='ltr'>repetet?</span> <span class='ocrx_word' id='word_1_499' title='bbox 1309 3539 1451 3618; x_wconf 79' lang='lat' dir='ltr'>Propterea</span> <span class='ocrx_word' id='word_1_500' title='bbox 1466 3557 1532 3617; x_wconf 90' lang='lat' dir='ltr'>rogo</span> <span class='ocrx_word' id='word_1_501' title='bbox 1543 3549 1662 3596; x_wconf 80' lang='lat' dir='ltr'>vestram</span> <span class='ocrx_word' id='word_1_502' title='bbox 1679 3534 1708 3594; x_wconf 92' lang='lat' dir='ltr'>in</span> 
     </span>
     <span class='ocr_line' id='line_1_38' title="bbox 139 3613 1778 3766; baseline -0.007 -91"><span class='ocrx_word' id='word_1_503' title='bbox 139 3618 290 3766; x_wconf 56' lang='grc' dir='ltr'>φαρρρχαλέῶ</span> <span class='ocrx_word' id='word_1_504' title='bbox 315 3615 364 3754; x_wconf 51' lang='lat' dir='ltr'>sgr</span> <span class='ocrx_word' id='word_1_505' title='bbox 390 3619 417 3675; x_wconf 80' lang='grc' dir='ltr'>ίν</span> <span class='ocrx_word' id='word_1_506' title='bbox 434 3618 552 3756; x_wconf 49' lang='grc' dir='ltr'>’Χρέιστῷ</span> <span class='ocrx_word' id='word_1_507' title='bbox 579 3618 804 3759; x_wconf 47' lang='grc' dir='ltr'>οἰγάπηντίφδμιωγχ</span> <span class='ocrx_word' id='word_1_508' title='bbox 819 3619 911 3720; x_wconf 77' lang='grc' dir='ltr'>μηδεὶς</span> <span class='ocrx_word' id='word_1_509' title='bbox 965 3615 1240 3755; x_wconf 53' lang='grc' dir='ltr'>ῧίιτίσίρφιοατίιαιοω,</span> <span class='ocrx_word' id='word_1_510' title='bbox 1257 3637 1335 3755; x_wconf 69' lang='grc' dir='ltr'>χοιαρ</span> <span class='ocrx_word' id='word_1_511' title='bbox 1351 3615 1415 3675; x_wconf 90' lang='lat' dir='ltr'>binc</span> <span class='ocrx_word' id='word_1_512' title='bbox 1430 3616 1508 3755; x_wconf 67' lang='lat' dir='ltr'>abelat</span> <span class='ocrx_word' id='word_1_513' title='bbox 1524 3637 1588 3676; x_wconf 87' lang='lat' dir='ltr'>rum</span> <span class='ocrx_word' id='word_1_514' title='bbox 1605 3613 1707 3753; x_wconf 60' lang='grc' dir='ltr'>ἀεφχιο.</span> <span class='ocrx_word' id='word_1_515' title='bbox 1774 3655 1778 3664; x_wconf 87' lang='grc'><strong>.</strong></span> 
     </span>
     <span class='ocr_line' id='line_1_39' title="bbox 139 3697 1708 3859; baseline -0.001 -25"><span class='ocrx_word' id='word_1_516' title='bbox 139 3697 771 3857; x_wconf 47' lang='lat' dir='ltr'>allodii}llbtl‘lililllfnnn</span> <span class='ocrx_word' id='word_1_517' title='bbox 791 3721 911 3859; x_wconf 59' lang='grc' dir='ltr'>,ιῖἴώίί</span> <span class='ocrx_word' id='word_1_518' title='bbox 966 3717 1058 3834; x_wconf 66' lang='lat' dir='ltr'>alin</span> <span class='ocrx_word' id='word_1_519' title='bbox 1081 3717 1300 3836; x_wconf 56' lang='lat' dir='ltr'>ttttbtt</span> <span class='ocrx_word' id='word_1_520' title='bbox 1322 3717 1473 3854; x_wconf 59' lang='lat' dir='ltr'>tter?</span> <span class='ocrx_word' id='word_1_521' title='bbox 1488 3709 1708 3834; x_wconf 65' lang='lat' dir='ltr'>‘lli&#39;llmalt</span> 
     </span>
     <span class='ocr_line' id='line_1_40' title="bbox 141 3850 1707 3943; baseline -0.001 -31"><span class='ocrx_word' id='word_1_522' title='bbox 141 3853 208 3913; x_wconf 86' lang='grc' dir='ltr'>θίου.</span> <span class='ocrx_word' id='word_1_523' title='bbox 228 3857 262 3914; x_wconf 84' lang='lat' dir='ltr'>El</span> <span class='ocrx_word' id='word_1_524' title='bbox 285 3853 337 3936; x_wconf 76' lang='grc' dir='ltr'>γάρ</span> <span class='ocrx_word' id='word_1_525' title='bbox 359 3854 393 3914; x_wconf 86' lang='grc' dir='ltr'>τά</span> <span class='ocrx_word' id='word_1_526' title='bbox 414 3854 557 3935; x_wconf 86' lang='grc' dir='ltr'>σφάλματα</span> <span class='ocrx_word' id='word_1_527' title='bbox 571 3856 676 3930; x_wconf 83' lang='grc' dir='ltr'>πολλά,</span> <span class='ocrx_word' id='word_1_528' title='bbox 695 3858 787 3937; x_wconf 77' lang='grc' dir='ltr'>πολλιῙι</span> <span class='ocrx_word' id='word_1_529' title='bbox 810 3858 911 3934; x_wconf 75' lang='grc' dir='ltr'>μᾶλλον</span> <span class='ocrx_word' id='word_1_530' title='bbox 928 3871 947 3917; x_wconf 79' lang='lat' dir='ltr'>tt</span> <span class='ocrx_word' id='word_1_531' title='bbox 966 3867 1072 3932; x_wconf 82' lang='lat' dir='ltr'>peccata</span> <span class='ocrx_word' id='word_1_532' title='bbox 1088 3855 1174 3913; x_wconf 90' lang='lat' dir='ltr'>multa</span> <span class='ocrx_word' id='word_1_533' title='bbox 1189 3854 1252 3927; x_wconf 89' lang='lat' dir='ltr'>sint,</span> <span class='ocrx_word' id='word_1_534' title='bbox 1266 3867 1293 3913; x_wconf 91' lang='lat' dir='ltr'>at</span> <span class='ocrx_word' id='word_1_535' title='bbox 1307 3855 1392 3912; x_wconf 91' lang='lat' dir='ltr'>multo</span> <span class='ocrx_word' id='word_1_536' title='bbox 1407 3855 1493 3943; x_wconf 84' lang='lat' dir='ltr'>major</span> <span class='ocrx_word' id='word_1_537' title='bbox 1507 3867 1547 3912; x_wconf 89' lang='lat' dir='ltr'>est</span> <span class='ocrx_word' id='word_1_538' title='bbox 1559 3852 1611 3912; x_wconf 89' lang='lat' dir='ltr'>Dei</span> <span class='ocrx_word' id='word_1_539' title='bbox 1624 3850 1707 3911; x_wconf 89' lang='lat' dir='ltr'>mise-</span> 
     </span>
     <span class='ocr_line' id='line_1_41' title="bbox 184 3931 1707 4016; baseline -0.001 -24"><span class='ocrx_word' id='word_1_540' title='bbox 184 3957 212 4000; x_wconf 90' lang='grc' dir='ltr'>ος</span> <span class='ocrx_word' id='word_1_541' title='bbox 225 3939 271 3992; x_wconf 78' lang='grc' dir='ltr'>τοῦ</span> <span class='ocrx_word' id='word_1_542' title='bbox 286 3937 368 3995; x_wconf 81' lang='grc' dir='ltr'>Θεοῦ·</span> <span class='ocrx_word' id='word_1_543' title='bbox 380 3935 445 4008; x_wconf 83' lang='grc' dir='ltr'>ὅπερ</span> <span class='ocrx_word' id='word_1_544' title='bbox 459 3935 505 3992; x_wconf 80' lang='grc' dir='ltr'>καί</span> <span class='ocrx_word' id='word_1_545' title='bbox 518 3936 647 4004; x_wconf 89' lang='grc' dir='ltr'>πολλάκις</span> <span class='ocrx_word' id='word_1_546' title='bbox 660 3939 722 4014; x_wconf 82' lang='grc' dir='ltr'>ὑμῖν</span> <span class='ocrx_word' id='word_1_547' title='bbox 737 3937 910 4016; x_wconf 80' lang='grc' dir='ltr'>διηγήσαμεν,</span> <span class='ocrx_word' id='word_1_548' title='bbox 965 3931 1094 4005; x_wconf 83' lang='lat' dir='ltr'>ricordia,</span> <span class='ocrx_word' id='word_1_549' title='bbox 1107 3946 1138 3991; x_wconf 88' lang='lat' dir='ltr'>ut</span> <span class='ocrx_word' id='word_1_550' title='bbox 1157 3954 1228 4015; x_wconf 87' lang='lat' dir='ltr'>saepe</span> <span class='ocrx_word' id='word_1_551' title='bbox 1247 3932 1326 3993; x_wconf 83' lang='lat' dir='ltr'>vobis</span> <span class='ocrx_word' id='word_1_552' title='bbox 1346 3948 1515 3992; x_wconf 78' lang='lat' dir='ltr'>narravimus</span> <span class='ocrx_word' id='word_1_553' title='bbox 1526 3931 1649 4001; x_wconf 80' lang='lat' dir='ltr'>:etiarnsi</span> <span class='ocrx_word' id='word_1_554' title='bbox 1664 3952 1707 3991; x_wconf 87' lang='lat' dir='ltr'>res</span> 
     </span>
     <span class='ocr_line' id='line_1_42' title="bbox 140 4006 1707 4093; baseline -0.001 -21"><span class='ocrx_word' id='word_1_555' title='bbox 140 4015 166 4072; x_wconf 84' lang='grc' dir='ltr'>εί</span> <span class='ocrx_word' id='word_1_556' title='bbox 185 4011 231 4072; x_wconf 77' lang='grc' dir='ltr'>καί</span> <span class='ocrx_word' id='word_1_557' title='bbox 251 4012 440 4092; x_wconf 84' lang='grc' dir='ltr'>ἀνεκδιήγητάν</span> <span class='ocrx_word' id='word_1_558' title='bbox 455 4016 527 4089; x_wconf 80' lang='grc' dir='ltr'>ἔστι,</span> <span class='ocrx_word' id='word_1_559' title='bbox 540 4015 587 4074; x_wconf 81' lang='grc' dir='ltr'>καί</span> <span class='ocrx_word' id='word_1_560' title='bbox 606 4016 687 4075; x_wconf 69' lang='grc' dir='ltr'>πάλιν</span> <span class='ocrx_word' id='word_1_561' title='bbox 700 4015 848 4093; x_wconf 80' lang='grc' dir='ltr'>ὑπομνήσω</span> <span class='ocrx_word' id='word_1_562' title='bbox 862 4013 911 4087; x_wconf 76' lang='grc' dir='ltr'>τήν</span> <span class='ocrx_word' id='word_1_563' title='bbox 966 4011 1153 4072; x_wconf 84' lang='lat' dir='ltr'>inenarrabilis</span> <span class='ocrx_word' id='word_1_564' title='bbox 1166 4013 1213 4087; x_wconf 89' lang='lat' dir='ltr'>sit,</span> <span class='ocrx_word' id='word_1_565' title='bbox 1233 4027 1322 4072; x_wconf 84' lang='lat' dir='ltr'>tamen</span> <span class='ocrx_word' id='word_1_566' title='bbox 1333 4006 1431 4072; x_wconf 83' lang='lat' dir='ltr'>iteruin</span> <span class='ocrx_word' id='word_1_567' title='bbox 1444 4033 1474 4071; x_wconf 83' lang='lat' dir='ltr'>ea</span> <span class='ocrx_word' id='word_1_568' title='bbox 1489 4011 1524 4070; x_wconf 91' lang='lat' dir='ltr'>de</span> <span class='ocrx_word' id='word_1_569' title='bbox 1539 4032 1568 4072; x_wconf 76' lang='lat' dir='ltr'>re</span> <span class='ocrx_word' id='word_1_570' title='bbox 1583 4010 1707 4090; x_wconf 86' lang='lat' dir='ltr'>alloquar</span> 
     </span>
     <span class='ocr_line' id='line_1_43' title="bbox 140 4089 1706 4174; baseline -0.003 -22"><span class='ocrx_word' id='word_1_571' title='bbox 140 4097 169 4152; x_wconf 78' lang='grc' dir='ltr'>ἐν</span> <span class='ocrx_word' id='word_1_572' title='bbox 185 4093 293 4173; x_wconf 82' lang='grc' dir='ltr'>Χριστῷ</span> <span class='ocrx_word' id='word_1_573' title='bbox 307 4092 414 4171; x_wconf 81' lang='grc' dir='ltr'>ἀγάπην</span> <span class='ocrx_word' id='word_1_574' title='bbox 428 4096 520 4171; x_wconf 78' lang='grc' dir='ltr'>ὑμῶν·</span> <span class='ocrx_word' id='word_1_575' title='bbox 534 4093 602 4154; x_wconf 86' lang='grc' dir='ltr'>ἀλλά</span> <span class='ocrx_word' id='word_1_576' title='bbox 615 4098 744 4174; x_wconf 83' lang='grc' dir='ltr'>νουνεχῶς</span> <span class='ocrx_word' id='word_1_577' title='bbox 757 4095 911 4173; x_wconf 82' lang='grc' dir='ltr'>ἀκούσωμεν</span> <span class='ocrx_word' id='word_1_578' title='bbox 966 4105 1082 4151; x_wconf 87' lang='lat' dir='ltr'>vestram</span> <span class='ocrx_word' id='word_1_579' title='bbox 1100 4091 1126 4150; x_wconf 91' lang='lat' dir='ltr'>in</span> <span class='ocrx_word' id='word_1_580' title='bbox 1142 4091 1250 4151; x_wconf 87' lang='lat' dir='ltr'>Christo</span> <span class='ocrx_word' id='word_1_581' title='bbox 1264 4091 1417 4166; x_wconf 68' lang='lat' dir='ltr'>caritatem</span> <span class='ocrx_word' id='word_1_582' title='bbox 1439 4091 1487 4151; x_wconf 85' lang='lat' dir='ltr'>sed</span> <span class='ocrx_word' id='word_1_583' title='bbox 1501 4104 1602 4151; x_wconf 87' lang='lat' dir='ltr'>attente</span> <span class='ocrx_word' id='word_1_584' title='bbox 1612 4089 1706 4150; x_wconf 86' lang='lat' dir='ltr'>audia-</span> 
     </span>
     <span class='ocr_line' id='line_1_44' title="bbox 139 4168 1704 4312; baseline -0.002 -81"><span class='ocrx_word' id='word_1_585' title='bbox 139 4171 211 4249; x_wconf 72' lang='grc' dir='ltr'>μετὰ</span> <span class='ocrx_word' id='word_1_586' title='bbox 223 4171 305 4252; x_wconf 78' lang='grc' dir='ltr'>φάθου</span> <span class='ocrx_word' id='word_1_587' title='bbox 316 4171 415 4252; x_wconf 86' lang='grc' dir='ltr'>Κυρίου</span> <span class='ocrx_word' id='word_1_588' title='bbox 428 4172 474 4231; x_wconf 80' lang='grc' dir='ltr'>καὶ</span> <span class='ocrx_word' id='word_1_589' title='bbox 487 4175 591 4233; x_wconf 84' lang='grc' dir='ltr'>πολλῶν</span> <span class='ocrx_word' id='word_1_590' title='bbox 607 4175 736 4255; x_wconf 64' lang='grc' dir='ltr'>δακρύων.</span> <span class='ocrx_word' id='word_1_591' title='bbox 750 4176 786 4235; x_wconf 88' lang='lat' dir='ltr'>Ot</span> <span class='ocrx_word' id='word_1_592' title='bbox 796 4174 911 4312; x_wconf 55' lang='grc' dir='ltr'>ρνάθυμοι</span> <span class='ocrx_word' id='word_1_593' title='bbox 965 4191 1026 4230; x_wconf 89' lang='lat' dir='ltr'>mus</span> <span class='ocrx_word' id='word_1_594' title='bbox 1048 4192 1110 4230; x_wconf 87' lang='lat' dir='ltr'>cum</span> <span class='ocrx_word' id='word_1_595' title='bbox 1131 4170 1182 4230; x_wconf 88' lang='lat' dir='ltr'>Dei</span> <span class='ocrx_word' id='word_1_596' title='bbox 1200 4171 1297 4231; x_wconf 89' lang='lat' dir='ltr'>timore</span> <span class='ocrx_word' id='word_1_597' title='bbox 1318 4171 1463 4263; x_wconf 77' lang='lat' dir='ltr'>multisque</span> <span class='ocrx_word' id='word_1_598' title='bbox 1483 4171 1624 4252; x_wconf 84' lang='lat' dir='ltr'>lacrymis.</span> <span class='ocrx_word' id='word_1_599' title='bbox 1649 4168 1704 4243; x_wconf 87' lang='lat' dir='ltr'>Qui</span> 
     </span>
     <span class='ocr_line' id='line_1_45' title="bbox 138 4249 1703 4332; baseline -0.001 -22"><span class='ocrx_word' id='word_1_600' title='bbox 138 4251 275 4331; x_wconf 75' lang='grc' dir='ltr'>νήψωμεθ,</span> <span class='ocrx_word' id='word_1_601' title='bbox 297 4255 322 4310; x_wconf 81' lang='lat' dir='ltr'>ot</span> <span class='ocrx_word' id='word_1_602' title='bbox 343 4253 512 4321; x_wconf 83' lang='grc' dir='ltr'>νυστάζοντες</span> <span class='ocrx_word' id='word_1_603' title='bbox 533 4251 724 4331; x_wconf 79' lang='grc' dir='ltr'>ὲξυπνίσωμεν,</span> <span class='ocrx_word' id='word_1_604' title='bbox 748 4257 772 4313; x_wconf 87' lang='grc' dir='ltr'>οἱ</span> <span class='ocrx_word' id='word_1_605' title='bbox 849 4277 909 4313; x_wconf 78' lang='grc' dir='ltr'>πει·</span> <span class='ocrx_word' id='word_1_606' title='bbox 964 4271 1058 4330; x_wconf 81' lang='lat' dir='ltr'>segnes</span> <span class='ocrx_word' id='word_1_607' title='bbox 1075 4271 1180 4328; x_wconf 86' lang='lat' dir='ltr'>sumus,</span> <span class='ocrx_word' id='word_1_608' title='bbox 1196 4251 1361 4332; x_wconf 83' lang='lat' dir='ltr'>vigilemus;</span> <span class='ocrx_word' id='word_1_609' title='bbox 1379 4273 1427 4329; x_wconf 90' lang='lat' dir='ltr'>qur</span> <span class='ocrx_word' id='word_1_610' title='bbox 1445 4249 1636 4327; x_wconf 84' lang='lat' dir='ltr'>dormitamus,</span> <span class='ocrx_word' id='word_1_611' title='bbox 1652 4270 1703 4308; x_wconf 80' lang='lat' dir='ltr'>ex-</span> 
     </span>
     <span class='ocr_line' id='line_1_46' title="bbox 158 4328 1706 4412; baseline 0 -24"><span class='ocrx_word' id='word_1_612' title='bbox 158 4340 252 4407; x_wconf 89' lang='grc' dir='ltr'>ασμοῐς</span> <span class='ocrx_word' id='word_1_613' title='bbox 274 4340 363 4390; x_wconf 82' lang='grc' dir='ltr'>πᾶσαν</span> <span class='ocrx_word' id='word_1_614' title='bbox 384 4331 432 4405; x_wconf 73' lang='grc' dir='ltr'>τὴν</span> <span class='ocrx_word' id='word_1_615' title='bbox 455 4331 586 4412; x_wconf 73' lang='grc' dir='ltr'>μέριμναν</span> <span class='ocrx_word' id='word_1_616' title='bbox 610 4332 790 4412; x_wconf 73' lang='grc' dir='ltr'>ἐπιῤῥίψωμεν</span> <span class='ocrx_word' id='word_1_617' title='bbox 803 4333 847 4394; x_wconf 79' lang='grc' dir='ltr'>ίπλ</span> <span class='ocrx_word' id='word_1_618' title='bbox 864 4333 909 4393; x_wconf 82' lang='grc' dir='ltr'>τὸν</span> <span class='ocrx_word' id='word_1_619' title='bbox 964 4331 1166 4410; x_wconf 79' lang='lat' dir='ltr'>pergiscamur3</span> <span class='ocrx_word' id='word_1_620' title='bbox 1186 4331 1274 4410; x_wconf 91' lang='lat' dir='ltr'>quiin</span> <span class='ocrx_word' id='word_1_621' title='bbox 1288 4330 1491 4404; x_wconf 83' lang='lat' dir='ltr'>tentationibus,</span> <span class='ocrx_word' id='word_1_622' title='bbox 1511 4351 1617 4390; x_wconf 87' lang='lat' dir='ltr'>ornnem</span> <span class='ocrx_word' id='word_1_623' title='bbox 1630 4328 1706 4389; x_wconf 84' lang='lat' dir='ltr'>solli·</span> 
     </span>
     <span class='ocr_line' id='line_1_47' title="bbox 138 4354 1703 4493; baseline -0.002 -24"><span class='ocrx_word' id='word_1_624' title='bbox 138 4354 246 4487; x_wconf 65' lang='grc' dir='ltr'>ίίύριον,</span> <span class='ocrx_word' id='word_1_625' title='bbox 256 4409 342 4479; x_wconf 83' lang='grc' dir='ltr'>καθώς</span> <span class='ocrx_word' id='word_1_626' title='bbox 351 4410 515 4493; x_wconf 82' lang='grc' dir='ltr'>γέγραπται,</span> <span class='ocrx_word' id='word_1_627' title='bbox 526 4413 568 4473; x_wconf 83' lang='grc' dir='ltr'>ὅτι</span> <span class='ocrx_word' id='word_1_628' title='bbox 581 4415 653 4488; x_wconf 81' lang='grc' dir='ltr'>αὐτῷ</span> <span class='ocrx_word' id='word_1_629' title='bbox 664 4412 738 4490; x_wconf 78' lang='grc' dir='ltr'>μέλει</span> <span class='ocrx_word' id='word_1_630' title='bbox 749 4413 810 4493; x_wconf 79' lang='grc' dir='ltr'>περί</span> <span class='ocrx_word' id='word_1_631' title='bbox 822 4417 909 4491; x_wconf 75' lang='grc' dir='ltr'>ἡμῶν.</span> <span class='ocrx_word' id='word_1_632' title='bbox 964 4410 1112 4471; x_wconf 85' lang='lat' dir='ltr'>citudinem</span> <span class='ocrx_word' id='word_1_633' title='bbox 1122 4410 1261 4470; x_wconf 87' lang='lat' dir='ltr'>mittamus</span> <span class='ocrx_word' id='word_1_634' title='bbox 1275 4409 1309 4469; x_wconf 91' lang='lat' dir='ltr'>ad</span> <span class='ocrx_word' id='word_1_635' title='bbox 1320 4411 1477 4480; x_wconf 86' lang='lat' dir='ltr'>Dominum,</span> <span class='ocrx_word' id='word_1_636' title='bbox 1491 4409 1563 4470; x_wconf 88' lang='lat' dir='ltr'>sicut</span> <span class='ocrx_word' id='word_1_637' title='bbox 1572 4408 1703 4491; x_wconf 82' lang='lat' dir='ltr'>scriptum</span> 
     </span>
     <span class='ocr_line' id='line_1_48' title="bbox 140 4481 1704 4574; baseline -0.001 -26"><span class='ocrx_word' id='word_1_638' title='bbox 140 4488 338 4568; x_wconf 86' lang='grc' dir='ltr'>Συναγάγωμεν</span> <span class='ocrx_word' id='word_1_639' title='bbox 363 4481 414 4549; x_wconf 59' lang='lat' dir='ltr'>tite</span> <span class='ocrx_word' id='word_1_640' title='bbox 426 4491 471 4550; x_wconf 88' lang='grc' dir='ltr'>τδν</span> <span class='ocrx_word' id='word_1_641' title='bbox 485 4497 553 4559; x_wconf 83' lang='grc' dir='ltr'>νοῦν,</span> <span class='ocrx_word' id='word_1_642' title='bbox 571 4491 617 4550; x_wconf 85' lang='grc' dir='ltr'>καὶ</span> <span class='ocrx_word' id='word_1_643' title='bbox 630 4491 783 4569; x_wconf 78' lang='grc' dir='ltr'>ἀκούσωμεν</span> <span class='ocrx_word' id='word_1_644' title='bbox 797 4491 909 4574; x_wconf 87' lang='grc' dir='ltr'>τρόπους</span> <span class='ocrx_word' id='word_1_645' title='bbox 963 4499 1014 4567; x_wconf 87' lang='lat' dir='ltr'>est,</span> <span class='ocrx_word' id='word_1_646' title='bbox 1038 4491 1110 4562; x_wconf 88' lang='lat' dir='ltr'>Quia</span> <span class='ocrx_word' id='word_1_647' title='bbox 1125 4490 1183 4571; x_wconf 90' lang='lat' dir='ltr'>ipse</span> <span class='ocrx_word' id='word_1_648' title='bbox 1200 4511 1291 4549; x_wconf 86' lang='lat' dir='ltr'>curam</span> <span class='ocrx_word' id='word_1_649' title='bbox 1308 4504 1431 4549; x_wconf 90' lang='lat' dir='ltr'>nostrum</span> <span class='ocrx_word' id='word_1_650' title='bbox 1450 4489 1529 4569; x_wconf 88' lang='lat' dir='ltr'>gerit.</span> <span class='ocrx_word' id='word_1_651' title='bbox 1554 4488 1607 4548; x_wconf 87' lang='lat' dir='ltr'>llic</span> <span class='ocrx_word' id='word_1_652' title='bbox 1626 4508 1704 4547; x_wconf 91' lang='lat' dir='ltr'>men-</span> 
     </span>
     <span class='ocr_line' id='line_1_49' title="bbox 138 4566 1704 4653; baseline 0.001 -27"><span class='ocrx_word' id='word_1_653' title='bbox 138 4566 284 4648; x_wconf 83' lang='grc' dir='ltr'>χρηστοὺς,</span> <span class='ocrx_word' id='word_1_654' title='bbox 305 4567 416 4650; x_wconf 85' lang='grc' dir='ltr'>τρίπους</span> <span class='ocrx_word' id='word_1_655' title='bbox 445 4569 590 4652; x_wconf 86' lang='grc' dir='ltr'>σωτηρίας,</span> <span class='ocrx_word' id='word_1_656' title='bbox 611 4570 706 4650; x_wconf 83' lang='grc' dir='ltr'>τέχνας</span> <span class='ocrx_word' id='word_1_657' title='bbox 728 4574 909 4653; x_wconf 77' lang='grc' dir='ltr'>ψοχωφελεῑς,</span> <span class='ocrx_word' id='word_1_658' title='bbox 963 4581 1016 4628; x_wconf 90' lang='lat' dir='ltr'>tem</span> <span class='ocrx_word' id='word_1_659' title='bbox 1039 4571 1208 4650; x_wconf 85' lang='lat' dir='ltr'>colligamus,</span> <span class='ocrx_word' id='word_1_660' title='bbox 1227 4570 1312 4629; x_wconf 91' lang='lat' dir='ltr'>bonos</span> <span class='ocrx_word' id='word_1_661' title='bbox 1332 4570 1473 4633; x_wconf 87' lang='lat' dir='ltr'>audiamus</span> <span class='ocrx_word' id='word_1_662' title='bbox 1493 4589 1592 4642; x_wconf 89' lang='lat' dir='ltr'>mores,</span> <span class='ocrx_word' id='word_1_663' title='bbox 1617 4588 1704 4627; x_wconf 81' lang='lat' dir='ltr'>mores</span> 
     </span>
     <span class='ocr_line' id='line_1_50' title="bbox 139 4647 1705 4730; baseline 0.001 -26"><span class='ocrx_word' id='word_1_664' title='bbox 139 4647 249 4724; x_wconf 80' lang='grc' dir='ltr'>μέθοδον</span> <span class='ocrx_word' id='word_1_665' title='bbox 257 4649 417 4728; x_wconf 81' lang='grc' dir='ltr'>ἐπιστροφῆς</span> <span class='ocrx_word' id='word_1_666' title='bbox 427 4648 472 4707; x_wconf 80' lang='grc' dir='ltr'>καὶ</span> <span class='ocrx_word' id='word_1_667' title='bbox 484 4649 633 4728; x_wconf 86' lang='grc' dir='ltr'>μετανοίας,</span> <span class='ocrx_word' id='word_1_668' title='bbox 643 4649 689 4709; x_wconf 84' lang='grc' dir='ltr'>καλ</span> <span class='ocrx_word' id='word_1_669' title='bbox 701 4651 830 4730; x_wconf 87' lang='grc' dir='ltr'>σύντομον</span> <span class='ocrx_word' id='word_1_670' title='bbox 841 4658 907 4712; x_wconf 86' lang='grc' dir='ltr'>θεῖον</span> <span class='ocrx_word' id='word_1_671' title='bbox 961 4648 1101 4723; x_wconf 84' lang='lat' dir='ltr'>salutares,</span> <span class='ocrx_word' id='word_1_672' title='bbox 1113 4663 1184 4708; x_wconf 85' lang='lat' dir='ltr'>artes</span> <span class='ocrx_word' id='word_1_673' title='bbox 1193 4649 1290 4709; x_wconf 85' lang='lat' dir='ltr'>anirnae</span> <span class='ocrx_word' id='word_1_674' title='bbox 1301 4650 1389 4724; x_wconf 80' lang='lat' dir='ltr'>utiles,</span> <span class='ocrx_word' id='word_1_675' title='bbox 1408 4647 1590 4707; x_wconf 84' lang='lat' dir='ltr'>conversionis</span> <span class='ocrx_word' id='word_1_676' title='bbox 1606 4659 1634 4706; x_wconf 91' lang='lat' dir='ltr'>et</span> <span class='ocrx_word' id='word_1_677' title='bbox 1646 4668 1705 4728; x_wconf 89' lang='lat' dir='ltr'>poe·</span> 
     </span>
     <span class='ocr_line' id='line_1_51' title="bbox 137 4726 1704 4813; baseline -0.001 -27"><span class='ocrx_word' id='word_1_678' title='bbox 137 4726 216 4805; x_wconf 89' lang='grc' dir='ltr'>λόγον</span> <span class='ocrx_word' id='word_1_679' title='bbox 232 4728 278 4786; x_wconf 78' lang='grc' dir='ltr'>καί</span> <span class='ocrx_word' id='word_1_680' title='bbox 292 4728 463 4788; x_wconf 65' lang='lat' dir='ltr'>octonalium</span> <span class='ocrx_word' id='word_1_681' title='bbox 475 4729 623 4788; x_wconf 89' lang='grc' dir='ltr'>ἀνόθευτον·</span> <span class='ocrx_word' id='word_1_682' title='bbox 640 4728 728 4807; x_wconf 83' lang='grc' dir='ltr'>μάνου,</span> <span class='ocrx_word' id='word_1_683' title='bbox 742 4730 829 4798; x_wconf 89' lang='grc' dir='ltr'>καθὼς</span> <span class='ocrx_word' id='word_1_684' title='bbox 843 4754 908 4813; x_wconf 89' lang='grc' dir='ltr'>προ-</span> <span class='ocrx_word' id='word_1_685' title='bbox 960 4728 1079 4788; x_wconf 86' lang='lat' dir='ltr'>nitentiae</span> <span class='ocrx_word' id='word_1_686' title='bbox 1099 4727 1269 4796; x_wconf 77' lang='lat' dir='ltr'>methodum,</span> <span class='ocrx_word' id='word_1_687' title='bbox 1296 4728 1421 4788; x_wconf 81' lang='lat' dir='ltr'>divinum</span> <span class='ocrx_word' id='word_1_688' title='bbox 1444 4726 1558 4786; x_wconf 77' lang='lat' dir='ltr'>verbum</span> <span class='ocrx_word' id='word_1_689' title='bbox 1587 4726 1704 4787; x_wconf 79' lang='lat' dir='ltr'>breviter</span> 
     </span>
     <span class='ocr_line' id='line_1_52' title="bbox 137 4805 1704 4889; baseline -0.001 -23"><span class='ocrx_word' id='word_1_690' title='bbox 137 4814 224 4881; x_wconf 83' lang='grc' dir='ltr'>εἷπον,</span> <span class='ocrx_word' id='word_1_691' title='bbox 240 4805 391 4867; x_wconf 90' lang='grc' dir='ltr'>συντείνατί</span> <span class='ocrx_word' id='word_1_692' title='bbox 404 4830 451 4886; x_wconf 94' lang='grc' dir='ltr'>μοι</span> <span class='ocrx_word' id='word_1_693' title='bbox 471 4807 520 4880; x_wconf 76' lang='grc' dir='ltr'>τήν</span> <span class='ocrx_word' id='word_1_694' title='bbox 541 4809 667 4879; x_wconf 87' lang='grc' dir='ltr'>διάνοιαν,</span> <span class='ocrx_word' id='word_1_695' title='bbox 680 4809 726 4868; x_wconf 82' lang='grc' dir='ltr'>καλ</span> <span class='ocrx_word' id='word_1_696' title='bbox 748 4810 841 4888; x_wconf 81' lang='grc' dir='ltr'>μηδείς</span> <span class='ocrx_word' id='word_1_697' title='bbox 856 4834 909 4870; x_wconf 90' lang='grc' dir='ltr'>νω-</span> <span class='ocrx_word' id='word_1_698' title='bbox 961 4808 1115 4889; x_wconf 75' lang='lat' dir='ltr'>expositum</span> <span class='ocrx_word' id='word_1_699' title='bbox 1132 4809 1315 4887; x_wconf 84' lang='lat' dir='ltr'>sinoeramque</span> <span class='ocrx_word' id='word_1_700' title='bbox 1334 4806 1493 4867; x_wconf 86' lang='lat' dir='ltr'>doctrinam.</span> <span class='ocrx_word' id='word_1_701' title='bbox 1516 4806 1647 4883; x_wconf 84' lang='lat' dir='ltr'>Tantum,</span> <span class='ocrx_word' id='word_1_702' title='bbox 1673 4819 1704 4864; x_wconf 91' lang='lat' dir='ltr'>nt</span> 
     </span>
     <span class='ocr_line' id='line_1_53' title="bbox 139 4884 1703 5027; baseline 0 -83"><span class='ocrx_word' id='word_1_703' title='bbox 139 4890 208 4964; x_wconf 83' lang='grc' dir='ltr'>θρώς</span> <span class='ocrx_word' id='word_1_704' title='bbox 220 4888 267 4946; x_wconf 78' lang='grc' dir='ltr'>καί</span> <span class='ocrx_word' id='word_1_705' title='bbox 281 4890 404 5027; x_wconf 67' lang='grc' dir='ltr'>ρομθυρμις</span> <span class='ocrx_word' id='word_1_706' title='bbox 417 4887 532 4967; x_wconf 87' lang='grc' dir='ltr'>ἀκυθση·</span> <span class='ocrx_word' id='word_1_707' title='bbox 545 4888 590 4947; x_wconf 82' lang='grc' dir='ltr'>τὸν</span> <span class='ocrx_word' id='word_1_708' title='bbox 601 4888 653 4968; x_wconf 83' lang='grc' dir='ltr'>γάρ</span> <span class='ocrx_word' id='word_1_709' title='bbox 666 4889 762 4969; x_wconf 87' lang='grc' dir='ltr'>τρόπον</span> <span class='ocrx_word' id='word_1_710' title='bbox 776 4890 804 4949; x_wconf 85' lang='grc' dir='ltr'>ὃν</span> <span class='ocrx_word' id='word_1_711' title='bbox 819 4889 909 4968; x_wconf 85' lang='grc' dir='ltr'>μίλλω</span> <span class='ocrx_word' id='word_1_712' title='bbox 962 4886 1032 4963; x_wconf 85' lang='lat' dir='ltr'>dixi,</span> <span class='ocrx_word' id='word_1_713' title='bbox 1046 4901 1162 4946; x_wconf 89' lang='lat' dir='ltr'>mentem</span> <span class='ocrx_word' id='word_1_714' title='bbox 1175 4887 1335 4959; x_wconf 79' lang='lat' dir='ltr'>adhibeatis,</span> <span class='ocrx_word' id='word_1_715' title='bbox 1354 4906 1432 4945; x_wconf 79' lang='lat' dir='ltr'>nemo</span> <span class='ocrx_word' id='word_1_716' title='bbox 1445 4884 1560 4964; x_wconf 86' lang='lat' dir='ltr'>seguiter</span> <span class='ocrx_word' id='word_1_717' title='bbox 1571 4906 1604 4944; x_wconf 89' lang='lat' dir='ltr'>ac</span> <span class='ocrx_word' id='word_1_718' title='bbox 1613 4885 1703 4966; x_wconf 85' lang='lat' dir='ltr'>negli-</span> 
     </span>
    </p>
   </div>
   <div class='ocr_carea' id='block_1_3' title="bbox 138 4885 1704 5216">
    <p class='ocr_par' dir='ltr' id='par_1_3' title="bbox 138 4885 1704 5216">
     <span class='ocr_line' id='line_1_54' title="bbox 338 4885 345 4908; baseline 0 0"><span class='ocrx_word' id='word_1_719' title='bbox 338 4885 345 4908; x_wconf 81' lang='grc' dir='ltr'><em>Ι</em></span> 
     </span>
     <span class='ocr_line' id='line_1_55' title="bbox 138 4965 341 5040; baseline 0.005 -17"><span class='ocrx_word' id='word_1_720' title='bbox 138 4965 236 5040; x_wconf 79' lang='grc' dir='ltr'>λίγειν,</span> <span class='ocrx_word' id='word_1_721' title='bbox 251 4976 304 5024; x_wconf 81' lang='grc' dir='ltr'>πᾶν</span> <span class='ocrx_word' id='word_1_722' title='bbox 329 4989 341 5023; x_wconf 88' lang='grc' dir='ltr'>ε</span> 
     </span>
     <span class='ocr_line' id='line_1_56' title="bbox 140 5041 1704 5128; baseline 0.001 -26"><span class='ocrx_word' id='word_1_723' title='bbox 140 5041 202 5109; x_wconf 73' lang='grc' dir='ltr'>τοὺς</span> <span class='ocrx_word' id='word_1_724' title='bbox 215 5045 481 5128; x_wconf 81' lang='grc' dir='ltr'>παρατυγχάνοντας,</span> <span class='ocrx_word' id='word_1_725' title='bbox 492 5046 564 5115; x_wconf 79' lang='grc' dir='ltr'>ὅπως</span> <span class='ocrx_word' id='word_1_726' title='bbox 582 5047 691 5113; x_wconf 80' lang='grc' dir='ltr'>ἕκαστος</span> <span class='ocrx_word' id='word_1_727' title='bbox 705 5052 783 5125; x_wconf 80' lang='grc' dir='ltr'>ήμῶν</span> <span class='ocrx_word' id='word_1_728' title='bbox 796 5049 827 5108; x_wconf 87' lang='grc' dir='ltr'>τδ</span> <span class='ocrx_word' id='word_1_729' title='bbox 844 5047 909 5108; x_wconf 79' lang='grc' dir='ltr'>ἴδιον</span> <span class='ocrx_word' id='word_1_730' title='bbox 919 5071 955 5109; x_wconf 80' lang='grc' dir='ltr'>πο</span> <span class='ocrx_word' id='word_1_731' title='bbox 964 5067 1036 5122; x_wconf 89' lang='lat' dir='ltr'>surn,</span> <span class='ocrx_word' id='word_1_732' title='bbox 1051 5067 1130 5106; x_wconf 89' lang='lat' dir='ltr'>omne</span> <span class='ocrx_word' id='word_1_733' title='bbox 1148 5045 1307 5105; x_wconf 88' lang='lat' dir='ltr'>delictorum</span> <span class='ocrx_word' id='word_1_734' title='bbox 1324 5065 1408 5124; x_wconf 86' lang='lat' dir='ltr'>genus</span> <span class='ocrx_word' id='word_1_735' title='bbox 1421 5044 1448 5102; x_wconf 89' lang='lat' dir='ltr'>in</span> <span class='ocrx_word' id='word_1_736' title='bbox 1466 5058 1582 5104; x_wconf 89' lang='lat' dir='ltr'>mentem</span> <span class='ocrx_word' id='word_1_737' title='bbox 1594 5059 1704 5104; x_wconf 81' lang='lat' dir='ltr'>revocat</span> 
     </span>
     <span class='ocr_line' id='line_1_57' title="bbox 143 5123 1704 5216; baseline 0.004 -37"><span class='ocrx_word' id='word_1_738' title='bbox 143 5123 274 5202; x_wconf 78' lang='grc' dir='ltr'>γνωρίσας</span> <span class='ocrx_word' id='word_1_739' title='bbox 296 5128 421 5205; x_wconf 88' lang='grc' dir='ltr'>σφάλμα,</span> <span class='ocrx_word' id='word_1_740' title='bbox 444 5124 579 5207; x_wconf 82' lang='grc' dir='ltr'>δακρύσῃ,</span> <span class='ocrx_word' id='word_1_741' title='bbox 593 5125 723 5204; x_wconf 81' lang='grc' dir='ltr'>στενάξῃ,</span> <span class='ocrx_word' id='word_1_742' title='bbox 746 5127 777 5186; x_wconf 83' lang='grc' dir='ltr'>τὸ</span> <span class='ocrx_word' id='word_1_743' title='bbox 800 5128 911 5208; x_wconf 88' lang='grc' dir='ltr'>σφάλμα</span> <span class='ocrx_word' id='word_1_744' title='bbox 928 5129 946 5173; x_wconf 86' lang='grc' dir='ltr'><strong>Α</strong></span> <span class='ocrx_word' id='word_1_745' title='bbox 964 5125 1143 5198; x_wconf 88' lang='lat' dir='ltr'>adstantibus,</span> <span class='ocrx_word' id='word_1_746' title='bbox 1158 5139 1187 5184; x_wconf 94' lang='lat' dir='ltr'>ut</span> <span class='ocrx_word' id='word_1_747' title='bbox 1199 5125 1383 5216; x_wconf 78' lang='lat' dir='ltr'>unusquisque</span> <span class='ocrx_word' id='word_1_748' title='bbox 1395 5137 1516 5183; x_wconf 90' lang='lat' dir='ltr'>nostrum</span> <span class='ocrx_word' id='word_1_749' title='bbox 1527 5145 1606 5183; x_wconf 91' lang='lat' dir='ltr'>suum</span> <span class='ocrx_word' id='word_1_750' title='bbox 1621 5145 1704 5205; x_wconf 91' lang='lat' dir='ltr'>agno·</span> 
     </span>
    </p>
   </div>
   <div class='ocr_carea' id='block_1_4' title="bbox 354 4963 1703 5048">
    <p class='ocr_par' dir='ltr' id='par_1_4' title="bbox 354 4963 1703 5048">
     <span class='ocr_line' id='line_1_58' title="bbox 354 4963 1703 5048; baseline 0.001 -25"><span class='ocrx_word' id='word_1_751' title='bbox 354 4979 396 5033; x_wconf 78' lang='grc' dir='ltr'>δος</span> <span class='ocrx_word' id='word_1_752' title='bbox 416 4968 571 5048; x_wconf 89' lang='grc' dir='ltr'>σφάλματος</span> <span class='ocrx_word' id='word_1_753' title='bbox 590 4968 788 5045; x_wconf 84' lang='grc' dir='ltr'>ἀναμιμνήσκει</span> <span class='ocrx_word' id='word_1_754' title='bbox 809 4969 910 5037; x_wconf 90' lang='grc' dir='ltr'>πάντας</span> <span class='ocrx_word' id='word_1_755' title='bbox 964 4980 1055 5047; x_wconf 83' lang='lat' dir='ltr'>genter</span> <span class='ocrx_word' id='word_1_756' title='bbox 1062 4966 1164 5026; x_wconf 88' lang='lat' dir='ltr'>audiat.</span> <span class='ocrx_word' id='word_1_757' title='bbox 1175 4964 1354 5025; x_wconf 79' lang='lat' dir='ltr'>bloduseuim</span> <span class='ocrx_word' id='word_1_758' title='bbox 1366 4966 1422 5041; x_wconf 90' lang='lat' dir='ltr'>ille,</span> <span class='ocrx_word' id='word_1_759' title='bbox 1436 4963 1471 5023; x_wconf 93' lang='lat' dir='ltr'>de</span> <span class='ocrx_word' id='word_1_760' title='bbox 1478 4986 1532 5042; x_wconf 87' lang='lat' dir='ltr'>quo</span> <span class='ocrx_word' id='word_1_761' title='bbox 1541 4964 1703 5044; x_wconf 86' lang='lat' dir='ltr'>loquuturus</span> 
     </span>
    </p>
   </div>
   <div class='ocr_carea' id='block_1_5' title="bbox 144 5204 1704 5307">
    <p class='ocr_par' dir='ltr' id='par_1_5' title="bbox 144 5204 1704 5307">
     <span class='ocr_line' id='line_1_59' title="bbox 144 5204 1704 5307; baseline 0.001 -46"><span class='ocrx_word' id='word_1_762' title='bbox 144 5204 504 5304; x_wconf 81' lang='grc' dir='ltr'>διορθοισάμενος,ίτοιμάαῃ</span> <span class='ocrx_word' id='word_1_763' title='bbox 519 5205 611 5265; x_wconf 73' lang='grc' dir='ltr'>ἑαυτὸν</span> <span class='ocrx_word' id='word_1_764' title='bbox 700 5205 912 5307; x_wconf 50' lang='lat' dir='ltr'>duroto-fluidi&amp;</span> <span class='ocrx_word' id='word_1_765' title='bbox 964 5226 1043 5277; x_wconf 84' lang='lat' dir='ltr'>scens</span> <span class='ocrx_word' id='word_1_766' title='bbox 1064 5219 1202 5286; x_wconf 82' lang='lat' dir='ltr'>peccatum</span> <span class='ocrx_word' id='word_1_767' title='bbox 1212 5251 1222 5278; x_wconf 85' lang='lat'>,</span> <span class='ocrx_word' id='word_1_768' title='bbox 1255 5206 1337 5282; x_wconf 80' lang='lat' dir='ltr'>fleat,</span> <span class='ocrx_word' id='word_1_769' title='bbox 1364 5204 1540 5283; x_wconf 75' lang='lat' dir='ltr'>ingemiscat,</span> <span class='ocrx_word' id='word_1_770' title='bbox 1567 5219 1704 5285; x_wconf 86' lang='lat' dir='ltr'>peccatum</span> 
     </span>
    </p>
   </div>
   <div class='ocr_carea' id='block_1_6' title="bbox 143 5207 1705 5420">
    <p class='ocr_par' dir='ltr' id='par_1_6' title="bbox 143 5207 1705 5420">
     <span class='ocr_line' id='line_1_60' title="bbox 625 5231 647 5265; baseline 0 0"><span class='ocrx_word' id='word_1_771' title='bbox 625 5231 647 5265; x_wconf 78' lang='lat' dir='ltr'>‘ll&#39;</span> 
     </span>
     <span class='ocr_line' id='line_1_61' title="bbox 143 5207 1705 5420; baseline 0.001 -78"><span class='ocrx_word' id='word_1_772' title='bbox 143 5286 293 5360; x_wconf 76' lang='grc' dir='ltr'>ἀνάμνησιν</span> <span class='ocrx_word' id='word_1_773' title='bbox 308 5285 387 5344; x_wconf 81' lang='grc' dir='ltr'>πάλιν</span> <span class='ocrx_word' id='word_1_774' title='bbox 407 5285 535 5365; x_wconf 79' lang='grc' dir='ltr'>βούλομαι</span> <span class='ocrx_word' id='word_1_775' title='bbox 554 5289 622 5365; x_wconf 72' lang='grc' dir='ltr'>ὑμᾶς</span> <span class='ocrx_word' id='word_1_776' title='bbox 643 5207 750 5367; x_wconf 46' lang='lat' dir='ltr'>liugan</span> <span class='ocrx_word' id='word_1_777' title='bbox 770 5291 823 5346; x_wconf 84' lang='grc' dir='ltr'>τῶν</span> <span class='ocrx_word' id='word_1_778' title='bbox 845 5310 911 5366; x_wconf 84' lang='grc' dir='ltr'>σκυ-</span> <span class='ocrx_word' id='word_1_779' title='bbox 965 5285 1095 5362; x_wconf 72' lang='grc' dir='ltr'>συνοικίαι,</span> <span class='ocrx_word' id='word_1_780' title='bbox 1108 5305 1165 5346; x_wconf 87' lang='lat' dir='ltr'>sese</span> <span class='ocrx_word' id='word_1_781' title='bbox 1175 5283 1210 5343; x_wconf 91' lang='lat' dir='ltr'>ad</span> <span class='ocrx_word' id='word_1_782' title='bbox 1219 5284 1397 5345; x_wconf 79' lang='lat' dir='ltr'>defensionem</span> <span class='ocrx_word' id='word_1_783' title='bbox 1409 5296 1492 5364; x_wconf 83' lang='lat' dir='ltr'>paret.</span> <span class='ocrx_word' id='word_1_784' title='bbox 1505 5285 1705 5420; x_wconf 56' lang='lat' dir='ltr'>ISnSmcmoriam</span> 
     </span>
    </p>
   </div>
   <div class='ocr_carea' id='block_1_7' title="bbox 0 0 1878 5978">
    <p class='ocr_par' dir='ltr' id='par_1_7' title="bbox 0 0 1878 5978">
     <span class='ocr_line' id='line_1_62' title="bbox 0 0 1878 5978; baseline 0 0"><span class='ocrx_word' id='word_1_785' title='bbox 0 0 1878 5978; x_wconf 95' lang='lat' dir='ltr'> </span> 
     </span>
    </p>
   </div>
  </div>
 </body>
</html>
