3728 5978
129 384 197 459 252
478 412 508 459 S·
537 411 678 459 ioannis
704 409 889 459 CHRYSOST·
917 412 1071 462 Ancfflltt’.
1099 415 1370 468 CONSTANTINOP-

126 531 154 590 in
163 532 277 607 balneis,
288 544 314 591 et
325 531 353 590 in
364 550 462 612 pompa
473 530 586 612 perinde
595 532 627 593 fit
634 556 644 610 3
656 531 702 592 sel
712 530 991 632 utdiscipustffolxos
1005 536 1102 615 quivena
1115 539 1169 600 lici
1178 538 1230 623 γὰρ
1241 545 1266 600 οί
1276 541 1398 623 πρόγονοι
1407 541 1456 609 τὰς
1468 544 1537 603 isselt

125 625 168 685 los
181 640 208 684 et
222 624 344 684 doctores
358 644 411 684 urna
428 629 627 705 congregantes,
635 625 696 685 illos
707 625 806 685 horum
821 645 873 706 ope
923 630 1107 710 ᾠκοδόμησαν,
1121 635 1171 714 οὐχ
1182 633 1226 694 ἵνα
1240 637 1270 695 ἐκ
1283 639 1336 695 τῶν
1350 635 1423 696 ίδίων
1437 635 1518 695 οίνων
1532 660 1537 692 ι

126 716 250 776 meliores
269 714 396 776 efficiant.
408 715 466 775 lex
476 715 636 797 simpliciter
647 730 679 776 et
693 715 797 777 decoris
811 737 871 797 spe-
921 746 965 790 τες
974 727 1045 802 ἡμᾶς
1056 725 1180 798 ἀλλήλοις
1188 725 1341 787 δεικνύουσι·
1352 735 1430 788 τοῦτο
1441 726 1495 809 γὰρ
1508 752 1537 788 κε

127 808 181 867 cies
197 809 274 867 sacta
283 821 399 867 sunores
417 807 699 883 nostrae,consuetudn
709 829 783 868 mera
799 828 871 868 nunc
921 815 967 874 καὶ
983 819 1009 876 έν
1025 816 1172 895 βαλανείοις
1186 818 1230 877 καί
1241 821 1269 878 ἐν
1282 824 1378 900 πομπῆ
1391 819 1496 900 γίνοιτο
1511 820 1537 878 ἄν

120 899 258 963 mevenit
266 899 375 979 pascha,
383 920 496 980 maguus
504 899 648 976 tumultus,
657 920 762 980 magne
772 900 871 960 turbae:
921 907 1537 993 μαθητὰςὸμοῦχαὶδςδασχῦωςωνφρύη,

125 996 259 1056 nonenim
270 995 397 1072 dixerim,
411 995 491 1055 multi
502 990 641 1056 homines:
652 995 722 1056 ilhrd
735 996 871 1056 enimnon
921 1000 1028 1068 τούτους
1049 1003 1083 1061 δι’
1100 1001 1207 1062 ἐκείνων
1230 1003 1402 1087 ἐργάσονται.
1421 1005 1513 1083 Νόμος
1535 1039 1537 1056 ι

125 1088 338 1151 verehomirilrm
348 1102 388 1148 est
400 1088 606 1169 opus.Transiit
615 1089 724 1166 festum,
737 1087 872 1148 tumultus
921 1092 1064 1173 ἀφοσίωαις
1076 1093 1166 1175 γέγονε
1184 1096 1219 1156 τὰ
1238 1095 1371 1178 ἡμέτερα·
1385 1097 1511 1170 συνήθεια
1531 1122 1537 1138 ·

126 1196 165 1240 est
176 1182 275 1255 minor,
284 1181 360 1260 quim
371 1196 460 1240 tamen
474 1160 728 1255 ffistuctuosa.Quot
738 1196 801 1242 sunt
810 1203 872 1264 per·
920 1183 1012 1244 λοιπόν
1034 1189 1116 1247 ἐστιν.
1138 1177 1225 1247 Ἦλθε
1248 1188 1278 1248 τὸ
1300 1180 1420 1269 πύσχα,
1435 1186 1519 1257 πολὺς

126 1273 234 1354 vigilia,
244 1288 309 1352 quot
323 1273 391 1334 sacri
405 1275 520 1333 cantus?
531 1277 567 1335 Et
581 1274 648 1353 quid
658 1275 872 1357 hineanaplius?
897 1337 899 1341 Α
920 1276 1006 1348 πολλὴ
1021 1280 1037 1348 ἡ
1052 1279 1173 1360 ταραχή·
1186 1281 1216 1339 ού
1225 1279 1277 1360 γδρ
1290 1279 1321 1339 δν
1337 1280 1439 1360 είποιμι
1448 1281 1537 1341 πολλοΙ

126 1368 186 1426 ltno
195 1368 272 1447 pejus
284 1365 398 1426 accidit:
409 1366 488 1425 multi
499 1367 572 1425 enim
581 1382 692 1448 propter
700 1389 798 1428 vanam
812 1366 871 1448 glo-
920 1391 984 1428 ποι·
1003 1375 1080 1429 τοῦτο
1092 1369 1144 1451 γδιρ
1159 1375 1206 1430 οὖν
1227 1370 1381 1452 ἀνθρώπων.
1402 1372 1533 1444 Ἀπῆλθεν

126 1456 197 1517 riam
205 1458 256 1517 hoc
264 1458 518 1530 faciuntQuantum
528 1458 629 1539 putatis
635 1460 711 1519 mein
720 1460 871 1520 visceribus
921 1458 969 1536 μέν
983 1459 1092 1540 θόρυύος
1106 1463 1296 1541 ὑποτέμνεται,
1320 1463 1458 1544 ἡσυχίαδὲ
1471 1464 1537 1525 πόλι

83 1607 88 1616 „
126 1548 296 1624 discmciari‚
308 1550 373 1609 dnm
386 1548 467 1611 video
476 1551 567 1609 omnia
577 1551 684 1611 dolium
695 1552 723 1611 in
731 1566 871 1632 pertusum
887 1567 906 1614 Β
921 1551 1093 1632 Παννυχίδες
1107 1553 1205 1614 ΙΙπόσαι
1223 1555 1268 1614 καί
1287 1555 1417 1637 ύμνῳδίαι
1437 1556 1523 1638 ίεραί;

127 1644 252 1704 effundi?
263 1643 317 1705 sed
329 1643 439 1704 omnino
452 1643 548 1703 dicetis
561 1644 804 1726 mihi,Seripturas
819 1647 872 1706 sci·
921 1641 1017 1714 πλέον;
1033 1645 1128 1726 Χεῖρον
1149 1646 1197 1724 μίν
1222 1636 1283 1704 cdv·
1305 1647 1398 1707 πολλοί
1417 1648 1465 1708 καί
1480 1649 1525 1710 διδ

127 1757 198 1796 mus.
213 1736 249 1795 Et
262 1735 330 1815 quid
344 1736 419 1795 hoc?
436 1734 466 1794 Si
489 1734 550 1794 illas
565 1736 693 1816 operibus
702 1737 869 1815 exhibeatis,
920 1739 998 1794 τοῦτο
1009 1738 1173 1821 ἐργάζονται.
1186 1739 1250 1806 Πῶς
1260 1737 1346 1798 οἴεσθε
1356 1739 1491 1819 κόπτομαι
1500 1740 1536 1801 τὰ

126 1829 293 1889 hoclucrum
323 1842 370 1906 ert,
391 1828 444 1888 hoc
461 1828 536 1888 utile.
549 1829 668 1890 Officina
692 1831 817 1891 tinctoria
832 1845 871 1893 est
921 1825 1041 1908 νοθοίπορ
1062 1831 1098 1897 et<
1122 1828 1197 1889 πίθον
1218 1830 1378 1910 οοοοημὲνον
1393 1832 1483 1891 πάντα
1505 1858 1537 1914 τις

127 1920 286 1981 eecloeimsi
297 1942 402 2001 semper
412 1920 514 1980 abeatis
524 1921 600 1980 nulla
609 1936 733 2004 acccepta
743 1923 870 2002 tinctura,
920 1915 1003 2002 ὁρίύνς
1026 1918 1106 1980 Ἀλλὰ
1130 1921 1235 1990 πάντως
1260 1923 1343 2002 ἐρεῖτέ
1367 1948 1427 2003 μοι,
1453 1925 1498 1986 ότι
1518 1951 1537 1985 τ

126 2037 186 2094 quae
216 2015 320 2074 utilitas
340 2014 396 2074 hue
413 2015 567 2093 frequenter
587 2016 752 2076 convenire?
780 2019 870 2100 Majus
921 2009 1006 2088 ἴομεν·
1020 2000 1279 2088 Koloiwiirosdv
1289 2013 1333 2074 διδ
1345 2018 1398 2074 τῶν
1409 2016 1493 2097 ἔργων
1507 2018 1537 2076 αὖ

125 2106 363 2189 quippedamnum
385 2121 433 2167 est.
445 2107 515 2178 Quis
533 2108 568 2167 iis
576 2108 752 2189 legibusquid
760 2108 868 2191 adjecit,
920 2100 1031 2178 ννῦητο,
1044 2102 1120 2162 οοῧοί
1136 2105 1193 2162 ίονν
1211 2104 1245 2163 οὗ
1257 2103 1362 2185 νίοδοον
1378 2105 1447 2180 οὔτοο
1458 2112 1475 2179 ἡ
1487 2110 1537 2188 οἶνοί

126 2221 218 2278 quasa
229 2199 610 2282 petuliusaceepitiExempli
619 2203 788 2261 eausassolet
798 2203 871 2281 quis
921 2201 991 2273 φοῖον
1004 2199 1022 2267 ἡ
1037 2193 1167 2266 ἕννληοίο
1183 2195 1268 2256 ἐστίν·
1283 2196 1314 2256 ἂν
1328 2197 1471 2265 διαπαντὸς
1490 2199 1537 2259 inl

126 2290 198 2371 piam
210 2290 366 2350 memoriam
376 2292 462 2350 facere
471 2291 627 2367 matris,rel
636 2292 741 2371 uxoris,
751 2292 793 2353 vel
805 2293 868 2352 siliis
922 2285 984 2364 μίαν
995 2286 1132 2367 δεχόμενον
1143 2287 1241 2368 βοφδνν
1261 2288 1289 2348 τί
1310 2290 1341 2349 οὗ
1357 2290 1450 2370 ὄοῑλος
1464 2298 1512 2352 τοῧ
1525 2315 1537 2352 ο

126 2381 178 2440 hoc
200 2381 267 2440 lacit
287 2381 447 2441 siveaudiat
455 2427 465 2459 ‚
477 2383 537 2444 sive
563 2403 618 2442 non
639 2383 733 2444 audiat
752 2383 869 2464 anobis,
920 2383 1005 2438 τοῧθα
1020 2378 1104 2454 llum
1118 2379 1223 2448 Μείζνον
1243 2379 1291 2459 μὲν
1302 2380 1384 2462 γδρὴ
1400 2383 1537 2461 βλοίύη.’[

126 2471 345 2532 aconsuetudine
363 2486 390 2532 et
411 2495 427 2532 a
448 2473 606 2534 conscientia
630 2474 751 2535 allectus.
773 2475 871 2537 ldoone
922 2471 1164 2553 μονεπροοὲθηκον,
1175 2463 1339 2540 οἷεᾶποτῶο
1353 2473 1476 2554 πατέρων
1490 2475 1537 2536 ίδύ

126 2565 291 2647 indignaris,
306 2565 523 2646 inquiatlbsit
531 2591 541 2647 5
550 2567 605 2628 imo
615 2556 732 2628 multum
744 2568 849 2650 gaudeo
857 2602 867 2657 3
920 2588 947 2623 τι
961 2561 1050 2644 λέγω·
1067 2564 1147 2632 ἔθοςδ
1160 2565 1232 2623 δεῖνον
1248 2563 1304 2646 ἔχει
1321 2573 1406 2625 ποιεῖν
1421 2567 1470 2640 τὴν
1484 2568 1537 2628 ἀντί

126 2658 174 2718 sod
193 2659 291 2720 vellem
309 2657 388 2718 illum
409 2658 552 2741 quidpiam
575 2682 611 2720 ex
632 2659 757 2720 concione
779 2664 904 2720 συνετοῦ
922 2654 1066 2739 μητρδς,ἢ
1083 2660 1131 2729 τῆς
1150 2657 1286 2737 γοναυιδς,
1299 2657 1317 2730 ἢ
1332 2666 1378 2719 τοῦ
1392 2659 1537 2719 παιδίου·ι

125 2750 244 2829 lucraris
253 2764 278 2810 et
290 2749 364 2829 quod
371 2750 535 2811 consuetudo
546 2751 617 2828 fecit,
633 2751 662 2811 id
671 2751 752 2812 etiarn
763 2773 779 2811 a
791 2753 870 2813 nobis
920 2749 970 2807 κᾶν
987 2772 1016 2807 τε
1032 2747 1131 2828 ἀκούῃ,
1146 2749 1195 2809 νύν
1210 2773 1239 2808 τε
1255 2750 1292 2828 μὴ
1310 2749 1393 2831 οὐιούῃ
1406 2755 1472 2834 παρ’
1483 2754 1537 2829 ἡμδ

125 2846 202 2921 lieri,
227 2861 254 2907 et
271 2846 353 2906 aliam
374 2845 594 2906 consuetudinem
614 2846 715 2908 induci.
741 2848 871 2928 Alioquin
921 2839 1058 2915 οονηθοίος
1071 2840 1116 2899 κοί
1127 2845 1173 2900 τοῦ
1184 2841 1329 2911 οονῑνδίῐοο
1342 2842 1492 2921 ἑλκόμενος·
1502 2846 1537 2903 At

126 2941 194 3021 quid
207 2942 305 3000 frustra
317 2942 419 3019 laboro,
434 2941 456 3001 si
470 2942 499 3000 in
513 2942 609 3003 iisdem
621 2943 742 3004 mansuri
754 2943 836 3005 ostis?
846 2943 869 3003 si
921 2936 1091 3010 ἆγοννννοῖοι
1103 2931 1168 3011 νηοί
1175 2958 1183 3007 3
1193 2932 1240 3005 Ml
1251 2933 1367 3013 Υένοννοι
1381 2928 1450 2992 llll
1460 2934 1506 2994 ναί
1516 2958 1537 2994 ον

126 3035 196 3095 nihil
208 3035 287 3097 vobis
296 3053 411 3116 synaxes
424 3035 537 3095 aderaut
550 3036 636 3096 boni?
920 3023 1066 3102 ίόονδόῖνην
1082 3023 1109 3083 δὲ
1124 3023 1200 3085 αὐτόν
1214 3047 1240 3084 νο
1255 3023 1300 3083 ml
1314 3024 1368 3084 ἀπὸ
1379 3028 1429 3097 τῆς
1440 3026 1537 3107 ’iltuit

921 3119 1017 3176 σασθαι
1027 3114 1179 3190 διαλίξεως,
1190 3116 1236 3175 καί
1245 3115 1311 3198 όπερ
1322 3120 1338 3188 ἡ
1353 3115 1479 3188 συνήθεια
1490 3120 1537 3178 ἐπα

921 3206 985 3269 ι’καί
1007 3211 1052 3287 ἀφ’
1067 3209 1143 3284 ἡμῶν
1165 3206 1300 3285 γενέσθαι,
1321 3207 1367 3266 καί
1388 3207 1481 3290 ἑτέραν
1504 3212 1537 3269 ἐπ

921 3298 1073 3372 συνήθειαν·
1087 3298 1145 3358 ἐπεί
1157 3297 1185 3356 τί
1198 3298 1333 3377 κόπτομαι
1347 3303 1406 3379 εἰκῇ
1422 3301 1468 3358 καί
1483 3302 1537 3382 ληρ

920 3394 991 3451 λοιτε
1007 3389 1051 3450 ἐπὶ
1064 3394 1118 3450 τῶν
1131 3393 1216 3449 αὐτῶν
1236 3389 1333 3468 μένειν,
1349 3394 1373 3450 εί
1387 3391 1470 3471 μηδὲν
1487 3395 1537 3452 cir

258 3548 264 3559 ,
921 3489 990 3562 ὑμᾶς
1000 3483 1153 3562 ἐργάζονται
1163 3482 1280 3561 ἀγαθόν,

165 3581 193 3638 ί.
215 3577 317 3651 Etiam,
326 3577 440 3656 inquies,
454 3595 604 3657 precamur.
616 3574 652 3634 Et
666 3573 733 3653 quid
748 3572 801 3632 hoe
812 3572 870 3631 sine
961 3574 1032 3649 Ναί,
1047 3573 1142 3654 φησὶν,
1163 3573 1303 3654 εὐχόμεθα.
1323 3574 1378 3634 Καὶ
1391 3573 1417 3634 τί
1428 3579 1523 3650 τοῦτο,

1 3692 3 3695 ·
45 3706 61 3730 ι.
93 3721 98 3732 .
124 3670 354 3754 openbuslludi
370 3669 510 3729 Christum
525 3667 659 3727 dicentem
673 3690 680 3723 ι
696 3669 764 3727 Non
775 3670 870 3725 omnis
886 3685 905 3732 n
922 3665 1121 3749 tpquq'axose
1134 3671 1180 3725 τοῦ
1191 3667 1309 3745 Χριστοῦ
1319 3665 1455 3745 λέγοντος·
1470 3670 1537 3726 θύει

8 3783 13 3793 ’
125 3769 177 3846 qui
197 3765 269 3823 dicit
291 3763 375 3835 miti,
394 3762 530 3833 Domine,
548 3761 687 3830 Domine,
702 3759 826 3817 intrabit
839 3761 871 3815 in
923 3782 981 3838 μοι,
1001 3757 1099 3837 Κύριε,
1114 3756 1214 3838 Κύριε,
1238 3757 1415 3818 εἰσελεύσεται
1436 3760 1473 3826 είς
1492 3757 1537 3831 τὴν

122 3880 244 3942 regnum
254 3857 460 3934 caelorum,sed
468 3859 519 3932 qui
522 3856 606 3938 facit
614 3855 800 3919 uoluntatem
810 3855 870 3912 Pa·
921 3853 974 3910 τῶν
988 3851 1116 3930 οὐρανῶν,
1139 3851 1198 3908 ἀλλ’
1219 3853 1333 3908 θποιῶν
1353 3851 1384 3910 τδ
1401 3849 1507 3929 θελημα
1526 3873 1537 3908 τ

122 3957 176 4013 tris
189 3955 256 4023 mei,
269 3955 320 4032 qui
329 3963 371 4009 est
382 3953 415 4007 in
428 3949 520 4011 coelis,
531 3948 609 4028 Saepe
622 3946 705 4005 stanni
718 3967 768 4026 ego
781 3945 869 4022 silere,
923 3965 973 4021 μου
986 3946 1032 3999 τοῦ
1047 3944 1074 4000 έν
1085 3949 1139 4010 τοῖς
1153 3941 1279 4022 οὐρανοῖς.
1294 3940 1431 4009 Πολλύκις
1444 3939 1528 4021 ἔγνων

121 4044 218 4104 videns
234 4043 304 4102 nihil
318 4063 353 4101 ex
365 4038 643 4100 sermonibus'nostris
655 4037 733 4098 rolris
743 4037 813 4096 lucri
824 4057 868 4096 ae·
922 4057 980 4106 σαι,
997 4031 1129 4113 μηδεμίαν
1151 4031 1204 4091 ἀπὸ
1220 4036 1273 4091 τῶν
1287 4031 1425 4113 ἡμετέρων
1438 4033 1525 4113 λόγων

80 4160 82 4164 ·
121 4135 231 4196 cedere:
246 4133 289 4195 vel
303 4130 633 4211 sorteaccedit,egovero
645 4127 869 4208 quodinsctiabi-
920 4130 982 4204 ύμῖν
1002 4122 1269 4205 ίγγινομίνηνόρῶν·
1284 4121 1302 4195 ἢ
1320 4123 1537 4204 τοίχογίνεταιμ

120 4226 155 4285 lis
168 4238 194 4285 et
209 4223 323 4305 cupidus
336 4222 397 4299 sim,
421 4221 541 4303 idipsum
555 4220 645 4301 patior
667 4218 742 4298 quod
758 4218 795 4296 ii,
820 4218 869 4297 qui
919 4219 972 4281 ύπδ
991 4217 1141 4291 ἀπληστίας
1153 4216 1199 4276 καί
1212 4218 1313 4288 πολλῆς
1326 4214 1467 4293 ἐπιθυμίας
1479 4219 1537 4275 ταῖν

121 4317 192 4376 circa
200 4314 326 4396 pecunias
339 4314 484 4373 insaniunt.
496 4313 568 4373 Nam
579 4312 648 4371 sicut
660 4310 711 4385 illi,
720 4322 868 4388 quantum·
920 4319 974 4378 τοῖς
994 4310 1054 4389 περί
1080 4309 1115 4369 τδι
1141 4307 1271 4390 χρήματα
1297 4305 1474 4385 μαινομένοις.
1493 4311 1537 4369 Kc

121 4410 164 4469 vis
174 4406 356 4484 accumulent,
368 4405 438 4465 nihil
446 4426 474 4464 se
485 4417 581 4486 putant
593 4403 695 4462 habere
706 4424 714 4459 ο
724 4403 763 4461 sic
773 4416 799 4462 et
807 4423 866 4483 ego,
920 4406 1029 4474 ἐκεῖνοι,
1041 4401 1092 4463 ὅσοι
1108 4400 1139 4461 δν
1151 4399 1361 4479 περιύοίλευνται,
1377 4397 1453 4459 otti
1466 4405 1537 4479 ἡγοῦ

120 4502 184 4582 quia
199 4501 313 4560 salutem
327 4511 445 4558 vestram
457 4494 606 4560 admodum
620 4493 711 4575 cupio,
725 4493 811 4554 donee
824 4494 867 4554 vi·
919 4494 988 4556 ούτω
999 4493 1045 4554 καί
1059 4493 1146 4564 αύτδς,
1160 4491 1252 4565 ἐπειδὴ
1266 4489 1368 4572 σφόδρα
1381 4495 1430 4563 τῆς
1442 4490 1537 4572 ύμετίρ

120 4596 185 4656 dero
209 4615 259 4655 vos
281 4590 433 4673 profecisse,
454 4588 524 4648 nihil
538 4609 581 4647 me
595 4586 777 4668 secisseputo,
792 4585 866 4665 quod
919 4585 1069 4665 σωτηρίας,
1092 4583 1143 4652 έως
1165 4583 1197 4642 δν
1224 4581 1272 4642 ίδω
1293 4582 1490 4663 προκεκοφότας
1515 4588 1537 4661 lq

121 4689 237 4748 multum
260 4683 421 4759 desiderem,
437 4695 468 4741 ut
480 4681 516 4740 ad
538 4680 628 4760 ipsum
650 4680 756 4739 culmen
774 4701 864 4740 ascen-
919 4684 1036 4760 ἡγοῦμαι
1049 4674 1194 4758 εῖργύοθαι,
1207 4673 1251 4735 διδ
1264 4673 1294 4733 τδ
1308 4673 1408 4755 σφόδρα
1418 4677 1537 4754 ἐπιθυμεῖ

120 4783 198 4843 datis.
206 4781 313 4844 Vellem
328 4780 365 4837 ita
376 4775 527 4851 sehabere3
538 4773 621 4852 idque
633 4794 668 4832 ex
683 4774 781 4832 affeetu
793 4793 863 4848 meo,
884 4787 902 4833 n
919 4772 967 4843 τλν
990 4770 1039 4845 τὴν
1054 4765 1170 4849 κορυφὴν
1190 4770 1259 4844 θμνῖς
1277 4769 1369 4826 ἐλθεῖν.
1393 4767 1537 4846 Βουλοίμνγ

155 5012 164 5032 »ν
183 5008 249 5049 πόσαι
261 4991 331 5043 deest
341 4993 366 5041 in
379 5006 429 5039 uno
440 4987 504 5039 Cod.
930 4986 958 5036 Α,
972 4986 1000 5035 B.
1013 4984 1043 5035 C.
1055 4989 1094 5052 οῖρ·
1107 4990 1182 5050 ἡμῶν,
1200 4998 1245 5043 μοι·
1264 4998 1323 5045 nos,
1348 4991 1433 5030 nostra
1452 4998 1537 5048 operar,

155 5077 168 5112 b
186 5071 258 5123 idem
274 5069 351 5122 Savil.
365 5078 401 5122 καὶ
420 5074 454 5137 ἐφ’
467 5075 531 5134 ἡμῶν
547 5072 654 5132 γενέσθαι.
669 5062 752 5117 Morti.
766 5080 825 5115 vero
841 5070 880 5132 ἀφ’
931 5080 1007 5114 unum
1021 5059 1203 5128 probandum]

122 5163 193 5218 lquor.
210 5151 350 5214 Utrumque
366 5147 466 5198 admitti
485 5156 578 5211 potest.
594 5144 644 5213 [lp'
657 5151 729 5209 ἡμῶν,
749 5146 775 5193 in
795 5143 880 5206 nobis,
