3728 5978
223 383 295 456 338
566 397 970 453 s.tosuu1scnnrsosr.
999 398 1155 487 urentur.
1183 398 1451 449 corsraurmor.

261 533 290 590 2.
311 526 365 590 sed
377 547 419 606 en,
432 545 492 607 quae
503 524 627 607 superius
637 523 706 584 lecta
719 537 792 601 sunt,
804 535 966 605 repetamus.
1060 523 1130 585 Ἀλλ’
1143 524 1241 604 ἴδωμεν
1256 524 1353 585 eecce
1369 523 1404 583 εδ
1417 520 1613 602 ἀνεγνωσμένα.
1633 519 1669 582 Ὅ
1680 521 1708 581 δέ
1720 520 1793 582 Παῦ-

220 623 338 684 Paulus
352 635 451 682 autem
469 623 620 701 navigavit
637 622 670 677 ιἐι
689 617 819 694 Syriam,
830 613 929 695 inquit,
940 627 969 674 et
1019 618 1064 685 λος
1089 614 1192 686 ἐξέπλει
1213 620 1250 684 εἰς
1272 615 1321 689 τλν
1345 614 1459 696 Συρίαν,
1472 614 1553 695 φησὶ,
1579 613 1628 672 καί
1651 613 1700 674 σὺν
1723 616 1794 694 αὐτῷ

219 733 288 774 cum
304 714 358 773 illo
367 711 510 773 Priscilla
520 723 549 770 et
562 709 691 791 Aquita,
704 729 783 787 quos,
798 729 861 769 cum
872 729 971 791 perre-
985 717 1005 765 1)
1020 707 1172 790 Πρίσκιλλα
1197 708 1243 768 καί
1266 706 1390 779 Ἀκύλας,
1419 705 1463 774 ote
1492 705 1539 766 καί
1562 705 1733 780 καταντόσας
1758 711 1794 773 εἰς

222 804 306 865 nisset
317 805 467 886 Ephesum,
481 803 521 862 ibi
537 801 656 881 reliquit.
668 800 722 861 Vel
739 799 803 880 quia
815 800 923 861 nolebat
936 800 970 860 il·
1019 800 1134 883 Ἔρεσον
1144 801 1284 862 κατέλιπεν
1299 803 1388 861 αὐτοῦ.
1397 797 1437 859 *fl
1451 798 1492 858 ότι
1503 801 1552 859 οὐκ
1561 797 1687 859 όύουλετο
1699 799 1794 879 περιά-

222 894 265 955 los
287 894 501 972 circumducere,
529 893 588 953 ideo
616 890 727 969 reliquit
742 891 808 952 :vel
825 891 926 972 potius,
940 904 971 950 ut
1018 913 1076 971 γειν
1090 890 1196 967 αὐτοὺς,
1212 890 1258 952 καί
1277 891 1322 952 διδ
1340 895 1419 951 τοῦτο
1431 888 1794 969 κστέλιπεν·ἢμῦλλονίνα

222 985 345 1048 doctores
359 998 497 1046 manerent
509 982 646 1066 Ephesiis.
659 982 716 1064 lpsi
729 1003 794 1044 vem
808 995 900 1063 postea
920 983 971 1042 Co
1021 983 1175 1045 διδάσκαλοι
1196 983 1296 1063 μένωσι
1318 991 1374 1050 τοῖς
1396 985 1423 1044 ἐν
1440 982 1555 1064 Ἐρέσῳ.
1570 981 1653 1042 Αὐτοί
1675 983 1705 1042 δὲ
1728 983 1794 1060 peel

221 1077 306 1138 rinthi
328 1077 497 1152 habitarunt,
511 1075 547 1135 d'e
564 1075 664 1154 quibus
677 1073 759 1133 etiam
772 1073 918 1154 magnifice
931 1088 972 1134 te-
1020 1084 1103 1137 ταῦτα
1115 1077 1166 1150 τὴν
1181 1078 1306 1159 Κόρινθον
1320 1077 1430 1156 ᾤκησαν
1435 1122 1444 1152 ,
1454 1067 1493 1144 οἷς
1512 1076 1559 1136 καλ
1573 1074 1679 1156 μεγάλα
1693 1099 1794 1154 μαρτυ·

219 1170 366 1244 stificatur,
375 1183 402 1230 et
413 1169 543 1230 Romanis
552 1167 672 1227 scribens
682 1165 782 1226 salum
790 1166 972 1248 ipsos.Qoare
1021 1176 1076 1246 ρεῖ,
1092 1168 1138 1230 καί
1149 1167 1294 1248 Ῥωμαίοις
1305 1168 1468 1228 ἐπιστέλλων
1486 1167 1678 1251 προσαγορεύει
1690 1167 1792 1235 αὐτοῦς.

221 1260 335 1324 videtur
348 1262 416 1322 mihi
431 1262 503 1343 ipsos
516 1274 608 1342 postea
623 1258 727 1319 venisse
737 1260 864 1336 Romam,
879 1271 972 1340 utpote
1018 1257 1101 1321 Ὅθεν
1125 1284 1171 1340 μοι
1197 1261 1269 1340 δοκεῖ
1296 1258 1365 1338 μετά
1389 1266 1476 1320 ταῦτα
1502 1259 1595 1328 αὐτοὺς
1622 1263 1660 1328 είς
1683 1257 1793 1337 Ῥώμην

219 1332 281 1436 η.
293 1354 409 1415 libenter
429 1356 628 1433 frequentarent
644 1351 715 1429 loca,
730 1351 802 1411 unde
818 1351 895 1433 ejecti
914 1352 972 1410 sue·
1019 1353 1153 1429 άπελθεῑν,
1169 1353 1217 1412 ότε
1232 1355 1481 1436 έμιριλοχωροῦντας
1493 1362 1548 1421 τοῖς
1561 1352 1651 1420 τόποις
1666 1352 1793 1425 ἰκτίνοις,

155 1450 173 1481 ⁶
221 1463 282 1517 rant
302 1449 355 1508 sub
370 1450 484 1508 Nerone.
498 1449 541 1507 Et
553 1446 741 1517 descendens,
758 1444 856 1523 inquit,
873 1445 970 1504 θοινα-
1019 1443 1077 1504 όθεν
1093 1443 1216 1514 ἐξέπεσον
1231 1445 1275 1505 ἐπὶ
1285 1445 1416 1527 Νέρωνος.
1430 1444 1484 1505 Καί
1499 1443 1633 1519 καταόδς,
1646 1443 1745 1526 φησίν,
1758 1447 1794 1510 είς

221 1562 315 1618 mam,
323 1561 390 1601 crem
399 1541 579 1600 ascendisset
587 1551 616 1597 et
623 1537 781 1598 salutasset
793 1537 970 1610 Ecclesiam,
1019 1536 1198 1617 Καισάρειαν,
1214 1536 1315 1606 άναύδς
1333 1537 1380 1598 καί
1402 1537 1590 1616 ἀσπασάμενος
1608 1535 1657 1610 τλν
1677 1535 1793 1609 Ἐκκλη-

221 1634 374 1693 descendit
387 1633 593 1702 Antiochiam,
603 1641 766 1709 exactoque
776 1631 818 1687 ibi
833 1629 971 1710 aliquan·
1019 1628 1093 1704 σέαν,
1117 1629 1217 1701 metes
1238 1632 1275 1699 είς
1296 1629 1476 1711 Ἀντιόχειαν,
1497 1630 1543 1690 καί
1564 1629 1679 1703 ποιήσας
1699 1628 1792 1710 χρόνον

222 1735 253 1784 ιο
265 1737 402 1803 tempore,
416 1726 499 1794 exiit,
514 1722 715 1802 pertramicrte
731 1718 903 1779 Galaticum
915 1740 970 1777 ex·
986 1719 1092 1794 ῦτινά,
1114 1719 1221 1794 ἐξῆλθε,
1245 1719 1413 1802 διερχόμενος
1432 1720 1481 1795 τὴν
1506 1721 1658 1796 Γαλατικὴν
1682 1719 1792 1790 καθεξῆς

222 1816 293 1874 inde
306 1819 453 1896 regionem
462 1826 491 1873 et
501 1815 679 1892 Phrygiam.
692 1809 812 1874 Videtur
822 1811 891 1870 mihi
902 1810 971 1871 fide·
1019 1809 1110 1894 χώραν
1123 1811 1169 1871 καί
1182 1810 1313 1891 Φρυγίαν.
1326 1812 1408 1892 Ἐμοί
1427 1815 1532 1874 δοκοῦσι
1550 1815 1633 1873 καλοί
1648 1811 1741 1873 πιστοί
1754 1811 1792 1871 έτι

220 1905 260 1967 les
274 1906 333 1969 illio
353 1921 500 1965 conventus
520 1904 620 1983 egisse:
632 1897 775 1962 nonenim
796 1902 888 1961 statim
908 1902 971 1964 illos
1020 1907 1077 1964 ἐκεῖ
1100 1903 1276 1984 συνάγεσθαι·
1295 1906 1326 1966 οὐ
1348 1903 1401 1986 γάρ
1424 1905 1517 1973 εὐθέως
1544 1903 1636 1974 αὐτοὺς
1657 1904 1790 1966 ἀπέσπων.

220 1998 421 2060 abstrahebant.
437 1997 511 2059 Vide
527 2010 616 2055 autem
632 1993 767 2074 qttomodo
781 1993 844 2054 illos
866 2009 969 2074 urgeat.
1019 1995 1093 2079 Ὅρα
1105 1996 1134 2058 δέ
1147 2000 1204 2066 πῶς
1223 1996 1315 2064 αὐτοὺς
1335 1997 1476 2072 ἐπείγεται.
1490 1997 1545 2058 Καί
1559 1995 1656 2065 ταιίεας
1673 1995 1722 2064 τάς
1736 1997 1791 2076 χόν-

219 2086 316 2151 Ethas
324 2091 446 2170 mgiones
455 2089 554 2149 iterum
567 2087 722 2170 pertransit,
730 2099 760 2146 ut
772 2087 912 2169 praesentia
920 2109 970 2147 sua
1020 2113 1066 2172 ρας
1082 2090 1162 2150 πολιν
1183 2089 1330 2171 διέρχεται,
1354 2088 1424 2150 ὥστε
1441 2094 1475 2170 τῇ
1496 2089 1631 2171 παρουσία
1644 2088 1791 2168 βεύαιῦιααι

219 2181 369 2264 discipulos
387 2182 535 2242 confirmet.
549 2182 672 2242 Jodoeus
686 2201 758 2241 vero
779 2181 910 2261 quidem,
928 2181 970 2240 in·
1017 2180 1077 2252 τυύς
1088 2181 1218 2261 μαθητάς.
1234 2182 1359 2249 Ἰουδαῖος
1372 2182 1401 2243 δέ
1413 2206 1467 2255 τις,
1482 2183 1577 2263 φησὶν,
1590 2180 1728 2248 Ἀπολλὼς
1740 2181 1793 2241 eve

219 2274 289 2355 quit,
304 2275 416 2356 Apollo
425 2278 542 2358 nomine
558 2276 641 2332 venit
656 2274 815 2353 Ephesum,
826 2276 970 2352 potensin
1020 2299 1101 2355 ματι,
1123 2274 1286 2348 κατήντησεν
1301 2277 1338 2343 είς
1351 2274 1480 2356 Ἔρεσον,
1502 2275 1610 2342 δυνατδς
1628 2272 1666 2335 ὢν
1687 2276 1715 2333 έν
1736 2283 1793 2341 ταῖς

219 2367 384 2449 Scripturis.
396 2367 485 2426 Homo
504 2364 621 2445 diligens
637 2379 706 2440 erat3
721 2363 836 2444 ideoque
849 2363 970 2445 peregri·
1018 2367 1147 2449 Γραραῖς.
1157 2366 1366 2446 Διεγηγερμένος
1376 2358 1409 2438 ἦν
1422 2371 1436 2426 ό
1447 2367 1601 2450 ἄνθρωπος·
1616 2367 1658 2427 διὸ
1667 2365 1714 2426 καί
1729 2370 1793 2426 dm-

222 2459 347 2522 nabatur.
360 2461 495 2540 Quicum
504 2462 643 2529 vertisset,
651 2456 750 2536 inquit,
762 2460 795 2514 in
803 2455 967 2530 Achaiam,
1019 2458 1118 2538 δημίας
1131 2457 1269 2519 στέλλεται
1283 2457 1349 2541 ὑπὲρ
1363 2458 1456 2517 τούτου
1470 2463 1559 2519 αὐτοῦ.
1572 2458 1625 2527 Ὅς
1642 2458 1791 2539 παραγενό

220 2553 410 2611 vehementer
421 2553 589 2611 revincebat
598 2550 718 2610 ledeos
729 2548 903 2628 publiceDe
914 2569 969 2627 quo
1020 2573 1112 2630 μενος,
1126 2548 1223 2630 φησίν,
1243 2553 1281 2618 είς
1294 2548 1421 2630 Ἀχαίαν,
1437 2549 1548 2618 εὐτόνως
1566 2550 1792 2632 διακατηλέγχετο

220 2641 326 2720 Paulus⁴
333 2641 456 2702 dicebat:
468 2643 515 2702 De
529 2640 643 2722 Apollo
656 2652 755 2699 autem
760 2640 872 2721 fratre.
887 2636 969 2712 Quod
1019 2650 1073 2709 τοῖς
1087 2639 1222 2708 Ἰουδαίοις
1242 2641 1365 2722 δημοσία.
1383 2642 1450 2724 Περὶ
1464 2641 1556 2702 τούτου
1572 2642 1681 2722 γράφων
1702 2642 1791 2722 ἔλεγε

219 2731 330 2815 publice
352 2731 536 2813 redargueret,
553 2731 619 2792 hinc
633 2728 734 2790 fiducia
757 2729 950 2790 ostendebatur
957 2734 1089 2822 tmsstel
1108 2732 1137 2793 δὲ
1154 2732 1274 2794 Ἀπολλὼ
1291 2740 1336 2794 τοῦ
1355 2737 1476 2816 άδελροῦ.
1488 2738 1537 2817 Τῷ
1551 2735 1598 2814 μὲν
1614 2727 1658 2794 οὐν
1676 2735 1792 2816 δημοσίᾳ

220 2823 296 2905 quod
308 2825 479 2886 vehementer
491 2823 605 2883 facultas
617 2822 736 2882 enitebat
740 2844 750 2898 ς
761 2820 837 2901 quod
849 2842 884 2881 ex
894 2820 969 2881 divi·
985 2835 1006 2880 Δ
1020 2826 1152 2909 ἐλέγχειν,
1173 2830 1190 2896 ἡ
1214 2827 1351 2907 παρρησία
1370 2828 1520 2887 ίδείκνυτο·
1535 2830 1574 2908 τῷ
1588 2826 1615 2887 δὲ
1635 2825 1760 2901 εὐτόνως,
1774 2833 1791 2898 ἡ

219 2918 263 2978 nis
277 2916 426 2999 scripturis
444 2916 603 2992 ostenderet,
613 2913 780 2997 experientia
800 2914 971 2975 monstraba—
1020 2918 1129 2998 δύναμις
1148 2919 1288 2989 ἐδηλοῦτο·
1302 2923 1341 3001 τῷ
1361 2918 1389 2980 δέ
1403 2922 1498 2979 ἐκτῶν
1514 2918 1589 2978 θείων
1603 2921 1717 3001 Γραρῶν
1737 2923 1791 2980 ἐπι·

219 3020 277 3068 tur.
288 3010 384 3088 Neque
403 3008 477 3067 enim
489 3006 596 3067 dicendi
610 3007 720 3066 libertas
733 3005 837 3085 aliquid
853 3005 970 3087 perficit,
1019 3010 1324 3091 δεικνῦειν,ἡέμπειρία.
1333 3011 1402 3080 Οὐτε
1412 3010 1489 3091 γάρὴ
1500 3010 1636 3091 παρρησία
1642 3035 1670 3069 τι
1676 3015 1795 3070 συντελεῖ

218 3101 242 3162 si
256 3123 311 3185 non
323 3101 397 3161 adsit
410 3100 535 3159 bouitas:
544 3120 630 3178 neque
639 3098 765 3175 facultas,
776 3098 825 3157 ubi
838 3098 913 3157 abest
923 3097 970 3157 illa
1018 3106 1078 3163 καθ’
1092 3101 1203 3176 έαυτλν,
1217 3105 1285 3162 ὀὐκ
1306 3103 1385 3176 οὔσης
1394 3103 1538 3181 δυνάμεως,
1553 3103 1610 3163 οὔτε
1630 3108 1647 3176 ἡ
1669 3102 1795 3182 δύναμις,

217 3192 338 3253 libertas.
354 3190 428 3271 Ergo
447 3210 501 3251 non
520 3189 578 3249 sine
599 3210 677 3249 causa
704 3188 833 3267 Aquilam
859 3187 969 3267 reliquit
1018 3197 1066 3257 οὐκ
1083 3196 1162 3270 οὔσης
1176 3194 1334 3280 πορρηοιας.
1346 3195 1412 3277 'Ape
1427 3200 1474 3255 οὐκ
1489 3197 1548 3275 εἰκῇ
1562 3193 1675 3255 Ἀκύλαν
1687 3197 1795 3256 κατέλι-

219 3286 333 3369 ΕΡίῙέὸίν
349 3284 396 3346 sed
417 3298 528 3367 Pf⁰Pter
549 3283 646 3364 AP⁰ll⁰
664 3283 753 3341 s⁰f⁸³⁰
776 3281 897 3362 spillius
918 3283 970 3342 l¹0⁰
1018 3313 1067 3350 πεν
1087 3293 1123 3358 εἰς
1143 3289 1272 3374 Ἔρεσον,
1301 3288 1370 3348 ἀλλά
1391 3288 1434 3347 διδι
1459 3290 1503 3350 τὸν
1525 3287 1645 3349 Ἀπολλὼ
1669 3288 1741 3370 τάχα
1765 3291 1795 3348 τὸ

217 3377 405 3461 dispensavit,
419 3390 449 3436 ιιι
466 3375 562 3437 sortior
577 3373 730 3434 ascenderet
743 3372 916 3433 Corinthum.
934 3375 970 3434 Et
1019 3383 1132 3460 Πνεῦμα
1153 3390 1229 3442 τοῦτο
1249 3380 1435 3462 ᾠκονόμησεν,
1455 3379 1525 3439 ὥστε
1545 3380 1713 3461 ἰσχυρότερον
1736 3386 1795 3442 ἐπι-

219 3490 270 3529 cur
289 3469 354 3528 huic
373 3467 444 3528 nihil
456 3469 588 3543 lecerunt,
604 3466 631 3524 in
647 3465 763 3525 Paulum
776 3476 867 3524 autem
882 3465 971 3524 insur-
1020 3475 1146 3555 ὅῆναιτῇ
1167 3473 1296 3556 Κορίνθῳ.
1319 3472 1372 3532 Καί
1391 3472 1418 3532 τί
1432 3472 1530 3545 δήποτε
1551 3473 1636 3554 τούτῳ
1653 3475 1701 3551 μὲν
1721 3474 1794 3534 οὐδὲν

219 3562 306 3642 gunt?
320 3561 448 3623 Sciebant
465 3559 544 3618 illum
564 3557 741 3639 00sypl121¹m
758 3577 829 3634 95505
845 3557 889 3616 Vel
904 3557 968 3636 qula
1020 3565 1161 3640 ἐποίησαν,
1175 3566 1274 3645 Παύλῳ
1285 3564 1313 3624 δὲ
1327 3565 1503 3638 intellectam
1517 3565 1649 3651 ᾜδεσαν,
1667 3566 1709 3625 ότι
1727 3568 1795 3626 ἐκεῖ·

219 3674 352 3733 nagnom
366 3666 423 3712 erat
436 3651 490 3713 viri
501 3672 607 3711 nomen.
619 3651 813 3710 Assumentes
823 3663 922 3709 autem
933 3651 969 3710 ι’ί-
1019 3683 1062 3726 νος
1084 3663 1098 3718 ὁ
1121 3666 1261 3738 κοροραῖος
1282 3649 1332 3730 ἦν·
1348 3656 1365 3729 ἢ
1382 3658 1427 3716 καὶ
1451 3657 1491 3716 ότι
1515 3658 1583 3718 πολὺ
1595 3658 1627 3717 τὸ
1640 3658 1726 3737 ὄνομα
1749 3665 1795 3718 τοῦ

219 3746 292 3819 lum,
304 3745 402 3825 inquit,
413 3745 531 3826 Aquila
538 3757 566 3804 et
576 3742 729 3814 Priscilla,
741 3743 910 3823 diligentius
918 3765 968 3802 ex·
1019 3751 1112 3833 ἀνδρός
1125 3742 1185 3822 1’ἦν
1204 3749 1404 3830 Προλαύόμενοι
1417 3749 1457 3822 δὲ,
1478 3751 1574 3830 φησὶν,
1594 3752 1673 3811 αὐτὸν
1687 3752 1795 3818 Ἀκύλας

216 3850 376 3918 posuerunt
396 3842 424 3896 ei
443 3840 529 3896 ciam
547 3839 613 3895 Dei.
629 3833 702 3896 Vide
721 3834 856 3912 quomodo
876 3835 967 3895 omnia
983 3841 1001 3888 B
1021 3843 1067 3902 κοί
1080 3842 1246 3922 Πρίσκιλλα,
1262 3841 1447 3923 άκριύίστερον
1464 3845 1536 3923 αὐτῷ
1549 3841 1665 3913 ἐξέθεντο
1681 3843 1731 3917 τὴν
1748 3850 1795 3904 τοῦ

219 3932 275 3992 fide
285 3933 488 4014 perficerentur,
506 3944 532 3991 et
548 3951 683 4009 nusquam
699 3927 814 4002 invidia,
831 3950 986 4008 nusquam·
1020 3937 1090 3994 Θεοῦ
1108 3934 1176 3993 όδόν.
1198 3931 1272 4016 Ὅρα
1299 3938 1355 3999 πῶς
1376 3933 1464 3992 πάντα
1489 3935 1578 3994 πίστει
1604 3934 1720 4010 ἐγίνετο,
1747 3937 1794 3995 καὶ

218 4025 291 4086 livor
304 4049 311 4084 ι
326 4025 424 4106 Aquila
434 4024 526 4101 docet;
537 4023 593 4083 imo
611 4021 699 4104 potius
715 4020 773 4102 ipse
783 4021 904 4083 docetur.
916 4022 967 4082 Et·
1019 4027 1136 4104 οὐδαμοῦ
1162 4026 1266 4107 ρθόνος,
1289 4026 1403 4101 οὐδαμοῦ
1434 4026 1584 4102 βασκανία·
1612 4026 1723 4094 Ἀκύλας
1749 4029 1792 4086 δι-

218 4120 292 4179 enim
311 4120 449 4200 aliquanto
467 4133 588 4199 tempore
606 4138 670 4176 eum
692 4115 740 4175 illo
762 4129 909 4194 versantes,
927 4116 966 4176 sic
1020 4116 1126 4192 δάσκει,
1145 4119 1245 4196 μάλλον
1264 4115 1292 4176 δὲ
1313 4116 1359 4175 καί
1377 4107 1450 4183 οὗτος
1475 4116 1635 4178 διδάσκεται.
1662 4120 1716 4179 Καὶ
1739 4119 1792 4201 γόιρ

219 4211 308 4273 edocti
329 4227 403 4290 sunt,
416 4226 447 4271 ιιι
466 4211 546 4272 etiam
566 4210 634 4270 alios
650 4208 746 4269 dooere
765 4224 879 4290 possent.
892 4212 967 4272 Cum
1019 4209 1114 4292 χρόνον
1139 4211 1210 4290 αὐτῷ
1234 4207 1417 4288 συγγενόμενοι
1438 4207 1521 4277 οὕτως
1541 4210 1734 4291 ἐδιδάχθησαν,
1756 4216 1792 4278 ὡς

220 4318 319 4364 autem
329 4305 422 4364 vellet
436 4307 497 4385 ipse
510 4305 637 4362 transire
650 4301 855 4383 inAchaiom,
868 4301 965 4380 lnquit,
1020 4301 1066 4368 καί
1096 4300 1191 4368 ἄλλους
1220 4299 1324 4366 ίκανούς
1351 4289 1418 4359 εἶναι
1456 4300 1598 4361 διδάσκειν.
1625 4303 1792 4380 Βουλομένου

220 4396 382 4478 scripserunt
398 4394 552 4474 discipulis,
567 4407 598 4452 υι
610 4391 759 4473 reciperent
771 4412 844 4451 eum.
861 4392 962 4452 Curii·
1021 4393 1049 4452 δὲ
1073 4396 1152 4453 αὐτοῦ
1175 4393 1302 4464 διελθεῖν,
1327 4390 1422 4471 φησίν,
1437 4393 1474 4458 εἰς
1496 4393 1545 4463 τὴν
1561 4391 1688 4473 Ἀχαίαν,
1713 4395 1792 4473 ἔγρα-

219 4502 290 4549 teras
299 4488 417 4548 scribant
425 4484 544 4544 indicat:
557 4487 596 4544 Ut
606 4484 691 4544 illum
702 4485 855 4563 recipiant,
867 4482 963 4562 inquit.
1020 4490 1073 4566 ψαν
1094 4494 1149 4552 τοῖς
1172 4489 1302 4562 μαθηταῖς
1325 4482 1502 4550 ἀποδέξασθαι
1529 4484 1616 4544 αὐτόν.
1633 4484 1713 4553 Τίνος
1737 4487 1790 4546 ένε·

220 4578 257 4640 Et
268 4578 339 4640 unde
350 4578 437 4657 liquet
447 4576 519 4650 ill08,
532 4596 595 4635 cum
608 4572 708 4654 Ephesi
717 4586 815 4643 essent,
829 4573 963 4654 baptisma
1020 4600 1065 4637 κεν
1082 4575 1229 4659 γράμματα
1249 4574 1416 4653 πέμπουσιν,
1439 4573 1593 4653 ἑρμηνεύει·
1607 4574 1680 4650 Ἵνα,
1696 4578 1791 4658 φησίν,

219 4666 788 4746 JoannishnhuisselQuiainterrogando
799 4687 858 4749 qtto
871 4669 965 4748 bapti·
1020 4669 1098 4728 αὐτὸν
1127 4666 1313 4735 ἀποδέξωνται.
1335 4665 1389 4726 Καὶ
1419 4665 1499 4725 πόθεν
1523 4669 1601 4739 δῆλον
1628 4668 1741 4736 ἐκείνους
1764 4675 1791 4730 ἓν

219 4775 282 4831 zati
291 4767 480 4830 estisidicunt
493 4789 499 4824 :
515 4769 551 4824 In
560 4766 689 4826 loannis
701 4764 886 4843 baptismate.
897 4765 920 4822 F
920 4785 964 4823 or·
1020 4759 1125 4842 Ἐρέσῳ
1135 4759 1212 4826 ὄντας
1223 4758 1253 4816 τὸ
1263 4757 1403 4836 βάπτισμα
1415 4756 1484 4836 ἔχειν
1499 4756 1636 4832 Ἰωάννου,
1648 4759 1712 4820 Ὅτι
1726 4765 1792 4844 ἐριο-

69 2611 93 2646 t.
107 2597 164 2645 Cer.
173 2599 209 2649 16.

70 2673 108 2707 υ.

219 4884 266 4924 sen
279 4877 344 4923 tunc
359 4858 557 4942 Jerosolymnm
570 4878 598 4917 se
611 4855 786 4932 contulerant,
798 4868 824 4915 et
838 4855 963 4916 abierunt
979 4870 999 4920 c
1019 4853 1148 4932 τώμενοι,
1170 4852 1216 4917 Εἷς
1236 4849 1261 4908 τί
1284 4847 1476 4923 έὸαπτίσθητε,
1492 4852 1527 4916 εἰς
1548 4849 1577 4908 rh
1600 4850 1723 4911 Ἰωάννου
1746 4850 1792 4910 λε’-

253 5129 263 5151 ·
282 5110 327 5162 Alii
339 5118 377 5165 οὐκ
389 5116 453 5171 οὔσης
465 5117 601 5181 repperire.
614 5117 661 5179 ἄρα
676 5110 713 5160 οὐκ
725 5113 781 5175 αὐτῇ.
794 5104 827 5155 Ει
839 5105 875 5155 sic
886 5102 981 5155 hahent
1029 5099 1194 5155 Restituimus
1211 5097 1351 5148 orationem
1364 5108 1393 5144 ex
1407 5095 1434 5144 B.
1446 5094 1474 5144 C.
1486 5095 1517 5144 D.
1531 5105 1556 5144 et
1567 5094 1658 5161 Socii]

220 5189 342 5243 Commcl.
353 5201 378 5240 et
389 5187 475 5241 uorat.
487 5186 531 5258 [Et
543 5185 604 5238 hiet
615 5183 706 5238 Menti.
718 5180 792 5235 laceri
804 5181 886 5252 aliqua
899 5193 979 5250 parte.
1063 5183 1076 5221 t,
1095 5186 1129 5241 ἦν.
1143 5184 1245 5233 τουτέστι
1258 5183 1330 5231 πίστει
1340 5180 1422 5229 δασέα’
1435 5176 1535 5240 οὐδαμοῦ
1546 5181 1632 5247 ptem.
