3728 5978
241 407 309 471 7¹²
381 413 382 418 ’
585 400 614 448 S.
641 395 781 448 totttuts
807 395 989 446 CHRYSOST.
1017 397 1175 445 tuetltttt‘.
1203 395 1473 447 consummor.

237 531 405 608 punctionis
431 524 514 583 dixit.
531 522 636 583 Deinde
662 520 803 582 ostendens
826 520 888 581 illos
901 519 985 602 hujus
1040 535 1087 594 τα,
1100 522 1152 581 άπε
1154 520 1255 603 ρίξάόη
1270 520 1402 588 καίτίλος
1416 519 1509 580 ἔλαθε.
1527 516 1684 589 Γενηθήτω
1701 514 1764 595 γάρ,
1776 540 1816 596 qr,-

240 617 436 678 incredulitatis
454 629 587 675 extremas
600 613 712 674 daturos
730 633 900 693 essepoenas,
917 634 980 671 rur·
1041 613 1082 671 σίν
1084 613 1299 693 ,ήτράπεζα’
1270 616 1355 671 αυτῶν
1372 614 1408 680 εἰς
1422 609 1544 690 παγίδα,
1566 608 1619 669 καί
1633 612 1674 676 τίς
1687 607 1815 686 θήρανιιαὶ

242 730 286 769 sus
296 708 401 770 inducit
414 707 574 789 prophetam
587 704 681 765 eadern
692 703 909 779 comminantem,
926 724 986 783 quae
1004 713 1023 761 C
1042 706 1077 772 εἰς
1099 702 1261 763 σκάνδαλον·
1254 701 1420 776 ·,τουτέστιν
1440 699 1563 783 ήτρυρὴ
1580 699 1618 761 ab
1632 698 1811 778 ἇγαθδπάιτι

91 813 124 857 Pr
126 812 158 857 at
192 810 232 860 68
242 816 386 864 evenerunt
401 816 428 861 et
449 802 532 860 linem
545 813 712 881 acceperunt.
733 801 764 859 9.
782 801 865 870 Fiat,
884 796 985 879 inquit,
1042 795 1247 874 μεταόαλλίσθω
1262 796 1307 855 καί
1323 795 1499 870 ιἰπολλυσθω,
1515 794 1566 855 καί
1592 792 1800 872 γενέσθωσαν
1782 815 1815 850 ιο

19 872 122 945 Ιαθ

243 913 459 982 menstruorum
476 892 663 972 inlcqnenm,
679 893 750 949 etrn
767 893 934 970 captionem
955 900 985 948 et
1040 887 1166 970 χειρωτυι
1176 898 1254 947 πᾶσι
1270 888 1430 962 Καίδηλῶν,
1442 888 1515 948 ὅτι
1500 882 1815 966 αμαρτημάτωντίνσιο

242 990 274 1044 in
293 986 487 1052 scandalum
500 983 613 1059 bocest,
632 982 743 1042 illorum
756 981 860 1041 delicia
875 980 983 1043 omnia-
1041 981 1117 1054 δίκην
1132 986 1216 1040 ταῦτα
1235 980 1400 1062 πάσχοντες,
1411 980 1549 1060 ἐπήγαγε·
1573 977 1637 1039 Καὶ
1659 979 1730 1042 εἰς’
1714 979 1813 1035 ανταπιί-

219 1096 294 1156 Διγιισ
307 1077 379 1136 bona
394 1090 531 1136 mutentur
543 1089 570 1134 et
589 1087 709 1155 peream,
730 1073 837 1152 sintque
857 1072 986 1133 omnibus
1042 1071 1153 1151 δομα’
1124 1082 1221 1139 αυτοῖς.
1233 1073 1365 1146 Σκοτισθή
1348 1073 1455 1146 ήτωσαν
1473 1076 1499 1131 σί
1519 1069 1663 1151 ὀφθαλμοὶ
1679 1070 1765 1127 asts„
1782 1077 1815 1127 τοῦ

241 1182 322 1250 captu
346 1169 447 1228 faciles
473 1165 676 1245 ostendensque
703 1164 764 1224 illos
782 1165 840 1224 bac
852 1166 984 1246 patientes
1042 1163 1212 1244 μ,ήβλίπιιν
1225 1188 1271 1224 και
1281 1188 1327 1224 τον
1339 1189 1421 1225 νωτσν
1439 1168 1527 1224 αὐτῶν
1540 1157 1743 1227 διαπαντὸς’
1712 1183 1814 1238 στριαμ

240 1273 411 1341 peruentum
439 1258 505 1319 dare
530 1279 645 1366 poenas,
679 1258 852 1338 subjunxit.
879 1258 962 1317 Et
951 1279 984 1316 tn
1039 1259 1097 1337 ψαι.
1108 1248 1243 1317 Ταῦτ’
1211 1281 1257 1317 ουν
1271 1257 1310 1317 ἔτι
1330 1258 1470 1337 ἑρμηνείας
1491 1255 1583 1316 δεῖταί
1596 1275 1690 1325 τινοςς
1707 1253 1811 1333 ὠχί
1781 1276 1814 1309 ιιι

241 1355 499 1411 retributionem
488 1354 569 1430 ipsis.
604 1349 651 1408 10.
680 1349 878 1408 Obscurentur
904 1349 984 1408 oculi
1039 1347 1186 1430 τοῖςσρόδρ
1187 1349 1337 1421 resolvor<
1347 1341 1474 1422 δῆλαή
1491 1347 1548 1409 Καί
1560 1370 1617 1426 προ
1602 1345 1813 1423 τωνίαιτερω

241 1463 352 1514 eorum,
374 1465 410 1501 nc
423 1443 554 1516 υἰάνσιιι,
575 1454 604 1500 ct
618 1441 737 1499 dorsum
754 1451 855 1498 eorum
872 1460 985 1520 semper
1041 1438 1167 1519 ῥημάτων
1176 1440 1288 1512 αθτή
1252 1464 1305 1499 των
1316 1442 1482 1521 πραγμάτων
1495 1444 1512 1511 ἡ
1525 1438 1645 1504 indues<
1657 1436 1814 1517 προλαίυσι

164 1593 171 1609 γ
240 1539 372 1594 incurva.
393 1538 435 1592 An
464 1533 521 1592 haec
545 1552 655 1610 quoque
679 1531 769 1609 eliqua
789 1544 868 1612 egent
898 1532 983 1592 inter·
1041 1540 1169 1614 μαρτυρεῖ
1181 1540 1236 1600 τοῖς
1251 1532 1407 1614 ιίρημίνοις.
1419 1531 1493 1592 Πότα
1506 1531 1564 1612 γάρ
1574 1528 1665 1594 οθτως
1676 1527 1814 1608 εὐχείρωτοι

239 1624 407 1706 pretatione?
429 1645 518 1683 annon
547 1622 590 1683 vel
613 1620 778 1702 admodum,
794 1620 983 1702 insipientibus
1039 1621 1177 1704 γεγόνασι,
1192 1621 1815 1700 πότεεῦὒωτοιςπότευῦτωτὸννῶτοναθιῦν

239 1716 313 1776 clara
329 1716 413 1775 sunt?
427 1715 518 1774 Etiam
528 1728 600 1787 ante,
613 1733 695 1792 quarn
704 1734 751 1772 nos
760 1712 914 1792 loquamur,
927 1714 985 1796 ipse
1002 1714 1022 1761 ὓ
1041 1713 1210 1794 συνέκαμψε,
1226 1713 1291 1775 πότε
1301 1714 1424 1788 τοιαύτην
1437 1713 1561 1775 δοιλείαν
1576 1712 1756 1784 findor-nem
1771 1712 1814 1770 llrl

239 1827 330 1866 rerum
355 1820 465 1866 eventus
486 1804 575 1865 verbis
601 1804 685 1862 fidem
705 1802 777 1864 iecit.
802 1803 982 1875 Quandonam
1040 1807 1072 1866 τὸ
1084 1806 1117 1880 δή
1131 1810 1229 1885 μεῖζον,
1237 1806 1279 1868 ότι
1289 1806 1347 1868 οὐδὲ
1357 1807 1431 1874 λύσις
1441 1807 1518 1867 ἔσται
1529 1808 1586 1865 τῶν
1601 1803 1813 1864 δεινῶντοίτιπ·

240 1912 321 1980 raptu
340 1898 432 1957 faciles
451 1896 578 1956 fuerunt?
598 1894 771 1975 quandonam
790 1896 983 1976 comprehensu
1041 1899 1081 1959 *d
1100 1897 1145 1957 καί
1172 1898 1236 1958 αὐτὸ
1248 1903 1263 1958 δ
1275 1899 1412 1980 προρήτιις
1425 1898 1546 1978 ᾐνίξατο.
1562 1895 1642 1958 (bibi
1668 1894 1723 1975 γὰρ
1737 1898 1814 1959 inid<

238 1990 350 2051 faciles?
374 1989 546 2069 quandonam
564 1988 602 2048 sic
616 1988 728 2048 dorsum
743 2009 836 2048 eorum
851 1989 980 2050 incurva·
1040 1979 1177 2065 εἶπι,’ί’δν
1197 1994 1279 2051 νῶτον
1296 1995 1381 2051 αὐτῶν
1400 1993 1570 2072 αόγκαμψον,
1585 1990 1665 2051 atta
1689 1988 1814 2061 καί,όιι«

240 2081 301 2143 vit?
326 2081 496 2162 quandonam
526 2080 607 2141 talem
634 2080 775 2140 subierunt
796 2081 983 2143 servitutem?
1039 2082 1146 2152 παντός.
1158 2086 1194 2144 Εἰ
1215 2083 1244 2144 st
1257 2086 1423 2164 φιλονεικεῖς,
1439 2073 1610 2152 ὦἸουδαῐι,
1624 2082 1693 2162 περὶ
1716 2085 1761 2140 τοῖν
1779 2082 1813 2140 π’-

238 2174 374 2254 Quodque
396 2175 485 2255 majus
493 2187 543 2248 est,
567 2172 643 2232 nulla
656 2173 706 2232 erit
721 2172 820 2233 barum
839 2174 982 2236 calamita-
1039 2179 1116 2250 λους,
1131 2178 1185 2236 ast
1198 2177 1251 2236 τῶν
1265 2177 1420 2257 φθασάντων
1435 2175 1554 2255 μάνθανε
1568 2173 1622 2234 καὶ
1646 2174 1684 2234 τά
1696 2174 1812 2256 παρόντα.

237 2280 298 2327 tum
310 2266 410 2327 solutio
422 2290 429 2323 ι
441 2264 472 2325 id
481 2264 557 2345 quod
566 2280 592 2324 et
608 2264 699 2344 ipsum
708 2263 841 2345 propheta
855 2265 984 2325 subindi-
1040 2267 1163 2342 Κατίόης
1178 2271 1214 2336 τίς
1227 2268 1376 2348 Αἴγυπτον·
1399 2269 1457 2328 ἀλλ’
1479 2266 1586 2345 ἐγένετο
1611 2265 1742 2326 διακόσια
1762 2266 1813 2337 ter„

237 2356 319 2418 cavit
333 2359 428 2436 Neque
437 2358 512 2416 enim
522 2369 631 2414 tantum
647 2354 731 2432 dixit,
746 2356 777 2414 D
787 2375 983 2417 orsumorum
1039 2360 1086 2421 καί
1094 2360 1196 2442 ταχίως
1206 2364 1254 2434 τῆς
1264 2361 1381 2428 δουλείας
1389 2359 1490 2431 ἐκείνης
1499 2384 1531 2420 σε
1542 2358 1707 2432 ἀπήλλαξεν
1718 2360 1814 2425 δΘτθς,

238 2452 381 2529 incurras
405 2448 452 2507 sed
472 2447 592 2523 addidit,
607 2447 733 2526 Semper.
750 2446 781 2506 Si
797 2468 862 2507 vem
881 2447 983 2509 detine
1039 2452 1180 2513 καὶταῦτα
1192 2453 1393 2514 άσεόοῦντακαλ
1407 2451 1568 2533 πορνιόοντα
1589 2449 1645 2524 τήν
1665 2453 1815 2531 χαλεπωτά-

240 2539 386 2603 oouteudas
386 2537 721 2621 ,oJudaee,apraeteritis
734 2539 874 2619 prasentia
885 2540 981 2604 edisse.
1036 2543 1550 2662 τηνπορνιίαναιτήλλάγςςλίγόπτοι,
1559 2543 1817 2626 καλπροσεκόνιςττς

239 2631 273 2693 ln
298 2631 451 2713 Egyptum
468 2629 647 2708 descendistl5
667 2629 713 2690 sed
736 2643 878 2710 postquam
902 2632 983 2692 isthic
1036 2636 1081 2696 τὸν
1095 2636 1206 2719 μόσχον,
1220 2637 1365 2705 ἔθυσας
1326 2662 1385 2705 τους
1398 2636 1575 2717 υίοόςσουτῷ
1592 2634 1816 2716 Βεελρεγιλιρ,τ“υν

240 2723 370 2785 ducentos
382 2745 505 2784 emensus
519 2743 547 2783 es
560 2744 654 2797 annos,
666 2722 721 2783 citu
741 2723 777 2782 ab
788 2723 835 2782 ula
850 2725 982 2785 servitute
999 2751 1019 2798 Ε
1037 2728 1098 2789 ναὸν
1114 2728 1255 2807 ίμόλυνας,
1271 2738 1324 2789 πᾶν
1339 2719 1404 2796 εἶδος
1419 2730 1531 2800 ἐπῆλθες
1548 2726 1669 2800 κακίας,
1684 2727 1815 2807 τήνρόοιν

237 2815 403 2878 liberavitte
416 2818 501 2892 Deus,
516 2813 770 2894 lieetimpieegeris
784 2828 811 2874 et
830 2816 983 2877 fornicatio·
1039 2818 1121 2893 αὐτὴν
1136 2820 1285 2899 ἠγνόησας,
1300 2820 1334 2881 τά
1353 2821 1419 2902 ὄρη,
1432 2817 1533 2887 τὰς’
1500 2843 1609 2888 ναπας,
1623 2818 1688 2888 τοὺς
1704 2817 1817 2899 ponde,

242 2929 305 2970 nem
318 2908 508 2990 gravissimam
528 2905 677 2967 admiseris.
690 2907 834 2968 Liberatus
842 2908 878 2967 ab
891 2908 982 2991 Ερμ-
1038 2911 1087 2979 τίς
1099 2923 1205 2990 πηγάς
1218 2910 1278 2979 τοὺς
1297 2911 1447 2990 ποταμοὺς,
1457 2910 1517 2978 τους
1535 2911 1698 2983 κήπους
1659 2936 1717 2972 των
1729 2916 1817 2972 θυσιω

240 3017 288 3086 pto
301 3004 421 3065 vitulum
443 3000 571 3078 adorasti,
587 3002 712 3081 filiosque
727 3015 788 3062 tuos
807 3003 984 3084 Beelphegori
1039 3003 1237 3077 ίνίπλησας”
1202 3029 1254 3064 των
1269 3009 1379 3084 ἐναγῶν,
1392 3004 1551 3086 δπροφήτας
1569 3003 1713 3086 ίσραξας,
1733 3011 1817 3065 θυσια-

241 3096 397 3173 immolasti,
409 3097 541 3177 templum
554 3093 686 3177 polluisti,
695 3094 799 3154 nullam
809 3094 863 3156 non
877 3097 984 3157 sceleris
1038 3096 1134 3178 ατήρια
1147 3095 1340 3178 κατίστρολας,
1356 3107 1444 3159 πᾶσαν
1458 3095 1614 3177 θπιρδολὴν
1627 3096 1761 3166 ἐπεδείξω
1773 3121 1817 3156 πο

238 3188 355 3270 speciem
370 3188 471 3263 adiisti,
483 3188 569 3269 ipsam
579 3200 702 3246 naturam
716 3186 855 3265 ignorasti,
865 3203 981 3267 montes,
1037 3187 1130 3267 νηρίας
1143 3187 1189 3246 καί
1203 3190 1340 3257 ιἰσεόείας·
1356 3188 1416 3249 ἀλλ’
1425 3187 1496 3266 ὅμως
1513 3186 1713 3265 ἑόδομήκοντά
1728 3212 1758 3248 σε
1777 3190 1816 3259 ἔτι,

237 3282 333 3358 saltus,
344 3282 436 3356 eolles,
448 3281 544 3353 tontes,
564 3280 674 3355 fluvios,
688 3279 780 3338 hortos
794 3280 916 3340 nefandis
929 3281 981 3340 bo·
1036 3280 1170 3360 παραδοὺς
1183 3280 1376 3351 Βαάυλωνίοις,
1389 3282 1470 3340 πάλιν
1480 3279 1524 3339 ἐπί
1540 3278 1592 3351 τήν
1605 3281 1748 3362 προτέραν
1758 3286 1817 3340 ἐτα-

238 3372 296 3433 stiis
308 3373 465 3454 implevisti,
475 3372 621 3453 prophetas,
632 3370 767 3444 occidisti,
781 3373 980 3447 arasevertisti,
1037 3370 1148 3450 νήγαγεν
1168 3371 1325 3453 ἐλευθερίαν,
1346 3373 1392 3431 καί
1411 3373 1455 3431 τὸν
1474 3371 1536 3431 ναὸν
1556 3372 1608 3432 καί
1629 3372 1684 3444 τήν
1708 3375 1817 3453 πατρίδι

239 3464 346 3524 culmen
359 3486 437 3524 omne
460 3465 586 3542 nequitias
601 3476 627 3522 et
638 3462 784 3543 impietatis
799 3462 948 3523 exhibuisti
974 3490 980 3522 :
1037 3462 1172 3534 ἀπέδωκε,
1185 3463 1228 3522 καί
1240 3465 1270 3523 τὸ
1283 3464 1395 3523 παλαιὸν
1406 3469 1453 3535 τῆς
1467 3466 1638 3544 προφητείας
1652 3469 1769 3545 σχῆμα,
1780 3469 1818 3525 καὶ

238 3569 355 3615 attamen
369 3570 512 3637 postquam
533 3569 559 3614 te
574 3576 657 3614 annos
679 3554 848 3659 septuaginta
863 3557 981 3639 Rabylo-
1037 3559 1171 3636 προφῆται
1195 3557 1275 3615 πάλιν
1296 3555 1341 3615 καὶ
1363 3555 1515 3633 Πνεάματος
1538 3557 1638 3636 χάρις·
1664 3562 1806 3636 μᾶλλον
1794 3558 1816 3617 ίὲ

237 3647 291 3707 niis
318 3646 442 3724 tradidit,
457 3669 552 3707 rursus
574 3661 599 3706 te
617 3645 651 3706 ad
668 3647 810 3728 pristinam
830 3648 981 3711 libertatem
1037 3646 1095 3707 οὐδὲ
1109 3649 1136 3706 ίν
1158 3671 1196 3728 τῳ
1214 3652 1299 3730 καιρῷ
1320 3654 1367 3720 τῆς
1382 3648 1569 3727 αἰχμαλωσίας
1591 3652 1817 3730 ἕγκατελείριπς

236 3739 356 3814 reduxit,
368 3762 400 3800 ac
412 3741 459 3800 tibi
471 3739 601 3821 templum
616 3753 642 3798 et
655 3739 771 3820 patriam
790 3740 921 3819 restituit3
933 3764 981 3802 nec
1038 3738 1106 3797 ἀλλδ
1118 3762 1164 3798 και
1154 3707 1232 3801 ίκεῑ
1247 3741 1352 3813 Δανιὴλ
1362 3767 1407 3801 και
1426 3740 1570 3814 'bledensi
1583 3741 1634 3800 καλ
1649 3747 1680 3802 ἐν
1695 3744 1819 3823 Atym

236 3833 420 3914 nonpriseum
440 3831 588 3914 prophetin
605 3831 737 3892 modum:
753 3845 780 3892 et
802 3853 895 3892 rursus
915 3856 979 3915 pro-
1036 3827 1072 3887 Ιε
1075 3829 1180 3909 prpter,
1192 3831 1237 3893 καί
1251 3837 1278 3893 tv
1292 3833 1384 3914 ἐρήμῳ
1398 3835 1523 3905 Mustio-ie.

234 3925 436 4031 phetu,rttrsus
447 3925 567 4007 Spiritus
580 3923 667 4005 gratia
684 3922 801 3984 advenit.
815 3925 874 3984 lmo
892 3947 978 3986 neon·

234 4017 369 4097 ptivitatis
385 4016 494 4095 quidem
518 4029 637 4097 tempore
655 4015 799 4076 derelictus
813 4015 916 4095 suisti3,
932 4019 979 4079 sed

234 4105 291 4166 illie
304 4108 400 4168 Daniel
415 4122 440 4167 et
453 4106 587 4182 Ezechiel,
605 4106 634 4165 in
655 4107 776 4189 AEgypto
795 4108 934 4179 ieremias,
953 4123 979 4169 et

235 4197 377 4258 indeserto
385 4202 496 4280 Moyses
509 4198 627 4258 adsuere
986 4253 1023 4296 m

275 4294 304 4349 9.
319 4290 383 4350 Post
396 4292 552 4349 haecautern
570 4290 605 4348 ad
619 4291 734 4371 priscam
749 4313 872 4354 reversus
890 4315 918 4352 es
933 4315 978 4354 ne·
995 4313 1015 4354 ιι
1063 4299 1142 4356 “’Μετ
1162 4299 1248 4357 ίκεῑνα
1270 4299 1350 4358 πάλιν
1376 4298 1420 4357 ἐπὶ
1443 4297 1490 4369 τήν
1511 4296 1647 4409 προτέραν
1675 4304 1822 4375 emitte:

233 4381 359 4486 quitiam,
382 4397 408 4441 et
429 4381 609 4441 debacchatus
623 4403 658 4457 as,
683 4398 762 4464 atque
780 4385 816 4443 ad
835 4385 978 4464 gentilium
1032 4388 1137 4462 κακίαν,
1153 4389 1199 4448 καί
1219 4389 1424 4470 ίξεδακχεύθης,
1439 4389 1485 4449 καί
1498 4412 1563 4468 προς
1583 4390 1661 4462 τήν“
1664 4395 1763 4466 Ελλην
1749 4397 1819 4465 νικήν

233 4473 658 4535 institutnmteconvertistisub
672 4476 823 4536 Antiocho
816 4476 919 4556 impio:
912 4477 978 4537 .sed
1034 4480 1169 4559 μετετάξω
1179 4482 1315 4541 πολιτείαν
1332 4482 1375 4540 ἐπὶ
1390 4480 1523 4561 Ἀντιόχου
1537 4505 1586 4540 του
1604 4485 1740 4554 ασεὸοῦς·
1756 4489 1820 4546 aus

232 4577 299 4626 tunc
310 4586 417 4645 quoque
427 4587 489 4626 cum
504 4587 553 4646 per
563 4578 616 4625 tres
628 4586 713 4627 annos
723 4583 749 4627 et
762 4567 846 4648 paulo
858 4568 978 4649 amplius
1034 4572 1119 4633 καλ’
1089 4578 1148 4632 τοτε
1159 4572 1261 4653 ίτητρ
1252 4597 1279 4632 ια
1292 4574 1370 4651 μόνον
1384 4575 1429 4632 καὶ
1443 4596 1537 4654 αικρον
1545 4597 1573 4631 τι
1588 4575 1678 4655 πρδς,
1692 4575 1780 4637 ’τΑν’
1746 4602 1820 4687 sopp

233 4655 465 4716 Antiochutradttr
475 4655 592 4715 fuissetis
592 4659 827 4737 perblaccabaeos
835 4658 978 4739 splendida
1033 4664 1236 4746 παραδοθέντες,
1250 4666 1342 4725 ut*
1308 4690 1359 4724 των
1375 4665 1560 4725 Μακκαὸαίων
1577 4666 1614 4726 τὰ
1629 4669 1804 4808 λαμγςρλ’
1767 4696 1821 4729 m.

231 4748 355 4809 erexistis
376 4763 485 4830 tropica.
509 4752 544 4808 At
562 4770 633 4809 nunc
652 4749 722 4808 nihil
737 4750 907 4854 hujusmodi,
931 4751 977 4811 sed
1034 4759 1074 4815 λιν
1089 4755 1353 4839 ίστήσατιτρόπαια.
1363 4756 1628 4817 Ἀλλδινυντοιουτον
1644 4759 1741 4833 σιἰδ.ν,
1755 4762 1820 4821 ἀλλὰ

232 4841 398 4900 eontrarium
419 4862 530 4922 ptursus
545 4842 650 4920 evenit,
673 4841 786 4921 idquod
800 4844 917 4903 maxime
931 4843 979 4903 ad·
1034 4849 1181 4907 τουναντιον
1192 4850 1262 4909 άπαν
1273 4848 1419 4929 γέγονεν
1406 4849 1480 4908 οκαὶ
1502 4849 1625 4927 μάλιστά
1639 4851 1820 4932 ἐστιθαυμα·

266 5022 278 5049 *
295 5023 325 5088 [t
335 5029 372 5076 καὶ
384 5028 450 5084 αὐτὸς
461 5024 490 5073 A.
504 5021 577 5074 ldem
589 5040 649 5074 mox
661 5029 736 5084 atta,
748 5026 889 5090 διαπαντός]
1039 5035 1094 5094 μσς,
1103 5047 1244 5098 perperam.
1257 5031 1333 5098 [uox
1346 5037 1500 5098 ιπιδιίξωρτο
1513 5034 1616 5093 ινιίιῐξω
1628 5035 1780 5101 recepimus
1791 5049 1819 5082 rx

263 5102 279 5142 ι
295 5113 413 5171 „popurus
428 5109 535 5171 ίαραξας,
546 5100 582 5152 sic
600 5118 664 5152 unus
676 5100 763 5152 Codex
775 5115 857 5167 recte,
870 5114 945 5169 atque
953 5104 989 5154 ita
1039 5113 1067 5162 Α,
1080 5122 1107 5162 ας
1119 5128 1198 5180 marg,
1211 5110 1279 5166 savit
1292 5110 1301 5178 J

231 5177 363 5249 legendum
375 5181 514 5245 suspicatus
525 5192 563 5232 est
573 5179 688 5233 saudim.
700 5178 769 5233 Editi
788 5194 904 5252 προρήτας
921 5190 989 5236 irua-
