3728 5978
1316 311 1326 343 t

122 412 190 507 154
435 446 465 495 ε.
492 445 633 496 ioannis
658 445 843 497 eunusosr.
871 441 1028 500 anctum.
1049 427 1323 508 eousrrnrmoe.

115 579 206 626 autern
223 565 285 627 illos
303 565 460 645 dimitteret,
474 582 538 630 tune
559 589 650 629 omnes
670 569 803 651 peribant.
819 568 857 630 Et
873 577 893 625 E
909 571 1021 653 Ὶδοιμεν
1037 578 1082 657 ἀφ’
1095 579 1182 654 ἡμῶν,
1196 580 1220 636 ei
1234 578 1314 637 δοκεῖ.
1325 575 1419 656 Ἡμίύν
1431 577 1494 639 όταν
1508 581 1535 640 tv
1550 577 1686 662 εύπραγίρ

116 677 165 722 tur
173 670 262 718 vetera
276 660 399 740 exempla
412 660 516 720 affero?
530 660 576 722 Ex
592 660 669 721 nobis
682 660 749 743 ipsis
761 659 857 722 videa·
909 654 973 725 ὦσιν
987 669 1011 727 οἱ
1022 668 1140 744 πλείους,
1151 668 1328 753 τετοφιομίνοι
1337 667 1468 746 γίνονται,
1480 679 1564 731 πᾶσιν
1576 670 1684 750 όχθρσὶ,

12 772 13 775 ’
115 769 188 827 mus,
203 748 226 808 si
242 751 337 831 placet.
351 749 397 826 Ex
410 751 509 836 nostris
525 752 638 832 plurimi
658 752 686 812 in
703 753 783 813 rebus
796 774 858 834 pro·
908 756 1008 837 ὀργίλοι
1016 764 1064 832 τῆς
1074 758 1190 829 ἐξουσίας
1200 758 1352 840 παρούσης·
1364 760 1549 841 ἀφαιρεθείσης
1560 760 1605 835 δί,
1615 761 1684 839 ἥμι-

88 839 200 922 ¹aperis
220 841 357 919 inflantur,
371 840 496 902 omnibus
511 843 625 918 inimiei,
639 843 771 918 iracundi,
789 844 856 904 dum
910 872 968 929 ροι,
987 851 1119 922 ταπεινοί,
1133 863 1213 932 πρδοι
1220 897 1228 927 ,
1246 854 1295 924 τῆς
1310 852 1407 922 οἰκείας
1415 852 1518 933 φύσεως
1531 856 1569 922 εἰς
1580 853 1685 914 ίννοιαν

4 1217 105 1293 tyno.

113 945 243 1013 potestate
255 934 361 1011 ualent5
373 935 479 995 sublata
492 956 556 996 vem
570 949 710 1017 potestate,
718 936 857 1007 ¹mansueti
908 941 1040 1022 ἔρχονται.
1057 943 1111 1003 Καὶ
1123 943 1164 1004 ότι
1181 943 1263 1012 edna<
1276 943 1351 1024 ἔχει,
1366 943 1480 1009 δείκνυσι
1498 945 1545 1006 καί
1564 950 1579 1006 ό
1597 944 1685 1006 naute

114 1035 187 1098 sunt,
199 1024 326 1103 humiles,
341 1027 429 1103 mites,
444 1027 471 1086 in
483 1041 584 1087 naturae
598 1048 653 1086 sum
668 1028 857 1108 cogitationem
908 1034 1006 1114 λέγων·
1025 1034 1190 1116 Ἐκροίτησεν
1213 1035 1306 1104 αὐτούς
1323 1041 1341 1107 ἡ
1357 1036 1525 1119 ὑπερηφανία
1539 1039 1579 1105 είς
1591 1036 1682 1105 τέλος·

114 1118 236 1178 veniunt.
253 1119 335 1193 Quod
351 1142 393 1180 res
408 1122 446 1181 ita
459 1143 486 1181 se
504 1122 613 1199 babeat,
625 1121 742 1181 ostendit
755 1121 856 1195 David,
908 1125 1069 1195 ἐξελεύσεται
1082 1132 1118 1195 ὡς
1132 1131 1162 1187 ix
1175 1128 1313 1202 στίατοςή
1329 1127 1420 1188 ἀδικία
1432 1129 1529 1188 αὐτῶν.
1540 1127 1682 1200 Teneat

115 1207 227 1270 dicens:
243 1214 348 1272 Tenuit
364 1233 413 1271 eos
429 1217 566 1293 snperbia
582 1214 717 1297 infinem
732 1238 741 1270 .·
754 1216 855 1294 prodi·-
909 1242 954 1296 μοι
965 1205 1082 1304 είρηται,
1097 1219 1140 1280 ἵνα
1157 1219 1195 1299 μὴ
1207 1223 1238 1283 ἐκ
1250 1221 1348 1288 παντδς
1359 1220 1457 1301 τρόπον
1469 1223 1519 1294 τλν
1532 1219 1621 1303 χαφάν
1634 1224 1685 1292 ζη-

115 1303 158 1362 br't
178 1306 264 1383 quasi
280 1325 317 1363 ea
333 1305 421 1385 adipe
433 1308 575 1385 iniquitas
588 1327 696 1368 eorum.
708 1306 771 1368 Hae
785 1328 801 1367 a
815 1327 858 1368 me
908 1316 1004 1390 τῶμεν.
1024 1313 1078 1373 Καὶ
1101 1316 1174 1386 πῶς,
1198 1313 1287 1393 φησίν,
1308 1316 1323 1373 θ
1341 1314 1448 1380 Παῦλος
1462 1312 1552 1393 λόγοι,
1565 1311 1682 1393 Χαίρετε

113 1389 186 1453 dieta
197 1407 270 1471 sunt,
280 1408 311 1454 ut
322 1416 356 1455 ne
367 1396 492 1456 omnihus
503 1396 592 1458 modis
607 1396 738 1476 gaudium
753 1417 856 1478 quaera-
907 1404 1036 1476 πάντοτι,
1049 1406 1111 1484 Οὐχ
1121 1405 1212 1471 ἁπλῶς
1226 1394 1301 1477 riser,
1312 1403 1442 1485 Χαίριτε,
1459 1405 1531 1466 ἀλλά
1543 1404 1680 1484 προσίθη-

4 1496 66 1557 app.
78 1492 183 1559 tanus.
197 1484 233 1545 Et
257 1486 401 1566 quomodo,
416 1487 530 1566 inquies,
547 1488 586 1549 ait
603 1488 724 1549 Paulus:
739 1489 856 1549 Gaude·
907 1519 960 1570 κεν,
975 1497 1023 1559 Ἐν
1036 1496 1135 1576 Κυρίῳ.
1248 1545 1256 1557 .

0 1808 2 1814 ·
24 1783 102 1827 odium

6 1845 101 1891 andnam

6 1906 100 1952 bonum.

114 1589 141 1637 te
157 1586 291 1658 semper?
304 1580 366 1640 Non
387 1579 547 1663 simpliciter
562 1579 646 1661 dixit,
663 1581 798 1659 Gaudete,
810 1581 857 1649 sed

111 1667 229 1748 addidit,
244 1674 282 1731 In
294 1674 436 1731 Domino.
863 1721 901 1762 m

150 1762 180 1820 ό.
201 1762 260 1823 Ηοσ
271 1764 423 1823 maximum
436 1775 474 1823 est
485 1763 632 1844 gaudium
643 1764 691 1826 tali
705 1764 893 1847 gaudebantn
948 1759 1023 1836 Αύτη
1043 1761 1154 1842 μεγίστη
1167 1761 1276 1843 'pepi
1298 1761 1422 1832 τοιαύτην
1435 1760 1481 1820 καί
1494 1765 1520 1821 οἱ
1536 1760 1680 1821 ἀπόστολοι

111 1854 244 1934 apostoli,
258 1854 388 1934 gaudium
403 1855 512 1915 tucrum
533 1857 646 1917 afferens
660 1881 666 1914 ι
678 1856 752 1937 quod
764 1879 780 1919 a
793 1878 856 1919 ear-
905 1857 1028 1939 ἔχαιρον·
1041 1855 1111 1935 χαρά
1122 1851 1384 1934 κίρδοςφίρονσα,ἡ
1403 1851 1457 1910 ἀπὸ
1475 1849 1696 1939 δεσμωτηρίων,-

111 1945 228 2025 ceribus,
240 1967 256 2006 a
267 1946 370 2025 flagris,
381 1969 396 2007 a
404 1947 668 2029 persequutionibus,
680 1949 775 2011 amala
786 1950 857 2010 fama
906 1953 924 2023 ἡ
938 1947 991 2007 ἀπὸ
1005 1944 1155 2027 μαστίγων,
1174 1949 1191 2015 ἡ
1206 1945 1260 2004 ἀπὸ
1273 1945 1441 2023 διωγμῶν,ἡ
1456 1943 1511 2004 ἀπὸ
1525 1946 1573 2002 τοῦ
1591 1945 1678 2010 κακῶς

110 2048 137 2094 et
149 2056 165 2093 a
178 2036 301 2097 tristibus
312 2037 422 2100 omnino
435 2036 599 2119 principium
610 2052 636 2098 et
647 2037 764 2098 radicem
776 2039 857 2102 babet
908 2038 1026 2110 ἀκούειν,
1042 2041 1059 2108 ἡ
1085 2037 1138 2096 ἀπὸ
1159 2040 1212 2096 τῶν
1237 2038 1363 2116 λυπηρῶν
1386 2033 1491 2102 πόντιος
1512 2034 1612 2114 ἔχουσα
1629 2032 1676 2104 τὴν

109 2141 136 2187 et
145 2129 312 2190 occasionem
328 2153 335 2188 ι
349 2129 460 2190 undeet
475 2131 504 2189 in
517 2130 619 2189 bonum
629 2131 710 2190 sanem
724 2132 855 2212 pervenit.
906 2129 992 2210 ἀρχὴν
1008 2128 1053 2189 καί
1067 2127 1115 2201 τλν
1130 2124 1202 2208 ῥίζαν
1222 2126 1268 2186 καί
1288 2127 1337 2198 τὴν
1356 2125 1492 2187 ύπόθεσιν·
1503 2125 1564 2186 όθεν
1582 2124 1676 2192 καθείς

109 2219 251 2281 Gaudium
266 2243 330 2283 uero
344 2221 440 2281 mundi
454 2242 529 2282 secus
545 2246 552 2279 ι
567 2222 662 2303 incipit
675 2223 773 2282 enimn
787 2244 853 2286 sua·
904 2221 1019 2305 χρηστὸν
1032 2225 1138 2302 ἀπαντᾷ
1151 2218 1234 2287 τύλος.
1252 2219 1287 2280 Ἡ
1301 2219 1386 2279 δίτοθ
1400 2217 1501 2296 κόσμον
1518 2217 1675 2291 τώναντίον,

108 2310 201 2389 vibus,
217 2311 368 2392 desinitque
385 2313 412 2371 in
431 2312 579 2372 tristitiam.
595 2315 690 2391 Neque
699 2335 748 2394 ego
758 2315 854 2395 probi·
904 2315 1016 2394 ἄρχεται
1030 2312 1078 2389 μὲν
1092 2313 1145 2373 ἀπὸ
1159 2315 1211 2370 τῶν
1223 2309 1323 2383 ἡδέσιν,
1335 2310 1444 2390 τελευτᾷ
1453 2309 1482 2370 δδ
1493 2314 1530 2377 τίς
1540 2307 1577 2369 ab
1588 2309 1674 2380 λύπη·

107 2394 157 2461 beo
177 2402 293 2483 gaudere
311 2404 340 2463 in
360 2403 488 2480 Domino,
501 2403 557 2463 imo
570 2403 599 2463 id
610 2404 690 2466 valde
709 2405 851 2468 admoneo.
904 2406 946 2486 ροί.
958 2405 1027 2466 Οὐδὲ
1038 2404 1090 2485 ἐγὼ
1101 2403 1196 2464 κωλύω
1208 2403 1310 2484 χαίρειν
1324 2401 1394 2461 κατὰ
1412 2401 1520 2485 Κύριον,
1537 2400 1608 2462 ἀλλά
1631 2400 1674 2461 καί

106 2494 327 2574 thellabantur
337 2495 462 2576 apostoli,
475 2507 501 2556 et
515 2495 682 2575 gaudebant,
695 2498 853 2559 vincieban-
902 2498 1003 2578 σφόδρα
1023 2500 1154 2576 παραινῶ.
1178 2494 1369 2570 Ἐμαστίζοντο
1396 2497 1421 2554 οἱ
1440 2493 1601 2566 ἀπόστολοι,
1630 2493 1673 2553 καί

106 2597 163 2664 tur,
174 2599 199 2645 et
213 2587 313 2667 gratias
324 2586 454 2667 agebant;
468 2587 669 2669 lapidabantur,
683 2602 709 2647 et
720 2589 853 2670 praediea·
903 2586 1025 2671 ἔχαιρον·
1041 2588 1172 2662 ἐδέδεντο,
1185 2585 1434 2667 καίτύχαρίστοον·
1449 2584 1616 2658 ίλιθόζοντο,
1629 2584 1673 2644 καί

106 2677 180 2743 bant.
190 2676 253 2738 floe
271 2692 297 2738 et
319 2698 369 2758 ego
388 2678 472 2738 velim
492 2679 622 2759 gaudium
639 2705 645 2738 :
661 2681 734 2759 quod
749 2682 852 2745 anullo
902 2683 1053 2764 ἐκήρυττον.
1065 2680 1173 2754 Ταύτην
1188 2680 1234 2740 καί
1251 2678 1304 2758 ἐγὼ
1317 2676 1444 2757 βούλομαι
1458 2675 1618 2757 τλνχαρόν·
1628 2678 1672 2737 ἀπ’

104 2770 237 2851 corporali
254 2770 363 2831 initium
382 2770 491 2851 habeat,
511 2771 586 2831 seda
600 2770 788 2852 spiritualibus
807 2796 851 2833 re-
867 2769 885 2816 Β
901 2772 1002 2839 οὐδενός
1024 2776 1175 2852 σωματικοῦ
1191 2770 1239 2843 τὴν
1260 2768 1346 2849 ἀρχὴν
1366 2767 1435 2849 ἔχει,
1451 2769 1510 2828 ἀλλ’
1529 2767 1585 2828 aut
1605 2791 1673 2849 πρα·

104 2863 163 2924 bus.
178 2866 239 2924 Non
255 2879 342 2945 potest
356 2865 404 2944 qui
418 2865 567 2926 seeundum
584 2866 718 2927 mundum
740 2868 849 2949 gaudet,
901 2865 1217 2944 γμότοινπνευματικῶν.
1228 2864 1286 2923 Οὐκ
1297 2861 1353 2921 ἔστι
1364 2861 1410 2920 τδν
1423 2858 1494 2919 κατά
1504 2860 1606 2938 κόπρον
1615 2859 1673 2941 χαί-

103 2957 186 3016 simul
199 2971 225 3017 et
236 2958 382 3017 seeundum
396 2961 485 3019 Deurn
497 2959 616 3038 gaudere
631 2983 638 3016 τ
654 2961 742 3021 omnis
765 2963 848 3041 enim,
903 2979 980 3037 ροντα
994 2961 1060 3035 ὁμοῦ
1078 2955 1128 3014 καὶ·
1141 2954 1211 3014 κατὰ
1229 2953 1297 3014 Θεὸν
1311 2952 1421 3032 χόρεθ·
1438 2960 1491 3018 πθ(
1512 2950 1567 3031 γὰρ
1580 2956 1595 3013 θ
1607 2948 1673 3011 aad

102 3051 150 3129 qui
171 3051 319 3111 seeundum
337 3050 470 3112 mundum
488 3052 598 3131 gaudet,
614 3052 649 3113 de
667 3052 771 3114 divitiis
785 3075 851 3136 gau-
901 3048 1000 3128 κόσμον
1014 3048 1129 3129 χαίρων,
1149 3045 1194 3105 ἐπὶ
1212 3043 1320 3126 πλούτῳ
1331 3043 1435 3123 χαίρει,
1449 3044 1495 3103 ἐπὶ
1508 3047 1612 3122 τροφῇ,
1631 3042 1673 3104 ἀτί

103 3141 159 3221 det,
174 3142 209 3202 de
220 3143 370 3224 voluptate,
382 3143 417 3203 de
430 3143 526 3222 gloria,
539 3143 574 3203 de
588 3145 716 3224 potentia,
729 3145 764 3205 de
776 3168 850 3211 arro-
901 3140 962 3221 δόξῃ
979 3141 1024 3200 καί
1039 3137 1191 3220 δυναστεία,
1206 3137 1250 3196 ἐπὶ
1264 3134 1416 3215 ἀλαζονεία·
1430 3139 1445 3193 ό
1464 3133 1493 3195 δί
1505 3135 1576 3195 κατὰ
1588 3135 1673 3208 Θεία,

103 3233 210 3311 gantia3
223 3234 270 3314 qui
286 3256 351 3296 vero
371 3235 520 3295 seeundum
538 3237 638 3310 Deum,
653 3235 687 3295 de
703 3236 850 3316 ignominia
900 3234 944 3293 ἐπὶ
957 3231 1097 3315 ἀτιμίφτῇ
1113 3231 1146 3289 δι’
1160 3230 1249 3301 αὐτὸν,
1263 3227 1308 3288 ἐπί
1320 3225 1413 3305 πενίᾳ,
1428 3224 1473 3286 ίπὶ
1489 3225 1672 3306 &mimos

102 3340 212 3407 propter
231 3326 322 3403 illum,
339 3327 373 3387 de
388 3340 555 3408 paupertate,
570 3326 605 3387 de
616 3326 718 3408 inopia,
735 3329 770 3389 de
775 3331 849 3411 jeju·
899 3325 944 3385 ίπί
954 3323 1075 3404 νηστείᾳ,
1089 3322 1132 3382 ἐπὶ
1143 3320 1377 3403 ταπεινοφροσύνῃ.
1391 3316 1491 3398 Ὁρᾷς,
1502 3317 1544 3378 ότι
1558 3317 1673 3379 ίναντίαι

102 3419 159 3496 nio,
175 3418 210 3478 de
223 3417 387 3479 bumilitate.
404 3417 504 3481 Viden'
519 3440 601 3497 quam
620 3420 752 3480 contraria
768 3443 849 3503 argu·
901 3422 928 3482 αί
941 3415 1090 3486 ὑποθέσεως
1104 3410 1245 3480 Ὀσοιέξνι
1259 3420 1346 3492 χαρᾶς
1355 3413 1421 3469 εἰσιν
1436 3412 1562 3480 ἐνταῦθα,
1571 3407 1619 3469 καί
1628 3407 1672 3468 λύ·

102 3509 212 3568 menta?
223 3510 362 3589 Quotquot
380 3509 426 3568 hie
444 3523 519 3568 extra
540 3508 672 3607 gaudium
685 3523 758 3585 sunt,
772 3525 849 3574 extra
899 3531 964 3581 πης·
979 3507 1025 3569 καί
1049 3505 1106 3567 όσοι
1124 3503 1174 3573 ἔξω
1187 3503 1274 3576 λύπης
1292 3504 1419 3574 intiba,
1434 3498 1480 3559 καί
1500 3501 1606 3573 bittit-
1619 3499 1673 3559 Καί
1714 3551 1717 3555 -

102 3624 244 3663 moerorem
255 3616 335 3680 sunt;
351 3616 377 3662 et
388 3614 520 3680 quotquot
530 3614 607 3661 extra
621 3623 772 3677 moerorem,
786 3619 851 3665 sunt
899 3597 1081 3669 interveniri
1098 3600 1156 3658 ἐστι
1172 3594 1208 3663 τί
1229 3598 1356 3655 ποιοῦντα
1380 3593 1467 3664 ἀληθῆ
1483 3593 1591 3672 χαρὰν,
1614 3591 1672 3651 tart
1702 3677 1704 3681 Ι

16 3707 19 3712 ’
101 3695 181 3755 etiam
195 3707 271 3754 extra
281 3695 457 3774 voluptatem.
474 3693 511 3755 Et
523 3714 617 3753 revera
630 3693 687 3754 baec
700 3709 773 3772 sunt,
785 3717 846 3774 qua
862 3708 881 3755 t}
899 3693 986 3750 ίκεῖνα
1010 3690 1093 3768 όνομοι
1113 3686 1190 3766 μόνον
1205 3685 1261 3767 ίχει
1275 3695 1378 3766 χαρᾶς,
1400 3682 1431 3743 τθ
1449 3681 1477 3742 δὲ
1494 3692 1548 3743 πᾶν
1563 3684 1590 3742 ἀν
1603 3680 1672 3760 λύπη

29 3830 35 3841 .
101 3807 196 3846 verum
206 3785 337 3866 gaudium
349 3785 462 3859 faciunt,
476 3785 603 3864 quoniam
615 3786 663 3846 illa
677 3807 773 3848 nomen
786 3801 846 3849 tan-
899 3791 995 3842 κιῑται.
1010 3779 1104 3852 Πόσην
1116 3776 1215 3837 ἀνίανό
1228 3775 1332 3844 ἀλαζὼν
1354 3773 1423 3856 ἔχει,
1432 3778 1489 3841 πῶς
1503 3773 1673 3834 διακόπτεται

101 3893 160 3938 turn
182 3877 275 3958 gaudii
295 3877 408 3946 habent,
423 3890 510 3937 totum
530 3890 620 3937 autern
633 3877 661 3937 in
675 3899 789 3938 moerore
804 3878 845 3939 si·
899 3878 926 3935 ἐν
941 3875 1013 3954 αὐτῷ
1028 3875 1066 3954 τῷ
1080 3869 1296 3939 ἀλαζονεύεσθαι,
1315 3865 1410 3949 μορίας
1422 3863 1531 3946 Ι’ίσιυτίξι
1546 3863 1672 3947 μηχανόε-

42 3999 44 4002 ·
100 3986 160 4031 tum
169 3986 218 4031 est.
229 3972 371 4044 Quantum
381 3970 503 4031 moeroris
513 3969 595 4031 babet
603 3972 749 4051 arrogans?
760 3993 846 4050 quan·
898 3962 1084 4044 μενοςῧὸρῑις,
1096 3958 1203 4021 nobiti
1215 3955 1432 4039 μῖσῡςιμὲγᾶδθν
1445 3955 1494 4030 ἢν
1508 3955 1671 4036 ἆπίλθῑῑαθι

101 4077 160 4122 tum
174 4063 341 4145 praepeditur
353 4062 420 4121 dum
433 4075 587 4141 arroganter
607 4062 685 4142 agit?
698 4063 780 4122 Mille
792 4063 845 4123 sibi
896 4055 978 4117 πολὺν
996 4056 1040 4116 τόν
1056 4052 1159 4135 φθόνον,
1177 4050 1280 4122 πολλὴν
1299 4047 1348 4122 τί*
1366 4041 1530 4128 βασκανίίθὶ
1550 4047 1600 4108 κᾶν
1621 4047 1671 4130 γὰρ

100 4167 178 4232 parat
187 4152 374 4228 oonttmelias,
385 4172 514 4231 magnum
528 4151 633 4228 odium,
652 4174 777 4232 magnam
792 4154 846 4214 ini·
896 4148 970 4228 παρδι
984 4150 1037 4208 τῶν
1052 4145 1176 4224 μειζόνων
1190 4145 1319 4226 θύρισθῇ,
1332 4145 1425 4223 ἀλγεῖ·
1443 4140 1492 4199 κᾶν
1506 4140 1546 4218 μὴ
1564 4139 1670 4200 πάντων
1707 4198 1711 4205 ,

42 4272 45 4277 ·
100 4239 243 4321 micinam,
258 4241 391 4303 invidiam
400 4243 543 4320 ingentem.
556 4245 626 4301 Nam
637 4243 686 4300 sia
697 4243 845 4324 majoribus
896 4241 1075 4320 κατεξαναστῇ
1084 4286 1093 4312 ,
1103 4238 1234 4301 δάκνεται.
1246 4235 1281 4296 Ὁ
1295 4235 1323 4296 δὲ
1336 4234 1458 4302 ταπεινός
1471 4235 1498 4293 όν
1510 4235 1600 4311 πολλῇ
1616 4236 1672 4293 ἔστι

100 4333 262 4393 contumelia
277 4325 423 4407 afficiatur,
438 4332 525 4408 dolet;
541 4332 564 4391 si
583 4353 636 4392 non
650 4348 741 4393 eontra
753 4356 844 4397 omnes
895 4334 1107 4412 τῇὴδονῇ,παρ’
1123 4329 1223 4395 ούδενδς
1239 4328 1391 4406 προσδοκῶν
1403 4323 1500 4403 τιμιίν·
1511 4323 1543 4384 ἂν
1560 4322 1609 4402 μὲν
1627 4314 1671 4383 σύν
1706 4394 1709 4399 ¹

99 4427 233 4503 insurgat,
253 4423 400 4483 mordetur.
424 4422 543 4481 Humilis
565 4444 629 4482 vero
650 4424 678 4483 in
700 4425 785 4484 multa
805 4439 845 4485 est
895 4429 1009 4503 τιμηθῇ,
1026 4422 1113 4495 ἥσθη,
1126 4420 1156 4479 ἀν
1170 4419 1197 4480 δὲ
1212 4418 1250 4498 μὴ
1265 4423 1383 4498 τιμηθῇ,
1395 4421 1443 4477 οὒκ
1455 4416 1592 4494 ἤλγησεν,
1612 4416 1670 4475 ἀλλ’

98 4519 249 4600 uoluptate,
263 4538 278 4575 a
293 4517 367 4576 nullo
380 4515 510 4575 bonorem
530 4529 685 4596 exspectans
699 4540 706 4572 ι
721 4517 745 4576 si
759 4519 844 4578 bono-
860 4546 878 4593 ῃ
896 4515 1057 4598 &perefflua
1075 4517 1122 4574 οὐκ
1135 4511 1278 4590 ίέτιμήθη.
1293 4509 1349 4591 Ἆρ’
1364 4501 1408 4571 ede
1424 4512 1455 4570 ἐκ
1469 4515 1516 4568 τοῦ
1531 4505 1569 4586 μθ,
1585 4509 1672 4579 ζητεῖν

99 4624 183 4688 retem,
200 4606 314 4690 gaudet5
332 4605 355 4667 si
371 4626 423 4665 non
438 4605 595 4682 honoretur,
615 4626 668 4666 non
685 4606 769 4686 dolet,
787 4607 842 4670 imo
894 4607 975 4686 τιμὴν
996 4605 1040 4665 καί
1054 4609 1196 4682 τιμᾶσθαι,
1210 4600 1296 4674 πολλὴ
1319 4606 1337 4672 ἡ
1356 4600 1448 4674 ἡδονή.
1463 4599 1540 4661 Ἐκεῖ
1564 4597 1593 4660 δὲ
1608 4600 1670 4658 τώ-

130 4822 144 4851 ⁸
154 4808 226 4858 Idem
236 4813 312 4875 χαρά’
326 4809 370 4859 οἷον
388 4811 408 4858 ei
419 4809 549 4858 ἀπόστολοι.
567 4801 654 4868 [Infra
664 4803 695 4854 D.
708 4814 798 4859 πάντων
808 4823 855 4872 pro
905 4803 986 4854 ambit
997 4801 1119 4852 honorem
1130 4819 1137 4867 3
1148 4800 1192 4851 aed
1206 4798 1269 4850 bene
1278 4816 1361 4850 seeum
1372 4810 1457 4849 aetum
1470 4809 1557 4864 putat,
1569 4799 1592 4849 ai
1603 4795 1672 4848 nulla

98 4887 208 4951 πάντας]
905 4882 1010 4932 affectus
1022 4893 1061 4930 eat
1079 4880 1225 4946 ignominia.
1244 4877 1287 4930 Sic
1301 4879 1380 4944 plane
1401 4877 1536 4945 legendnm
1552 4894 1606 4926 esse
1625 4875 1670 4925 de-

131 4967 145 5005 b
157 4963 203 5014 Alii
214 4969 287 5028 ἑαυτῷ
299 4969 410 5032 προξενῶν
423 4968 463 5019 τὰς
474 4962 554 5028 tepea.
904 4970 1023 5011 monstrat
1034 4958 1103 5026 qnod
1113 4959 1230 5024 seqnitur,
1240 4961 1342 5022 μάλιστα
1354 4960 1373 5008 δ’
1388 4950 1455 5007 αὐτόν
1468 4959 1536 5013 οὐδεὶς
1548 4964 1667 5020 ἀτιμάζει.

131 5040 201 5091 ostii
216 5047 320 5104 ἐτιμήθη.
333 5046 436 5104 μάλιστα
453 5043 476 5090 δὲ
488 5042 556 5097 οὐδεὶς
570 5044 637 5092 αὑτὸν
648 5047 767 5105 ἀτιμάζει,
781 5038 852 5090 etsie
903 5041 978 5102 Atqui
990 5035 1065 5098 illud,
1078 5035 1148 5102 quod
1164 5034 1205 5084 hie
1224 5036 1344 5099 seqnitur,
1358 5049 1403 5084 nee
1420 5030 1489 5099 apud
1506 5033 1608 5095 biorel„
1621 5050 1667 5083 nee

98 5123 158 5186 legit
173 5121 248 5169 etiam
265 5115 380 5167 Savilius.
397 5116 444 5166 Hie
463 5128 546 5166 autem
565 5117 600 5166 εἰσ
619 5129 693 5168 notat
709 5119 852 5169 Dounaeua:
903 5120 928 5168 in
946 5118 1004 5168 ntae,
1017 5114 1114 5182 aliquot
1132 5112 1248 5173 babetur,
1266 5124 1291 5163 et
1309 5112 1350 5161 bic
1366 5111 1520 5177 superfluum
1536 5125 1584 5163 est.
1602 5113 1668 5167 nam

96 5199 236 5266 Μαιεῇισεσ
246 5195 391 5271 iugandum,
404 5200 457 5246 etit·
468 5205 546 5262 &paraq
557 5203 592 5250 δτι
603 5200 640 5250 οῦκ
653 5205 782 5265 tripotens:
796 5199 853 5250 Non
903 5194 951 5247 boc
964 5193 1063 5245 sublato
1074 5191 1197 5245 sententia
1209 5203 1275 5244 reete
1287 5190 1411 5259 procedit.
