3728 5978
572 420 606 468 ru
633 419 718 470 tera
746 391 1000 468 tnosroronur'r.
1029 420 1147 469 norrun.
1174 396 1282 471 κιιῖιι.
1640 397 1708 496 393

132 550 319 624 καταφρονεῖν,
336 541 449 610 πολλοὺς
468 541 627 602 ἀπολλύναι·
653 543 710 603 ἐπεί
734 543 780 603 καί
802 544 907 609 Παῦλος
960 535 1201 604 autemintantatn
1213 540 1589 619 inciderimusnecffsitatem,
1601 554 1631 600 ut
1641 547 1706 622 pro-

132 634 279 715 προενόησε
290 634 452 694 σκανδαλοψ
474 635 521 694 καλ
538 637 610 710 πῶς,
633 636 725 694 ἄκουε·
739 634 799 696 Ἵνα
814 635 852 714 μὴ
871 638 904 716 τῇ
959 647 1019 716 pler
1032 635 1143 696 alterius
1153 634 1347 696 offendiculum
1362 655 1458 715 magna
1474 634 1597 694 eveniant
1616 633 1703 695 mala:

133 726 276 805 ἁδρότητι,
289 728 369 808 φησί,
390 727 473 807 ταύτῃ
489 731 523 807 τῇ
544 727 732 807 διακονουμένῃ
753 730 795 809 ἀρ’
809 732 904 807 ἡμῶν·
959 727 1049 808 ipsum
1056 743 1264 789 contemnamus.
1274 727 1442 807 lllequidcm
1454 727 1505 787 sibi
1517 727 1546 787 in
1557 748 1636 788 causa
1647 741 1703 804 est;

133 816 208 876 οὐδέν
218 816 271 898 γὰρ
285 816 400 879 ίάλαπτε
414 818 445 878 τὸ
461 818 509 892 την
522 818 646 879 ὑπόνοιαν
658 817 762 887 ἐξελεῖν.
775 818 863 880 Ὅταν
877 817 905 879 δὲ
960 839 1006 882 nos
1018 841 1082 882 vero
1100 821 1158 902 jam
1172 820 1247 881 noxii
1269 841 1322 879 nnn
1336 841 1431 881 snmus
1442 843 1448 876 :
1459 840 1512 879 non
1531 819 1620 900 potuit
1630 820 1704 881 enim

133 911 171 977 είς
184 909 308 982 τοιαύτην
327 909 486 989 ἐμπέσωμεν
509 909 637 990 ἀνάγκην,
655 910 723 971 ὥστε
744 910 848 991 μεγοίλα
860 935 906 990 γε·
960 911 1017 972 sinc
1025 911 1125 972 damno
1136 912 1177 971 illi
1187 912 1270 993 parci.
1282 913 1366 973 Multi
1381 912 1476 972 offensi
1490 925 1553 970 sunt
1567 956 1575 985 ,
1590 910 1662 990 quod
1673 911 1702 972 in

133 1000 308 1060 ulularuntul
327 1000 370 1062 διδ
385 1002 415 1062 τδ
429 1001 518 1083 ἑτέρω
531 1002 685 1075 σκάνδαλον,
698 1009 906 1086 καταφρονῶμεν
959 1005 1059 1086 templo
1068 1004 1508 1085 cubarentquidamfideles,quasi
1521 1023 1574 1064 non
1589 1004 1696 1083 liceret,

133 1091 243 1152 ἐκείνου.
258 1094 374 1161 Ἐκεῖνος
391 1092 438 1171 μέν
454 1093 506 1173 γὰρ
521 1097 604 1174 ἑαυτῷ
616 1093 716 1167 ulrice,
727 1099 805 1172 ἡμεῖς
818 1094 846 1155 δὲ
858 1099 906 1157 οῦκ
958 1097 1006 1156 sed
1015 1098 1085 1158 male
1097 1122 1104 1155 z
1116 1098 1186 1158 nibil
1198 1097 1269 1157 cuim
1277 1097 1341 1156 hinc
1355 1097 1458 1158 damni.
1475 1097 1700 1177 offendebantur,

133 1182 174 1242 ἔτι
187 1183 339 1245 ὑπεύθυνοι·
354 1189 383 1245 οῦ
394 1185 447 1267 γάρ
457 1189 517 1256 ἐνῆν
528 1185 653 1253 ἀάλαὸῶς
662 1188 741 1246 αὐτοῦ
755 1187 904 1267 φείσασθαι.
958 1188 1104 1270 quodcum
1114 1188 1233 1249 ethnicis
1247 1189 1397 1250 comederet
1409 1191 1504 1250 Petrus
1509 1188 1575 1268 ,sed
1584 1188 1632 1248 ille
1641 1190 1702 1249 abs·

134 1272 398 1350 Ἐσκανδαλίοθησαν
419 1278 528 1351 πολλοὶ,
547 1277 590 1336 ὅτι
609 1281 646 1343 είς
670 1277 728 1359 ίερδ
752 1279 906 1340 κατέκειντύ
958 1282 1050 1358 tinuit,
1069 1281 1115 1341 hic
1132 1303 1198 1343 veto
1213 1302 1265 1340 non
1279 1281 1352 1341 item.
1363 1281 1470 1360 Ubique
1483 1301 1531 1340 nos
1544 1277 1621 1342 dccet
1632 1281 1703 1361 leges
1718 1300 1722 1308 '

132 1389 203 1435 τινες
223 1366 328 1441 πιστοί,
352 1367 460 1442 οἐπειδὴ
486 1371 538 1440 οιίκΙ
555 1369 608 1428 ἔδει
630 1375 816 1430 κατακεῖσθαι·
837 1370 906 1431 ἀλλά
959 1374 1011 1433 Dei
1024 1387 1173 1453 sequentes,
1189 1394 1314 1454 magnam
1330 1393 1424 1433 curam
1441 1372 1541 1433 habere
1550 1417 1560 1450 ,
1571 1392 1607 1435 ne
1620 1392 1702 1451 quam

133 1464 235 1526 κακῶς·
248 1460 356 1540 οὐδεμία
370 1461 423 1544 γὰρ
441 1461 494 1522 ἀπὸ
510 1462 602 1523 τούτου
615 1462 711 1541 passu.
725 1461 905 1523 Ἐοοοονδολί-
959 1465 1115 1527 offendiculi
1128 1467 1295 1527 occasionem
1308 1467 1487 1549 praebeamus,
1504 1480 1533 1526 ut
1547 1480 1572 1526 et
1593 1486 1642 1527 nos
1660 1467 1702 1526 in-

133 1551 225 1628 ζοντο,
244 1551 285 1611 ὅτι
306 1552 381 1624 ἤσθιε
400 1553 467 1631 μετὰ
487 1557 538 1613 τῶν
558 1557 665 1613 ἐθνικῶν
680 1559 694 1614 θ
708 1553 825 1633 Πέτρος·
847 1556 905 1614 ἀλλ’
924 1567 941 1614 Ε
959 1559 1035 1618 noxii
1049 1559 1142 1637 simus,
1152 1571 1178 1619 et
1191 1559 1243 1619 Dei
1251 1558 1420 1619 clementiam
1427 1579 1630 1637 consequamur,
1641 1578 1702 1640 gra·

134 1643 233 1710 ἕκοῖνοτ
253 1643 301 1723 μίν
323 1644 459 1725 ἐφείσατο,
479 1647 556 1713 οὗτος
578 1645 605 1705 δὲ
622 1648 669 1705 οὔκ
689 1647 738 1706 ἔτι.
761 1647 906 1727 Πανταχοῦ
959 1653 997 1712 tia
1011 1665 1038 1713 ct
1050 1651 1215 1731 benignitate
1231 1651 1372 1731 Unigeniti
1385 1653 1452 1732 ejus,
1464 1651 1575 1729 quicum
1590 1650 1663 1710 Patri
1676 1664 1704 1712 et

134 1735 264 1816 προσθοῦ
274 1740 346 1816 ἡμᾶς
358 1746 413 1804 τοῖς
431 1743 476 1798 τοῦ
491 1741 561 1800 Θεοῦ
579 1739 669 1817 νόμοις
682 1742 906 1799 κατακολουθῶν·
959 1757 1051 1805 saucto
1068 1744 1183 1825 Spiritui
1198 1744 1296 1823 gloria,
1311 1744 1467 1824 imperium,
1481 1741 1578 1820 honor,
1595 1755 1704 1802 nuncet

133 1851 199 1900 τοι,
226 1829 327 1902 πολλὴν
359 1830 475 1904 σπουδὴν
500 1837 649 1908 ποιεῖσθαι,
673 1830 741 1890 ὥστε
775 1831 906 1909 μηδεμίαν
960 1857 1076 1917 semper,
1089 1850 1115 1896 et
1130 1836 1158 1895 in
1171 1835 1268 1897 sucula
1283 1835 1453 1897 seculorum.
1470 1836 1562 1908 Amen.

135 1919 260 2032 ἀφορμὴν
272 1921 400 2003 παρέχειν
414 1922 576 2009 σκαγδοίλου,
591 1922 634 1983 ἵνα
652 1923 698 1982 καί
717 1924 791 1982 αὐτοὶ
803 1922 907 1983 ἀνεύθυ-
995 1963 999 1971 .

135 2033 174 2070 νοι
184 2036 266 2089 ωμεν,
276 2013 321 2072 καί
333 2017 382 2084 τῆς
394 2013 468 2094 παρὰ
480 2012 606 2075 roseros
621 2013 819 2095 φιλανθρωπίας
831 2013 909 2082 ἀξιω-
1088 2031 1110 2075 0

135 2108 233 2183 θῶμεν,
243 2106 336 2186 χάριτι
345 2108 390 2165 καί
400 2107 584 2190 φιλανθρωπία
593 2113 639 2167 τοῦ
652 2109 813 2186 Μονογενοῦς
821 2109 910 2181 αὐτοῦ,

138 2198 196 2272 μεθ’
215 2187 299 2278 αύτῷ
314 2198 417 2277 Πατρὶ,
436 2198 493 2277 ἅμα
518 2203 556 2281 τῷ
581 2198 648 2280 ἁγίῳ
669 2197 807 2277 Πνιύματι
830 2196 910 2271 δόξα,

136 2288 248 2369 κράτος,
263 2290 346 2369 τιμὴ,
361 2298 405 2351 νῦν
420 2292 466 2351 καὶ
480 2292 536 2368 ἀεὶ,
555 2292 600 2350 καὶ
619 2295 655 2359 είς
674 2289 734 2358 τοῦς
749 2293 844 2359 αἰῶνας
857 2293 909 2355 τῶν

137 2377 251 2440 αἰώνων.
262 2380 353 2461 Ἀμήν.

168 2575 180 2600 ·
191 2565 268 2623 luerint
279 2559 349 2614 deest
359 2564 386 2617 in
395 2560 458 2617 oliti.

1260 2758 1700 2771 ———-.—-.——.--.

417 2919 552 2979 omnm
574 2918 626 2997 μς.
920 2913 956 3014 ορ
1190 2913 1349 2995 uomitu
1369 2913 1485 2978 xrvu.
1586 2899 1587 2903 '

135 3094 207 3163 Είπι
233 3102 261 3162 δέ
288 3108 303 3164 θ
323 3105 444 3171 Παῦλος·
471 3103 524 3184 ἐγώ
547 3106 603 3183 εἰμι
630 3103 765 3182 ἅνθρωπος
787 3101 912 3170 Ἰουδαῖος
965 3099 1034 3171 Car.
1048 3099 1126 3162 XXI.
1146 3121 1174 3162 v.
1192 3101 1240 3161 39.
1256 3102 1342 3187 Dixit
1367 3115 1464 3162 autem
1486 3102 1626 3162 Paulus:
1645 3104 1710 3183 Ego

176 3193 298 3273 Ταρσεὺς
315 3201 364 3268 τῆς
377 3195 517 3270 Κιλικίας,
535 3199 582 3255 οῦκ
598 3194 702 3274 ἀσήμου
716 3193 818 3262 πόλεως
830 3192 910 3253 πολί-
1004 3193 1091 3251 tomo
1111 3214 1176 3253 sum
1195 3195 1310 3275 quidem
1335 3195 1457 3254 Judoeus
1478 3216 1497 3252 ο
1520 3195 1611 3254 Tarso
1635 3194 1709 3254 Cili·

177 3309 241 3360 της·
256 3287 349 3365 δέομαι
363 3288 392 3349 δέ
404 3312 471 3362 σου,
488 3286 626 3368 ἐπίτρεψόν
642 3309 687 3366 μοι
709 3289 824 3359 λαλῆσαι
846 3287 911 3364 πρὸς
1004 3289 1144 3375 αἱμακοπ
1163 3286 1300 3367 ignobilis
1320 3289 1447 3348 civitatis
1465 3292 1636 3370 civisrrogo
1654 3308 1710 3348 au·

176 3381 221 3440 τὸν
228 3380 304 3440 λαόν.
318 3378 527 3461 Ἐπιτρέψαντος
541 3381 568 3440 δὲ
578 3383 674 3450 αὐτοῦ,
688 3380 816 3448 δΠαῦλος
829 3378 911 3448 έστὼς
1005 3387 1062 3435 lem
1083 3390 1127 3453 te,
1142 3382 1278 3458 permitte
1301 3380 1374 3438 milti
1396 3379 1478 3459 loqui
1498 3380 1539 3439 ad
1555 3380 1706 3460 populum.

178 3471 224 3530 έπὶ
239 3475 290 3530 τῶν
306 3472 467 3550 ἀναύαθμῶν
481 3471 618 3532 κατέσεισε
638 3474 671 3549 τῇ
692 3470 763 3552 χειρί
776 3469 820 3530 τὸν
837 3470 909 3530 λαόν.
1004 3467 1052 3528 ll).
1069 3471 1109 3528 El
1129 3490 1195 3533 cum
1218 3471 1270 3532 ille
1284 3475 1472 3550 permisisset,
1490 3471 1606 3532 Paulus
1625 3484 1709 3532 stans

177 3565 287 3634 Πολλῆς
314 3563 341 3625 δέ
368 3570 444 3643 σιγῆς
470 3562 632 3644 γενομένης,
662 3561 861 3648 προσερώνησι,
877 3566 910 3641 τῇ
1004 3563 1036 3618 in
1044 3563 1197 3642 gradibus,
1208 3567 1315 3624 annuit
1329 3585 1419 3622 manu
1430 3563 1472 3623 ad
1477 3564 1600 3643 plebem,
1608 3577 1636 3623 et
1650 3584 1709 3622 mu

176 3653 298 3740 Ἑὸραίδι
313 3655 456 3738 διαλέκτῳ,
472 3656 566 3735 λέγων.
1003 3672 1062 3730 gno
1072 3653 1190 3713 silentio
1190 3655 1290 3736 sacto,
1299 3655 1470 3735 alloquutus
1481 3667 1524 3714 est
1532 3655 1634 3736 lingua
1648 3658 1706 3714 lle-

1006 3745 1095 3822 brea,
1115 3746 1225 3807 dicens.

174 3933 249 4017 Ὅρα
270 3934 363 4009 αθτδν,
376 3934 440 3995 ὅταν
464 3933 529 4016 πρδς
548 3933 605 4001 τοῦς
629 3932 678 4002 έξω
698 3931 868 4012 διαλέγηται,
881 3931 910 3993 οὗ
927 3944 945 3991 Β
1007 3931 1036 3988 ί.
1052 3928 1124 3993 Vide
1133 3929 1224 4007 illum,
1236 3929 1344 4008 quando
1358 3943 1481 3990 externos
1490 3931 1645 4012 alloquitur,
1653 3952 1706 3992 uon

133 4026 344 4108 παραιτούμενον
365 4026 410 4085 καί
436 4034 490 4094 τοῖς
510 4025 562 4086 ἀπὸ
582 4030 634 4085 τῶν
655 4024 742 4103 νόμων
763 4027 909 4105 κεχρῆσθαι
961 4041 1084 4086 recusare
1104 4020 1186 4083 etiam
1201 4019 1334 4100 legalibus
1357 4022 1397 4080 uti
1417 4021 1588 4103 adjumentis.
1602 4023 1654 4083 Hic
1669 4023 1704 4086 il-

133 4120 312 4199 βοηθήμασιν.
328 4119 461 4178 Ἐνταῦθα
481 4120 558 4178 αὐτὸν
575 4119 627 4178 ἀπὸ
639 4121 688 4189 τῆς
701 4117 802 4183 πολεως
821 4115 909 4196 έντρέ-
960 4112 1019 4172 lum
1035 4133 1069 4171 ex
1083 4110 1201 4171 civitatis
1214 4111 1322 4172 nominc
1335 4113 1459 4174 refrenat.
1473 4114 1520 4173 Sic
1533 4128 1558 4174 et
1572 4127 1649 4176 antea
1662 4116 1706 4176 di·

132 4235 187 4271 πει.
205 4209 284 4271 Ούτω
297 4210 343 4269 καί
357 4209 504 4289 ἔμπροσθεν
516 4210 604 4290 έλεγε’
620 4212 645 4270 Τ
646 4209 759 4290 ύψαντες
774 4214 846 4286 ἡμᾶς
861 4209 907 4280 δη·
960 4203 1054 4263 cebet:
1068 4205 1259 4264 Verberanles
1271 4223 1323 4263 nos
1333 4205 1446 4264 indicta
1460 4225 1561 4279 causa,
1573 4209 1705 4268 ltomt'nes
1716 4223 1853 4283 Act.16.37.

133 4301 216 4381 μοσίρ
227 4301 418 4382 ἀκατακρίτους
429 4301 592 4382 ἀνθρώπους,
607 4300 756 4380 Ῥωμαίους
769 4300 905 4382 ὑπάρχω·
962 4298 1118 4368 Romanos,
1131 4298 1316 4377 conjecerunt
1330 4299 1365 4355 ln'
1377 4317 1531 4360 carcerem.
1547 4299 1618 4372 Quia
1632 4301 1704 4361 enim

131 4418 198 4465 τας,
212 4394 305 4453 έὸαλον
328 4397 364 4460 εἰς
388 4393 517 4473 φυλακην.
532 4392 643 4465 Ἐπειδὴ
659 4391 711 4472 γάρ
732 4391 903 4464 ἐπυνθάνετο,
958 4387 1145 4448 sciscitabatur
1161 4410 1168 4445 ε
1187 4389 1230 4448 Tu
1243 4408 1274 4446 cs
1288 4388 1444 4468 AEgyptius
1459 4390 1535 4450 illel
1548 4394 1612 4473 Ego
1626 4415 1701 4468 sum,

131 4487 172 4546 Σῦ
186 4477 234 4546 εἶθ
248 4485 406 4566 Αἰγύπτιος,
416 4484 488 4566 Ἐγώ
503 4488 572 4563 εἰμι,
586 4485 664 4566 ρησίν
674 4531 682 4559 ,
693 4485 829 4564 ἄνθρωπος
840 4483 906 4544 Ἰου-
959 4478 1057 4559 inquit,
1069 4479 1155 4539 ltomo
1170 4480 1303 4539 Judoeus.
1312 4480 1358 4539 Sic
1371 4480 1510 4560 loquutus,
1522 4483 1601 4544 illum
1612 4488 1703 4545 statim

132 4578 214 4642 δαῖος.
229 4576 323 4644 Οὕτως
343 4575 440 4648 εἰπὼν,
460 4578 552 4642 εὐθέως
573 4575 650 4635 αὐτὸν
666 4573 764 4647 ταύτης
783 4574 906 4652 ἀπήγαγε
958 4592 975 4633 a
994 4571 1147 4652 suspicione
1165 4570 1290 4641 abduxit.
1314 4571 1419 4632 Deinde
1446 4594 1480 4632 nc
1505 4589 1646 4655 putaretur
1667 4598 1701 4636 ex

130 4672 180 4738 τῆς
195 4667 317 4747 ὑποψίας.
328 4658 397 4726 blec
407 4666 451 4726 ίνα
466 4665 503 4745 μὴ
514 4671 625 4747 κομισθῇ
638 4665 667 4726 τδ
681 4664 752 4733 ἔθνος
767 4666 906 4737 Ἰουδαῖος,
948 4677 1038 4744 ¹gente
1055 4663 1179 4740 Judaeus,
1192 4661 1265 4722 dixit
1282 4663 1442 4743 religionem
1455 4688 1462 4722 ε
1475 4666 1574 4726 etenim
1588 4680 1620 4747 ¹et
1634 4666 1703 4731 alibi
1715 4716 1719 4723 ,

129 4760 202 4841 λέγει
215 4759 264 4832 τὴν
277 4759 433 4840 θρησκείαν·
448 4760 493 4819 καί
516 4759 568 4839 γὰρ
589 4760 633 4819 καὶ
656 4760 774 4839 ἀλλαχοῦ
800 4758 906 4837 ἔννομον
958 4778 987 4817 se
996 4755 1048 4816 sub
1060 4755 1119 4835 lege
1132 4754 1234 4816 Christi
1246 4753 1313 4815 dicit
1323 4776 1387 4815 esse.
1403 4757 1480 4831 Quid
1491 4756 1544 4816 hoc
1557 4758 1617 4817 est?
1630 4759 1703 4818 Pan-

131 4852 223 4913 έαυτὸν
240 4854 358 4933 Χριστοῦ
378 4856 461 4912 καλεῖ.
483 4855 508 4912 Τ
511 4850 520 4910 ί
534 4852 610 4912 τοῦτό
624 4854 693 4923 ἔστη
709 4852 835 4918 ’Παῦλος
847 4849 907 4931 ψεύ-
960 4848 1037 4909 lusnc
1055 4847 1205 4907 mentitur?
1230 4846 1316 4906 Absit.
1331 4847 1407 4920 Quid
1428 4848 1531 4928 igitur?
1544 4871 1597 4910 nou
1617 4872 1701 4932 nega·

132 4943 224 5018 δεται,
238 4942 349 5022 Ἄπαγε.
367 4944 403 5004 Τί
419 4933 476 5016 οῦν,
495 4946 542 5002 οὐκ
562 4942 708 5025 ἠρνήσατο;
731 4940 777 5015 Μὴ
791 4942 906 5020 γένοιτο·
924 4943 943 4993 C
960 4941 1023 5003 uit?
1037 4938 1251 5003 Absitaludaeus
1261 4939 1332 4999 enirn
1341 4953 1398 4999 erat
1407 4953 1433 4998 et
1442 4939 1620 5018 Christianus,
1628 4963 1703 5022 quae-

130 5036 259 5104 Ἰουδαῖος
281 5037 332 5116 γὰρ
351 5029 383 5108 ἦν
398 5036 442 5095 καί
455 5034 612 5118 Χριστιανὸς
625 5033 674 5093 ὅσα
689 5035 741 5093 ἔδει
755 5033 905 5114 ρυλάττιυν,
961 5053 1075 5111 cumque
1096 5030 1236 5113 oportebat
1254 5051 1363 5091 servans
1376 5054 1382 5086 :
1395 5031 1457 5109 quia
1469 5045 1494 5091 ct
1508 5031 1562 5113 legi
1571 5033 1630 5115 ipse
1641 5056 1704 5095 ma·

167 5233 178 5258 ο
192 5220 259 5285 llaec,
273 5225 361 5278 ηαθλος
373 5223 474 5287 ψεύδεται
484 5238 490 5284 3
500 5227 586 5283 ἄπαγε,
599 5216 690 5268 ιίειυειῑ
701 5216 726 5267 in
738 5213 888 5282 quibusdam
899 5211 1044 5267 Codlcibuo.
1060 5242 1065 5251 ·
