3728 5978
104 424 169 469 122
439 422 468 469 S.
495 419 635 468 toattttts
660 417 845 466 CHRYSOST·
873 417 1029 467 ARCHlEP.
1060 420 1334 470 consrtnrtttor.

102 574 137 610 no
164 553 358 633 precipiendo
384 556 573 632 precepimus
595 552 708 611 nobis?
733 546 763 607 si
786 542 884 644 uti-¹2⁶
894 552 1019 634 ραγγελίηι
1029 554 1246 638 παρηγγείλαμεν
1263 556 1336 632 ύμῖν,
1352 551 1434 633 γηοί;
1448 552 1483 611 Et
1499 541 1606 629 μὶνούν
1619 548 1665 610 καὶ

101 665 155 724 que
177 642 220 704 illi
243 644 324 705 vobis
342 644 595 725 obtemperaverint,
618 655 688 703 recte
707 639 840 721 anguium
893 645 1136 720 αὐτοὶέπείσθησαν
1149 653 1223 726 ὑμῖν,
1240 649 1328 713 καλῶς
1347 641 1517 704 εύθύνετε·εί
1536 641 1565 702 δὶ
1579 642 1665 711 καὶίξ

103 737 145 796 sin
163 750 229 796 tunc
250 736 370 796 dixerint
391 736 470 797 vobis
493 757 521 796 se
541 757 595 796 non
614 734 844 815 obtemperaturos
893 736 994 798 ἐκείνου
1008 729 1080 799 εἶπον
1096 738 1134 818 μη
1147 738 1336 812 πεισθήσεσθαι
1348 778 1356 808 ,
1369 735 1492 817 περιτταὶ
1504 739 1533 795 αί
1547 737 1666 807 σλίὶῖναι,

103 846 170 905 esse,
182 826 281 887 fnestra
294 826 416 908 arguitis,
426 828 526 887 frustra
538 824 695 909 praecipitis.
706 822 780 886 Vide
789 822 845 883 cri-
894 830 1017 910 nepesini
1028 831 1074 891 καὶ
1088 835 1116 892 αὶ
1127 829 1315 911 παραγγελίαι.
1326 827 1401 910 Ὅρα
1411 827 1590 908 ίγιιλημάτοον
1603 831 1665 887 ἀνα·

104 919 209 979 minum
228 919 487 998 inconsequentiam,
500 933 526 979 et
540 919 675 1000 ingentem
690 916 844 978 stultitiam.
895 921 1097 998 κολοοθίαν,καὶ
1111 921 1324 1003 ίιπερύοίλλουσαν
1338 920 1436 981 ἄνοιαν.
1446 917 1568 986 Φονικδις
1576 916 1666 978 λοιπδν

105 1010 314 1090 sanguinarium
335 1011 446 1070 demum
464 1010 560 1071 solunt
576 1009 714 1071 ostendere
734 1007 846 1071 Judaeo·
898 1010 1036 1090 βούλονται
1053 1014 1134 1085 δεῖξαι
1149 1014 1196 1082 τὶς
1210 1012 1375 1094 προαιρέσεις
1396 1014 1449 1070 τῶν
1472 1007 1619 1082 Ἰουδαίων,
1632 1011 1666 1074 ὥς

104 1122 167 1161 rum
187 1103 321 1181 animum,
342 1115 368 1163 et
388 1101 464 1182 quod
485 1103 538 1183 ipsi
552 1122 605 1161 non
624 1099 746 1161 veritatis
768 1119 847 1158 causa
897 1107 927 1165 οὐ
943 1105 979 1165 δι’
989 1106 1112 1180 ἀλήθειαν
1132 1114 1216 1167 ταῦτα
1228 1103 1385 1177 ποιούντων,
1404 1103 1464 1161 ἀλλ’
1478 1099 1549 1162 ὥστε
1562 1099 1665 1180 ἀμύνα-

104 1196 164 1256 baec
175 1209 267 1277 agant,
281 1195 330 1257 sed
342 1209 372 1256 ut
385 1217 413 1256 se
425 1196 600 1256 ulciscantur.
615 1195 681 1255 Ideo
698 1214 750 1254 non
763 1191 847 1253 auda-
898 1203 958 1257 σθαι
973 1199 1148 1278 βουλομένων.
1162 1196 1215 1259 Διὶ
1225 1201 1302 1257 τοῦτο
1316 1195 1363 1256 καὶ
1375 1194 1433 1254 ὠδὶ
1448 1188 1568 1275 θρασέως
1582 1194 1667 1257 αὐτοῖς

107 1302 162 1349 oter
170 1288 406 1371 ipsisrespondent
414 1285 669 1369 apostolirdoetores
677 1284 749 1345 enim
759 1297 847 1359 erant;
897 1288 1084 1371 ἀποκρίνονται
1108 1294 1132 1351 οἱ
1155 1288 1310 1351 ἀπόστολοι·
1330 1285 1485 1347 διδάσκαλοι
1510 1282 1566 1365 γὰρ
1587 1273 1666 1356 ἦσαν·

107 1381 158 1441 etsi
180 1381 241 1461 quis
262 1400 325 1441 cum
345 1380 483 1441 civitatem
504 1392 586 1439 totam
610 1377 807 1455 commovisset,
823 1388 849 1435 et
898 1379 985 1441 καίτοι
1000 1380 1040 1448 τίς
1051 1385 1098 1442 οὐκ
1111 1379 1206 1454 δατ-ὴν
1221 1379 1299 1441 πάλιν
1313 1379 1419 1439 ἅπασαν
1434 1374 1667 1457 ἀναρτησάμενος,

107 1486 181 1533 tanta
193 1473 279 1533 fultus
300 1485 368 1532 esset
386 1470 487 1550 gratia,
498 1490 551 1530 non
565 1489 695 1550 magnum
709 1466 850 1550 quidpiam
899 1472 944 1531 καὶ
955 1473 1083 1547 τοσαύτης
1095 1471 1234 1534 ἀπολαύων
1247 1472 1373 1553 χάριτος,
1388 1460 1460 1528 εἶπεν
1479 1467 1511 1528 δν
1527 1466 1561 1540 δή
1577 1490 1605 1526 τι
1624 1467 1668 1526 καὶ

94 1563 235 1645 loquutus
249 1564 337 1625 esset?
351 1566 387 1622 tr
400 1582 452 1622 non
467 1559 496 1620 id
508 1562 629 1622 lecerunt
640 1561 696 1637 illi;
709 1580 763 1620 non
777 1560 849 1620 enirn
865 1570 883 1618 Β
899 1563 1040 1647 ἐφθέγξατο
1054 1565 1142 1645 μίγη
1157 1565 1225 1626 Ἀλλ’
1239 1567 1288 1645 οὐχ
1299 1554 1384 1623 οῦτοι·
1403 1561 1433 1621 ού
1446 1559 1500 1640 γὰρ
1512 1559 1668 1641 ὠργίζοντο,

4 1671 9 1683 ·
107 1653 368 1730 irascebantur,sed
383 1652 579 1713 miserabantur
592 1664 620 1711 et
630 1650 852 1733 lacrymabantur
900 1660 958 1737 ἀλλ’
970 1657 1064 1730 ἠλέουν
1080 1656 1171 1725 αὐτούς
1183 1656 1229 1716 καὶ
1243 1655 1379 1737 ἐδάκρυον,
1391 1653 1437 1714 καὶ
1449 1651 1588 1726 ἐσκόπαεν,
1600 1651 1669 1720 ὅπως

108 1750 182 1830 illos,
197 1763 224 1809 et
239 1748 435 1825 deliberabant,
451 1744 586 1824 quomodo
596 1745 659 1805 illos
671 1743 707 1804 ab
720 1765 809 1804 errore
826 1758 852 1803 et
901 1748 993 1818 αύτούς
1004 1747 1177 1818 ἀπαλλάξουσι
1186 1752 1234 1820 τῆς
1243 1747 1346 1819 πλάνης
1355 1746 1455 1806 καὶτοῦ
1464 1750 1557 1824 θυμοῦ.
1563 1743 1617 1804 Καὶ
1624 1745 1669 1804 ούκ

109 1845 149 1903 ira
162 1852 325 1904 revocarent.
343 1841 405 1900 Non
425 1838 496 1897 ultra
514 1836 608 1896 dieunt
619 1836 685 1914 illis,
702 1837 759 1897 Vos
767 1837 850 1918 judi·
901 1842 940 1902 ἔτι
948 1842 1054 1922 λέγουσι
1071 1841 1137 1921 πρὸς
1151 1840 1259 1915 αὐτοὺς,
1271 1837 1365 1918 Ὑμεῖς
1378 1836 1499 1918 κρίνατε·
1521 1837 1581 1896 ἀλλ’
1600 1838 1668 1897 αἰπο-

109 1949 187 2005 cate;
201 1931 248 1994 sed
260 1934 298 1993 ita
307 1932 465 1994 sententiam
476 1930 576 2009 serunt,
590 1931 682 2008 Quem
694 1931 776 1989 Deus
788 1950 851 1991 sus·
901 1935 1038 2017 pulsorem
1060 1933 1196 2014 λέγοντες,
1218 1931 1271 1994 Ὃν
1284 1936 1298 1991 δ
1317 1931 1385 1999 Θεὸς
1404 1930 1507 2012 ἤγειρε·
1523 1928 1566 1989 διδ
1579 1927 1669 1989 τούτου

109 2032 230 2098 οἱίανίί,
250 2026 315 2086 hinc
334 2025 510 2102 declarantes,
526 2022 584 2081 haec
602 2041 637 2081 ex
652 2021 782 2083 sententia
799 2022 850 2082 Dei
890 2029 1054 2108 δηλοῦντες,
1075 2027 1116 2088 ὅτι
1133 2025 1202 2085 κατὰ
1213 2023 1322 2105 γνώμην
1333 2029 1379 2084 τοῦ
1398 2025 1469 2084 Θεοῦ
1488 2020 1573 2082 ταῦτά
1591 2024 1669 2082 ἐστιν.

109 2120 178 2181 lacta
195 2141 261 2181 esse.
286 2119 347 2178 Non
371 2116 516 2178 dixerunt:
529 2118 625 2174 Annon
643 2126 708 2174 tune
727 2112 850 2175 diximus
900 2124 958 2183 Οὐκ
972 2111 1044 2181 οἶτον
1059 2119 1096 2192 δὲ,
1116 2119 1158 2182 ὅτι
1172 2122 1219 2179 οὐκ
1232 2117 1340 2197 εἴπομεν
1351 2122 1413 2195 ὑμῖν
1428 2117 1475 2177 καὶ
1486 2115 1565 2189 τότε,
1577 2115 1671 2194 Ἣμιῖς

1 2225 44 2288 ιη.
58 2238 97 2273 ευ,
110 2211 187 2274 vobis
199 2237 206 2269 ι
218 2213 288 2271 Non
306 2227 469 2290 possumus,
485 2225 551 2287 quae
569 2205 699 2265 vidimus
712 2215 741 2265 et
762 2207 850 2265 audi-
899 2216 928 2273 οὐ
943 2212 1092 2290 δυναίμεθα,
1104 2209 1122 2270 ἃ
1136 2210 1237 2290 είδσμεν
1258 2209 1305 2268 καὶ
1327 2206 1491 2287 ἠκούσαμεν,
1516 2205 1553 2286 μὴ
1566 2208 1671 2281 λαλεῑι;

110 2310 219 2378 vimus,
237 2323 296 2362 non
309 2303 413 2382 loqui?
425 2318 479 2359 non
491 2296 564 2357 enim
582 2294 740 2357 contentiosi
755 2312 848 2376 στοαῖς
901 2308 930 2365 οὐ
955 2305 1008 2388 γάρ
1028 2307 1080 2364 εἰσι
1103 2303 1251 2385 φιλότιμοι·
1267 2301 1337 2362 ἀλλὰ
1350 2300 1431 2362 πάλιν
1450 2300 1485 2359 τὶ
1506 2300 1671 2382 αι’πάρασι,

108 2395 155 2458 sed
165 2416 258 2456 rursus
270 2393 365 2454 eadem
376 2391 483 2467 dicunt,
494 2409 601 2450 crucem
610 2409 715 2470 nempe,
728 2409 850 2450 resurre-
866 2403 885 2451 C
900 2395 945 2454 τὺν
965 2395 1085 2477 σταυρὸν,
1097 2395 1146 2469 τὴν
1163 2393 1317 2455 ἀνάστασιν.
1331 2392 1386 2453 Καὶ
1405 2392 1435 2452 ού
1458 2390 1580 2472 λύγοισι,
1591 2390 1672 2451 διὰτί

107 2487 231 2548 ctionem
245 2487 338 2564 Neque
350 2484 469 2543 referunt
481 2502 543 2558 cur,
560 2500 610 2541 nec
622 2479 696 2558 quod
709 2501 759 2562 pro
773 2481 851 2540 nobis
900 2486 1069 2569 δαταορώοηρ
1090 2488 1132 2550 ὅτι
1155 2485 1221 2567 οιτὶρ
1235 2490 1326 2567 ἡμῶν·
1348 2487 1407 2546 ἀλλ’
1430 2483 1592 2544 αἰνίττονται
1616 2485 1672 2564 μὲν,

107 2578 256 2639 crucifixus
275 2575 327 2656 sit,
341 2572 389 2636 scd
402 2571 574 2634 subindicant
589 2570 710 2651 quidem,
728 2591 777 2632 nec
793 2593 851 2632 ma·
900 2580 974 2642 οὔπω
987 2577 1015 2641 δὲ
1029 2584 1163 2662 ραναρῶς,
1178 2571 1251 2648 τίως’
1262 2576 1354 2647 αὐτούς
1374 2577 1491 2658 ροόἧσαι
1507 2575 1672 2658 βουλόμενοι.

105 2673 200 2734 nifeste
223 2672 385 2752 loquuntur,
408 2681 439 2728 ut
463 2666 525 2727 illos
550 2665 660 2727 interim
683 2665 846 2727 deterreant.
900 2673 969 2734 Είτί
993 2696 1052 2752 μοι,
1075 2673 1139 2734 τοία
1154 2670 1277 2754 ῥητορεία
1297 2673 1423 2745 ἐνταῦίας
1443 2667 1582 2749 Οὐδεμία·
1604 2668 1673 2731 οῦτοι

105 2766 236 2840 Quaenam
248 2763 295 2823 bic
307 2759 465 2822 rhetorica?
481 2757 582 2821 Nulla:
594 2757 631 2816 ita
646 2756 704 2816 sine
716 2771 848 2839 apparatu
898 2766 979 2848 χωρὶς
993 2768 1161 2838 κατασκευῆς
1171 2764 1202 2825 sb
1212 2769 1260 2838 τῆς
1275 2765 1344 2835 ζωῆς
1357 2761 1498 2845 ἐκήρυττον
1510 2761 1671 2843 ὦογγίλιον.

104 2857 275 2938 evangelium
294 2855 358 2916 ritae
372 2849 563 2934 predicabant.
578 2848 636 2909 Ubi
649 2845 733 2928 dixit,
749 2851 848 2911 Exol-
899 2855 991 2917 Εἰπὼν
1002 2854 1235 2939 δί,δτι’Υψωσε,
1249 2853 1322 2935 λέγει
1341 2853 1386 2914 καὶ
1406 2853 1451 2914 ἐπὶ
1468 2852 1537 2929 τίνι,
1548 2852 1617 2915 Ἐπὶ
1632 2857 1672 2937 τῷ

105 2957 179 3013 tavit
189 2977 199 3017 ‚-
210 2949 328 3028 addidit,
342 2967 395 3026 qua
408 2945 443 3004 de
455 2963 535 3004 causa
547 2967 554 3002 ε
566 2943 622 3002 Διί
645 2944 777 3003 medem
790 2966 849 3024 por·
898 2951 987 3010 δοῦναι
1010 2948 1161 3027 μετάνοιαν,
1174 2946 1290 3028 ἐπάγων,
1311 2950 1350 3026 τῷ
1375 2944 1500 3025 Ἰσραὴλ,
1514 2943 1561 3004 καὶ
1574 2944 1668 3027 δφισιν

105 3048 261 3104 nitentium
273 3040 391 3115 Israeli,
404 3049 433 3096 et
443 3040 643 3097 remissionem
652 3047 849 3115 peecatorum.
898 3042 1044 3122 ἁμαρτιῶν.
1065 3042 1137 3101 Ἀλλ’
1157 3039 1273 3101 ἀπίθανα
1292 3044 1376 3098 ταῦτα
1386 3036 1453 3106 πίοις
1471 3035 1576 3112 ίδίκτι,
1596 3039 1669 3120 φασί

56 3172 62 3185 ·
105 3142 142 3196 At
154 3135 256 3211 dicent,
271 3133 336 3191 Haec
350 3144 416 3190 tune
434 3126 587 3210 probabilia
607 3147 661 3186 non
675 3125 846 3190 videbantur.
896 3133 934 3194 Τί
942 3132 1044 3214 λέγειςς
1056 3132 1102 3192 καὶ
1113 3136 1170 3201 πῶς
1182 3129 1320 3192 οὔπιθανὶ
1335 3132 1445 3208 μᾶλλον,
1460 3120 1499 3198 οἷς
1511 3154 1543 3210 γε
1556 3133 1605 3192 οὐκ
1617 3131 1668 3212 έρ-

104 3226 180 3300 Quid
190 3223 277 3285 dicis?
289 3218 425 3302 quomodo
437 3239 492 3278 nun
505 3217 660 3300 probabilia
672 3216 731 3297 illa,
749 3219 849 3299 quibus
896 3248 988 3308 χοντες
998 3228 1130 3285 ἀντειπεῖν
1143 3213 1227 3304 εἶχον,
1246 3223 1276 3281 οὔ
1290 3222 1405 3293 πλῆθος·
1424 3223 1483 3281 ἀλλ’
1504 3224 1529 3282 oi
1542 3221 1593 3301 μὶν
1610 3225 1670 3284 έπε-

105 3340 154 3380 nec
161 3317 297 3401 principes
310 3310 513 3374 necmultitudo
523 3309 705 3371 contradicere
712 3324 845 3392 poterant,
898 3317 1111 3396 occultorum!
1134 3315 1162 3376 δί
1185 3314 1366 3388 ἐδιδάσκοντος
1390 3313 1445 3373 Καὶ
1469 3316 1563 3393 ἡμεῖς,
1587 3317 1668 3396 ρησὶ,

103 3413 151 3474 sed
162 3410 279 3472 aliorum
291 3405 402 3487 quidem
414 3426 460 3465 orn
476 3402 685 3481 obturabantnr,
696 3404 744 3464 alii
758 3419 849 3467 autem
898 3410 1028 3492 μάρτυρες
1048 3411 1100 3468 τῶν
1116 3406 1243 3489 ῥημάτων
1262 3404 1362 3475 τούτων
1382 3403 1471 3484 lepis.
1484 3405 1591 3483 Ποίων,
1602 3406 1669 3469 Ὅτι

103 3502 337 3568 ᾱοοοίιοιιιιιιδΕι
348 3517 525 3570 nossemus,
537 3495 636 3575 inquit,
648 3509 733 3557 testes
744 3499 847 3560 borum
864 3516 883 3563 n
898 3502 1000 3583 ἄροσιν,
1020 3499 1061 3560 ὅτι
1082 3498 1221 3580 μετάνοιαν
1242 3496 1429 3578 ἐπηγγείλατο·
1444 3501 1461 3570 ἡ
1474 3497 1523 3577 μὲν
1533 3499 1587 3583 γὶρ
1601 3502 1669 3563 ἀντ’-

103 3601 270 3659 verborum.
294 3589 438 3665 Quorum?
460 3586 541 3662 Quod
561 3586 760 3667 remissionem,
774 3589 849 3671 quod
899 3616 992 3660 στατις
1015 3584 1048 3665 ἦν
1069 3589 1159 3653 λοιπὸν
1176 3588 1378 3669 διμολογημίνη.
1391 3587 1458 3650 Ὅτι
1475 3587 1505 3650 δί
1521 3589 1617 3672 ιίρεσιν
1631 3593 1670 3655 δί-

102 3688 288 3776 poenitentiam
302 3683 455 3768 promiserit
467 3706 473 3740 ι
487 3703 550 3742 nam
565 3682 724 3743 resurreetio
738 3683 767 3743 in
783 3705 847 3745 oon·
899 3689 989 3757 δαισιν,
1004 3692 1082 3765 ἡμεῖς
1096 3690 1290 3765 μαρτυροῦμεν,
1306 3681 1352 3742 καὶ
1368 3681 1399 3741 τδ
1410 3683 1525 3762 Πνεῦμα
1539 3683 1572 3744 τδ
1584 3685 1670 3766 ἅγιον,

102 3785 172 3844 sesso
182 3781 292 3842 demum
307 3791 374 3838 erat.
388 3773 472 3851 Quod
485 3795 550 3836 vero
560 3772 606 3833 det
616 3774 811 3853 remissionem,
822 3789 849 3837 et
898 3778 973 3840 δούκ
988 3776 1020 3838 δν
1039 3778 1157 3848 ’ἐπῆλθε
1166 3820 1176 3852 ,
1196 3775 1233 3854 μὴ
1247 3774 1374 3857 πρότερον
1391 3776 1443 3834 τῶν
1461 3775 1602 3858 ἁμαρτιῶν
1621 3781 1672 3840 λυ-

104 3899 152 3937 nos
164 3889 242 3936 testes
255 3892 348 3934 sumus
361 3882 388 3929 et
402 3865 520 3949 Spiritus
533 3878 652 3943 sanctus,
668 3866 715 3946 qui
730 3888 782 3927 non
800 3890 848 3930 ve·
898 3875 1006 3932 θεισῶν·
1018 3867 1088 3929 ὥστε
1099 3866 1333 3948 ἀναμφισδήτητον
1344 3864 1486 3947 τεκμήριον
1500 3868 1579 3928 τοῦτο’
1589 3871 1671 3933 ἔστιν.

23 3957 25 3961 ’
103 3972 194 4046 nisset,
206 3967 257 4028 nisi
269 3976 376 4049 peecata
388 3974 449 4020 ante
462 3958 549 4019 soluta
561 3957 683 4018 fuissent.
695 3962 846 4040 Argumen·
897 3961 1002 4042 Ἀγεσιν
1018 3959 1220 4039 ἁμαρτημάτων
1238 3957 1353 4032 ἀκούεις,
1372 3957 1459 4032 ἄθλιε,
1473 3958 1519 4018 καὶ
1529 3958 1572 4020 der
1585 3963 1615 4021 od
1628 3962 1671 4022 δί-

104 4077 160 4121 tum
175 4063 264 4140 itaque
277 4056 462 4117 indubitatum
475 4050 527 4111 boe
548 4059 605 4109 est.'
616 4051 790 4112 Peccatomm
804 4076 845 4113 re·
897 4079 946 4129 κην
961 4058 1084 4123 ἀπαιτεῖ,
1105 4050 1151 4111 καὶ
1172 4049 1260 4130 βούλει
1280 4051 1394 4114 ἅνελεῖνι
1416 4049 1470 4110 Καὶ
1482 4050 1570 4126 πόσης
1586 4058 1672 4113 ταῦτα

104 4155 256 4214 missionem
266 4149 352 4223 audis,
361 4147 450 4221 miser,
457 4143 562 4223 etquod
570 4163 722 4225 poenasnon
731 4160 844 4227 repetat,
897 4149 957 4228 οὐχὶ
970 4145 1079 4213 κακίας;
1095 4143 1191 4205 Καίτοι
1210 4142 1228 4216 ἦ
1245 4141 1376 4222 διελέγξαι
1388 4143 1565 4224 ψευδομένους
1578 4149 1671 4228 ἐχρῆν,

103 4235 847 4322 οίνίοοοοίιίειοδίίῑηιιιιιῖαίιοοιιοηιιίῐὶωιιοιιίιιειίιδ
897 4238 967 4317 δημὴ
989 4236 1162 4316 δυναμένους,
1187 4239 1342 4306 πεισθῆναι·
1369 4238 1392 4294 εἰ
1416 4233 1443 4295 δέ
1468 4235 1507 4313 μὴ
1532 4237 1673 4301 έὸούλοντο

104 4339 187 4418 Atqui
210 4335 350 4418 oportebat
369 4331 411 4393 vel
431 4327 588 4389 mentientes
610 4328 788 4408 redarguere,
802 4332 846 4392 vel
863 4341 881 4387 Ε
897 4335 1052 4405 πεισθῆναι,
1068 4328 1106 4407 μὴ
1121 4330 1231 4388 ἀνελεῖν.
1248 4325 1285 4386 Τί
1296 4324 1348 4408 γὰρ
1361 4318 1393 4399 ἦν
1407 4326 1567 4409 ἀναιρέσεως
1580 4328 1673 4406 ditm

103 4432 127 4492 si
139 4431 240 4495 nollent
252 4425 368 4501 credere,
381 4442 434 4481 non
448 4418 577 4479 occidere.
585 4419 660 4492 Quid
676 4423 749 4481 enim
762 4437 847 4484 morte
897 4427 933 4483 ot
956 4422 983 4482 δὲ
1003 4421 1055 4481 ὑπὸ
1068 4426 1113 4481 τοῦ
1131 4425 1213 4498 θυμοῦ
1224 4416 1283 4479 eidi
1303 4419 1417 4479 συνεῖδον
1436 4418 1467 4479 sb
1484 4422 1672 4500 γεγενημένον.

103 4525 218 4607 dignum
231 4520 305 4581 erat?
320 4521 357 4577 tr
370 4514 413 4575 illi
426 4533 481 4594 prae
494 4512 586 4570 surore
600 4533 633 4571 ne
646 4513 757 4592 quidem
773 4515 845 4576 seie-
896 4515 984 4596 Ὅρα,
997 4518 1054 4581 πῶς
1069 4517 1178 4573 ἐνταῦθα
1197 4510 1447 4589 *μνημονεύσαντες
1463 4517 1509 4571 τοῦ
1523 4514 1672 4594 τολμήμα-

102 4617 167 4676 bant
179 4613 246 4695 quid
264 4613 366 4671 lactum
378 4619 453 4666 esset.
470 4603 555 4678 Vide,
569 4603 704 4682 quomodo
718 4605 843 4666 hicsaei-
897 4633 956 4681 τος,
980 4606 1040 4688 περὶ
1063 4604 1180 4686 ἀφέσεως
1202 4602 1383 4684 διαλέγονται,
1400 4603 1560 4680 δεικνύντες,
1582 4611 1624 4667 δτι
1637 4608 1672 4669 ed

103 4730 152 4768 nus
163 4717 350 4779 memorantes,
365 4698 399 4758 de
412 4695 568 4757 remissione
584 4695 842 4775 loquantumosten-
899 4699 946 4779 μὲν
970 4696 1132 4779 γεγενημένα
1155 4694 1216 4763 ἄξια
1237 4694 1364 4769 θανάτου,
1386 4694 1420 4756 τὰ
1443 4695 1471 4756 δέ
1490 4697 1615 4776 διδόμενα
1635 4702 1672 4767 ὥς

102 4801 194 4861 dentes
209 4797 328 4859 facinora
342 4790 453 4872 quidem
474 4801 560 4846 morte
573 4787 654 4867 digna
668 4810 733 4862 esse,
752 4791 845 4850 remis·
898 4790 1079 4870 '’siqupocrv
1092 4788 1214 4848 ἐδίδοντο.
1233 4789 1296 4856 Πῶς
1308 4787 1339 4847 διν
1352 4789 1439 4852 ἄλλως
1451 4813 1491 4858 τις
1505 4791 1613 4850 ἔπεισεν
1624 4796 1672 4852 αὖ·

102 4893 203 4953 sionem
215 4912 279 4952 vero
291 4885 367 4968 quasi
381 4879 599 4963 resipiscentibus
611 4880 679 4941 dari.
702 4882 844 4954 Quomodo
898 4883 957 4950 τοὺς
968 4881 985 4952 ἢ
997 4884 1032 4948 ὡς
1044 4882 1243 4957 εὐδοκιμοῦντας
1254 4876 1335 4938 εἰπών
1340 4901 1349 4955 ;
1362 4880 1415 4940 Καὶ
1428 4881 1477 4961 δρα
1491 4879 1542 4953 την
1556 4904 1672 4964 κακουρ-

134 5104 143 5128 ·
157 5093 260 5148 ίπιῖλύεν,
272 5095 289 5138 εί
300 5094 334 5151 μὴ
346 5094 465 5152 πρότερον,
476 5078 512 5130 sie
524 5095 595 5129 unus.
940 5083 951 5119 ¹¹
964 5079 1040 5131 Snril.
1055 5086 1083 5139 ὡς
1096 5085 1220 5161 εὲιργίταγς
1233 5080 1336 5129 titiones.

133 5168 145 5191 ‘¹
156 5165 166 5233 ί
176 5166 216 5215 Itu
228 5165 259 5214 D.
272 5160 412 5228 Legebntnr
427 5158 623 5225 propassiones]
