3728 5978
590 502 624 550 ττι
650 499 759 551 ττιετ.
787 500 833 549 τυ
859 501 943 549 που.
972 496 1093 547 ιτοωιτ.
1122 495 1172 546 xi.
1588 464 1658 564 587

87 625 161 710 παρὰ
178 626 226 700 τλν
241 634 287 687 τοῦ
302 626 472 692 κελεύσαντος
484 629 612 705 λογισμοῦ
624 623 770 706 πονηρίαν·
786 623 818 683 δν
832 623 860 684 δὲ
917 620 987 681 male
999 618 1101 694 videre)
1108 641 1118 696 3
1132 616 1178 678 sed
1189 639 1205 676 a
1211 614 1331 698 jubentis
1342 611 1511 695 cogitationis
1519 611 1656 690 nequitia:

87 719 239 801 χαλινάσης
261 719 349 792 αὐτὸν,
365 717 531 790 δικαιοσύνης
544 717 647 797 γέγονεν
670 716 760 776 όπλαν.
781 714 860 775 Οθτω
914 713 937 772 si
961 733 1025 772 vero
1043 711 1122 770 illum
1147 708 1339 783 refrenaveris,
1357 720 1419 767 tnnc
1436 703 1550 785 justitia
1573 702 1657 763 tolum

86 812 131 871 καὶ
150 810 194 870 ἐπὶ
210 809 343 889 γλώττης,
359 810 426 871 οὕτω
441 810 485 870 καὶ
501 808 546 868 ἐπὶ
567 811 664 888 χειρῶν
674 807 725 867 καί
746 806 791 866 ἐπὶ
806 809 858 866 τῶν
915 807 975 867 erit.
992 807 1038 867 Sic
1052 805 1087 865 de
1107 805 1201 885 lingua
1216 802 1373 877 dicendum,
1394 800 1429 861 de
1443 798 1569 859 manilius
1583 811 1609 859 et
1623 797 1658 857 de
1732 795 1736 803 ’

86 905 173 962 ἄλλων
185 902 319 961 ἁπάντων.
331 905 427 978 Καλῶς
437 903 464 962 δὲ
476 901 525 973 την
537 899 669 981 ἁμαρτίαν
684 898 788 960 ἀδικίαν
799 899 860 958 ἐκά-
914 897 1026 977 reliquis
1036 896 1170 956 omnibus.
1185 898 1267 955 Recte
1278 909 1369 954 autem
1381 905 1520 974 peccatum
1532 889 1661 970 iniquita·

86 997 176 1053 λεσεν·
191 993 209 1063 ἢ
224 992 277 1073 γδιρ
291 994 382 1057 ἑαυτόν
398 1016 457 1067 τις,
470 992 488 1064 ἢ
501 991 546 1051 τδν
564 990 677 1064 πλησίον
699 991 859 1072 ἁμαρτάνων
914 1000 969 1046 tem
983 984 1108 1047 vocavit:
1124 996 1248 1064 peccator
1259 983 1332 1043 enim
1346 995 1394 1041 aut
1407 982 1460 1041 sibi
1479 991 1526 1039 aut
1533 981 1660 1060 proximo

88 1086 188 1158 ἀδικεῖ,
204 1087 304 1162 μᾶλλον
322 1085 349 1146 δὲ
367 1083 457 1145 ἑαυτδν
469 1085 522 1162 πρὸ
538 1088 585 1143 τοῦ
605 1081 728 1154 πλησίον.
742 1081 858 1162 Ἀπαγα-
913 1078 1022 1156 iniquus
1032 1075 1153 1152 est3imo
1175 1074 1264 1156 potius
1279 1074 1402 1154 sibiipsi,
1424 1095 1506 1152 quam
1517 1074 1659 1157 proximo.
1763 1111 1766 1114 ‹

87 1174 142 1257 γὼν
160 1175 244 1235 τοίνυν
258 1182 306 1248 τῆς
319 1177 460 1259 πονηρίας,
473 1176 531 1256 ἄγει
545 1173 611 1256 πρδς
628 1174 677 1246 τὴν
696 1172 802 1253 ἀρετὴν,
815 1173 860 1234 λί-
914 1173 1059 1248 Postquam
1066 1167 1179 1246 igitura
1197 1166 1301 1226 malitia
1320 1165 1449 1242 abduxit,
1474 1165 1508 1226 ad
1530 1166 1661 1228 virtutem

88 1290 157 1346 γων·
172 1267 253 1327 aaut
274 1269 467 1348 παραστήσατε
487 1266 593 1339 ἑαυτοὺς
615 1271 654 1346 τῷ
675 1268 755 1346 Θεῷ,
776 1271 812 1333 ύις
830 1270 860 1326 ἐκ
913 1258 1662 1340 θυτίίίτίυυετίτίεεὸσᾴεείιίθατσυοσθσο,ίατυᾳυαητ

88 1361 186 1438 νεκρῶν
202 1361 310 1427 ζῶντας.
319 1358 394 1439 Ὅρα
407 1365 464 1427 πῶς
475 1359 528 1418 ἀπὸ
541 1363 594 1418 τῶν
607 1357 742 1437 ὀνομάτων
755 1360 861 1437 γυμνῶν
915 1374 952 1412 σε
962 1355 1084 1410 mortuis
1095 1354 1237 1427 viventes.
1247 1348 1320 1412 Vide
1331 1350 1467 1427 quomodo
1477 1349 1559 1408 nudis
1570 1346 1663 1410 verbis
1771 1420 1774 1425 .

89 1449 252 1530 προτρέπει,
266 1453 320 1509 ἐκεῖ
333 1449 381 1527 μὲν
396 1450 528 1530 ἁμαρτίαν
547 1447 639 1522 εἰπὼν,
653 1451 765 1507 ἐνταῦθα
776 1449 803 1506 δὲ
817 1447 861 1507 τόν
915 1445 1052 1524 hortatur,
1069 1445 1127 1504 illic
1140 1458 1279 1526 peccatum
1291 1442 1394 1522 dicens,
1410 1443 1456 1503 hic
1476 1446 1575 1503 Deum.
1591 1441 1662 1502 Cum

89 1539 168 1600 Θεόν.
179 1540 272 1609 Δείξας
289 1540 342 1620 γδρ
364 1541 424 1599 όσον
438 1541 469 1600 τδ
482 1540 562 1617 μέσον
578 1545 641 1622 τῶνγ
656 1538 860 1624 βασιλευόντων,
871 1538 1076 1626 mostendisset
1098 1532 1192 1615 enim,
1203 1551 1335 1615 quantum
1356 1549 1424 1595 esset
1439 1535 1509 1595 inter
1522 1546 1663 1616 regnantes

90 1632 177 1705 πάσης
190 1631 348 1712 συγγνώμης
356 1632 401 1692 τὸν
408 1631 573 1713 στρατιώτην
584 1630 700 1706 ἐξίόαλε,
711 1632 755 1692 τδν
765 1631 864 1712 ἀφέντα
881 1640 901 1687 Δ
916 1629 1073 1706 discrimen,
1085 1628 1198 1688 militem
1209 1629 1286 1687 illum
1300 1626 1376 1687 omni
1388 1627 1467 1688 venia
1476 1625 1603 1703 exclusit,
1615 1623 1664 1704 qui

91 1722 138 1800 μὲν
159 1724 203 1784 τὸν
217 1723 298 1798 Θεὸν,
311 1724 511 1800 ἐπιθυμήσαντα
524 1724 551 1782 δδ
571 1724 624 1783 ὑπδ
636 1721 686 1795 την
707 1727 755 1796 τῆς
776 1725 863 1806 ἁμαρ·
917 1725 974 1783 Deo
985 1720 1091 1798 relicto,
1108 1719 1159 1779 sub
1174 1741 1257 1798 regno
1270 1720 1373 1800 peccati
1386 1719 1483 1778 mereri
1499 1716 1663 1806 concupivit.

90 1813 150 1883 τίας
162 1816 303 1875 τάττεσθαι
323 1815 469 1895 βασιλείαν.
484 1817 526 1874 Oi»
539 1815 624 1896 ταύτῃΙ
643 1815 671 1875 dl
691 1815 779 1894 μόνον,
794 1816 863 1876 ἀλλὰ
917 1815 977 1875 Non
984 1814 1050 1874 hinc
1061 1813 1229 1889 tantum,sed
1239 1812 1320 1872 etiam
1328 1835 1363 1873 ex
1372 1809 1664 1892 sequentibushocad·

93 1907 138 1965 καί
152 1906 195 1965 δεδι
208 1913 261 1967 τῶν
276 1908 335 1980 ἑξῆς
355 1913 433 1967 τοῦτο
447 1907 640 1975 κατασκευάζει
659 1907 815 1986 λέγων,Ὦς
834 1912 864 1968 ίκ
918 1906 999 1964 struit
1012 1905 1123 1964 dicens:
1145 1907 1309 1985 Tamquam
1332 1925 1368 1964 ex
1388 1908 1510 1964 mortuis
1522 1907 1664 1964 viventes.

91 2002 190 2079 νεκρῶν
201 2002 310 2068 ζῶντας.
321 1998 373 2059 att
383 1997 543 2080 γάρτούτων
554 1997 669 2058 δείκνυσι
682 1997 806 2069 κάκείνης
816 1999 864 2072 τὴν
919 1997 970 2056 llis
984 1997 1056 2057 enim
1070 1995 1185 2056 ostendit
1206 2010 1231 2056 et
1256 1997 1359 2077 peceati
1383 1995 1532 2076 perniciem
1552 2009 1578 2056 et
1598 1994 1665 2056 doni

90 2091 187 2168 λύμην,
200 2091 246 2151 καὶ
263 2096 311 2163 τῆς
325 2097 370 2151 τοῦ
383 2094 454 2151 Θεοθ
473 2093 572 2170 δωρεᾶς
586 2091 616 2150 τδ
633 2091 754 2170 μίγεθος·
772 2091 865 2163 ἐννοή-
921 2088 971 2146 Dei
983 2085 1213 2166 magnitudinem:
1229 2087 1351 2166 Cogitate
1368 2087 1449 2164 enim,
1466 2086 1565 2166 inquit,
1577 2099 1604 2148 et
1617 2085 1665 2168 qui

90 2207 156 2242 σατε
168 2183 230 2264 γδιρ,
244 2184 323 2263 φησί,
337 2181 405 2251 τίνες
417 2176 480 2257 ἦτε,
493 2182 538 2241 καί
548 2182 575 2240 τί
589 2182 722 2262 γεγόνατε.
733 2182 811 2251 Τίνες
822 2173 867 2242 οθν
920 2178 1025 2239 fueritis
1048 2178 1136 2259 etqui
1159 2179 1222 2238 lacti
1242 2179 1309 2239 sitis.
1332 2179 1451 2250 Quinam
1473 2200 1538 2260 ergo
1560 2181 1665 2242 cratia?

92 2267 155 2347 ἦτε,
165 2274 262 2354 Νεκροί
273 2274 319 2332 καί
329 2272 494 2340 ἀπολωλότες
504 2271 638 2333 ἀπώλειαν
649 2272 791 2350 οὐδαμόθεν
800 2277 868 2354 διορ·
923 2271 1025 2331 Mortui
1037 2285 1064 2334 et
1073 2269 1171 2355 perditi
1180 2271 1298 2355 pernicie
1306 2272 1381 2332 nullo
1391 2271 1473 2332 modo
1484 2269 1646 2333 emendabili
1657 2297 1664 2330 ι

92 2356 869 2447 θωθῆναιδυναμένην·οὐδὲγὰρἧντιςδβοηθῆσαιδυνόμε-
923 2385 976 2424 non
989 2365 1132 2426 eratenim
1147 2366 1194 2445 qni
1208 2387 1287 2448 opem
1300 2367 1479 2448 fetreposset.
1504 2365 1541 2426 Et
1555 2365 1667 2444 quinam
1719 2441 1720 2444 γ
1803 2452 1806 2459 ,

93 2481 145 2525 νος.
153 2456 280 2524 Καὶτίνες
290 2456 318 2524 ἐξ
327 2455 431 2517 ἐκείνων
445 2455 570 2535 γεγόνατε
578 2460 631 2516 τῶν
643 2460 757 2538 νεκρῶν,
766 2461 869 2527 Ζῶντες
923 2480 958 2519 ex
971 2459 1027 2519 illis
1040 2459 1154 2520 mortuis
1167 2459 1230 2519 sacti
1243 2459 1330 2521 estis?
1344 2459 1474 2524 Viventes
1483 2459 1540 2520 vita
1551 2459 1667 2520 immor-

93 2549 163 2622 ζωὴν
177 2550 315 2608 ἀθάνατον.
331 2549 384 2609 Καὶ
404 2548 447 2606 διδ
460 2547 543 2622 τίνος,
557 2548 610 2608 aa
626 2556 671 2610 τοῦ
686 2548 774 2610 πάντα
792 2552 869 2610 δυνα-
923 2551 982 2612 tali.
1005 2552 1042 2610 Et
1055 2553 1132 2633 cujus
1145 2573 1225 2634 opera
1238 2552 1251 2610 i
1262 2556 1313 2613 Per
1324 2576 1398 2630 eum,
1418 2553 1465 2633 qui
1478 2553 1569 2613 omnia
1582 2567 1670 2635 potest

95 2641 174 2717 μένου
187 2644 267 2701 Θεοῦ.
275 2643 379 2701 Οὐκοῦν
390 2639 435 2698 καί
449 2641 500 2701 θπδ
512 2647 602 2700 τοῦτον
614 2640 756 2700 τάττεσθαι
768 2641 869 2702 δίκαιον
924 2645 1006 2703 Deus.
1022 2644 1097 2724 Ergo
1111 2666 1219 2723 aquom
1235 2659 1285 2724 est,
1300 2658 1331 2705 ut
1344 2646 1396 2704 sub
1407 2645 1456 2704 illo
1468 2644 1591 2704 militetis
1605 2666 1669 2705 cum

94 2732 165 2810 μετδι
180 2733 328 2812 προθυμίας
349 2731 494 2805 τοσαύτης,
505 2734 569 2811 μεθ’
581 2732 644 2805 όσης
658 2735 727 2800 εἰκὸς
746 2733 806 2800 τοὺς
817 2732 870 2794 ἀπὸ
887 2750 906 2797 Β
924 2750 998 2796 tanta
1013 2737 1096 2796 animi
1106 2737 1254 2814 alacritate,
1268 2751 1369 2816 quanta
1382 2749 1551 2818 pacostaus,
1573 2735 1670 2816 quiex

95 2826 194 2903 νεκρῶν
210 2826 309 2891 ζῶντας
323 2823 486 2903 γενομένους.
501 2823 602 2883 Kale&
622 2824 691 2902 μελη
707 2827 781 2903 ὑμῶν
800 2824 870 2885 ὅπλα
925 2828 1039 2888 monuis
1051 2827 1175 2887 viventes
1188 2827 1252 2887 facti
1277 2841 1350 2887 sunt.
1374 2830 1417 2888 Et
1430 2830 1557 2887 membra
1567 2840 1670 2888 vestm
1739 2846 1742 2852 ‘

96 2915 260 2988 δικαιοσύνης
274 2916 288 2945 *
298 2919 337 2995 τῷ
350 2918 422 2995 Θεῷ.
437 2918 540 2975 Οὐκοῦν
554 2918 582 2976 οθ
597 2915 711 2997 πονηρὸν
727 2917 758 2976 et
776 2919 870 2996 σῶμα,
924 2939 1010 2978 arma
1020 2922 1147 3002 justitiae
1157 2922 1231 2980 Deo.
1246 2919 1320 2998 Ergo
1329 2940 1382 2979 non
1391 2917 1494 2978 malum
1503 2931 1543 2978 cat
1557 2938 1667 3000 corpua,

96 3006 158 3085 εἴγε
168 3005 248 3065 όπλον
260 3006 426 3078 δικαιοσύνης
434 3006 497 3065 αὐτὸ
504 3006 626 3084 γενέσθαι
640 3006 758 3068 δυνατόν.
765 3006 870 3069 Ὀπλον
924 3008 1059 3088 siqnidem
1072 3032 1149 3070 amna
1158 3010 1271 3091 justitia
1285 3010 1344 3069 lieri
1360 3009 1456 3091 possit.
1479 3011 1561 3069 Arma
1579 3022 1671 3070 autem

98 3096 125 3157 δὲ
140 3096 235 3169 εἰπὼν,
249 3097 390 3171 ἐδήλωσεν,
403 3097 443 3156 ότι
457 3099 502 3157 καί
515 3098 630 3175 πολεμος
643 3097 771 3179 ἐφέστηκε
789 3101 871 3179 χαλε·
925 3101 1011 3181 dixit,
1042 3102 1183 3163 ostendens
1210 3088 1314 3162 bellum
1342 3102 1442 3161 instare
1470 3100 1669 3181 gravissimum.

96 3189 154 3255 πός.
168 3189 217 3248 Διδ
229 3188 275 3247 καὶ
289 3187 450 3268 παντευχίας
463 3194 528 3260 ἡμῖν
544 3192 583 3249 δεῖ
597 3193 725 3271 ἰσχυρᾶς,
740 3191 786 3249 καί
802 3191 870 3270 γνώ·
925 3195 1098 3278 Quapropter
1107 3207 1243 3255 armatura
1255 3193 1317 3252 torti
1332 3215 1399 3275 opus
1409 3192 1551 3270 habemus,
1561 3212 1671 3273 genero

99 3304 150 3357 μης
165 3280 303 3359 γενναίας,
316 3280 362 3338 καί
377 3279 411 3339 τδ
429 3285 482 3339 τῶν
496 3281 619 3359 πολέμων
637 3281 737 3341 τούτων
759 3284 875 3341 ίπιστα·
926 3307 1009 3366 soque
1024 3287 1130 3359 animo,
1153 3284 1192 3344 rei
1208 3284 1334 3344 militaris
1354 3285 1467 3364 hujusce
1483 3284 1569 3364 perito
1584 3307 1593 3360 3
1613 3304 1670 3365 prae

98 3369 349 3448 oimtxulffimml
363 3370 415 3449 πρό
432 3395 463 3449 γε
483 3372 589 3431 πάντων
604 3378 762 3453 στρατηγοῦ.
774 3373 871 3432 Ἀλλ’δ
926 3377 1052 3439 omnibns
1072 3388 1162 3435 antem
1185 3373 1263 3434 duce.
1285 3376 1390 3437 Verum
1409 3373 1469 3435 dux
1498 3373 1545 3433 ille
1566 3394 1672 3455 semper

99 3462 147 3540 μὲν
162 3463 308 3544 στρατηγὸς
322 3462 498 3542 παρέστηκεν,
511 3462 552 3522 ἀεὶ
563 3464 627 3542 πρὸς
639 3463 794 3544 συμμαχίαν
804 3464 872 3524 ἕτοι·
926 3468 1015 3545 adest,
1036 3467 1072 3527 ad
1089 3466 1280 3527 commilitium
1300 3480 1428 3546 paratus,
1450 3464 1672 3545 inexpugnabilis

99 3576 146 3630 μος
160 3553 207 3627 ὢν,
219 3553 264 3611 καλ
276 3554 420 3634 ἀχείρωτος
434 3552 530 3632 με’νων,
544 3554 589 3612 καλ
607 3554 643 3614 ed
656 3555 726 3614 όπλα
735 3555 763 3616 δὲ
775 3556 872 3639 ίσχυρδ
926 3579 1035 3618 manens
1050 3572 1095 3617 tet
1106 3579 1180 3618 mma
1193 3557 1274 3616 fortia
1290 3557 1433 3637 apparavit
1446 3556 1534 3617 nohis,
1545 3555 1623 3637 Opus
1632 3569 1674 3616 ott

98 3644 290 3704 κατεσκεύασεν
302 3649 377 3721 ἡμῖν,
390 3646 429 3703 δεῖ
441 3644 468 3704 δὲ
479 3645 570 3704 λοιπδν
584 3645 761 3728 προαιρέσεως
774 3651 822 3718 τῆς
835 3649 871 3713 είς
889 3664 908 3712 c
925 3649 1037 3710 demum
1052 3649 1190 3730 proposito
1210 3648 1373 3724 voluntatis,
1388 3668 1443 3726 quo
1458 3646 1506 3706 illa
1523 3660 1552 3705 ut
1566 3668 1617 3726 par
1634 3661 1674 3708 ast

100 3735 156 3794 δέον
170 3735 239 3794 αὐτδι
256 3737 518 3815 μεταχειριζομένης,
529 3735 597 3796 ὥστε
608 3739 654 3797 καί
671 3742 710 3820 τῷ
730 3741 872 3819 στρατηγῷ
927 3754 1090 3816 tractentur3
1104 3741 1141 3799 ita
1157 3753 1187 3799 ut
1201 3737 1265 3799 duci
1278 3752 1380 3820 pareat,
1394 3753 1420 3797 et
1433 3759 1507 3798 arma
1520 3757 1571 3819 pro
1584 3738 1674 3819 patria

99 3825 250 3898 πείθεσθαι,
261 3825 306 3884 καί
321 3827 352 3884 τὸ
371 3826 440 3886 ὅπλα
453 3825 519 3907 ὑπὲρ
543 3833 590 3900 τῆς
608 3828 732 3907 πατρίδος
743 3829 871 3889 τίθεσθαι.
927 3846 1026 3893 sumat.
1040 3832 1186 3910 Postquam
1199 3851 1263 3910 ergo
1276 3830 1312 3889 ad
1323 3849 1420 3909 magna
1428 3830 1475 3888 illa
1488 3830 1611 3888 hortatus
1624 3841 1674 3905 ert,

100 3917 372 3997 Παρακελευσάμενος
395 3917 480 3975 τοίνυν
504 3924 570 3996 ημῖν
597 3917 665 3978 οθτω
686 3919 805 3999 μεγάλα,
828 3918 874 3979 καί
928 3939 953 3984 et
973 3945 1059 4000 arma,
1071 3943 1190 4003 pugnam
1210 3935 1236 3981 et
1259 3921 1331 3981 bella
1347 3921 1517 3997 memoravit,
1527 3920 1597 3982 vide
1608 3942 1674 4000 qtto-

102 4006 190 4066 ὅπλων
209 4008 254 4067 καί
269 4008 358 4087 μάχης
371 4009 417 4067 καί
427 4008 550 4086 πολέμων
568 4011 740 4086 ἀναμνήσας,
755 4013 805 4092 ὅρα
818 4013 875 4078 πῶς
928 4014 1010 4075 modo
1016 4014 1098 4074 militi
1107 4035 1200 4074 rursus
1211 4012 1315 4072 animos
1327 4012 1418 4089 iaciat,
1425 4011 1533 4071 dicens:
1543 4013 1592 4070 ll.
1601 4015 1674 4072 Pee-

101 4097 181 4157 πάλιν
199 4098 318 4179 θαρρύνει
331 4099 374 4157 τδν
386 4099 561 4181 στρατιώτην,
574 4099 620 4159 καί
634 4101 736 4182 άλείρει
748 4099 798 4173 την
811 4124 876 4180 προ·
929 4120 1028 4166 catum
1041 4109 1117 4166 enim
1132 4108 1216 4164 vobis
1227 4125 1286 4162 non
1296 4104 1603 4172 ultmdome’nabitum
1616 4123 1675 4162 ποτε

102 4189 208 4264 θυμίαν,
222 4189 319 4268 λέγων·
330 4190 460 4269 Ἁμαρτία
473 4190 524 4270 γδρ
544 4195 618 4268 ὑμῶν
628 4192 715 4251 οὐκέτι
728 4193 875 4271 κυριεύσει·
930 4203 1006 4259 σπίνω
1018 4202 1086 4258 estis
1097 4199 1150 4257 sub
1165 4196 1238 4278 lege,
1253 4196 1305 4255 sed
1313 4199 1364 4255 sub
1375 4198 1484 4276 gratia.
1500 4194 1530 4256 Si
1540 4215 1603 4276 ergo
1613 4215 1675 4276 pec·

102 4284 131 4341 οὐ
142 4281 193 4361 γάρ
205 4284 264 4340 iere
273 4281 324 4340 ύπδ
338 4281 425 4358 νόμον,
441 4280 509 4340 ἀλλὰ
520 4283 572 4341 ὑπὸ
581 4281 670 4363 χάριν.
683 4285 719 4343 Εἰ
733 4277 776 4343 οθν
787 4287 877 4367 ἁμαρ-
930 4303 1021 4350 catum
1035 4309 1089 4348 non
1111 4290 1182 4348 ultra
1201 4288 1279 4348 nobis
1290 4286 1492 4347 dominaturum
1507 4286 1622 4364 sit,'cur
1636 4299 1677 4347 tot

82 4405 86 4415 ·
102 4372 147 4430 τία
158 4377 235 4450 ἡμῶν
252 4372 341 4431 οὐκέτι
354 4371 482 4452 κυριεύει,
493 4373 562 4441 τίνος
584 4374 671 4434 ἕνεκεν
690 4383 805 4437 τοσαῦτα
823 4400 877 4437 πα·
929 4380 1196 4462 tantaquepraecipis,
1205 4380 1297 4441 dicens
1309 4403 1316 4436 ε
1328 4381 1374 4440 Ne
1381 4382 1635 4458 regnetpeccittum
1645 4381 1677 4438 ιἰι

103 4473 221 4542 εγγυᾷε,
239 4462 339 4542 λέγων·
353 4464 401 4536 Ml
423 4464 585 4542 βασιλευέτω
607 4470 624 4536 ἡ
649 4467 768 4549 ἁμαρτία
791 4471 877 4550 ἓντῷ
930 4487 1030 4535 vestro
1040 4473 1161 4533 mortali
1167 4493 1297 4551 corporea
1307 4485 1344 4546 et,
1356 4474 1406 4531 Νσ
1419 4473 1580 4538 exhibeatis
1591 4493 1676 4531 mem·

103 4559 190 4633 θνητῷ
209 4559 283 4633 ὑμῶν
297 4554 410 4634 σώματι·
429 4557 490 4630 καὶ,
502 4558 549 4631 Μὴ
565 4560 741 4640 παριστάνερε
760 4560 794 4620 τδι
809 4561 876 4639 μόλη
932 4572 988 4628 bra
1000 4577 1101 4626 oestro
1113 4585 1198 4624 arma
1211 4568 1377 4644 iniquitatis
1387 4576 1508 4643 peccato
1519 4564 1533 4624 θ
1547 4561 1622 4636 Quid
1635 4583 1677 4622 er-

102 4652 178 4726 ὑμῶν
191 4648 261 4708 όπλα
273 4648 376 4717 ἀδικίας
388 4656 421 4729 τῇ
438 4649 573 4731 ἁμαρτίρ;
583 4651 610 4710 τί
630 4642 674 4713 οθν
686 4655 742 4713 ἐστι
759 4653 790 4714 τδ
801 4655 876 4734 λεγό-
895 4661 915 4709 Ι)
931 4675 966 4735 go
979 4655 1033 4716 sibi
1051 4655 1112 4715 vult
1131 4653 1236 4712 dicmm
1261 4651 1354 4711 illud?
1369 4653 1525 4712 Sermonem
1539 4651 1586 4712 hic
1600 4648 1677 4728 qnasi

105 4762 197 4816 μενον,
219 4740 422 4821 ’Σπερματικόν
441 4764 502 4800 τινα
524 4741 721 4803 καταθάλλεται
740 4744 816 4825 λόγω
838 4749 878 4806 ὶν-
932 4766 1021 4806 semen
1037 4745 1149 4826 spargit,
1162 4765 1242 4823 quem
1255 4742 1381 4824 deinceps
1391 4743 1576 4823 explicaturus
1590 4753 1640 4814 est,
1651 4754 1678 4800 et

103 4837 205 4904 ταῦθα,
224 4831 253 4890 δν
278 4830 386 4911 θστερον
410 4831 587 4892 ἀναπτύσσειν
612 4833 718 4912 μέλλει,
740 4835 792 4895 καί
810 4836 878 4916 μετὰ
932 4858 994 4898 ςυστ
1008 4836 1094 4896 multo
1105 4848 1236 4918 apparatu
1250 4834 1496 4916 probaturus.Qnis
1508 4852 1572 4912 ergo
1584 4831 1679 4891 esthic

104 4925 208 4992 πολλῆς
220 4923 435 5002 ἐργάζεσθαιτῆς
453 4924 682 4994 κατασκευῆςΤίς
693 4918 738 4986 οθν
751 4931 822 4988 ἐστιν
836 4919 880 4989 οό-
934 4929 1041 4988 sermo?
1063 4928 1168 5007 Corpus
1188 4939 1309 4986 nostrum
1328 4923 1510 4983 antechristi
1531 4922 1679 4983 adventum

106 5036 151 5079 τος
164 5013 279 5093 blitum
296 5015 337 5074 Τὸ
348 5019 427 5092 σῶμα
441 5019 518 5090 ἡμῶν
528 5014 580 5094 πρὸ
588 5016 636 5092 μὲν
647 5019 695 5088 τῆς
708 5024 753 5078 τοῦ
765 5021 881 5099 Χριστοῦ
936 5033 1043 5102 peccato
1058 5032 1137 5099 captu
1147 5017 1297 5077 iacileerat.
1306 5017 1376 5074 Nam
1390 5027 1449 5095 post
1460 5012 1597 5073 inductam
1607 5033 1679 5074 mor·
1751 5040 1753 5045 ·

107 5105 254 5183 παρουσίας
269 5104 424 5185 εὐχείρωτον
438 5097 470 5176 ἦν
488 5109 521 5187 τῇ
536 5107 662 5189 ἁμαρτίᾳ.
678 5110 755 5169 Meet
770 5105 823 5191 γόιρ
838 5112 882 5172 τδν
937 5126 991 5171 tem
1006 5110 1151 5170 affectuum
1168 5108 1243 5186 quasi
1256 5126 1369 5166 examen
1384 5103 1525 5166 inductum
1538 5118 1577 5166 est
1591 5128 1597 5162 :
1613 5125 1681 5184 qua·

149 5287 156 5301 ⁸
175 5280 223 5348 [t.
235 5295 305 5333 cml
317 5283 399 5334 Verbi*
412 5300 442 5352 τῷ
456 5289 520 5353 θεῷ]
950 5310 960 5334 ¹
978 5291 1024 5344 Atti
1036 5304 1195 5361 σπερματικῶς
1208 5313 1256 5344 τινα
1269 5296 1483 5360 προκαεαίάλλττει
1496 5295 1570 5357 λόγον.
1579 5288 1633 5356 [Sic
1641 5288 1685 5345 Μ
