3728 5978
456 381 490 428 ιιι
516 381 602 429 ieci
634 377 895 428 irosremnuu.
924 379 1044 429 ιιοιιιι..
1071 357 1155 432 κἰιιιι
1522 393 1582 466 ¹9¹

112 533 115 557 ·
129 510 210 592 αὐτῷ
219 557 228 584 ,
238 511 288 571 καὶ
300 510 496 591 ἐξηγησάμενος
509 515 596 579 αθιοῖς
605 511 710 585 πάντα,
723 507 788 571 bni-
844 509 1015 584 Dominum,
1031 532 1068 570 ee
1084 515 1121 572 iis
1135 517 1187 593 qui
1200 514 1248 573 iili
1257 515 1414 596 parebant.
1430 513 1458 578 8.
1476 517 1587 597 Quibus

112 600 262 670 αὖτώςείς
276 602 570 685 τδν’ίόπιι·ην.“οφᾷς,
583 602 788 684 δτιοῦχὰπλῶε
842 621 909 659 cum
932 617 1082 663 narrasset
1101 611 1213 684 omnia,
1228 611 1307 668 misit
1324 609 1392 668 illos
1412 613 1445 666 in
1456 609 1583 690 ioppen.

112 693 189 775 ίγει,
204 697 269 755 ἀλλ’
285 695 328 757 δτι
349 696 395 756 καὶ
408 701 433 757 σί
444 703 700 778 προσκαρτεροῦντες
714 695 787 774 αὐτῷ
844 693 944 754 Viden’
961 696 1040 756 illum
1054 696 1114 758 haec
1132 719 1185 759 non
1206 701 1262 759 sine
1282 720 1362 760 eausa
1375 699 1475 781 dicere,
1488 702 1537 762 sed
1557 715 1588 761 ut

128 777 215 860 ἦσαν,
230 788 278 848 ἵνα
300 787 386 871 δείξη;
407 789 461 850 Καὶ
481 789 675 869 ἐξηγησάμενος
699 791 786 853 αὐτοῖς
803 791 824 838 1)
841 785 991 847 ostenderet
1002 808 1057 864 eos,
1076 790 1124 867 qui
1139 791 1269 870 parebant
1283 791 1335 869 illi,
1351 793 1417 852 tales
1428 793 1530 853 fuisse?
1547 796 1589 857 Et

119 880 220 961 φησίν.
236 880 314 964 Ὅρα
324 883 356 943 ab
369 883 476 965 ἄτυφον.
492 885 551 942 Οὐκ
565 873 641 954 εἷπε,
656 878 787 941 καλέσατέ
840 896 907 936 cum
928 893 1077 941 narrasset
1097 884 1159 942 iltis
1173 888 1284 958 omnia,
1303 884 1402 965 inquit(
1416 886 1490 948 Vide
1505 907 1587 965 φυειιι

112 975 256 1057 ’φσν·ἀλλ’
268 973 340 1036 ὥστε
349 972 787 1054 καίπεῖσαι,ἑξηγήσατοάπανια·
839 968 942 1034 alienus
955 972 1019 1032 sita
1041 974 1121 1033 tastu.
1142 977 1203 1035 Non
1225 975 1306 1051 dixit,
1320 979 1424 1037 Vocate
1447 979 1516 1037 mihi
1537 982 1587 1039 Pe-

112 1066 256 1143 διαεομίας
269 1059 313 1141 ἦν.
328 1071 370 1127 Ob
382 1067 435 1149 γδιρ
454 1067 527 1139 ἠξίου
544 1067 597 1127 ἀπδ
609 1072 656 1125 τοῦ
668 1063 787 1142 ἀξιώμα-
840 1074 912 1121 trum
919 1086 929 1140 5
943 1063 990 1124 sed
1003 1079 1034 1125 ut
1053 1067 1188 1144 suaderet,
1201 1069 1322 1129 narravit
1342 1070 1433 1129 omnia
1451 1069 1512 1129 :sie
1529 1092 1588 1131 rem

112 1157 145 1218 ln
170 1159 417 1241 μεταπέμψασθαι·
433 1159 476 1220 διδ
495 1158 787 1238 rossolianense·
840 1153 887 1212 ille
900 1157 1015 1236 provide
1027 1160 1132 1238 agebat.
1153 1162 1213 1221 Non
1227 1162 1299 1221 enim
1314 1162 1401 1222 voluit
1422 1183 1457 1222 ex
1470 1164 1587 1224 anemii-

112 1254 212 1310 σῶσον
227 1244 262 1324 ἦν
275 1252 382 1333 μέτριος
395 1258 410 1312 b
423 1251 506 1335 ἀνήρ·
519 1251 607 1312 καίτοι
621 1251 695 1311 οὐδὲν
717 1250 786 1329 μέγα
840 1261 894 1308 tate
912 1248 991 1308 illum
1017 1272 1173 1312 accersere:
1190 1251 1252 1314 ides
1272 1269 1373 1314 narrat.
1401 1258 1495 1334 Usque
1520 1256 1587 1317 adeo

112 1344 309 1424 ffiueimpl
324 1345 417 1424 ἀνδρὸς
431 1342 612 1424 καταγομένου
633 1342 707 1422 παρδι
722 1345 786 1422 βυρ-
841 1341 978 1403 modestus
991 1358 1048 1404 erat
1056 1346 1147 1422 homo,
1162 1346 1266 1407 etiami
1282 1347 1351 1407 nihil
1366 1367 1496 1428 magnum
1507 1350 1585 1429 eogi-

130 1435 162 1496 bi
185 1438 316 1521 ίπαιίρισν
335 1436 541 1518 θδοιποροίντων
556 1435 670 1496 ἐκείνων
686 1435 732 1494 καί
751 1437 785 1514 τῇ
840 1435 893 1494 uri
914 1450 1005 1517 posset
1030 1437 1065 1496 de
1087 1438 1148 1498 viro
1168 1439 1244 1519 apud
1256 1440 1403 1523 eoriarium
1422 1441 1585 1503 diversante.

112 1530 259 1607 ηιζάντιυν,
272 1529 354 1604 estes
371 1529 473 1612 Πέτρος
486 1529 571 1590 beleb
584 1530 663 1607 δῶμα
676 1525 787 1608 πφσσεέ·
840 1525 871 1584 9.
893 1530 1019 1588 Postera
1041 1543 1141 1589 autem
1154 1531 1211 1604 die,
1235 1535 1291 1592 iter
1306 1535 1368 1592 iilis
1384 1536 1584 1616 facientibus,

112 1622 172 1705 εερί
183 1620 261 1706 ὤραν
276 1623 368 1695 ἕκτην.
379 1621 464 1705 Ὅρα,
473 1626 530 1689 πῶς
539 1619 598 1688 τοὺς
609 1618 714 1702 καιροὺς
726 1643 787 1680 συν-
839 1627 869 1676 a
883 1624 1184 1700 appropinquantibus
1197 1626 1322 1696 ciuitati,
1334 1625 1468 1684 ascendit
1478 1627 1586 1686 Petrus

119 1715 261 1794 Πνεῦμα,
276 1714 323 1775 καὶ
338 1713 398 1775 οὔτε
419 1718 523 1789 θᾶττον,
546 1712 605 1774 οὔτε
625 1710 785 1792 βραδύτερον
803 1720 821 1766 Ε
840 1712 872 1767 in
892 1715 1043 1791 superiora
1062 1716 1143 1772 circa
1165 1714 1270 1773 boram
1283 1727 1408 1775 sextam.
1430 1715 1504 1779 Vide
1517 1738 1586 1795 quo-

112 1811 161 1867 ῦτυ
173 1806 309 1885 γενέσθαι.
322 1805 415 1879 ’sitm
427 1853 435 1880 ,
449 1804 538 1887 φησὶν,
553 1803 680 1885 δΠέτρος
700 1802 744 1864 ἐπὶ
756 1802 787 1862 cb
839 1801 921 1862 modo
944 1803 1064 1884 Spiritus
1087 1817 1210 1885 tempora
1226 1820 1373 1883 sanuserat,
1394 1811 1427 1866 ab
1450 1828 1536 1886 neque
1547 1810 1586 1868 ci·

112 1897 297 1982 φσσεάξασθαι
309 1899 371 1980 περὶ
384 1897 456 1978 ὥραν
469 1897 562 1970 ίκτην·
576 1895 713 1971 τουτέστι,
726 1898 785 1955 κατ’
839 1895 892 1956 tius
904 1916 991 1976 neque
1004 1897 1108 1957 tardius
1122 1919 1180 1958 rem
1203 1899 1295 1959 faeiat.
1311 1899 1466 1972 Ascendit,
1486 1901 1585 1980 inquit,

112 1990 148 2052 nl
163 1995 192 2051 ίν
206 1990 311 2073 ἡσυχία
320 2037 329 2066 ,
345 1995 381 2059 ὡς
397 1989 428 2049 ἀν
443 1992 470 2048 έν
484 1988 604 2070 ὑπερῴῳ.
621 1986 743 2064 Ἐγένετο
757 1986 785 2047 δδ
838 1990 944 2050 Petrus
967 1995 999 2050 in
1021 1996 1182 2072 superiora,
1206 1994 1239 2052 u't
1261 2006 1360 2054 oraret
1378 1999 1459 2054 eirca
1481 1998 1586 2056 boram

112 2086 177 2157 νος,
193 2084 242 2144 καὶ
254 2083 335 2156 ἤθελε
353 2082 508 2162 γεύσασθαι.
524 2079 784 2163 Παφασκευαζόντιον
837 2094 952 2140 sextam
967 2101 976 2138 :
989 2081 1042 2141 hoe
1060 2096 1108 2157 est,
1119 2104 1240 2143 seorsum
1260 2098 1286 2143 et
1305 2084 1334 2144 in
1349 2085 1448 2163 quiete,
1463 2087 1541 2165 quasi
1557 2087 1585 2147 in

112 2199 159 2251 irs,
175 2174 309 2237 ἀντέπεσεν
324 2178 366 2235 ἀπ’
374 2175 461 2234 αὐτὸν
474 2173 613 2247 ἔκστασις,
629 2173 674 2232 καί
692 2178 784 2253 θεωρεῖ
837 2174 987 2234 εσοιισευίο.
1005 2175 1052 2235 10.
1069 2178 1109 2235 Ει
1122 2197 1189 2236 cum
1198 2179 1445 2249 esuriretp'uoluit
1455 2192 1584 2258 gustare.

112 2269 171 2331 ινδε
182 2267 362 2349 ἀνεῳγμένον.
376 2267 413 2328 Τί
424 2269 494 2328 ἐστιν
506 2265 640 2339 ἔκστασις
652 2268 783 2343 Πνευμα-
838 2269 1019 2327 Parentibus
1027 2271 1208 2343 autemillis,
1220 2272 1325 2329 cecidit
1335 2291 1493 2350 supereum
1500 2291 1585 2332 men·

112 2362 175 2437 nel,
193 2359 295 2440 θεωρία
308 2358 413 2440 γέγονεν
430 2359 513 2438 αὐτῷ·
527 2364 573 2417 τοῦ
592 2355 730 2435 σώματος,
748 2359 784 2424 ὡς
837 2360 875 2416 tis
889 2377 1034 2433 excusus,
1048 2362 1164 2420 etvidit
1178 2362 1284 2421 coelu'm
1301 2375 1444 2442 apertum.
1455 2361 1532 2435 Quid
1545 2378 1586 2424 est

112 2477 193 2528 ιτις,
212 2452 334 2524 ἕξέσιηή
349 2448 433 2532 ψυχή.
445 2449 498 2509 Καὶ
511 2453 604 2531 θεωρεῖ
617 2450 661 2509 τδν
676 2448 783 2532 οὐρανὸν
837 2449 934 2508 mentis
947 2451 1091 2510 excessus?
1107 2452 1274 2533 spiritualis,
1292 2453 1391 2532 inquit,
1414 2454 1584 2536 contempla·

112 2544 178 2620 ίνον,
192 2543 241 2605 καί
262 2543 428 2603 καταάαῖνσν
444 2544 486 2602 ἐπ’
502 2541 579 2600 αὐτὸν
597 2538 689 2607 σκεῦός
709 2565 736 2599 τι
749 2544 785 2609 ὡς
837 2544 876 2603 tio
889 2544 989 2605 accidit
999 2546 1041 2605 illi
1058 2570 1065 2604 ε
1082 2568 1116 2607 ex
1130 2569 1250 2629 corpore,
1258 2563 1289 2609 ut
1303 2550 1340 2608 ita
1354 2549 1454 2627 dicam,
1467 2552 1583 2612 excessit

112 2637 241 2717 ιεγάλην,
256 2634 399 2717 τέσσαρσιν
415 2637 511 2715 ἀρχαῖς
524 2631 662 2710 δεδεμένον
675 2631 722 2692 καὶ
733 2656 784 2692 κα·
837 2634 937 2695 anima.
954 2640 986 2696 li
997 2683 1002 2695 .
1015 2640 1054 2696 Et
1065 2639 1143 2698 vidit
1156 2641 1260 2698 caium
1271 2653 1414 2720 apertum,
1426 2655 1455 2700 et
1466 2643 1584 2702 descen-

112 2729 175 2790 νάπὶ
188 2734 240 2802 τῆς
253 2733 322 2808 γῆς,
337 2717 398 2809 ivd
414 2729 518 2808 ὑπῆρχε
530 2726 619 2786 πάντα
632 2724 666 2784 τί
686 2725 784 2806 τετρά-
837 2728 911 2787 dens
930 2747 987 2787 uas
1011 2730 1161 2809 quoddam
1178 2731 1263 2788 velut
1286 2733 1410 2790 linteum
1432 2753 1582 2813 magnum,

112 2826 211 2903 ςγῒις,
226 2819 275 2881 καί
293 2820 329 2880 τὰ
343 2818 423 2900 θηρία
443 2819 488 2878 καί
501 2818 535 2878 τί
552 2816 668 2899 έρπετδι,
687 2817 732 2875 καί
752 2816 785 2876 τδι
837 2833 965 2900 quatuor
984 2822 1078 2878 initiis
1098 2823 1232 2879 submitti
1247 2822 1285 2880 de
1305 2823 1377 2882 eale
1399 2827 1431 2882 in
1451 2836 1584 2882 terram.-

117 2922 167 2976 τοῦ
189 2916 318 2994 οὐρανοῦ.
338 2911 393 2972 Καί
407 2910 510 2991 ἐγένετο
522 2909 595 2992 φωνὴ
612 2908 676 2992 πρὸς
690 2909 884 2998 αὐτόν’,ῃίΠ
905 2917 938 2972 in
960 2931 1019 2994 quo
1040 2926 1125 2973 erant
1139 2918 1241 2973 omnia
1260 2917 1464 2998 quadrupedia
1485 2929 1580 2988 terra,

122 3007 235 3087 Πέτρε,
251 3010 331 3065 θῦσον
342 3003 389 3062 καί
403 3003 481 3084 φάγε.
493 3001 528 3062 Ὁ
543 3001 681 3083 δὲΠέτρυς
696 2991 782 3061 εἶπεν·
798 3013 818 3058 Α
834 3020 862 3066 et
877 3010 975 3067 bestia
993 3020 1021 3066 et
1032 3012 1179 3086 serpentia
1192 3021 1220 3068 et
1230 3010 1374 3070 volatilia
1385 3011 1459 3070 cali.
1476 3012 1525 3070 ib.
1541 3013 1584 3071 Et

112 3124 142 3177 ς,
162 3099 271 3181 Κύριε,
288 3096 332 3157 ὅτι
345 3095 471 3156 οὐδέποτε
484 3093 580 3175 ἔφαγον
593 3103 647 3153 πᾶν
661 3093 779 3166 toribii
824 3103 918 3181 saeta
935 3112 979 3159 est
993 3120 1055 3157 vox
1078 3100 1220 3159 adeum:
1237 3101 1339 3182 Surge,
1354 3104 1453 3174 Petre,
1470 3104 1581 3175 occide,
1671 3177 1674 3182 ι

112 3215 148 3253 σν.
160 3191 220 3253 Καί
234 3188 314 3270 φωνὴ
329 3187 411 3248 πάλιν
425 3186 586 3267 ἐκδευτέρου
600 3186 665 3265 πρὸς
679 3186 757 3246 αὐτόν
772 3211 778 3224 ·
832 3204 861 3251 et
868 3193 1024 3251 manduca.
1034 3192 1082 3250 lb.
1092 3191 1148 3250 Ait
1161 3206 1260 3252 autem
1269 3196 1391 3254 Petrus:
1404 3194 1506 3271 Absit,
1519 3196 1582 3254 Do·

112 3282 306 3364 ςὲιαθάρισε,
322 3279 355 3340 σὺ
369 3279 406 3356 μὴ
418 3278 513 3339 κοίνου.
531 3280 619 3337 Τοῦτο
634 3279 662 3337 δὲ
675 3278 778 3357 ἐγένετο
832 3290 919 3359 mine,
936 3290 1008 3367 quia
1024 3306 1185 3366 numquam
1196 3288 1376 3348 manducavi
1396 3309 1489 3347 omne·
1502 3309 1584 3348 com·

117 3376 188 3438 ’καί
203 3373 291 3434 πάλιν
308 3371 444 3453 ἀνελήφθη
468 3369 497 3429 τὸ
517 3376 608 3438 σκεῦος
626 3370 721 3438 εἰστὸν
734 3374 777 3431 οὔ·
832 3401 919 3438 mune
928 3391 956 3437 et
968 3380 1160 3437 immundum.
1175 3379 1223 3438 ts.
1236 3381 1278 3439 Et
1290 3401 1351 3439 uox
1363 3385 1468 3439 iterum
1479 3401 1584 3440 secun-

830 3474 868 3531 cio
886 3473 928 3531 ad
946 3491 1033 3530 eum:
1048 3472 1134 3549 Quod
1146 3473 1227 3532 Deus
1247 3473 1429 3554 purificavit,
1448 3485 1481 3531 tu
1501 3493 1582 3531 com·

830 3588 917 3627 mune
934 3588 971 3626 nc
994 3568 1111 3625 dixeris.
1128 3568 1176 3626 16.
1201 3569 1267 3626 Hoc
1279 3580 1379 3626 antem
1398 3569 1519 3647 sactum
1539 3581 1584 3627 est

829 3679 921 3742 usque
934 3663 1036 3730 tertio;
1051 3670 1079 3717 et
1106 3663 1207 3718 statim
1228 3672 1375 3739 receptum
1403 3671 1445 3719 est
1469 3671 1527 3719 vas
1551 3663 1584 3718 in

827 3755 941 3820 calum.
1151 3768 1153 3774 '

112 3876 152 3914 πε
175 3850 263 3910 τοῦτο’
295 3852 369 3924 ἐστι,
391 3846 530 3926 Σύμὸολσν
550 3851 598 3921 τῆς
621 3847 775 3925 οἰκουμένης
869 3851 899 3907 Π.
922 3845 997 3918 Quid
1020 3844 1325 3926 hoeestisymbolum
1345 3845 1428 3904 totius
1446 3846 1519 3906 orbis
1540 3870 1583 3907 res

112 3947 155 4008 ἐδ
167 3954 291 4028 πρῖγμα
300 3940 412 4022 γίνεται.
421 3939 456 4000 Ὁ
470 3940 604 4021 ἄνθρωπος
616 3941 775 4021 ἀκρόάυστσς
830 3954 878 4000 est.
892 3941 981 3999 Homo
994 3938 1199 3997 incircumcisus
1214 3951 1271 3996 erat
1281 3982 1289 4009 ,
1301 3936 1425 4015 nihilque
1441 3959 1583 4000 commune

112 4038 190 4101 σάδάν
205 4035 297 4098 κοινὸν
318 4025 373 4116 εἶχε
390 4033 456 4115 πρὸς
469 4033 619 4102 Ἰουδαίους.
635 4034 714 4094 Ἐπεί
732 4027 775 4094 οὗν
830 4030 947 4092 habebat
957 4053 1021 4090 eum
1035 4030 1149 4093 Judaeis.
1165 4029 1237 4101 Quia
1251 4029 1337 4109 igitur
1351 4051 1443 4089 omnes
1456 4030 1534 4091 illum
1552 4046 1582 4091 ut

125 4135 213 4192 αὐτοῦ
233 4137 393 4208 κατηγορεῖν
415 4128 530 4192 ἀπαντες
547 4128 583 4193 ὡς
607 4125 775 4206 παραὸἀτου,
831 4139 1052 4205 transgressorem
1068 4121 1219 4181 accusaturi
1235 4135 1320 4197 erant,
1331 4136 1358 4182 et
1370 4121 1426 4181 illis
1434 4121 1582 4203 admodum

112 4248 131 4285 o
149 4223 226 4284 πάνυ
249 4225 338 4288 αι’ποῖς
353 4219 526 4303 προσίστατο,
546 4220 697 4301 ἀναγκαίως
708 4225 776 4281 σίκο
831 4218 905 4279 conli
914 4231 971 4278 erat
982 4216 1145 4276 :necessario
1156 4215 1203 4276 ille
1212 4214 1314 4274 sicrenr
1323 4216 1484 4297 temperavit
1500 4230 1530 4277 ut
1540 4216 1583 4276 di·

112 4362 114 4374 .
130 4319 234 4390 εῖπεῖν,
248 4311 385 4373 Οὐδέποτε
400 4312 513 4394 ἔφαγον·
529 4313 589 4395 οὐχὶ
603 4313 680 4380 αὐτὸς
695 4315 776 4373 δεδοι-
831 4324 901 4372 eeret
912 4312 1086 4389 :Nunquam
1095 4309 1216 4384 eomedi3
1227 4327 1280 4366 non
1291 4307 1364 4385 quod
1375 4308 1491 4380 timeret,
1501 4309 1582 4377 absit5

112 4409 248 4491 ιγένσιτο,
265 4407 325 4465 ἀλλ’
343 4406 394 4466 ὑπδ
406 4411 452 4464 τοῦ
466 4403 632 4484 Πνειίματος,
646 4409 682 4473 ὡς
696 4405 774 4486 ἔφην,
793 4418 811 4466 Β
830 4404 877 4465 sed
891 4401 1023 4485 aSpiritu
1033 4447 1041 4477 ,
1050 4400 1157 4477 utdixi,
1171 4400 1210 4459 sic
1222 4399 1436 4480 dispositusfuit,
1447 4416 1478 4461 ut
1489 4401 1582 4462 desen·

112 4500 233 4581 ιίμενσς,
248 4497 284 4557 ἵν’
300 4497 350 4579 ἔρῃ
373 4496 515 4578 ἀπολογίαν
534 4499 600 4579 πρδς
613 4497 673 4564 τοὺς
691 4501 774 4578 έγκα-
830 4497 932 4557 sionem
946 4495 1056 4554 haberet
1067 4507 1161 4554 contra
1173 4512 1228 4571 eos,
1237 4492 1283 4571 qui
1295 4514 1324 4552 se
1330 4508 1494 4569 accusarent,
1508 4493 1583 4574 quod

112 4583 174 4668 ,δτι
189 4591 238 4652 καί
256 4593 403 4650 ἀντεῖπεν·
422 4589 491 4649 πάνυ
513 4589 564 4673 γίιφ
588 4592 675 4657 abiot<
698 4591 776 4669 ἔμελε
828 4589 967 4650 restitisset
981 4610 989 4644 ι
1002 4607 1098 4667 magua
1121 4586 1192 4645 enim
1204 4606 1270 4645 cura
1288 4585 1418 4663 illiserat,
1430 4587 1582 4647 utlexser-

112 4684 198 4763 νόμον
214 4681 404 4765 φυλάττεσθαι.
419 4683 466 4748 Εἰς
480 4680 540 4755 ἔθνη
555 4681 698 4762 ἐπέμπετο.
715 4683 776 4743 Ἵνα
828 4695 948 4742 veretur.
966 4677 1007 4738 Ad
1019 4692 1110 4758 gentes
1120 4677 1287 4737 mittebatur.
1302 4678 1343 4736 Ne
1353 4677 1437 4757 igitur
1456 4678 1485 4737 hi
1499 4677 1581 4737 etiam

112 4768 233 4835 Νίῶῒθῑ
243 4778 323 4836 αὖῖῶ
335 4778 529 4854 κατηγορῶσιν,
540 4779 576 4841 ὡς
590 4775 671 4856 έφθην
684 4778 775 4852 εἰπὼν,
827 4759 905 4834 illum
915 4784 1080 4850 accusarent,
1094 4783 1124 4830 ut
1131 4769 1203 4841 dixi,
1217 4769 1277 4828 hec
1285 4769 1323 4828 ita
1331 4769 1484 4849 dispensata
1495 4782 1559 4829 sunt
1572 4793 1579 4826 ι

112 4869 290 4946 ίνανομεῖται·
305 4864 324 4938 ἢ
339 4866 385 4925 καί
399 4863 442 4925 ίνα
459 4865 497 4943 μὴ
512 4866 572 4948 δόξῃ
588 4869 720 4948 φαντασία
735 4895 775 4938 τις
827 4882 874 4927 aut
887 4887 920 4926 ne
939 4864 1076 4927 videretur
1100 4861 1240 4944 phantasia
1255 4860 1381 4941 quaedam
1403 4881 1469 4938 esse,
1489 4860 1580 4921 dixit:

112 4950 175 5033 dm,
192 4962 347 5040 Μηδαμῶς,
370 4956 469 5040 Κύριε,
482 4958 522 5018 ὅτι
538 4958 663 5021 οὐδέποτε
676 4962 772 5043 ἔφαγον
827 4962 940 5039 Absit,
961 4961 1106 5030 Domine,
1133 4959 1205 5036 quia
1222 4974 1374 5036 nunquam
1402 4955 1582 5017 manducavi

112 5184 133 5232 ε,
143 5179 167 5224 σι
177 5184 272 5242 „pappa
288 5177 393 5237 γίνεται,
403 5164 494 5217 desunt
511 5167 537 5218 in
548 5166 709 5234 quibusdam.
