3728 5978
112 407 184 502 846
831 430 964 481 srunri.

4 594 8 606 ι
32 571 100 620 mc.
111 558 167 632 Qui
179 578 244 618 vero
264 577 316 616 non
330 555 512 631 crediderunt,
526 553 644 629 audient,
658 557 717 615 Vos
729 555 858 615 nonestis
910 553 1004 621 αύτούς
1021 556 1049 615 ίν
1068 558 1106 637 τῷ
1126 555 1239 635 όνόμοιτί
1255 576 1314 617 σου.
1346 557 1389 619 Oi
1405 554 1436 615 δλ
1460 553 1504 633 μὴ
1520 557 1682 628 πιστεύσαντι

111 659 148 698 ex
158 638 260 700 ovibus
273 636 355 699 meis:
373 656 436 695 nam
449 656 514 695 oves
526 655 592 693 mee
604 654 698 694 rocem
710 654 798 693 meam
807 655 856 692 au·
910 633 1076 709 ἀκούσωσιν,
1098 639 1173 715 ὑμεῖς
1197 639 1247 695 ούκ
1269 636 1335 696 ίστί
1358 637 1394 694 tx
1412 639 1474 695 τῶν
1497 635 1683 714 spuisse,

112 717 203 776 diunt.
218 717 291 774 Num
309 714 453 780 horruistis
466 714 525 773 haeo
542 711 701 773 audientes?
716 733 856 791 usquequo
910 715 999 790 ἐμῶν·
1018 714 1053 773 τὸ
1067 714 1119 797 γὸρ
1139 714 1192 793 lud
1208 715 1338 798 πρόύατα
1358 718 1411 786 τῆς
1435 717 1535 795 φωνῆς
1552 717 1637 775 ἀκούει
1650 725 1684 790 τῆς

113 795 191 875 gravi
201 793 304 863 ude?
313 815 453 872 usquequo
465 791 601 853 mentibus
615 792 747 852 infantes?
760 813 857 870 usque·
910 794 987 868 ἐμῆς.
1002 781 1071 930 Ἆρα
1081 797 1127 854 οὐκ
1136 794 1259 875 ίρρίξοιτι
1269 800 1391 856 τοιαῦτα
1400 794 1568 867 αἰκούοντεςς
1582 794 1684 863 taeta

114 895 169 954 quo
177 873 298 951 loquenti
309 895 361 933 non
375 872 527 944 attenditis,
538 893 586 931 neo
600 872 676 931 statis
686 885 715 929 ut
727 871 858 930 Christia·
912 869 1032 952 βαρυκᾶρ
1051 896 1099 945 ιοι,
1114 872 1237 942 έιοςπότε
1258 875 1355 947 νήπιοι
1367 883 1434 940 ταῖς
1450 874 1568 954 φρεσίνς
1580 875 1686 944 benis

113 975 163 1013 uos
173 951 288 1026 deceret,
298 974 405 1012 sursum
418 951 501 1012 corda
514 949 707 1028 tenentes3sed
719 951 857 1010 ecclesiam
910 954 940 1009 ού
956 949 1103 1034 προσέχετε
1122 956 1161 1033 τῷ
1179 955 1323 1023 λαλοῦντι,
1346 955 1398 1012 καὶ
1414 954 1541 1024 στήκετε
1557 957 1595 1019 ὣς
1610 956 1685 1033 πρέπει

113 1033 199 1092 boum
210 1031 358 1106 stabulum,
370 1032 528 1113 praetorium
540 1044 567 1090 et
580 1051 728 1110 cauponam
738 1029 858 1089 fecistis?
909 1029 1094 1110 Χριστιανοῑς,
1114 1031 1169 1091 ἄνω
1188 1031 1235 1101 τὸς
1248 1032 1366 1115 καρδίας
1381 1032 1521 1112 ἔχοντες,
1538 1032 1600 1092 ἄλλ’
1611 1035 1686 1105 lesd-

115 1112 216 1172 Cavete
226 1110 705 1193 neinrobisimpleaturtremendum
715 1109 784 1169 illud
793 1129 860 1189 apo·
910 1130 975 1169 σατε
999 1110 1155 1189 βουστάσιον
1178 1111 1224 1170 καί
1237 1136 1258 1171 π
1295 1111 1400 1193 ιτόρισν
1419 1113 1474 1171 καλ
1490 1113 1637 1182 καπηλεῖα
1651 1116 1686 1184 π’,ν

1 1199 104 1249 νοσοῖ.
116 1191 179 1271 stoli
193 1190 318 1250 dictum:
334 1193 376 1251 Et
387 1195 463 1250 sicut
486 1210 546 1249 non
558 1190 859 1269 probaveruntDeum
910 1188 1071 1261 ἐκκλησίανς
1094 1189 1211 1250 Βλέπετε
1233 1215 1254 1269 μ
1294 1195 1388 1257 πωςί
1410 1194 1455 1249 ’ὑ
1530 1194 1688 1273 πληρυδῇτῖ

117 1272 226 1331 leuben
235 1274 268 1328 in
277 1269 394 1342 notitia,
403 1270 527 1329 tradidit
536 1290 584 1329 eos
591 1272 623 1326 in
630 1269 859 1327 immunditiam.
910 1266 1020 1350 φούερὸν
1039 1274 1086 1327 τοῦ
1103 1268 1251 1347 ἀποστόλου
1268 1271 1351 1350 ῥητὸν
1372 1216 1408 1332 τὸ
1427 1200 1531 1348 λοξῆς·
1554 1271 1608 1330 1ίιιὸ
1620 1272 1688 1339 xm&

115 1350 172 1410 Nos
182 1370 248 1411 vero
258 1349 360 1409 relictis
366 1349 411 1423 iis,
421 1347 469 1428 qui
478 1368 526 1409 eor
537 1369 617 1408 suum
626 1346 811 1427 perdiderunt,
825 1345 859 1405 de
909 1348 957 1404 οὐκ
967 1345 1127 1422 ἐδοκίμασαν
1137 1347 1182 1406 τὸν
1192 1349 1262 1408 Θεὸν
1273 1349 1349 1428 ἔχειν
1362 1352 1391 1409 ίν
1403 1349 1573 1428 ἐπιγνόντα,
1583 1352 1687 1433 παρέλι-

115 1428 217 1507 quibus
242 1428 370 1489 Salomon
396 1448 432 1487 ex
457 1447 568 1508 persona
594 1425 705 1484 Domini
732 1424 857 1503 dicebat,
910 1447 955 1484 κεν
975 1423 1068 1495 αύτούς
1087 1427 1123 1494 είς
1142 1426 1315 1509 ἀκαθαρσίαν.
1344 1427 1452 1506 Ἡμεῖς
1468 1427 1501 1489 δὲ
1516 1429 1689 1496 καταλιεόιτις

5 1517 104 1581 κεναί.
115 1510 282 1590 loquebar,
292 1522 320 1568 et
327 1529 387 1567 non
394 1509 518 1567 audistis
528 1531 540 1576 ,·
550 1507 743 1565 extendebam
751 1526 859 1564 samo-
875 1511 896 1557 D
912 1499 971 1570 τούς
991 1503 1040 1578 τὴν
1060 1503 1171 1586 καρδίαν
1190 1506 1401 1574 ἀπολωλεκότας
1415 1551 1425 1581 ,
1452 1506 1525 1587 περὶ
1543 1498 1583 1566 ὧν
1597 1510 1689 1568 etos

117 1585 856 1666 nes,etnonatterrdistis,adpropositumrerertamur,
914 1581 971 1660 μιὸι
994 1585 1031 1652 ὡς
1045 1587 1076 1644 ίιι
1092 1583 1235 1665 προσώπου
1249 1590 1295 1645 τοῦ
1309 1586 1417 1665 Κυρίου
1441 1586 1553 1686 ἔλεγεν,
1570 1586 1689 1647 δτιἨό-

115 1681 196 1747 atque
208 1666 245 1727 ad
263 1667 406 1727 ambonem
417 1665 564 1757 progressi,
577 1662 720 1723 audiamus
733 1662 801 1799 ‹puid
814 1663 859 1721 lo·
913 1664 989 1737 λουν,
1016 1662 1063 1723 καί
1086 1664 1135 1722 οὐκ
1152 1664 1280 1736 ἠκούετε,
1304 1662 1443 1732 ἐξέτειναν
1557 1692 1586 1739 ς,
1610 1668 1691 1727 καλοῖ

117 1745 581 1825 ηυαίυτίιιιιοίιίεὓοιυιιιιιο.1)σιιε,
595 1742 860 1821 magnissileevau-
913 1741 1085 1822 προσείχετε,
1107 1741 1152 1802 ἐπὶ
1174 1743 1205 1803 τὸ
1222 1744 1401 1824 προκείμενον
1423 1748 1502 1805 em
1535 1751 1636 1823 δωμεν,
1656 1750 1690 1806 iul

116 1824 227 1904 gelista,
247 1825 295 1903 qui
312 1824 414 1883 celeste
431 1823 519 1881 Patris
538 1838 703 1902 preceptum
719 1820 861 1881 annuntiat
913 1824 952 1900 τῷ
967 1810 1073 1898 ἄμόνινι
1088 1823 1325 1903 προσπελᾶσιυμεν,
1339 1824 1387 1884 κοιλ
1401 1825 1577 1902 ἀκούσωμεν
1590 1825 1691 1895 sttui·

116 1902 197 1965 nobis
206 1903 237 1962 in
250 1916 333 1967 terra.
348 1903 457 1962 Οειῑιιιιι
472 1915 563 1960 autem
579 1914 620 1959 est
632 1900 711 1959 illum
724 1900 858 1981 loquutu·
914 1923 954 1958 σει
970 1902 997 1959 έν
1012 1905 1076 1978 ἡμῖν
1091 1902 1188 1981 Κύριος
1201 1908 1215 1963 δ
1226 1903 1310 1978 Θεὸς,
1324 1907 1340 1961 ὸ
1353 1904 1446 1982 μέγας
1462 1904 1692 1983 deffluere

116 2002 181 2043 rum
189 2003 246 2043 esse
256 2002 349 2063 pacem
359 1981 386 2040 iu
396 1980 500 2062 plebem
515 2000 602 2052 suam,
610 1993 701 2060 utpote
712 1981 802 2039 Deum
811 2001 858 2060 pa·
913 1978 945 2037 τὸ
957 1979 1076 2060 ούρᾶνιον
1092 1988 1138 2041 τοῦ
1152 1981 1257 2060 Πατρὸς
1267 1982 1440 2062 πρόσταγμα
1455 1985 1630 2063 διαγγέλλων
1641 1990 1693 2061 ἡμῖν

117 2058 167 2124 eis.
186 2060 403 2121 Aduatucos
424 2058 541 2120 advocat
556 2072 650 2141 utpote
669 2059 767 2133 bonus,
786 2059 859 2150 ipsos
914 2057 958 2117 ἐπὶ
971 2061 1029 2138 γῆς.
1048 2063 1135 2131 Δῆλον
1149 2060 1196 2134 δὲ,
1214 2059 1257 2121 ότι
1265 2061 1383 2133 λαλήσει
1397 2063 1520 2145 εἰρήνην
1531 2063 1693 2123 resurae

117 2141 189 2202 susci
209 2141 231 2201 it
244 2155 274 2200 ut
283 2161 333 2200 rex
340 2139 447 2220 justus:
463 2138 565 2217 eosqui
578 2139 670 2217 lugent
680 2137 715 2197 ad
730 2153 861 2228 poenuen-
914 2139 1011 2209 αὐτοῦ,
1025 2141 1061 2207 ὡς
1073 2140 1142 2207 Θεὸς
1155 2139 1275 2219 εἰρήνης·
1288 2140 1307 2212 ἢ
1320 2144 1534 2218 προσκαλεῖται
1549 2167 1574 2202 π
1591 2142 1599 2160 “
1630 2144 1693 2203 ens

117 2220 194 2297 tium,
232 2233 289 2280 atos
298 2217 438 2312 predicat,
447 2239 491 2278 eos
501 2218 549 2296 qui
560 2217 589 2276 in
598 2217 738 2298 hypocrisi
749 2218 858 2295 vivunt,
913 2219 949 2283 ὡς
963 2218 1060 2296 ἀγαθὸς
1075 2218 1295 2286 τοὸςκατιιπονω
1332 2244 1409 2291 νους,
1437 2221 1490 2281 καί
1508 2225 1562 2281 ἄντ
1610 2223 1694 2299 μόένι-

117 2300 229 2361 miseros
254 2300 340 2377 dicit,
367 2297 465 2377 vigiles
491 2297 598 2373 beatos,
626 2316 719 2375 segnes
748 2297 861 2356 miseros
913 2297 1253 2445 resurgucdebrdlxmoe·
1270 2322 1329 2368 τους
1344 2298 1502 2367 κλαίοντας
1516 2301 1695 2378 εἰςμετένοιαι

116 2376 463 2460 praediestffliserioordes
483 2388 576 2455 utpote
602 2374 753 2436 misericors
775 2376 861 2456 gloria
915 2397 1005 2456 μοικαρ
1031 2376 1215 2449 ει,ταλιινίζει
1225 2377 1285 2446 τοὸς
1296 2383 1322 2438 ἐν
1335 2379 1489 2461 ὑποκρίσει
1501 2383 1645 2458 βιοῦντας,
1655 2404 1694 2457 ps·

2 2459 204 2533 rrih.5.7.al'licit
228 2473 254 2518 et
279 2459 357 2519 beet:
375 2459 463 2517 Beati
488 2455 697 2529 misericordes,
720 2459 861 2534 quoniam
915 2454 1088 2537 καρίζειτσὸς
1101 2463 1308 2538 γρηγοροῦντας,
1324 2457 1536 2528 καλταλανίζεε
1549 2459 1613 2528 τοὺς
1627 2460 1694 2540 pqts'-

118 2541 174 2619 r'psr'
206 2537 437 2598 misericordium
467 2544 688 2613 consequentur.
704 2535 742 2592 Ut
770 2547 861 2593 autem
915 2557 996 2611 μους·
1019 2534 1119 2604 δοξάζει
1139 2535 1198 2605 πυὸς
1219 2537 1422 2617 εύσπλᾶγχνους
1444 2542 1486 2606 ὡς
1509 2537 1695 2617 εὔσπλαγχνοι,

117 2616 251 2677 alienusa
264 2614 365 2674 duritie
379 2626 405 2672 et
418 2613 597 2684 immanitate,
614 2625 694 2690 atque
708 2613 796 2673 omnis
809 2635 858 2672 ne-
915 2613 961 2672 καλ
974 2615 1113 2695 μακαρίζει
1123 2615 1182 2685 τοὸς
1192 2616 1335 2693 ἐλεήμονες
1350 2621 1387 2682 ὡς
1401 2617 1557 2696 ἱλεήμων·
1570 2607 1655 2677 Muri

116 2696 210 2774 quitiae
233 2716 347 2777 expers,
377 2691 600 2753 inhumanitatem
632 2713 740 2751 omnem
768 2692 863 2774 abjicit
878 2689 898 2737 t}
915 2696 939 2752 οἱ
955 2693 1110 2773 ἐλεήμονες,
1124 2694 1166 2756 ότι
1187 2696 1260 2755 αὐτοὶ
1278 2694 1488 2768 ἐλεηθήσονται.
1510 2694 1567 2765 Ὧς
1581 2697 1611 2758 δὲ

118 2790 147 2835 et
164 2775 295 2851 eliminat,
314 2788 396 2852 atque
419 2771 562 2845 immanes,
588 2771 813 2831 immisericordes
836 2786 862 2832 et
916 2794 987 2853 τριος
999 2778 1047 2846 τῆς
1063 2773 1247 2855 ἀσπλαγχνίας
1266 2775 1312 2834 καὶ
1332 2773 1404 2843 ξένος
1424 2779 1481 2846 τῆς
1504 2776 1641 2847 ἄπηνείας
1659 2780 1696 2834 καί

119 2867 224 2915 muscos
237 2866 377 2915 aversatur
387 2876 394 2910 ι
406 2873 438 2911 ac
457 2872 520 2911 curn
541 2849 597 2909 illis
617 2851 749 2910 rationem
768 2850 859 2924 ducet,
916 2852 1046 2933 ἀμέτοχος
1059 2853 1148 2926 πάσης
1158 2852 1262 2923 κακίας.
1275 2853 1323 2927 τὸν
1338 2857 1462 2934 ἄσπλαγ
1476 2855 1545 2915 νίαν
1558 2860 1696 2916 esuum

118 2932 264 3012 aliquando
287 2953 335 3014 per
361 2952 409 3010 se,
431 2929 579 3008 aliquando
606 2951 656 3010 per
680 2929 862 3010 patriarcham
915 2932 961 2991 καὶ
971 2931 1149 3012 ἐξορίζει,καὸ
1163 2932 1358 3016 ἀποστρέφεται
1367 2932 1431 3000 τοὺς
1449 2880 1573 3006 dirimi<
1584 2935 1631 2995 καὶ
1643 2938 1696 2993 ἄνι-

119 3011 258 3072 Abraham
277 3012 321 3071 vel
342 3031 390 3091 per
407 3010 475 3069 alios
491 3023 607 3069 sanctos.
622 3009 688 3068 lllos
705 3008 753 3086 qui
766 3030 782 3067 a
796 3010 862 3069 sini·
915 3010 1046 3089 >scripuras
1069 3014 1115 3073 καί
1132 3013 1327 3090 ἀμεταδότως·
1348 3010 1395 3072 καί
1411 3035 1481 3073 συνε
1501 3024 1527 3074 εἰ
1547 3015 1630 3094 λόγον
1648 3016 1696 3091 μετ’

118 3086 862 3170 strislocandisuut,accusatillisqueexprohrat,utpote
916 3093 1012 3165 αὐτῶν,
1025 3090 1089 3152 nori
1109 3091 1157 3170 pbr
1173 3094 1205 3152 δι’
1219 3091 1408 3164 ἑαυτοῦ,ποτί
1422 3091 1456 3150 δὲ
1539 3100 1592 3153 τῶ
1607 3117 1696 3172 πατρι·

117 3170 166 3248 qui
188 3168 400 3231 misericordiam
427 3188 550 3227 exercere
574 3167 725 3248 potuerint,
756 3181 782 3226 et
809 3188 863 3228 non
917 3167 999 3251 ἄρχοι
1014 3168 1173 3250 ’λύραὸμῆ
1196 3169 1241 3231 καὶ
1260 3169 1294 3231 δι’
1312 3169 1409 3271 ἑτέρων
1429 3173 1535 3250 ἁγίων.
1557 3171 1697 3249 Τούςρᾶ.

118 3251 293 3310 exercuerint.
302 3250 394 3328 Neque
408 3247 480 3307 enim
492 3246 528 3304 ab
540 3245 665 3326 inopibus
672 3245 758 3327 judex
768 3246 862 3326 liujus-
916 3250 1008 3317 λοντας
1026 3249 1086 3309 τότε
1106 3250 1133 3319 ἐξ
1151 3250 1289 3327 εὐωνύμων
1304 3254 1479 3329 εύρισκεσθοιι
1497 3253 1587 3320 αὐτὸς
1601 3255 1698 3331 ἐγκαλεῖ

119 3329 193 3390 modi
215 3330 336 3390 debiturn
358 3327 456 3406 exigit,
478 3326 579 3406 quippe
602 3325 649 3404 qui
671 3327 786 3384 aliorum
812 3347 863 3406 ope
916 3329 962 3386 καί
976 3330 1109 3399 ὀνειδίζει,
1130 3334 1165 3396 ὡς
1178 3330 1336 3408 δυναμένους
1349 3331 1487 3400 ἐλεῆσαι,
1506 3332 1559 3390 καὶ
1575 3332 1615 3410 μὴ
1631 3333 1697 3401 iser:-

120 3422 214 3487 egeant
220 3433 230 3486 ρ
249 3408 298 3468 sed
316 3408 351 3464 ab
367 3407 413 3477 iis,
435 3405 483 3482 qui
499 3406 549 3462 Dei
560 3425 670 3463 munera
692 3405 809 3465 ubertim
818 3427 863 3465 ao·
916 3429 1020 3474 σαντας.
1035 3412 1076 3468 Ού
1093 3407 1231 3490 γὰρπαρὰ
1246 3408 1381 3469 ἀδυνάτων
1400 3414 1520 3469 ἀπαιτεῖ
1535 3416 1552 3470 ὸ
1567 3411 1698 3492 κριτὴςτὸ

120 3499 260 3566 ceperunt,
277 3500 303 3546 et
323 3484 459 3562 largitoris
475 3481 571 3552 obliti,
587 3504 619 3540 ac
631 3483 655 3540 si
674 3503 725 3540 non
739 3484 862 3562 accepis·
915 3488 992 3567 χρέος
1017 3495 1063 3548 τοῦ
1088 3488 1191 3556 ἐλέους·
1217 3493 1241 3548 ol
1281 3487 1314 3568 ὸιρ
1337 3494 1456 3548 τοιοῦτοι
1486 3491 1585 3550 ἄλλων
1613 3492 1697 3555 ἐνδεεῖς

120 3579 165 3624 ent
182 3585 239 3625 sese
248 3566 366 3644 jactant:
385 3562 446 3619 illos
467 3561 615 3639 vituperat,
631 3560 693 3619 illos
707 3561 810 3621 incusat
820 3562 863 3622 di·
913 3566 1103 3646 supprimerer·
1126 3567 1195 3627 ιῖλλὸι
1208 3513 1282 3647 παρὸ
1298 3572 1352 3626 τῶν
1363 3569 1490 3647 ἀρθόνως
1505 3571 1558 3638 τὸις
1573 3579 1623 3630 τοῦ
1636 3573 1697 3629 Gru]

119 3643 314 3705 coneursum
329 3655 354 3700 et
369 3637 608 3700 immisericordes!
621 3659 709 3698 annon
721 3660 770 3718 ego
783 3643 863 3703 vobis
916 3645 1014 3728 diupei<
1029 3649 1087 3717 είλη
1108 3646 1186 3719 ότων,
1200 3648 1246 3706 καί
1261 3652 1307 3706 τοῦ
1323 3646 1471 3713 δεδωκότος
1484 3650 1697 3727 ἐπιλαθομένιιν,

118 3725 209 3784 omnia
217 3722 300 3783 dedi?
313 3720 380 3801 quid
389 3719 461 3780 euim
473 3718 602 3778 intulistis
611 3717 639 3777 iu
649 3719 782 3779 mundum
792 3721 806 3779 Ρ
815 3743 863 3781 an·
916 3726 960 3784 καί
975 3750 1032 3786 καυ·
1045 3751 1154 3804 ωμενων
1165 3731 1201 3794 ὡς
1211 3727 1249 3804 μὴ
1264 3725 1410 3799 λαόύντων,
1425 3727 1498 3805 πρὸς
1513 3729 1629 3796 τούτους
1641 3734 1697 3789 ὀνει-

117 3823 171 3864 υοῐι
185 3802 251 3864 nudi
266 3803 323 3862 nati
348 3800 411 3861 estis
428 3813 455 3858 ct
473 3819 581 3858 rursum
602 3797 668 3856 nudi
688 3799 862 3879 migrabitis?
916 3804 981 3872 δίζιι
990 3751 1045 3865 καί
1052 3805 1158 3884 ἐγκαλεῖ
1172 3805 1272 3886 λέγων·
1291 3804 1432 3877 ὢοὶνόητοι
1449 3808 1502 3866 καὶ
1516 3808 1696 3887 ἄσπλαγχνος

0 3898 61 3941 im.
69 3899 92 3945 6.
117 3884 179 3945 Non
198 3883 314 3943 audistis
338 3880 490 3962 apostolum
509 3878 668 3937 clamantem
688 3880 761 3957 quod
775 3881 962 3943 ΝἱΙιίίπῖούκ
980 3883 1033 3965 ἐγὼ
1052 3890 1113 3963 ὑμῖν
1128 3885 1230 3946 δέδωκα
1242 3883 1276 3944 τὸ
1290 3887 1363 3962 ὑμῶν
1375 3885 1491 3959 πάντα,
1512 3888 1543 3946 τί
1558 3888 1616 3968 γὰρ
1632 3892 1697 3958 εἰσι,-

117 3963 271 4024 intulimus
281 3967 313 4021 in
322 3962 517 4032 mundamur
528 3959 860 4048 nibilutr'pueindepos·
880 3960 900 4004 δ
915 3964 1025 4042 νέχκατε
1036 3967 1072 4029 είς
1092 3964 1136 4023 τὸν
1150 3965 1262 4042 κόσμον;
1284 3967 1313 4022 ού
1327 3965 1422 4044 γυμνοὶ
1438 3966 1634 4042 ἐγεννήύητε,
1656 3967 1696 4025 καὶ

117 4063 215 4103 sumus
229 4043 369 4123 aufere?
382 4039 487 4119 Cogita,
499 4037 591 4112 stulte,
602 4051 629 4096 te
642 4038 862 4132 nihilpmprium
914 4044 995 4104 rodo
1048 4043 1108 4122 μνοὸ
1130 4043 1282 4124 ίίέρχεσοε;
1298 4045 1345 4102 οὐκ
1360 4043 1500 4114 ἠκούσατε
1514 4052 1566 4105 τοῦ
1583 4047 1696 4105 em-

116 4120 224 4196 habere,
232 4121 284 4181 nisi
294 4120 460 4180 voluntatem
468 4117 526 4176 sive
537 4116 648 4195 bonam,
656 4131 686 4175 ut
693 4120 764 4178 Deus
770 4121 862 4199 jussit,
913 4128 960 4183 λου
975 4128 1129 4204 κραζοντος,
1146 4124 1186 4182 δτι
1206 4121 1290 4184 Οὐδὲν
1312 4123 1512 4202 εἰσηνέγκαμεν
1529 4129 1572 4193 εἷς
1591 4127 1638 4186 τὸν
1654 4127 1696 4185 κό-

1 4226 28 4265 ς.
49 4224 70 4254 ι.
80 4225 104 4272 9.
116 4200 174 4261 sive
195 4200 356 4271 immanem,
378 4213 409 4257 ut
433 4212 464 4256 tu
491 4196 611 4257 voluisti.
642 4199 808 4275 Argentum
833 4213 862 4260 et
914 4227 990 4280 σμον,
1005 4205 1084 4275 δῆλον
1097 4200 1138 4261 ὅτι
1152 4203 1209 4262 oste
1223 4204 1361 4280 ἐξενεγκεῖν
1373 4227 1400 4261 τι
1412 4204 1575 4281 δυναίμεθα,
1592 4206 1696 4276 'Ener-

7 4279 24 4316 ‘'·
32 4271 71 4319 ⁶⁶·
83 4284 104 4318 ¹·
116 4299 322 4338 uummmeum
330 4291 383 4337 cst.
396 4278 508 4338 Coelum
519 4278 640 4336 thronus
653 4292 793 4347 meusest,
803 4292 860 4337 ter·
913 4305 970 4355 σον,
990 4284 1090 4365 ἄφρων,
1112 4281 1153 4342 ότι
1178 4282 1249 4342 οὐδὲν
1273 4284 1338 4343 ίδιον
1360 4282 1514 4351 κέκτησαι,
1539 4289 1569 4344 εἰ
1592 4287 1632 4363 μὴ
1652 4285 1696 4355 ’.ἠν

115 4379 152 4416 ro
161 4358 321 4421 scabellum
326 4359 433 4434 pedum
442 4376 570 4414 meorum
580 4379 592 4424 ;
601 4357 674 4415 orbis
687 4355 754 4416 fines
762 4358 789 4415 in
799 4378 857 4416 ma·
913 4361 1075 4441 προαίρεσιν,
1089 4360 1141 4420 εἴτε
1151 4363 1261 4442 αἰγαύὴν,
1271 4367 1307 4427 ὡς
1317 4367 1331 4421 ὸ
1341 4362 1410 4428 Θεὸς
1419 4352 1509 4436 εἶπεν,
1522 4365 1582 4424 είτε
1595 4370 1696 4435 ἀπηνῆ,

115 4458 154 4496 nu
172 4458 232 4497 mea
247 4459 254 4492 ι
272 4435 361 4494 omnia
380 4434 449 4493 mihi
465 4434 600 4509 serviunt,
617 4435 713 4494 caelum
728 4448 754 4494 et
767 4457 858 4496 omnes
913 4446 948 4507 ὡς
972 4441 1004 4500 σὺ
1025 4442 1165 4514 ἠθέλησας.
1188 4442 1228 4500 Τὸ
1245 4440 1365 4522 ἀργύριον
1382 4441 1480 4500 καὶτὸ
1497 4445 1618 4526 γρυσίον
1638 4444 1696 4521 ἐμόν

114 4516 248 4576 exercitus
260 4514 516 4606 angolorum,terra,
530 4535 611 4586 mare,
624 4514 711 4572 omnis
723 4529 856 4590 creatura,
912 4524 994 4580 ἐστιν,
1023 4519 1057 4581 Ὁ
1071 4519 1178 4602 οὐρανὸς
1196 4519 1284 4600 θρόνος
1297 4521 1377 4598 ἐμὸς,
1392 4525 1410 4591 ἡ
1426 4523 1462 4601 γῆ
1476 4513 1634 4584 effidem
1647 4527 1696 4582 :Gis

113 4593 374 4687 omnisquesprritus
383 4614 458 4651 meus
469 4607 517 4667 est,
527 4592 596 4650 mihi
605 4592 770 4670 obsequitur,
781 4594 860 4654 mini·
911 4601 999 4659 ποδῶν
1022 4623 1086 4679 μου·
1111 4599 1145 4659 τὸι
1168 4599 1271 4681 πέρατα
1288 4604 1315 4660 ἐν
1336 4603 1370 4670 τῆ
1390 4599 1467 4696 χειρί
1482 4625 1555 4678 μου,
1575 4604 1695 4680 τὰεόμ-

113 4687 311 4748 strat,serr1t:
331 4687 361 4732 tu
378 4673 451 4732 solus
465 4672 656 4731 immisericors
670 4671 859 4752 abenignitate
910 4702 1000 4738 ποντα
1020 4679 1080 4759 ἐμοὶ
1100 4679 1231 4740 δουλεύει·
1250 4684 1264 4738 ὸ
1280 4664 1385 4760 οὐρανὸς
1402 4703 1448 4738 και
1463 4691 1559 4742 πᾶσαι
1580 4688 1640 4743 τῶν
1653 4687 1696 4760 ἄγ-

112 4774 171 4812 urea
190 4755 293 4814 alienus
312 4765 434 4833 repertus
457 4773 496 4811 es.
513 4753 565 4810 Die
583 4751 651 4809 mihi
660 4796 669 4827 ,
685 4752 779 4827 stulte,
796 4755 857 4832 quis
908 4759 992 4833 γελων
1007 4759 1144 4841 οςροςιαί,
1159 4767 1176 4831 ἡ
1190 4763 1225 4838 γῆ
1237 4757 1283 4816 κοί
1294 4763 1310 4829 ἡ
1323 4757 1463 4829 θάλασςα,
1476 4761 1528 4819 χοὶ
1541 4772 1626 4823 περ,
1642 4763 1695 4822 χςί.

111 4845 211 4893 terram
225 4833 276 4893 tibi
286 4832 439 4923 expandit?
451 4831 513 4909 quis
527 4832 632 4913 plantas
643 4831 679 4890 ita
693 4831 857 4913 multiplica·
908 4862 947 4904 οις
965 4838 1011 4899 κοί
1029 4847 1104 4897 πᾶσα
1120 4839 1188 4911 πνοὴ
1203 4837 1255 4916 ἐμή
1274 4839 1350 4907 ἐστι,
1369 4837 1416 4896 χαί
1430 4839 1494 4914 ἐμοὶ
1509 4841 1642 4901 πείθετο,
1654 4842 1696 4902 χοὶ

110 4911 171 4971 vit?
187 4913 249 4993 quis
268 4912 415 4973 seminibus
434 4910 482 4970 dat
504 4910 792 4989 incrementumi’quis
808 4912 855 4973 dat
907 4918 1031 4980 ὑπακούει
1047 4917 1094 4977 καί
1106 4918 1231 4978 δουλεύει.
1246 4915 1285 4977 Σὸ
1300 4915 1403 4996 μόνοςδ
1417 4918 1604 5002 ἄσπλαγχνος
1616 4923 1696 4982 ἄλλό-

109 5002 187 5051 terrae
202 4992 325 5075 pluviam
339 4991 366 5050 iu
380 4990 625 5071 temporetriturae,
639 5004 665 5049 et
680 5004 852 5071 ventospro-
905 5020 976 5074 τριος
998 4997 1106 5080 εὑρέθης
1134 5002 1181 5070 τῆς
1204 5000 1270 5076 ίμῆς
1289 4997 1504 5077 φιλανθρωπίας.
1538 4990 1616 5062 Εἰπέ
1643 5027 1695 5080 μοι,

108 5071 183 5149 prios
194 5070 368 5131 ventilatori?
379 5070 441 5148 quis
456 5083 536 5129 tantae
549 5070 628 5130 molis
644 5070 726 5129 boves
739 5070 853 5151 subjecit
905 5077 1004 5156 ἄφρων,
1020 5079 1059 5147 τίς
1079 5077 1127 5151 τὴν
1146 5083 1196 5159 γῆν
1211 5100 1252 5138 σοι
1266 5078 1423 5159 ἐρήπλωσε,
1442 5076 1486 5145 τίς
1500 5079 1540 5141 τὸι
1555 5081 1633 5161 puris
1649 5106 1695 5140 κα-

108 5162 135 5208 ct
155 5149 288 5226 subdidit,
300 5163 331 5209 ut
341 5163 439 5209 terram
458 5148 604 5222 sulcarent,
615 5149 643 5209 in
661 5170 724 5209 area
742 5150 852 5212 tritura·
904 5156 1071 5232 τεπύκνιυσες
1088 5158 1129 5227 τίς
1148 5166 1203 5227 τοῖς
1214 5157 1265 5218 σπέ
1283 5181 1350 5236 μασι
1362 5156 1482 5239 παρέχει
1494 5159 1551 5232 τὴν
1566 5161 1696 5237 αὔξησιη

107 5243 180 5307 rent,
190 5228 311 5313 plaustra
326 5227 480 5290 traherent?
490 5248 579 5290 noune
595 5226 653 5290 baeu
670 5229 760 5292 omnia
775 5229 851 5314 large
903 5234 943 5304 τίς
964 5237 1056 5301 δίδιιισι
1073 5241 1107 5318 τῇ
1126 5242 1161 5320 γῇ
1177 5238 1252 5299 ὑετὸν
1266 5183 1292 5299 is
1306 5260 1392 5319 καιριμ
1412 5244 1461 5298 τοῦ
1473 5242 1633 5317 diunensi,
1653 5244 1698 5302 καὶ

1632 2701 1640 2715 q
1678 2699 1682 2711 r
