3742 5970
263 431 331 521 154
598 458 626 504 s.
655 457 795 504 miurus
819 459 1002 507 cuursosr.
1034 461 1187 510 sucurre.
1215 463 1479 512 cousruurruor.

258 585 296 639 sit
305 584 337 637 in
348 580 551 658 perditionem,
565 585 705 659 quoniam
720 581 830 639 donum
844 583 902 641 Dei
912 596 998 663 puta·
1050 583 1090 644 ὅτι
1116 586 1165 658 τὴν
1187 586 1288 666 δωρεδιν
1306 593 1351 646 τοῦ
1374 589 1445 647 Θεοῦ
1471 586 1593 664 ἐνόμισας
1616 586 1659 645 διδ
1678 583 1826 666 χρημάτων

257 675 296 729 sti
303 675 430 749 pecunia
439 674 564 751 acquiri.
918 687 921 691 ’
1051 682 1171 737 κτᾶσθαι.
1275 688 1277 693 “
1350 715 1354 719 -
1515 674 1521 687 ’

297 764 325 820 5.
341 761 377 820 Et
391 783 440 821 cur
448 761 479 819 hi
491 761 620 842 baptizati
632 783 685 821 non
697 778 853 844 acceperant
866 765 999 846 Spiritum
1091 767 1144 827 Καὶ
1161 769 1205 829 διδ
1221 768 1247 827 τί
1260 762 1384 841 οθκῆσαν
1398 760 1469 829 οὗτοι
1481 768 1607 836 λαθόντες
1618 770 1730 847 Πνεῦμα
1752 769 1826 848 ἅγιον

256 853 407 913 sanctum?
424 854 477 915 Vel
500 853 564 930 quia
585 853 731 934 Philippus
752 854 817 915 dore
840 876 922 916 ausus
945 878 998 917 uon
1052 858 1344 936 βαπτισθέντεςςἨτοι
1364 863 1402 940 τῷ
1424 859 1461 938 μὴ
1483 862 1572 919 δοῦναι
1587 860 1727 920 Φιλίππου
1740 859 1827 943 ταίτιρ

256 959 327 1023 erat,
349 945 422 1004 hunc
442 965 587 1005 reservans
615 945 745 1025 apostolis
768 945 915 1025 honorem3
942 948 999 1008 sive
1050 955 1179 1029 τιμῶντος
1191 951 1261 1032 τύχα
1274 951 1333 1019 τούς
1344 952 1587 1024 ἀποστόλουςῆτοι
1596 957 1635 1032 τῷ
1646 953 1684 1031 μὴ
1695 951 1766 1033 ἔχειν
1775 950 1827 1031 χό-

255 1038 319 1116 quia
333 1037 385 1097 hoc
393 1036 527 1097 charisma
542 1058 595 1096 non
608 1038 800 1113 hahebat(erat
813 1040 885 1098 enim
897 1040 998 1100 exiliis
1051 1064 1135 1120 ρισμα
1147 1048 1262 1103 τοιοῦτον
1277 1046 1348 1117 (τῶν
1362 1042 1430 1102 {ml
1441 1042 1492 1123 γδιρ
1504 1034 1535 1114 ἦν
1545 1048 1569 1118 )·
1586 1041 1649 1123 δ’περ
1663 1041 1708 1102 καὶ
1723 1044 1825 1121 μᾶλλον

255 1136 370 1211 septem)
386 1155 392 1187 :
409 1130 438 1189 id
451 1129 524 1209 quod
536 1129 622 1210 magis
639 1129 747 1190 videtur
759 1129 915 1193 dicendum.
928 1133 999 1193 Puto
1050 1132 1120 1194 ἔστιν
1135 1137 1226 1193 εἰπεῖν.
1240 1132 1342 1194 ’Ὅθεν
1356 1159 1402 1211 μοι
1416 1138 1485 1195 δοκεῖ
1504 1125 1578 1202 οὗτος
1592 1139 1606 1195 δ
1620 1133 1759 1202 Φιλιππος
1771 1138 1825 1195 τῶν
1844 1172 1847 1177 »

255 1235 325 1281 certe
334 1223 408 1282 hunc
420 1221 580 1302 Philippum
593 1242 628 1279 ex
641 1235 743 1302 septem
755 1222 810 1281 illis
827 1243 892 1298 esse,
904 1245 997 1284 secun·
1049 1226 1117 1286 ἑπτδ
1131 1217 1214 1302 ε’ίναι,
1230 1232 1244 1288 θ
1266 1229 1400 1309 Στεφάνου
1415 1227 1540 1307 δεύτερος.
1555 1227 1603 1286 Διὸ
1618 1226 1664 1287 καί
1679 1226 1824 1306 βαπτίζων,

255 1314 321 1373 dum
339 1335 354 1372 α
372 1311 517 1394 Stephano.
540 1311 724 1387 Quamobrem
746 1334 807 1371 cum
826 1312 995 1395 δαρήσεται,
1013 1325 1031 1371 E
1049 1319 1160 1397 Πνεῦμα
1169 1328 1224 1388 τοῖς
1238 1319 1438 1398 βαπτιζομένοις
1448 1323 1495 1380 οθκ
1505 1318 1606 1379 ἐδίδου·
1617 1318 1675 1380 etl
1685 1319 1738 1399 γάρ
1752 1310 1824 1400 εἶχεν

255 1409 390 1489 Spiritum
399 1406 542 1492 huptiratis
556 1427 608 1465 nou
622 1405 724 1464 dabat:
741 1408 911 1484 nequeenim
924 1422 998 1488 pote-
1048 1409 1183 1478 ίξουσίαν·
1197 1416 1274 1470 τοῦτο
1292 1410 1343 1492 γδιρ
1360 1411 1390 1470 εδ
1407 1413 1488 1491 δῶρον
1501 1409 1587 1489 μόνων
1598 1414 1651 1470 τῶν
1663 1403 1799 1484 δώδεκαῆ
1816 1458 1824 1472 .

254 1516 349 1562 statem
368 1500 500 1579 habebam
514 1501 566 1560 hoc
578 1500 680 1581 quippe
693 1499 795 1559 donum
808 1499 950 1561 duodecim
964 1503 997 1562 il·
1047 1503 1148 1563 Σκόπει
1168 1502 1209 1562 δέ·
1224 1507 1317 1564 ἐκεῖνοι
1338 1507 1386 1563 οῦκ
1401 1501 1523 1583 ἐξῄεσαν,
1539 1504 1695 1583 ᾠκονομήθη
1716 1502 1825 1571 τούτους

253 1595 343 1655 lorum
367 1609 471 1654 tantum
493 1606 558 1652 erat.
581 1590 720 1672 Perpende
739 1606 830 1651 autem
849 1616 855 1650 ι
878 1593 919 1652 illi
942 1615 995 1655 non
1048 1597 1167 1667 ἐξελθεῖν,
1184 1595 1210 1655 οἳ
1225 1595 1269 1656 καὶ
1282 1594 1407 1678 θατίρουν
1423 1598 1470 1667 τῆς
1483 1596 1608 1677 χάριτας,
1625 1594 1669 1655 διδ
1686 1594 1718 1653 τδ
1740 1595 1825 1674 μήπω

253 1689 372 1747 exierant
383 1712 392 1765 ς
403 1687 588 1767 dispensatum
603 1698 651 1761 est,
664 1697 695 1742 ut
715 1683 734 1742 ii
754 1684 868 1761 exirent,
882 1685 929 1764 qui
944 1688 995 1746 ttti·
1047 1688 1136 1747 λαθεῖν
1149 1691 1261 1767 Πνεῦμα
1279 1688 1362 1766 ύγιον.
1373 1687 1491 1766 Δύναμιν
1506 1686 1554 1765 μὲν
1565 1687 1616 1767 γάρ
1630 1686 1726 1747 ἔλαθον
1738 1696 1823 1747 ποιεῖν

252 1801 345 1839 uorem
358 1779 473 1859 gratiam
487 1777 636 1853 habehaum
650 1776 725 1854 quod
740 1775 861 1836 nondum
880 1779 995 1860 accepis
1047 1790 1161 1859 σημεῖα,
1179 1781 1239 1863 οῦχλ
1262 1780 1289 1841 δὲ
1313 1779 1358 1839 καὶ
1380 1780 1491 1857 Πνεῦμα
1514 1779 1613 1839 διδόναι
1635 1778 1742 1858 ἑτέροις.
1757 1779 1826 1861 Ἄρα

139 1926 146 1940 ,
251 1884 310 1931 sent
324 1870 460 1951 Spiritum
473 1881 606 1928 sanctum.
620 1869 780 1927 Potestatcm
796 1868 907 1948 quidem
920 1891 995 1931 acce·
1047 1878 1123 1932 τοῦτο
1138 1862 1170 1944 ἦν
1181 1876 1233 1932 τῶν
1246 1871 1400 1932 ἀποστόλων
1415 1865 1563 1954 ἐξαίρετονί
1575 1870 1633 1931 όθεν
1644 1869 1689 1931 καί
1702 1870 1764 1939 soie
1775 1894 1825 1932 νιο-

250 1977 345 2043 pcraut
360 1962 476 2023 lacieudi
490 1962 586 2042 signa,
601 1981 655 2022 nou
674 1974 767 2030 autem
779 1961 914 2043 Spiritum
934 1964 996 2025 aliis
1003 2013 1039 2055 ,,,
1049 1963 1185 2044 ρυραίους,
1204 1967 1251 2023 οθκ
1262 1963 1356 2030 ἀλλους
1366 1964 1452 2036 τινάς,
1467 1961 1537 2021 ἔστιν
1550 1963 1613 2021 ἰδεῖν
1623 1967 1701 2023 τοῦτο
1713 1955 1829 2023 motois-⁸

250 2055 344 2115 dandi.
358 2054 447 2135 Igitur
459 2055 518 2113 haec
530 2052 713 2134 apostolorum
725 2067 782 2113 erat
797 2055 994 2136 prerogativa3
1014 2069 1031 2115 t
1047 2079 1102 2122 τας.
1126 2055 1200 2116 Ἰδὼν
1213 2055 1256 2128 δὲ,
1278 2055 1358 2134 quel,
1372 2052 1475 2133 Σίμων,
1493 2053 1532 2113 du
1555 2052 1598 2112 διδ
1616 2058 1664 2126 τῆς
1682 2054 1825 2126 ἐπιθέσεως

249 2148 365 2228 ideoque
382 2161 409 2207 et
423 2145 591 2228 coryphaeos,
605 2166 658 2204 non
679 2144 757 2223 alios,
780 2144 872 2206 videre
887 2159 925 2207 est
943 2146 995 2209 hoe
1045 2151 1097 2207 τῶν
1123 2152 1221 2228 χειρῶν
1239 2152 1293 2207 τῶν
1312 2144 1466 2207 ἀποστόλων
1484 2145 1584 2206 δίδοται
1603 2144 1634 2205 τδ
1658 2148 1772 2225 Πνεῦμα
1793 2149 1825 2208 τδ

249 2241 344 2300 lacere.
360 2242 468 2299 Videris
485 2252 583 2298 autem
597 2238 709 2310 Simon,
730 2237 826 2317 inquit,
848 2241 927 2321 quod
942 2263 995 2320 per
1046 2238 1130 2320 ἀγιον.
1142 2242 1202 2300 ota
1215 2238 1246 2297 ἀν
1259 2237 1340 2304 οθτως
1351 2228 1436 2312 εἶπεν,
1450 2239 1473 2297 εἰ
1485 2236 1522 2316 μὴ
1536 2236 1661 2309 αἰσθητόν
1674 2262 1701 2296 τι
1713 2237 1822 2317 ἐγίνετο

249 2337 463 2413 impositionem
490 2352 630 2390 manuum
654 2331 853 2409 apostolorum
873 2333 995 2394 daretur
1045 2332 1132 2390 Τοῦτο
1151 2330 1197 2390 καί
1217 2332 1324 2397 Παῦλος
1339 2329 1472 2402 ἐποίησεν,
1490 2328 1603 2397 διετεῖς
1615 2327 1750 2408 γλώσσαις
1764 2331 1824 2390 ἐλαί-

248 2425 372 2503 Spiritus
386 2437 514 2485 sanctus.
527 2425 588 2483 Nou
604 2423 643 2481 sic
655 2420 780 2497 dixisset,
794 2421 846 2481 uisi
868 2424 994 2485 sensibile
1043 2424 1114 2483 λουν.
1125 2415 1201 2490 Εἶδες
1210 2421 1259 2495 τὴν
1270 2421 1378 2501 μιαρίαν
1388 2427 1433 2480 τοῦ
1444 2421 1579 2500 Σίμωνος;
1591 2421 1727 2502 Χρήματα
1738 2446 1823 2503 προσ·

250 2516 390 2598 quidpiam
413 2517 515 2576 tactum
536 2515 639 2574 luisset.
666 2514 723 2573 Hoc
744 2527 770 2573 et
791 2514 892 2574 Paulus
911 2516 992 2591 lecit,
1043 2513 1153 2594 ήνεγκε·
1181 2514 1269 2574 καίτοι
1299 2516 1347 2574 ούκ
1381 2504 1448 2573 εἶδεν
1473 2511 1551 2572 αύτδν
1579 2512 1729 2592 χρημάτων
1757 2515 1824 2576 eiu

126 2661 149 2672 ,.
248 2630 311 2669 curn
328 2609 500 2688 loquerentur
519 2607 629 2686 linguis.
646 2604 777 2666 Vidistin'
797 2606 915 2667 Simonis
935 2629 995 2668 sce-
1040 2615 1184 2668 ποιοῦντα·
1197 2603 1261 2675 ύςτε
1273 2609 1320 2666 οθκ
1333 2597 1366 2678 ἦν
1377 2606 1482 2684 αἰγνοίας
1493 2604 1524 2664 τδ
1536 2615 1662 2686 πρᾶγμα,
1679 2606 1749 2666 ἀλλά
1759 2630 1822 2668 πει-

101 2754 106 2761 .
247 2702 313 2761 lus?
328 2699 457 2761 Pecunias
480 2698 588 2759 obtulit.
606 2695 690 2775 Atqui
712 2717 766 2756 non
786 2696 892 2758 viderat
912 2699 992 2759 illum
1045 2700 1165 2781 ράζοντος
1183 2697 1229 2757 καλ
1250 2697 1407 2777 βουλομένου
1421 2696 1568 2779 κατηγορίᾳ
1586 2696 1750 2778 περιθαλεῐν.
1767 2698 1822 2761 Διά

47 2795 49 2800 ’
95 2810 111 2841 ⁵·
152 2820 157 2825 ·
246 2815 297 2876 pro
318 2793 431 2875 pecunia
446 2791 474 2851 id
495 2790 636 2850 facientem
652 2811 659 2846 ι
675 2788 749 2848 unde
770 2810 823 2848 non
844 2789 993 2870 ignorantis
1042 2798 1119 2852 τοῦτο
1140 2791 1186 2851 καλ
1202 2791 1306 2851 ἀκούει·
1319 2792 1379 2850 Οὐκ
1388 2790 1443 2849 ἔστι
1456 2812 1496 2848 σοι
1508 2789 1596 2870 μερὶς,
1610 2788 1669 2849 οὐδὲ
1681 2791 1780 2873 κλῆρος
1793 2795 1822 2853 ἀν

246 2909 315 2969 opus
327 2900 394 2962 erat,
406 2883 625 2958 sedtentnntis,et
636 2881 752 2942 volentis
763 2881 863 2941 crimen
878 2883 992 2944 intenta·
1042 2887 1081 2966 τῷ
1094 2882 1165 2964 λόγῳ
1176 2881 1279 2963 τούτῳ·
1303 2887 1320 2953 ἡ
1340 2880 1392 2963 γδιρ
1410 2879 1506 2962 καρδία
1519 2903 1565 2940 σου
1580 2883 1628 2940 οθκ
1648 2880 1719 2941 ἔστιν
1731 2883 1821 2945 εὐθεῖα

246 3002 284 3041 re.
301 2978 418 3058 Ideoque
430 2975 525 3036 audit:
542 2977 591 3035 ht.
604 2977 673 3033 Non
682 2986 725 3034 est
743 2978 798 3033 tibi
809 2996 880 3054 pars
899 2994 992 3057 neque
1042 2975 1159 3036 irascier
1172 2980 1217 3035 τοῦ
1229 2976 1309 3035 Θεοῦ.
1334 2974 1420 3032 Πόλιν
1432 2973 1465 3031 τδι
1480 2975 1507 3031 ἐν
1521 2976 1554 3052 τῇ
1566 2971 1667 3052 διανοίηι
1682 2975 1719 3042 είς
1737 2973 1820 3054 μίσον

247 3076 352 3132 sorsin
372 3088 505 3130 serrnone
515 3071 590 3127 isto:
614 3085 665 3125 cor
679 3070 757 3124 enim
771 3079 853 3138 tuum
870 3088 928 3126 non
949 3083 991 3129 est
1007 3084 1023 3130 ts
1041 3067 1117 3147 ἀγει,
1138 3066 1230 3138 ἐπειδὴ
1244 3069 1342 3131 ἐκεῖνος
1355 3063 1493 3123 λανθάνειν
1511 3060 1624 3141 ἐνόμιζε.
1646 3063 1821 3140 Μετανόησον

246 3176 357 3223 rectum
368 3182 467 3223 coram
480 3162 554 3219 Deo.
568 3159 738 3237 iterumque
756 3158 785 3218 in
806 3174 895 3220 mente
915 3176 990 3221 erant
1039 3151 1083 3221 σύν
1096 3158 1149 3220 ἀπὸ
1161 3164 1208 3231 τῆς
1227 3157 1321 3226 κακίας
1335 3181 1381 3217 σου
1400 3156 1513 3231 ταύτης,
1524 3155 1570 3216 καί
1584 3157 1693 3230 δεήθητι
1704 3163 1752 3217 τοῦ
1766 3161 1819 3221 Κυ-

246 3256 325 3314 aliert
345 3255 374 3314 iu
396 3252 527 3331 medium,
548 3251 613 3329 quia
636 3249 684 3309 ille
707 3271 736 3309 se
764 3251 847 3311 latete
867 3252 988 3333 putabat.
1040 3250 1110 3332 ρίου,
1122 3255 1145 3311 εί
1159 3252 1211 3332 ἄρα
1221 3248 1381 3333 ἀρεθήσετοιί
1390 3253 1457 3321 σοιὴ
1469 3249 1571 3309 ἐπίνοια
1581 3254 1630 3321 τῆς
1640 3250 1751 3332 καρδίας
1762 3274 1817 3313 σου.

246 3348 296 3402 λθ.
313 3345 521 3404 Paenitentiam
543 3344 644 3420 itaque
672 3360 729 3420 age
749 3342 786 3398 ab
810 3341 867 3400 hac
886 3346 988 3423 nequi·
1040 3346 1087 3412 Είς
1109 3343 1161 3424 γάρ
1176 3343 1259 3424 χολὴν
1273 3342 1380 3424 πικρίας
1395 3342 1440 3401 καί
1455 3339 1599 3417 σύνδεσμον
1610 3341 1714 3408 ἀδικίας
1727 3347 1821 3425 θεωρῶ

247 3441 290 3496 tia
309 3434 375 3509 tite,
405 3448 434 3495 et
449 3453 521 3515 roga
544 3434 723 3502 Dominum,
746 3435 773 3490 si
780 3437 867 3513 jorte
890 3438 989 3492 remit·
1039 3459 1069 3496 σε
1082 3435 1153 3496 δντα.
1170 3435 1329 3516 Ἀποκριθεὶς
1351 3433 1378 3493 δὲ
1404 3433 1496 3511 Σίμων
1516 3423 1600 3491 εἶπεν·
1615 3433 1726 3506 δεήθητε
1745 3439 1821 3513 ὑμεῖς

247 3544 329 3590 tatur
357 3532 410 3588 tibi
434 3529 496 3586 lroec
520 3511 658 3605 cogitatio
683 3526 778 3583 cordis
805 3529 856 3584 tui.
876 3528 925 3584 θδ.
950 3531 989 3585 In
1039 3528 1106 3611 ὑπὲρ
1126 3532 1188 3606 ἐμοῦ
1211 3527 1275 3610 πρδς
1298 3528 1341 3586 τὸν
1357 3525 1466 3608 Κύριον,
1480 3524 1551 3592 ὅπως
1567 3524 1649 3602 μηδὲν
1662 3525 1762 3606 ἐπελθῃ
1776 3527 1820 3588 ἀπ’

237 3624 320 3705 selle
337 3625 414 3680 em'm
436 3618 662 3692 amaritudinis,
685 3628 714 3677 et
736 3620 769 3675 in
785 3618 908 3677 viuculo
930 3624 989 3678 ini·
1040 3621 1087 3699 ἐμὲ
1097 3612 1133 3680 ὧν
1145 3621 1278 3701 εἰρήκατε.
1296 3619 1361 3679 Δέον
1374 3618 1426 3676 ἀπὸ
1441 3617 1551 3696 καρδίας
1562 3621 1739 3694 μετανοῆσαι,
1761 3619 1817 3680 δύαι

246 3719 368 3797 quitatis
387 3714 477 3771 video
507 3723 535 3770 te
554 3731 625 3770 esse.
656 3711 706 3770 24.
729 3712 915 3790 Respondeas
933 3735 989 3773 au·
1040 3715 1196 3773 κλαῦσαι·δ
1215 3712 1243 3770 δὲ
1264 3710 1407 3791 ἀροσιύσει
1422 3709 1500 3787 μόνον
1514 3715 1591 3769 τοῦτο
1609 3717 1688 3769 ποιεῖ.
1712 3712 1749 3770 Et
1766 3710 1819 3793 ἀρα

246 3824 303 3868 tem
321 3809 428 3868 Simou¹
439 3808 537 3864 dixit.-
555 3806 726 3863 Precamiui
744 3824 800 3863 vos
815 3825 870 3884 pro
885 3825 932 3865 me
949 3809 991 3866 ad
1041 3806 1201 3887 ἀφεθήσεταί
1224 3829 1276 3865 σοι.
1303 3806 1390 3864 Τοῦτο
1409 3793 1495 3876 εἶπεν,
1518 3805 1568 3882 οὐχ
1578 3804 1614 3868 ὡς
1627 3803 1656 3860 οθ
1675 3825 1819 3883 συγχωρη·

245 3905 428 3973 Dominum,
456 3910 488 3957 ut
517 3897 594 3955 nibil
619 3899 725 3954 veniat
753 3916 840 3976 super
866 3919 912 3957 me
937 3900 989 3958 ίιο-
1040 3899 1128 3967 θέντος
1142 3899 1173 3958 ἀν
1185 3902 1271 3977 αύτῷ,
1285 3899 1309 3955 εί
1323 3895 1459 3968 ἔκλαυσεν,
1475 3897 1533 3954 ἀλλ’
1546 3893 1602 3961 ἔθος
1615 3892 1661 3953 καί
1671 3900 1819 3975 τοῖς·προ-

143 3985 310 4064 uurrumrum
338 4016 403 4076 qua
429 3994 554 4052 dixistis.
573 3990 643 4048 Cum
667 3988 828 4068 oportuisset
853 3990 932 4050 illum
955 4014 989 4052 ex
1040 3990 1136 4072 ρήταις
1153 3990 1232 4068 μόνον
1244 3987 1424 4067 ἀπαγορεύειν,
1434 3988 1480 4046 καί
1496 3985 1532 4065 μὴ
1543 3984 1642 4065 λέγειν·
1655 3985 1699 4046 ἐὰν
1716 3985 1745 4045 δὲ
1759 3985 1819 4047 τόδε

67 4126 70 4132 ,
91 4092 214 4158 rivium,
245 4085 326 4145 corde
346 4081 530 4165 poeniteutiam
554 4099 632 4158 agere
652 4091 678 4137 et
703 4077 778 4152 llere,
808 4078 855 4138 ille
880 4081 989 4160 periun-
1004 4094 1022 4140 c
1039 4082 1166 4161 ποιήσῃς,
1180 4078 1381 4163 αυγγωρήσεταί
1396 4102 1450 4137 σοι·
1463 4079 1522 4138 ἀλλ’
1533 4077 1573 4137 ότι
1584 4078 1690 4147 πάντως
1709 4078 1816 4151 ἔσταιὴ

91 4156 146 4245 liii„
161 4156 236 4265 ΐέἓηι
246 4179 328 4237 etoric
344 4190 449 4236 tautum
468 4175 520 4232 hoc
539 4172 611 4231 fucit.
629 4173 660 4232 Si
668 4174 751 4252 sorte
772 4176 939 4233 remittatur
952 4181 988 4234 ti·
1012 4207 1023 4235 ι
1039 4175 1163 4257 τιμωρία.
1175 4174 1214 4234 Σὺ
1229 4174 1257 4234 δέ
1271 4197 1316 4252 μοι
1327 4171 1462 4247 θαύμασον
1477 4170 1521 4229 καὶ
1532 4175 1589 4239 πῶς
1603 4172 1630 4229 ἓν
1642 4171 1729 4251 κάιρῷ
1750 4195 1818 4249 συμ-

92 4271 154 4308 ¹⁰⁰⁸·
174 4259 181 4266 ⁸
245 4276 283 4330 hi.
297 4271 354 4327 Hoc
370 4268 477 4347 inquit,
492 4287 544 4323 non
567 4264 640 4342 quod
661 4285 714 4323 uon
734 4263 874 4323 remissum
895 4266 988 4326 fuisset
1039 4279 1120 4349 ρορῦς
1135 4272 1182 4328 οὒκ
1199 4269 1351 4344 ἀμελοῦσιν,
1366 4262 1434 4323 ἀλλά
1448 4269 1493 4322 τοῦ
1507 4262 1675 4342 κηρύγματος
1690 4262 1816 4346 ἔχονται·

242 4364 295 4439 itti,
307 4363 333 4421 si
349 4362 496 4442 plorasset3
508 4357 555 4416 sed
567 4377 625 4415 mos
641 4370 680 4415 est
694 4356 775 4415 etiam
792 4356 931 4437 prophetis
943 4380 987 4417 so-
1038 4360 1083 4419 καί
1095 4365 1151 4428 πῶς
1165 4358 1285 4436 καθάπερ
1300 4356 1343 4415 ἐπὶ
1354 4354 1489 4421 Μωῦσέως
1498 4352 1511 4385 l
1519 4354 1572 4414 ἀπδ
1583 4353 1747 4436 συγκρίσεως
1758 4354 1817 4434 tyt-

241 4459 299 4517 lum
312 4455 452 4533 denegare,
470 4472 517 4510 uec
530 4449 636 4508 dicere:
653 4450 682 4509 si
697 4463 785 4508 autem
806 4448 858 4508 hoc
878 4450 984 4527 seceris,
1037 4475 1096 4511 νετο
1109 4450 1142 4509 τδι
1161 4450 1295 4527 θαύματα·
1308 4447 1376 4507 ούτω
1392 4445 1424 4517 δὴ
1445 4447 1491 4505 καὶ
1504 4448 1625 4506 ἐνταῦθα.
1637 4445 1746 4526 Μαγεία
1765 4438 1819 4520 ἦν,

242 4546 437 4609 condonabitur
458 4542 527 4619 tibi3
551 4541 598 4600 sed
616 4541 726 4600 omuino
743 4542 863 4602 futuram
878 4547 985 4623 poetiam
1037 4542 1103 4601 οκαί
1113 4542 1186 4621 ὅμως
1200 4538 1300 4621 ρανερδι
1314 4544 1397 4596 ταῦτα
1408 4536 1442 4597 τδ
1453 4546 1553 4616 σημεῖα
1563 4528 1612 4610 ἦν,
1625 4538 1712 4598 καίτοι
1723 4539 1817 4599 οὐδένα

275 4731 376 4786 θὸανὶί.
389 4732 425 4781 sic
436 4726 526 4791 hohct,
544 4733 594 4780 ὅθεν
606 4747 645 4792 μοι
663 4729 721 4778 δοκεῖ
739 4725 823 4784 virosi
837 4731 946 4784 Φίλιππος
957 4738 1002 4777 τῶν
1051 4725 1128 4787 rosit,
1147 4738 1177 4772 ex
1195 4737 1300 4772 numero
1319 4729 1414 4785 septem
1435 4716 1601 4768 diaconorum
1622 4717 1706 4769 fuisse.
1730 4721 1819 4785 Quare

240 4822 300 4868 luris
311 4817 387 4866 εἶναιδ
400 4817 509 4878 sapam
522 4809 633 4875 δεύτερος,
646 4809 658 4856 ό
675 4808 699 4855 δὲ
718 4813 757 4856 τοῦ
776 4808 878 4871 εὐνοῦχον
891 4812 928 4857 τόν
943 4812 1001 4856 ἀπὸ·
1050 4793 1147 4852 Mor-elli
1161 4798 1294 4850 lectionem
1306 4810 1333 4849 ut
1344 4799 1479 4864 genuinum
1491 4795 1649 4848 retinuimus.

241 4899 319 4945 mlo„
331 4896 397 4951 dm,
413 4877 463 4952 quo
473 4881 630 4951 significetur
642 4879 785 4946 Philippum
796 4879 882 4946 illum3
894 4882 937 4946 qui
955 4880 1001 4943 sq·
1060 4880 1063 4884 ’
1082 4896 1093 4920 ⁸
1107 4877 1153 4928 Alii
1165 4891 1292 4948 προρήταις
1302 4885 1369 4931 τοῦτο
1381 4879 1537 4945 ἀπαγορεύειν.

240 4971 345 5019 utorium
356 4965 389 5017 od
405 4963 481 5015 iidem
491 4958 628 5025 convertit,
640 4975 672 5009 ex
683 4969 778 5025 septem
790 4960 878 5024 primis
887 4956 1001 5008 diaconis
1083 4960 1173 5010 bcum
1185 4961 1230 5022 ait,
1243 4954 1290 5007 sub
1309 4958 1396 5023 lloyse
1408 4953 1529 5003 miracula
1548 4962 1594 5007 ἀπὸ
1612 4961 1754 5024 συγκρίσεως,
1770 4971 1817 5020 per

238 5044 448 5109 esso„secun‹tum
465 5060 479 5091 α
491 5038 634 5106 Stephun05
646 5036 717 5088 illum
732 5053 791 5088 reru
802 5039 846 5104 qui
857 5035 1004 5088 eunuchum·
1051 5036 1276 5103 comparationem,
1288 5035 1355 5084 fucta
1365 5051 1426 5094 esse,
1442 5031 1468 5081 id
1480 5044 1528 5096 est,
1541 5048 1585 5097 per
1595 5034 1816 5096 comparutionem

237 5123 385 5193 baptizavit,
397 5120 611 5187 exspostolorum
624 5133 729 5170 numero
745 5115 828 5167 luisse.
846 5116 938 5168 htlroc
951 5133 997 5182 po·
1050 5135 1107 5168 cum
1126 5114 1252 5166 miraculis
1272 5132 1314 5180 per
1332 5129 1418 5178 magos
1429 5111 1564 5178 AEgyptios
1581 5112 1696 5176 putretis,
1709 5128 1738 5161 en
1754 5129 1816 5177 pro·

193 5198 197 5207 ¹
236 5203 552 5260 stremumomninostnre
572 5199 673 5265 nequit3
694 5199 746 5262 ipse
764 5195 1000 5263 numqueClrryso·
1050 5195 1176 5246 hahentur
1186 5210 1238 5243 esse
1251 5191 1449 5252 κατωρθοῦτο
1461 5186 1598 5253 proficisci.

233 5296 331 5338 stemus
341 5279 442 5333 homilia
457 5278 569 5344 sequenti
580 5278 624 5339 att,
636 5293 692 5327 eum
706 5278 748 5343 qui
760 5273 902 5326 eunuchum
917 5273 1000 5341 bapti·
1083 5290 1092 5312 ε
1105 5274 1175 5324 Unus
1190 5270 1254 5323 eod.
1269 5279 1305 5323 καὶ
1315 5275 1372 5322 οὕτω
1385 5276 1471 5339 ρανερὰ
1483 5277 1512 5319 τὰ
1525 5278 1607 5332 σημεῖα
1620 5273 1693 5320 ταῦτα
1706 5272 1741 5327 ἦν.
