3728 5978
234 367 303 443 502
572 393 602 441 s.
631 391 1167 450 sotuuucrrtsosa.anc111er.
1197 390 1467 441 σουετκιιτιινοε.

230 517 322 598 potius
332 535 415 595 qnam
425 535 460 576 ex
469 514 564 597 rapina
574 515 667 577 dicens
686 530 930 599 esssepeocatum,
954 528 980 575 et
1033 538 1102 584 τινες
1115 519 1168 575 τῶν
1182 517 1322 596 αίριτικῶν
1337 539 1427 597 φασιν,
1451 515 1520 576 ἀλλὰ
1541 521 1589 590 ιῆς
1611 516 1729 585 διανοίας
1747 517 1810 578 όντα

230 609 373 669 ostendens
387 628 440 668 non
454 629 598 686 excarne,
616 607 770 687 utquidam
790 608 981 669 haereticorum
1032 614 1081 690 τῆς
1101 619 1218 690 πονηράς
1243 608 1383 687 ἐπιθυμίας
1403 607 1667 692 diputationem,
1691 610 1739 669 καὶ
1761 611 1809 682 τὴν

232 699 344 772 dicunt,
357 699 404 759 sed
415 700 550 759 exanimo
561 714 588 760 ct
598 713 687 759 mente
699 700 776 760 maiae
790 700 981 781 concupiscen·
1033 701 1122 781 πηγὴν
1135 703 1233 761 ἐκεῖθεν
1247 693 1328 762 αθσαν
1341 706 1394 760 τῶν
1415 706 1516 760 κακῶν.
1529 701 1641 774 Ἐπειδὴ
1655 700 1709 782 γῖἀρ
1723 705 1738 761 θ
1754 708 1810 771 ναῦς

231 792 275 852 tiae
301 805 410 874 peecata
437 791 589 872 proficisci,
613 805 640 852 et
664 792 736 851 hunc
764 813 821 853 esse
844 792 980 852 malorum
1034 794 1161 874 ἀδόκιμος
1174 792 1381 873 γέγονε,πάντα
1402 792 1537 875 παρεσόρη
1551 793 1644 853 λοιπὸν
1666 793 1713 855 καὶ
1733 796 1811 854 ΙΙἀνε-

229 883 352 943 omnium
364 884 475 943 iontem.
486 884 631 965 Postquam
644 884 717 944 enim
730 906 804 944 mens
815 884 981 966 repmbaia-
997 893 1017 942 u
1033 884 1140 965 τράπη,
1161 891 1207 943 τοῦ
1231 885 1339 965 ἡνιόχου
1362 885 1558 967 διαφθαρέντος.
1579 876 1811 966 Πεπληρωμέναις

229 988 333 1055 cta-est,
346 974 442 1057 auriga
453 991 589 1057 corrupto,
599 977 690 1036 omnia
698 975 809 1035 demum
817 975 980 1035 labefactari·
1034 976 1107 1057 πόσῃ
1117 977 1222 1058 ἀδικίᾳ,
1234 976 1362 1059 πονηρίᾳ,
1373 976 1511 1057 πλεονεξίᾳ
1519 1022 1527 1050 ,
1535 976 1626 1059 κακίᾳ.
1636 976 1810 1058 Ὀραπάντα

229 1081 315 1129 tutet
328 1068 532 1128 subvertuntur.
547 1071 596 1130 99.
611 1071 747 1151 Repletos
767 1072 849 1127 omni
868 1072 981 1149 iniqui·
1036 1072 1093 1147 μετ’
1108 1068 1267 1136 ίπιτάσεως·
1282 1069 1328 1128 καὶ
1338 1068 1390 1149 γάρ
1402 1070 1633 1150 Πεπληρωμένους
1646 1060 1715 1129 εἶναί
1729 1094 1811 1150 φησι,

230 1173 304 1232 tate,
320 1165 453 1241 nequitia
460 1204 470 1233 ,
487 1166 630 1233 avaritia,
648 1162 777 1220 malitia.
792 1159 876 1234 Vide,
890 1159 980 1220 omnia
1033 1161 1079 1220 καλ
1092 1161 1182 1241 Πάση.
1196 1161 1349 1238 Ὀναμάσας
1362 1160 1391 1221 δὲ
1403 1165 1512 1242 γενικῶς
1522 1162 1570 1234 τὴν
1583 1162 1690 1235 κακίαν,
1699 1161 1746 1222 καλ
1757 1171 1811 1229 ταῖς

229 1251 390 1312 confertim:
407 1274 470 1313 nam
480 1255 614 1334 Repletos
626 1252 688 1313 illos
701 1252 780 1331 dicit,
791 1267 817 1312 et
830 1254 940 1321 Omni‚·
953 1265 980 1311 et
1035 1249 1140 1331 uipereo
1154 1251 1337 1333 ἐπεξέρχεται,
1351 1253 1396 1311 καὶ
1411 1252 1511 1322 τούτοις
1522 1257 1580 1332 μεθ’
1591 1254 1757 1336 θπερόολῆς,
1768 1254 1810 1314 λέ-

230 1363 294 1402 cum
312 1343 444 1404 malitiam
462 1345 598 1425 ingerere
617 1345 797 1416 nominasset,
808 1345 867 1424 jam
887 1356 978 1424 partes
1033 1366 1087 1421 γιον
1103 1343 1223 1411 Μεστοθς
1242 1343 1447 1425 φθόνου,φόνου.
1467 1348 1555 1405 Τοῦτο
1567 1344 1618 1426 γάρ
1645 1345 1674 1415 ἐξ
1693 1345 1809 1418 ἐκείνου,

230 1435 289 1516 ejus
301 1437 483 1518 prosequitur,
499 1451 525 1497 et
540 1437 589 1497 bas
601 1458 664 1497 cum
683 1436 832 1518 hyperbole
844 1481 852 1511 ,
865 1433 979 1506 dicem,
1033 1432 1177 1514 ῶσπερέπὶ
1194 1434 1330 1495 τοῶἏίίελ
1347 1434 1392 1494 καὶ
1411 1441 1457 1496 τοῦ
1481 1436 1581 1522 Ἰωσὴφ
1604 1437 1722 1518 ἐδείχθη.
1741 1429 1809 1497 bitu

230 1529 340 1590 Plenus
349 1533 474 1604 invidia,
490 1532 578 1592 ccede.
589 1531 647 1590 Hoc
660 1530 832 1591 enimex.illo
841 1528 937 1605 oritur,
949 1541 979 1587 ut
1033 1525 1124 1601 εἰπὼν,
1138 1528 1261 1609 Ἔριδας,
1276 1528 1368 1602 δολου,
1382 1530 1556 1604 κακοηθείας,
1569 1531 1740 1614 ψιθυριστάς,
1756 1554 1808 1591 κα-

230 1620 260 1681 in
274 1620 358 1682 Abele
368 1636 394 1682 et
407 1622 728 1705 inJosepbmonstratum
740 1635 789 1681 est.
803 1619 909 1680 Deinde
916 1640 979 1679 cum
1031 1621 1178 1695 ταλάλους,
1203 1627 1364 1702 θεοστυγεῖς,
1385 1621 1527 1702 θόριοτδις,
1548 1612 1594 1682 καί
1621 1622 1656 1682 rt
1682 1625 1808 1684 δοκοῦντα

229 1711 362 1791 dixisset,
378 1716 573 1775 Contentione
580 1760 591 1788 ,
605 1716 689 1792 dolo,
709 1715 913 1794 malignitate,
929 1712 976 1772 50.
1032 1713 1163 1795 ἀδιάφορα
1173 1704 1240 1775 εἶναι
1254 1717 1361 1782 πολλοῖς
1374 1717 1400 1774 ίν
1411 1713 1484 1783 τάξει
1496 1714 1548 1782 θείς
1562 1716 1751 1796 ἐγκλημάτων,
1760 1717 1809 1775 αθ·

230 1826 423 1879 susurrones,
449 1810 646 1881 detractores,
668 1809 733 1867 Deo
746 1827 887 1888 perosos,
904 1826 977 1866 con·
1034 1803 1071 1874 ξει
1085 1805 1166 1866 πάλιν
1185 1805 1233 1878 τἠν
1247 1806 1419 1886 κατηγορίαν,
1435 1805 1478 1866 tat
1491 1805 1538 1879 την
1550 1806 1694 1888 ἀκρόπολιν
1709 1808 1809 1876 daedi<

232 1900 419 1972 twneliosos,
436 1899 518 1960 etiam
541 1923 593 1977 ea,
609 1921 669 1980 quar
685 1900 780 1960 multis
796 1897 978 1959 indifferentia
995 1912 1014 1959 F.
1031 1901 1084 1958 τῶν
1102 1901 1202 1973 κακῶν,
1216 1896 1262 1958 καλ
1283 1897 1364 1958 εἰπὼν
1386 1897 1533 1967 Ἀλαζόνας.
1548 1902 1604 1959 Τοῦ
1618 1899 1671 1985 γάρ
1686 1901 1808 1983 ἁμαρτά-

230 2005 289 2048 esse
299 1988 438 2068 videntur,
454 1989 482 2050 in
499 1990 644 2051 criminum
656 1991 868 2073 ordineponens
875 2013 885 2068 ς
897 2004 978 2070 auget
1031 1991 1118 2053 τάνειν
1129 1990 1161 2050 τὸ
1174 1990 1220 2050 καί
1234 1989 1421 2072 ἁμαρτάνοντα
1433 1999 1536 2071 φρονεῖν
1551 1990 1637 2072 μίγα,
1649 1987 1807 2072 χαλεπώτε-

231 2103 325 2142 rursus
345 2081 558 2161 accusationem,
573 2096 719 2164 postquam
741 2083 769 2142 in
785 2104 874 2142 arcem
887 2082 977 2142 malo-
1034 2107 1093 2166 ρον·
1105 2084 1146 2145 διδ
1159 2084 1204 2143 καὶ
1213 2083 1359 2164 Κορινθίοις
1369 2083 1434 2142 αὐτὸ
1447 2085 1554 2161 ἐγκαλεῖ
1565 2085 1659 2164 λέγων,
1671 2085 1726 2146 Καί
1734 2091 1808 2165 ὑμεῖς

231 2194 295 2234 rum
307 2173 446 2250 ascendit,
468 2188 494 2234 et
507 2174 580 2234 dixit
595 2174 789 2257 Arrogantes.
805 2175 926 2236 Gravius
938 2187 979 2233 est
1032 2175 1227 2257 πεφυσιωμένοι
1242 2174 1312 2236 ἐστί.
1324 2177 1359 2235 Εἰ
1372 2174 1424 2256 γάρ
1445 2176 1489 2235 ἐπί
1508 2176 1698 2257 καταρθιίιματί
1707 2201 1747 2246 τις
1761 2202 1808 2259 φυ-

232 2265 304 2328 euim
331 2265 417 2351 altum
444 2287 536 2347 sapere
558 2282 618 2348 post
644 2281 801 2349 peccatum,
819 2287 903 2345 quam
917 2287 979 2347 pec-
1034 2267 1151 2347 σόιμενας
1174 2268 1205 2328 τὸ
1230 2278 1283 2328 πᾶν
1311 2266 1456 2340 άπόιλεαεν,
1479 2273 1495 2327 θ
1516 2270 1583 2348 μετὰ
1605 2270 1807 2350 ἁμαρτημάτων

232 2379 313 2419 care:
328 2356 389 2418 ideo
408 2358 562 2418 Corinthios
574 2359 679 2418 incusat
689 2359 732 2419 his
744 2359 852 2420 verbis:
869 2361 910 2417 Et
924 2379 979 2418 vos
1034 2366 1111 2421 τοῦτο
1125 2362 1218 2431 ποιῶν,
1232 2359 1317 2432 πόα-ης
1327 2363 1373 2420 οὐκ
1387 2359 1418 2418 ἀν
1441 2360 1482 2431 είη
1504 2360 1634 2443 τιμωρίας
1653 2361 1739 2437 ἄξιος,
1751 2362 1809 2422 οὐδὲ

232 2452 331 2535 inflati
340 2455 418 2511 estis.
431 2452 501 2510 Nam
513 2451 536 2511 si
545 2452 592 2531 qui
602 2452 637 2512 dc
647 2466 716 2511 recte
726 2453 797 2512 sacto
807 2450 976 2528 inflatusest‚
1034 2452 1086 2534 γάρ
1107 2456 1273 2530 μεταγνῶναι
1292 2452 1433 2524 δυνήσεται
1448 2453 1540 2512 λοιπόν
1561 2459 1575 2514 θ
1594 2457 1719 2522 τοιοῦτος.
1741 2445 1809 2514 Εἶτά

232 2559 320 2605 totum
332 2543 422 2626 perdit
438 2569 445 2603 ε
460 2544 583 2624 quicum
597 2545 911 2626 peccatisinssatur‚'quo
925 2564 979 2603 non
1035 2568 1123 2626 φησιν,
1137 2544 1298 2626 Ἐφευρετδις
1311 2551 1415 2606 κακῶν·
1435 2547 1531 2619 δηλῶν,
1544 2548 1585 2605 ὅτι
1605 2546 1663 2606 οὐδὲ
1685 2556 1740 2616 τοῖς
1758 2547 1808 2619 ἤδη

230 2636 331 2717 diguus
344 2636 427 2697 fue'rit
441 2636 597 2718 supplicio?
611 2637 658 2715 qui
669 2637 742 2697 enim
758 2636 822 2696 talis
835 2650 891 2713 est,
913 2634 980 2695 resi·
1033 2628 1106 2699 οθσιν
1120 2638 1296 2720 ἠρκέσθησαν,
1312 2639 1380 2699 ἀλλὰ
1395 2639 1440 2697 καί
1453 2643 1559 2720 ἐφεῦρον
1573 2637 1662 2718 ἕτερα·
1680 2638 1745 2722 θπερ
1757 2640 1810 2699 πά-

230 2729 334 2810 pisccre
347 2750 399 2789 non
413 2729 520 2810 poterit.
535 2728 641 2789 Deinde
654 2728 693 2789 ait
703 2774 713 2807 ,
725 2733 896 2788 Inventores
911 2748 978 2786 ma·
1033 2733 1074 2791 λιν
1090 2729 1260 2810 μελετώντων
1273 2722 1306 2804 ἦν
1320 2730 1365 2789 καί
1379 2731 1586 2803 σπουδαζόντων,
1602 2732 1661 2811 οὐχί
1673 2755 1809 2813 συναρπα·

231 2822 344 2898 iorum,
359 2821 516 2903 significans
531 2842 584 2881 non
603 2835 644 2881 sat
660 2820 726 2903 ipsis
739 2821 823 2880 iuisse
836 2819 884 2879 illa
898 2863 906 2894 ,
919 2840 979 2898 quae
1035 2822 1151 2904 ζαμάνων
1169 2823 1214 2882 καὶ
1235 2823 1469 2906 παρασυρομένων.
1486 2823 1578 2884 Εἰπὼν
1593 2823 1621 2882 δὲ
1643 2824 1715 2884 κατὰ
1731 2824 1810 2906 μέρος

229 2915 287 2996 jam
299 2915 462 2992 exstabant,
475 2913 522 2974 sed
536 2927 562 2974 et
575 2912 629 2972 alia
650 2911 784 2974 invenisse
799 2936 806 2970 ι
824 2910 899 2991 quod
921 2932 978 2971 me·
1033 2916 1081 2989 τλν
1097 2914 1203 2988 κακίαν,
1218 2915 1263 2975 καί
1279 2915 1377 2991 δείξας,
1392 2916 1432 2976 ότι
1443 2916 1565 2996 καὶπρὸς
1576 2917 1657 2989 αὐτὴν
1671 2917 1810 2989 πάλιντλν

232 3006 379 3067 ditantium
393 3021 419 3067 et
429 3007 597 3067 studentium
611 3019 685 3083 erat,
700 3006 748 3084 qui
762 3027 778 3067 a
793 3005 875 3064 nullis
890 2987 1023 3089 subii-'⁸54¹
1034 3007 1109 3092 φύσιν
1124 3008 1238 3080 ἔστησαν
1247 3010 1264 3089 (
1273 3011 1382 3069 Γανεῦσι
1405 3008 1466 3090 γὰρ,
1490 3010 1583 3092 φησιν,
1602 3013 1751 3085 ἀπειθεῖς),
1768 3010 1810 3071 ἐπὶ

232 3113 360 3181 pereottu
376 3113 402 3160 et
418 3099 624 3160 attraherentur.
651 3099 722 3165 Cum
735 3112 825 3158 autem
845 3097 978 3158 malitiam
1033 3101 1082 3173 τὴν
1095 3101 1168 3183 ῥίζαν
1179 3103 1271 3163 λοιπὸν
1281 3101 1385 3182 πρόεισι
1395 3107 1443 3174 τῆς
1452 3101 1581 3176 τοσαύτης
1592 3101 1692 3181 λύμης,
1706 3103 1811 3184 Ἀστόρ-

232 3192 388 3253 minutatim
397 3191 527 3270 dixisset,
543 3206 569 3250 ot
581 3190 741 3252 ostendisset
756 3190 829 3271 ipsos
842 3190 870 3249 in
884 3190 979 3250 eadem
1002 3236 1006 3241 1
1033 3216 1094 3276 γους
1107 3192 1153 3253 καλ
1177 3192 1321 3261 ἀσπόνδους
1339 3197 1437 3253 καλῶν.
1452 3193 1560 3268 Ταότην
1582 3193 1633 3274 γάρ
1647 3195 1721 3254 καλό
1741 3180 1809 3277 λίρι-

232 3285 290 3368 ipsa
312 3285 415 3345 stetisse
433 3298 527 3344 natura
549 3291 629 3359 (nam
649 3283 706 3361 ait,
723 3286 902 3343 Parentibus
922 3307 980 3344 non
1034 3285 1093 3352 στθς
1115 3285 1163 3359 τὴν
1186 3285 1272 3345 αἰτίαν
1296 3277 1364 3344 εἷναί
1386 3311 1450 3366 φησι
1474 3292 1522 3358 τῆς
1547 3287 1689 3368 πονηρίας,
1709 3287 1810 3366 λέγων·

231 3382 417 3456 obedientes),
430 3378 467 3438 ad
479 3378 561 3459 pestis
574 3392 654 3438 tantae
675 3375 793 3436 radicem
813 3377 852 3435 sic
868 3376 979 3437 demum
1034 3378 1119 3440 Ὅταν
1131 3381 1292 3458 πληθυνθῇὴ
1302 3379 1415 3456 ἀνομία,
1428 3381 1598 3460 Ιφινγιίμεταιή
1615 3381 1810 3461 ἀγάπηΤοῦτα

232 3473 337 3553 pergit,
349 3475 397 3532 st.
413 3473 655 3552 Sineajsectione
663 3515 672 3546 ‚
688 3471 920 3551 absquejoedere
934 3468 979 3529 di·
1033 3477 1094 3549 γοῦν
1104 3470 1151 3529 κοιλ
1160 3473 1273 3530 ἐνταῦθα
1284 3469 1355 3549 λέγει
1368 3475 1382 3530 ό
1394 3474 1513 3545 Παῦλος,
1526 3472 1692 3540 Ἀσυνθίταυς
1702 3474 1810 3555 ,ἀστόρ

233 3568 295 3626 cen's
304 3565 375 3625 illos.
390 3564 466 3624 Hanc
481 3564 591 3623 enimet
609 3564 733 3639 Christus
746 3584 853 3622 causam
865 3585 922 3623 esse
933 3585 979 3624 ne·
1033 3587 1109 3645 γους,
1125 3562 1283 3637 ἀσπόνδους,
1295 3564 1471 3642 ἀνελεήμονας
1489 3569 1586 3637 καλῶν,
1600 3566 1646 3626 καὶ
1657 3569 1755 3640 δηλῶν,
1770 3568 1809 3626 ότι

80 3678 171 3724 itaut.
183 3644 222 3742 εξ.
234 3656 326 3738 quitiae
336 3656 421 3718 dicit:
437 3658 511 3717 Cum
532 3657 726 3717 abundaverit
745 3659 907 3736 iniquitas,
930 3678 979 3715 re·
1034 3656 1080 3715 καί
1099 3655 1163 3715 αὐτὸ
1182 3654 1212 3714 τδ
1226 3660 1274 3728 τῆς
1294 3656 1395 3737 φύσεως
1408 3656 1565 3738 πραόδωκαν
1580 3659 1672 3737 δῶρον.
1690 3657 1809 3739 Ἐχομεν

84 3751 121 3784 ¹²·
226 3753 370 3838 frigescet
382 3755 493 3812 caritas
506 3751 675 3810 multotum.
688 3748 748 3809 Hoc
765 3749 901 3829 igiturbic
911 3750 979 3810 dicit
999 3766 1017 3813 Β
1035 3746 1139 3827 γάρκαὶ
1153 3748 1264 3827 φυσικήν
1275 3771 1335 3806 τινα
1343 3749 1407 3830 πρὸς
1420 3749 1549 3820 ἀλλήλους
1563 3749 1704 3822 οἰκείωσιν,
1717 3750 1749 3821 ἣν
1764 3750 1809 3808 καὶ

234 3848 350 3922 Paulus,
370 3849 604 3928 Incompositos‚
625 3849 690 3906 sine
702 3847 885 3928 effectione,
907 3849 977 3906 abs·
1036 3838 1115 3923 θηρία
1124 3840 1189 3923 πρὸς
1204 3840 1309 3912 ἄλληλα
1320 3839 1472 3914 κέκτηνται.
1486 3844 1546 3900 Πᾶν
1558 3840 1609 3923 γάρ
1624 3846 1700 3916 ζῶον,
1713 3842 1807 3924 φησὶν,

233 3963 290 4024 que
301 3943 432 4023 soedm,
454 3944 518 4000 sine
532 3940 733 3999 misericordia
754 3959 871 4016 vocans,
889 3952 979 3998 osten·
1035 3935 1128 4015 ἀγαπᾷ
1140 3933 1171 3993 τό
1190 3932 1279 4010 όμοιαν
1303 3937 1396 4007 αὑτοῦ,
1408 3933 1453 3993 καί
1474 3933 1610 4012 ἅνθρωπος
1630 3934 1675 3993 τόν
1697 3935 1809 4007 πλησίον

231 4020 351 4116 densque
366 4035 439 4118 ipsos
451 4033 509 4111 boc
518 4048 620 4094 naturae
634 4031 738 4092 donum
752 4029 914 4112 prodidisse.
926 4030 980 4090 Ha·
1035 4029 1121 4086 αὑτοῦ.
1137 4024 1205 4085 Ἀλλ’
1219 4015 1290 4085 οὗτοι
1308 4023 1436 4083 κάκείνων
1455 4024 1622 4097 κατέστησαν
1644 4023 1809 4106 ἀγριώτεροι.

232 4126 328 4188 bemus
335 4127 406 4188 enim
418 4126 568 4203 naturalem
578 4124 723 4204 quemdam
733 4122 768 4183 ad
784 4123 902 4183 invicem
914 4123 980 4182 affe·
1034 4116 1093 4187 Τὴν
1108 4115 1156 4197 μίν
1171 4107 1215 4177 ode
1236 4114 1312 4178 νόσον
1322 4115 1370 4190 τὴν
1391 4117 1445 4176 άπθ
1457 4121 1510 4176 τῶν
1524 4119 1646 4195 πονηρῶν
1670 4116 1810 4195 δογμάτων

78 4223 153 4272 recti.
184 4224 220 4272 13·
232 4233 315 4297 ctum,
326 4233 357 4279 ut
366 4233 392 4279 et
401 4219 465 4300 ipsa
475 4220 536 4277 t'erae
543 4217 654 4276 babent.
667 4218 746 4275 Nam
758 4236 842 4274 omne
852 4215 978 4288 animal,
1034 4212 1068 4288 τῇ
1079 4208 1220 4289 οἰκουμένῃ
1234 4207 1376 4288 γενομένην
1386 4207 1429 4267 διδ
1448 4207 1545 4270 τούτων
1557 4215 1622 4288 ἡμῖν
1645 4207 1810 4287 παρέστησε,

82 4297 119 4345 '⁹'
232 4312 338 4392 inquit,
352 4316 410 4372 sibi
421 4313 518 4371 simile
532 4311 648 4391 diligit,
665 4311 793 4368 ethome
813 4313 979 4388 proximum
1035 4301 1081 4360 καλ
1093 4305 1183 4380 σαφῶς
1199 4299 1279 4369 ἔδειξε
1300 4303 1349 4370 τῆς
1366 4304 1418 4359 τῶν
1442 4298 1587 4360 νοαοόντων
1611 4299 1741 4381 ῥᾳθυμίας
1763 4299 1810 4371 τὴν

231 4403 327 4465 suum,
337 4406 372 4463 At
379 4404 420 4463 illi
434 4402 498 4462 seris
511 4401 652 4460 ferociores
663 4400 747 4458 suere.
758 4399 887 4458 Morbum
895 4399 981 4479 igitur
1036 4390 1184 4474 ἀρρωστίαν
1198 4381 1297 4451 Ιὀὖσαν
1312 4389 1448 4473 ἑκατέραν.
1462 4391 1587 4452 Δείκνυαι
1597 4390 1626 4452 δὲ
1634 4393 1737 4466 λοιπὸν,
1747 4390 1812 4470 ὅπερ

232 4493 281 4573 qni
291 4513 330 4552 ex
339 4491 433 4575 pravis
445 4489 619 4570 dogmatibus
634 4489 728 4548 orbem
742 4487 857 4565 invasit,
871 4487 915 4547 his
932 4509 980 4548 no·
1035 4484 1080 4544 ίπὶ
1094 4488 1147 4543 τῶν
1171 4483 1309 4562 δογμάτων
1325 4482 1450 4556 ἐποίησε,
1464 4482 1510 4543 καί
1528 4486 1638 4543 ἐνταῦθα
1654 4481 1813 4564 συγγνώμης

231 4584 276 4646 bis
286 4583 423 4662 ostendit,
443 4596 470 4642 et
483 4579 632 4641 declaravit
647 4593 792 4657 utrumque
805 4579 931 4638 morbum
946 4598 982 4638 ex
1036 4573 1128 4642 αθτοθς
1148 4573 1393 4654 ἀπεστερημένους·
1408 4574 1449 4634 διό
1474 4597 1568 4654 φησιν·
1590 4572 1695 4642 Οίτινες
1715 4575 1746 4633 τὸ
1772 4575 1813 4634 δι-

232 4699 368 4759 aegrorum
382 4675 544 4756 negligentia
555 4672 672 4756 prodire.
690 4672 833 4752 Significat
849 4672 978 4750 demum,
1035 4666 1144 4746 καίωμα
1153 4674 1199 4727 τοῦ
1215 4670 1285 4727 Θεοῦ
1300 4666 1396 4732 εἰδότες
1407 4666 1461 4740 ,ότι
1472 4669 1496 4727 ot
1509 4667 1543 4726 τδι
1557 4673 1668 4727 τοιαῦτα
1677 4668 1813 4749 πράσσον-

232 4786 262 4832 ut
274 4772 309 4833 de
322 4770 496 4853 dogmatibus
512 4769 570 4850 jam
584 4769 698 4843 iecerat,
714 4767 795 4826 etiam
817 4767 880 4826 illos
899 4767 978 4827 venia
997 4787 1015 4835 c
1035 4785 1077 4829 τις
1098 4760 1165 4830 ἄξιοι
1188 4760 1299 4820 θανάτου
1325 4759 1400 4832 εἰσίν,
1423 4761 1452 4820 αθ
1475 4760 1553 4838 μόνον
1568 4760 1662 4819 ἀὐτοί
1684 4768 1812 4830 ποιοῦσιν,

231 4886 341 4942 carere3
361 4863 422 4924 ideo
436 4862 474 4922 ait
490 4885 497 4919 ε
512 4863 560 4922 52.
584 4861 720 4941 Quicum
730 4860 978 4942 justificationem
1035 4853 1104 4916 ἀλλδι
1118 4852 1354 4912 καλαυνευδοκαῦσι
1368 4861 1422 4918 τοῖς
1437 4851 1592 4932 πράττουσι.
1617 4851 1672 4911 ato
1690 4852 1744 4919 θεὶς
1767 4856 1812 4910 άν-

232 4959 291 5018 Det
306 4967 530 5039 cognoscerent,
547 4956 687 5034 quoniam
704 4956 755 5033 qui
772 4952 849 5011 talia
868 4965 974 5033 agunt,
1033 4947 1159 5019 τιθίαεις,
1172 4945 1285 5003 ἐνταῦθα
1299 4947 1400 5004 ἀνεῖλεν
1421 4943 1572 5024 ἀμφοτέρας
1584 4944 1665 5012 abab<
1677 4969 1811 5026 προηγου·

264 5140 277 5168 ⁸
294 5126 341 5177 Δίἰἰ
351 5127 360 5193 [
370 5130 400 5178 Α.
412 5138 438 5178 ct
450 5143 529 5194 marg.
543 5123 621 5175 Savil.
633 5125 642 5190 ]
654 5131 802 5196 παρετράπη.
1081 5120 1093 5144 ⁴
1112 5124 1156 5188 [Α.
1169 5126 1241 5183 αὐτά,
1255 5128 1282 5170 ut
1293 5116 1361 5169 Edit.
1375 5115 1439 5170 bibi.
1452 5118 1600 5184 prestant]

266 5209 280 5247 θ
298 5205 344 5258 atti
352 5210 418 5261 οὖσαν
430 5211 551 5279 inerepas,
563 5221 618 5272 qna
630 5202 704 5253 lectio
716 5218 766 5253 uon
778 5200 853 5252 mala.
