<?xml version="1.0" encoding="UTF-8"?>
<!DOCTYPE html PUBLIC "-//W3C//DTD XHTML 1.0 Transitional//EN"
    "http://www.w3.org/TR/xhtml1/DTD/xhtml1-transitional.dtd">
<html xmlns="http://www.w3.org/1999/xhtml" xml:lang="en" lang="en">
 <head>
  <title>
</title>
<meta http-equiv="Content-Type" content="text/html;charset=utf-8" />
  <meta name='ocr-system' content='tesseract 3.04.00' />
  <meta name='ocr-capabilities' content='ocr_page ocr_carea ocr_par ocr_line ocrx_word'/>
</head>
<body>
  <div class='ocr_page' id='page_1' title='image "./sanctipatrisnos01chrygoog_0511.png"; bbox 0 0 3728 5978; ppageno 0'>
   <div class='ocr_carea' id='block_1_1' title="bbox 52 414 1280 511">
    <p class='ocr_par' dir='ltr' id='par_1_1' title="bbox 52 414 1280 511">
     <span class='ocr_line' id='line_1_1' title="bbox 52 414 1280 511; baseline -0.016 -22"><span class='ocrx_word' id='word_1_1' title='bbox 52 414 125 511; x_wconf 73' lang='lat'><strong>466</strong></span> <span class='ocrx_word' id='word_1_2' title='bbox 393 433 424 483; x_wconf 85' lang='lat' dir='ltr'><strong>s.</strong></span> <span class='ocrx_word' id='word_1_3' title='bbox 450 429 590 479; x_wconf 76' lang='lat' dir='ltr'><strong>soaunrs</strong></span> <span class='ocrx_word' id='word_1_4' title='bbox 615 425 797 476; x_wconf 85' lang='lat' dir='ltr'><strong>cunrsosr.</strong></span> <span class='ocrx_word' id='word_1_5' title='bbox 825 425 981 474; x_wconf 72' lang='lat' dir='ltr'><strong>incursu.</strong></span> <span class='ocrx_word' id='word_1_6' title='bbox 1010 422 1280 473; x_wconf 79' lang='lat' dir='ltr'><strong>cousrnurmon.</strong></span> 
     </span>
    </p>
   </div>
   <div class='ocr_carea' id='block_1_2' title="bbox 1 543 1656 4879">
    <p class='ocr_par' dir='ltr' id='par_1_2' title="bbox 1 543 1656 4879">
     <span class='ocr_line' id='line_1_2' title="bbox 54 543 1615 638; baseline -0.012 -14"><span class='ocrx_word' id='word_1_7' title='bbox 54 580 149 625; x_wconf 83' lang='lat' dir='ltr'><strong>nomeu</strong></span> <span class='ocrx_word' id='word_1_8' title='bbox 162 579 240 618; x_wconf 91' lang='lat' dir='ltr'><strong>suum</strong></span> <span class='ocrx_word' id='word_1_9' title='bbox 255 555 388 638; x_wconf 82' lang='lat' dir='ltr'><strong>apposuit,</strong></span> <span class='ocrx_word' id='word_1_10' title='bbox 406 574 493 635; x_wconf 83' lang='lat' dir='ltr'><strong>noque</strong></span> <span class='ocrx_word' id='word_1_11' title='bbox 506 552 549 615; x_wconf 87' lang='lat' dir='ltr'><strong>illi</strong></span> <span class='ocrx_word' id='word_1_12' title='bbox 564 551 611 632; x_wconf 91' lang='lat' dir='ltr'><strong>qui</strong></span> <span class='ocrx_word' id='word_1_13' title='bbox 626 572 668 610; x_wconf 88' lang='lat' dir='ltr'><strong>res</strong></span> <span class='ocrx_word' id='word_1_14' title='bbox 681 562 741 631; x_wconf 89' lang='lat' dir='ltr'><strong>post</strong></span> <span class='ocrx_word' id='word_1_15' title='bbox 754 549 787 608; x_wconf 91' lang='lat' dir='ltr'><strong>il·</strong></span> <span class='ocrx_word' id='word_1_16' title='bbox 839 548 870 608; x_wconf 85' lang='grc' dir='ltr'><strong>τδ</strong></span> <span class='ocrx_word' id='word_1_17' title='bbox 880 546 963 628; x_wconf 75' lang='grc' dir='ltr'><strong>ὄνομα</strong></span> <span class='ocrx_word' id='word_1_18' title='bbox 983 547 1020 608; x_wconf 75' lang='grc' dir='ltr'><strong>σθ’</strong></span> <span class='ocrx_word' id='word_1_19' title='bbox 1034 551 1128 609; x_wconf 75' lang='grc' dir='ltr'><strong>ἑαυτοῦ</strong></span> <span class='ocrx_word' id='word_1_20' title='bbox 1139 546 1264 623; x_wconf 72' lang='grc' dir='ltr'><strong>τέθεικεν,</strong></span> <span class='ocrx_word' id='word_1_21' title='bbox 1277 543 1334 606; x_wconf 75' lang='grc' dir='ltr'><strong>οῦδὲ</strong></span> <span class='ocrx_word' id='word_1_22' title='bbox 1345 545 1370 605; x_wconf 84' lang='lat' dir='ltr'><strong>ol</strong></span> <span class='ocrx_word' id='word_1_23' title='bbox 1388 547 1448 623; x_wconf 87' lang='grc' dir='ltr'><strong>μετ’</strong></span> <span class='ocrx_word' id='word_1_24' title='bbox 1469 547 1568 605; x_wconf 73' lang='grc' dir='ltr'><strong>ἐκεῖνον</strong></span> <span class='ocrx_word' id='word_1_25' title='bbox 1583 543 1615 605; x_wconf 68' lang='lat' dir='ltr'><strong>th</strong></span> 
     </span>
     <span class='ocr_line' id='line_1_3' title="bbox 51 635 1614 729; baseline -0.008 -20"><span class='ocrx_word' id='word_1_26' title='bbox 51 649 109 709; x_wconf 92' lang='lat' dir='ltr'><strong>lum</strong></span> <span class='ocrx_word' id='word_1_27' title='bbox 120 660 204 729; x_wconf 76' lang='lat' dir='ltr'><strong>gestas</strong></span> <span class='ocrx_word' id='word_1_28' title='bbox 215 645 377 726; x_wconf 89' lang='lat' dir='ltr'><strong>scripserunt</strong></span> <span class='ocrx_word' id='word_1_29' title='bbox 393 640 462 704; x_wconf 82' lang='lat' dir='ltr'><strong>:sod</strong></span> <span class='ocrx_word' id='word_1_30' title='bbox 475 662 560 720; x_wconf 87' lang='lat' dir='ltr'><strong>neque</strong></span> <span class='ocrx_word' id='word_1_31' title='bbox 572 637 728 714; x_wconf 78' lang='lat' dir='ltr'><strong>Matthaeus,</strong></span> <span class='ocrx_word' id='word_1_32' title='bbox 742 659 788 697; x_wconf 88' lang='lat' dir='ltr'><strong>ne·</strong></span> <span class='ocrx_word' id='word_1_33' title='bbox 841 643 899 718; x_wconf 81' lang='grc' dir='ltr'><strong>μετ’</strong></span> <span class='ocrx_word' id='word_1_34' title='bbox 925 644 1024 702; x_wconf 78' lang='grc' dir='ltr'><strong>ἐκεῖνον</strong></span> <span class='ocrx_word' id='word_1_35' title='bbox 1046 638 1197 713; x_wconf 86' lang='grc' dir='ltr'><strong>συνθίντις,</strong></span> <span class='ocrx_word' id='word_1_36' title='bbox 1219 640 1278 700; x_wconf 84' lang='grc' dir='ltr'><strong>ἀλλ’</strong></span> <span class='ocrx_word' id='word_1_37' title='bbox 1301 638 1360 698; x_wconf 79' lang='grc' dir='ltr'><strong>οὐδὲ</strong></span> <span class='ocrx_word' id='word_1_38' title='bbox 1381 640 1536 711; x_wconf 84' lang='grc' dir='ltr'><strong>Πατθαῑος,</strong></span> <span class='ocrx_word' id='word_1_39' title='bbox 1558 635 1614 697; x_wconf 68' lang='lat' dir='ltr'><strong>atet</strong></span> 
     </span>
     <span class='ocr_line' id='line_1_4' title="bbox 51 716 1614 822; baseline -0.006 -21"><span class='ocrx_word' id='word_1_40' title='bbox 51 762 103 822; x_wconf 85' lang='lat' dir='ltr'><strong>que</strong></span> <span class='ocrx_word' id='word_1_41' title='bbox 117 743 240 817; x_wconf 86' lang='lat' dir='ltr'><strong>loannes,</strong></span> <span class='ocrx_word' id='word_1_42' title='bbox 256 738 445 812; x_wconf 88' lang='lat' dir='ltr'><strong>uonMareus,</strong></span> <span class='ocrx_word' id='word_1_43' title='bbox 461 756 514 794; x_wconf 91' lang='lat' dir='ltr'><strong>non</strong></span> <span class='ocrx_word' id='word_1_44' title='bbox 533 736 629 794; x_wconf 86' lang='lat' dir='ltr'><strong>Lucas.</strong></span> <span class='ocrx_word' id='word_1_45' title='bbox 643 735 679 791; x_wconf 82' lang='lat' dir='ltr'><strong>ht</strong></span> <span class='ocrx_word' id='word_1_46' title='bbox 692 731 788 791; x_wconf 81' lang='lat' dir='ltr'><strong>beatus</strong></span> <span class='ocrx_word' id='word_1_47' title='bbox 840 731 984 807; x_wconf 78' lang='grc' dir='ltr'><strong>Ἰωάννης,</strong></span> <span class='ocrx_word' id='word_1_48' title='bbox 1015 737 1045 794; x_wconf 80' lang='grc' dir='ltr'><strong>οὐ</strong></span> <span class='ocrx_word' id='word_1_49' title='bbox 1058 716 1188 814; x_wconf 81' lang='grc' dir='ltr'><strong>Πάριος,</strong></span> <span class='ocrx_word' id='word_1_50' title='bbox 1217 733 1247 792; x_wconf 80' lang='grc' dir='ltr'><strong>οὗ</strong></span> <span class='ocrx_word' id='word_1_51' title='bbox 1267 730 1460 800; x_wconf 51' lang='lat' dir='ltr'><strong>hathawi</strong></span> <span class='ocrx_word' id='word_1_52' title='bbox 1486 730 1614 812; x_wconf 82' lang='grc' dir='ltr'><strong>μακάριος</strong></span> 
     </span>
     <span class='ocr_line' id='line_1_5' title="bbox 51 823 1616 910; baseline -0.004 -19"><span class='ocrx_word' id='word_1_53' title='bbox 51 831 150 891; x_wconf 86' lang='lat' dir='ltr'><strong>Paulus</strong></span> <span class='ocrx_word' id='word_1_54' title='bbox 165 829 289 891; x_wconf 89' lang='lat' dir='ltr'><strong>omuibus</strong></span> <span class='ocrx_word' id='word_1_55' title='bbox 303 826 492 910; x_wconf 79' lang='lat' dir='ltr'><strong>epistolissuis</strong></span> <span class='ocrx_word' id='word_1_56' title='bbox 508 846 604 885; x_wconf 87' lang='lat' dir='ltr'><strong>nomen</strong></span> <span class='ocrx_word' id='word_1_57' title='bbox 619 846 698 886; x_wconf 90' lang='lat' dir='ltr'><strong>suum</strong></span> <span class='ocrx_word' id='word_1_58' title='bbox 714 845 787 905; x_wconf 69' lang='grc' dir='ltr'><strong>[ιτα-</strong></span> <span class='ocrx_word' id='word_1_59' title='bbox 840 826 948 895; x_wconf 82' lang='grc' dir='ltr'><strong>Παῦλος</strong></span> <span class='ocrx_word' id='word_1_60' title='bbox 966 832 1104 909; x_wconf 83' lang='grc' dir='ltr'><strong>πανταχυῦ</strong></span> <span class='ocrx_word' id='word_1_61' title='bbox 1129 830 1183 886; x_wconf 82' lang='grc' dir='ltr'><strong>τῶν</strong></span> <span class='ocrx_word' id='word_1_62' title='bbox 1211 828 1356 888; x_wconf 76' lang='grc' dir='ltr'>ἐπιστολῶν</span> <span class='ocrx_word' id='word_1_63' title='bbox 1371 826 1451 886; x_wconf 79' lang='grc' dir='ltr'><strong>αὐτοῦ</strong></span> <span class='ocrx_word' id='word_1_64' title='bbox 1479 823 1512 884; x_wconf 85' lang='grc' dir='ltr'><strong>τδ</strong></span> <span class='ocrx_word' id='word_1_65' title='bbox 1535 823 1616 904; x_wconf 72' lang='grc' dir='ltr'><strong>ὄνομα</strong></span> 
     </span>
     <span class='ocr_line' id='line_1_6' title="bbox 50 914 1615 1005; baseline -0.004 -24"><span class='ocrx_word' id='word_1_66' title='bbox 50 920 273 1005; x_wconf 57' lang='grc' dir='ltr'><strong>ιιιίιιίῐρριιοιοθ</strong></span> <span class='ocrx_word' id='word_1_67' title='bbox 288 919 360 992; x_wconf 88' lang='lat' dir='ltr'><strong>Quin</strong></span> <span class='ocrx_word' id='word_1_68' title='bbox 375 917 417 978; x_wconf 90' lang='lat' dir='ltr'><strong>illi</strong></span> <span class='ocrx_word' id='word_1_69' title='bbox 433 917 609 999; x_wconf 84' lang='lat' dir='ltr'><strong>praesentibus</strong></span> <span class='ocrx_word' id='word_1_70' title='bbox 621 916 785 996; x_wconf 86' lang='lat' dir='ltr'><strong>scribebant,</strong></span> <span class='ocrx_word' id='word_1_71' title='bbox 843 919 1101 1003; x_wconf 68' lang='lat' dir='ltr'><strong>ahw&#39;i‘aporlhqat.</strong></span> <span class='ocrx_word' id='word_1_72' title='bbox 1110 919 1148 981; x_wconf 90' lang='grc' dir='ltr'><strong>Τί</strong></span> <span class='ocrx_word' id='word_1_73' title='bbox 1167 917 1357 995; x_wconf 67' lang='grc' dir='ltr'><strong>δήποτειὍτι</strong></span> <span class='ocrx_word' id='word_1_74' title='bbox 1370 921 1467 979; x_wconf 79' lang='grc' dir='ltr'><strong>ἀκεῖνοι</strong></span> <span class='ocrx_word' id='word_1_75' title='bbox 1494 914 1543 995; x_wconf 70' lang='grc' dir='ltr'><strong>μὲν</strong></span> <span class='ocrx_word' id='word_1_76' title='bbox 1563 939 1615 975; x_wconf 88' lang='grc' dir='ltr'><strong>πα-</strong></span> 
     </span>
     <span class='ocr_line' id='line_1_7' title="bbox 49 986 1615 1095; baseline -0.003 -20"><span class='ocrx_word' id='word_1_77' title='bbox 49 1027 75 1075; x_wconf 88' lang='lat' dir='ltr'><strong>et</strong></span> <span class='ocrx_word' id='word_1_78' title='bbox 88 986 183 1075; x_wconf 51' lang='lat' dir='ltr'><strong>inuh</strong></span> <span class='ocrx_word' id='word_1_79' title='bbox 194 1013 288 1073; x_wconf 84' lang='lat' dir='ltr'><strong>suisset</strong></span> <span class='ocrx_word' id='word_1_80' title='bbox 302 1025 483 1093; x_wconf 81' lang='lat' dir='ltr'><strong>sepraesentes</strong></span> <span class='ocrx_word' id='word_1_81' title='bbox 495 1009 630 1071; x_wconf 86' lang='lat' dir='ltr'><strong>declarare</strong></span> <span class='ocrx_word' id='word_1_82' title='bbox 644 1033 654 1088; x_wconf 78' lang='lat'>5</span> <span class='ocrx_word' id='word_1_83' title='bbox 667 1009 712 1070; x_wconf 91' lang='lat' dir='ltr'><strong>hic</strong></span> <span class='ocrx_word' id='word_1_84' title='bbox 723 1029 788 1070; x_wconf 83' lang='lat' dir='ltr'><strong>vero</strong></span> <span class='ocrx_word' id='word_1_85' title='bbox 844 1020 930 1093; x_wconf 86' lang='grc' dir='ltr'><strong>ροῦσιν</strong></span> <span class='ocrx_word' id='word_1_86' title='bbox 951 1011 1075 1095; x_wconf 73' lang='grc' dir='ltr'><strong>ἔγραφον,</strong></span> <span class='ocrx_word' id='word_1_87' title='bbox 1102 1012 1148 1072; x_wconf 85' lang='grc' dir='ltr'><strong>καί</strong></span> <span class='ocrx_word' id='word_1_88' title='bbox 1178 1012 1300 1093; x_wconf 82' lang='grc' dir='ltr'><strong>περισιδν</strong></span> <span class='ocrx_word' id='word_1_89' title='bbox 1321 1003 1354 1084; x_wconf 73' lang='grc' dir='ltr'><strong>ἦν</strong></span> <span class='ocrx_word' id='word_1_90' title='bbox 1370 1008 1491 1078; x_wconf 77' lang='grc' dir='ltr'><strong>’άαοτοδς</strong></span> <span class='ocrx_word' id='word_1_91' title='bbox 1520 1011 1615 1083; x_wconf 80' lang='grc' dir='ltr'><strong>δηλοῦν</strong></span> 
     </span>
     <span class='ocr_line' id='line_1_8' title="bbox 48 1095 1617 1188; baseline -0.003 -22"><span class='ocrx_word' id='word_1_92' title='bbox 48 1106 241 1188; x_wconf 56' lang='grc' dir='ltr'><strong>ριοσᾴίίιοτοε</strong></span> <span class='ocrx_word' id='word_1_93' title='bbox 250 1104 375 1167; x_wconf 86' lang='lat' dir='ltr'><strong>mittebat</strong></span> <span class='ocrx_word' id='word_1_94' title='bbox 384 1103 504 1186; x_wconf 73' lang='lat' dir='ltr'><strong>epistola</strong></span> <span class='ocrx_word' id='word_1_95' title='bbox 514 1103 600 1163; x_wconf 81' lang='lat' dir='ltr'><strong>forma</strong></span> <span class='ocrx_word' id='word_1_96' title='bbox 610 1127 617 1160; x_wconf 82' lang='grc' dir='ltr'><strong>ι</strong></span> <span class='ocrx_word' id='word_1_97' title='bbox 627 1115 789 1186; x_wconf 83' lang='lat' dir='ltr'><strong>quapropter</strong></span> <span class='ocrx_word' id='word_1_98' title='bbox 842 1103 990 1186; x_wconf 76' lang='grc' dir='ltr'><strong>παρόντας·</strong></span> <span class='ocrx_word' id='word_1_99' title='bbox 1003 1095 1076 1172; x_wconf 68' lang='grc' dir='ltr'><strong>οὗτος</strong></span> <span class='ocrx_word' id='word_1_100' title='bbox 1090 1103 1120 1164; x_wconf 74' lang='grc' dir='ltr'><strong>δὲ</strong></span> <span class='ocrx_word' id='word_1_101' title='bbox 1132 1103 1176 1164; x_wconf 80' lang='grc' dir='ltr'><strong>διά</strong></span> <span class='ocrx_word' id='word_1_102' title='bbox 1187 1108 1289 1187; x_wconf 88' lang='grc' dir='ltr'><strong>μακροῦ</strong></span> <span class='ocrx_word' id='word_1_103' title='bbox 1297 1104 1332 1164; x_wconf 79' lang='grc' dir='ltr'><strong>τά</strong></span> <span class='ocrx_word' id='word_1_104' title='bbox 1342 1101 1494 1184; x_wconf 81' lang='grc' dir='ltr'><strong>γράμματα</strong></span> <span class='ocrx_word' id='word_1_105' title='bbox 1509 1100 1617 1179; x_wconf 83' lang='grc' dir='ltr'><strong>διεπίμ·</strong></span> 
     </span>
     <span class='ocr_line' id='line_1_9' title="bbox 49 1188 1617 1277; baseline -0.005 -17"><span class='ocrx_word' id='word_1_106' title='bbox 49 1188 196 1260; x_wconf 72' lang='lat' dir='ltr'><strong>necensiria</strong></span> <span class='ocrx_word' id='word_1_107' title='bbox 208 1212 265 1258; x_wconf 84' lang='lat' dir='ltr'><strong>crat</strong></span> <span class='ocrx_word' id='word_1_108' title='bbox 277 1197 393 1259; x_wconf 89' lang='lat' dir='ltr'><strong>nominis</strong></span> <span class='ocrx_word' id='word_1_109' title='bbox 406 1196 520 1257; x_wconf 87' lang='lat' dir='ltr'><strong>additio.</strong></span> <span class='ocrx_word' id='word_1_110' title='bbox 537 1197 567 1258; x_wconf 93' lang='lat' dir='ltr'><strong>Si</strong></span> <span class='ocrx_word' id='word_1_111' title='bbox 581 1210 670 1257; x_wconf 83' lang='lat' dir='ltr'><strong>autem</strong></span> <span class='ocrx_word' id='word_1_112' title='bbox 682 1196 709 1255; x_wconf 91' lang='lat' dir='ltr'><strong>iu</strong></span> <span class='ocrx_word' id='word_1_113' title='bbox 720 1194 789 1277; x_wconf 85' lang='lat' dir='ltr'><strong>Epi·</strong></span> <span class='ocrx_word' id='word_1_114' title='bbox 842 1216 924 1271; x_wconf 88' lang='grc' dir='ltr'><strong>πετο,</strong></span> <span class='ocrx_word' id='word_1_115' title='bbox 944 1197 990 1258; x_wconf 82' lang='grc' dir='ltr'><strong>καί</strong></span> <span class='ocrx_word' id='word_1_116' title='bbox 1010 1200 1037 1257; x_wconf 76' lang='grc' dir='ltr'><strong>ἐν</strong></span> <span class='ocrx_word' id='word_1_117' title='bbox 1051 1199 1194 1267; x_wconf 77' lang='grc' dir='ltr'><strong>ἐπιστολῆς</strong></span> <span class='ocrx_word' id='word_1_118' title='bbox 1209 1194 1346 1277; x_wconf 79' lang='grc' dir='ltr'><strong>σχήματι·</strong></span> <span class='ocrx_word' id='word_1_119' title='bbox 1360 1194 1401 1255; x_wconf 82' lang='grc' dir='ltr'><strong>διὸ</strong></span> <span class='ocrx_word' id='word_1_120' title='bbox 1417 1192 1465 1255; x_wconf 82' lang='grc' dir='ltr'><strong>καί</strong></span> <span class='ocrx_word' id='word_1_121' title='bbox 1485 1191 1617 1274; x_wconf 68' lang='grc' dir='ltr'><strong>ἀναγκαία</strong></span> 
     </span>
     <span class='ocr_line' id='line_1_10' title="bbox 50 1277 1617 1370; baseline -0.005 -18"><span class='ocrx_word' id='word_1_122' title='bbox 50 1290 119 1353; x_wconf 86' lang='lat' dir='ltr'><strong>stola</strong></span> <span class='ocrx_word' id='word_1_123' title='bbox 128 1289 165 1355; x_wconf 86' lang='lat' dir='ltr'><strong>ad</strong></span> <span class='ocrx_word' id='word_1_124' title='bbox 173 1290 299 1363; x_wconf 83' lang='lat' dir='ltr'><strong>Hebraeos</strong></span> <span class='ocrx_word' id='word_1_125' title='bbox 310 1289 340 1350; x_wconf 95' lang='lat' dir='ltr'><strong>id</strong></span> <span class='ocrx_word' id='word_1_126' title='bbox 348 1311 401 1349; x_wconf 93' lang='lat' dir='ltr'><strong>non</strong></span> <span class='ocrx_word' id='word_1_127' title='bbox 411 1289 501 1367; x_wconf 87' lang='lat' dir='ltr'><strong>faciat,</strong></span> <span class='ocrx_word' id='word_1_128' title='bbox 513 1288 659 1370; x_wconf 85' lang='lat' dir='ltr'><strong>prudenter</strong></span> <span class='ocrx_word' id='word_1_129' title='bbox 667 1303 693 1349; x_wconf 90' lang='lat' dir='ltr'><strong>et</strong></span> <span class='ocrx_word' id='word_1_130' title='bbox 702 1287 789 1348; x_wconf 91' lang='lat' dir='ltr'><strong>consi-</strong></span> <span class='ocrx_word' id='word_1_131' title='bbox 842 1277 874 1360; x_wconf 76' lang='lat' dir='ltr'><strong>ils</strong></span> <span class='ocrx_word' id='word_1_132' title='bbox 896 1292 913 1360; x_wconf 73' lang='grc' dir='ltr'>ἡ</span> <span class='ocrx_word' id='word_1_133' title='bbox 940 1293 985 1350; x_wconf 88' lang='grc' dir='ltr'><strong>τοῦ</strong></span> <span class='ocrx_word' id='word_1_134' title='bbox 1009 1288 1136 1366; x_wconf 84' lang='grc' dir='ltr'><strong>ὀνόματος</strong></span> <span class='ocrx_word' id='word_1_135' title='bbox 1157 1286 1307 1368; x_wconf 79' lang='grc' dir='ltr'><strong>προσθήκη.</strong></span> <span class='ocrx_word' id='word_1_136' title='bbox 1333 1285 1418 1365; x_wconf 71' lang='lat' dir='ltr'><strong>Eiet</strong></span> <span class='ocrx_word' id='word_1_137' title='bbox 1440 1287 1470 1346; x_wconf 76' lang='grc' dir='ltr'><strong>όν</strong></span> <span class='ocrx_word' id='word_1_138' title='bbox 1497 1285 1617 1367; x_wconf 79' lang='grc' dir='ltr'><strong>ιῇπρδς</strong></span> 
     </span>
     <span class='ocr_line' id='line_1_11' title="bbox 50 1370 1618 1464; baseline -0.003 -22"><span class='ocrx_word' id='word_1_139' title='bbox 50 1383 88 1444; x_wconf 90' lang='lat' dir='ltr'><strong>lio</strong></span> <span class='ocrx_word' id='word_1_140' title='bbox 100 1383 172 1444; x_wconf 83' lang='lat' dir='ltr'><strong>iacit.</strong></span> <span class='ocrx_word' id='word_1_141' title='bbox 185 1383 256 1455; x_wconf 84' lang='lat' dir='ltr'>Quia</span> <span class='ocrx_word' id='word_1_142' title='bbox 269 1382 341 1442; x_wconf 89' lang='lat' dir='ltr'><strong>euim</strong></span> <span class='ocrx_word' id='word_1_143' title='bbox 351 1402 462 1464; x_wconf 86' lang='lat' dir='ltr'><strong>perusus</strong></span> <span class='ocrx_word' id='word_1_144' title='bbox 474 1393 530 1440; x_wconf 88' lang='lat' dir='ltr'><strong>erat</strong></span> <span class='ocrx_word' id='word_1_145' title='bbox 546 1380 631 1462; x_wconf 90' lang='lat' dir='ltr'><strong>ipsis:</strong></span> <span class='ocrx_word' id='word_1_146' title='bbox 644 1402 677 1441; x_wconf 88' lang='lat' dir='ltr'><strong>ue</strong></span> <span class='ocrx_word' id='word_1_147' title='bbox 687 1403 703 1441; x_wconf 84' lang='lat' dir='ltr'><strong>a</strong></span> <span class='ocrx_word' id='word_1_148' title='bbox 712 1379 789 1463; x_wconf 90' lang='lat' dir='ltr'><strong>prin·</strong></span> <span class='ocrx_word' id='word_1_149' title='bbox 805 1382 825 1428; x_wconf 80' lang='lat'>⁰</span> <span class='ocrx_word' id='word_1_150' title='bbox 843 1381 985 1464; x_wconf 83' lang='grc' dir='ltr'><strong>Ἕόραίους</strong></span> <span class='ocrx_word' id='word_1_151' title='bbox 1003 1384 1130 1462; x_wconf 73' lang='grc' dir='ltr'><strong>ἐπιστολῇ</strong></span> <span class='ocrx_word' id='word_1_152' title='bbox 1145 1384 1174 1442; x_wconf 74' lang='grc' dir='ltr'><strong>οὐ</strong></span> <span class='ocrx_word' id='word_1_153' title='bbox 1187 1390 1257 1442; x_wconf 84' lang='grc' dir='ltr'><strong>ποιεῖ</strong></span> <span class='ocrx_word' id='word_1_154' title='bbox 1270 1370 1366 1455; x_wconf 83' lang='grc' dir='ltr'><strong>τοῦτο,</strong></span> <span class='ocrx_word' id='word_1_155' title='bbox 1386 1379 1433 1443; x_wconf 83' lang='grc' dir='ltr'><strong>καλ</strong></span> <span class='ocrx_word' id='word_1_156' title='bbox 1449 1383 1533 1439; x_wconf 88' lang='grc' dir='ltr'><strong>τοῦτο</strong></span> <span class='ocrx_word' id='word_1_157' title='bbox 1549 1377 1618 1438; x_wconf 75' lang='grc' dir='ltr'><strong>κατὰ</strong></span> 
     </span>
     <span class='ocr_line' id='line_1_12' title="bbox 50 1461 1619 1557; baseline -0.004 -21"><span class='ocrx_word' id='word_1_158' title='bbox 50 1473 132 1557; x_wconf 86' lang='lat' dir='ltr'><strong>cipio,</strong></span> <span class='ocrx_word' id='word_1_159' title='bbox 140 1473 233 1536; x_wconf 92' lang='lat' dir='ltr'><strong>audito</strong></span> <span class='ocrx_word' id='word_1_160' title='bbox 241 1474 357 1550; x_wconf 85' lang='lat' dir='ltr'><strong>nomine,</strong></span> <span class='ocrx_word' id='word_1_161' title='bbox 368 1472 484 1533; x_wconf 84' lang='lat' dir='ltr'><strong>sermoni</strong></span> <span class='ocrx_word' id='word_1_162' title='bbox 495 1471 601 1533; x_wconf 83' lang='lat' dir='ltr'><strong>aditum</strong></span> <span class='ocrx_word' id='word_1_163' title='bbox 611 1472 790 1548; x_wconf 83' lang='lat' dir='ltr'><strong>occluderent,</strong></span> <span class='ocrx_word' id='word_1_164' title='bbox 843 1471 892 1545; x_wconf 77' lang='grc' dir='ltr'><strong>τὴν</strong></span> <span class='ocrx_word' id='word_1_165' title='bbox 910 1476 988 1536; x_wconf 84' lang='grc' dir='ltr'><strong>αὐτοῦ</strong></span> <span class='ocrx_word' id='word_1_166' title='bbox 999 1473 1112 1536; x_wconf 78' lang='grc' dir='ltr'><strong>σύνεσιν.</strong></span> <span class='ocrx_word' id='word_1_167' title='bbox 1127 1472 1239 1547; x_wconf 75' lang='grc' dir='ltr'><strong>Ἐπειδὴ</strong></span> <span class='ocrx_word' id='word_1_168' title='bbox 1252 1472 1305 1556; x_wconf 77' lang='grc' dir='ltr'><strong>γάρ</strong></span> <span class='ocrx_word' id='word_1_169' title='bbox 1316 1474 1440 1554; x_wconf 79' lang='grc' dir='ltr'><strong>ἀπεχθῶς</strong></span> <span class='ocrx_word' id='word_1_170' title='bbox 1465 1461 1539 1551; x_wconf 68' lang='grc' dir='ltr'><strong>εἶχον</strong></span> <span class='ocrx_word' id='word_1_171' title='bbox 1553 1470 1619 1550; x_wconf 85' lang='grc' dir='ltr'><strong>πρδς</strong></span> 
     </span>
     <span class='ocr_line' id='line_1_13' title="bbox 49 1562 1617 1649; baseline -0.003 -22"><span class='ocrx_word' id='word_1_172' title='bbox 49 1567 98 1629; x_wconf 88' lang='lat' dir='ltr'><strong>illo</strong></span> <span class='ocrx_word' id='word_1_173' title='bbox 106 1588 263 1649; x_wconf 78' lang='lat' dir='ltr'><strong>suppresso,</strong></span> <span class='ocrx_word' id='word_1_174' title='bbox 274 1567 314 1627; x_wconf 92' lang='lat' dir='ltr'><strong>uti</strong></span> <span class='ocrx_word' id='word_1_175' title='bbox 322 1589 351 1628; x_wconf 87' lang='lat' dir='ltr'><strong>se</strong></span> <span class='ocrx_word' id='word_1_176' title='bbox 361 1564 496 1641; x_wconf 80' lang='lat' dir='ltr'><strong>audirent,</strong></span> <span class='ocrx_word' id='word_1_177' title='bbox 509 1579 567 1625; x_wconf 86' lang='lat' dir='ltr'><strong>arte</strong></span> <span class='ocrx_word' id='word_1_178' title='bbox 575 1565 697 1648; x_wconf 76' lang='lat' dir='ltr'><strong>pellexit.</strong></span> <span class='ocrx_word' id='word_1_179' title='bbox 708 1567 738 1626; x_wconf 91' lang='lat' dir='ltr'><strong>Si</strong></span> <span class='ocrx_word' id='word_1_180' title='bbox 745 1585 791 1626; x_wconf 85' lang='lat' dir='ltr'><strong>vc·</strong></span> <span class='ocrx_word' id='word_1_181' title='bbox 843 1563 934 1639; x_wconf 78' lang='grc' dir='ltr'><strong>αὐτόν,</strong></span> <span class='ocrx_word' id='word_1_182' title='bbox 943 1564 988 1626; x_wconf 77' lang='grc' dir='ltr'><strong>ἵνα</strong></span> <span class='ocrx_word' id='word_1_183' title='bbox 1002 1565 1040 1646; x_wconf 73' lang='grc' dir='ltr'><strong>μὴ</strong></span> <span class='ocrx_word' id='word_1_184' title='bbox 1049 1570 1080 1629; x_wconf 81' lang='lat' dir='ltr'><strong>lx</strong></span> <span class='ocrx_word' id='word_1_185' title='bbox 1088 1564 1235 1647; x_wconf 73' lang='grc' dir='ltr'><strong>προοιμίων</strong></span> <span class='ocrx_word' id='word_1_186' title='bbox 1247 1564 1405 1634; x_wconf 73' lang='grc' dir='ltr'><strong>ἀνώσαντες</strong></span> <span class='ocrx_word' id='word_1_187' title='bbox 1416 1571 1465 1625; x_wconf 93' lang='grc' dir='ltr'><strong>τοῦ</strong></span> <span class='ocrx_word' id='word_1_188' title='bbox 1475 1562 1617 1642; x_wconf 79' lang='grc' dir='ltr'><strong>ὀνόματος,</strong></span> 
     </span>
     <span class='ocr_line' id='line_1_14' title="bbox 49 1655 1617 1741; baseline -0.002 -23"><span class='ocrx_word' id='word_1_189' title='bbox 49 1680 80 1721; x_wconf 93' lang='lat' dir='ltr'><strong>ro</strong></span> <span class='ocrx_word' id='word_1_190' title='bbox 95 1657 231 1741; x_wconf 75' lang='lat' dir='ltr'><strong>propheta</strong></span> <span class='ocrx_word' id='word_1_191' title='bbox 252 1671 279 1717; x_wconf 85' lang='lat' dir='ltr'><strong>et</strong></span> <span class='ocrx_word' id='word_1_192' title='bbox 298 1657 424 1717; x_wconf 84' lang='lat' dir='ltr'><strong>Salomon</strong></span> <span class='ocrx_word' id='word_1_193' title='bbox 442 1655 550 1716; x_wconf 90' lang='lat' dir='ltr'><strong>nomina</strong></span> <span class='ocrx_word' id='word_1_194' title='bbox 566 1678 614 1718; x_wconf 90' lang='lat' dir='ltr'><strong>sua</strong></span> <span class='ocrx_word' id='word_1_195' title='bbox 631 1677 788 1738; x_wconf 86' lang='lat' dir='ltr'><strong>apposuere,</strong></span> <span class='ocrx_word' id='word_1_196' title='bbox 844 1659 1023 1719; x_wconf 82' lang='grc' dir='ltr'><strong>ἀποκλείσωσι</strong></span> <span class='ocrx_word' id='word_1_197' title='bbox 1033 1662 1073 1740; x_wconf 80' lang='grc' dir='ltr'><strong>τῷ</strong></span> <span class='ocrx_word' id='word_1_198' title='bbox 1084 1659 1157 1740; x_wconf 67' lang='grc' dir='ltr'><strong>λόγῳ</strong></span> <span class='ocrx_word' id='word_1_199' title='bbox 1166 1657 1214 1735; x_wconf 64' lang='lat' dir='ltr'><strong>ahu</strong></span> <span class='ocrx_word' id='word_1_200' title='bbox 1226 1656 1336 1732; x_wconf 77' lang='grc' dir='ltr'><strong>εἴσοδον,</strong></span> <span class='ocrx_word' id='word_1_201' title='bbox 1350 1657 1494 1737; x_wconf 71' lang='lat' dir='ltr'><strong>isopleuro</strong></span> <span class='ocrx_word' id='word_1_202' title='bbox 1509 1655 1557 1716; x_wconf 81' lang='grc' dir='ltr'><strong>διά</strong></span> <span class='ocrx_word' id='word_1_203' title='bbox 1574 1658 1617 1715; x_wconf 83' lang='grc' dir='ltr'><strong>τοῦ</strong></span> 
     </span>
     <span class='ocr_line' id='line_1_15' title="bbox 51 1745 1618 1833; baseline -0.003 -22"><span class='ocrx_word' id='word_1_204' title='bbox 51 1751 131 1811; x_wconf 85' lang='lat' dir='ltr'><strong>vobis</strong></span> <span class='ocrx_word' id='word_1_205' title='bbox 145 1749 341 1829; x_wconf 84' lang='lat' dir='ltr'><strong>exquirendum</strong></span> <span class='ocrx_word' id='word_1_206' title='bbox 356 1748 489 1828; x_wconf 89' lang='lat' dir='ltr'><strong>relinquo,</strong></span> <span class='ocrx_word' id='word_1_207' title='bbox 506 1770 555 1808; x_wconf 91' lang='lat' dir='ltr'><strong>cur</strong></span> <span class='ocrx_word' id='word_1_208' title='bbox 569 1748 616 1813; x_wconf 90' lang='lat' dir='ltr'><strong>alii</strong></span> <span class='ocrx_word' id='word_1_209' title='bbox 629 1769 726 1810; x_wconf 88' lang='lat' dir='ltr'><strong>nomen</strong></span> <span class='ocrx_word' id='word_1_210' title='bbox 739 1771 788 1833; x_wconf 88' lang='lat' dir='ltr'><strong>up·</strong></span> <span class='ocrx_word' id='word_1_211' title='bbox 844 1750 942 1832; x_wconf 61' lang='grc' dir='ltr'><strong>κράδαι</strong></span> <span class='ocrx_word' id='word_1_212' title='bbox 962 1752 993 1813; x_wconf 84' lang='grc' dir='ltr'><strong>τὸ</strong></span> <span class='ocrx_word' id='word_1_213' title='bbox 1007 1751 1090 1830; x_wconf 79' lang='grc' dir='ltr'><strong>ὄνομα</strong></span> <span class='ocrx_word' id='word_1_214' title='bbox 1103 1751 1151 1825; x_wconf 76' lang='grc' dir='ltr'><strong>τὴν</strong></span> <span class='ocrx_word' id='word_1_215' title='bbox 1171 1749 1299 1833; x_wconf 80' lang='grc' dir='ltr'><strong>ἀκρόασιν</strong></span> <span class='ocrx_word' id='word_1_216' title='bbox 1318 1748 1368 1822; x_wconf 69' lang='grc' dir='ltr'><strong>τὴν</strong></span> <span class='ocrx_word' id='word_1_217' title='bbox 1391 1748 1511 1809; x_wconf 73' lang='grc' dir='ltr'><strong>ἐκείνων.</strong></span> <span class='ocrx_word' id='word_1_218' title='bbox 1533 1749 1570 1811; x_wconf 83' lang='lat' dir='ltr'><strong>Ei</strong></span> <span class='ocrx_word' id='word_1_219' title='bbox 1593 1745 1618 1806; x_wconf 75' lang='lat' dir='ltr'><strong>il</strong></span> 
     </span>
     <span class='ocr_line' id='line_1_16' title="bbox 50 1839 1619 1925; baseline -0.001 -22"><span class='ocrx_word' id='word_1_220' title='bbox 50 1841 203 1924; x_wconf 80' lang='lat' dir='ltr'><strong>posuerint,</strong></span> <span class='ocrx_word' id='word_1_221' title='bbox 219 1842 267 1903; x_wconf 90' lang='lat' dir='ltr'><strong>alii</strong></span> <span class='ocrx_word' id='word_1_222' title='bbox 289 1863 364 1903; x_wconf 88' lang='lat' dir='ltr'><strong>secus</strong></span> <span class='ocrx_word' id='word_1_223' title='bbox 381 1865 388 1898; x_wconf 83' lang='grc' dir='ltr'><strong>ι</strong></span> <span class='ocrx_word' id='word_1_224' title='bbox 404 1863 489 1920; x_wconf 86' lang='lat' dir='ltr'><strong>neque</strong></span> <span class='ocrx_word' id='word_1_225' title='bbox 508 1840 580 1902; x_wconf 87' lang='lat' dir='ltr'><strong>euim</strong></span> <span class='ocrx_word' id='word_1_226' title='bbox 600 1862 669 1924; x_wconf 90' lang='lat' dir='ltr'><strong>opus</strong></span> <span class='ocrx_word' id='word_1_227' title='bbox 689 1855 740 1920; x_wconf 87' lang='lat' dir='ltr'><strong>est,</strong></span> <span class='ocrx_word' id='word_1_228' title='bbox 762 1856 792 1902; x_wconf 92' lang='lat' dir='ltr'><strong>ut</strong></span> <span class='ocrx_word' id='word_1_229' title='bbox 845 1841 999 1925; x_wconf 62' lang='grc' dir='ltr'><strong>ἀπροφῆται</strong></span> <span class='ocrx_word' id='word_1_230' title='bbox 1011 1841 1045 1903; x_wconf 78' lang='lat' dir='ltr'><strong>rh</strong></span> <span class='ocrx_word' id='word_1_231' title='bbox 1053 1843 1171 1922; x_wconf 81' lang='grc' dir='ltr'><strong>ὀνόματα</strong></span> <span class='ocrx_word' id='word_1_232' title='bbox 1180 1840 1214 1900; x_wconf 77' lang='grc' dir='ltr'><strong>τά</strong></span> <span class='ocrx_word' id='word_1_233' title='bbox 1224 1843 1326 1902; x_wconf 68' lang='lat' dir='ltr'><strong>taurin</strong></span> <span class='ocrx_word' id='word_1_234' title='bbox 1335 1840 1470 1901; x_wconf 85' lang='grc' dir='ltr'><strong>τεθείκασι</strong></span> <span class='ocrx_word' id='word_1_235' title='bbox 1479 1840 1527 1900; x_wconf 82' lang='grc' dir='ltr'><strong>καί</strong></span> <span class='ocrx_word' id='word_1_236' title='bbox 1537 1839 1619 1901; x_wconf 82' lang='grc' dir='ltr'><strong>Σολο-</strong></span> 
     </span>
     <span class='ocr_line' id='line_1_17' title="bbox 50 1930 1620 2023; baseline -0.002 -29"><span class='ocrx_word' id='word_1_237' title='bbox 50 1934 141 1994; x_wconf 89' lang='lat' dir='ltr'><strong>omnia</strong></span> <span class='ocrx_word' id='word_1_238' title='bbox 154 1956 170 1993; x_wconf 91' lang='lat' dir='ltr'><strong>a</strong></span> <span class='ocrx_word' id='word_1_239' title='bbox 183 1956 226 1994; x_wconf 87' lang='lat' dir='ltr'><strong>me</strong></span> <span class='ocrx_word' id='word_1_240' title='bbox 237 1933 362 2023; x_wconf 76' lang='lat' dir='ltr'><strong>ediscatis</strong></span> <span class='ocrx_word' id='word_1_241' title='bbox 373 1957 382 2012; x_wconf 81' lang='lat'>3</span> <span class='ocrx_word' id='word_1_242' title='bbox 395 1932 444 1994; x_wconf 90' lang='lat' dir='ltr'><strong>sed</strong></span> <span class='ocrx_word' id='word_1_243' title='bbox 456 1933 635 1995; x_wconf 84' lang='lat' dir='ltr'><strong>laborandum</strong></span> <span class='ocrx_word' id='word_1_244' title='bbox 648 1947 674 1993; x_wconf 89' lang='lat' dir='ltr'><strong>et</strong></span> <span class='ocrx_word' id='word_1_245' title='bbox 684 1935 792 2015; x_wconf 82' lang='lat' dir='ltr'><strong>perqui·</strong></span> <span class='ocrx_word' id='word_1_246' title='bbox 848 1934 915 2016; x_wconf 81' lang='grc' dir='ltr'><strong>μιλν,</strong></span> <span class='ocrx_word' id='word_1_247' title='bbox 926 1943 1003 1996; x_wconf 89' lang='grc' dir='ltr'><strong>τοῦτο</strong></span> <span class='ocrx_word' id='word_1_248' title='bbox 1012 1941 1074 2016; x_wconf 86' lang='grc' dir='ltr'><strong>θμῖν</strong></span> <span class='ocrx_word' id='word_1_249' title='bbox 1088 1935 1283 2013; x_wconf 77' lang='grc' dir='ltr'><strong>καταλιμπάνω</strong></span> <span class='ocrx_word' id='word_1_250' title='bbox 1291 1933 1384 1995; x_wconf 80' lang='grc' dir='ltr'><strong>λοιπὸν</strong></span> <span class='ocrx_word' id='word_1_251' title='bbox 1396 1935 1545 2007; x_wconf 78' lang='grc' dir='ltr'><strong>ίπιζητιῑν,</strong></span> <span class='ocrx_word' id='word_1_252' title='bbox 1555 1930 1620 2019; x_wconf 80' lang='grc' dir='ltr'><strong>τίνος</strong></span> 
     </span>
     <span class='ocr_line' id='line_1_18' title="bbox 50 2021 1620 2108; baseline -0.001 -23"><span class='ocrx_word' id='word_1_253' title='bbox 50 2024 664 2106; x_wconf 78' lang='lat' dir='ltr'><strong>reudumvohisest,utnesegnioreseradatis.</strong></span> <span class='ocrx_word' id='word_1_254' title='bbox 677 2027 791 2087; x_wconf 85' lang='lat' dir='ltr'><strong>Paulus</strong></span> <span class='ocrx_word' id='word_1_255' title='bbox 847 2028 933 2090; x_wconf 79' lang='grc' dir='ltr'><strong>ἕνεκεν</strong></span> <span class='ocrx_word' id='word_1_256' title='bbox 955 2030 980 2088; x_wconf 86' lang='lat' dir='ltr'><strong>oi</strong></span> <span class='ocrx_word' id='word_1_257' title='bbox 1007 2027 1055 2108; x_wconf 78' lang='grc' dir='ltr'><strong>μὲν</strong></span> <span class='ocrx_word' id='word_1_258' title='bbox 1075 2027 1179 2104; x_wconf 75' lang='grc' dir='ltr'><strong>ἔθεσαν,</strong></span> <span class='ocrx_word' id='word_1_259' title='bbox 1200 2031 1225 2086; x_wconf 79' lang='grc' dir='ltr'><strong>οἱ</strong></span> <span class='ocrx_word' id='word_1_260' title='bbox 1247 2026 1275 2086; x_wconf 83' lang='grc' dir='ltr'><strong>δλ</strong></span> <span class='ocrx_word' id='word_1_261' title='bbox 1302 2027 1350 2086; x_wconf 82' lang='grc' dir='ltr'><strong>οὐκ</strong></span> <span class='ocrx_word' id='word_1_262' title='bbox 1373 2024 1482 2087; x_wconf 80' lang='grc' dir='ltr'><strong>ἔθεσαν·</strong></span> <span class='ocrx_word' id='word_1_263' title='bbox 1496 2021 1558 2084; x_wconf 71' lang='grc' dir='ltr'><strong>αἰδί</strong></span> <span class='ocrx_word' id='word_1_264' title='bbox 1571 2023 1620 2103; x_wconf 80' lang='grc' dir='ltr'><strong>γὰρ</strong></span> 
     </span>
     <span class='ocr_line' id='line_1_19' title="bbox 49 2114 1620 2203; baseline -0.002 -26"><span class='ocrx_word' id='word_1_265' title='bbox 49 2138 150 2179; x_wconf 70' lang='lat' dir='ltr'><strong>servus</strong></span> <span class='ocrx_word' id='word_1_266' title='bbox 164 2119 236 2178; x_wconf 78' lang='lat' dir='ltr'><strong>Iesu</strong></span> <span class='ocrx_word' id='word_1_267' title='bbox 253 2119 372 2178; x_wconf 77' lang='lat' dir='ltr'><strong>Christi.</strong></span> <span class='ocrx_word' id='word_1_268' title='bbox 390 2118 446 2178; x_wconf 87' lang='lat' dir='ltr'><strong>Cur</strong></span> <span class='ocrx_word' id='word_1_269' title='bbox 459 2138 555 2178; x_wconf 85' lang='lat' dir='ltr'><strong>nomeu</strong></span> <span class='ocrx_word' id='word_1_270' title='bbox 569 2117 627 2199; x_wconf 89' lang='lat' dir='ltr'><strong>ejus</strong></span> <span class='ocrx_word' id='word_1_271' title='bbox 639 2117 794 2179; x_wconf 82' lang='lat' dir='ltr'><strong>immutavit</strong></span> <span class='ocrx_word' id='word_1_272' title='bbox 846 2122 953 2183; x_wconf 76' lang='grc' dir='ltr'><strong>ἅπαντα</strong></span> <span class='ocrx_word' id='word_1_273' title='bbox 965 2123 1028 2203; x_wconf 91' lang='grc' dir='ltr'><strong>παρ’</strong></span> <span class='ocrx_word' id='word_1_274' title='bbox 1037 2125 1102 2201; x_wconf 79' lang='grc' dir='ltr'><strong>ἐμοῦ</strong></span> <span class='ocrx_word' id='word_1_275' title='bbox 1112 2119 1165 2203; x_wconf 77' lang='grc' dir='ltr'><strong>χρὴ</strong></span> <span class='ocrx_word' id='word_1_276' title='bbox 1180 2118 1321 2199; x_wconf 75' lang='grc' dir='ltr'><strong>μανθάνειν</strong></span> <span class='ocrx_word' id='word_1_277' title='bbox 1336 2122 1421 2197; x_wconf 73' lang='grc' dir='ltr'><strong>ὑμᾶς,</strong></span> <span class='ocrx_word' id='word_1_278' title='bbox 1433 2115 1504 2176; x_wconf 78' lang='grc' dir='ltr'><strong>ἀλλά</strong></span> <span class='ocrx_word' id='word_1_279' title='bbox 1515 2114 1563 2176; x_wconf 80' lang='grc' dir='ltr'><strong>καί</strong></span> <span class='ocrx_word' id='word_1_280' title='bbox 1573 2117 1620 2175; x_wconf 83' lang='grc' dir='ltr'><strong>αθ-</strong></span> 
     </span>
     <span class='ocr_line' id='line_1_20' title="bbox 1 2207 1621 2292; baseline 0 -24"><span class='ocrx_word' id='word_1_281' title='bbox 1 2261 6 2270; x_wconf 74' lang='grc'><strong>,</strong></span> <span class='ocrx_word' id='word_1_282' title='bbox 51 2210 166 2292; x_wconf 80' lang='lat' dir='ltr'><strong>Deus,et</strong></span> <span class='ocrx_word' id='word_1_283' title='bbox 176 2207 290 2269; x_wconf 85' lang='lat' dir='ltr'><strong>Saulum</strong></span> <span class='ocrx_word' id='word_1_284' title='bbox 298 2209 407 2269; x_wconf 88' lang='lat' dir='ltr'><strong>vocavit</strong></span> <span class='ocrx_word' id='word_1_285' title='bbox 418 2207 554 2270; x_wconf 79' lang='lat' dir='ltr'><strong>Paulum?</strong></span> <span class='ocrx_word' id='word_1_286' title='bbox 564 2209 604 2268; x_wconf 85' lang='lat' dir='ltr'><strong>Ne</strong></span> <span class='ocrx_word' id='word_1_287' title='bbox 612 2209 665 2268; x_wconf 88' lang='lat' dir='ltr'><strong>hac</strong></span> <span class='ocrx_word' id='word_1_288' title='bbox 674 2209 755 2269; x_wconf 88' lang='lat' dir='ltr'><strong>ctiam</strong></span> <span class='ocrx_word' id='word_1_289' title='bbox 764 2209 793 2269; x_wconf 92' lang='lat' dir='ltr'><strong>in</strong></span> <span class='ocrx_word' id='word_1_290' title='bbox 847 2212 907 2283; x_wconf 68' lang='grc' dir='ltr'><strong>τοὺς</strong></span> <span class='ocrx_word' id='word_1_291' title='bbox 920 2223 1008 2274; x_wconf 76' lang='grc' dir='ltr'><strong>πονεῖν</strong></span> <span class='ocrx_word' id='word_1_292' title='bbox 1019 2212 1065 2274; x_wconf 76' lang='grc' dir='ltr'><strong>καὶ</strong></span> <span class='ocrx_word' id='word_1_293' title='bbox 1076 2216 1218 2286; x_wconf 76' lang='grc' dir='ltr'><strong>ἐπιζητεῖν,</strong></span> <span class='ocrx_word' id='word_1_294' title='bbox 1229 2210 1275 2272; x_wconf 81' lang='grc' dir='ltr'><strong>,ἵνα</strong></span> <span class='ocrx_word' id='word_1_295' title='bbox 1289 2209 1327 2289; x_wconf 84' lang='grc' dir='ltr'><strong>μὴ</strong></span> <span class='ocrx_word' id='word_1_296' title='bbox 1339 2210 1496 2292; x_wconf 81' lang='grc' dir='ltr'><strong>νωθρότερα</strong></span> <span class='ocrx_word' id='word_1_297' title='bbox 1504 2207 1621 2289; x_wconf 72' lang='grc' dir='ltr'><strong>γίνηοθε.</strong></span> 
     </span>
     <span class='ocr_line' id='line_1_21' title="bbox 49 2299 1622 2384; baseline 0 -23"><span class='ocrx_word' id='word_1_298' title='bbox 49 2315 126 2382; x_wconf 85' lang='lat' dir='ltr'><strong>parte</strong></span> <span class='ocrx_word' id='word_1_299' title='bbox 140 2300 267 2383; x_wconf 89' lang='lat' dir='ltr'><strong>apostolis</strong></span> <span class='ocrx_word' id='word_1_300' title='bbox 279 2300 390 2361; x_wconf 82' lang='lat' dir='ltr'><strong>inferior</strong></span> <span class='ocrx_word' id='word_1_301' title='bbox 399 2300 544 2382; x_wconf 87' lang='lat' dir='ltr'><strong>haberetur</strong></span> <span class='ocrx_word' id='word_1_302' title='bbox 554 2323 563 2377; x_wconf 90' lang='lat'>;</span> <span class='ocrx_word' id='word_1_303' title='bbox 575 2299 620 2360; x_wconf 89' lang='lat' dir='ltr'><strong>sod</strong></span> <span class='ocrx_word' id='word_1_304' title='bbox 633 2314 665 2360; x_wconf 92' lang='lat' dir='ltr'><strong>ut</strong></span> <span class='ocrx_word' id='word_1_305' title='bbox 674 2300 795 2382; x_wconf 91' lang='lat' dir='ltr'><strong>idipsum</strong></span> <span class='ocrx_word' id='word_1_306' title='bbox 848 2309 955 2374; x_wconf 77' lang='grc' dir='ltr'><strong>Παῦλος</strong></span> <span class='ocrx_word' id='word_1_307' title='bbox 965 2308 1054 2375; x_wconf 91' lang='grc' dir='ltr'><strong>δοῦλος</strong></span> <span class='ocrx_word' id='word_1_308' title='bbox 1065 2303 1153 2380; x_wconf 81' lang='grc' dir='ltr'><strong>Ἰησοῦ</strong></span> <span class='ocrx_word' id='word_1_309' title='bbox 1164 2305 1289 2384; x_wconf 83' lang='grc' dir='ltr'><strong>Χριστοῦ.</strong></span> <span class='ocrx_word' id='word_1_310' title='bbox 1299 2302 1378 2370; x_wconf 89' lang='grc' dir='ltr'><strong>Τίνος</strong></span> <span class='ocrx_word' id='word_1_311' title='bbox 1389 2301 1478 2362; x_wconf 75' lang='grc' dir='ltr'><strong>ἕνεκεν</strong></span> <span class='ocrx_word' id='word_1_312' title='bbox 1493 2299 1622 2380; x_wconf 67' lang='lat' dir='ltr'><strong>pravitati</strong></span> 
     </span>
     <span class='ocr_line' id='line_1_22' title="bbox 49 2390 1622 2478; baseline -0.001 -24"><span class='ocrx_word' id='word_1_313' title='bbox 49 2395 234 2476; x_wconf 76' lang='lat' dir='ltr'><strong>praerogativae</strong></span> <span class='ocrx_word' id='word_1_314' title='bbox 255 2393 382 2471; x_wconf 86' lang='lat' dir='ltr'><strong>haberet,</strong></span> <span class='ocrx_word' id='word_1_315' title='bbox 399 2392 473 2473; x_wconf 93' lang='lat' dir='ltr'><strong>quod</strong></span> <span class='ocrx_word' id='word_1_316' title='bbox 493 2390 689 2474; x_wconf 82' lang='lat' dir='ltr'><strong>discipulorum</strong></span> <span class='ocrx_word' id='word_1_317' title='bbox 711 2415 795 2477; x_wconf 57' lang='lat' dir='ltr'><strong>cory5</strong></span> <span class='ocrx_word' id='word_1_318' title='bbox 848 2398 976 2478; x_wconf 79' lang='grc' dir='ltr'><strong>τὸόνομα</strong></span> <span class='ocrx_word' id='word_1_319' title='bbox 989 2401 1069 2461; x_wconf 80' lang='grc' dir='ltr'><strong>αὐτοῦ</strong></span> <span class='ocrx_word' id='word_1_320' title='bbox 1090 2403 1106 2459; x_wconf 79' lang='grc' dir='ltr'><strong>δ</strong></span> <span class='ocrx_word' id='word_1_321' title='bbox 1123 2397 1207 2472; x_wconf 82' lang='grc' dir='ltr'><strong>Θεὸς,</strong></span> <span class='ocrx_word' id='word_1_322' title='bbox 1231 2396 1277 2457; x_wconf 78' lang='grc' dir='ltr'><strong>καὶ</strong></span> <span class='ocrx_word' id='word_1_323' title='bbox 1296 2397 1402 2457; x_wconf 90' lang='grc' dir='ltr'><strong>Σαῦλον</strong></span> <span class='ocrx_word' id='word_1_324' title='bbox 1424 2394 1489 2454; x_wconf 75' lang='grc' dir='ltr'><strong>ὄντα</strong></span> <span class='ocrx_word' id='word_1_325' title='bbox 1514 2396 1622 2454; x_wconf 85' lang='grc' dir='ltr'><strong>Παῦλον</strong></span> 
     </span>
     <span class='ocr_line' id='line_1_23' title="bbox 51 2482 1622 2569; baseline 0.003 -23"><span class='ocrx_word' id='word_1_326' title='bbox 51 2485 157 2568; x_wconf 74' lang='lat' dir='ltr'><strong>piraeus,</strong></span> <span class='ocrx_word' id='word_1_327' title='bbox 173 2486 290 2565; x_wconf 88' lang='lat' dir='ltr'><strong>hincque</strong></span> <span class='ocrx_word' id='word_1_328' title='bbox 306 2486 407 2546; x_wconf 90' lang='lat' dir='ltr'><strong>arctius</strong></span> <span class='ocrx_word' id='word_1_329' title='bbox 422 2485 502 2546; x_wconf 90' lang='lat' dir='ltr'><strong>eoetui</strong></span> <span class='ocrx_word' id='word_1_330' title='bbox 510 2485 676 2567; x_wconf 76' lang='lat' dir='ltr'><strong>jungeretur.</strong></span> <span class='ocrx_word' id='word_1_331' title='bbox 694 2482 796 2549; x_wconf 85' lang='lat' dir='ltr'><strong>Christi</strong></span> <span class='ocrx_word' id='word_1_332' title='bbox 812 2509 832 2557; x_wconf 73' lang='grc' dir='ltr'><strong>τ,</strong></span> <span class='ocrx_word' id='word_1_333' title='bbox 850 2490 975 2552; x_wconf 63' lang='grc' dir='ltr'><strong>ἐκάθισεν</strong></span> <span class='ocrx_word' id='word_1_334' title='bbox 985 2515 994 2565; x_wconf 87' lang='grc'><strong>;</strong></span> <span class='ocrx_word' id='word_1_335' title='bbox 1005 2487 1067 2552; x_wconf 85' lang='grc' dir='ltr'><strong>Ἵνα</strong></span> <span class='ocrx_word' id='word_1_336' title='bbox 1088 2488 1156 2568; x_wconf 71' lang='grc' dir='ltr'><strong>μηδὲ</strong></span> <span class='ocrx_word' id='word_1_337' title='bbox 1169 2488 1253 2569; x_wconf 75' lang='grc' dir='ltr'><strong>ταύτῃ</strong></span> <span class='ocrx_word' id='word_1_338' title='bbox 1266 2492 1320 2548; x_wconf 81' lang='grc' dir='ltr'><strong>τῶν</strong></span> <span class='ocrx_word' id='word_1_339' title='bbox 1343 2487 1499 2547; x_wconf 82' lang='grc' dir='ltr'><strong>ἀποστόλων</strong></span> <span class='ocrx_word' id='word_1_340' title='bbox 1514 2486 1622 2546; x_wconf 73' lang='grc' dir='ltr'><strong>ἔλαττον</strong></span> 
     </span>
     <span class='ocr_line' id='line_1_24' title="bbox 50 2574 1623 2665; baseline -0.001 -26"><span class='ocrx_word' id='word_1_341' title='bbox 50 2598 115 2639; x_wconf 80' lang='lat' dir='ltr'><strong>sero</strong></span> <span class='ocrx_word' id='word_1_342' title='bbox 125 2599 233 2640; x_wconf 81' lang='lat' dir='ltr'><strong>servum</strong></span> <span class='ocrx_word' id='word_1_343' title='bbox 246 2600 274 2638; x_wconf 91' lang='lat' dir='ltr'><strong>se</strong></span> <span class='ocrx_word' id='word_1_344' title='bbox 287 2599 340 2638; x_wconf 92' lang='lat' dir='ltr'><strong>uon</strong></span> <span class='ocrx_word' id='word_1_345' title='bbox 354 2578 411 2638; x_wconf 88' lang='lat' dir='ltr'><strong>sine</strong></span> <span class='ocrx_word' id='word_1_346' title='bbox 424 2599 504 2637; x_wconf 83' lang='lat' dir='ltr'><strong>causa</strong></span> <span class='ocrx_word' id='word_1_347' title='bbox 519 2574 593 2636; x_wconf 82' lang='lat' dir='ltr'><strong>dixit</strong></span> <span class='ocrx_word' id='word_1_348' title='bbox 607 2600 613 2633; x_wconf 92' lang='lat'><strong>:</strong></span> <span class='ocrx_word' id='word_1_349' title='bbox 628 2575 709 2638; x_wconf 90' lang='lat' dir='ltr'><strong>multi</strong></span> <span class='ocrx_word' id='word_1_350' title='bbox 721 2598 796 2638; x_wconf 91' lang='lat' dir='ltr'><strong>nam·</strong></span> <span class='ocrx_word' id='word_1_351' title='bbox 850 2583 917 2665; x_wconf 70' lang='grc' dir='ltr'><strong>ἔχῃ,</strong></span> <span class='ocrx_word' id='word_1_352' title='bbox 928 2582 1066 2664; x_wconf 64' lang='grc' dir='ltr'><strong>ἀλλ’,δοιερ</strong></span> <span class='ocrx_word' id='word_1_353' title='bbox 1079 2581 1155 2663; x_wconf 56' lang='lat' dir='ltr'><strong>lapso</strong></span> <span class='ocrx_word' id='word_1_354' title='bbox 1167 2579 1298 2662; x_wconf 82' lang='grc' dir='ltr'><strong>ἐξαίρετον</strong></span> <span class='ocrx_word' id='word_1_355' title='bbox 1312 2585 1328 2641; x_wconf 84' lang='grc' dir='ltr'><strong>ό</strong></span> <span class='ocrx_word' id='word_1_356' title='bbox 1340 2582 1482 2661; x_wconf 76' lang='grc' dir='ltr'><strong>κορυφαῖα</strong></span> <span class='ocrx_word' id='word_1_357' title='bbox 1501 2582 1557 2638; x_wconf 81' lang='grc' dir='ltr'><strong>τῶν</strong></span> <span class='ocrx_word' id='word_1_358' title='bbox 1569 2602 1623 2657; x_wconf 87' lang='grc' dir='ltr'><strong>μα-</strong></span> 
     </span>
     <span class='ocr_line' id='line_1_25' title="bbox 51 2669 1623 2751; baseline 0.002 -22"><span class='ocrx_word' id='word_1_359' title='bbox 51 2691 103 2751; x_wconf 83' lang='lat' dir='ltr'><strong>que</strong></span> <span class='ocrx_word' id='word_1_360' title='bbox 113 2684 177 2731; x_wconf 91' lang='lat' dir='ltr'><strong>sunt</strong></span> <span class='ocrx_word' id='word_1_361' title='bbox 190 2671 328 2731; x_wconf 82' lang='lat' dir='ltr'><strong>servitutis</strong></span> <span class='ocrx_word' id='word_1_362' title='bbox 339 2669 412 2731; x_wconf 92' lang='lat' dir='ltr'><strong>modi</strong></span> <span class='ocrx_word' id='word_1_363' title='bbox 425 2694 432 2729; x_wconf 87' lang='grc' dir='ltr'><strong>ι</strong></span> <span class='ocrx_word' id='word_1_364' title='bbox 443 2669 514 2730; x_wconf 88' lang='lat' dir='ltr'><strong>alius</strong></span> <span class='ocrx_word' id='word_1_365' title='bbox 527 2669 676 2730; x_wconf 90' lang='lat' dir='ltr'><strong>secuudum</strong></span> <span class='ocrx_word' id='word_1_366' title='bbox 686 2669 796 2730; x_wconf 78' lang='lat' dir='ltr'><strong>creatio</strong></span> <span class='ocrx_word' id='word_1_367' title='bbox 851 2680 947 2751; x_wconf 76' lang='grc' dir='ltr'><strong>θητῶν,</strong></span> <span class='ocrx_word' id='word_1_368' title='bbox 960 2679 1038 2735; x_wconf 88' lang='grc' dir='ltr'><strong>τοῦτο</strong></span> <span class='ocrx_word' id='word_1_369' title='bbox 1052 2674 1098 2737; x_wconf 86' lang='grc' dir='ltr'><strong>καλ</strong></span> <span class='ocrx_word' id='word_1_370' title='bbox 1112 2673 1189 2743; x_wconf 82' lang='grc' dir='ltr'><strong>αι’ντδς</strong></span> <span class='ocrx_word' id='word_1_371' title='bbox 1209 2673 1357 2750; x_wconf 77' lang='grc' dir='ltr'><strong>κτήσηται,</strong></span> <span class='ocrx_word' id='word_1_372' title='bbox 1375 2671 1421 2733; x_wconf 82' lang='grc' dir='ltr'><strong>καί</strong></span> <span class='ocrx_word' id='word_1_373' title='bbox 1442 2669 1565 2739; x_wconf 80' lang='grc' dir='ltr'><strong>πλείονος</strong></span> <span class='ocrx_word' id='word_1_374' title='bbox 1582 2674 1623 2730; x_wconf 82' lang='grc' dir='ltr'><strong>οἰ-</strong></span> 
     </span>
     <span class='ocr_line' id='line_1_26' title="bbox 5 2760 1625 2846; baseline 0.001 -26"><span class='ocrx_word' id='word_1_375' title='bbox 5 2784 41 2834; x_wconf 73' lang='grc' dir='ltr'><strong>,ο,</strong></span> <span class='ocrx_word' id='word_1_376' title='bbox 52 2780 126 2842; x_wconf 83' lang='lat' dir='ltr'><strong>nem,</strong></span> <span class='ocrx_word' id='word_1_377' title='bbox 139 2760 174 2824; x_wconf 83' lang='lat' dir='ltr'><strong>de</strong></span> <span class='ocrx_word' id='word_1_378' title='bbox 186 2782 241 2842; x_wconf 92' lang='lat' dir='ltr'><strong>quo</strong></span> <span class='ocrx_word' id='word_1_379' title='bbox 257 2761 325 2823; x_wconf 89' lang='lat' dir='ltr'><strong>dicit</strong></span> <span class='ocrx_word' id='word_1_380' title='bbox 338 2786 345 2819; x_wconf 86' lang='grc' dir='ltr'><strong>ι</strong></span> <span class='ocrx_word' id='word_1_381' title='bbox 360 2765 468 2822; x_wconf 88' lang='lat' dir='ltr'><strong>Omnia</strong></span> <span class='ocrx_word' id='word_1_382' title='bbox 480 2763 611 2822; x_wconf 83' lang='lat' dir='ltr'><strong>serviunt</strong></span> <span class='ocrx_word' id='word_1_383' title='bbox 624 2764 678 2820; x_wconf 80' lang='lat' dir='ltr'><strong>tihi</strong></span> <span class='ocrx_word' id='word_1_384' title='bbox 688 2786 700 2830; x_wconf 89' lang='lat'><em>;</em></span> <span class='ocrx_word' id='word_1_385' title='bbox 716 2760 796 2820; x_wconf 90' lang='lat' dir='ltr'><strong>item·</strong></span> <span class='ocrx_word' id='word_1_386' title='bbox 850 2765 980 2834; x_wconf 76' lang='grc' dir='ltr'><strong>νοοώοοως</strong></span> <span class='ocrx_word' id='word_1_387' title='bbox 992 2765 1114 2827; x_wconf 72' lang='grc' dir='ltr'><strong>ὑπόθεσιν</strong></span> <span class='ocrx_word' id='word_1_388' title='bbox 1127 2763 1208 2846; x_wconf 73' lang='grc' dir='ltr'><strong>λάάῃ.</strong></span> <span class='ocrx_word' id='word_1_389' title='bbox 1218 2767 1316 2826; x_wconf 82' lang='grc' dir='ltr'><strong>Δοῦλον</strong></span> <span class='ocrx_word' id='word_1_390' title='bbox 1329 2763 1357 2824; x_wconf 72' lang='grc' dir='ltr'><strong>δὲ</strong></span> <span class='ocrx_word' id='word_1_391' title='bbox 1366 2763 1461 2824; x_wconf 71' lang='lat' dir='ltr'><strong>haurds</strong></span> <span class='ocrx_word' id='word_1_392' title='bbox 1474 2766 1527 2844; x_wconf 75' lang='grc' dir='ltr'><strong>οὐχ</strong></span> <span class='ocrx_word' id='word_1_393' title='bbox 1536 2763 1625 2830; x_wconf 72' lang='grc' dir='ltr'><strong>ἁπλοῦς</strong></span> 
     </span>
     <span class='ocr_line' id='line_1_27' title="bbox 51 2850 1624 2940; baseline -0.003 -21"><span class='ocrx_word' id='word_1_394' title='bbox 51 2879 113 2939; x_wconf 84' lang='lat' dir='ltr'><strong>que,</strong></span> <span class='ocrx_word' id='word_1_395' title='bbox 127 2859 238 2922; x_wconf 77' lang='lat' dir='ltr'><strong>Seruus</strong></span> <span class='ocrx_word' id='word_1_396' title='bbox 249 2880 328 2920; x_wconf 84' lang='lat' dir='ltr'><strong>meus</strong></span> <span class='ocrx_word' id='word_1_397' title='bbox 338 2858 611 2919; x_wconf 77' lang='lat' dir='ltr'><strong>Nabuchodonosor</strong></span> <span class='ocrx_word' id='word_1_398' title='bbox 619 2879 629 2934; x_wconf 89' lang='lat'>;</span> <span class='ocrx_word' id='word_1_399' title='bbox 641 2877 709 2940; x_wconf 91' lang='lat' dir='ltr'><strong>opus</strong></span> <span class='ocrx_word' id='word_1_400' title='bbox 721 2877 797 2917; x_wconf 87' lang='lat' dir='ltr'><strong>naru-</strong></span> <span class='ocrx_word' id='word_1_401' title='bbox 851 2850 909 2923; x_wconf 78' lang='grc' dir='ltr'><strong>εἶπε</strong></span> <span class='ocrx_word' id='word_1_402' title='bbox 926 2865 973 2920; x_wconf 88' lang='grc' dir='ltr'><strong>τοῦ</strong></span> <span class='ocrx_word' id='word_1_403' title='bbox 986 2859 1119 2939; x_wconf 84' lang='grc' dir='ltr'><strong>Χριστοῦ·</strong></span> <span class='ocrx_word' id='word_1_404' title='bbox 1136 2856 1182 2917; x_wconf 83' lang='grc' dir='ltr'><strong>καί</strong></span> <span class='ocrx_word' id='word_1_405' title='bbox 1195 2856 1248 2939; x_wconf 81' lang='grc' dir='ltr'><strong>γάρ</strong></span> <span class='ocrx_word' id='word_1_406' title='bbox 1269 2855 1363 2916; x_wconf 85' lang='grc' dir='ltr'><strong>πολλοί</strong></span> <span class='ocrx_word' id='word_1_407' title='bbox 1379 2854 1499 2924; x_wconf 69' lang='grc' dir='ltr'><strong>δουλείας</strong></span> <span class='ocrx_word' id='word_1_408' title='bbox 1513 2854 1624 2936; x_wconf 77' lang='grc' dir='ltr'><strong>τρόποι·</strong></span> 
     </span>
     <span class='ocr_line' id='line_1_28' title="bbox 17 2925 1625 3037; baseline -0.002 -28"><span class='ocrx_word' id='word_1_409' title='bbox 17 2925 41 2975; x_wconf 70' lang='lat'><strong>9&#39;</strong></span> <span class='ocrx_word' id='word_1_410' title='bbox 52 2971 105 3032; x_wconf 87' lang='lat' dir='ltr'><strong>que</strong></span> <span class='ocrx_word' id='word_1_411' title='bbox 117 2950 210 3033; x_wconf 85' lang='lat' dir='ltr'><strong>opifici</strong></span> <span class='ocrx_word' id='word_1_412' title='bbox 224 2972 332 3011; x_wconf 85' lang='lat' dir='ltr'><strong>serrum</strong></span> <span class='ocrx_word' id='word_1_413' title='bbox 345 2964 394 3010; x_wconf 83' lang='lat' dir='ltr'><strong>est.</strong></span> <span class='ocrx_word' id='word_1_414' title='bbox 410 2949 488 3010; x_wconf 80' lang='lat' dir='ltr'><strong>Alius</strong></span> <span class='ocrx_word' id='word_1_415' title='bbox 502 2947 598 3009; x_wconf 88' lang='lat' dir='ltr'><strong>modus</strong></span> <span class='ocrx_word' id='word_1_416' title='bbox 608 2962 647 3008; x_wconf 77' lang='lat' dir='ltr'><strong>est</strong></span> <span class='ocrx_word' id='word_1_417' title='bbox 660 2947 797 3037; x_wconf 9' lang='lat' dir='ltr'><strong>aqfide,de</strong></span> <span class='ocrx_word' id='word_1_418' title='bbox 852 2943 888 3021; x_wconf 82' lang='grc' dir='ltr'><strong>εἶς</strong></span> <span class='ocrx_word' id='word_1_419' title='bbox 902 2950 950 3030; x_wconf 73' lang='grc' dir='ltr'><strong>μὲν</strong></span> <span class='ocrx_word' id='word_1_420' title='bbox 965 2953 979 3011; x_wconf 84' lang='grc' dir='ltr'><strong>ὁ</strong></span> <span class='ocrx_word' id='word_1_421' title='bbox 993 2949 1061 3010; x_wconf 77' lang='grc' dir='ltr'><strong>κατὰ</strong></span> <span class='ocrx_word' id='word_1_422' title='bbox 1081 2946 1130 3022; x_wconf 72' lang='grc' dir='ltr'><strong>τὴν</strong></span> <span class='ocrx_word' id='word_1_423' title='bbox 1146 2946 1330 3030; x_wconf 84' lang='grc' dir='ltr'><strong>δημιουργίαν,</strong></span> <span class='ocrx_word' id='word_1_424' title='bbox 1355 2949 1414 3008; x_wconf 87' lang='grc' dir='ltr'><strong>καθ’</strong></span> <span class='ocrx_word' id='word_1_425' title='bbox 1434 2946 1464 3007; x_wconf 79' lang='grc' dir='ltr'><strong>όν</strong></span> <span class='ocrx_word' id='word_1_426' title='bbox 1478 2970 1572 3028; x_wconf 82' lang='grc' dir='ltr'><strong>φησιν,</strong></span> <span class='ocrx_word' id='word_1_427' title='bbox 1585 2944 1625 3008; x_wconf 90' lang='grc' dir='ltr'><strong>ότι</strong></span> 
     </span>
     <span class='ocr_line' id='line_1_29' title="bbox 5 3038 1626 3132; baseline -0.001 -29"><span class='ocrx_word' id='word_1_428' title='bbox 5 3080 42 3132; x_wconf 82' lang='lat'><strong>¹7·</strong></span> <span class='ocrx_word' id='word_1_429' title='bbox 53 3063 107 3124; x_wconf 83' lang='lat' dir='ltr'><strong>qua</strong></span> <span class='ocrx_word' id='word_1_430' title='bbox 120 3041 158 3102; x_wconf 89' lang='lat' dir='ltr'><strong>ait</strong></span> <span class='ocrx_word' id='word_1_431' title='bbox 174 3064 181 3100; x_wconf 82' lang='grc' dir='ltr'><strong>ι</strong></span> <span class='ocrx_word' id='word_1_432' title='bbox 199 3043 306 3103; x_wconf 83' lang='lat' dir='ltr'><strong>Gratia</strong></span> <span class='ocrx_word' id='word_1_433' title='bbox 320 3053 418 3101; x_wconf 83' lang='lat' dir='ltr'><strong>autam</strong></span> <span class='ocrx_word' id='word_1_434' title='bbox 433 3042 511 3118; x_wconf 86' lang='lat' dir='ltr'><strong>Deo,</strong></span> <span class='ocrx_word' id='word_1_435' title='bbox 527 3044 694 3120; x_wconf 59' lang='grc' dir='ltr'><strong>μαίονται</strong></span> <span class='ocrx_word' id='word_1_436' title='bbox 707 3043 797 3101; x_wconf 84' lang='lat' dir='ltr'><strong>eratis</strong></span> <span class='ocrx_word' id='word_1_437' title='bbox 850 3045 895 3108; x_wconf 75' lang='grc' dir='ltr'><strong>Τά</strong></span> <span class='ocrx_word' id='word_1_438' title='bbox 909 3043 1052 3123; x_wconf 76' lang='grc' dir='ltr'><strong>σύμπαντα</strong></span> <span class='ocrx_word' id='word_1_439' title='bbox 1062 3042 1142 3104; x_wconf 84' lang='grc' dir='ltr'><strong>δοῦλα</strong></span> <span class='ocrx_word' id='word_1_440' title='bbox 1154 3041 1203 3121; x_wconf 78' lang='lat' dir='ltr'><strong>ah,</strong></span> <span class='ocrx_word' id='word_1_441' title='bbox 1216 3041 1261 3103; x_wconf 78' lang='grc' dir='ltr'><strong>καὶ</strong></span> <span class='ocrx_word' id='word_1_442' title='bbox 1276 3039 1373 3102; x_wconf 83' lang='grc' dir='ltr'><strong>καθ’όν</strong></span> <span class='ocrx_word' id='word_1_443' title='bbox 1387 3063 1478 3122; x_wconf 71' lang='grc' dir='ltr'><strong>φησιν,</strong></span> <span class='ocrx_word' id='word_1_444' title='bbox 1489 3039 1527 3102; x_wconf 90' lang='lat'><strong>‘0</strong></span> <span class='ocrx_word' id='word_1_445' title='bbox 1536 3038 1626 3106; x_wconf 83' lang='grc' dir='ltr'><strong>δοῦλός</strong></span> 
     </span>
     <span class='ocr_line' id='line_1_30' title="bbox 51 3109 1626 3218; baseline -0.001 -23"><span class='ocrx_word' id='word_1_446' title='bbox 51 3147 184 3216; x_wconf 85' lang='lat' dir='ltr'><strong>peccato,</strong></span> <span class='ocrx_word' id='word_1_447' title='bbox 195 3136 330 3193; x_wconf 80' lang='lat' dir='ltr'><strong>obedistis</strong></span> <span class='ocrx_word' id='word_1_448' title='bbox 341 3146 439 3193; x_wconf 87' lang='lat' dir='ltr'><strong>autem</strong></span> <span class='ocrx_word' id='word_1_449' title='bbox 449 3133 588 3205; x_wconf 74' lang='lat' dir='ltr'><strong>exsortia,</strong></span> <span class='ocrx_word' id='word_1_450' title='bbox 598 3136 630 3192; x_wconf 84' lang='lat' dir='ltr'><strong>in</strong></span> <span class='ocrx_word' id='word_1_451' title='bbox 639 3154 729 3214; x_wconf 84' lang='lat' dir='ltr'><strong>quam</strong></span> <span class='ocrx_word' id='word_1_452' title='bbox 738 3109 841 3215; x_wconf 52' lang='lat' dir='ltr'><strong>tra-⁴2⁰</strong></span> <span class='ocrx_word' id='word_1_453' title='bbox 852 3161 902 3218; x_wconf 78' lang='grc' dir='ltr'><strong>μοο</strong></span> <span class='ocrx_word' id='word_1_454' title='bbox 924 3135 1174 3218; x_wconf 70' lang='grc' dir='ltr'><strong>Νοάοοχοδονάοορ·</strong></span> <span class='ocrx_word' id='word_1_455' title='bbox 1189 3132 1220 3195; x_wconf 73' lang='lat' dir='ltr'><strong>ah</strong></span> <span class='ocrx_word' id='word_1_456' title='bbox 1234 3132 1287 3216; x_wconf 74' lang='grc' dir='ltr'><strong>γάρ</strong></span> <span class='ocrx_word' id='word_1_457' title='bbox 1307 3132 1383 3215; x_wconf 74' lang='grc' dir='ltr'><strong>ἔργον</strong></span> <span class='ocrx_word' id='word_1_458' title='bbox 1402 3139 1449 3194; x_wconf 88' lang='grc' dir='ltr'><strong>τοῦ</strong></span> <span class='ocrx_word' id='word_1_459' title='bbox 1467 3131 1626 3209; x_wconf 67' lang='grc' dir='ltr'><strong>ποιησαντος</strong></span> 
     </span>
     <span class='ocr_line' id='line_1_31' title="bbox 54 3217 1625 3311; baseline -0.002 -24"><span class='ocrx_word' id='word_1_460' title='bbox 54 3228 110 3287; x_wconf 84' lang='lat' dir='ltr'><strong>diti</strong></span> <span class='ocrx_word' id='word_1_461' title='bbox 122 3231 191 3288; x_wconf 85' lang='lat' dir='ltr'><strong>estis</strong></span> <span class='ocrx_word' id='word_1_462' title='bbox 203 3228 344 3287; x_wconf 73' lang='lat' dir='ltr'><strong>doctrinae</strong></span> <span class='ocrx_word' id='word_1_463' title='bbox 352 3227 500 3309; x_wconf 82' lang='lat' dir='ltr'><strong>sormam,</strong></span> <span class='ocrx_word' id='word_1_464' title='bbox 514 3238 542 3284; x_wconf 84' lang='lat' dir='ltr'><strong>et</strong></span> <span class='ocrx_word' id='word_1_465' title='bbox 559 3225 677 3284; x_wconf 85' lang='lat' dir='ltr'><strong>liberati</strong></span> <span class='ocrx_word' id='word_1_466' title='bbox 691 3246 711 3284; x_wconf 90' lang='lat' dir='ltr'><strong>a</strong></span> <span class='ocrx_word' id='word_1_467' title='bbox 725 3245 797 3305; x_wconf 85' lang='lat' dir='ltr'><strong>pec·</strong></span> <span class='ocrx_word' id='word_1_468' title='bbox 852 3233 956 3293; x_wconf 75' lang='grc' dir='ltr'><strong>δοῦλον·</strong></span> <span class='ocrx_word' id='word_1_469' title='bbox 971 3229 1057 3311; x_wconf 60' lang='grc' dir='ltr'><strong>ἕτερος</strong></span> <span class='ocrx_word' id='word_1_470' title='bbox 1070 3228 1098 3289; x_wconf 81' lang='grc' dir='ltr'><strong>δὲ</strong></span> <span class='ocrx_word' id='word_1_471' title='bbox 1110 3234 1124 3288; x_wconf 82' lang='grc' dir='ltr'><strong>ὁ</strong></span> <span class='ocrx_word' id='word_1_472' title='bbox 1135 3227 1188 3287; x_wconf 79' lang='grc' dir='ltr'><strong>ἀπὸ</strong></span> <span class='ocrx_word' id='word_1_473' title='bbox 1202 3231 1251 3299; x_wconf 78' lang='grc' dir='ltr'><strong>τῆς</strong></span> <span class='ocrx_word' id='word_1_474' title='bbox 1262 3225 1391 3300; x_wconf 86' lang='grc' dir='ltr'><strong>πίστεως,</strong></span> <span class='ocrx_word' id='word_1_475' title='bbox 1406 3225 1471 3306; x_wconf 79' lang='grc' dir='ltr'><strong>περί</strong></span> <span class='ocrx_word' id='word_1_476' title='bbox 1483 3217 1516 3300; x_wconf 70' lang='grc' dir='ltr'><strong>ἧς</strong></span> <span class='ocrx_word' id='word_1_477' title='bbox 1530 3249 1625 3308; x_wconf 82' lang='grc' dir='ltr'><strong>ρηοιν·</strong></span> 
     </span>
     <span class='ocr_line' id='line_1_32' title="bbox 55 3310 1626 3406; baseline -0.003 -27"><span class='ocrx_word' id='word_1_478' title='bbox 55 3333 133 3398; x_wconf 88' lang='lat' dir='ltr'><strong>cato,</strong></span> <span class='ocrx_word' id='word_1_479' title='bbox 147 3324 224 3380; x_wconf 83' lang='lat' dir='ltr'><strong>servi</strong></span> <span class='ocrx_word' id='word_1_480' title='bbox 232 3320 315 3402; x_wconf 82' lang='lat' dir='ltr'><strong>sacti</strong></span> <span class='ocrx_word' id='word_1_481' title='bbox 328 3323 396 3378; x_wconf 84' lang='lat' dir='ltr'><strong>estis</strong></span> <span class='ocrx_word' id='word_1_482' title='bbox 409 3321 541 3399; x_wconf 73' lang='lat' dir='ltr'><strong>justitia.</strong></span> <span class='ocrx_word' id='word_1_483' title='bbox 559 3317 636 3376; x_wconf 81' lang='lat' dir='ltr'><strong>Alius</strong></span> <span class='ocrx_word' id='word_1_484' title='bbox 649 3340 665 3377; x_wconf 91' lang='lat' dir='ltr'><strong>a</strong></span> <span class='ocrx_word' id='word_1_485' title='bbox 676 3317 740 3378; x_wconf 78' lang='lat' dir='ltr'><strong>vitae</strong></span> <span class='ocrx_word' id='word_1_486' title='bbox 754 3317 797 3376; x_wconf 91' lang='lat' dir='ltr'><strong>iu·</strong></span> <span class='ocrx_word' id='word_1_487' title='bbox 851 3324 937 3406; x_wconf 73' lang='grc' dir='ltr'><strong>Χάρις</strong></span> <span class='ocrx_word' id='word_1_488' title='bbox 950 3321 979 3383; x_wconf 70' lang='grc' dir='ltr'><strong>δὲ</strong></span> <span class='ocrx_word' id='word_1_489' title='bbox 991 3325 1030 3405; x_wconf 76' lang='grc' dir='ltr'><strong>τῷ</strong></span> <span class='ocrx_word' id='word_1_490' title='bbox 1040 3323 1116 3402; x_wconf 76' lang='grc' dir='ltr'><strong>Θεῷ,</strong></span> <span class='ocrx_word' id='word_1_491' title='bbox 1126 3319 1167 3381; x_wconf 81' lang='grc' dir='ltr'><strong>ότι</strong></span> <span class='ocrx_word' id='word_1_492' title='bbox 1179 3320 1265 3378; x_wconf 82' lang='grc' dir='ltr'><strong>δοῦλοι</strong></span> <span class='ocrx_word' id='word_1_493' title='bbox 1275 3310 1323 3391; x_wconf 73' lang='grc' dir='ltr'><strong>ἤτε</strong></span> <span class='ocrx_word' id='word_1_494' title='bbox 1336 3323 1384 3395; x_wconf 74' lang='grc' dir='ltr'><strong>τῆς</strong></span> <span class='ocrx_word' id='word_1_495' title='bbox 1398 3317 1626 3401; x_wconf 77' lang='grc' dir='ltr'><strong>άμιιρτίας,θπη-</strong></span> 
     </span>
     <span class='ocr_line' id='line_1_33' title="bbox 8 3408 1625 3493; baseline -0.001 -21"><span class='ocrx_word' id='word_1_496' title='bbox 8 3462 13 3472; x_wconf 93' lang='grc'><strong>,</strong></span> <span class='ocrx_word' id='word_1_497' title='bbox 55 3410 160 3489; x_wconf 88' lang='lat' dir='ltr'><strong>stituto,</strong></span> <span class='ocrx_word' id='word_1_498' title='bbox 178 3409 279 3488; x_wconf 84' lang='lat' dir='ltr'><strong>dequo</strong></span> <span class='ocrx_word' id='word_1_499' title='bbox 294 3408 333 3469; x_wconf 86' lang='lat' dir='ltr'><strong>ait</strong></span> <span class='ocrx_word' id='word_1_500' title='bbox 347 3433 354 3467; x_wconf 82' lang='grc' dir='ltr'><strong>ι</strong></span> <span class='ocrx_word' id='word_1_501' title='bbox 370 3412 491 3487; x_wconf 84' lang='lat' dir='ltr'><strong>Moyses</strong></span> <span class='ocrx_word' id='word_1_502' title='bbox 507 3429 608 3469; x_wconf 81' lang='lat' dir='ltr'><strong>servus</strong></span> <span class='ocrx_word' id='word_1_503' title='bbox 622 3430 702 3470; x_wconf 75' lang='lat' dir='ltr'><strong>naeus</strong></span> <span class='ocrx_word' id='word_1_504' title='bbox 718 3430 798 3470; x_wconf 88' lang='lat' dir='ltr'><strong>mor·</strong></span> <span class='ocrx_word' id='word_1_505' title='bbox 852 3414 964 3476; x_wconf 74' lang='grc' dir='ltr'><strong>νοάοοοι</strong></span> <span class='ocrx_word' id='word_1_506' title='bbox 978 3413 1006 3474; x_wconf 72' lang='lat' dir='ltr'><strong>hl</strong></span> <span class='ocrx_word' id='word_1_507' title='bbox 1020 3416 1069 3474; x_wconf 65' lang='lat' dir='ltr'><strong>“ix</strong></span> <span class='ocrx_word' id='word_1_508' title='bbox 1080 3411 1207 3493; x_wconf 83' lang='grc' dir='ltr'><strong>καρδίας,</strong></span> <span class='ocrx_word' id='word_1_509' title='bbox 1220 3414 1256 3479; x_wconf 87' lang='grc' dir='ltr'><strong>είς</strong></span> <span class='ocrx_word' id='word_1_510' title='bbox 1273 3410 1301 3471; x_wconf 90' lang='grc' dir='ltr'><strong>δυ</strong></span> <span class='ocrx_word' id='word_1_511' title='bbox 1315 3409 1479 3490; x_wconf 82' lang='grc' dir='ltr'><strong>παρεδόθητε</strong></span> <span class='ocrx_word' id='word_1_512' title='bbox 1492 3410 1625 3471; x_wconf 82' lang='grc' dir='ltr'><strong>τόπονδι-</strong></span> 
     </span>
     <span class='ocr_line' id='line_1_34' title="bbox 56 3498 1626 3588; baseline -0.001 -26"><span class='ocrx_word' id='word_1_513' title='bbox 56 3516 123 3563; x_wconf 86' lang='lat' dir='ltr'><strong>tuus</strong></span> <span class='ocrx_word' id='word_1_514' title='bbox 136 3517 179 3564; x_wconf 86' lang='lat' dir='ltr'><strong>est</strong></span> <span class='ocrx_word' id='word_1_515' title='bbox 191 3527 200 3560; x_wconf 89' lang='lat'><strong>.·</strong></span> <span class='ocrx_word' id='word_1_516' title='bbox 216 3523 379 3581; x_wconf 86' lang='lat' dir='ltr'><strong>quamquam</strong></span> <span class='ocrx_word' id='word_1_517' title='bbox 388 3515 412 3561; x_wconf 85' lang='lat' dir='ltr'><strong>et</strong></span> <span class='ocrx_word' id='word_1_518' title='bbox 423 3498 514 3563; x_wconf 81' lang='lat' dir='ltr'><strong>Judaei</strong></span> <span class='ocrx_word' id='word_1_519' title='bbox 524 3522 616 3560; x_wconf 82' lang='lat' dir='ltr'><strong>omues</strong></span> <span class='ocrx_word' id='word_1_520' title='bbox 627 3501 698 3562; x_wconf 85' lang='lat' dir='ltr'><strong>servi</strong></span> <span class='ocrx_word' id='word_1_521' title='bbox 708 3516 798 3575; x_wconf 80' lang='lat' dir='ltr'><strong>erant3</strong></span> <span class='ocrx_word' id='word_1_522' title='bbox 854 3510 954 3588; x_wconf 75' lang='grc' dir='ltr'><strong>δοχῆς,</strong></span> <span class='ocrx_word' id='word_1_523' title='bbox 969 3504 1015 3565; x_wconf 81' lang='grc' dir='ltr'><strong>καί</strong></span> <span class='ocrx_word' id='word_1_524' title='bbox 1033 3502 1248 3583; x_wconf 80' lang='grc' dir='ltr'><strong>ἐλευθερωθέντες</strong></span> <span class='ocrx_word' id='word_1_525' title='bbox 1259 3503 1312 3563; x_wconf 81' lang='grc' dir='ltr'><strong>ἀπὸ</strong></span> <span class='ocrx_word' id='word_1_526' title='bbox 1330 3505 1378 3573; x_wconf 80' lang='grc' dir='ltr'><strong>τῆς</strong></span> <span class='ocrx_word' id='word_1_527' title='bbox 1390 3501 1541 3583; x_wconf 79' lang='grc' dir='ltr'><strong>ἁμαρτίας,</strong></span> <span class='ocrx_word' id='word_1_528' title='bbox 1554 3501 1626 3562; x_wconf 80' lang='grc' dir='ltr'><strong>ἔδου-</strong></span> 
     </span>
     <span class='ocr_line' id='line_1_35' title="bbox 55 3592 1626 3679; baseline 0 -26"><span class='ocrx_word' id='word_1_529' title='bbox 55 3593 101 3654; x_wconf 86' lang='lat' dir='ltr'><strong>sed</strong></span> <span class='ocrx_word' id='word_1_530' title='bbox 116 3598 225 3677; x_wconf 84' lang='lat' dir='ltr'><strong>Moyses</strong></span> <span class='ocrx_word' id='word_1_531' title='bbox 235 3595 263 3653; x_wconf 93' lang='lat' dir='ltr'><strong>in</strong></span> <span class='ocrx_word' id='word_1_532' title='bbox 274 3593 368 3675; x_wconf 89' lang='lat' dir='ltr'><strong>primis</strong></span> <span class='ocrx_word' id='word_1_533' title='bbox 379 3614 413 3651; x_wconf 81' lang='lat' dir='ltr'><strong>ex</strong></span> <span class='ocrx_word' id='word_1_534' title='bbox 423 3592 486 3653; x_wconf 81' lang='lat' dir='ltr'><strong>vitae</strong></span> <span class='ocrx_word' id='word_1_535' title='bbox 498 3592 621 3652; x_wconf 91' lang='lat' dir='ltr'><strong>instituto</strong></span> <span class='ocrx_word' id='word_1_536' title='bbox 629 3592 797 3674; x_wconf 85' lang='lat' dir='ltr'><strong>splendebat.</strong></span> <span class='ocrx_word' id='word_1_537' title='bbox 853 3600 1000 3679; x_wconf 78' lang='grc' dir='ltr'><strong>λώθητετῇ</strong></span> <span class='ocrx_word' id='word_1_538' title='bbox 1021 3595 1190 3676; x_wconf 82' lang='grc' dir='ltr'><strong>δικαιοσύνῃ·</strong></span> <span class='ocrx_word' id='word_1_539' title='bbox 1206 3595 1321 3675; x_wconf 76' lang='grc' dir='ltr'><strong>ἕτεροςὸ</strong></span> <span class='ocrx_word' id='word_1_540' title='bbox 1338 3594 1392 3654; x_wconf 80' lang='grc' dir='ltr'><strong>ἀπὸ</strong></span> <span class='ocrx_word' id='word_1_541' title='bbox 1413 3599 1461 3667; x_wconf 77' lang='grc' dir='ltr'><strong>τῆς</strong></span> <span class='ocrx_word' id='word_1_542' title='bbox 1481 3593 1626 3663; x_wconf 87' lang='grc' dir='ltr'><strong>πολιτείας,</strong></span> 
     </span>
     <span class='ocr_line' id='line_1_36' title="bbox 55 3684 1656 3772; baseline -0.001 -25"><span class='ocrx_word' id='word_1_543' title='bbox 55 3687 191 3760; x_wconf 84' lang='lat' dir='ltr'><strong>Quoniam</strong></span> <span class='ocrx_word' id='word_1_544' title='bbox 206 3687 292 3769; x_wconf 78' lang='lat' dir='ltr'><strong>igitur</strong></span> <span class='ocrx_word' id='word_1_545' title='bbox 305 3686 407 3747; x_wconf 81' lang='lat' dir='ltr'><strong>Paulus</strong></span> <span class='ocrx_word' id='word_1_546' title='bbox 421 3685 547 3747; x_wconf 90' lang='lat' dir='ltr'><strong>omuibus</strong></span> <span class='ocrx_word' id='word_1_547' title='bbox 561 3684 700 3745; x_wconf 85' lang='lat' dir='ltr'><strong>servitutis</strong></span> <span class='ocrx_word' id='word_1_548' title='bbox 712 3685 801 3746; x_wconf 89' lang='lat' dir='ltr'><strong>modis</strong></span> <span class='ocrx_word' id='word_1_549' title='bbox 855 3695 913 3753; x_wconf 66' lang='grc' dir='ltr'><strong>καθ’</strong></span> <span class='ocrx_word' id='word_1_550' title='bbox 927 3690 955 3752; x_wconf 81' lang='grc' dir='ltr'><strong>άν</strong></span> <span class='ocrx_word' id='word_1_551' title='bbox 968 3712 1047 3772; x_wconf 79' lang='grc' dir='ltr'><strong>φησι·</strong></span> <span class='ocrx_word' id='word_1_552' title='bbox 1068 3691 1185 3761; x_wconf 83' lang='grc' dir='ltr'><strong>Μωῦσῆς</strong></span> <span class='ocrx_word' id='word_1_553' title='bbox 1196 3692 1211 3747; x_wconf 83' lang='grc' dir='ltr'><strong>ό</strong></span> <span class='ocrx_word' id='word_1_554' title='bbox 1223 3687 1343 3769; x_wconf 82' lang='grc' dir='ltr'><strong>θεράπων</strong></span> <span class='ocrx_word' id='word_1_555' title='bbox 1368 3709 1419 3764; x_wconf 87' lang='grc' dir='ltr'><strong>μου</strong></span> <span class='ocrx_word' id='word_1_556' title='bbox 1434 3686 1625 3758; x_wconf 84' lang='grc' dir='ltr'><strong>τετιλιάιηκι·</strong></span> <span class='ocrx_word' id='word_1_557' title='bbox 1653 3701 1656 3707; x_wconf 89' lang='grc'><strong><em>·</em></strong></span> 
     </span>
     <span class='ocr_line' id='line_1_37' title="bbox 55 3770 1626 3861; baseline -0.003 -18"><span class='ocrx_word' id='word_1_558' title='bbox 55 3801 149 3843; x_wconf 81' lang='lat' dir='ltr'><strong>servus</strong></span> <span class='ocrx_word' id='word_1_559' title='bbox 163 3795 230 3856; x_wconf 88' lang='lat' dir='ltr'><strong>erat,</strong></span> <span class='ocrx_word' id='word_1_560' title='bbox 249 3778 391 3861; x_wconf 79' lang='lat' dir='ltr'><strong>diguitatis</strong></span> <span class='ocrx_word' id='word_1_561' title='bbox 410 3777 536 3839; x_wconf 76' lang='lat' dir='ltr'><strong>maxima</strong></span> <span class='ocrx_word' id='word_1_562' title='bbox 552 3779 611 3838; x_wconf 93' lang='lat' dir='ltr'><strong>loco</strong></span> <span class='ocrx_word' id='word_1_563' title='bbox 630 3779 708 3860; x_wconf 91' lang='lat' dir='ltr'><strong>ponit</strong></span> <span class='ocrx_word' id='word_1_564' title='bbox 721 3777 800 3855; x_wconf 87' lang='lat' dir='ltr'><strong>illud,</strong></span> <span class='ocrx_word' id='word_1_565' title='bbox 855 3785 941 3844; x_wconf 68' lang='grc' dir='ltr'><strong>καίτοι</strong></span> <span class='ocrx_word' id='word_1_566' title='bbox 961 3781 1008 3844; x_wconf 73' lang='grc' dir='ltr'><strong>καί</strong></span> <span class='ocrx_word' id='word_1_567' title='bbox 1030 3781 1153 3840; x_wconf 89' lang='grc' dir='ltr'><strong>Ἰουδαῖοι</strong></span> <span class='ocrx_word' id='word_1_568' title='bbox 1173 3778 1271 3846; x_wconf 87' lang='grc' dir='ltr'><strong>πάντες</strong></span> <span class='ocrx_word' id='word_1_569' title='bbox 1297 3779 1455 3859; x_wconf 86' lang='grc' dir='ltr'><strong>θεράποντες</strong></span> <span class='ocrx_word' id='word_1_570' title='bbox 1473 3770 1553 3852; x_wconf 67' lang='grc' dir='ltr'><strong>ἦσαν,</strong></span> <span class='ocrx_word' id='word_1_571' title='bbox 1570 3778 1626 3837; x_wconf 87' lang='grc' dir='ltr'><strong>ἀλλ’</strong></span> 
     </span>
     <span class='ocr_line' id='line_1_38' title="bbox 56 3859 1626 3957; baseline -0.007 -20"><span class='ocrx_word' id='word_1_572' title='bbox 56 3876 160 3937; x_wconf 70' lang='grc' dir='ltr'><strong>δεσυντ</strong></span> <span class='ocrx_word' id='word_1_573' title='bbox 181 3878 254 3937; x_wconf 80' lang='lat' dir='ltr'><strong>lesu</strong></span> <span class='ocrx_word' id='word_1_574' title='bbox 274 3875 386 3935; x_wconf 78' lang='lat' dir='ltr'><strong>Christi</strong></span> <span class='ocrx_word' id='word_1_575' title='bbox 401 3898 409 3931; x_wconf 82' lang='grc' dir='ltr'><strong>ι</strong></span> <span class='ocrx_word' id='word_1_576' title='bbox 424 3887 450 3932; x_wconf 90' lang='lat' dir='ltr'><strong>et</strong></span> <span class='ocrx_word' id='word_1_577' title='bbox 465 3872 672 3957; x_wconf 83' lang='lat' dir='ltr'><strong>dispensationis</strong></span> <span class='ocrx_word' id='word_1_578' title='bbox 692 3870 801 3933; x_wconf 84' lang='lat' dir='ltr'><strong>nomina</strong></span> <span class='ocrx_word' id='word_1_579' title='bbox 854 3875 1019 3955; x_wconf 79' lang='grc' dir='ltr'><strong>ἐξαιρίτωςό</strong></span> <span class='ocrx_word' id='word_1_580' title='bbox 1034 3875 1152 3943; x_wconf 81' lang='grc' dir='ltr'><strong>Μωϋσῆς</strong></span> <span class='ocrx_word' id='word_1_581' title='bbox 1166 3869 1287 3949; x_wconf 78' lang='grc' dir='ltr'><strong>πολιτεία</strong></span> <span class='ocrx_word' id='word_1_582' title='bbox 1301 3870 1468 3948; x_wconf 84' lang='grc' dir='ltr'><strong>διαλάμπων.</strong></span> <span class='ocrx_word' id='word_1_583' title='bbox 1485 3869 1564 3930; x_wconf 72' lang='lat' dir='ltr'><strong>’llari</strong></span> <span class='ocrx_word' id='word_1_584' title='bbox 1584 3859 1626 3928; x_wconf 72' lang='lat' dir='ltr'><strong>olo</strong></span> 
     </span>
     <span class='ocr_line' id='line_1_39' title="bbox 55 3951 1627 4048; baseline -0.007 -19"><span class='ocrx_word' id='word_1_585' title='bbox 55 3968 187 4048; x_wconf 86' lang='lat' dir='ltr'><strong>obtendit,</strong></span> <span class='ocrx_word' id='word_1_586' title='bbox 202 3969 238 4028; x_wconf 88' lang='lat' dir='ltr'><strong>ab</strong></span> <span class='ocrx_word' id='word_1_587' title='bbox 253 3965 428 4028; x_wconf 80' lang='lat' dir='ltr'><strong>inferioribus</strong></span> <span class='ocrx_word' id='word_1_588' title='bbox 442 3965 478 4025; x_wconf 90' lang='lat' dir='ltr'><strong>ad</strong></span> <span class='ocrx_word' id='word_1_589' title='bbox 494 3963 633 4046; x_wconf 59' lang='lat' dir='ltr'><strong>asperiora</strong></span> <span class='ocrx_word' id='word_1_590' title='bbox 646 3964 800 4025; x_wconf 83' lang='lat' dir='ltr'><strong>ascendens.</strong></span> <span class='ocrx_word' id='word_1_591' title='bbox 855 3968 925 4029; x_wconf 74' lang='grc' dir='ltr'><strong>κατὰ</strong></span> <span class='ocrx_word' id='word_1_592' title='bbox 939 3966 1040 4033; x_wconf 86' lang='grc' dir='ltr'><strong>πάντας</strong></span> <span class='ocrx_word' id='word_1_593' title='bbox 1053 3962 1112 4032; x_wconf 77' lang='grc' dir='ltr'><strong>τοὺς</strong></span> <span class='ocrx_word' id='word_1_594' title='bbox 1124 3962 1236 4045; x_wconf 83' lang='grc' dir='ltr'><strong>τρόπους</strong></span> <span class='ocrx_word' id='word_1_595' title='bbox 1248 3960 1316 4035; x_wconf 79' lang='grc' dir='ltr'><strong>Ι’τῆς</strong></span> <span class='ocrx_word' id='word_1_596' title='bbox 1333 3962 1452 4030; x_wconf 77' lang='grc' dir='ltr'><strong>δουλείας</strong></span> <span class='ocrx_word' id='word_1_597' title='bbox 1464 3963 1556 4030; x_wconf 86' lang='grc' dir='ltr'><strong>δοῦλος</strong></span> <span class='ocrx_word' id='word_1_598' title='bbox 1568 3951 1627 4034; x_wconf 68' lang='lat' dir='ltr'><strong>hrt</strong></span> 
     </span>
     <span class='ocr_line' id='line_1_40' title="bbox 56 4053 1627 4144; baseline -0.008 -21"><span class='ocrx_word' id='word_1_599' title='bbox 56 4065 159 4123; x_wconf 87' lang='lat' dir='ltr'><strong>Nomen</strong></span> <span class='ocrx_word' id='word_1_600' title='bbox 174 4063 274 4144; x_wconf 84' lang='lat' dir='ltr'><strong>quippe</strong></span> <span class='ocrx_word' id='word_1_601' title='bbox 286 4063 351 4122; x_wconf 88' lang='lat' dir='ltr'><strong>lesu</strong></span> <span class='ocrx_word' id='word_1_602' title='bbox 364 4061 451 4119; x_wconf 84' lang='lat' dir='ltr'><strong>ferens</strong></span> <span class='ocrx_word' id='word_1_603' title='bbox 463 4058 576 4139; x_wconf 78' lang='lat' dir='ltr'><strong>angelus</strong></span> <span class='ocrx_word' id='word_1_604' title='bbox 588 4059 664 4119; x_wconf 85' lang='lat' dir='ltr'><strong>venit</strong></span> <span class='ocrx_word' id='word_1_605' title='bbox 674 4058 709 4118; x_wconf 89' lang='lat' dir='ltr'><strong>de</strong></span> <span class='ocrx_word' id='word_1_606' title='bbox 720 4057 802 4134; x_wconf 85' lang='lat' dir='ltr'><strong>caelis,</strong></span> <span class='ocrx_word' id='word_1_607' title='bbox 855 4063 977 4134; x_wconf 87' lang='grc' dir='ltr'><strong>Παῦλος,</strong></span> <span class='ocrx_word' id='word_1_608' title='bbox 988 4058 1047 4118; x_wconf 78' lang='grc' dir='ltr'><strong>ἀντὶ</strong></span> <span class='ocrx_word' id='word_1_609' title='bbox 1056 4056 1180 4136; x_wconf 85' lang='grc' dir='ltr'><strong>μεγίστου</strong></span> <span class='ocrx_word' id='word_1_610' title='bbox 1191 4053 1340 4133; x_wconf 79' lang='grc' dir='ltr'><strong>ἀξιώματος</strong></span> <span class='ocrx_word' id='word_1_611' title='bbox 1349 4053 1525 4127; x_wconf 86' lang='grc' dir='ltr'><strong>τοῦτοτίθησι</strong></span> <span class='ocrx_word' id='word_1_612' title='bbox 1535 4053 1627 4132; x_wconf 78' lang='grc' dir='ltr'><strong>λέγων,</strong></span> 
     </span>
     <span class='ocr_line' id='line_1_41' title="bbox 56 4145 1628 4232; baseline -0.006 -18"><span class='ocrx_word' id='word_1_613' title='bbox 56 4154 164 4232; x_wconf 86' lang='lat' dir='ltr'><strong>quaudo</strong></span> <span class='ocrx_word' id='word_1_614' title='bbox 175 4154 220 4213; x_wconf 88' lang='lat' dir='ltr'><strong>ille</strong></span> <span class='ocrx_word' id='word_1_615' title='bbox 234 4166 313 4212; x_wconf 90' lang='lat' dir='ltr'><strong>natus</strong></span> <span class='ocrx_word' id='word_1_616' title='bbox 327 4165 366 4210; x_wconf 77' lang='lat' dir='ltr'><strong>est</strong></span> <span class='ocrx_word' id='word_1_617' title='bbox 380 4150 415 4210; x_wconf 89' lang='lat' dir='ltr'><strong>de</strong></span> <span class='ocrx_word' id='word_1_618' title='bbox 425 4150 541 4230; x_wconf 77' lang='lat' dir='ltr'><strong>Virgine</strong></span> <span class='ocrx_word' id='word_1_619' title='bbox 553 4173 562 4226; x_wconf 90' lang='lat'>;</span> <span class='ocrx_word' id='word_1_620' title='bbox 576 4151 700 4210; x_wconf 85' lang='lat' dir='ltr'><strong>Christus</strong></span> <span class='ocrx_word' id='word_1_621' title='bbox 713 4164 803 4209; x_wconf 87' lang='lat' dir='ltr'><strong>autem</strong></span> <span class='ocrx_word' id='word_1_622' title='bbox 857 4154 956 4220; x_wconf 86' lang='grc' dir='ltr'><strong>Δοῦλος</strong></span> <span class='ocrx_word' id='word_1_623' title='bbox 975 4149 1064 4222; x_wconf 86' lang='grc' dir='ltr'><strong>Ἰησοῦ</strong></span> <span class='ocrx_word' id='word_1_624' title='bbox 1079 4149 1210 4226; x_wconf 86' lang='grc' dir='ltr'><strong>Χριστοῦ·</strong></span> <span class='ocrx_word' id='word_1_625' title='bbox 1224 4147 1270 4206; x_wconf 82' lang='grc' dir='ltr'><strong>καλ</strong></span> <span class='ocrx_word' id='word_1_626' title='bbox 1283 4146 1318 4207; x_wconf 85' lang='grc' dir='ltr'><strong>τά</strong></span> <span class='ocrx_word' id='word_1_627' title='bbox 1336 4150 1383 4218; x_wconf 82' lang='grc' dir='ltr'><strong>τῆς</strong></span> <span class='ocrx_word' id='word_1_628' title='bbox 1397 4146 1548 4225; x_wconf 83' lang='grc' dir='ltr'><strong>οἰκονομίας</strong></span> <span class='ocrx_word' id='word_1_629' title='bbox 1568 4145 1628 4206; x_wconf 82' lang='grc' dir='ltr'><strong>δνό-</strong></span> 
     </span>
     <span class='ocr_line' id='line_1_42' title="bbox 57 4235 1630 4323; baseline -0.007 -18"><span class='ocrx_word' id='word_1_630' title='bbox 57 4247 92 4305; x_wconf 87' lang='lat' dir='ltr'><strong>ab</strong></span> <span class='ocrx_word' id='word_1_631' title='bbox 111 4247 236 4306; x_wconf 86' lang='lat' dir='ltr'><strong>unctione</strong></span> <span class='ocrx_word' id='word_1_632' title='bbox 253 4244 363 4319; x_wconf 87' lang='lat' dir='ltr'><strong>dicitur,</strong></span> <span class='ocrx_word' id='word_1_633' title='bbox 380 4243 453 4323; x_wconf 90' lang='lat' dir='ltr'><strong>quod</strong></span> <span class='ocrx_word' id='word_1_634' title='bbox 474 4244 554 4303; x_wconf 85' lang='lat' dir='ltr'><strong>etiam</strong></span> <span class='ocrx_word' id='word_1_635' title='bbox 574 4243 662 4303; x_wconf 86' lang='lat' dir='ltr'><strong>carnis</strong></span> <span class='ocrx_word' id='word_1_636' title='bbox 679 4257 746 4303; x_wconf 89' lang='lat' dir='ltr'><strong>erat.</strong></span> <span class='ocrx_word' id='word_1_637' title='bbox 767 4241 803 4301; x_wconf 87' lang='lat' dir='ltr'><strong>Et</strong></span> <span class='ocrx_word' id='word_1_638' title='bbox 821 4257 839 4303; x_wconf 86' lang='lat' dir='ltr'><strong>n</strong></span> <span class='ocrx_word' id='word_1_639' title='bbox 859 4267 930 4323; x_wconf 87' lang='grc' dir='ltr'><strong>ματα</strong></span> <span class='ocrx_word' id='word_1_640' title='bbox 956 4240 1150 4323; x_wconf 76' lang='grc' dir='ltr'><strong>προόάλλεται,</strong></span> <span class='ocrx_word' id='word_1_641' title='bbox 1174 4236 1291 4298; x_wconf 83' lang='grc' dir='ltr'><strong>κάτωθεν</strong></span> <span class='ocrx_word' id='word_1_642' title='bbox 1314 4237 1463 4299; x_wconf 77' lang='grc' dir='ltr'><strong>ἀναόαίνων</strong></span> <span class='ocrx_word' id='word_1_643' title='bbox 1486 4237 1553 4298; x_wconf 88' lang='grc' dir='ltr'><strong>άνω.</strong></span> <span class='ocrx_word' id='word_1_644' title='bbox 1577 4235 1630 4297; x_wconf 75' lang='grc' dir='ltr'><strong>Καὶ</strong></span> 
     </span>
     <span class='ocr_line' id='line_1_43' title="bbox 58 4322 1630 4419; baseline -0.005 -21"><span class='ocrx_word' id='word_1_645' title='bbox 58 4360 124 4419; x_wconf 85' lang='lat' dir='ltr'><strong>quo,</strong></span> <span class='ocrx_word' id='word_1_646' title='bbox 136 4339 253 4418; x_wconf 86' lang='lat' dir='ltr'><strong>inquies,</strong></span> <span class='ocrx_word' id='word_1_647' title='bbox 268 4337 327 4396; x_wconf 87' lang='lat' dir='ltr'><strong>oleo</strong></span> <span class='ocrx_word' id='word_1_648' title='bbox 341 4351 438 4397; x_wconf 91' lang='lat' dir='ltr'><strong>unctus</strong></span> <span class='ocrx_word' id='word_1_649' title='bbox 455 4337 517 4396; x_wconf 78' lang='lat' dir='ltr'><strong>est?</strong></span> <span class='ocrx_word' id='word_1_650' title='bbox 534 4336 602 4397; x_wconf 85' lang='lat' dir='ltr'><strong>Oleo</strong></span> <span class='ocrx_word' id='word_1_651' title='bbox 619 4335 730 4414; x_wconf 91' lang='lat' dir='ltr'><strong>quidem</strong></span> <span class='ocrx_word' id='word_1_652' title='bbox 747 4354 803 4396; x_wconf 90' lang='lat' dir='ltr'><strong>uon</strong></span> <span class='ocrx_word' id='word_1_653' title='bbox 856 4335 909 4418; x_wconf 77' lang='grc' dir='ltr'><strong>γὰρ</strong></span> <span class='ocrx_word' id='word_1_654' title='bbox 922 4334 953 4395; x_wconf 85' lang='grc' dir='ltr'><strong>τδ</strong></span> <span class='ocrx_word' id='word_1_655' title='bbox 972 4334 1075 4407; x_wconf 84' lang='grc' dir='ltr'><strong>Ἰησοῦς</strong></span> <span class='ocrx_word' id='word_1_656' title='bbox 1088 4332 1171 4410; x_wconf 87' lang='grc' dir='ltr'><strong>άνομα</strong></span> <span class='ocrx_word' id='word_1_657' title='bbox 1190 4331 1277 4415; x_wconf 82' lang='grc' dir='ltr'><strong>ράρων</strong></span> <span class='ocrx_word' id='word_1_658' title='bbox 1291 4336 1306 4391; x_wconf 88' lang='grc' dir='ltr'><strong>δ</strong></span> <span class='ocrx_word' id='word_1_659' title='bbox 1319 4331 1429 4410; x_wconf 78' lang='grc' dir='ltr'><strong>άηγιλος</strong></span> <span class='ocrx_word' id='word_1_660' title='bbox 1440 4322 1520 4403; x_wconf 64' lang='grc' dir='ltr'><strong>ἦλθεν</strong></span> <span class='ocrx_word' id='word_1_661' title='bbox 1535 4333 1566 4390; x_wconf 81' lang='grc' dir='ltr'><strong>ἐκ</strong></span> <span class='ocrx_word' id='word_1_662' title='bbox 1578 4333 1630 4390; x_wconf 80' lang='grc' dir='ltr'><strong>τῶν</strong></span> 
     </span>
     <span class='ocr_line' id='line_1_44' title="bbox 58 4421 1632 4509; baseline -0.004 -22"><span class='ocrx_word' id='word_1_663' title='bbox 58 4443 155 4490; x_wconf 87' lang='lat' dir='ltr'><strong>unctus</strong></span> <span class='ocrx_word' id='word_1_664' title='bbox 165 4445 215 4508; x_wconf 86' lang='lat' dir='ltr'><strong>est,</strong></span> <span class='ocrx_word' id='word_1_665' title='bbox 228 4429 276 4489; x_wconf 85' lang='lat' dir='ltr'><strong>sed</strong></span> <span class='ocrx_word' id='word_1_666' title='bbox 286 4428 390 4509; x_wconf 86' lang='lat' dir='ltr'><strong>Spiritu</strong></span> <span class='ocrx_word' id='word_1_667' title='bbox 404 4452 411 4485; x_wconf 84' lang='grc' dir='ltr'><strong>ι</strong></span> <span class='ocrx_word' id='word_1_668' title='bbox 424 4427 490 4487; x_wconf 88' lang='lat' dir='ltr'><strong>solet</strong></span> <span class='ocrx_word' id='word_1_669' title='bbox 502 4441 591 4487; x_wconf 87' lang='lat' dir='ltr'><strong>autem</strong></span> <span class='ocrx_word' id='word_1_670' title='bbox 602 4429 741 4508; x_wconf 84' lang='lat' dir='ltr'><strong>Scriptura</strong></span> <span class='ocrx_word' id='word_1_671' title='bbox 749 4429 804 4490; x_wconf 87' lang='lat' dir='ltr'><strong>hu·</strong></span> <span class='ocrx_word' id='word_1_672' title='bbox 857 4430 983 4508; x_wconf 81' lang='grc' dir='ltr'><strong>οῦρανιῦν,</strong></span> <span class='ocrx_word' id='word_1_673' title='bbox 996 4425 1042 4486; x_wconf 81' lang='grc' dir='ltr'><strong>ὅτε</strong></span> <span class='ocrx_word' id='word_1_674' title='bbox 1054 4423 1170 4485; x_wconf 78' lang='grc' dir='ltr'><strong>ἐτίκτετο</strong></span> <span class='ocrx_word' id='word_1_675' title='bbox 1183 4427 1213 4484; x_wconf 74' lang='grc' dir='ltr'><strong>ἐκ</strong></span> <span class='ocrx_word' id='word_1_676' title='bbox 1226 4428 1274 4495; x_wconf 74' lang='grc' dir='ltr'><strong>τῆς</strong></span> <span class='ocrx_word' id='word_1_677' title='bbox 1292 4421 1444 4504; x_wconf 81' lang='grc' dir='ltr'><strong>Παρθένου·</strong></span> <span class='ocrx_word' id='word_1_678' title='bbox 1459 4422 1505 4482; x_wconf 82' lang='grc' dir='ltr'><strong>καὶ</strong></span> <span class='ocrx_word' id='word_1_679' title='bbox 1519 4421 1632 4504; x_wconf 81' lang='grc' dir='ltr'><strong>Χριστός</strong></span> 
     </span>
     <span class='ocr_line' id='line_1_45' title="bbox 56 4514 1632 4605; baseline -0.004 -24"><span class='ocrx_word' id='word_1_680' title='bbox 56 4523 177 4605; x_wconf 89' lang='lat' dir='ltr'><strong>jusmodi</strong></span> <span class='ocrx_word' id='word_1_681' title='bbox 191 4535 287 4582; x_wconf 92' lang='lat' dir='ltr'><strong>unetos</strong></span> <span class='ocrx_word' id='word_1_682' title='bbox 306 4541 401 4582; x_wconf 82' lang='lat' dir='ltr'><strong>vocare</strong></span> <span class='ocrx_word' id='word_1_683' title='bbox 413 4519 536 4580; x_wconf 87' lang='lat' dir='ltr'><strong>christos.</strong></span> <span class='ocrx_word' id='word_1_684' title='bbox 551 4523 582 4581; x_wconf 90' lang='lat' dir='ltr'><strong>ln</strong></span> <span class='ocrx_word' id='word_1_685' title='bbox 592 4520 716 4580; x_wconf 87' lang='lat' dir='ltr'><strong>unctione</strong></span> <span class='ocrx_word' id='word_1_686' title='bbox 723 4521 804 4603; x_wconf 88' lang='lat' dir='ltr'><strong>quip·</strong></span> <span class='ocrx_word' id='word_1_687' title='bbox 857 4521 885 4583; x_wconf 71' lang='lat' dir='ltr'><strong>hl</strong></span> <span class='ocrx_word' id='word_1_688' title='bbox 901 4520 955 4581; x_wconf 85' lang='grc' dir='ltr'><strong>ἀπὸ</strong></span> <span class='ocrx_word' id='word_1_689' title='bbox 966 4525 1014 4579; x_wconf 86' lang='grc' dir='ltr'><strong>τοῦ</strong></span> <span class='ocrx_word' id='word_1_690' title='bbox 1028 4519 1171 4599; x_wconf 81' lang='grc' dir='ltr'><strong>χρισθῆναι</strong></span> <span class='ocrx_word' id='word_1_691' title='bbox 1181 4516 1288 4597; x_wconf 77' lang='grc' dir='ltr'><strong>λέγεται</strong></span> <span class='ocrx_word' id='word_1_692' title='bbox 1299 4561 1307 4591; x_wconf 92' lang='grc'><strong>,</strong></span> <span class='ocrx_word' id='word_1_693' title='bbox 1320 4514 1467 4599; x_wconf 57' lang='grc' dir='ltr'><strong>θκαλςότδ</strong></span> <span class='ocrx_word' id='word_1_694' title='bbox 1477 4517 1527 4586; x_wconf 75' lang='grc' dir='ltr'><strong>τῆς</strong></span> <span class='ocrx_word' id='word_1_695' title='bbox 1536 4514 1632 4596; x_wconf 77' lang='grc' dir='ltr'><strong>σαρκός</strong></span> 
     </span>
     <span class='ocr_line' id='line_1_46' title="bbox 58 4604 1633 4699; baseline -0.006 -22"><span class='ocrx_word' id='word_1_696' title='bbox 58 4638 103 4699; x_wconf 89' lang='lat' dir='ltr'><strong>pe,</strong></span> <span class='ocrx_word' id='word_1_697' title='bbox 119 4613 193 4695; x_wconf 90' lang='lat' dir='ltr'><strong>quod</strong></span> <span class='ocrx_word' id='word_1_698' title='bbox 207 4613 386 4697; x_wconf 75' lang='lat' dir='ltr'><strong>praecipuum,</strong></span> <span class='ocrx_word' id='word_1_699' title='bbox 401 4611 519 4694; x_wconf 90' lang='lat' dir='ltr'><strong>Spiritus</strong></span> <span class='ocrx_word' id='word_1_700' title='bbox 531 4625 589 4688; x_wconf 80' lang='lat' dir='ltr'><strong>est3</strong></span> <span class='ocrx_word' id='word_1_701' title='bbox 603 4611 664 4671; x_wconf 86' lang='lat' dir='ltr'><strong>ideo</strong></span> <span class='ocrx_word' id='word_1_702' title='bbox 677 4626 704 4672; x_wconf 89' lang='lat' dir='ltr'><strong>et</strong></span> <span class='ocrx_word' id='word_1_703' title='bbox 714 4613 803 4673; x_wconf 90' lang='lat' dir='ltr'><strong>oleum</strong></span> <span class='ocrx_word' id='word_1_704' title='bbox 858 4604 900 4687; x_wconf 68' lang='lat' dir='ltr'><strong>ho.</strong></span> <span class='ocrx_word' id='word_1_705' title='bbox 911 4610 966 4673; x_wconf 84' lang='lat' dir='ltr'><strong>Kal</strong></span> <span class='ocrx_word' id='word_1_706' title='bbox 975 4610 1061 4692; x_wconf 85' lang='grc' dir='ltr'><strong>ποίῳ,</strong></span> <span class='ocrx_word' id='word_1_707' title='bbox 1072 4608 1161 4689; x_wconf 78' lang='grc' dir='ltr'><strong>φησίν,</strong></span> <span class='ocrx_word' id='word_1_708' title='bbox 1175 4607 1255 4689; x_wconf 77' lang='grc' dir='ltr'><strong>ἐλαίῳ</strong></span> <span class='ocrx_word' id='word_1_709' title='bbox 1266 4606 1391 4689; x_wconf 71' lang='grc' dir='ltr'><strong>ἐχρίσθης</strong></span> <span class='ocrx_word' id='word_1_710' title='bbox 1406 4604 1511 4690; x_wconf 82' lang='grc' dir='ltr'><strong>Ἐλαίιρ</strong></span> <span class='ocrx_word' id='word_1_711' title='bbox 1523 4607 1571 4686; x_wconf 79' lang='grc' dir='ltr'><strong>μὲν</strong></span> <span class='ocrx_word' id='word_1_712' title='bbox 1586 4609 1633 4668; x_wconf 77' lang='grc' dir='ltr'><strong>οῦκ</strong></span> 
     </span>
     <span class='ocr_line' id='line_1_47' title="bbox 58 4690 1633 4788; baseline -0.007 -17"><span class='ocrx_word' id='word_1_713' title='bbox 58 4709 214 4771; x_wconf 80' lang='lat' dir='ltr'><strong>assumitur.</strong></span> <span class='ocrx_word' id='word_1_714' title='bbox 231 4707 268 4768; x_wconf 81' lang='lat' dir='ltr'><strong>Et</strong></span> <span class='ocrx_word' id='word_1_715' title='bbox 282 4704 393 4766; x_wconf 88' lang='lat' dir='ltr'><strong>ubinam</strong></span> <span class='ocrx_word' id='word_1_716' title='bbox 404 4704 519 4765; x_wconf 89' lang='lat' dir='ltr'><strong>christos</strong></span> <span class='ocrx_word' id='word_1_717' title='bbox 534 4718 613 4764; x_wconf 82' lang='lat' dir='ltr'><strong>vocat</strong></span> <span class='ocrx_word' id='word_1_718' title='bbox 624 4726 679 4778; x_wconf 91' lang='lat' dir='ltr'><strong>eos,</strong></span> <span class='ocrx_word' id='word_1_719' title='bbox 689 4704 737 4785; x_wconf 91' lang='lat' dir='ltr'><strong>qui</strong></span> <span class='ocrx_word' id='word_1_720' title='bbox 750 4727 802 4766; x_wconf 92' lang='lat' dir='ltr'><strong>nou</strong></span> <span class='ocrx_word' id='word_1_721' title='bbox 859 4704 989 4788; x_wconf 78' lang='grc' dir='ltr'><strong>ἐχρίσθη,</strong></span> <span class='ocrx_word' id='word_1_722' title='bbox 1009 4701 1147 4780; x_wconf 78' lang='grc' dir='ltr'><strong>Πνεῦματι</strong></span> <span class='ocrx_word' id='word_1_723' title='bbox 1172 4699 1212 4761; x_wconf 78' lang='grc' dir='ltr'><strong>δέ·</strong></span> <span class='ocrx_word' id='word_1_724' title='bbox 1239 4690 1292 4760; x_wconf 80' lang='grc' dir='ltr'><strong>οἶδε</strong></span> <span class='ocrx_word' id='word_1_725' title='bbox 1306 4698 1333 4760; x_wconf 81' lang='grc' dir='ltr'><strong>δὲ</strong></span> <span class='ocrx_word' id='word_1_726' title='bbox 1360 4699 1406 4759; x_wconf 82' lang='grc' dir='ltr'><strong>καί</strong></span> <span class='ocrx_word' id='word_1_727' title='bbox 1424 4697 1486 4769; x_wconf 78' lang='grc' dir='ltr'><strong>τοὺς</strong></span> <span class='ocrx_word' id='word_1_728' title='bbox 1503 4699 1633 4767; x_wconf 77' lang='grc' dir='ltr'><strong>τοιοίτους</strong></span> 
     </span>
     <span class='ocr_line' id='line_1_48' title="bbox 1 4792 1632 4879; baseline -0.008 -15"><span class='ocrx_word' id='word_1_729' title='bbox 1 4811 47 4868; x_wconf 75' lang='grc' dir='ltr'><strong>’ῡί-</strong></span> <span class='ocrx_word' id='word_1_730' title='bbox 58 4818 119 4863; x_wconf 90' lang='lat' dir='ltr'><strong>snut</strong></span> <span class='ocrx_word' id='word_1_731' title='bbox 133 4803 192 4864; x_wconf 86' lang='lat' dir='ltr'><strong>oleo</strong></span> <span class='ocrx_word' id='word_1_732' title='bbox 203 4800 276 4861; x_wconf 88' lang='lat' dir='ltr'><strong>uncti</strong></span> <span class='ocrx_word' id='word_1_733' title='bbox 289 4799 303 4858; x_wconf 71' lang='lat'><strong>‚⁹</strong></span> <span class='ocrx_word' id='word_1_734' title='bbox 318 4798 375 4859; x_wconf 93' lang='lat' dir='ltr'><strong>Ubi</strong></span> <span class='ocrx_word' id='word_1_735' title='bbox 389 4797 466 4873; x_wconf 86' lang='lat' dir='ltr'><strong>dicit,</strong></span> <span class='ocrx_word' id='word_1_736' title='bbox 478 4796 577 4857; x_wconf 85' lang='lat' dir='ltr'><strong>Nolite</strong></span> <span class='ocrx_word' id='word_1_737' title='bbox 589 4810 707 4878; x_wconf 78' lang='lat' dir='ltr'><strong>tangere</strong></span> <span class='ocrx_word' id='word_1_738' title='bbox 721 4800 802 4858; x_wconf 89' lang='lat' dir='ltr'><strong>chri·</strong></span> <span class='ocrx_word' id='word_1_739' title='bbox 859 4797 1013 4879; x_wconf 78' lang='grc' dir='ltr'><strong>χριστοθςή</strong></span> <span class='ocrx_word' id='word_1_740' title='bbox 1035 4794 1128 4878; x_wconf 78' lang='grc' dir='ltr'><strong>Γραρλ</strong></span> <span class='ocrx_word' id='word_1_741' title='bbox 1143 4795 1242 4855; x_wconf 89' lang='grc' dir='ltr'><strong>καλεῖν.</strong></span> <span class='ocrx_word' id='word_1_742' title='bbox 1257 4797 1283 4852; x_wconf 86' lang='grc' dir='ltr'><strong>Τ</strong></span> <span class='ocrx_word' id='word_1_743' title='bbox 1284 4792 1298 4851; x_wconf 88' lang='grc' dir='ltr'><strong>δ</strong></span> <span class='ocrx_word' id='word_1_744' title='bbox 1320 4792 1372 4874; x_wconf 77' lang='grc' dir='ltr'><strong>γὰρ</strong></span> <span class='ocrx_word' id='word_1_745' title='bbox 1394 4793 1593 4874; x_wconf 80' lang='grc' dir='ltr'><strong>προηγούμενον</strong></span> <span class='ocrx_word' id='word_1_746' title='bbox 1608 4795 1632 4852; x_wconf 73' lang='grc' dir='ltr'><strong>ἐν</strong></span> 
     </span>
    </p>
   </div>
   <div class='ocr_carea' id='block_1_3' title="bbox 91 5008 1631 5246">
    <p class='ocr_par' dir='ltr' id='par_1_3' title="bbox 91 5008 1631 5246">
     <span class='ocr_line' id='line_1_49' title="bbox 91 5008 1631 5082; baseline -0.008 -12"><span class='ocrx_word' id='word_1_747' title='bbox 91 5037 100 5058; x_wconf 72' lang='lat' dir='ltr'><strong>r</strong></span> <span class='ocrx_word' id='word_1_748' title='bbox 120 5022 175 5071; x_wconf 83' lang='lat' dir='ltr'><strong>Duo</strong></span> <span class='ocrx_word' id='word_1_749' title='bbox 185 5020 242 5071; x_wconf 74' lang='lat' dir='ltr'><strong>llas.</strong></span> <span class='ocrx_word' id='word_1_750' title='bbox 255 5026 336 5076; x_wconf 75' lang='grc' dir='ltr'><strong>τίθησι.</strong></span> <span class='ocrx_word' id='word_1_751' title='bbox 348 5018 385 5082; x_wconf 75' lang='grc' dir='ltr'><strong>[τὸ</strong></span> <span class='ocrx_word' id='word_1_752' title='bbox 397 5022 469 5081; x_wconf 79' lang='grc' dir='ltr'><strong>ὄνομα</strong></span> <span class='ocrx_word' id='word_1_753' title='bbox 481 5021 553 5073; x_wconf 74' lang='grc' dir='ltr'><strong>τίθησι</strong></span> <span class='ocrx_word' id='word_1_754' title='bbox 564 5016 605 5078; x_wconf 42' lang='grc' dir='ltr'><strong>θ’]</strong></span> <span class='ocrx_word' id='word_1_755' title='bbox 872 5013 947 5068; x_wconf 86' lang='lat' dir='ltr'><strong>lectio</strong></span> <span class='ocrx_word' id='word_1_756' title='bbox 958 5015 984 5064; x_wconf 90' lang='lat' dir='ltr'><strong>in</strong></span> <span class='ocrx_word' id='word_1_757' title='bbox 1005 5011 1090 5065; x_wconf 85' lang='lat' dir='ltr'><strong>multis</strong></span> <span class='ocrx_word' id='word_1_758' title='bbox 1105 5009 1170 5062; x_wconf 76' lang='grc' dir='ltr'><strong>Νυνὶ</strong></span> <span class='ocrx_word' id='word_1_759' title='bbox 1181 5009 1340 5061; x_wconf 82' lang='lat' dir='ltr'><strong>Testamenti</strong></span> <span class='ocrx_word' id='word_1_760' title='bbox 1357 5008 1535 5075; x_wconf 78' lang='lat' dir='ltr'><strong>hlanuacriptis</strong></span> <span class='ocrx_word' id='word_1_761' title='bbox 1546 5008 1631 5060; x_wconf 81' lang='lat' dir='ltr'><strong>fertur.</strong></span> 
     </span>
     <span class='ocr_line' id='line_1_50' title="bbox 92 5086 1630 5168; baseline -0.021 -15"><span class='ocrx_word' id='word_1_762' title='bbox 92 5098 104 5135; x_wconf 77' lang='lat'><strong>¹¹</strong></span> <span class='ocrx_word' id='word_1_763' title='bbox 123 5099 253 5168; x_wconf 70' lang='grc' dir='ltr'><strong>[προρῆτοιί</strong></span> <span class='ocrx_word' id='word_1_764' title='bbox 265 5118 320 5154; x_wconf 82' lang='grc' dir='ltr'><strong>τινες</strong></span> <span class='ocrx_word' id='word_1_765' title='bbox 333 5097 360 5144; x_wconf 83' lang='grc' dir='ltr'><strong>Α.</strong></span> <span class='ocrx_word' id='word_1_766' title='bbox 376 5104 401 5143; x_wconf 86' lang='lat' dir='ltr'><strong>ct</strong></span> <span class='ocrx_word' id='word_1_767' title='bbox 413 5111 492 5159; x_wconf 77' lang='lat' dir='ltr'><strong>marg.</strong></span> <span class='ocrx_word' id='word_1_768' title='bbox 505 5090 596 5157; x_wconf 68' lang='lat' dir='ltr'><strong>Sunii]</strong></span> <span class='ocrx_word' id='word_1_769' title='bbox 904 5094 917 5132; x_wconf 81' lang='lat' dir='ltr'><strong>h</strong></span> <span class='ocrx_word' id='word_1_770' title='bbox 936 5091 1016 5143; x_wconf 65' lang='lat' dir='ltr'><strong>Iidem</strong></span> <span class='ocrx_word' id='word_1_771' title='bbox 1031 5092 1122 5159; x_wconf 38' lang='lat' dir='ltr'><strong>[marg.</strong></span> <span class='ocrx_word' id='word_1_772' title='bbox 1134 5086 1209 5141; x_wconf 56' lang='lat' dir='ltr'><strong>Sapit,</strong></span> <span class='ocrx_word' id='word_1_773' title='bbox 1221 5099 1246 5138; x_wconf 71' lang='grc' dir='ltr'><strong>οι</strong></span> <span class='ocrx_word' id='word_1_774' title='bbox 1264 5088 1305 5153; x_wconf 76' lang='grc' dir='ltr'><strong>Λ,]</strong></span> <span class='ocrx_word' id='word_1_775' title='bbox 1319 5100 1358 5147; x_wconf 60' lang='grc' dir='ltr'><strong>,ἧς</strong></span> <span class='ocrx_word' id='word_1_776' title='bbox 1376 5095 1509 5153; x_wconf 33' lang='lat' dir='ltr'><strong>ommis.</strong></span> <span class='ocrx_word' id='word_1_777' title='bbox 1526 5092 1630 5147; x_wconf 43' lang='grc' dir='ltr'><strong>ὄφλω</strong></span> 
     </span>
     <span class='ocr_line' id='line_1_51' title="bbox 91 5169 823 5246; baseline -0.007 -18"><span class='ocrx_word' id='word_1_778' title='bbox 91 5191 102 5213; x_wconf 84' lang='grc'><strong>·</strong></span> <span class='ocrx_word' id='word_1_779' title='bbox 121 5184 143 5228; x_wconf 74' lang='lat' dir='ltr'><strong>ta</strong></span> <span class='ocrx_word' id='word_1_780' title='bbox 156 5183 258 5246; x_wconf 74' lang='grc' dir='ltr'><strong>καθαρᾶς</strong></span> <span class='ocrx_word' id='word_1_781' title='bbox 271 5178 376 5242; x_wconf 79' lang='grc' dir='ltr'><strong>καρδίας,</strong></span> <span class='ocrx_word' id='word_1_782' title='bbox 389 5170 465 5223; x_wconf 84' lang='lat' dir='ltr'><strong>iidem</strong></span> <span class='ocrx_word' id='word_1_783' title='bbox 476 5173 566 5239; x_wconf 72' lang='lat' dir='ltr'><strong>[marg.</strong></span> <span class='ocrx_word' id='word_1_784' title='bbox 579 5169 655 5223; x_wconf 76' lang='lat' dir='ltr'><strong>Sutil.</strong></span> <span class='ocrx_word' id='word_1_785' title='bbox 672 5181 696 5222; x_wconf 78' lang='lat' dir='ltr'><strong>rt</strong></span> <span class='ocrx_word' id='word_1_786' title='bbox 707 5173 758 5238; x_wconf 85' lang='grc' dir='ltr'><strong>Λ.],</strong></span> <span class='ocrx_word' id='word_1_787' title='bbox 769 5189 823 5238; x_wconf 79' lang='lat' dir='ltr'><strong>quoe</strong></span> 
     </span>
    </p>
   </div>
   <div class='ocr_carea' id='block_1_4' title="bbox 0 0 1877 5978">
    <p class='ocr_par' dir='ltr' id='par_1_4' title="bbox 0 0 1877 5978">
     <span class='ocr_line' id='line_1_52' title="bbox 0 0 1877 5978; baseline 0 0"><span class='ocrx_word' id='word_1_788' title='bbox 0 0 1877 5978; x_wconf 95' lang='lat' dir='ltr'><strong> </strong></span> 
     </span>
    </p>
   </div>
  </div>
 </body>
</html>
