3728 5978
563 498 597 548 ιιι
624 497 732 549 arisr.
761 497 806 547 ao
833 498 915 547 ιιοιι.
945 500 1064 551 uorsa.
1091 501 1128 551 v.
1556 475 1632 549 511·

112 622 165 684 νται
181 622 211 684 τδ
225 621 300 707 ἔργον
310 626 355 681 τοῦ
368 621 448 701 νόμου
460 623 577 703 γραπτὸν
594 625 622 682 ίν
635 632 693 690 ταῖς
707 621 829 706 καρδίαις
881 643 947 704 quc
958 622 1031 706 legis
1045 625 1316 708 suntsociurt3boe
1329 622 1421 705 legem
1443 623 1628 683 conlaben-

112 719 154 790 ῦν,
169 712 408 795 ουρμαρτυρούσης
421 716 507 772 αὐτῶν
518 717 566 786 τῆς
579 714 760 787 συνειδήσεως.
771 713 829 796 Ἀρ·
881 727 934 788 tes,
943 718 999 775 sibi
1008 721 1078 796 ipsis
1089 728 1159 775 sunt
1170 717 1294 797 lerrqui
1306 715 1463 775 ostendunt
1473 735 1546 795 opus
1557 715 1630 796 legis
1732 748 1736 755 ,
1820 730 1823 737 ·

112 807 160 889 γὰρ
175 809 233 867 ἀντί
249 812 295 865 τοῦ
304 807 385 885 νύμου
399 807 431 867 τδ
444 807 559 874 συνειδὸς
572 807 618 866 καί
631 806 765 886 λογισμός.
776 805 828 866 Διὰ
880 810 1019 885 scriptum
1031 811 1063 865 in
1073 809 1207 867 cordibus
1218 809 1290 879 suis,
1299 802 1495 866 testimonium
1505 807 1629 865 reddan-

112 923 155 959 κον
166 897 246 967 ἔδειξα
256 898 347 970 πάλιν,
358 900 399 958 ὅτι
409 898 526 977 αὐτάρκη
538 898 583 959 τὸν
593 898 729 980 ἄνθρωπον
738 897 828 971 ἐποίη-
881 911 910 956 ια
927 899 989 958 illis
1002 903 1192 960 conscientia.
1204 898 1314 960 Sufficit
1333 897 1407 957 euim
1422 897 1545 979 prolege
1559 915 1628 956 oon-

115 989 1628 1072 ffimwwwfflfflwfflssssxfflmwmffiwfflmffifflm

112 1083 149 1151 ίας
162 1081 256 1165 φυγήν.
271 1083 324 1143 Καὶ
338 1082 376 1161 μὴ
391 1082 539 1162 θαυμάσῃς,
553 1086 576 1142 εί
586 1083 633 1142 καὶ
646 1082 717 1152 ἅπαξ
730 1084 776 1142 καὶ
789 1083 827 1151 δίς
881 1082 973 1142 secisse
983 1082 1120 1143 bominem
1134 1084 1171 1144 ad
1181 1084 1309 1144 virtutem
1322 1080 1474 1162 eligendam
1489 1095 1515 1140 et
1527 1080 1628 1142 vitium

119 1176 248 1243 πολλάκις
274 1175 338 1234 αύτὸ
361 1176 561 1244 κατασκευάζει.
587 1175 696 1257 Σρύδρα
721 1174 773 1256 γὰρ
793 1167 826 1247 ἦν
846 1175 1040 1256 Csugieuduru
1054 1176 1106 1236 sibi
1119 1176 1306 1236 sufficientem.
1321 1175 1357 1234 Et
1366 1174 1525 1248 nemireris,
1540 1173 1564 1232 si
1580 1186 1628 1233 aut
1686 1219 1689 1222 .

112 1275 197 1345 γκαῑον
208 1269 278 1346 αύτῷ
288 1266 319 1326 τδ
331 1264 473 1346 κεραλαιον
486 1266 614 1325 τοῦτοδιὰ
623 1265 682 1333 τούς
692 1265 825 1345 λέγοντας,
880 1266 924 1326 bis
937 1255 983 1327 aut
996 1281 1037 1327 ter
1054 1282 1101 1328 aut
1114 1268 1215 1349 pluries
1228 1267 1257 1326 id
1271 1267 1367 1348 probet
1379 1289 1386 1323 ι
1396 1263 1542 1325 admodum
1554 1265 1627 1324 enim

112 1357 196 1431 ῑήπυτε
218 1365 263 1418 νῦν
283 1362 298 1418 ὁ
322 1358 437 1437 Χριστὸς
451 1358 623 1438 παρεγένετος
643 1359 689 1418 καί
710 1365 762 1419 ποῦ
781 1360 825 1420 τὀν
880 1358 932 1440 ipsi
942 1358 994 1420 boc
1003 1374 1084 1441 caput
1092 1360 1272 1420 necesarium
1282 1372 1340 1418 erat
1348 1372 1457 1439 propter
1468 1378 1512 1416 eos
1524 1358 1572 1435 qui
1583 1356 1626 1417 di-

112 1455 201 1532 ροαθεν
214 1449 308 1532 χρόνω
323 1448 358 1509 τὰ
370 1453 418 1520 τῆς
434 1449 563 1521 τοσαύτης
576 1449 699 1532 προνοίας
712 1442 759 1524 ἤνγ
773 1450 826 1511 Καὶ
880 1450 975 1510 cebant
987 1475 994 1507 ε
1007 1452 1064 1510 Cur
1087 1472 1160 1511 nunc
1183 1451 1307 1511 Christus
1328 1449 1459 1510 advenit?
1474 1463 1500 1508 et
1514 1448 1627 1508 ubinam

112 1542 234 1609 ςτούτυις
247 1534 291 1603 σύν
310 1544 338 1601 έν
349 1543 474 1624 παρέργῳ
484 1549 528 1601 νῦν
543 1542 825 1622 ἀπομαχόμενος,δεί-
880 1543 975 1623 priscis
998 1543 1164 1624 temporibus
1183 1557 1257 1603 tanta
1284 1543 1331 1602 illa
1353 1540 1524 1623 providentia
1549 1541 1627 1602 erat?

112 1632 1628 1717 Qhfflmfflmwfflmfflmss.wwfflmmmmmfflmmm·

119 1725 201 1804 νόμον
224 1726 319 1793 δόσεως
336 1727 424 1798 πάσης
443 1724 581 1798 ἀπήλαυσε
600 1724 724 1806 προνοίας
739 1731 756 1799 ἡ
771 1730 823 1785 τῶν
878 1725 920 1785 dit
932 1727 1013 1787 etiam
1026 1727 1099 1807 quod
1119 1728 1220 1810 priscis
1239 1728 1418 1810 temporibus,
1435 1740 1461 1786 et
1482 1740 1626 1806 autequam

112 1815 198 1877 κύπων
212 1818 296 1899 ρύοις.
309 1818 362 1877 Καὶ
376 1817 466 1900 γὰρτὸ
486 1819 602 1897 γνωστὸν
616 1825 662 1878 τοῦ
680 1820 751 1879 Θεοῦ
771 1842 824 1900 qo·
877 1818 923 1878 lex
945 1818 1067 1898 daretur,
1082 1820 1224 1880 bominum
1245 1833 1341 1879 natura
1354 1817 1511 1878 omnimoda
1530 1818 1626 1899 prori-

111 1901 170 1982 νῆν
185 1913 272 1976 αὐτοῖς
280 1956 288 1984 ,
304 1910 350 1969 καί
366 1911 392 1969 τί
407 1909 453 1988 μὲν
466 1912 557 1984 καλὸν,
572 1909 599 1969 τί
622 1910 649 1969 δὲ
673 1910 824 1990 subride-
877 1910 969 1972 dentia
980 1913 1124 1993 gaudebat.
1134 1914 1205 1972 Nam
1220 1914 1306 1992 Quod
1314 1924 1415 1971 notum
1426 1924 1469 1971 est
1481 1913 1548 1983 Dei,
1563 1931 1625 1970 mo·

125 2001 159 2060 δι’
179 1992 215 2060 ὧν
228 2001 287 2069 τούς
303 2002 397 2069 ἄλλους
414 2001 535 2083 ἔκριναν·
553 2001 619 2082 ὅπερ
633 2002 762 2070 ὀνειδίζων
777 2005 824 2062 αὖ·
878 2007 1015 2085 nisestom
1031 2020 1095 2067 erat
1107 2010 1140 2064 in
1152 2007 1233 2079 illis,·
1244 2005 1416 2083 sciebamque
1428 2002 1497 2082 quid
1509 2003 1623 2080 bonum,

114 2139 122 2167 ‚
136 2092 234 2175 ἔλεγεν,
248 2093 288 2154 ὅτι
300 2093 347 2153 Ἐν
356 2087 482 2174 ᾧκρίνεις
491 2093 535 2153 τὸν
545 2094 643 2175 ἕτερον,
656 2094 764 2154 σεαυτὸν
775 2117 823 2153 ιια-
878 2095 945 2175 quitl
959 2097 1062 2156 malum
1074 2111 1152 2171 esset,
1164 2119 1213 2178 per
1224 2117 1284 2175 quae
1295 2095 1329 2155 de
1341 2095 1402 2155 aliis
1411 2095 1579 2176 judicabant.
1591 2093 1626 2154 ld

112 2184 263 2251 >israelitci
275 2185 301 2246 δέ
316 2191 368 2245 τῶν
380 2185 524 2256 Ἰουδαίων,
539 2187 606 2263 μετὰ
618 2191 669 2245 τῶν
678 2187 823 2269 είρημένων
844 2203 863 2250 Ι)
877 2190 934 2249 illis
946 2190 1114 2271 exprobrans
1127 2190 1233 2251 dicebat
1245 2213 1252 2247 ι
1263 2194 1302 2249 Ιιι
1315 2210 1374 2271 quo
1381 2190 1501 2270 judicas
1518 2189 1624 2263 alium,
1638 2204 1777 2264 stastum.

112 2277 213 2355 ύνύμος
224 2278 343 2353 ἕστηκεν,
358 2278 417 2359 οὐχί
432 2279 557 2357 λογισμὸς
574 2279 651 2357 μόνον
666 2280 723 2339 οὐδὲ
738 2278 823 2338 συνεί-
878 2285 1000 2362 teipsum
1020 2285 1210 2343 condemnas,
1221 2284 1362 2363 Quantum
1378 2280 1414 2340 ad
1428 2279 1550 2357 Judaeos,
1563 2300 1626 2339 eum

114 2392 135 2434 ς.
149 2372 175 2429 T
177 2369 227 2438 ίνος
250 2370 277 2428 δὲ
299 2369 385 2430 ένεκεν
399 2371 487 2443 τίθησι
501 2371 545 2441 τὸ,
566 2370 822 2451 Κατηγορούντωνῆ
877 2375 921 2447 iis,
934 2395 995 2454 quae
1006 2396 1087 2458 supra
1101 2373 1174 2434 dicta
1189 2388 1267 2450 sunt,
1287 2374 1333 2432 lex
1353 2373 1459 2447 aderat,
1472 2392 1522 2433 nec
1537 2371 1626 2433 solum

120 2462 351 2541 άπαλογουριένων;
375 2464 408 2520 El
428 2462 480 2547 γὰρ
499 2462 579 2540 νόμον
592 2463 682 2545 έχουσι
704 2462 821 2544 γραπτὸν
876 2467 1047 2527 ratiocinatio
1058 2467 1103 2530 vel
1116 2466 1286 2527 conscientia.
1301 2467 1357 2526 Cur
1369 2479 1459 2525 autem
1472 2464 1525 2524 boc
1534 2465 1624 2537 affert,

112 2567 118 2613 l
131 2555 161 2615 τὸ
175 2559 251 2634 ἔργον
263 2555 454 2631 ἐνδείκνυνται,
465 2557 492 2615 τί
506 2558 561 2638 ἔχει
572 2562 754 2639 κατηγορῆσαι
762 2560 822 2618 λοι·
877 2560 1098 2621 Accusontibus
1109 2561 1260 2620 ueletiam
1273 2560 1501 2619 excusantibus?
1509 2557 1540 2617 Sl
1553 2557 1626 2617 enim

112 2647 279 2726 ύλογισμύς;
292 2648 362 2708 Ἀλλ’
382 2649 469 2709 οὐκέτι
488 2650 549 2729 περί
571 2652 676 2710 ἐκείνων
691 2651 755 2731 φησί
775 2651 820 2724 rb,
876 2654 965 2734 legem
986 2653 1087 2714 babent
1102 2654 1248 2735 scriptam,
1261 2667 1288 2712 et
1306 2673 1375 2733 opus
1396 2650 1537 2727 exhibent,
1558 2649 1627 2730 quid

112 2739 286 2819 ηγορούντων,
306 2741 392 2818 μόνον,
415 2741 482 2799 &tlt
509 2742 555 2801 καὶ
575 2742 637 2824 περί
651 2747 698 2813 τῆς
720 2741 822 2823 φύσεως
875 2745 1001 2826 estquod
1014 2767 1141 2806 accusare
1161 2745 1246 2826 possit
1259 2741 1452 2803 ratiocinium?
1467 2745 1504 2800 At
1518 2762 1571 2801 ιιοιι
1591 2740 1627 2801 de

112 2854 166 2904 της.
182 2833 252 2891 Τότε
264 2833 316 2912 γάρ
337 2833 478 2905 ἑστήκασιν
493 2837 569 2911 ἡμῶν
584 2835 629 2893 καί
642 2838 666 2894 οἱ
682 2835 819 2912 λογισμοί,
875 2840 931 2899 illis
941 2854 1044 2900 tantum
1054 2838 1480 2916 diciturilludstcctnrttibus,
1487 2834 1535 2895 sed
1543 2833 1626 2894 etiam

112 2922 139 2984 it
153 2931 372 3007 κατηγοροῦντες,
393 2926 417 2984 οἱ
440 2927 467 2984 δὲ
490 2925 711 3005 ἀπολογούμενοι,
724 2925 770 2984 καί
790 2929 820 2986 οὐ
875 2932 910 2993 de
923 2947 978 2993 tota
996 2947 1100 2992 natura.
1114 2935 1194 2992 Tune
1211 2929 1281 2990 enirn
1294 2927 1392 2989 adsunt
1403 2926 1556 3004 ratiocinia,
1570 2927 1633 2988 alia·

112 3040 135 3076 ιι
146 3020 234 3097 ἕτὲροα
246 3017 393 3099 κατηγόρου
408 3018 597 3099 torpuissent
610 3023 707 3080 ἐκείνου
723 3025 768 3080 τοῦ
782 3021 822 3079 δι·
875 3026 1036 3100 accusantia,
1050 3025 1102 3084 alia
1114 3023 1293 3100 defendentia,
1305 3036 1386 3100 atque
1396 3021 1425 3081 iu
1434 3021 1483 3081 itto
1494 3020 1625 3081 tribunali

112 3109 205 3188 ηρίαν-
214 3100 282 3170 Εἶτα
292 3108 376 3178 αὔξων
386 3110 430 3169 τὸν
445 3111 534 3192 piiss,
545 3115 592 3171 οὐκ
603 3102 717 3186 είπε,τδι
728 3114 820 3191 ἁμαρ·
875 3139 929 3179 non
948 3117 1029 3178 habet
1041 3138 1111 3199 opus
1123 3117 1205 3177 homo
1219 3115 1273 3195 alio
1287 3128 1454 3174 accusatorer
1464 3111 1570 3173 Deinde
1585 3113 1623 3173 ti-

112 3204 219 3260 κτατῶν
231 3200 386 3282 ανθρώπων,
401 3205 468 3262 ἀλλὰ
484 3203 527 3263 Τδι
542 3205 645 3283 κρυπτὰ
657 3209 709 3263 τῶν
722 3204 821 3284 ἀνθρώ·
876 3233 978 3271 morem
988 3231 1098 3290 angens,
1107 3230 1160 3270 nou
1171 3207 1255 3282 dixit,
1271 3212 1382 3269 Peccata
1396 3207 1549 3284 bominum,
1563 3206 1621 3279 sed,

112 3292 244 3364 ’Ἐπειδὴ
269 3293 320 3373 γαρ
345 3283 417 3367 eires,
429 3296 527 3376 Λογίζῃ
548 3301 562 3355 ο
586 3295 682 3378 κρίνων
703 3294 762 3362 τοὺς
786 3294 819 3354 τὰ
840 3312 858 3359 u
876 3305 1164 3363 Ουοιιίιιιίιοιιιίιιιιιιι.
1176 3302 1323 3379 Postquam
1332 3299 1405 3359 enim
1413 3298 1501 3358 dixit:
1515 3301 1624 3359 Existi-

112 3390 159 3444 ὗτα
179 3384 359 3464 πράσσοντας,
374 3386 421 3445 καί
445 3391 528 3447 ποιῶν
550 3388 632 3458 αὐτὰ,
653 3386 694 3446 ὅτι
707 3386 818 3468 ἐκφεύξῃ
875 3416 938 3455 mas
949 3399 1001 3478 qui
1006 3397 1126 3476 judicos
1140 3414 1189 3453 eos
1201 3396 1253 3474 qui
1264 3393 1341 3451 tolia
1345 3393 1481 3472 faciunt,
1497 3404 1525 3449 et
1536 3393 1623 3472 sucis

112 3476 176 3557 ρίμα
188 3484 234 3537 τοῦ
252 3481 336 3551 Θεοῧς
346 3479 390 3538 ἵνα
413 3481 450 3557 μὴ
470 3480 594 3552 τοιαύτην
617 3480 706 3560 ἒκδῖξη
723 3483 818 3561 ψῆρον,
874 3509 920 3558 ea,
931 3489 1011 3568 quod
1021 3489 1149 3568 effregies
1156 3487 1303 3567 judicium
1315 3485 1395 3542 Dei?
1406 3497 1437 3542 ut
1447 3504 1480 3542 ue
1490 3483 1570 3542 talem
1579 3503 1623 3542 ac·

134 3570 181 3630 ααὶ
205 3570 282 3639 abele
302 3571 404 3652 φέρεις,
431 3575 489 3632 ἀλλ’
512 3573 585 3654 ἴδῃς,
608 3573 647 3632 ὅτι
665 3576 757 3654 πολλῷ
771 3579 819 3645 τῆς
874 3579 959 3659 cipias
971 3578 1121 3652 calculum,
1141 3576 1249 3655 qualern
1268 3575 1325 3656 ipse
1337 3575 1400 3649 fers,
1415 3573 1461 3634 scd
1475 3573 1623 3654 intelligas,

112 3662 284 3746 άιιριύεστέρα
300 3669 316 3736 ἡ
331 3672 377 3724 τοῦ
393 3668 480 3739 Θεοῦ,
501 3665 633 3743 ἐπήγαγε·
651 3663 695 3724 Τά
714 3665 818 3746 κρυπτά
874 3670 1031 3731 senteutiam
1045 3670 1097 3730 Dei
1111 3683 1157 3729 tua
1167 3669 1247 3749 longe
1260 3667 1423 3728 exactiorem
1432 3689 1497 3742 esse,
1511 3667 1623 3747 subjun-

113 3755 268 3836 άνθρύιπων,
279 3758 325 3816 καί
344 3757 505 3834 προσέθηκε·
521 3757 599 3817 Κατδι
622 3758 652 3817 cb
668 3757 818 3838 εὐαγγέλιόν
873 3765 926 3841 xit,
944 3764 1067 3824 Occulta
1091 3765 1243 3822 bominum
1251 3787 1264 3832 ,·
1282 3776 1309 3820 et
1329 3761 1438 3842 adjecit,
1457 3761 1623 3821 Secundum

121 3847 166 3907 διά
177 3847 264 3921 Ἰησοῦ
279 3852 404 3931 Χριστοῦ,
416 3848 562 3931 Ἄνθρωποι
575 3849 628 3930 γὰρ
638 3852 690 3907 τῶν
699 3853 818 3930 φανερῶν
874 3857 1057 3937 evangelium
1079 3876 1185 3925 meum,
1199 3875 1253 3933 per
1265 3855 1367 3913 ‚lesum
1383 3854 1542 3912 Christum.
1566 3852 1620 3911 Ηο-

112 3964 175 4009 ινααι
191 3941 312 4002 δικασταί
332 3943 426 4018 μόνοιν-
452 3941 546 4001 Καίτοι
564 3967 594 4020 γε
610 3942 665 4000 ἅνω
687 3941 748 4021 περὶ
772 3947 818 4001 τοῦι
860 3949 959 4009 mines
980 3948 1052 4008 euim
1071 3968 1162 4007 rerum
1176 3946 1379 4005 manifestarum
1391 3958 1497 4004 tantum
1514 3944 1622 4024 judicos

112 4031 153 4114 ρο(
179 4031 253 4112 ἔλεγε
273 4033 367 4112 μόνον,
379 4036 437 4093 ἀλλ’
451 4032 542 4105 ἐπειδη
556 4034 647 4093 λοιπὸν
659 4033 752 4101 αὐτοὺς
767 4058 817 4092 αα·
873 4040 974 4102 suleut.
989 4040 1071 4119 Atqui
1084 4060 1165 4119 supra
1184 4038 1218 4097 de
1232 4039 1310 4096 Patre
1324 4050 1428 4096 tantum
1440 4037 1618 4116 loquebatur:

112 4147 150 4183 ινα
166 4129 205 4206 τῷ
218 4125 305 4205 φόὸομ,
319 4125 437 4204 ἐπήγαγε
449 4125 495 4184 ml
508 4125 552 4183 οὖν
568 4126 629 4205 cepi
644 4131 689 4184 ια’ν
702 4127 818 4206 Χριστοῦ
873 4153 934 4192 cum
948 4143 1039 4192 autem
1055 4132 1116 4191 illos
1136 4130 1233 4190 timore
1253 4128 1437 4203 emollivisset,
1455 4126 1490 4188 dc
1512 4128 1622 4189 Christo

112 4242 136 4277 ν·
158 4219 204 4277 καί
231 4217 289 4278 οὐδὲ
313 4226 404 4279 τοῦτον
421 4220 524 4290 ἅπλῶς,
540 4219 607 4278 ἄλλα
636 4216 682 4278 καί
705 4220 817 4278 ἐνταῦθα
829 4264 865 4303 45,
873 4245 1022 4285 sermonem
1039 4223 1167 4301 induxit,
1183 4244 1269 4302 ιιειγιιο
1290 4222 1364 4282 bunc
1385 4221 1553 4303 simpliciter,
1573 4221 1622 4282 sed

112 4310 212 4389 Παιρος
236 4311 432 4388 μνημονεύσας,
445 4310 526 4378 οὕτως
543 4311 622 4370 αὐτὸν
642 4309 815 4391 ἕναιανίγαγι·
838 4318 955 4378 Aetiarn
967 4317 1013 4378 bic
1026 4338 1089 4376 curn
1103 4319 1210 4376 Patrem
1223 4314 1460 4390 metuorasset,‚sic
1479 4313 1559 4374 illurn
1578 4315 1622 4375 iu·

112 4407 156 4460 νοῧ
167 4402 335 4482 κηρύγματος
349 4403 376 4462 δὲ
390 4404 420 4462 τὸ
438 4403 542 4482 ιἰἒίοιμα
558 4405 591 4461 δι’
602 4405 686 4462 αὖαῗνν
697 4401 815 4485 ἐπαίρει·
871 4409 1375 4493 duxitzetpraedicationisdignitatem
1386 4407 1619 4489 perillosattollit:

112 4517 119 4553 ²
131 4493 200 4574 Υίφν
213 4495 292 4574 φησίν
303 4496 335 4554 τί)
349 4496 473 4574 αοίμνημα
485 4502 568 4555 ταῦτα
579 4503 781 4577 “mimmii
798 4496 815 4554 ἃ
872 4506 1027 4581 Haecenim,
1037 4504 1135 4583 inquit,
1143 4502 1299 4586 praedicatio
1310 4502 1368 4561 baec
1374 4501 1548 4583 prenuntiat,
1559 4524 1621 4581 quae

112 4585 213 4647 αὸνῧαα
227 4593 243 4659 ἦ
259 4587 335 4667 piore
348 4593 358 4618 '¹
371 4586 474 4655 ἔδειξεν.
872 4613 1040 4660 antevertens
1051 4613 1147 4658 natura
1156 4596 1293 4657 exhibuit.

112 4676 159 4753 ίδες
172 4691 229 4754 πῶς
243 4692 356 4755 συνετῶς
369 4687 414 4747 καί
429 4691 467 4768 τῷ
482 4688 627 4771 εὐαγγελίῳ
642 4689 688 4748 καί
700 4692 739 4769 τῷ
750 4689 817 4769 Χρι-
912 4694 941 4752 6.
965 4689 1095 4752 Vidistiu'
1113 4710 1195 4769 quarn
1213 4686 1360 4769 prudenter
1380 4685 1453 4768 ipsos
1467 4699 1494 4745 et
1506 4706 1620 4766 evange·

112 4778 194 4860 ρέρων
216 4777 309 4846 αὐτούς
327 4781 492 4860 προσέδησε,
506 4781 552 4840 καί
567 4782 709 4853 ἀπέδειξεν,
726 4782 767 4840 ύτι
787 4788 817 4842 οὐ
872 4784 910 4844 lio
923 4797 950 4844 et
966 4782 1077 4843 Christo
1095 4781 1242 4841 admovens
1255 4779 1418 4859 alligaverit,
1431 4792 1458 4839 et
1472 4775 1619 4837 ostenderit

113 4875 186 4930 ιτῶν
203 4875 315 4932 ἐνταῦθα
330 4872 364 4931 τά
377 4871 495 4952 ἡμέτερα
509 4871 630 4947 ίοταται,
642 4873 711 4933 ἀλλὰ
733 4873 817 4933 ὁδεύει
871 4886 961 4931 nostra
972 4891 1025 4930 nou
1039 4891 1096 4930 esse
1109 4869 1282 4951 praesentium
1296 4867 1430 4927 limitibus
1444 4865 1619 4924 circumscri-

112 4963 201 5044 κέρως
214 4963 252 5024 Ὃ
273 4965 318 5023 καί
341 4962 417 5024 balvi.)
440 4968 632 5026 κατεσκεύασεν
651 4965 814 5040 dulmen·
870 4977 927 5043 pta,
945 4961 991 5022 sed
1016 4961 1087 5021 ultra
1107 4959 1269 5042 procedere?
1286 4957 1319 5018 ld
1339 4956 1413 5036 quod
1435 4956 1515 5016 etiarn
1538 4977 1620 5036 supra

112 5147 150 5198 llii
161 5157 198 5202 καί
211 5159 249 5203 ταν
262 5163 329 5217 νόμον
341 5155 493 5206 salsorum.
507 5154 580 5217 [tter
595 5155 622 5202 b.
644 5161 694 5224 ρησί
711 5163 755 5205 τῶν
767 5176 808 5204 κα·
858 5160 916 5200 {tute
930 5150 958 5198 Α.
970 5152 1006 5201 διὰ
1016 5161 1060 5201 τῶν
1073 5147 1172 5211 αὐτῶν]

112 5232 177 5279 ὀντων
187 5240 263 5293 μόνον.
274 5231 283 5294 ]
891 5230 904 5266 ¹³
921 5226 1054 5298 [ἀνωτέρω.
1070 5224 1115 5289 Μ

112 5310 159 5356 )υο
179 5306 237 5356 llss.
253 5312 356 5363 ίῦίίαξιν.
371 5307 450 5364 lltcrn
466 5311 493 5374 t,
507 5321 532 5359 ct
545 5304 716 5377 marg.·Saril.
731 5307 808 5360 Paulo
