<?xml version="1.0" encoding="UTF-8"?>
<!DOCTYPE html PUBLIC "-//W3C//DTD XHTML 1.0 Transitional//EN"
    "http://www.w3.org/TR/xhtml1/DTD/xhtml1-transitional.dtd">
<html xmlns="http://www.w3.org/1999/xhtml" xml:lang="en" lang="en">
 <head>
  <title>
</title>
<meta http-equiv="Content-Type" content="text/html;charset=utf-8" />
  <meta name='ocr-system' content='tesseract 3.04.00' />
  <meta name='ocr-capabilities' content='ocr_page ocr_carea ocr_par ocr_line ocrx_word'/>
</head>
<body>
  <div class='ocr_page' id='page_1' title='image "./sanctipatrisnos01chrygoog_0773.png"; bbox 0 0 3728 5978; ppageno 0'>
   <div class='ocr_carea' id='block_1_1' title="bbox 536 459 1629 557">
    <p class='ocr_par' dir='ltr' id='par_1_1' title="bbox 536 459 1629 557">
     <span class='ocr_line' id='line_1_1' title="bbox 536 459 1629 557; baseline -0.001 -26"><span class='ocrx_word' id='word_1_1' title='bbox 536 484 571 531; x_wconf 85' lang='grc' dir='ltr'>ιιι</span> <span class='ocrx_word' id='word_1_2' title='bbox 597 481 707 532; x_wconf 76' lang='lat' dir='ltr'><strong>error.</strong></span> <span class='ocrx_word' id='word_1_3' title='bbox 735 482 782 530; x_wconf 78' lang='lat' dir='ltr'><strong>an</strong></span> <span class='ocrx_word' id='word_1_4' title='bbox 807 482 891 532; x_wconf 84' lang='lat' dir='ltr'><strong>rou.</strong></span> <span class='ocrx_word' id='word_1_5' title='bbox 919 481 1038 531; x_wconf 84' lang='lat' dir='ltr'><strong>noun.</strong></span> <span class='ocrx_word' id='word_1_6' title='bbox 1067 482 1140 532; x_wconf 78' lang='lat' dir='ltr'><strong>xxi.</strong></span> <span class='ocrx_word' id='word_1_7' title='bbox 1559 459 1629 557; x_wconf 81' lang='lat'>737</span> 
     </span>
    </p>
   </div>
   <div class='ocr_carea' id='block_1_2' title="bbox 53 596 1787 2246">
    <p class='ocr_par' dir='ltr' id='par_1_2' title="bbox 53 596 1633 1776">
     <span class='ocr_line' id='line_1_2' title="bbox 53 596 1630 688; baseline -0.003 -20"><span class='ocrx_word' id='word_1_8' title='bbox 53 607 81 668; x_wconf 90' lang='grc' dir='ltr'>τί</span> <span class='ocrx_word' id='word_1_9' title='bbox 97 608 124 669; x_wconf 74' lang='grc' dir='ltr'>δὲ</span> <span class='ocrx_word' id='word_1_10' title='bbox 142 609 230 686; x_wconf 81' lang='grc' dir='ltr'>ἀλγεῖς</span> <span class='ocrx_word' id='word_1_11' title='bbox 251 608 340 677; x_wconf 77' lang='grc' dir='ltr'>ἐλεῶν,</span> <span class='ocrx_word' id='word_1_12' title='bbox 354 604 398 663; x_wconf 79' lang='grc' dir='ltr'>καί</span> <span class='ocrx_word' id='word_1_13' title='bbox 422 604 466 664; x_wconf 85' lang='grc' dir='ltr'>τδν</span> <span class='ocrx_word' id='word_1_14' title='bbox 490 605 592 685; x_wconf 87' lang='grc' dir='ltr'>καρπδν</span> <span class='ocrx_word' id='word_1_15' title='bbox 614 603 765 688; x_wconf 75' lang='grc' dir='ltr'>Ι’προδίδιυς</span> <span class='ocrx_word' id='word_1_16' title='bbox 784 609 830 666; x_wconf 83' lang='grc' dir='ltr'>τοῦ</span> <span class='ocrx_word' id='word_1_17' title='bbox 885 604 957 664; x_wconf 92' lang='lat' dir='ltr'><strong>enim</strong></span> <span class='ocrx_word' id='word_1_18' title='bbox 971 603 1064 664; x_wconf 80' lang='lat' dir='ltr'><strong>adesse</strong></span> <span class='ocrx_word' id='word_1_19' title='bbox 1079 603 1160 664; x_wconf 85' lang='lat' dir='ltr'><strong>debet</strong></span> <span class='ocrx_word' id='word_1_20' title='bbox 1173 603 1321 676; x_wconf 83' lang='lat' dir='ltr'>miserenti,</span> <span class='ocrx_word' id='word_1_21' title='bbox 1346 601 1512 664; x_wconf 74' lang='lat' dir='ltr'><strong>abundantia</strong></span> <span class='ocrx_word' id='word_1_22' title='bbox 1525 596 1553 663; x_wconf 75' lang='lat' dir='ltr'><strong>et</strong></span> <span class='ocrx_word' id='word_1_23' title='bbox 1575 624 1630 664; x_wconf 86' lang='lat' dir='ltr'>vo·</span> 
     </span>
     <span class='ocr_line' id='line_1_3' title="bbox 53 693 1633 777; baseline -0.003 -19"><span class='ocrx_word' id='word_1_24' title='bbox 53 697 279 777; x_wconf 73' lang='lat' dir='ltr'><strong>xeeopudpero&lt;;</strong></span> <span class='ocrx_word' id='word_1_25' title='bbox 307 699 342 756; x_wconf 77' lang='lat' dir='ltr'>El</span> <span class='ocrx_word' id='word_1_26' title='bbox 367 695 418 776; x_wconf 80' lang='grc' dir='ltr'>γάρ</span> <span class='ocrx_word' id='word_1_27' title='bbox 442 697 545 773; x_wconf 79' lang='grc' dir='ltr'>ἀλγεῖς,</span> <span class='ocrx_word' id='word_1_28' title='bbox 573 699 621 755; x_wconf 83' lang='grc' dir='ltr'>οὒκ</span> <span class='ocrx_word' id='word_1_29' title='bbox 645 698 743 770; x_wconf 73' lang='grc' dir='ltr'>ἐλεεῖς,</span> <span class='ocrx_word' id='word_1_30' title='bbox 770 697 829 755; x_wconf 76' lang='grc' dir='ltr'>ἀλλ’</span> <span class='ocrx_word' id='word_1_31' title='bbox 885 694 985 776; x_wconf 87' lang='lat' dir='ltr'><strong>luptas.</strong></span> <span class='ocrx_word' id='word_1_32' title='bbox 999 695 1056 754; x_wconf 89' lang='lat' dir='ltr'><strong>Cur</strong></span> <span class='ocrx_word' id='word_1_33' title='bbox 1070 695 1142 754; x_wconf 93' lang='lat' dir='ltr'><strong>enim</strong></span> <span class='ocrx_word' id='word_1_34' title='bbox 1152 695 1244 777; x_wconf 89' lang='lat' dir='ltr'><strong>ploras</strong></span> <span class='ocrx_word' id='word_1_35' title='bbox 1254 695 1323 755; x_wconf 89' lang='lat' dir='ltr'><strong>dans</strong></span> <span class='ocrx_word' id='word_1_36' title='bbox 1334 695 1551 776; x_wconf 73' lang='lat' dir='ltr'><strong>eleemosynam?</strong></span> <span class='ocrx_word' id='word_1_37' title='bbox 1562 693 1633 774; x_wconf 89' lang='lat' dir='ltr'><strong>quid</strong></span> 
     </span>
     <span class='ocr_line' id='line_1_4' title="bbox 53 779 1632 870; baseline -0.001 -21"><span class='ocrx_word' id='word_1_38' title='bbox 53 790 128 866; x_wconf 81' lang='grc' dir='ltr'>ὠμὸς</span> <span class='ocrx_word' id='word_1_39' title='bbox 151 779 176 847; x_wconf 80' lang='grc' dir='ltr'>εί</span> <span class='ocrx_word' id='word_1_40' title='bbox 199 789 245 847; x_wconf 78' lang='grc' dir='ltr'>καὶ</span> <span class='ocrx_word' id='word_1_41' title='bbox 272 788 456 870; x_wconf 81' lang='grc' dir='ltr'>ἀπάνθρωπος.</span> <span class='ocrx_word' id='word_1_42' title='bbox 471 790 505 847; x_wconf 83' lang='grc' dir='ltr'>Εἰ</span> <span class='ocrx_word' id='word_1_43' title='bbox 529 788 582 867; x_wconf 73' lang='grc' dir='ltr'>γὰρ</span> <span class='ocrx_word' id='word_1_44' title='bbox 600 787 632 846; x_wconf 82' lang='grc' dir='ltr'>σὺ</span> <span class='ocrx_word' id='word_1_45' title='bbox 656 791 758 867; x_wconf 78' lang='grc' dir='ltr'><strong>ἀλγεῖς,</strong></span> <span class='ocrx_word' id='word_1_46' title='bbox 773 791 831 856; x_wconf 82' lang='grc' dir='ltr'>πῶς</span> <span class='ocrx_word' id='word_1_47' title='bbox 884 786 972 863; x_wconf 85' lang='lat' dir='ltr'><strong>doles,</strong></span> <span class='ocrx_word' id='word_1_48' title='bbox 984 787 1049 845; x_wconf 92' lang='lat' dir='ltr'>dum</span> <span class='ocrx_word' id='word_1_49' title='bbox 1064 788 1208 862; x_wconf 84' lang='lat' dir='ltr'><strong>misereris,</strong></span> <span class='ocrx_word' id='word_1_50' title='bbox 1219 802 1246 845; x_wconf 90' lang='lat' dir='ltr'><strong>et</strong></span> <span class='ocrx_word' id='word_1_51' title='bbox 1255 789 1374 845; x_wconf 84' lang='lat' dir='ltr'><strong>fructum</strong></span> <span class='ocrx_word' id='word_1_52' title='bbox 1392 787 1459 845; x_wconf 91' lang='lat' dir='ltr'><strong>boni</strong></span> <span class='ocrx_word' id='word_1_53' title='bbox 1470 787 1559 866; x_wconf 84' lang='lat' dir='ltr'><strong>operis</strong></span> <span class='ocrx_word' id='word_1_54' title='bbox 1569 807 1632 867; x_wconf 83' lang='lat' dir='ltr'><strong>pro·</strong></span> 
     </span>
     <span class='ocr_line' id='line_1_5' title="bbox 54 875 1632 959; baseline -0.003 -16"><span class='ocrx_word' id='word_1_55' title='bbox 54 886 154 943; x_wconf 75' lang='grc' dir='ltr'>ἐκεῖνον</span> <span class='ocrx_word' id='word_1_56' title='bbox 169 883 196 938; x_wconf 80' lang='grc' dir='ltr'>ἐν</span> <span class='ocrx_word' id='word_1_57' title='bbox 210 879 281 958; x_wconf 81' lang='grc' dir='ltr'>λύπῃ</span> <span class='ocrx_word' id='word_1_58' title='bbox 293 880 540 953; x_wconf 74' lang='grc' dir='ltr'>όνταδιαναστῆσαι</span> <span class='ocrx_word' id='word_1_59' title='bbox 555 879 668 959; x_wconf 55' lang='lat' dir='ltr'><strong>ducilem</strong></span> <span class='ocrx_word' id='word_1_60' title='bbox 681 879 830 959; x_wconf 80' lang='grc' dir='ltr'>Ἀγαπητδν</span> <span class='ocrx_word' id='word_1_61' title='bbox 885 877 988 938; x_wconf 65' lang='grc' dir='ltr'>ἀίσδὸἰ</span> <span class='ocrx_word' id='word_1_62' title='bbox 1001 877 1072 937; x_wconf 86' lang='lat' dir='ltr'><strong>enim</strong></span> <span class='ocrx_word' id='word_1_63' title='bbox 1087 877 1172 954; x_wconf 74' lang='lat' dir='ltr'><strong>doles,</strong></span> <span class='ocrx_word' id='word_1_64' title='bbox 1186 898 1238 937; x_wconf 89' lang='lat' dir='ltr'>non</span> <span class='ocrx_word' id='word_1_65' title='bbox 1253 877 1397 955; x_wconf 71' lang='lat' dir='ltr'><strong>misereriS,</strong></span> <span class='ocrx_word' id='word_1_66' title='bbox 1410 875 1585 937; x_wconf 80' lang='lat' dir='ltr'><strong>sed-crudelis</strong></span> <span class='ocrx_word' id='word_1_67' title='bbox 1603 898 1632 938; x_wconf 75' lang='lat' dir='ltr'>es</span> 
     </span>
     <span class='ocr_line' id='line_1_6' title="bbox 55 967 1631 1054; baseline -0.002 -24"><span class='ocrx_word' id='word_1_68' title='bbox 55 972 124 1052; x_wconf 75' lang='grc' dir='ltr'>γὰρ,</span> <span class='ocrx_word' id='word_1_69' title='bbox 148 971 229 1050; x_wconf 75' lang='grc' dir='ltr'>μηδὲν</span> <span class='ocrx_word' id='word_1_70' title='bbox 252 976 416 1031; x_wconf 76' lang='grc' dir='ltr'>ὑποπτεῦσαι</span> <span class='ocrx_word' id='word_1_71' title='bbox 438 973 536 1030; x_wconf 81' lang='grc' dir='ltr'>ίκείνον</span> <span class='ocrx_word' id='word_1_72' title='bbox 559 971 682 1054; x_wconf 88' lang='grc' dir='ltr'>πονηρδν,</span> <span class='ocrx_word' id='word_1_73' title='bbox 696 971 742 1030; x_wconf 83' lang='grc' dir='ltr'>καλ</span> <span class='ocrx_word' id='word_1_74' title='bbox 768 970 831 1032; x_wconf 78' lang='grc' dir='ltr'>ὅταν</span> <span class='ocrx_word' id='word_1_75' title='bbox 885 969 1096 1029; x_wconf 81' lang='lat' dir='ltr'><strong>etinhumanus.</strong></span> <span class='ocrx_word' id='word_1_76' title='bbox 1115 969 1145 1029; x_wconf 89' lang='lat' dir='ltr'><strong>Si</strong></span> <span class='ocrx_word' id='word_1_77' title='bbox 1159 969 1232 1029; x_wconf 83' lang='lat' dir='ltr'><strong>enim</strong></span> <span class='ocrx_word' id='word_1_78' title='bbox 1247 982 1277 1029; x_wconf 85' lang='lat' dir='ltr'>tu</span> <span class='ocrx_word' id='word_1_79' title='bbox 1298 967 1384 1044; x_wconf 75' lang='lat' dir='ltr'><strong>doleS,</strong></span> <span class='ocrx_word' id='word_1_80' title='bbox 1405 967 1542 1046; x_wconf 87' lang='lat' dir='ltr'><strong>quomodo</strong></span> <span class='ocrx_word' id='word_1_81' title='bbox 1551 967 1631 1028; x_wconf 87' lang='lat' dir='ltr'><strong>illum</strong></span> 
     </span>
     <span class='ocr_line' id='line_1_7' title="bbox 57 1058 1631 1144; baseline -0.003 -21"><span class='ocrx_word' id='word_1_82' title='bbox 57 1064 128 1140; x_wconf 75' lang='grc' dir='ltr'>μετὰ</span> <span class='ocrx_word' id='word_1_83' title='bbox 147 1071 192 1123; x_wconf 80' lang='grc' dir='ltr'>τοῦ</span> <span class='ocrx_word' id='word_1_84' title='bbox 203 1063 305 1143; x_wconf 76' lang='grc' dir='ltr'>χαίρειν</span> <span class='ocrx_word' id='word_1_85' title='bbox 323 1062 452 1144; x_wconf 81' lang='grc' dir='ltr'>παρέχῃς.</span> <span class='ocrx_word' id='word_1_86' title='bbox 463 1062 575 1136; x_wconf 76' lang='grc' dir='ltr'>Ἐπειδὴ</span> <span class='ocrx_word' id='word_1_87' title='bbox 597 1063 650 1143; x_wconf 81' lang='grc' dir='ltr'>γάρ</span> <span class='ocrx_word' id='word_1_88' title='bbox 662 1062 736 1123; x_wconf 76' lang='grc' dir='ltr'>οὐδὲν</span> <span class='ocrx_word' id='word_1_89' title='bbox 749 1062 832 1132; x_wconf 73' lang='grc' dir='ltr'>οὕτως</span> <span class='ocrx_word' id='word_1_90' title='bbox 885 1060 913 1120; x_wconf 92' lang='lat' dir='ltr'>in</span> <span class='ocrx_word' id='word_1_91' title='bbox 926 1060 1021 1120; x_wconf 87' lang='lat' dir='ltr'><strong>dolore</strong></span> <span class='ocrx_word' id='word_1_92' title='bbox 1042 1061 1183 1140; x_wconf 82' lang='lat' dir='ltr'><strong>degentem</strong></span> <span class='ocrx_word' id='word_1_93' title='bbox 1206 1059 1324 1122; x_wconf 82' lang='lat' dir='ltr'><strong>allevare</strong></span> <span class='ocrx_word' id='word_1_94' title='bbox 1335 1059 1458 1141; x_wconf 74' lang='lat' dir='ltr'><strong>poteris?</strong></span> <span class='ocrx_word' id='word_1_95' title='bbox 1473 1058 1631 1140; x_wconf 82' lang='lat' dir='ltr'><strong>Optandum</strong></span> 
     </span>
     <span class='ocr_line' id='line_1_8' title="bbox 57 1146 1632 1236; baseline -0.002 -23"><span class='ocrx_word' id='word_1_96' title='bbox 57 1156 168 1235; x_wconf 68' lang='grc' dir='ltr'>αἰσχρὸν</span> <span class='ocrx_word' id='word_1_97' title='bbox 194 1154 341 1236; x_wconf 78' lang='grc' dir='ltr'>ἀνθρώποις</span> <span class='ocrx_word' id='word_1_98' title='bbox 357 1146 423 1214; x_wconf 75' lang='grc' dir='ltr'>εἶναι</span> <span class='ocrx_word' id='word_1_99' title='bbox 446 1157 532 1229; x_wconf 85' lang='grc' dir='ltr'>δοκεῖ,</span> <span class='ocrx_word' id='word_1_100' title='bbox 545 1158 580 1223; x_wconf 82' lang='grc' dir='ltr'>ὡς</span> <span class='ocrx_word' id='word_1_101' title='bbox 602 1156 633 1215; x_wconf 84' lang='grc' dir='ltr'>τδ</span> <span class='ocrx_word' id='word_1_102' title='bbox 655 1159 719 1236; x_wconf 88' lang='grc' dir='ltr'>παρ’</span> <span class='ocrx_word' id='word_1_103' title='bbox 735 1155 831 1234; x_wconf 75' lang='grc' dir='ltr'>ἑτέρων</span> <span class='ocrx_word' id='word_1_104' title='bbox 885 1152 959 1212; x_wconf 87' lang='lat' dir='ltr'><strong>enim</strong></span> <span class='ocrx_word' id='word_1_105' title='bbox 972 1165 1020 1228; x_wconf 88' lang='lat' dir='ltr'><strong>est,</strong></span> <span class='ocrx_word' id='word_1_106' title='bbox 1034 1174 1068 1211; x_wconf 88' lang='lat' dir='ltr'>ne</span> <span class='ocrx_word' id='word_1_107' title='bbox 1078 1153 1125 1211; x_wconf 89' lang='lat' dir='ltr'><strong>ille</strong></span> <span class='ocrx_word' id='word_1_108' title='bbox 1136 1151 1276 1232; x_wconf 87' lang='lat' dir='ltr'><strong>quidpiam</strong></span> <span class='ocrx_word' id='word_1_109' title='bbox 1288 1151 1439 1231; x_wconf 88' lang='lat' dir='ltr'><strong>suspicetur</strong></span> <span class='ocrx_word' id='word_1_110' title='bbox 1452 1149 1529 1226; x_wconf 90' lang='lat' dir='ltr'><strong>mali,</strong></span> <span class='ocrx_word' id='word_1_111' title='bbox 1537 1151 1632 1210; x_wconf 72' lang='lat' dir='ltr'><strong>edam·</strong></span> 
     </span>
     <span class='ocr_line' id='line_1_9' title="bbox 56 1241 1632 1327; baseline -0.003 -23"><span class='ocrx_word' id='word_1_112' title='bbox 56 1246 215 1324; x_wconf 82' lang='grc' dir='ltr'>λομόάνειν,</span> <span class='ocrx_word' id='word_1_113' title='bbox 235 1247 267 1304; x_wconf 80' lang='grc' dir='ltr'>ἂν</span> <span class='ocrx_word' id='word_1_114' title='bbox 288 1244 325 1324; x_wconf 78' lang='grc' dir='ltr'>μὴ</span> <span class='ocrx_word' id='word_1_115' title='bbox 346 1251 379 1326; x_wconf 80' lang='grc' dir='ltr'>τῇ</span> <span class='ocrx_word' id='word_1_116' title='bbox 395 1245 595 1327; x_wconf 80' lang='grc' dir='ltr'>ὖπερόαλλοόση</span> <span class='ocrx_word' id='word_1_117' title='bbox 609 1246 765 1326; x_wconf 65' lang='grc' dir='ltr'>φαιδρότητα</span> <span class='ocrx_word' id='word_1_118' title='bbox 782 1244 831 1318; x_wconf 81' lang='grc' dir='ltr'>τὴν</span> <span class='ocrx_word' id='word_1_119' title='bbox 848 1255 867 1303; x_wconf 86' lang='lat' dir='ltr'><strong>c</strong></span> <span class='ocrx_word' id='word_1_120' title='bbox 887 1245 910 1304; x_wconf 91' lang='lat' dir='ltr'>si</span> <span class='ocrx_word' id='word_1_121' title='bbox 922 1264 984 1303; x_wconf 91' lang='lat' dir='ltr'><strong>cum</strong></span> <span class='ocrx_word' id='word_1_122' title='bbox 999 1243 1099 1324; x_wconf 88' lang='lat' dir='ltr'><strong>gaudio</strong></span> <span class='ocrx_word' id='word_1_123' title='bbox 1108 1243 1224 1305; x_wconf 88' lang='lat' dir='ltr'><strong>dederis.</strong></span> <span class='ocrx_word' id='word_1_124' title='bbox 1240 1243 1312 1316; x_wconf 89' lang='lat' dir='ltr'><strong>Quia</strong></span> <span class='ocrx_word' id='word_1_125' title='bbox 1326 1243 1398 1301; x_wconf 89' lang='lat' dir='ltr'><strong>enim</strong></span> <span class='ocrx_word' id='word_1_126' title='bbox 1411 1241 1483 1301; x_wconf 90' lang='lat' dir='ltr'><strong>nihil</strong></span> <span class='ocrx_word' id='word_1_127' title='bbox 1501 1241 1539 1301; x_wconf 80' lang='lat' dir='ltr'><strong>itu</strong></span> <span class='ocrx_word' id='word_1_128' title='bbox 1552 1256 1632 1324; x_wconf 82' lang='lat' dir='ltr'>turpe</span> 
     </span>
     <span class='ocr_line' id='line_1_10' title="bbox 58 1330 1630 1418; baseline -0.003 -22"><span class='ocrx_word' id='word_1_129' title='bbox 58 1337 173 1418; x_wconf 71' lang='grc' dir='ltr'>ὑποψίαν</span> <span class='ocrx_word' id='word_1_130' title='bbox 191 1330 359 1417; x_wconf 45' lang='lat' dir='ltr'><strong>&amp;unguen</strong></span> <span class='ocrx_word' id='word_1_131' title='bbox 374 1337 473 1418; x_wconf 76' lang='grc' dir='ltr'>δείξῃς,</span> <span class='ocrx_word' id='word_1_132' title='bbox 487 1337 528 1397; x_wconf 82' lang='grc' dir='ltr'>ὅτι</span> <span class='ocrx_word' id='word_1_133' title='bbox 541 1337 686 1416; x_wconf 79' lang='grc' dir='ltr'>λαμὸοίνεις</span> <span class='ocrx_word' id='word_1_134' title='bbox 701 1337 830 1416; x_wconf 76' lang='grc' dir='ltr'>μᾶλλονῆ</span> <span class='ocrx_word' id='word_1_135' title='bbox 885 1334 995 1395; x_wconf 80' lang='lat' dir='ltr'><strong>videtur</strong></span> <span class='ocrx_word' id='word_1_136' title='bbox 1014 1334 1171 1394; x_wconf 86' lang='lat' dir='ltr'><strong>hominibus</strong></span> <span class='ocrx_word' id='word_1_137' title='bbox 1187 1354 1252 1407; x_wconf 82' lang='lat' dir='ltr'><strong>csse,</strong></span> <span class='ocrx_word' id='word_1_138' title='bbox 1269 1346 1300 1391; x_wconf 90' lang='lat' dir='ltr'>ut</span> <span class='ocrx_word' id='word_1_139' title='bbox 1313 1334 1349 1392; x_wconf 81' lang='lat' dir='ltr'>ab</span> <span class='ocrx_word' id='word_1_140' title='bbox 1362 1332 1422 1391; x_wconf 86' lang='lat' dir='ltr'><strong>aliis</strong></span> <span class='ocrx_word' id='word_1_141' title='bbox 1437 1333 1568 1414; x_wconf 84' lang='lat' dir='ltr'><strong>accipere,</strong></span> <span class='ocrx_word' id='word_1_142' title='bbox 1584 1333 1630 1392; x_wconf 87' lang='lat' dir='ltr'>ni-</span> 
     </span>
     <span class='ocr_line' id='line_1_11' title="bbox 59 1419 1632 1507; baseline -0.005 -19"><span class='ocrx_word' id='word_1_143' title='bbox 59 1428 153 1500; x_wconf 86' lang='grc' dir='ltr'>δίδως,</span> <span class='ocrx_word' id='word_1_144' title='bbox 168 1429 272 1506; x_wconf 73' lang='grc' dir='ltr'>ο[καί]</span> <span class='ocrx_word' id='word_1_145' title='bbox 289 1430 436 1495; x_wconf 82' lang='grc' dir='ltr'>κατέόαλες</span> <span class='ocrx_word' id='word_1_146' title='bbox 450 1432 561 1507; x_wconf 77' lang='grc' dir='ltr'>μᾶλλον,</span> <span class='ocrx_word' id='word_1_147' title='bbox 580 1427 597 1500; x_wconf 78' lang='grc' dir='ltr'>ἢ</span> <span class='ocrx_word' id='word_1_148' title='bbox 621 1428 768 1502; x_wconf 76' lang='grc' dir='ltr'>ἀνέστησας</span> <span class='ocrx_word' id='word_1_149' title='bbox 786 1430 831 1489; x_wconf 76' lang='grc' dir='ltr'>τὸν</span> <span class='ocrx_word' id='word_1_150' title='bbox 886 1421 909 1482; x_wconf 88' lang='lat' dir='ltr'>si</span> <span class='ocrx_word' id='word_1_151' title='bbox 932 1443 967 1482; x_wconf 85' lang='lat' dir='ltr'><strong>ex</strong></span> <span class='ocrx_word' id='word_1_152' title='bbox 989 1444 1096 1482; x_wconf 88' lang='lat' dir='ltr'><strong>summa</strong></span> <span class='ocrx_word' id='word_1_153' title='bbox 1115 1423 1254 1482; x_wconf 76' lang='lat' dir='ltr'>hilaritate</span> <span class='ocrx_word' id='word_1_154' title='bbox 1270 1419 1450 1503; x_wconf 85' lang='lat' dir='ltr'><strong>suspicionem</strong></span> <span class='ocrx_word' id='word_1_155' title='bbox 1466 1422 1581 1497; x_wconf 78' lang='lat' dir='ltr'><strong>auferas,</strong></span> <span class='ocrx_word' id='word_1_156' title='bbox 1605 1434 1632 1480; x_wconf 81' lang='lat' dir='ltr'><strong>et</strong></span> 
     </span>
     <span class='ocr_line' id='line_1_12' title="bbox 58 1512 1632 1601; baseline -0.004 -22"><span class='ocrx_word' id='word_1_157' title='bbox 58 1520 239 1598; x_wconf 79' lang='grc' dir='ltr'>λαμόάνοντα.</span> <span class='ocrx_word' id='word_1_158' title='bbox 254 1521 306 1580; x_wconf 79' lang='grc' dir='ltr'>Διὰ</span> <span class='ocrx_word' id='word_1_159' title='bbox 331 1521 407 1583; x_wconf 80' lang='grc' dir='ltr'>τοῦτό</span> <span class='ocrx_word' id='word_1_160' title='bbox 429 1544 520 1601; x_wconf 84' lang='grc' dir='ltr'>ρησιν,</span> <span class='ocrx_word' id='word_1_161' title='bbox 546 1520 581 1581; x_wconf 87' lang='grc' dir='ltr'>Ὁ</span> <span class='ocrx_word' id='word_1_162' title='bbox 604 1522 694 1598; x_wconf 79' lang='grc' dir='ltr'>ἐλεῶν,</span> <span class='ocrx_word' id='word_1_163' title='bbox 719 1523 747 1580; x_wconf 77' lang='grc' dir='ltr'>δν</span> <span class='ocrx_word' id='word_1_164' title='bbox 771 1523 831 1581; x_wconf 70' lang='lat' dir='ltr'><strong>lle·</strong></span> <span class='ocrx_word' id='word_1_165' title='bbox 887 1514 1014 1575; x_wconf 86' lang='lat' dir='ltr'><strong>ostendas</strong></span> <span class='ocrx_word' id='word_1_166' title='bbox 1029 1528 1057 1574; x_wconf 89' lang='lat' dir='ltr'><strong>te</strong></span> <span class='ocrx_word' id='word_1_167' title='bbox 1065 1515 1154 1595; x_wconf 83' lang='lat' dir='ltr'><strong>magis</strong></span> <span class='ocrx_word' id='word_1_168' title='bbox 1162 1514 1283 1597; x_wconf 89' lang='lat' dir='ltr'><strong>accipere</strong></span> <span class='ocrx_word' id='word_1_169' title='bbox 1297 1534 1380 1592; x_wconf 89' lang='lat' dir='ltr'><strong>quam</strong></span> <span class='ocrx_word' id='word_1_170' title='bbox 1392 1512 1469 1592; x_wconf 84' lang='lat' dir='ltr'><strong>dare,</strong></span> <span class='ocrx_word' id='word_1_171' title='bbox 1483 1513 1575 1595; x_wconf 89' lang='lat' dir='ltr'><strong>potius</strong></span> <span class='ocrx_word' id='word_1_172' title='bbox 1585 1533 1632 1573; x_wconf 88' lang='lat' dir='ltr'><strong>ac·</strong></span> 
     </span>
     <span class='ocr_line' id='line_1_13' title="bbox 61 1602 1633 1691; baseline -0.004 -21"><span class='ocrx_word' id='word_1_173' title='bbox 61 1612 162 1691; x_wconf 84' lang='grc' dir='ltr'>ρόιητι.</span> <span class='ocrx_word' id='word_1_174' title='bbox 887 1604 1031 1686; x_wconf 85' lang='lat' dir='ltr'><strong>cipientem</strong></span> <span class='ocrx_word' id='word_1_175' title='bbox 1045 1605 1166 1686; x_wconf 78' lang='lat' dir='ltr'><strong>dejicies,</strong></span> <span class='ocrx_word' id='word_1_176' title='bbox 1182 1626 1264 1683; x_wconf 86' lang='lat' dir='ltr'><strong>quam</strong></span> <span class='ocrx_word' id='word_1_177' title='bbox 1281 1604 1422 1666; x_wconf 78' lang='lat' dir='ltr'><strong>allevabis.</strong></span> <span class='ocrx_word' id='word_1_178' title='bbox 1439 1605 1583 1686; x_wconf 85' lang='lat' dir='ltr'><strong>Propterea</strong></span> <span class='ocrx_word' id='word_1_179' title='bbox 1591 1602 1633 1664; x_wconf 94' lang='lat' dir='ltr'><strong>di·</strong></span> 
     </span>
     <span class='ocr_line' id='line_1_14' title="bbox 888 1697 1398 1776; baseline 0.002 -19"><span class='ocrx_word' id='word_1_180' title='bbox 888 1697 936 1772; x_wconf 91' lang='lat' dir='ltr'><strong>cit,</strong></span> <span class='ocrx_word' id='word_1_181' title='bbox 950 1700 1008 1776; x_wconf 80' lang='lat' dir='ltr'><strong>Qui</strong></span> <span class='ocrx_word' id='word_1_182' title='bbox 1017 1703 1178 1774; x_wconf 83' lang='lat' dir='ltr'><strong>miseretur,</strong></span> <span class='ocrx_word' id='word_1_183' title='bbox 1191 1703 1224 1756; x_wconf 85' lang='lat' dir='ltr'>in</span> <span class='ocrx_word' id='word_1_184' title='bbox 1236 1699 1398 1758; x_wconf 78' lang='lat' dir='ltr'><strong>lellaritate.</strong></span> 
     </span>
    </p>

    <p class='ocr_par' dir='ltr' id='par_1_3' title="bbox 61 1789 1787 2246">
     <span class='ocr_line' id='line_1_15' title="bbox 100 1789 1635 1877; baseline -0.003 -24"><span class='ocrx_word' id='word_1_185' title='bbox 100 1795 150 1863; x_wconf 89' lang='grc' dir='ltr'>Τίς</span> <span class='ocrx_word' id='word_1_186' title='bbox 159 1797 210 1877; x_wconf 70' lang='grc' dir='ltr'>γάρ</span> <span class='ocrx_word' id='word_1_187' title='bbox 223 1796 359 1876; x_wconf 83' lang='grc' dir='ltr'>βασιλείαν</span> <span class='ocrx_word' id='word_1_188' title='bbox 373 1794 527 1874; x_wconf 82' lang='grc' dir='ltr'>λαμόάνων,</span> <span class='ocrx_word' id='word_1_189' title='bbox 541 1795 694 1876; x_wconf 84' lang='grc' dir='ltr'>σκυθρωπός</span> <span class='ocrx_word' id='word_1_190' title='bbox 708 1799 764 1857; x_wconf 74' lang='grc' dir='ltr'>ἔστι</span> <span class='ocrx_word' id='word_1_191' title='bbox 772 1822 781 1872; x_wconf 90' lang='lat'>;</span> <span class='ocrx_word' id='word_1_192' title='bbox 794 1796 834 1865; x_wconf 83' lang='grc' dir='ltr'>τίς</span> <span class='ocrx_word' id='word_1_193' title='bbox 928 1793 957 1850; x_wconf 75' lang='lat'>2.</span> <span class='ocrx_word' id='word_1_194' title='bbox 974 1790 1045 1865; x_wconf 90' lang='lat' dir='ltr'><strong>Quis</strong></span> <span class='ocrx_word' id='word_1_195' title='bbox 1064 1789 1137 1850; x_wconf 87' lang='lat' dir='ltr'><strong>enirn</strong></span> <span class='ocrx_word' id='word_1_196' title='bbox 1147 1808 1262 1868; x_wconf 88' lang='lat' dir='ltr'><strong>regnum</strong></span> <span class='ocrx_word' id='word_1_197' title='bbox 1275 1789 1420 1869; x_wconf 86' lang='lat' dir='ltr'><strong>accipiens,</strong></span> <span class='ocrx_word' id='word_1_198' title='bbox 1438 1803 1549 1850; x_wconf 77' lang='lat' dir='ltr'><strong>moestus</strong></span> <span class='ocrx_word' id='word_1_199' title='bbox 1573 1790 1635 1850; x_wconf 76' lang='lat' dir='ltr'><strong>est?</strong></span> 
     </span>
     <span class='ocr_line' id='line_1_16' title="bbox 61 1880 1635 1971; baseline -0.005 -23"><span class='ocrx_word' id='word_1_200' title='bbox 61 1888 263 1967; x_wconf 78' lang='grc' dir='ltr'>ἁμαρτημάτων</span> <span class='ocrx_word' id='word_1_201' title='bbox 287 1887 428 1968; x_wconf 85' lang='grc' dir='ltr'>δεχόμενος</span> <span class='ocrx_word' id='word_1_202' title='bbox 452 1884 632 1967; x_wconf 78' lang='grc' dir='ltr'>συγχώρησιν,</span> <span class='ocrx_word' id='word_1_203' title='bbox 655 1892 682 1948; x_wconf 80' lang='grc' dir='ltr'>ἐν</span> <span class='ocrx_word' id='word_1_204' title='bbox 702 1887 835 1971; x_wconf 65' lang='grc' dir='ltr'>κατηφείη</span> <span class='ocrx_word' id='word_1_205' title='bbox 888 1882 950 1960; x_wconf 89' lang='lat' dir='ltr'><strong>quis</strong></span> <span class='ocrx_word' id='word_1_206' title='bbox 970 1896 1141 1963; x_wconf 88' lang='lat' dir='ltr'><strong>pcccatorum</strong></span> <span class='ocrx_word' id='word_1_207' title='bbox 1164 1881 1346 1944; x_wconf 79' lang='lat' dir='ltr'><strong>remissionem</strong></span> <span class='ocrx_word' id='word_1_208' title='bbox 1367 1880 1512 1961; x_wconf 84' lang='lat' dir='ltr'><strong>accipiens,</strong></span> <span class='ocrx_word' id='word_1_209' title='bbox 1533 1880 1561 1940; x_wconf 94' lang='lat' dir='ltr'>in</span> <span class='ocrx_word' id='word_1_210' title='bbox 1584 1880 1635 1940; x_wconf 89' lang='lat' dir='ltr'><strong>tri·</strong></span> 
     </span>
     <span class='ocr_line' id='line_1_17' title="bbox 63 1972 1634 2062; baseline -0.004 -24"><span class='ocrx_word' id='word_1_211' title='bbox 63 1980 152 2057; x_wconf 84' lang='grc' dir='ltr'>μένει;</span> <span class='ocrx_word' id='word_1_212' title='bbox 167 1978 214 2052; x_wconf 81' lang='grc' dir='ltr'>Μὴ</span> <span class='ocrx_word' id='word_1_213' title='bbox 232 1980 317 2040; x_wconf 87' lang='grc' dir='ltr'>τοίνυν</span> <span class='ocrx_word' id='word_1_214' title='bbox 342 1984 375 2059; x_wconf 83' lang='grc' dir='ltr'>τῇ</span> <span class='ocrx_word' id='word_1_215' title='bbox 395 1977 498 2058; x_wconf 79' lang='grc' dir='ltr'>δαπάνῄ</span> <span class='ocrx_word' id='word_1_216' title='bbox 518 1981 571 2037; x_wconf 83' lang='grc' dir='ltr'>τῶν</span> <span class='ocrx_word' id='word_1_217' title='bbox 586 1979 733 2060; x_wconf 83' lang='grc' dir='ltr'>χρημάτων</span> <span class='ocrx_word' id='word_1_218' title='bbox 747 1981 835 2062; x_wconf 75' lang='grc' dir='ltr'>πρόσ-</span> <span class='ocrx_word' id='word_1_219' title='bbox 889 1975 962 2034; x_wconf 89' lang='lat' dir='ltr'><strong>stitia</strong></span> <span class='ocrx_word' id='word_1_220' title='bbox 972 1976 1082 2034; x_wconf 81' lang='lat' dir='ltr'><strong>manet?</strong></span> <span class='ocrx_word' id='word_1_221' title='bbox 1104 1975 1145 2034; x_wconf 86' lang='lat' dir='ltr'><strong>Ne</strong></span> <span class='ocrx_word' id='word_1_222' title='bbox 1159 1974 1249 2052; x_wconf 89' lang='lat' dir='ltr'><strong>itaque</strong></span> <span class='ocrx_word' id='word_1_223' title='bbox 1263 1993 1388 2054; x_wconf 73' lang='lat' dir='ltr'><strong>expensae</strong></span> <span class='ocrx_word' id='word_1_224' title='bbox 1400 1972 1578 2053; x_wconf 82' lang='lat' dir='ltr'><strong>pecuniarum</strong></span> <span class='ocrx_word' id='word_1_225' title='bbox 1593 1985 1634 2032; x_wconf 87' lang='lat' dir='ltr'>at·</span> 
     </span>
     <span class='ocr_line' id='line_1_18' title="bbox 61 2065 1787 2154; baseline -0.003 -23"><span class='ocrx_word' id='word_1_226' title='bbox 61 2096 123 2152; x_wconf 78' lang='grc' dir='ltr'>εχε,</span> <span class='ocrx_word' id='word_1_227' title='bbox 135 2072 205 2132; x_wconf 76' lang='grc' dir='ltr'>ἀλλά</span> <span class='ocrx_word' id='word_1_228' title='bbox 223 2077 256 2152; x_wconf 80' lang='grc' dir='ltr'>τῇ</span> <span class='ocrx_word' id='word_1_229' title='bbox 272 2071 315 2131; x_wconf 72' lang='grc' dir='ltr'>διὰ</span> <span class='ocrx_word' id='word_1_230' title='bbox 328 2076 376 2144; x_wconf 78' lang='grc' dir='ltr'>τῆς</span> <span class='ocrx_word' id='word_1_231' title='bbox 398 2072 517 2143; x_wconf 76' lang='grc' dir='ltr'>δαπάνης</span> <span class='ocrx_word' id='word_1_232' title='bbox 530 2071 661 2153; x_wconf 82' lang='grc' dir='ltr'>προσόδῳ.</span> <span class='ocrx_word' id='word_1_233' title='bbox 680 2070 737 2132; x_wconf 71' lang='lat' dir='ltr'>lEl</span> <span class='ocrx_word' id='word_1_234' title='bbox 757 2072 835 2154; x_wconf 77' lang='grc' dir='ltr'>γάρὸ</span> <span class='ocrx_word' id='word_1_235' title='bbox 888 2069 993 2144; x_wconf 86' lang='lat' dir='ltr'><strong>tendas,</strong></span> <span class='ocrx_word' id='word_1_236' title='bbox 1004 2068 1052 2128; x_wconf 87' lang='lat' dir='ltr'>sed</span> <span class='ocrx_word' id='word_1_237' title='bbox 1063 2068 1248 2149; x_wconf 28' lang='lat' dir='ltr'><strong>proventui-ab</strong></span> <span class='ocrx_word' id='word_1_238' title='bbox 1259 2087 1375 2148; x_wconf 87' lang='lat' dir='ltr'><strong>expensa</strong></span> <span class='ocrx_word' id='word_1_239' title='bbox 1389 2065 1552 2126; x_wconf 87' lang='lat' dir='ltr'><strong>advenienti.</strong></span> <span class='ocrx_word' id='word_1_240' title='bbox 1564 2067 1634 2129; x_wconf 80' lang='lat' dir='ltr'>Nam</span> <span class='ocrx_word' id='word_1_241' title='bbox 1680 2090 1787 2134; x_wconf 78' lang='lat' dir='ltr'><strong>Eleemo-</strong></span> 
     </span>
     <span class='ocr_line' id='line_1_19' title="bbox 62 2156 1787 2246; baseline -0.004 -22"><span class='ocrx_word' id='word_1_242' title='bbox 62 2165 177 2242; x_wconf 82' lang='grc' dir='ltr'>σπείρων</span> <span class='ocrx_word' id='word_1_243' title='bbox 187 2164 424 2244; x_wconf 83' lang='grc' dir='ltr'>χαίρει,καίτοιγε</span> <span class='ocrx_word' id='word_1_244' title='bbox 433 2166 476 2222; x_wconf 80' lang='grc' dir='ltr'>ἐπ’</span> <span class='ocrx_word' id='word_1_245' title='bbox 489 2164 595 2235; x_wconf 78' lang='grc' dir='ltr'>ἀδήλοις</span> <span class='ocrx_word' id='word_1_246' title='bbox 606 2163 721 2246; x_wconf 75' lang='grc' dir='ltr'>σπείρου</span> <span class='ocrx_word' id='word_1_247' title='bbox 730 2167 835 2245; x_wconf 80' lang='grc' dir='ltr'>πολλῷ</span> <span class='ocrx_word' id='word_1_248' title='bbox 890 2162 972 2241; x_wconf 89' lang='lat' dir='ltr'><strong>siqui</strong></span> <span class='ocrx_word' id='word_1_249' title='bbox 992 2162 1105 2221; x_wconf 89' lang='lat' dir='ltr'><strong>seminat</strong></span> <span class='ocrx_word' id='word_1_250' title='bbox 1116 2160 1225 2241; x_wconf 82' lang='lat' dir='ltr'><strong>gaudet,</strong></span> <span class='ocrx_word' id='word_1_251' title='bbox 1239 2160 1287 2219; x_wconf 87' lang='lat' dir='ltr'><strong>etsi</strong></span> <span class='ocrx_word' id='word_1_252' title='bbox 1307 2160 1334 2218; x_wconf 93' lang='lat' dir='ltr'>in</span> <span class='ocrx_word' id='word_1_253' title='bbox 1350 2159 1484 2219; x_wconf 88' lang='lat' dir='ltr'><strong>incertum</strong></span> <span class='ocrx_word' id='word_1_254' title='bbox 1502 2160 1631 2221; x_wconf 76' lang='lat' dir='ltr'><strong>seminet:</strong></span> <span class='ocrx_word' id='word_1_255' title='bbox 1643 2167 1700 2212; x_wconf 74' lang='lat'>⁸5⁰⁸</span> <span class='ocrx_word' id='word_1_256' title='bbox 1717 2156 1787 2228; x_wconf 63' lang='lat' dir='ltr'><strong>merr-</strong></span> 
     </span>
    </p>
   </div>
   <div class='ocr_carea' id='block_1_3' title="bbox 1643 2224 1819 2259">
    <p class='ocr_par' dir='ltr' id='par_1_4' title="bbox 1643 2224 1819 2259">
     <span class='ocr_line' id='line_1_20' title="bbox 1643 2224 1819 2259; baseline 0 -1"><span class='ocrx_word' id='word_1_257' title='bbox 1643 2225 1690 2258; x_wconf 83' lang='lat' dir='ltr'>tum</span> <span class='ocrx_word' id='word_1_258' title='bbox 1702 2224 1750 2259; x_wconf 73' lang='lat' dir='ltr'><strong>exte</strong></span> <span class='ocrx_word' id='word_1_259' title='bbox 1767 2231 1788 2258; x_wconf 86' lang='lat' dir='ltr'>t-</span> <span class='ocrx_word' id='word_1_260' title='bbox 1816 2242 1819 2247; x_wconf 94' lang='lat'>·</span> 
     </span>
    </p>
   </div>
   <div class='ocr_carea' id='block_1_4' title="bbox 61 2229 1787 5015">
    <p class='ocr_par' dir='ltr' id='par_1_5' title="bbox 61 2229 1787 5015">
     <span class='ocr_line' id='line_1_21' title="bbox 62 2229 1787 2338; baseline -0.002 -25"><span class='ocrx_word' id='word_1_261' title='bbox 62 2257 164 2332; x_wconf 82' lang='grc' dir='ltr'>μᾶλλον</span> <span class='ocrx_word' id='word_1_262' title='bbox 179 2261 193 2316; x_wconf 81' lang='grc' dir='ltr'><strong>ὁ</strong></span> <span class='ocrx_word' id='word_1_263' title='bbox 208 2254 252 2314; x_wconf 80' lang='grc' dir='ltr'>τὸν</span> <span class='ocrx_word' id='word_1_264' title='bbox 266 2255 373 2335; x_wconf 81' lang='grc' dir='ltr'>οὐρανὸν</span> <span class='ocrx_word' id='word_1_265' title='bbox 384 2260 517 2335; x_wconf 84' lang='grc' dir='ltr'>γεωργῶν.</span> <span class='ocrx_word' id='word_1_266' title='bbox 532 2253 612 2314; x_wconf 78' lang='grc' dir='ltr'>Οὕτω</span> <span class='ocrx_word' id='word_1_267' title='bbox 623 2254 676 2337; x_wconf 76' lang='grc' dir='ltr'>γὰρ</span> <span class='ocrx_word' id='word_1_268' title='bbox 689 2255 738 2315; x_wconf 77' lang='grc' dir='ltr'>κάν</span> <span class='ocrx_word' id='word_1_269' title='bbox 758 2253 836 2334; x_wconf 82' lang='grc' dir='ltr'>ὀλίγα</span> <span class='ocrx_word' id='word_1_270' title='bbox 890 2253 1079 2332; x_wconf 88' lang='lat' dir='ltr'><strong>multomagis</strong></span> <span class='ocrx_word' id='word_1_271' title='bbox 1099 2251 1146 2331; x_wconf 90' lang='lat' dir='ltr'><strong>qui</strong></span> <span class='ocrx_word' id='word_1_272' title='bbox 1171 2251 1267 2310; x_wconf 79' lang='lat' dir='ltr'><strong>calum</strong></span> <span class='ocrx_word' id='word_1_273' title='bbox 1282 2250 1360 2329; x_wconf 90' lang='lat' dir='ltr'><strong>quasi</strong></span> <span class='ocrx_word' id='word_1_274' title='bbox 1385 2271 1483 2329; x_wconf 89' lang='lat' dir='ltr'><strong>agrum</strong></span> <span class='ocrx_word' id='word_1_275' title='bbox 1502 2251 1575 2311; x_wconf 91' lang='lat' dir='ltr'><strong>colit.</strong></span> <span class='ocrx_word' id='word_1_276' title='bbox 1593 2254 1633 2313; x_wconf 91' lang='lat' dir='ltr'>lta</span> <span class='ocrx_word' id='word_1_277' title='bbox 1644 2291 1680 2320; x_wconf 79' lang='lat' dir='ltr'>mo</span> <span class='ocrx_word' id='word_1_278' title='bbox 1705 2229 1787 2338; x_wconf 56' lang='lat' dir='ltr'><strong>pmii.</strong></span> 
     </span>
     <span class='ocr_line' id='line_1_22' title="bbox 62 2338 1690 2430; baseline 0 -24"><span class='ocrx_word' id='word_1_279' title='bbox 62 2348 131 2427; x_wconf 80' lang='grc' dir='ltr'>δῷς,</span> <span class='ocrx_word' id='word_1_280' title='bbox 145 2348 233 2408; x_wconf 78' lang='grc' dir='ltr'>πολλὰ</span> <span class='ocrx_word' id='word_1_281' title='bbox 250 2347 356 2414; x_wconf 84' lang='grc' dir='ltr'>δώσεις·</span> <span class='ocrx_word' id='word_1_282' title='bbox 368 2346 458 2428; x_wconf 75' lang='grc' dir='ltr'>ὥσπερ</span> <span class='ocrx_word' id='word_1_283' title='bbox 471 2338 516 2407; x_wconf 75' lang='lat' dir='ltr'>odo</span> <span class='ocrx_word' id='word_1_284' title='bbox 534 2348 604 2426; x_wconf 75' lang='lat' dir='ltr'><strong>peric</strong></span> <span class='ocrx_word' id='word_1_285' title='bbox 618 2346 836 2430; x_wconf 82' lang='grc' dir='ltr'>σκυθρωπότητος</span> <span class='ocrx_word' id='word_1_286' title='bbox 853 2355 873 2403; x_wconf 80' lang='lat' dir='ltr'>D</span> <span class='ocrx_word' id='word_1_287' title='bbox 890 2347 971 2424; x_wconf 86' lang='lat' dir='ltr'><strong>enim,</strong></span> <span class='ocrx_word' id='word_1_288' title='bbox 983 2345 1032 2404; x_wconf 87' lang='lat' dir='ltr'><strong>etsi</strong></span> <span class='ocrx_word' id='word_1_289' title='bbox 1042 2366 1128 2426; x_wconf 88' lang='lat' dir='ltr'><strong>pauca</strong></span> <span class='ocrx_word' id='word_1_290' title='bbox 1139 2345 1199 2421; x_wconf 87' lang='lat' dir='ltr'><strong>des,</strong></span> <span class='ocrx_word' id='word_1_291' title='bbox 1212 2343 1297 2402; x_wconf 84' lang='lat' dir='ltr'><strong>multa</strong></span> <span class='ocrx_word' id='word_1_292' title='bbox 1310 2342 1403 2421; x_wconf 79' lang='lat' dir='ltr'><strong>dabis3</strong></span> <span class='ocrx_word' id='word_1_293' title='bbox 1418 2356 1450 2403; x_wconf 89' lang='lat' dir='ltr'>ut</span> <span class='ocrx_word' id='word_1_294' title='bbox 1460 2344 1483 2404; x_wconf 89' lang='lat' dir='ltr'>si</span> <span class='ocrx_word' id='word_1_295' title='bbox 1493 2365 1555 2404; x_wconf 89' lang='lat' dir='ltr'><strong>cum</strong></span> <span class='ocrx_word' id='word_1_296' title='bbox 1567 2366 1634 2406; x_wconf 87' lang='lat' dir='ltr'>moe·</span> <span class='ocrx_word' id='word_1_297' title='bbox 1644 2347 1690 2386; x_wconf 62' lang='grc' dir='ltr'>ω’·</span> 
     </span>
     <span class='ocr_line' id='line_1_23' title="bbox 61 2435 1635 2521; baseline 0 -23"><span class='ocrx_word' id='word_1_298' title='bbox 61 2440 112 2499; x_wconf 78' lang='grc' dir='ltr'>κᾶν</span> <span class='ocrx_word' id='word_1_299' title='bbox 123 2441 211 2500; x_wconf 81' lang='grc' dir='ltr'>πολλά</span> <span class='ocrx_word' id='word_1_300' title='bbox 224 2442 288 2521; x_wconf 83' lang='grc' dir='ltr'>δῷς,</span> <span class='ocrx_word' id='word_1_301' title='bbox 300 2440 376 2519; x_wconf 83' lang='grc' dir='ltr'>ὀλίγα</span> <span class='ocrx_word' id='word_1_302' title='bbox 387 2440 534 2513; x_wconf 87' lang='grc' dir='ltr'>πεποίηκας</span> <span class='ocrx_word' id='word_1_303' title='bbox 544 2441 579 2501; x_wconf 79' lang='grc' dir='ltr'>τά</span> <span class='ocrx_word' id='word_1_304' title='bbox 589 2443 684 2501; x_wconf 90' lang='grc' dir='ltr'>πολλά.</span> <span class='ocrx_word' id='word_1_305' title='bbox 696 2441 777 2500; x_wconf 78' lang='grc' dir='ltr'>Οὕτω</span> <span class='ocrx_word' id='word_1_306' title='bbox 789 2441 836 2500; x_wconf 77' lang='grc' dir='ltr'>καί</span> <span class='ocrx_word' id='word_1_307' title='bbox 890 2439 962 2498; x_wconf 84' lang='lat' dir='ltr'><strong>stitia</strong></span> <span class='ocrx_word' id='word_1_308' title='bbox 976 2437 1061 2497; x_wconf 89' lang='lat' dir='ltr'><strong>multa</strong></span> <span class='ocrx_word' id='word_1_309' title='bbox 1071 2435 1189 2513; x_wconf 86' lang='lat' dir='ltr'><strong>dederis,</strong></span> <span class='ocrx_word' id='word_1_310' title='bbox 1204 2457 1239 2496; x_wconf 85' lang='lat' dir='ltr'><strong>ex</strong></span> <span class='ocrx_word' id='word_1_311' title='bbox 1259 2435 1352 2495; x_wconf 88' lang='lat' dir='ltr'><strong>multis</strong></span> <span class='ocrx_word' id='word_1_312' title='bbox 1365 2455 1452 2516; x_wconf 76' lang='lat' dir='ltr'><strong>pauca</strong></span> <span class='ocrx_word' id='word_1_313' title='bbox 1477 2436 1575 2496; x_wconf 84' lang='lat' dir='ltr'><strong>fecisti.</strong></span> <span class='ocrx_word' id='word_1_314' title='bbox 1588 2438 1635 2498; x_wconf 80' lang='lat' dir='ltr'>sie</span> 
     </span>
     <span class='ocr_line' id='line_1_24' title="bbox 61 2527 1632 2613; baseline -0.001 -23"><span class='ocrx_word' id='word_1_315' title='bbox 61 2532 167 2613; x_wconf 77' lang='grc' dir='ltr'>ἡχήρα</span> <span class='ocrx_word' id='word_1_316' title='bbox 180 2530 266 2591; x_wconf 74' lang='grc' dir='ltr'>πολλὰ</span> <span class='ocrx_word' id='word_1_317' title='bbox 275 2532 392 2591; x_wconf 86' lang='grc' dir='ltr'>τάλαντα</span> <span class='ocrx_word' id='word_1_318' title='bbox 404 2530 594 2611; x_wconf 82' lang='grc' dir='ltr'>ὑπερηκόντισε</span> <span class='ocrx_word' id='word_1_319' title='bbox 606 2532 649 2591; x_wconf 83' lang='grc' dir='ltr'>διὰ</span> <span class='ocrx_word' id='word_1_320' title='bbox 663 2530 709 2592; x_wconf 88' lang='grc' dir='ltr'>δόο</span> <span class='ocrx_word' id='word_1_321' title='bbox 721 2535 835 2591; x_wconf 83' lang='grc' dir='ltr'>λεπτῶν·</span> <span class='ocrx_word' id='word_1_322' title='bbox 890 2529 973 2590; x_wconf 86' lang='lat' dir='ltr'><strong>vidua</strong></span> <span class='ocrx_word' id='word_1_323' title='bbox 996 2529 1083 2588; x_wconf 89' lang='lat' dir='ltr'><strong>multa</strong></span> <span class='ocrx_word' id='word_1_324' title='bbox 1110 2528 1209 2588; x_wconf 85' lang='lat' dir='ltr'><strong>talenta</strong></span> <span class='ocrx_word' id='word_1_325' title='bbox 1232 2527 1341 2587; x_wconf 90' lang='lat' dir='ltr'><strong>duobus</strong></span> <span class='ocrx_word' id='word_1_326' title='bbox 1365 2527 1453 2587; x_wconf 89' lang='lat' dir='ltr'><strong>obolis</strong></span> <span class='ocrx_word' id='word_1_327' title='bbox 1476 2527 1632 2610; x_wconf 76' lang='lat' dir='ltr'><strong>superavit3</strong></span> 
     </span>
     <span class='ocr_line' id='line_1_25' title="bbox 62 2615 1635 2705; baseline -0.001 -23"><span class='ocrx_word' id='word_1_328' title='bbox 62 2625 177 2703; x_wconf 78' lang='grc' dir='ltr'>δαψιλὴς</span> <span class='ocrx_word' id='word_1_329' title='bbox 188 2622 239 2703; x_wconf 80' lang='grc' dir='ltr'>γάρ</span> <span class='ocrx_word' id='word_1_330' title='bbox 254 2615 316 2696; x_wconf 73' lang='grc' dir='ltr'>ἧνὴ</span> <span class='ocrx_word' id='word_1_331' title='bbox 331 2623 434 2702; x_wconf 86' lang='grc' dir='ltr'>γνώμη.</span> <span class='ocrx_word' id='word_1_332' title='bbox 450 2623 503 2683; x_wconf 79' lang='grc' dir='ltr'>Καί</span> <span class='ocrx_word' id='word_1_333' title='bbox 521 2626 578 2691; x_wconf 85' lang='grc' dir='ltr'>πῶς</span> <span class='ocrx_word' id='word_1_334' title='bbox 592 2624 645 2697; x_wconf 83' lang='grc' dir='ltr'>ἔνι,</span> <span class='ocrx_word' id='word_1_335' title='bbox 666 2624 746 2704; x_wconf 80' lang='grc' dir='ltr'>φησί,</span> <span class='ocrx_word' id='word_1_336' title='bbox 758 2622 836 2705; x_wconf 70' lang='grc' dir='ltr'>πενία</span> <span class='ocrx_word' id='word_1_337' title='bbox 889 2623 982 2704; x_wconf 89' lang='lat' dir='ltr'><strong>largus</strong></span> <span class='ocrx_word' id='word_1_338' title='bbox 999 2622 1071 2683; x_wconf 89' lang='lat' dir='ltr'><strong>enim</strong></span> <span class='ocrx_word' id='word_1_339' title='bbox 1081 2622 1187 2681; x_wconf 87' lang='lat' dir='ltr'><strong>animus</strong></span> <span class='ocrx_word' id='word_1_340' title='bbox 1196 2633 1261 2680; x_wconf 88' lang='lat' dir='ltr'><strong>erat.</strong></span> <span class='ocrx_word' id='word_1_341' title='bbox 1274 2620 1311 2680; x_wconf 82' lang='lat' dir='ltr'>Et</span> <span class='ocrx_word' id='word_1_342' title='bbox 1320 2619 1456 2698; x_wconf 89' lang='lat' dir='ltr'><strong>quomodo</strong></span> <span class='ocrx_word' id='word_1_343' title='bbox 1468 2620 1578 2701; x_wconf 88' lang='lat' dir='ltr'><strong>poterit,</strong></span> <span class='ocrx_word' id='word_1_344' title='bbox 1591 2620 1635 2681; x_wconf 90' lang='lat' dir='ltr'>in·</span> 
     </span>
     <span class='ocr_line' id='line_1_26' title="bbox 62 2713 1635 2796; baseline 0 -22"><span class='ocrx_word' id='word_1_345' title='bbox 62 2717 182 2782; x_wconf 81' lang='grc' dir='ltr'>συζῶντα</span> <span class='ocrx_word' id='word_1_346' title='bbox 202 2715 319 2795; x_wconf 78' lang='grc' dir='ltr'>ἐσχάτη,</span> <span class='ocrx_word' id='word_1_347' title='bbox 334 2716 380 2774; x_wconf 79' lang='grc' dir='ltr'>καί</span> <span class='ocrx_word' id='word_1_348' title='bbox 395 2714 483 2773; x_wconf 89' lang='grc' dir='ltr'>πάντα</span> <span class='ocrx_word' id='word_1_349' title='bbox 496 2720 638 2787; x_wconf 81' lang='grc' dir='ltr'>κενοῦντα,</span> <span class='ocrx_word' id='word_1_350' title='bbox 654 2714 721 2791; x_wconf 84' lang='grc' dir='ltr'>μετὰ</span> <span class='ocrx_word' id='word_1_351' title='bbox 740 2718 836 2794; x_wconf 80' lang='grc' dir='ltr'>προθυ-</span> <span class='ocrx_word' id='word_1_352' title='bbox 890 2717 976 2796; x_wconf 85' lang='lat' dir='ltr'><strong>quies,</strong></span> <span class='ocrx_word' id='word_1_353' title='bbox 988 2715 1072 2794; x_wconf 89' lang='lat' dir='ltr'><strong>isqui</strong></span> <span class='ocrx_word' id='word_1_354' title='bbox 1086 2714 1114 2773; x_wconf 93' lang='lat' dir='ltr'>in</span> <span class='ocrx_word' id='word_1_355' title='bbox 1128 2728 1286 2795; x_wconf 89' lang='lat' dir='ltr'><strong>paupertate</strong></span> <span class='ocrx_word' id='word_1_356' title='bbox 1305 2713 1386 2786; x_wconf 80' lang='lat' dir='ltr'><strong>vivit,</strong></span> <span class='ocrx_word' id='word_1_357' title='bbox 1406 2726 1432 2770; x_wconf 86' lang='lat' dir='ltr'><strong>ct</strong></span> <span class='ocrx_word' id='word_1_358' title='bbox 1444 2713 1534 2772; x_wconf 88' lang='lat' dir='ltr'><strong>omnia</strong></span> <span class='ocrx_word' id='word_1_359' title='bbox 1546 2714 1635 2774; x_wconf 78' lang='lat' dir='ltr'><strong>effun-</strong></span> 
     </span>
     <span class='ocr_line' id='line_1_27' title="bbox 63 2804 1634 2888; baseline 0.001 -25"><span class='ocrx_word' id='word_1_360' title='bbox 63 2805 128 2883; x_wconf 89' lang='grc' dir='ltr'>μίας</span> <span class='ocrx_word' id='word_1_361' title='bbox 139 2810 217 2866; x_wconf 79' lang='grc' dir='ltr'>τοῦτο</span> <span class='ocrx_word' id='word_1_362' title='bbox 226 2815 325 2879; x_wconf 71' lang='grc' dir='ltr'>ποιεῖν,</span> <span class='ocrx_word' id='word_1_363' title='bbox 334 2804 487 2888; x_wconf 80' lang='grc' dir='ltr'>Ἐρόιτησσν</span> <span class='ocrx_word' id='word_1_364' title='bbox 501 2804 550 2876; x_wconf 72' lang='grc' dir='ltr'>τὴν</span> <span class='ocrx_word' id='word_1_365' title='bbox 563 2804 660 2886; x_wconf 74' lang='grc' dir='ltr'>χάραν,</span> <span class='ocrx_word' id='word_1_366' title='bbox 674 2805 720 2864; x_wconf 78' lang='grc' dir='ltr'>καί</span> <span class='ocrx_word' id='word_1_367' title='bbox 734 2804 835 2882; x_wconf 83' lang='grc' dir='ltr'>άκοόοῃ</span> <span class='ocrx_word' id='word_1_368' title='bbox 891 2807 940 2880; x_wconf 84' lang='lat' dir='ltr'><strong>dit,</strong></span> <span class='ocrx_word' id='word_1_369' title='bbox 955 2806 985 2863; x_wconf 92' lang='lat' dir='ltr'><strong>id</strong></span> <span class='ocrx_word' id='word_1_370' title='bbox 996 2806 1120 2863; x_wconf 83' lang='lat' dir='ltr'><strong>alacriter</strong></span> <span class='ocrx_word' id='word_1_371' title='bbox 1130 2804 1235 2862; x_wconf 82' lang='lat' dir='ltr'><strong>lacere?</strong></span> <span class='ocrx_word' id='word_1_372' title='bbox 1256 2804 1393 2883; x_wconf 86' lang='lat' dir='ltr'><strong>Interroga</strong></span> <span class='ocrx_word' id='word_1_373' title='bbox 1403 2804 1527 2880; x_wconf 86' lang='lat' dir='ltr'><strong>viduam,</strong></span> <span class='ocrx_word' id='word_1_374' title='bbox 1540 2818 1634 2864; x_wconf 83' lang='lat' dir='ltr'><strong>etmo-</strong></span> 
     </span>
     <span class='ocr_line' id='line_1_28' title="bbox 62 2895 1635 2978; baseline 0.003 -22"><span class='ocrx_word' id='word_1_375' title='bbox 62 2899 108 2958; x_wconf 88' lang='grc' dir='ltr'>τδν</span> <span class='ocrx_word' id='word_1_376' title='bbox 123 2897 228 2978; x_wconf 81' lang='grc' dir='ltr'>τρόπον,</span> <span class='ocrx_word' id='word_1_377' title='bbox 238 2897 284 2957; x_wconf 81' lang='grc' dir='ltr'>καὶ</span> <span class='ocrx_word' id='word_1_378' title='bbox 297 2898 353 2976; x_wconf 84' lang='grc' dir='ltr'>εἴση</span> <span class='ocrx_word' id='word_1_379' title='bbox 363 2899 404 2957; x_wconf 83' lang='grc' dir='ltr'>ότι</span> <span class='ocrx_word' id='word_1_380' title='bbox 414 2901 464 2978; x_wconf 79' lang='grc' dir='ltr'>οὐχ</span> <span class='ocrx_word' id='word_1_381' title='bbox 476 2902 493 2969; x_wconf 86' lang='grc' dir='ltr'><strong>ἡ</strong></span> <span class='ocrx_word' id='word_1_382' title='bbox 507 2896 585 2957; x_wconf 82' lang='grc' dir='ltr'>πενία</span> <span class='ocrx_word' id='word_1_383' title='bbox 599 2895 726 2968; x_wconf 74' lang='grc' dir='ltr'>ποιεῖτὴν</span> <span class='ocrx_word' id='word_1_384' title='bbox 742 2916 835 2955; x_wconf 86' lang='grc' dir='ltr'>στινο-</span> <span class='ocrx_word' id='word_1_385' title='bbox 890 2900 958 2958; x_wconf 89' lang='lat' dir='ltr'>dum</span> <span class='ocrx_word' id='word_1_386' title='bbox 982 2896 1076 2956; x_wconf 89' lang='lat' dir='ltr'><strong>audies</strong></span> <span class='ocrx_word' id='word_1_387' title='bbox 1101 2896 1221 2976; x_wconf 86' lang='lat' dir='ltr'><strong>sciesque</strong></span> <span class='ocrx_word' id='word_1_388' title='bbox 1244 2897 1342 2956; x_wconf 85' lang='lat' dir='ltr'><strong>mentis</strong></span> <span class='ocrx_word' id='word_1_389' title='bbox 1360 2898 1511 2978; x_wconf 90' lang='lat' dir='ltr'><strong>angustiam</strong></span> <span class='ocrx_word' id='word_1_390' title='bbox 1524 2920 1577 2959; x_wconf 93' lang='lat' dir='ltr'>non</span> <span class='ocrx_word' id='word_1_391' title='bbox 1599 2921 1635 2961; x_wconf 83' lang='lat' dir='ltr'><strong>ex</strong></span> 
     </span>
     <span class='ocr_line' id='line_1_29' title="bbox 62 2984 1636 3073; baseline 0.003 -23"><span class='ocrx_word' id='word_1_392' title='bbox 62 2989 176 3069; x_wconf 79' lang='grc' dir='ltr'>χωρίον,</span> <span class='ocrx_word' id='word_1_393' title='bbox 188 2988 247 3046; x_wconf 66' lang='grc' dir='ltr'>ἀλλ’</span> <span class='ocrx_word' id='word_1_394' title='bbox 262 2991 279 3058; x_wconf 85' lang='grc' dir='ltr'><strong>ἡ</strong></span> <span class='ocrx_word' id='word_1_395' title='bbox 294 2984 448 3066; x_wconf 72' lang='grc' dir='ltr'>προαίρεσις</span> <span class='ocrx_word' id='word_1_396' title='bbox 467 2984 514 3043; x_wconf 72' lang='grc' dir='ltr'>καί</span> <span class='ocrx_word' id='word_1_397' title='bbox 533 2989 610 3045; x_wconf 75' lang='grc' dir='ltr'>τοῦτο</span> <span class='ocrx_word' id='word_1_398' title='bbox 627 2985 675 3044; x_wconf 71' lang='grc' dir='ltr'>καί</span> <span class='ocrx_word' id='word_1_399' title='bbox 687 2986 835 3045; x_wconf 75' lang='grc' dir='ltr'>τούναντίον</span> <span class='ocrx_word' id='word_1_400' title='bbox 889 3004 1061 3073; x_wconf 87' lang='lat' dir='ltr'><strong>paupertate,</strong></span> <span class='ocrx_word' id='word_1_401' title='bbox 1074 2989 1120 3049; x_wconf 88' lang='lat' dir='ltr'>sed</span> <span class='ocrx_word' id='word_1_402' title='bbox 1133 3010 1167 3048; x_wconf 84' lang='lat' dir='ltr'><strong>ex</strong></span> <span class='ocrx_word' id='word_1_403' title='bbox 1176 2989 1324 3049; x_wconf 83' lang='lat' dir='ltr'><strong>voluntatis</strong></span> <span class='ocrx_word' id='word_1_404' title='bbox 1341 2992 1480 3072; x_wconf 91' lang='lat' dir='ltr'><strong>proposito</strong></span> <span class='ocrx_word' id='word_1_405' title='bbox 1490 3005 1517 3052; x_wconf 91' lang='lat' dir='ltr'><strong>et</strong></span> <span class='ocrx_word' id='word_1_406' title='bbox 1530 2992 1636 3055; x_wconf 83' lang='lat' dir='ltr'><strong>illudet</strong></span> 
     </span>
     <span class='ocr_line' id='line_1_30' title="bbox 63 3074 1635 3166; baseline 0.004 -27"><span class='ocrx_word' id='word_1_407' title='bbox 63 3081 152 3139; x_wconf 69' lang='lat' dir='ltr'><strong>‘dares</strong></span> <span class='ocrx_word' id='word_1_408' title='bbox 166 3076 389 3160; x_wconf 80' lang='grc' dir='ltr'>ἐργάζεται·ἔστι</span> <span class='ocrx_word' id='word_1_409' title='bbox 399 3074 450 3157; x_wconf 79' lang='grc' dir='ltr'>γάρ</span> <span class='ocrx_word' id='word_1_410' title='bbox 463 3076 509 3136; x_wconf 78' lang='grc' dir='ltr'>καὶ</span> <span class='ocrx_word' id='word_1_411' title='bbox 520 3080 547 3136; x_wconf 79' lang='grc' dir='ltr'>ἐν</span> <span class='ocrx_word' id='word_1_412' title='bbox 562 3076 640 3156; x_wconf 77' lang='grc' dir='ltr'>πενίᾳ</span> <span class='ocrx_word' id='word_1_413' title='bbox 652 3077 836 3158; x_wconf 57' lang='grc' dir='ltr'>μεγαλόψυχον</span> <span class='ocrx_word' id='word_1_414' title='bbox 890 3082 1025 3163; x_wconf 89' lang='lat' dir='ltr'><strong>quidquid</strong></span> <span class='ocrx_word' id='word_1_415' title='bbox 1051 3081 1092 3141; x_wconf 93' lang='lat' dir='ltr'><strong>illi</strong></span> <span class='ocrx_word' id='word_1_416' title='bbox 1112 3082 1276 3141; x_wconf 86' lang='lat' dir='ltr'><strong>contrarium</strong></span> <span class='ocrx_word' id='word_1_417' title='bbox 1298 3096 1339 3141; x_wconf 85' lang='lat' dir='ltr'>est</span> <span class='ocrx_word' id='word_1_418' title='bbox 1367 3083 1425 3142; x_wconf 83' lang='lat' dir='ltr'><strong>fieri</strong></span> <span class='ocrx_word' id='word_1_419' title='bbox 1441 3097 1550 3166; x_wconf 78' lang='lat' dir='ltr'><strong>:potest</strong></span> <span class='ocrx_word' id='word_1_420' title='bbox 1562 3086 1635 3146; x_wconf 87' lang='lat' dir='ltr'><strong>enim</strong></span> 
     </span>
     <span class='ocr_line' id='line_1_31' title="bbox 65 3164 1634 3262; baseline 0.005 -31"><span class='ocrx_word' id='word_1_421' title='bbox 65 3164 149 3242; x_wconf 74' lang='grc' dir='ltr'>εἶναι,</span> <span class='ocrx_word' id='word_1_422' title='bbox 163 3170 209 3230; x_wconf 79' lang='grc' dir='ltr'>καί</span> <span class='ocrx_word' id='word_1_423' title='bbox 223 3172 250 3228; x_wconf 79' lang='grc' dir='ltr'>ἐν</span> <span class='ocrx_word' id='word_1_424' title='bbox 263 3167 369 3248; x_wconf 83' lang='grc' dir='ltr'>πλούτῳ</span> <span class='ocrx_word' id='word_1_425' title='bbox 378 3168 543 3249; x_wconf 84' lang='grc' dir='ltr'>μικρολόγον.</span> <span class='ocrx_word' id='word_1_426' title='bbox 554 3166 606 3227; x_wconf 75' lang='grc' dir='ltr'>Διὰ</span> <span class='ocrx_word' id='word_1_427' title='bbox 618 3174 696 3229; x_wconf 81' lang='grc' dir='ltr'>τοῦτο</span> <span class='ocrx_word' id='word_1_428' title='bbox 706 3170 751 3230; x_wconf 80' lang='grc' dir='ltr'>καὶ</span> <span class='ocrx_word' id='word_1_429' title='bbox 764 3172 791 3228; x_wconf 74' lang='grc' dir='ltr'>ἐν</span> <span class='ocrx_word' id='word_1_430' title='bbox 803 3191 836 3249; x_wconf 92' lang='grc' dir='ltr'>τη</span> <span class='ocrx_word' id='word_1_431' title='bbox 890 3178 952 3257; x_wconf 76' lang='lat' dir='ltr'><strong>quis</strong></span> <span class='ocrx_word' id='word_1_432' title='bbox 965 3192 990 3237; x_wconf 79' lang='lat' dir='ltr'><strong>er</strong></span> <span class='ocrx_word' id='word_1_433' title='bbox 1002 3178 1030 3236; x_wconf 87' lang='lat' dir='ltr'>in</span> <span class='ocrx_word' id='word_1_434' title='bbox 1044 3189 1204 3259; x_wconf 80' lang='lat' dir='ltr'><strong>paupertate</strong></span> <span class='ocrx_word' id='word_1_435' title='bbox 1216 3177 1318 3256; x_wconf 89' lang='lat' dir='ltr'><strong>magni,</strong></span> <span class='ocrx_word' id='word_1_436' title='bbox 1340 3178 1406 3237; x_wconf 88' lang='lat' dir='ltr'><strong>etin</strong></span> <span class='ocrx_word' id='word_1_437' title='bbox 1423 3178 1529 3239; x_wconf 79' lang='lat' dir='ltr'><strong>divitiis</strong></span> <span class='ocrx_word' id='word_1_438' title='bbox 1542 3180 1634 3262; x_wconf 88' lang='lat' dir='ltr'><strong>pusil-</strong></span> 
     </span>
     <span class='ocr_line' id='line_1_32' title="bbox 65 3259 1636 3349; baseline 0.001 -24"><span class='ocrx_word' id='word_1_439' title='bbox 65 3262 205 3340; x_wconf 76' lang='grc' dir='ltr'>μεταδόσει</span> <span class='ocrx_word' id='word_1_440' title='bbox 220 3260 267 3333; x_wconf 74' lang='grc' dir='ltr'>πδν</span> <span class='ocrx_word' id='word_1_441' title='bbox 289 3259 428 3331; x_wconf 74' lang='grc' dir='ltr'>ἇπλίποτα</span> <span class='ocrx_word' id='word_1_442' title='bbox 450 3262 538 3330; x_wconf 70' lang='grc' dir='ltr'>ζητεῖ,</span> <span class='ocrx_word' id='word_1_443' title='bbox 551 3259 596 3319; x_wconf 82' lang='grc' dir='ltr'>καὶ</span> <span class='ocrx_word' id='word_1_444' title='bbox 609 3262 636 3317; x_wconf 81' lang='grc' dir='ltr'>ἐν</span> <span class='ocrx_word' id='word_1_445' title='bbox 650 3263 689 3342; x_wconf 83' lang='grc' dir='ltr'>τῷ</span> <span class='ocrx_word' id='word_1_446' title='bbox 709 3259 774 3340; x_wconf 75' lang='grc' dir='ltr'>ἐλέῳ</span> <span class='ocrx_word' id='word_1_447' title='bbox 787 3259 837 3333; x_wconf 74' lang='grc' dir='ltr'>τὴν</span> <span class='ocrx_word' id='word_1_448' title='bbox 891 3267 911 3325; x_wconf 94' lang='lat' dir='ltr'><strong>li</strong></span> <span class='ocrx_word' id='word_1_449' title='bbox 933 3287 990 3326; x_wconf 87' lang='lat' dir='ltr'><strong>esse</strong></span> <span class='ocrx_word' id='word_1_450' title='bbox 1015 3265 1112 3324; x_wconf 89' lang='lat' dir='ltr'><strong>animi.</strong></span> <span class='ocrx_word' id='word_1_451' title='bbox 1138 3265 1202 3324; x_wconf 89' lang='lat' dir='ltr'><strong>ldeo</strong></span> <span class='ocrx_word' id='word_1_452' title='bbox 1224 3266 1251 3324; x_wconf 92' lang='lat' dir='ltr'>in</span> <span class='ocrx_word' id='word_1_453' title='bbox 1266 3265 1410 3346; x_wconf 79' lang='lat' dir='ltr'><strong>largitione</strong></span> <span class='ocrx_word' id='word_1_454' title='bbox 1435 3267 1636 3349; x_wconf 81' lang='lat' dir='ltr'><strong>simplieitatem</strong></span> 
     </span>
     <span class='ocr_line' id='line_1_33' title="bbox 65 3349 1637 3441; baseline 0.003 -27"><span class='ocrx_word' id='word_1_455' title='bbox 65 3353 227 3433; x_wconf 77' lang='grc' dir='ltr'>ἱλαρότητα,</span> <span class='ocrx_word' id='word_1_456' title='bbox 242 3352 288 3413; x_wconf 80' lang='grc' dir='ltr'>καί</span> <span class='ocrx_word' id='word_1_457' title='bbox 306 3355 332 3411; x_wconf 85' lang='grc' dir='ltr'>ἐν</span> <span class='ocrx_word' id='word_1_458' title='bbox 346 3355 379 3428; x_wconf 81' lang='grc' dir='ltr'>τῇ</span> <span class='ocrx_word' id='word_1_459' title='bbox 399 3350 548 3432; x_wconf 69' lang='grc' dir='ltr'>προστασίᾳ</span> <span class='ocrx_word' id='word_1_460' title='bbox 560 3349 609 3421; x_wconf 73' lang='grc' dir='ltr'>τὴν</span> <span class='ocrx_word' id='word_1_461' title='bbox 629 3352 754 3425; x_wconf 79' lang='grc' dir='ltr'>σπουδήν.</span> <span class='ocrx_word' id='word_1_462' title='bbox 768 3350 838 3412; x_wconf 72' lang='grc' dir='ltr'>Οὐδὲ</span> <span class='ocrx_word' id='word_1_463' title='bbox 892 3357 999 3437; x_wconf 63' lang='lat' dir='ltr'><strong>quaerit,</strong></span> <span class='ocrx_word' id='word_1_464' title='bbox 1013 3371 1039 3416; x_wconf 89' lang='lat' dir='ltr'><strong>et</strong></span> <span class='ocrx_word' id='word_1_465' title='bbox 1056 3357 1084 3416; x_wconf 92' lang='lat' dir='ltr'>in</span> <span class='ocrx_word' id='word_1_466' title='bbox 1098 3356 1282 3433; x_wconf 80' lang='lat' dir='ltr'><strong>misericordia</strong></span> <span class='ocrx_word' id='word_1_467' title='bbox 1305 3357 1479 3427; x_wconf 88' lang='lat' dir='ltr'><strong>hilaritatem,</strong></span> <span class='ocrx_word' id='word_1_468' title='bbox 1496 3371 1522 3418; x_wconf 90' lang='lat' dir='ltr'><strong>et</strong></span> <span class='ocrx_word' id='word_1_469' title='bbox 1546 3358 1574 3417; x_wconf 93' lang='lat' dir='ltr'>in</span> <span class='ocrx_word' id='word_1_470' title='bbox 1588 3381 1637 3441; x_wconf 91' lang='lat' dir='ltr'>pa·</span> 
     </span>
     <span class='ocr_line' id='line_1_34' title="bbox 66 3442 1638 3531; baseline -0.008 -5"><span class='ocrx_word' id='word_1_471' title='bbox 66 3446 120 3525; x_wconf 62' lang='lat' dir='ltr'>ll?</span> <span class='ocrx_word' id='word_1_472' title='bbox 143 3445 265 3526; x_wconf 61' lang='lat' dir='ltr'><strong>lilim*</strong></span> <span class='ocrx_word' id='word_1_473' title='bbox 291 3443 368 3523; x_wconf 62' lang='grc' dir='ltr'>μόνον</span> <span class='ocrx_word' id='word_1_474' title='bbox 393 3442 515 3522; x_wconf 65' lang='grc' dir='ltr'>βνῦδαααῑ</span> <span class='ocrx_word' id='word_1_475' title='bbox 535 3450 588 3511; x_wconf 67' lang='grc' dir='ltr'>ταῖς</span> <span class='ocrx_word' id='word_1_476' title='bbox 612 3444 744 3522; x_wconf 52' lang='grc' dir='ltr'>δεομένας</span> <span class='ocrx_word' id='word_1_477' title='bbox 767 3450 840 3523; x_wconf 70' lang='grc' dir='ltr'>ἡμᾶς</span> <span class='ocrx_word' id='word_1_478' title='bbox 856 3464 875 3512; x_wconf 73' lang='grc' dir='ltr'><strong>Β</strong></span> <span class='ocrx_word' id='word_1_479' title='bbox 893 3450 1006 3511; x_wconf 82' lang='lat' dir='ltr'><strong>uocinio</strong></span> <span class='ocrx_word' id='word_1_480' title='bbox 1016 3449 1197 3530; x_wconf 88' lang='lat' dir='ltr'><strong>diligentiam.</strong></span> <span class='ocrx_word' id='word_1_481' title='bbox 1224 3451 1285 3509; x_wconf 89' lang='lat' dir='ltr'><strong>Non</strong></span> <span class='ocrx_word' id='word_1_482' title='bbox 1311 3449 1382 3509; x_wconf 89' lang='lat' dir='ltr'><strong>enim</strong></span> <span class='ocrx_word' id='word_1_483' title='bbox 1398 3451 1520 3531; x_wconf 90' lang='lat' dir='ltr'><strong>pecuniis</strong></span> <span class='ocrx_word' id='word_1_484' title='bbox 1531 3465 1638 3514; x_wconf 89' lang='lat' dir='ltr'><strong>tantum</strong></span> 
     </span>
     <span class='ocr_line' id='line_1_35' title="bbox 68 3533 1637 3624; baseline 0.009 -33"><span class='ocrx_word' id='word_1_485' title='bbox 68 3541 182 3616; x_wconf 71' lang='grc' dir='ltr'>βοηθεῖν,</span> <span class='ocrx_word' id='word_1_486' title='bbox 196 3534 265 3595; x_wconf 78' lang='grc' dir='ltr'>ἀλλὰ</span> <span class='ocrx_word' id='word_1_487' title='bbox 281 3535 327 3595; x_wconf 74' lang='grc' dir='ltr'>καί</span> <span class='ocrx_word' id='word_1_488' title='bbox 342 3535 442 3615; x_wconf 78' lang='grc' dir='ltr'>ῥήμασι</span> <span class='ocrx_word' id='word_1_489' title='bbox 455 3533 501 3593; x_wconf 81' lang='grc' dir='ltr'>καί</span> <span class='ocrx_word' id='word_1_490' title='bbox 512 3534 651 3615; x_wconf 79' lang='grc' dir='ltr'>πράγμασι</span> <span class='ocrx_word' id='word_1_491' title='bbox 661 3536 707 3595; x_wconf 78' lang='grc' dir='ltr'>καί</span> <span class='ocrx_word' id='word_1_492' title='bbox 718 3536 839 3614; x_wconf 81' lang='grc' dir='ltr'>σώματι,</span> <span class='ocrx_word' id='word_1_493' title='bbox 892 3544 953 3605; x_wconf 81' lang='lat' dir='ltr'><strong>vult</strong></span> <span class='ocrx_word' id='word_1_494' title='bbox 963 3565 1011 3603; x_wconf 92' lang='lat' dir='ltr'>nos</span> <span class='ocrx_word' id='word_1_495' title='bbox 1022 3562 1155 3624; x_wconf 86' lang='lat' dir='ltr'><strong>pauperes</strong></span> <span class='ocrx_word' id='word_1_496' title='bbox 1159 3543 1268 3624; x_wconf 83' lang='lat' dir='ltr'><strong>juvare,</strong></span> <span class='ocrx_word' id='word_1_497' title='bbox 1283 3541 1421 3602; x_wconf 88' lang='lat' dir='ltr'><strong>sedetiam</strong></span> <span class='ocrx_word' id='word_1_498' title='bbox 1433 3543 1533 3620; x_wconf 87' lang='lat' dir='ltr'><strong>verbis,</strong></span> <span class='ocrx_word' id='word_1_499' title='bbox 1547 3545 1637 3622; x_wconf 85' lang='lat' dir='ltr'><strong>rebus,</strong></span> 
     </span>
     <span class='ocr_line' id='line_1_36' title="bbox 67 3624 1638 3716; baseline 0.001 -22"><span class='ocrx_word' id='word_1_500' title='bbox 67 3627 114 3686; x_wconf 75' lang='grc' dir='ltr'>καί</span> <span class='ocrx_word' id='word_1_501' title='bbox 128 3636 181 3694; x_wconf 79' lang='grc' dir='ltr'>τοῖς</span> <span class='ocrx_word' id='word_1_502' title='bbox 208 3628 298 3694; x_wconf 73' lang='grc' dir='ltr'>ἄλλοις</span> <span class='ocrx_word' id='word_1_503' title='bbox 317 3627 411 3686; x_wconf 66' lang='grc' dir='ltr'>ἅπασα·</span> <span class='ocrx_word' id='word_1_504' title='bbox 426 3625 479 3685; x_wconf 74' lang='grc' dir='ltr'>Καὶ</span> <span class='ocrx_word' id='word_1_505' title='bbox 502 3624 583 3685; x_wconf 73' lang='grc' dir='ltr'>εἰπὼν</span> <span class='ocrx_word' id='word_1_506' title='bbox 608 3626 660 3698; x_wconf 70' lang='lat' dir='ltr'>&#39;clv</span> <span class='ocrx_word' id='word_1_507' title='bbox 672 3627 839 3710; x_wconf 80' lang='grc' dir='ltr'>προηγονμί·</span> <span class='ocrx_word' id='word_1_508' title='bbox 893 3656 1004 3716; x_wconf 88' lang='lat' dir='ltr'><strong>corporo</strong></span> <span class='ocrx_word' id='word_1_509' title='bbox 1016 3648 1041 3693; x_wconf 90' lang='lat' dir='ltr'><strong>et</strong></span> <span class='ocrx_word' id='word_1_510' title='bbox 1049 3634 1111 3693; x_wconf 89' lang='lat' dir='ltr'><strong>aliis</strong></span> <span class='ocrx_word' id='word_1_511' title='bbox 1121 3634 1256 3694; x_wconf 88' lang='lat' dir='ltr'><strong>omnibus.</strong></span> <span class='ocrx_word' id='word_1_512' title='bbox 1267 3635 1337 3692; x_wconf 90' lang='lat' dir='ltr'>Cum</span> <span class='ocrx_word' id='word_1_513' title='bbox 1349 3632 1463 3693; x_wconf 84' lang='lat' dir='ltr'><strong>dixisset</strong></span> <span class='ocrx_word' id='word_1_514' title='bbox 1472 3635 1638 3716; x_wconf 78' lang='lat' dir='ltr'><strong>praecipuam</strong></span> 
     </span>
     <span class='ocr_line' id='line_1_37' title="bbox 67 3717 1638 3808; baseline 0.008 -32"><span class='ocrx_word' id='word_1_515' title='bbox 67 3743 115 3790; x_wconf 87' lang='grc' dir='ltr'>νην</span> <span class='ocrx_word' id='word_1_516' title='bbox 133 3719 308 3800; x_wconf 84' lang='grc' dir='ltr'>προστασίαν,</span> <span class='ocrx_word' id='word_1_517' title='bbox 331 3718 379 3791; x_wconf 69' lang='grc' dir='ltr'>τὴν</span> <span class='ocrx_word' id='word_1_518' title='bbox 400 3717 444 3776; x_wconf 67' lang='grc' dir='ltr'>διὰ</span> <span class='ocrx_word' id='word_1_519' title='bbox 466 3723 514 3790; x_wconf 81' lang='grc' dir='ltr'>τῆς</span> <span class='ocrx_word' id='word_1_520' title='bbox 536 3717 718 3790; x_wconf 73' lang='grc' dir='ltr'>διδασκαλίας,</span> <span class='ocrx_word' id='word_1_521' title='bbox 732 3717 782 3790; x_wconf 75' lang='grc' dir='ltr'>τὴν</span> <span class='ocrx_word' id='word_1_522' title='bbox 797 3717 840 3777; x_wconf 66' lang='grc' dir='ltr'>διὰ</span> <span class='ocrx_word' id='word_1_523' title='bbox 893 3726 1112 3808; x_wconf 84' lang='lat' dir='ltr'><strong>praerogativam‚</strong></span> <span class='ocrx_word' id='word_1_524' title='bbox 1136 3747 1194 3785; x_wconf 88' lang='lat' dir='ltr'><strong>eam</strong></span> <span class='ocrx_word' id='word_1_525' title='bbox 1208 3747 1269 3803; x_wconf 76' lang='lat' dir='ltr'><strong>quae</strong></span> <span class='ocrx_word' id='word_1_526' title='bbox 1281 3746 1331 3806; x_wconf 86' lang='lat' dir='ltr'>per</span> <span class='ocrx_word' id='word_1_527' title='bbox 1343 3724 1494 3785; x_wconf 87' lang='lat' dir='ltr'><strong>doctrinam</strong></span> <span class='ocrx_word' id='word_1_528' title='bbox 1517 3739 1566 3804; x_wconf 81' lang='lat' dir='ltr'><strong>est,</strong></span> <span class='ocrx_word' id='word_1_529' title='bbox 1578 3747 1638 3789; x_wconf 80' lang='lat' dir='ltr'><strong>eam</strong></span> 
     </span>
     <span class='ocr_line' id='line_1_38' title="bbox 66 3810 1638 3898; baseline 0.005 -30"><span class='ocrx_word' id='word_1_530' title='bbox 66 3817 116 3883; x_wconf 79' lang='grc' dir='ltr'>τῆς</span> <span class='ocrx_word' id='word_1_531' title='bbox 140 3811 332 3892; x_wconf 70' lang='grc' dir='ltr'>παρακλήσεως</span> <span class='ocrx_word' id='word_1_532' title='bbox 357 3810 443 3887; x_wconf 79' lang='grc' dir='ltr'>(αὕτη</span> <span class='ocrx_word' id='word_1_533' title='bbox 469 3810 521 3891; x_wconf 79' lang='grc' dir='ltr'>γάρ</span> <span class='ocrx_word' id='word_1_534' title='bbox 554 3810 759 3890; x_wconf 73' lang='grc' dir='ltr'>ἀναγκαιοτέρα,</span> <span class='ocrx_word' id='word_1_535' title='bbox 787 3813 841 3893; x_wconf 78' lang='grc' dir='ltr'>ὅσῳ</span> <span class='ocrx_word' id='word_1_536' title='bbox 894 3839 954 3896; x_wconf 84' lang='lat' dir='ltr'>quae</span> <span class='ocrx_word' id='word_1_537' title='bbox 964 3839 1012 3898; x_wconf 89' lang='lat' dir='ltr'>per</span> <span class='ocrx_word' id='word_1_538' title='bbox 1024 3816 1241 3875; x_wconf 84' lang='lat' dir='ltr'><strong>adhortationem</strong></span> <span class='ocrx_word' id='word_1_539' title='bbox 1254 3815 1327 3895; x_wconf 82' lang='lat' dir='ltr'><strong>(haec</strong></span> <span class='ocrx_word' id='word_1_540' title='bbox 1347 3815 1419 3874; x_wconf 92' lang='lat' dir='ltr'><strong>enim</strong></span> <span class='ocrx_word' id='word_1_541' title='bbox 1437 3816 1524 3895; x_wconf 91' lang='lat' dir='ltr'><strong>magis</strong></span> <span class='ocrx_word' id='word_1_542' title='bbox 1542 3837 1638 3878; x_wconf 56' lang='lat' dir='ltr'><strong>neces*</strong></span> 
     </span>
     <span class='ocr_line' id='line_1_39' title="bbox 67 3894 1638 3987; baseline 0.006 -27"><span class='ocrx_word' id='word_1_543' title='bbox 67 3903 116 3961; x_wconf 80' lang='grc' dir='ltr'>καί</span> <span class='ocrx_word' id='word_1_544' title='bbox 137 3906 223 3982; x_wconf 78' lang='grc' dir='ltr'>ψυχῆς</span> <span class='ocrx_word' id='word_1_545' title='bbox 247 3907 303 3963; x_wconf 82' lang='grc' dir='ltr'>ἐστι</span> <span class='ocrx_word' id='word_1_546' title='bbox 334 3901 453 3983; x_wconf 78' lang='grc' dir='ltr'>τροριί)·</span> <span class='ocrx_word' id='word_1_547' title='bbox 473 3894 552 3973; x_wconf 66' lang='grc' dir='ltr'>ἦλθεν</span> <span class='ocrx_word' id='word_1_548' title='bbox 576 3901 621 3960; x_wconf 79' lang='grc' dir='ltr'>ἐπί</span> <span class='ocrx_word' id='word_1_549' title='bbox 644 3901 693 3972; x_wconf 64' lang='lat' dir='ltr'>vlu</span> <span class='ocrx_word' id='word_1_550' title='bbox 721 3902 765 3964; x_wconf 78' lang='grc' dir='ltr'>διδ</span> <span class='ocrx_word' id='word_1_551' title='bbox 788 3907 840 3963; x_wconf 83' lang='grc' dir='ltr'>τῶν</span> <span class='ocrx_word' id='word_1_552' title='bbox 895 3910 966 3969; x_wconf 86' lang='lat' dir='ltr'><strong>saria</strong></span> <span class='ocrx_word' id='word_1_553' title='bbox 981 3922 1032 3985; x_wconf 85' lang='lat' dir='ltr'><strong>est,</strong></span> <span class='ocrx_word' id='word_1_554' title='bbox 1057 3908 1131 3986; x_wconf 91' lang='lat' dir='ltr'><strong>quod</strong></span> <span class='ocrx_word' id='word_1_555' title='bbox 1142 3906 1225 3966; x_wconf 87' lang='lat' dir='ltr'><strong>animi</strong></span> <span class='ocrx_word' id='word_1_556' title='bbox 1239 3906 1274 3966; x_wconf 86' lang='lat' dir='ltr'>sit</span> <span class='ocrx_word' id='word_1_557' title='bbox 1285 3907 1394 3983; x_wconf 86' lang='lat' dir='ltr'><strong>cibus);</strong></span> <span class='ocrx_word' id='word_1_558' title='bbox 1417 3907 1493 3965; x_wconf 84' lang='lat' dir='ltr'><strong>venit</strong></span> <span class='ocrx_word' id='word_1_559' title='bbox 1509 3905 1543 3966; x_wconf 88' lang='lat' dir='ltr'>ad</span> <span class='ocrx_word' id='word_1_560' title='bbox 1569 3929 1638 3987; x_wconf 81' lang='lat' dir='ltr'><strong>eam,</strong></span> 
     </span>
     <span class='ocr_line' id='line_1_40' title="bbox 68 3985 1639 4081; baseline 0.003 -28"><span class='ocrx_word' id='word_1_561' title='bbox 68 3997 219 4077; x_wconf 71' lang='grc' dir='ltr'>χρημάτων</span> <span class='ocrx_word' id='word_1_562' title='bbox 238 3996 283 4055; x_wconf 77' lang='grc' dir='ltr'>καὶ</span> <span class='ocrx_word' id='word_1_563' title='bbox 308 4001 360 4055; x_wconf 85' lang='grc' dir='ltr'>τῶν</span> <span class='ocrx_word' id='word_1_564' title='bbox 385 3996 472 4054; x_wconf 86' lang='grc' dir='ltr'>άλλων</span> <span class='ocrx_word' id='word_1_565' title='bbox 499 3993 634 4053; x_wconf 79' lang='grc' dir='ltr'>ἁπάντων.</span> <span class='ocrx_word' id='word_1_566' title='bbox 650 3985 719 4053; x_wconf 75' lang='lat' dir='ltr'><strong>Eleu</strong></span> <span class='ocrx_word' id='word_1_567' title='bbox 742 3994 843 4063; x_wconf 71' lang='grc' dir='ltr'>δεικνὺς</span> <span class='ocrx_word' id='word_1_568' title='bbox 895 4022 956 4079; x_wconf 78' lang='lat' dir='ltr'>qua</span> <span class='ocrx_word' id='word_1_569' title='bbox 965 4022 1014 4081; x_wconf 89' lang='lat' dir='ltr'>per</span> <span class='ocrx_word' id='word_1_570' title='bbox 1027 3999 1154 4081; x_wconf 87' lang='lat' dir='ltr'><strong>pecunias</strong></span> <span class='ocrx_word' id='word_1_571' title='bbox 1165 4011 1190 4057; x_wconf 89' lang='lat' dir='ltr'><strong>et</strong></span> <span class='ocrx_word' id='word_1_572' title='bbox 1203 3997 1256 4062; x_wconf 85' lang='lat' dir='ltr'><strong>alia</strong></span> <span class='ocrx_word' id='word_1_573' title='bbox 1269 3996 1368 4061; x_wconf 88' lang='lat' dir='ltr'><strong>omnia.</strong></span> <span class='ocrx_word' id='word_1_574' title='bbox 1383 3996 1489 4057; x_wconf 87' lang='lat' dir='ltr'><strong>Deinde</strong></span> <span class='ocrx_word' id='word_1_575' title='bbox 1498 3999 1639 4066; x_wconf 78' lang='lat' dir='ltr'><strong>ostendens</strong></span> 
     </span>
     <span class='ocr_line' id='line_1_41' title="bbox 69 4082 1638 4173; baseline 0.005 -29"><span class='ocrx_word' id='word_1_576' title='bbox 69 4090 129 4152; x_wconf 83' lang='grc' dir='ltr'>πῶς</span> <span class='ocrx_word' id='word_1_577' title='bbox 143 4085 174 4144; x_wconf 76' lang='grc' dir='ltr'>ἂν</span> <span class='ocrx_word' id='word_1_578' title='bbox 189 4093 273 4146; x_wconf 82' lang='grc' dir='ltr'>ταῦτα</span> <span class='ocrx_word' id='word_1_579' title='bbox 286 4086 479 4167; x_wconf 84' lang='grc' dir='ltr'>κατορθοιθείη,</span> <span class='ocrx_word' id='word_1_580' title='bbox 492 4085 541 4158; x_wconf 76' lang='grc' dir='ltr'>τὴν</span> <span class='ocrx_word' id='word_1_581' title='bbox 560 4082 663 4166; x_wconf 81' lang='grc' dir='ltr'>μητέρα</span> <span class='ocrx_word' id='word_1_582' title='bbox 684 4087 770 4146; x_wconf 76' lang='grc' dir='ltr'>αὐτῶν</span> <span class='ocrx_word' id='word_1_583' title='bbox 785 4091 842 4147; x_wconf 75' lang='grc' dir='ltr'>εἰσ·</span> <span class='ocrx_word' id='word_1_584' title='bbox 895 4091 1031 4173; x_wconf 88' lang='lat' dir='ltr'><strong>quomodo</strong></span> <span class='ocrx_word' id='word_1_585' title='bbox 1053 4091 1110 4151; x_wconf 70' lang='lat' dir='ltr'><strong>haec</strong></span> <span class='ocrx_word' id='word_1_586' title='bbox 1132 4089 1318 4171; x_wconf 82' lang='lat' dir='ltr'><strong>perficiantur,</strong></span> <span class='ocrx_word' id='word_1_587' title='bbox 1334 4102 1448 4149; x_wconf 87' lang='lat' dir='ltr'><strong>matrem</strong></span> <span class='ocrx_word' id='word_1_588' title='bbox 1463 4088 1584 4171; x_wconf 87' lang='lat' dir='ltr'><strong>ipsorum</strong></span> <span class='ocrx_word' id='word_1_589' title='bbox 1597 4092 1638 4152; x_wconf 61' lang='lat' dir='ltr'>ine</span> 
     </span>
     <span class='ocr_line' id='line_1_42' title="bbox 70 4175 1641 4258; baseline -0.008 -3"><span class='ocrx_word' id='word_1_590' title='bbox 70 4180 145 4255; x_wconf 65' lang='grc' dir='ltr'>άίῑῑν</span> <span class='ocrx_word' id='word_1_591' title='bbox 165 4178 213 4251; x_wconf 58' lang='lat' dir='ltr'>l&#39;ll</span> <span class='ocrx_word' id='word_1_592' title='bbox 238 4179 354 4258; x_wconf 62' lang='grc' dir='ltr'>ἆΥάπην·</span> <span class='ocrx_word' id='word_1_593' title='bbox 368 4177 403 4238; x_wconf 79' lang='grc' dir='ltr'>Ἥ</span> <span class='ocrx_word' id='word_1_594' title='bbox 432 4176 524 4256; x_wconf 61' lang='grc' dir='ltr'>ἀγάπα</span> <span class='ocrx_word' id='word_1_595' title='bbox 544 4175 614 4256; x_wconf 55' lang='lat' dir='ltr'><strong>pop,</strong></span> <span class='ocrx_word' id='word_1_596' title='bbox 635 4178 724 4257; x_wconf 64' lang='grc' dir='ltr'>φησίν,</span> <span class='ocrx_word' id='word_1_597' title='bbox 740 4178 842 4237; x_wconf 72' lang='grc' dir='ltr'>ἅναπί·</span> <span class='ocrx_word' id='word_1_598' title='bbox 896 4184 972 4245; x_wconf 88' lang='lat' dir='ltr'><strong>ducit</strong></span> <span class='ocrx_word' id='word_1_599' title='bbox 991 4183 1163 4243; x_wconf 80' lang='lat' dir='ltr'><strong>dilectionem</strong></span> <span class='ocrx_word' id='word_1_600' title='bbox 1180 4201 1264 4239; x_wconf 87' lang='lat' dir='ltr'><strong>:nam</strong></span> <span class='ocrx_word' id='word_1_601' title='bbox 1290 4180 1349 4238; x_wconf 83' lang='lat' dir='ltr'><strong>ait:</strong></span> <span class='ocrx_word' id='word_1_602' title='bbox 1365 4182 1393 4241; x_wconf 85' lang='lat'>9.</span> <span class='ocrx_word' id='word_1_603' title='bbox 1411 4182 1551 4251; x_wconf 79' lang='lat' dir='ltr'><strong>Dilectio,</strong></span> <span class='ocrx_word' id='word_1_604' title='bbox 1576 4186 1641 4254; x_wconf 73' lang='lat' dir='ltr'><strong>siue</strong></span> 
     </span>
     <span class='ocr_line' id='line_1_43' title="bbox 70 4267 1641 4356; baseline -0.003 -18"><span class='ocrx_word' id='word_1_605' title='bbox 70 4293 169 4350; x_wconf 75' lang='grc' dir='ltr'>κριτος.</span> <span class='ocrx_word' id='word_1_606' title='bbox 182 4267 229 4329; x_wconf 79' lang='grc' dir='ltr'>Ἂν</span> <span class='ocrx_word' id='word_1_607' title='bbox 250 4270 350 4343; x_wconf 79' lang='grc' dir='ltr'>ταύτην</span> <span class='ocrx_word' id='word_1_608' title='bbox 364 4270 445 4351; x_wconf 80' lang='grc' dir='ltr'>ἔχῃς,</span> <span class='ocrx_word' id='word_1_609' title='bbox 459 4273 488 4329; x_wconf 80' lang='grc' dir='ltr'>οὔ</span> <span class='ocrx_word' id='word_1_610' title='bbox 510 4268 630 4339; x_wconf 77' lang='grc' dir='ltr'>δαπάνης</span> <span class='ocrx_word' id='word_1_611' title='bbox 650 4271 763 4350; x_wconf 72' lang='grc' dir='ltr'>αἰσθήσῃ</span> <span class='ocrx_word' id='word_1_612' title='bbox 777 4294 843 4352; x_wconf 83' lang='grc' dir='ltr'>γρη-</span> <span class='ocrx_word' id='word_1_613' title='bbox 897 4277 1096 4337; x_wconf 77' lang='lat' dir='ltr'><strong>simulacione.</strong></span> <span class='ocrx_word' id='word_1_614' title='bbox 1118 4274 1149 4335; x_wconf 86' lang='lat' dir='ltr'>si</span> <span class='ocrx_word' id='word_1_615' title='bbox 1163 4272 1234 4331; x_wconf 82' lang='lat' dir='ltr'><strong>hanc</strong></span> <span class='ocrx_word' id='word_1_616' title='bbox 1254 4271 1364 4345; x_wconf 81' lang='lat' dir='ltr'><strong>habeas,</strong></span> <span class='ocrx_word' id='word_1_617' title='bbox 1382 4293 1436 4331; x_wconf 88' lang='lat' dir='ltr'>non</span> <span class='ocrx_word' id='word_1_618' title='bbox 1450 4273 1547 4334; x_wconf 66' lang='lat' dir='ltr'><strong>sentin</strong></span> <span class='ocrx_word' id='word_1_619' title='bbox 1559 4295 1641 4356; x_wconf 75' lang='grc' dir='ltr'>ρεοιι·</span> 
     </span>
     <span class='ocr_line' id='line_1_44' title="bbox 72 4359 1642 4454; baseline 0.004 -35"><span class='ocrx_word' id='word_1_620' title='bbox 72 4359 175 4440; x_wconf 82' lang='grc' dir='ltr'>μάτων,</span> <span class='ocrx_word' id='word_1_621' title='bbox 197 4365 227 4421; x_wconf 81' lang='grc' dir='ltr'>οὐ</span> <span class='ocrx_word' id='word_1_622' title='bbox 248 4361 328 4422; x_wconf 90' lang='grc' dir='ltr'>πόνου</span> <span class='ocrx_word' id='word_1_623' title='bbox 353 4362 494 4440; x_wconf 85' lang='grc' dir='ltr'>σωμάτων,</span> <span class='ocrx_word' id='word_1_624' title='bbox 509 4364 537 4420; x_wconf 85' lang='grc' dir='ltr'>οὐ</span> <span class='ocrx_word' id='word_1_625' title='bbox 562 4360 660 4440; x_wconf 84' lang='grc' dir='ltr'>μόχθου</span> <span class='ocrx_word' id='word_1_626' title='bbox 678 4361 773 4442; x_wconf 87' lang='grc' dir='ltr'>λόγων,</span> <span class='ocrx_word' id='word_1_627' title='bbox 794 4367 844 4444; x_wconf 77' lang='grc' dir='ltr'>οὐχ</span> <span class='ocrx_word' id='word_1_628' title='bbox 853 4414 889 4454; x_wconf 58' lang='lat'>⁶7,</span> <span class='ocrx_word' id='word_1_629' title='bbox 898 4369 1005 4429; x_wconf 87' lang='lat' dir='ltr'><strong>niarum</strong></span> <span class='ocrx_word' id='word_1_630' title='bbox 1018 4385 1171 4447; x_wconf 86' lang='lat' dir='ltr'><strong>expensam,</strong></span> <span class='ocrx_word' id='word_1_631' title='bbox 1185 4383 1239 4423; x_wconf 90' lang='lat' dir='ltr'>non</span> <span class='ocrx_word' id='word_1_632' title='bbox 1248 4362 1371 4442; x_wconf 84' lang='lat' dir='ltr'><strong>eorporis</strong></span> <span class='ocrx_word' id='word_1_633' title='bbox 1379 4363 1508 4441; x_wconf 81' lang='lat' dir='ltr'><strong>laborem,</strong></span> <span class='ocrx_word' id='word_1_634' title='bbox 1522 4386 1574 4425; x_wconf 89' lang='lat' dir='ltr'>non</span> <span class='ocrx_word' id='word_1_635' title='bbox 1584 4387 1642 4427; x_wconf 87' lang='lat' dir='ltr'>mo-</span> 
     </span>
     <span class='ocr_line' id='line_1_45' title="bbox 71 4451 1641 4539; baseline 0.001 -19"><span class='ocrx_word' id='word_1_636' title='bbox 71 4455 180 4530; x_wconf 77' lang='grc' dir='ltr'>ἱδρῶτος</span> <span class='ocrx_word' id='word_1_637' title='bbox 194 4452 239 4510; x_wconf 80' lang='grc' dir='ltr'>καί</span> <span class='ocrx_word' id='word_1_638' title='bbox 260 4452 407 4521; x_wconf 81' lang='grc' dir='ltr'>διακονίας.</span> <span class='ocrx_word' id='word_1_639' title='bbox 422 4451 490 4512; x_wconf 69' lang='grc' dir='ltr'>ἀλλὰ</span> <span class='ocrx_word' id='word_1_640' title='bbox 502 4452 590 4513; x_wconf 77' lang='grc' dir='ltr'>πάντα</span> <span class='ocrx_word' id='word_1_641' title='bbox 606 4454 684 4520; x_wconf 81' lang='grc' dir='ltr'>οίαεις</span> <span class='ocrx_word' id='word_1_642' title='bbox 704 4454 844 4534; x_wconf 78' lang='grc' dir='ltr'>γενναίως,</span> <span class='ocrx_word' id='word_1_643' title='bbox 862 4470 882 4516; x_wconf 77' lang='lat' dir='ltr'>A</span> <span class='ocrx_word' id='word_1_644' title='bbox 898 4464 1004 4525; x_wconf 71' lang='lat' dir='ltr'><strong>lectiam</strong></span> <span class='ocrx_word' id='word_1_645' title='bbox 1017 4479 1181 4534; x_wconf 83' lang='lat' dir='ltr'><strong>sermonum,</strong></span> <span class='ocrx_word' id='word_1_646' title='bbox 1198 4478 1250 4517; x_wconf 88' lang='lat' dir='ltr'>non</span> <span class='ocrx_word' id='word_1_647' title='bbox 1265 4456 1391 4517; x_wconf 84' lang='lat' dir='ltr'><strong>sudorem</strong></span> <span class='ocrx_word' id='word_1_648' title='bbox 1405 4471 1431 4519; x_wconf 84' lang='lat' dir='ltr'><strong>et</strong></span> <span class='ocrx_word' id='word_1_649' title='bbox 1444 4459 1641 4539; x_wconf 73' lang='lat' dir='ltr'><strong>ministerlum3</strong></span> 
     </span>
     <span class='ocr_line' id='line_1_46' title="bbox 72 4542 1643 4634; baseline 0.006 -33"><span class='ocrx_word' id='word_1_650' title='bbox 72 4544 124 4603; x_wconf 83' lang='grc' dir='ltr'>κᾶν</span> <span class='ocrx_word' id='word_1_651' title='bbox 145 4542 268 4622; x_wconf 83' lang='grc' dir='ltr'>σώματι,</span> <span class='ocrx_word' id='word_1_652' title='bbox 289 4545 339 4605; x_wconf 74' lang='grc' dir='ltr'>κᾶν</span> <span class='ocrx_word' id='word_1_653' title='bbox 360 4545 501 4626; x_wconf 79' lang='grc' dir='ltr'>χρήμασι,</span> <span class='ocrx_word' id='word_1_654' title='bbox 515 4546 565 4604; x_wconf 77' lang='grc' dir='ltr'>κᾶν</span> <span class='ocrx_word' id='word_1_655' title='bbox 586 4545 675 4625; x_wconf 84' lang='grc' dir='ltr'>λόγῳ,</span> <span class='ocrx_word' id='word_1_656' title='bbox 691 4545 740 4606; x_wconf 73' lang='grc' dir='ltr'>κᾶν</span> <span class='ocrx_word' id='word_1_657' title='bbox 763 4546 845 4629; x_wconf 70' lang='grc' dir='ltr'>ἑτέρῳ</span> <span class='ocrx_word' id='word_1_658' title='bbox 898 4556 946 4616; x_wconf 77' lang='lat' dir='ltr'>sed</span> <span class='ocrx_word' id='word_1_659' title='bbox 954 4554 1044 4615; x_wconf 90' lang='lat' dir='ltr'><strong>omnia</strong></span> <span class='ocrx_word' id='word_1_660' title='bbox 1054 4553 1122 4612; x_wconf 83' lang='lat' dir='ltr'><strong>seres</strong></span> <span class='ocrx_word' id='word_1_661' title='bbox 1137 4570 1271 4631; x_wconf 85' lang='lat' dir='ltr'><strong>generose,</strong></span> <span class='ocrx_word' id='word_1_662' title='bbox 1294 4549 1352 4610; x_wconf 86' lang='lat' dir='ltr'><strong>sive</strong></span> <span class='ocrx_word' id='word_1_663' title='bbox 1365 4571 1487 4631; x_wconf 87' lang='lat' dir='ltr'><strong>corpore,</strong></span> <span class='ocrx_word' id='word_1_664' title='bbox 1501 4573 1548 4611; x_wconf 88' lang='lat' dir='ltr'>seu</span> <span class='ocrx_word' id='word_1_665' title='bbox 1560 4573 1643 4634; x_wconf 85' lang='lat' dir='ltr'><strong>pecu·</strong></span> 
     </span>
     <span class='ocr_line' id='line_1_47' title="bbox 71 4628 1643 4728; baseline -0.003 -20"><span class='ocrx_word' id='word_1_666' title='bbox 71 4641 171 4716; x_wconf 68' lang='grc' dir='ltr'>δῑῳθῧν</span> <span class='ocrx_word' id='word_1_667' title='bbox 188 4638 319 4714; x_wconf 66' lang='grc' dir='ltr'>βοηθῆσαι</span> <span class='ocrx_word' id='word_1_668' title='bbox 332 4637 378 4716; x_wconf 71' lang='grc' dir='ltr'>δίῃ</span> <span class='ocrx_word' id='word_1_669' title='bbox 393 4642 431 4718; x_wconf 64' lang='grc' dir='ltr'>τῷ</span> <span class='ocrx_word' id='word_1_670' title='bbox 445 4637 566 4709; x_wconf 72' lang='grc' dir='ltr'>πλνοσίαν·</span> <span class='ocrx_word' id='word_1_671' title='bbox 577 4636 684 4718; x_wconf 80' lang='grc' dir='ltr'>Ὥσπερ</span> <span class='ocrx_word' id='word_1_672' title='bbox 701 4628 745 4698; x_wconf 65' lang='grc' dir='ltr'>οὖν</span> <span class='ocrx_word' id='word_1_673' title='bbox 755 4643 785 4700; x_wconf 83' lang='grc' dir='ltr'>οὐ</span> <span class='ocrx_word' id='word_1_674' title='bbox 799 4664 846 4718; x_wconf 75' lang='grc' dir='ltr'>με·</span> <span class='ocrx_word' id='word_1_675' title='bbox 899 4650 963 4728; x_wconf 88' lang='lat' dir='ltr'><strong>niis,</strong></span> <span class='ocrx_word' id='word_1_676' title='bbox 977 4671 1024 4709; x_wconf 89' lang='lat' dir='ltr'>seu</span> <span class='ocrx_word' id='word_1_677' title='bbox 1035 4647 1127 4723; x_wconf 81' lang='lat' dir='ltr'><strong>verbo,</strong></span> <span class='ocrx_word' id='word_1_678' title='bbox 1149 4665 1196 4705; x_wconf 81' lang='lat' dir='ltr'>seu</span> <span class='ocrx_word' id='word_1_679' title='bbox 1218 4644 1272 4704; x_wconf 86' lang='lat' dir='ltr'><strong>alio</strong></span> <span class='ocrx_word' id='word_1_680' title='bbox 1285 4644 1408 4723; x_wconf 89' lang='lat' dir='ltr'><strong>quolibet</strong></span> <span class='ocrx_word' id='word_1_681' title='bbox 1420 4645 1578 4725; x_wconf 87' lang='lat' dir='ltr'><strong>proximum</strong></span> <span class='ocrx_word' id='word_1_682' title='bbox 1592 4647 1643 4726; x_wconf 84' lang='lat' dir='ltr'>ju-</span> 
     </span>
     <span class='ocr_line' id='line_1_48' title="bbox 71 4726 1679 4825; baseline 0.009 -42"><span class='ocrx_word' id='word_1_683' title='bbox 71 4726 180 4786; x_wconf 84' lang='grc' dir='ltr'>τάδοσιν</span> <span class='ocrx_word' id='word_1_684' title='bbox 201 4731 308 4787; x_wconf 78' lang='grc' dir='ltr'>ἀπαιτεῖ</span> <span class='ocrx_word' id='word_1_685' title='bbox 327 4728 413 4806; x_wconf 84' lang='grc' dir='ltr'>μόνον,</span> <span class='ocrx_word' id='word_1_686' title='bbox 428 4727 497 4787; x_wconf 71' lang='grc' dir='ltr'>ἄλλα</span> <span class='ocrx_word' id='word_1_687' title='bbox 517 4729 565 4801; x_wconf 60' lang='grc' dir='ltr'>τὴν</span> <span class='ocrx_word' id='word_1_688' title='bbox 589 4732 616 4788; x_wconf 66' lang='grc' dir='ltr'>ἓν</span> <span class='ocrx_word' id='word_1_689' title='bbox 629 4729 773 4806; x_wconf 58' lang='grc' dir='ltr'>ἁπλότητα,</span> <span class='ocrx_word' id='word_1_690' title='bbox 789 4730 848 4792; x_wconf 59' lang='grc' dir='ltr'>οὐδὲ</span> <span class='ocrx_word' id='word_1_691' title='bbox 899 4766 964 4806; x_wconf 80' lang='lat' dir='ltr'><strong>vare</strong></span> <span class='ocrx_word' id='word_1_692' title='bbox 976 4755 1105 4825; x_wconf 86' lang='lat' dir='ltr'><strong>oporteat.</strong></span> <span class='ocrx_word' id='word_1_693' title='bbox 1117 4738 1353 4813; x_wconf 84' lang='lat' dir='ltr'><strong>Quemadmodum</strong></span> <span class='ocrx_word' id='word_1_694' title='bbox 1375 4760 1440 4818; x_wconf 88' lang='lat' dir='ltr'><strong>ergo</strong></span> <span class='ocrx_word' id='word_1_695' title='bbox 1457 4729 1510 4798; x_wconf 87' lang='lat' dir='ltr'>non</span> <span class='ocrx_word' id='word_1_696' title='bbox 1523 4738 1645 4818; x_wconf 72' lang='lat' dir='ltr'><strong>largitio.</strong></span> <span class='ocrx_word' id='word_1_697' title='bbox 1674 4752 1679 4759; x_wconf 86' lang='grc'><em>·</em></span> 
     </span>
     <span class='ocr_line' id='line_1_49' title="bbox 71 4827 1646 4912; baseline -0.003 -17"><span class='ocrx_word' id='word_1_698' title='bbox 71 4827 247 4908; x_wconf 77' lang='grc' dir='ltr'>προστασίαν,</span> <span class='ocrx_word' id='word_1_699' title='bbox 259 4827 329 4888; x_wconf 71' lang='grc' dir='ltr'>ἄλλα</span> <span class='ocrx_word' id='word_1_700' title='bbox 339 4828 388 4899; x_wconf 74' lang='grc' dir='ltr'>τὴν</span> <span class='ocrx_word' id='word_1_701' title='bbox 403 4828 472 4905; x_wconf 69' lang='grc' dir='ltr'>μετὰ</span> <span class='ocrx_word' id='word_1_702' title='bbox 482 4831 615 4900; x_wconf 70' lang='grc' dir='ltr'>σπονδῆς,</span> <span class='ocrx_word' id='word_1_703' title='bbox 632 4828 690 4890; x_wconf 75' lang='lat' dir='ltr'><strong>oon</strong></span> <span class='ocrx_word' id='word_1_704' title='bbox 702 4830 848 4909; x_wconf 78' lang='grc' dir='ltr'>ἔλιημοοό·</span> <span class='ocrx_word' id='word_1_705' title='bbox 900 4857 962 4895; x_wconf 87' lang='lat' dir='ltr'><strong>nom</strong></span> <span class='ocrx_word' id='word_1_706' title='bbox 973 4834 1054 4894; x_wconf 92' lang='lat' dir='ltr'><strong>modo</strong></span> <span class='ocrx_word' id='word_1_707' title='bbox 1064 4832 1160 4912; x_wconf 79' lang='lat' dir='ltr'><strong>exigit,</strong></span> <span class='ocrx_word' id='word_1_708' title='bbox 1171 4830 1253 4891; x_wconf 86' lang='lat' dir='ltr'><strong>sedin</strong></span> <span class='ocrx_word' id='word_1_709' title='bbox 1264 4829 1447 4911; x_wconf 87' lang='lat' dir='ltr'><strong>simplicitate,</strong></span> <span class='ocrx_word' id='word_1_710' title='bbox 1464 4851 1551 4908; x_wconf 85' lang='lat' dir='ltr'><strong>neque</strong></span> <span class='ocrx_word' id='word_1_711' title='bbox 1563 4827 1646 4890; x_wconf 92' lang='lat' dir='ltr'><strong>modo</strong></span> 
     </span>
     <span class='ocr_line' id='line_1_50' title="bbox 73 4923 1645 5015; baseline -0.003 -29"><span class='ocrx_word' id='word_1_712' title='bbox 73 4952 132 5000; x_wconf 91' lang='grc' dir='ltr'>νην,</span> <span class='ocrx_word' id='word_1_713' title='bbox 146 4928 275 5002; x_wconf 71' lang='lat' dir='ltr'><strong>dille-lu</strong></span> <span class='ocrx_word' id='word_1_714' title='bbox 287 4929 532 5009; x_wconf 78' lang='grc' dir='ltr'>μετδίλαρότητος·</span> <span class='ocrx_word' id='word_1_715' title='bbox 544 4930 614 4991; x_wconf 76' lang='grc' dir='ltr'>οὕτω</span> <span class='ocrx_word' id='word_1_716' title='bbox 628 4928 849 5015; x_wconf 78' lang='grc' dir='ltr'>καίάγάτιηνοόχ</span> <span class='ocrx_word' id='word_1_717' title='bbox 900 4928 1093 5012; x_wconf 83' lang='lat' dir='ltr'><strong>patrocinium,</strong></span> <span class='ocrx_word' id='word_1_718' title='bbox 1113 4924 1161 4986; x_wconf 85' lang='lat' dir='ltr'>sed</span> <span class='ocrx_word' id='word_1_719' title='bbox 1175 4944 1238 4985; x_wconf 89' lang='lat' dir='ltr'><strong>cum</strong></span> <span class='ocrx_word' id='word_1_720' title='bbox 1258 4923 1412 5002; x_wconf 82' lang='lat' dir='ltr'><strong>diligentia,</strong></span> <span class='ocrx_word' id='word_1_721' title='bbox 1433 4943 1518 5003; x_wconf 87' lang='lat' dir='ltr'><strong>neque</strong></span> <span class='ocrx_word' id='word_1_722' title='bbox 1539 4935 1645 4993; x_wconf 83' lang='lat' dir='ltr'><strong>tantum</strong></span> 
     </span>
    </p>
   </div>
   <div class='ocr_carea' id='block_1_5' title="bbox 110 5146 1349 5294">
    <p class='ocr_par' dir='ltr' id='par_1_6' title="bbox 110 5146 1349 5294">
     <span class='ocr_line' id='line_1_51' title="bbox 110 5146 1349 5222; baseline 0 -24"><span class='ocrx_word' id='word_1_723' title='bbox 110 5151 122 5187; x_wconf 82' lang='lat' dir='ltr'>b</span> <span class='ocrx_word' id='word_1_724' title='bbox 141 5147 186 5216; x_wconf 81' lang='lat' dir='ltr'>[A.</span> <span class='ocrx_word' id='word_1_725' title='bbox 199 5161 268 5200; x_wconf 81' lang='lat' dir='ltr'><strong>reete</strong></span> <span class='ocrx_word' id='word_1_726' title='bbox 277 5155 394 5222; x_wconf 70' lang='grc' dir='ltr'>προδίδως.</span> <span class='ocrx_word' id='word_1_727' title='bbox 408 5149 478 5201; x_wconf 85' lang='lat' dir='ltr'><strong>Editi</strong></span> <span class='ocrx_word' id='word_1_728' title='bbox 487 5153 624 5222; x_wconf 70' lang='grc' dir='ltr'>προδιδοὺς]</span> <span class='ocrx_word' id='word_1_729' title='bbox 924 5152 937 5190; x_wconf 74' lang='grc' dir='ltr'>(ί</span> <span class='ocrx_word' id='word_1_730' title='bbox 953 5151 994 5202; x_wconf 80' lang='lat' dir='ltr'>sic</span> <span class='ocrx_word' id='word_1_731' title='bbox 1005 5151 1064 5202; x_wconf 82' lang='lat' dir='ltr'><strong>Mss.</strong></span> <span class='ocrx_word' id='word_1_732' title='bbox 1074 5146 1161 5199; x_wconf 74' lang='grc' dir='ltr'>Μυσοί.</span> <span class='ocrx_word' id='word_1_733' title='bbox 1175 5162 1235 5198; x_wconf 86' lang='lat' dir='ltr'><strong>vero</strong></span> <span class='ocrx_word' id='word_1_734' title='bbox 1246 5152 1283 5197; x_wconf 81' lang='grc' dir='ltr'>καὶ</span> <span class='ocrx_word' id='word_1_735' title='bbox 1296 5154 1349 5215; x_wconf 71' lang='grc' dir='ltr'>γάρ.</span> 
     </span>
     <span class='ocr_line' id='line_1_52' title="bbox 111 5220 1305 5294; baseline -0.006 -15"><span class='ocrx_word' id='word_1_736' title='bbox 111 5242 120 5264; x_wconf 72' lang='lat' dir='ltr'><strong>t</strong></span> <span class='ocrx_word' id='word_1_737' title='bbox 137 5227 148 5291; x_wconf 76' lang='lat' dir='ltr'><strong>l</strong></span> <span class='ocrx_word' id='word_1_738' title='bbox 158 5237 196 5281; x_wconf 72' lang='grc' dir='ltr'>καί</span> <span class='ocrx_word' id='word_1_739' title='bbox 208 5227 352 5282; x_wconf 71' lang='lat' dir='ltr'><strong>inclusimus</strong></span> <span class='ocrx_word' id='word_1_740' title='bbox 368 5240 471 5280; x_wconf 77' lang='lat' dir='ltr'><strong>auctore</strong></span> <span class='ocrx_word' id='word_1_741' title='bbox 486 5230 527 5294; x_wconf 85' lang='grc' dir='ltr'>Α.]</span> <span class='ocrx_word' id='word_1_742' title='bbox 925 5237 934 5260; x_wconf 85' lang='grc'><em>·</em></span> <span class='ocrx_word' id='word_1_743' title='bbox 951 5235 1012 5288; x_wconf 63' lang='grc' dir='ltr'>ἅπαν</span> <span class='ocrx_word' id='word_1_744' title='bbox 1021 5224 1091 5278; x_wconf 84' lang='lat' dir='ltr'><strong>deest</strong></span> <span class='ocrx_word' id='word_1_745' title='bbox 1103 5224 1128 5276; x_wconf 89' lang='lat' dir='ltr'><strong>iu</strong></span> <span class='ocrx_word' id='word_1_746' title='bbox 1141 5241 1191 5276; x_wconf 90' lang='lat' dir='ltr'><strong>uno</strong></span> <span class='ocrx_word' id='word_1_747' title='bbox 1203 5220 1305 5276; x_wconf 83' lang='lat' dir='ltr'><strong>Codice.</strong></span> 
     </span>
    </p>
   </div>
   <div class='ocr_carea' id='block_1_6' title="bbox 0 0 1892 5978">
    <p class='ocr_par' dir='ltr' id='par_1_7' title="bbox 0 0 1892 5978">
     <span class='ocr_line' id='line_1_53' title="bbox 0 0 1892 5978; baseline 0 0"><span class='ocrx_word' id='word_1_748' title='bbox 0 0 1892 5978; x_wconf 95' lang='lat' dir='ltr'> </span> 
     </span>
    </p>
   </div>
  </div>
 </body>
</html>
