3728 5978
238 393 312 486 534
571 413 601 461 s.
628 413 769 464 ιοιιιιιιε
795 413 979 465 cunrsosr.
1007 415 1165 464 uremur.
1194 381 1464 465 cousrnunrnor.

236 542 409 624 probaverat,
420 539 456 600 od
465 540 519 601 hoc
527 539 638 599 demum
646 539 769 621 procedit
778 563 786 599 ι
795 538 869 620 quod
880 542 921 601 sic
933 543 983 605 λυ·
1038 543 1107 622 μετὰ
1121 542 1169 618 τλν
1186 543 1274 603 πίστιν
1288 543 1387 617 ταύτης
1399 544 1485 604 ἕνεκεν
1497 543 1640 622 ἐγκαλέσαι
1650 547 1699 616 τῆς
1712 541 1811 602 ὑποθέ-

236 632 507 705 decembrium
525 644 587 712 post
605 646 744 713 acoeptarn
767 632 852 702 iidem
872 635 982 694 Petrum
1038 656 1113 709 σεως,
1130 636 1276 718 Κορνηλίω
1290 636 1336 695 καὶ
1349 641 1402 695 τῶν
1418 640 1476 694 κατ’
1492 637 1570 696 αύτδν
1583 634 1672 694 ἕνεκεν
1685 634 1812 716 πραγμύ-

237 724 289 785 ίιοο
297 725 333 785 de
342 745 422 784 musa
433 724 601 803 incusarent,
616 725 653 783 oh
668 724 827 785 Cornelium
839 739 865 784 ct
875 746 982 805 cer-quoe
992 771 1029 813 ,ω
1037 751 1099 804 των.
1114 728 1150 788 Τί
1164 719 1207 787 οὖν
1221 750 1302 808 φησι,
1318 726 1482 808 Λογιζύμεθα
1493 718 1538 786 οὗν
1548 726 1637 786 πίστει
1646 727 1811 785 δικαιοῦσθαι

236 814 276 875 ed
285 815 375 898 ipsum
389 815 553 898 spectabant.
573 815 651 887 Quid
670 837 735 896 ergo
758 817 818 876 eit?
842 817 984 878 Arbitrer·
1000 826 1021 872 λ
1038 818 1174 900 ἄνθρωπον
1193 820 1276 901 χωρίς
1294 819 1376 899 ἔργων
1395 820 1485 898 νόμον.
1514 822 1575 879 Οὐκ
1588 809 1660 878 εἶπεν
1674 817 1811 890 Ἰουδαῖον,

239 930 306 969 mur
315 909 453 991 ergofide
459 909 622 991 justificari
634 910 782 969 hominem
803 913 867 969 sine
886 915 982 990 operi·
1037 910 1108 982 ἣτδν
1119 912 1171 972 out
1182 912 1225 972 τδν
1237 911 1316 988 νόμον
1326 912 1399 985 ὄντα,
1412 914 1470 970 ἀλλ’
1487 909 1623 989 ἐξαγαγὼν
1629 911 1675 969 τὸν
1685 910 1764 985 λόγον
1776 912 1812 978 εἰς

148 994 151 999 ’
239 1003 292 1061 dus
303 1000 456 1081 legis.Non
469 998 703 1076 dixit,Judaeum,
718 1000 763 1060 vel
782 1021 845 1059 eum
864 1000 911 1080 qui
931 1002 984 1061 sub
1036 1001 1218 1084 εὐρυχωρίαν,
1232 1005 1278 1063 καλ
1292 1009 1324 1083 τῇ
1339 1003 1480 1083 οἰκουμένῃ
1494 1002 1542 1071 τδις
1556 1002 1634 1085 θύρας
1650 1001 1754 1071 ἀνοίξας
1766 1006 1812 1072 τῆς

236 1091 298 1173 lege
316 1106 402 1169 esset3
422 1091 469 1152 scd
488 1092 637 1153 orationem
654 1092 683 1152 in
693 1092 776 1152 latius
787 1091 905 1173 spatium
918 1092 984 1153 edu·
1037 1094 1185 1175 σοιτηρίας,
1206 1094 1301 1177 φησίν,
1323 1096 1482 1178 Ἄνθρωπον,
1498 1095 1529 1154 τὸ
1548 1095 1634 1154 κοινὸν
1648 1099 1698 1166 τῆς
1713 1093 1811 1174 φύσεως

238 1204 311 1261 ceno,
321 1198 348 1245 et
359 1184 419 1244 orbi
430 1185 525 1245 salutis
536 1198 627 1267 portas
646 1185 777 1267 operiens,
790 1183 868 1261 dicit,
880 1188 983 1245 Homi-
1037 1185 1120 1264 ύνομα
1131 1186 1192 1255 θείς.
1206 1178 1275 1247 Εἶτα
1290 1188 1343 1248 ἀπὸ
1352 1187 1444 1247 τούτου
1455 1186 1545 1246 λαθὼν
1560 1186 1703 1266 ἀφορμὴν,
1718 1185 1756 1264 μὴ
1770 1209 1811 1244 τε·

238 1298 316 1352 uem,
328 1298 472 1340 commune
490 1291 593 1338 naturae
611 1299 706 1338 nomen
717 1299 859 1360 usurpans.
880 1279 984 1340 Deinde
1038 1283 1126 1338 θεῖσαν
1138 1278 1267 1342 ἀντίθεσιν
1279 1281 1344 1340 λύει.
1356 1279 1468 1351 Ἐπειδὴ
1480 1280 1533 1359 γλιρ
1544 1281 1612 1345 εἰκὸς
1623 1271 1656 1352 ἦν
1668 1278 1811 1347 Ἰουδαίους

236 1370 376 1432 occasione
396 1370 461 1430 hino
481 1385 581 1448 sumta,
603 1391 656 1431 non
676 1372 793 1452 positam
807 1371 984 1453 objectionem
1037 1369 1217 1447 ἀκούσαντας,
1239 1373 1281 1432 ὅτι
1304 1373 1393 1432 παίντα
1413 1373 1551 1451 ἄνθρωπον
1566 1376 1584 1442 ἡ
1598 1371 1689 1439 πίστις
1704 1371 1810 1444 δικαιοῖ,

237 1464 328 1527 solvit.
343 1466 416 1542 Quia
429 1465 502 1527 enim
512 1466 660 1528 verisimile
672 1479 730 1525 erat
743 1464 866 1543 Judaeos,
878 1486 984 1527 omnem
1001 1468 1019 1515 B
1038 1462 1217 1546 δυσχεραίνειν
1229 1465 1274 1525 καλ
1284 1464 1518 1536 σκανδαλίζεσθαι,
1530 1463 1681 1543 ἐπλγαγεν·
1695 1462 1734 1522 Ἢ
1748 1462 1810 1523 Ἰου-

236 1555 470 1641 hominemafide
477 1557 622 1640 justificari
632 1556 781 1630 audientes,
793 1555 823 1615 id
834 1578 904 1638 aegre
915 1559 985 1618 ferm
1037 1555 1118 1615 δαίων
1138 1559 1153 1615 θ
1174 1556 1243 1624 Θεδς
1262 1556 1373 1635 “μο’νον;
1396 1561 1431 1623 ὡς
1453 1554 1483 1615 ἂν
1505 1560 1527 1616 εί
1548 1555 1636 1636 ἔλεγε,
1659 1555 1705 1616 διδ
1719 1554 1747 1614 τί
1760 1557 1810 1636 γάρ

236 1661 264 1709 et
284 1649 348 1711 hinc
371 1649 484 1725 offendi,
506 1649 605 1732 adjecit
617 1651 685 1711 129.
708 1651 788 1709 Num
810 1651 983 1711 luticiorum
1037 1669 1079 1706 σοι
1090 1651 1167 1707 τοῦτο
1178 1648 1274 1708 ἄτοπον
1286 1639 1354 1708 εἶναι
1365 1652 1451 1721 δοκεῖ,
1465 1648 1496 1707 τὸ
1509 1649 1597 1708 πάντα
1609 1648 1748 1727 ἄνθρωπον
1760 1647 1811 1708 cui·

236 1741 320 1802 Deus
331 1749 514 1803 tantumiac
526 1742 550 1802 si
562 1741 680 1801 diceret·
693 1742 750 1801 Cur
765 1741 838 1801 enim
858 1742 911 1802 hoc
931 1743 984 1802 tibi
1037 1741 1142 1812 ζισθαι,
1157 1740 1194 1819 μὴ
1209 1740 1260 1822 γὰρ
1275 1739 1380 1822 μερικός
1397 1741 1593 1812 ἐστινδΘεός,
1608 1742 1639 1798 ἐκ
1651 1738 1746 1798 τούτου
1757 1740 1810 1797 δει-

236 1833 386 1895 absurdum
402 1835 578 1895 cmevidetur
577 1832 765 1913 quodomnts
777 1833 859 1895 homo
870 1835 982 1896 salutem
1036 1829 1114 1906 κνυς,
1136 1831 1178 1891 δτι
1199 1833 1354 1914 βουλόμενοι
1373 1842 1427 1900 τοῖς
1455 1833 1552 1893 ἔθνεσιν
1577 1832 1744 1913 ἐπηρεαζειν,
1765 1853 1809 1889 του

238 1926 433 2006 oomoquatur?
447 1946 512 1985 num
525 1927 599 1984 Deus
612 1924 684 2009 parti
698 1924 746 1984 uni
768 1925 873 1985 tantum
890 1927 984 1986 favet?
1037 1922 1168 1998 Θοσυτλν
1183 1923 1265 1993 δόξαν
1271 1926 1444 2003 λυμαίνονται
1457 1927 1594 2003 μᾶλλον,ε
1582 1923 1696 2036 είγεμὴ
1708 1947 1809 2003 συγχω-

237 2015 528 2091 hincmtendensillos,
536 2014 740 2095 dumgcntibus
751 2014 858 2075 molesti
868 2037 925 2076 esse
936 2038 985 2077 vo·
1038 2023 1105 2096 ροῖεν
1126 2015 1204 2075 αὐτὸν
1224 2017 1331 2076 πάντων
1353 2007 1420 2076 εἶναι
1433 2017 1513 2077 Θεύν.
1531 2019 1566 2076 Ei
1582 2015 1661 2076 δί’
1622 2040 1732 2076 παντων
1746 2017 1808 2084 ἐστὶ,

237 2107 309 2185 Ιιιιιι,
319 2107 372 2168 Dei
384 2108 497 2189 gloriam
507 2120 598 2188 potrus
607 2105 814 2181 labefactare
792 2127 814 2165 st
826 2127 880 2166 non
890 2122 983 2168 smunt
1036 2106 1083 2166 καὶ
1103 2116 1252 2187 προνοεῖται
1275 2109 1397 2169 πάντων·
1431 2112 1454 2169 εἶ
1478 2108 1506 2169 δέ
1528 2118 1678 2188 προνοεῖται
1693 2108 1808 2181 πάντων,

237 2197 316 2263 nilum
326 2219 449 2258 omnium
459 2218 517 2258 esse
527 2200 625 2258 Deum.
636 2197 667 2258 ὃν
678 2210 768 2256 autem
778 2218 900 2276 ommuni
911 2201 984 2258 Deus
1037 2197 1138 2266 πάντας
1160 2198 1257 2277 ὁμοίως
1280 2200 1357 2269 σώζει
1378 2200 1480 2260 διδ
1447 2225 1494 2271 της
1516 2199 1641 2266 πίστεως.
1670 2200 1809 2261 Διδτοῶτύ

237 2303 287 2368 σοι,
297 2291 423 2351 omnssms
434 2289 515 2350 etiam
527 2288 653 2371 providet
661 2288 697 2349 :si
708 2287 835 2350 omnibus
847 2288 984 2394 providet,
1038 2314 1117 2373 φησιν
1126 2315 1134 2328 ·
1143 2290 1181 2351 Ἦ
1192 2290 1327 2351 Ἰουδαίων
1337 2296 1351 2351 ὁ
1362 2292 1429 2359 Θεὸς
1441 2291 1531 2370 μόνον,
1547 2292 1607 2405 pipi
1621 2291 1649 2352 δέ
1660 2291 1707 2352 καὶ
1718 2296 1809 2365 ἐθνῶν,

164 2377 167 2383 ’
238 2382 467 2444 οιιιυεασίιιιίίίιοι
486 2382 632 2464 perfidem
645 2379 825 2458 servat31doo
837 2381 892 2441 οιι
903 2385 984 2442 Num
1038 2383 1094 2443 Ναὶ
1108 2381 1154 2443 καλ
1167 2386 1256 2443 ἐθνῶν.
1277 2383 1367 2443 ού’
1332 2408 1415 2466 γαρ
1398 2386 1454 2445 ἐστι
1470 2384 1592 2465 μερικδς,
1606 2376 1656 2445 οἶοι
1670 2389 1696 2444 οἱ
1708 2383 1809 2455 Ελλη-

238 2476 757 2538 Judaeorumveusranmmrnonne
765 2479 985 2555 gentiumi’imo
1038 2497 1088 2534 νων
1110 2473 1227 2562 Ι’μίἰ,
1169 2480 1209 2534 θοι
1250 2475 1318 2535 ἀλλὰ
1341 2475 1426 2543 κοινὸς
1445 2476 1629 2537 ἁπάντωνκαὶ
1643 2467 1694 2544 εἷς·
1711 2477 1809 2537 διδκιιλ

238 2569 488 2649 προσκατακλύσαι
502 2566 984 2648 eotemmpartimDeus,utGraeco·
1037 2565 1150 2646 ἐπύγει·
1164 2553 1294 2650 Ἐπείπερ
1307 2558 1344 2635 τίς
1358 2573 1373 2628 ὁ
1387 2568 1462 2636 Θεύς.
1479 2568 1633 2641 Τουτέστιν,
1648 2569 1808 2636 θαύτδςκαλ

239 2682 304 2723 mm
311 2663 410 2724 inbulte
420 2662 521 2741 feruni,
530 2661 861 2724 sedoommunisomnium
870 2676 984 2741 etunus;
1036 2657 1136 2719 τούτων
1147 2659 1275 2719 κάκείνων
1287 2659 1434 2732 Δεσπότης.
1448 2660 1521 2721 Εἷδὲ
1495 2660 1570 2720 δεδι
1584 2662 1689 2721 παλαιοί
1704 2684 1751 2740 μοι
1763 2660 1808 2719 λε’-

240 2753 303 2816 idco
315 2755 457 2839 subjungit
473 2780 480 2814 ι
497 2709 546 2818 dii.
563 2758 711 2835 Quoniam
730 2776 806 2816 unus
826 2769 871 2816 est
893 2758 983 2818 Deus.
1037 2774 1112 2832 γεις,
1129 2749 1218 2811 καῖ’
1188 2774 1248 2811 τοτε
1260 2750 1335 2812 κοινέι
1346 2750 1425 2811 ed
1392 2775 1440 2822 της
1453 2753 1576 2833 προνοίας
1587 2746 1639 2827 ἥν,
1654 2756 1678 2812 εἰ
1691 2753 1739 2813 καλ
1753 2754 1808 2811 δια-

239 2845 298 2909 Ηοο
309 2863 360 2929 εει,
372 2847 445 2910 idem
460 2848 517 2931 ὶροε
525 2863 551 2909 et
564 2848 663 2908 horum
673 2861 700 2908 et
714 2847 825 2908 illorum
841 2850 984 2908 Dominus.
1001 2862 1019 2912 c
1037 2842 1137 2924 φόροις·
1151 2843 1196 2902 καὶ
1216 2842 1267 2956 γάρ
1283 2866 1325 2903 σοι
1336 2841 1415 2922 νόμος
1429 2843 1505 2917 ἐδόθη
1521 2868 1554 2926 γρ
1556 2844 1655 2919 απτδς,
1681 2843 1809 2910 κάκείνοις

106 2955 218 3003 emieat
222 2939 271 3001 ..ti
288 2954 388 3001 autem
393 2955 481 3002 vetera
498 2939 567 3000 mihi
586 2939 667 3018 diois,
683 2953 748 3000 tunc
760 2961 868 3021 quoquc
885 2940 984 3021 provi·
1037 2932 1117 3012 νύμος
1137 2935 1259 3015 φυσικὸς,
1280 2935 1326 2995 καί
1348 2935 1421 2994 οθδέν
1437 2935 1545 2995 ἔλιπον
1559 2928 1640 3017 ε,ἶχον
1655 2935 1682 2996 εί
1692 2960 1724 3015 γε
1737 2935 1809 2996 ἐὸού

87 3021 232 3127 ζ’,ζἭ
220 3031 332 3093 ‘dentir
342 3029 574 3106 communicem,
587 3032 636 3092 etsi
650 3031 760 3092 diverso
773 3031 872 3093 modo·
865 3031 986 3093 ·eteoim
1037 3028 1131 3098 λοντο,
1155 3027 1224 3087 ἐλλδι
1244 3025 1291 3089 καλ
1307 3038 1383 3087 νικαν
1401 3027 1545 3100 ἠδύναντο·
1570 3028 1669 3089 διὸκαὶ
1682 3028 1809 3108 ἐπήγαγε,

28 3150 36 3170 ·
87 3141 138 3187 boo.

240 3123 302 3184 tini·
308 3123 354 3185 lex
368 3123 542 3227 scriptadata
553 3123 621 3201 fuit,
636 3123 692 3183 rihs
701 3144 765 3183 vero
776 3123 822 3182 lex
832 3120 983 3202 ιιοιύιοίῐε,
1037 3123 1116 3179 τοῦτο
1135 3119 1200 3180 αύτδ
1220 3089 1414 3199 αἰνιττόμενος
1436 3118 1488 3188 0t
1507 3120 1644 3182 δικαιώσει
1663 3120 1808 3204 πιριτιμιλι

240 3215 435 3277 ειίιιυιλιιί
399 3236 488 3275 munus
498 3214 645 3291 habebant
660 3236 683 3273 ει
676 3214 852 3293 νοίυιοιεοι
868 3215 986 3275 sodvin·
1038 3214 1068 3271 ἐκ
1087 3209 1218 3287 πίστεως,
1230 3211 1277 3272 κοιλ
1297 3210 1473 3291 ἀκρούυστίαν
1488 3213 1583 3272 nt*
1549 3238 1596 3285 της
1614 3215 1744 3280 πίστειος·
1759 3219 1809 3273 τῶν

241 3327 300 3366 cere
313 3321 452 3388 poterantt
468 3327 552 3386 quare
565 3259 684 3387 idipsium
707 3260 892 3381 subindicius,
905 3305 985 3386 odje-
1039 3301 1185 3384 ἔμπροσθεν
1207 3329 1258 3385 περ
1257 3304 1324 3364 λύκ
1327 3305 1521 3386 ρούυστίας
1480 3329 1524 3364 και
1538 3313 1685 3386 περιτομῆς
1704 3307 1810 3387 εῖρημέ·

240 3399 278 3460 cit
292 3423 299 3457 τ
315 3402 373 3479 Qui
389 3401 568 3480 justificabit
587 3401 837 3458 circumcisionem
859 3420 896 3457 ex
912 3400 985 3479 fide,
1037 3419 1089 3455 νων
1105 3396 1199 3462 αὐτούς
1212 3328 1382 3475 θναμνήσρας,
1405 3395 1439 3456 δι’
1452 3390 1488 3457 οἷον
1503 3397 1598 3466 ἔδειξεν
1619 3399 1743 3477 οὐδεμίαν
1764 3391 1809 3457 ού-

239 3504 268 3551 et
278 3496 452 3572 praeputium
469 3512 523 3570 per
533 3488 754 3571 fidem5priora
767 3487 801 3547 de
815 3488 949 3570 praeputio
959 3503 986 3549 et
1039 3512 1088 3549 σαν
1101 3488 1236 3571 διαροροίν.
1259 3491 1293 3548 m
1307 3488 1333 3548 δέ
1347 3483 1571 3568 τύιεοῦδεμίαῆν
1557 3493 1705 3571 νδιαρορδι,
1721 3493 1810 3569 πολλῷ

239 3581 609 3644 circumcisionedicnitlis
601 3594 753 3641 tumentem
763 3601 891 3641 revocans
894 3581 986 3662 ‚queis
1040 3581 1182 3658 μαλλον
1153 3602 1216 3640 νον
1209 3579 1295 3662 ·ρύπε
1310 3605 1355 3640 και
1344 3580 1528 3663 σαφέστερον
1539 3584 1786 3651 κατασκευαζων
1757 3608 1810 3654 νον,

238 3673 434 3737 demonstravit
454 3672 559 3734 nuliam
579 3695 636 3734 esse
657 3673 848 3734 differentiam.
867 3673 984 3746 Quod
963 3697 987 3736 οι
1040 3670 1173 3740 ἀπέδειξεν
1196 3671 1293 3748 ὁμοίιος
1320 3672 1442 3754 ἑκάτερον
1467 3678 1516 3745 τῆς
1544 3673 1658 3741 πίστεως
1680 3674 1811 3752 δεόμενον.

239 3767 393 3828 ιιιιιοιιοίίο
410 3765 738 3844 erotdifferentia‚multo
752 3767 839 3845 magis
853 3788 944 3827 nuuc:
959 3768 988 3828 id
1039 3752 1175 3839 Νόμσν
1144 3786 1188 3822 συν
1202 3784 1401 3842 καταργουμεν,
1417 3764 1496 3843 φησι,
1509 3763 1750 3837 διλιηςπίστεως,
1766 3764 1810 3836 Μὴ

239 3857 313 3940 quod
322 3859 438 3920 clauus
426 3881 484 3941 Jam
492 3858 618 3941 probans
626 3857 752 3918 ostendit
747 3872 900 3939 utrumque
909 3881 986 3919 srmr
1038 3851 1153 3934 γίνοιτο
1169 3853 1237 3913 ἀλλὰ
1251 3853 1330 3932 νόμον
1341 3857 1466 3934 ίστιομεν
1482 3847 1602 3925 Εἶδες’
1572 3880 1674 3917 σινεσιν
1688 3856 1812 3928 ποικίλην

160 4010 169 4016 .
237 3942 302 4013 hier
311 3952 367 4013 fide
386 3973 455 4035 opus
475 3951 583 4011 habere.
600 3953 634 4014 31
643 3997 650 4009 .
668 3951 774 4032 Legem
791 3971 869 4032 ergo,
885 3950 985 4031 inquit,
1001 3968 1022 4014 ι)
1039 3947 1084 4005 κοιλ
1098 3945 1213 4027 ἄφατον,
1228 3948 1306 4026 Αὐτῷ
1319 3947 1420 4028 γθιρ
1384 3972 1423 4029 τῳ
1438 3952 1539 4025 εἰπεῖν,
1555 3949 1703 4029 Ἱστιῗιμεν,
1717 3950 1811 4019 ἔδειξεν

239 4045 415 4106 destruimus
423 4066 477 4126 per
474 4045 572 4128 fidem
580 4042 632 4102 id
634 4046 702 4117 θεῖε,
710 4047 769 4102 imo
780 4044 871 4124 legem
882 4049 987 4104 statui·
1027 4041 1089 4120 cip
1097 4042 1211 4113 ἑστῶτα,
1222 4039 1291 4099 ἀλλὰ
1300 4040 1522 4120 καταλελυμένον.
1546 4043 1600 4102 Καὶ
1611 4042 1660 4124 θρα
1671 4049 1720 4116 τῆς
1732 4043 1812 4104 Παύ-

240 4161 314 4202 mus.
330 4139 431 4201 Viden'
450 4136 623 4220 prudentiam
636 4136 742 4198 veriam
755 4150 782 4195 et
802 4136 987 4196 ineffabilem?
1038 4134 1085 4192 λου
1100 4132 1235 4211 δυνάμεως
1255 4130 1303 4204 τὴν
1325 4135 1491 4215 θπερύολὴν,
1506 4134 1552 4194 καλ
1574 4140 1632 4213 μεθ’
1647 4136 1712 4210 ὅσης
1725 4160 1813 4195 κατα-

240 4233 312 4293 Νοιιι
328 4251 360 4291 σο
382 4231 453 4311 ipso,
469 4229 545 4308 quod
570 4227 647 4303 dicit,
670 4228 843 4300 Statuimus,
869 4228 987 4289 ostendit
1039 4223 1348 4304 σκευάζοπεριουσίαςθ
1361 4226 1492 4304 βούλεται.
1505 4227 1629 4287 Δείκνυσι
1639 4229 1691 4308 γὰρ
1702 4232 1814 4289 ἐνταῦθα

211 4370 213 4374 r
240 4345 301 4384 eam
315 4344 369 4383 non
385 4337 464 4399 stare,
477 4322 524 4381 sed
537 4321 652 4381 solutam
662 4341 726 4381 esse.
749 4320 785 4379 Et
805 4321 870 4381 vide
885 4335 986 4401 quanta
1039 4317 1068 4376 οὐ
1084 4314 1163 4395 μόνον
1177 4320 1206 4375 οὔ
1217 4317 1414 4395 λομαινομένην
1427 4321 1466 4398 τῷ
1480 4317 1553 4399 νόμῳ
1567 4319 1615 4392 τὴν
1629 4320 1729 4394 πίστιν,
1745 4320 1813 4380 αἰλλλ

240 4416 277 4477 sit
288 4415 368 4477 Pauli
377 4414 466 4475 virtus
474 4429 500 4474 et
513 4414 555 4474 vis
565 4412 677 4493 ingenii,
690 4427 716 4472 et
728 4433 790 4472 cum
804 4428 904 4492 quanta
918 4416 986 4476 iaci·
1039 4407 1085 4468 καί
1101 4410 1247 4487 βοηθοῦσαν
1262 4410 1351 4490 αύτῷ,
1364 4408 1455 4492 ὥσπερ
1471 4402 1514 4469 σύν
1530 4410 1574 4471 καλ
1590 4413 1667 4472 αὐτὸν
1678 4419 1712 4490 τῇ
1725 4414 1815 4473 πίστει

240 4507 317 4570 litate
331 4530 361 4569 ειι
376 4530 435 4587 quae
452 4506 517 4569 νοιλί
526 4508 631 4589 probet
652 4505 703 4564 Hic
717 4506 789 4564 enim
812 4506 930 4567 ostendit
948 4509 984 4567 fi·
1039 4500 1273 4581 προοδοποιοῶντοι.
1288 4499 1400 4560 Καθάπε
1403 4500 1483 4583 γρδιρ
1497 4503 1574 4571 αὐτὸς
1589 4502 1731 4582 epotatio
1747 4509 1813 4583 αὐτῇ

240 4601 305 4662 dem
316 4621 369 4661 non
382 4598 634 4707 modoalogenon
652 4595 820 4674 labefactari,
836 4597 885 4657 sed
903 4599 984 4660 etiam
1039 4591 1226 4673 ίμσρούρησε·
1238 4526 1455 4676 Μαρτορσομρένη
1477 4594 1581 4674 γλιρθπ
1545 4595 1706 4656 θπδτοῶ’
1676 4621 1758 4675 νομου
1771 4597 1815 4656 κοιλ

240 4695 356 4757 abitla
344 4694 448 4777 juvari,
464 4707 544 4774 etque
557 4691 638 4752 etiam
659 4691 747 4771 legem
762 4689 870 4750 fidei
841 4713 915 4753 vram
930 4715 983 4774 pa·
1038 4687 1091 4742 τῶν
1102 4687 1255 4782 προφητῶν,
1268 4684 1359 4766 ρηαίν
1371 4684 1439 4745 ούτω
1449 4687 1570 4759 καλαύτλ,
1583 4688 1688 4747 αύτδν
1673 4694 1816 4750 ατονοῶντα

165 4824 169 4834 -
240 4811 309 4851 rare.
321 4789 400 4852 Sicut
419 4787 491 4848 enim
504 4788 551 4847 lex
571 4798 735 4868 praevertens
756 4784 820 4846 fidei
844 4786 983 4848 tutificat·
1002 4782 1021 4829 Β
1038 4776 1144 4851 ἕστησι·
1169 4761 1222 4837 Κιιι
1241 4783 1298 4845 πῶς
1313 4777 1423 4853 ίσιησε,
1444 4779 1524 4859 φησί,
1543 4781 1569 4839 τί
1585 4772 1618 4852 ἦν
1632 4806 1677 4842 του
1661 4783 1809 4862 υἱνόριον
1786 4807 1815 4841 το

240 4889 372 4960 aquarn
385 4880 423 4941 ait
424 4880 619 4962 ,Testiſseata
635 4898 655 4936 α
675 4879 738 4959 iege
751 4890 779 4936 et
795 4880 983 4959 propincus).-
1038 4869 1129 4953 ἔργον,
1144 4869 1190 4930 ιιιιλ
1203 4870 1370 4937 τίισιίνειιιν
1387 4870 1492 4932 ἅπαντα
1511 4873 1652 4954 ἔτραπεν,
1667 4874 1815 4936 ‘'di-ssew

240 4976 280 5038 sic
293 4990 320 5037 et
337 4975 405 5037 fides
417 4976 506 5057 legem
517 4972 687 5033 deficientem
700 4970 843 5033 stabilivit.
859 4972 895 5033 Et
910 4994 982 5053 quo·
1038 4996 1112 5034 καιον
1126 4977 1237 5046 ποιῆσαι
1251 4973 1294 5032 τδν
1310 4972 1454 5054 ἄνθρωπον.
1480 4977 1549 5036 ”Αλλ
1565 4978 1662 5046 ἐκεῖνος
1677 4978 1726 5058 μὲν
1740 5002 1816 5039 τουτο

274 5181 285 5205 ι
303 5167 360 5216 Duo
370 5167 428 5216 tto.
440 5173 487 5226 θεὸς
498 5175 576 5228 μόνον.
590 5162 668 5230 [Stet
685 5160 761 5214 nediu
772 5173 841 5214 textu
853 5175 928 5231 μόνον
940 5165 1000 5217 dare
1085 5166 1098 5204 λ
1116 5165 1125 5230 [
1138 5166 1165 5216 λ.
1177 5177 1202 5216 et
1214 5182 1294 5235 marg.
1307 5165 1384 5219 Sevil.
1395 5176 1449 5222 θεοί.
1463 5170 1472 5234 ]

240 5247 348 5302 νιιΙιιίεια
360 5242 467 5297 videtur.
478 5244 560 5295 Etitm
574 5246 605 5293 Α.
618 5253 686 5311 μόνον
698 5253 726 5293 ut
735 5240 804 5294 Edd.
817 5242 896 5308 mot]
