3728 5978
541 395 545 407 ¹
579 435 612 482 ΙΝ
638 436 725 482 ACTA
751 432 1012 482 APOSTOLORUM.
1040 435 1162 485 ssotttt..
1190 436 1240 486 Xl.

1638 441 1703 511 ¹⁰7

130 561 228 634 ωδαμῶ
251 562 333 616 τοῦτο
356 554 478 632 γίνεταν
496 557 598 628 πολλῆς
615 556 684 617 αθτω
701 556 894 641 παρακλήσεως
910 559 931 606 G
949 554 1056 634 signoo
1077 579 1109 617 us
1121 558 1256 621 habebant
1267 574 1298 620 ut
1308 559 1550 642 ptsuadereotur3
1565 573 1624 640 post
1637 559 1696 619 baee

130 653 204 729 ἔτνχαν
215 648 272 708 ἀπὸ
285 652 336 720 τῆς
345 650 437 728 εθχῆς.
451 647 570 715 Εἰκότως
586 647 614 708 δί
627 649 673 709 καί
683 649 800 728 σημείων
815 646 893 731 χάριν

131 747 243 802 αἰτοῦσιν·
259 739 409 819 οιίδαμόθεν
422 739 532 800 άλλαθεν
545 731 616 820 εἶχον
631 741 684 820 γάρ
698 740 840 816 ἐπιδεῖξαι,
853 740 896 801 ὅτι

132 833 223 905 ἐνίστη,
237 831 328 903 ἀλλ’ἢ
344 832 400 892 ἀπὸ
413 836 467 891 τῶν
481 832 611 910 σημείων.
619 830 705 894 Ὥστε
713 835 743 894 οὐ
750 832 798 907 τὴν
810 832 896 912 ἀσφά-

131 930 186 985 διιαν
200 924 312 995 ἐζήτουν
322 924 374 997 τὴν
395 927 482 983 αὐτῶν
498 923 585 1002 μόνον,
601 924 671 985 άλλδ
685 925 790 1004 ⁶[xel]
808 925 839 984 τδ
858 923 895 1002 μὴ

131 1022 361 1098 ισταισχυνθῆναι,
380 1017 450 1077 ἀλλὰ
467 1018 499 1077 τδ
521 1020 549 1076 ἐν
570 1018 705 1100 παρρησίᾳ
729 1017 896 1099 φθέγγεσθαι.

132 1110 263 1183 'matos
286 1108 421 1180 ὑπάπας,
439 1108 487 1168 καί
508 1108 601 1178 αὐτοὺς
620 1113 720 1188 μᾶλλον
743 1109 896 1189 scriptun.

132 1204 203 1261 Τοῦτο
221 1201 251 1260 il
266 1199 335 1261 ποτὲ
349 1200 400 1279 μὲν
414 1203 496 1282 ὀργῆς
518 1205 574 1262 ἐστι
595 1203 703 1282 δεῖγμα,
714 1201 779 1262 ποτὲ
793 1202 820 1263 δὲ
836 1206 896 1263 ἔπι-

133 1296 234 1374 nitro<
244 1294 295 1352 nl
307 1293 431 1374 προνοίας
440 1337 448 1364 ,
456 1296 514 1354 νυνί
526 1295 553 1354 δὲ
567 1299 656 1375 ὀργῆς.
666 1294 732 1355 Ἐπὶ
742 1296 770 1354 δὲ
785 1302 831 1355 τοῦ
845 1321 896 1357 σω-

132 1388 210 1465 τηρίου
220 1386 325 1454 πάθους
334 1386 469 1456 ξένωςκαὶ
482 1387 557 1468 παρὰ
566 1387 641 1467 φύσιν
649 1387 748 1468 γέγονε.
761 1386 837 1448 “Kal
845 1386 897 1467 γὰρ

132 1478 178 1537 τότε
198 1489 274 1538 πᾶσα
293 1479 424 1552 ἐσαλεύθη
442 1484 460 1550 ἡ
476 1484 521 1558 γῆ.
540 1480 591 1540 Καὶ
618 1481 693 1547 αὐτὸς
718 1479 746 1539 δὲ
765 1484 780 1539 ὁ
800 1478 897 1557 Σωτὴρ

133 1572 207 1650 ἔλεγε·
221 1570 294 1631 Τότε
318 1571 425 1632 ἔσονται
441 1573 516 1651 λιμοὶ
538 1572 582 1631 καί
595 1572 703 1649 λοιμοὶ,
722 1570 769 1631 καί
792 1569 897 1647 σεισμοὶ

949 579 1078 706 nutemffi
1087 670 1234 728 numquam
1243 651 1341 711 accidit
1351 652 1402 711 :ita
1413 652 1527 712 multem
1535 652 1698 711 exoratione
1742 657 1808 716 ⁸¹t¹¹²
1819 673 1855 732 ξε·

950 741 1157 801 consolationem
1173 759 1236 803 sunt
1255 744 1402 823 assequuti.
1414 746 1480 806 Jure
1497 757 1588 803 autem
1607 744 1697 824 signo·
1711 730 1856 840 „2222ssss

950 852 1012 890 rum
1026 832 1140 912 gratiam
1154 848 1264 915 petunt;
1281 856 1334 895 non
1354 836 1408 896 alio
1427 835 1499 895 enim
1513 834 1594 897 modo
1609 849 1700 896 osten·
1709 843 1772 888 brut·

950 924 1014 984 dere
1032 940 1156 1006 poterant
1175 927 1267 1008 ipsum
1288 928 1477 1003 resurrexisse,
1491 927 1544 989 nisi
1556 950 1592 989 ex
1604 929 1699 1010 signis.

950 1017 1045 1095 ltaque
1059 1039 1111 1078 uon
1129 1042 1206 1081 suam
1226 1022 1315 1081 solum
1333 1022 1490 1102 quaerebnnt
1509 1021 1698 1101 securitatem3

950 1130 1047 1168 verum
1060 1109 1141 1171 etiam
1154 1133 1187 1172 ne
1197 1111 1434 1191 confunderentur,
1448 1113 1495 1174 sod
1508 1113 1592 1173 libere
1602 1113 1699 1192 loque-

952 1215 1054 1261 rentur.
1074 1206 1168 1264 Motus
1181 1219 1220 1265 est
1233 1205 1320 1284 loeus,
1335 1220 1361 1266 et
1374 1204 1436 1265 illos
1457 1205 1545 1286 magis
1564 1207 1697 1267 firmavit.

952 1292 1010 1352 Hoc
1022 1307 1123 1370 autem,
1140 1295 1220 1356 modo
1236 1297 1345 1379 siguum
1356 1297 1402 1356 iras
1414 1311 1463 1371 est,
1475 1296 1556 1357 modo
1567 1297 1700 1357 visitatio-

952 1385 993 1445 nis
1005 1400 1030 1446 et
1042 1387 1235 1468 providentias,
1251 1411 1323 1450 nunc
1345 1404 1434 1450 autem
1457 1389 1513 1450 irae.
1528 1390 1560 1448 ln
1576 1390 1700 1471 passione

952 1495 1016 1534 vero
1026 1477 1177 1537 seruatoris
1187 1478 1321 1559 stupendo
1331 1478 1413 1538 modo
1426 1491 1452 1537 et
1465 1491 1561 1559 preter
1574 1492 1699 1538 naturam

950 1568 1052 1627 iactum
1065 1583 1113 1628 est.
1126 1569 1236 1629 Etenim
1258 1572 1346 1631 omnis
1367 1585 1437 1631 terra
1455 1583 1588 1647 ¹commota
1602 1584 1649 1631 est.
1662 1570 1699 1629 Et

132 1663 188 1721 uel
201 1662 310 1730 τόπους.
323 1661 425 1730 Ἄλλως
444 1663 473 1723 δὲ
493 1663 538 1723 καί
555 1667 635 1744 ὀργῆς
647 1669 695 1736 τῆς
708 1664 768 1723 κατ’
790 1663 896 1724 ἐκείνων
915 1676 935 1730 ι)
951 1658 1009 1742 ipse
1019 1667 1128 1741 quoque
1139 1662 1267 1724 Servatur
1279 1664 1402 1723 dicebat:
1418 1666 1444 1722 Τ
1442 1684 1500 1724 une
1509 1677 1595 1723 erunt
1603 1665 1698 1734 fames
1708 1672 1796 1717 stant.
1811 1669 1850 1732 οη.

133 1746 170 1824 ἦν·
183 1754 290 1822 enimc
302 1754 357 1834 γάρ
372 1753 529 1831 Πνεόματος
542 1755 693 1828 ἐνέπλησεν.
706 1753 796 1834 Ὅρα,
812 1755 857 1813 καί
872 1758 897 1815 αἱ

134 1847 261 1906 retentu
282 1847 354 1925 μετὰ
378 1846 427 1918 τὴν
447 1846 528 1927 εὐχὴν
548 1847 702 1924 Πνεάματας
724 1849 896 1926 πληροῦνται.

133 1939 176 1997 Καὶ
187 1939 264 2018 χάρις
286 1939 393 2017 μεγάλη
418 1929 462 2010 ἦν,
483 1939 573 2020 ρησίν,
599 1939 641 2000 ἐπί
665 1940 769 2006 πάντας
790 1938 896 2008 αὐτούς·

134 2030 181 2089 eiii
192 2030 242 2112 γδρ
257 2031 351 2103 ίνδεής
372 2054 413 2097 τις
432 2035 553 2111 ὑπῆρχεν
576 2035 602 2092 ἐν
627 2035 725 2100 αὐτοῖς.
743 2030 841 2113 Ὁρᾷς,
857 2031 898 2091 ότι

133 2123 204 2192 πολλὴ
217 2129 264 2182 τοῦ
283 2122 475 2204 πράγματκή
494 2122 617 2201 δύναμις,
635 2123 701 2184 ὅπου
721 2148 752 2202 γε
775 2123 822 2183 καί
843 2125 901 2184 insi

134 2213 216 2287 ταύτης
230 2215 297 2276 ἔδει.
315 2213 393 2286 nter,
407 2215 494 2295 γὰρὴ
516 2214 637 2283 ὑπόθεσις
658 2221 712 2276 τῶν
735 2219 851 2296 ἀγαθῶν,
866 2208 898 2287 ἧς

134 2305 169 2363 καὶ
180 2305 300 2386 δεύτερον
315 2306 467 2384 μέμνηται,
480 2309 616 2385 παραινῶν
627 2317 694 2367 πᾶσι
707 2306 755 2380 τὴν
766 2312 819 2385 τῶν
830 2333 897 2389 χρη·

134 2399 212 2474 μάτων
221 2405 233 2431 ‘
241 2400 394 2480 ὑπεροψίαν
405 2423 411 2435 ·
427 2398 552 2479 ἀνωτέρω
566 2398 613 2478 μὲν
623 2400 719 2480 λέγων,
730 2400 771 2460 ότι
780 2402 851 2463 Οὐδὲ
862 2393 898 2470 εἷς

132 2514 152 2547 τι
163 2496 211 2550 τῶν
220 2491 399 2574 ὑπαρχόντων
411 2495 484 2574 αὐτῷ
499 2490 586 2572 ἔλεγεν
608 2491 674 2552 ίδιον
687 2484 770 2553 εἶναι·
787 2498 899 2555 ἐνταῦθα

132 2580 214 2653 Mes
223 2584 286 2641 Οθκ
297 2580 388 2653 ἐνδεής
401 2605 441 2649 τις
457 2584 577 2661 ὑπῆρχεν
592 2584 618 2640 ίν
631 2584 729 2650 αὐτοῖς.

162 2771 223 2832 Ὅτι
241 2773 297 2856 γὰρ
310 2775 342 2832 οὗ
356 2778 410 2834 τῶν
431 2775 549 2853 σημείων
563 2766 595 2847 ἦν
610 2776 641 2836 τδ
658 2776 794 2857 γινόμενον
809 2775 897 2851 μόνον,

132 2864 190 2924 llll
204 2865 250 2925 καὶ
264 2871 315 2938 τῆς
338 2868 425 2926 αὐτῶν
450 2865 644 2949 πρααιρίσεως,
671 2869 748 2939 δηλοῖ
766 2865 898 2939 ἡίΣάπ-

131 2979 197 3037 ρειρα
209 2958 283 3017 καὶὸ
298 2957 431 3025 Ἀνανίας.
447 2961 489 3018 Οὐ
504 2958 576 3040 λόγῳ
588 2958 630 3034 δὲ,
644 2958 714 3019 ἀλλὰ
727 2959 773 3019 καί
789 2959 898 3037 δυνάμει

131 3048 308 3132 τὀμερτθριον
320 3055 370 3122 τῆς
393 3051 561 3117 ἀναστάσεως
572 3058 585 3093 ⁸
590 3050 740 3112 ἐδείκνυσαν
752 3075 758 3087 ·
778 3051 899 3133 καθάπερ

951 1768 980 1814 et
988 1757 1162 1836 pestilentiae
1172 1771 1200 1817 et
1211 1771 1295 1821 terrae
1308 1772 1402 1818 motus
1410 1779 1464 1838 per
1478 1758 1553 1818 loen.
1569 1754 1699 1837 Alioquin
1710 1748 1732 1795 ⁷·

951 1867 1016 1906 vero
1027 1847 1073 1907 irae
1085 1863 1177 1908 contra
1189 1849 1252 1909 illos
1263 1850 1371 1929 signum
1391 1861 1448 1908 erat
1463 1873 1470 1906 :
1489 1848 1539 1908 lios
1550 1848 1622 1907 euim
1636 1848 1700 1929 Spi-

951 1941 1006 2002 ritu
1017 1944 1141 2024 replevit.
1149 1943 1231 2020 Vide,
1239 1959 1266 2005 et
1278 1945 1392 2027 apostoli
1406 1958 1467 2026 post
1477 1944 1625 2004 orationem
1638 1945 1700 2025 Spi-

952 2034 1007 2094 ritu
1019 2035 1165 2117 replentur.
1183 2040 1223 2096 Et
1237 2042 1337 2118 gratia
1349 2059 1470 2118 magrra,
1483 2036 1582 2115 inquit,
1595 2041 1701 2096 eratin

953 2129 1156 2189 omnibusillis
1169 2152 1179 2184 .·
1191 2150 1283 2209 neque
1290 2133 1369 2188 enim
1378 2133 1534 2210 quisquam
1542 2149 1629 2209 egens
1636 2142 1701 2189 erat

952 2221 1117 2280 interillos.
1134 2220 1233 2283 Viden’
1248 2236 1347 2301 quanta
1360 2223 1395 2283 sit
1408 2221 1528 2302 Spiritus
1538 2221 1637 2298 virtus,
1652 2222 1701 2282 ubi

952 2311 1054 2370 scilieet
1077 2312 1124 2371 illa
1143 2334 1212 2394 opus
1229 2314 1304 2373 erat?
1326 2314 1389 2373 Haec
1408 2326 1447 2372 est
1470 2313 1543 2371 onim
1567 2313 1701 2373 bonorum

953 2424 1043 2482 casua,
1053 2426 1135 2484 quarn
1150 2403 1265 2465 seeundo
1287 2419 1429 2484 memorat,
1444 2404 1591 2466 adhortans
1610 2425 1702 2465 omnes

953 2494 989 2554 ad
996 2496 1173 2576 pecuniarum
1186 2510 1369 2576 contemtum3
1382 2496 1507 2578 superius
1520 2495 1610 2556 dicens
1623 2499 1702 2556 :Nee

928 2601 933 2614 '
954 2592 1217 2669 quisquameorum
1227 2610 1292 2669 quae
1299 2591 1478 2670 possidebat,
1487 2590 1604 2669 aliquid
1615 2609 1701 2647 suurn

953 2699 1015 2737 esse
1035 2681 1164 2749 diceban·
1180 2678 1226 2738 lric
1248 2701 1312 2740 vero
1333 2683 1418 2740 :Nee
1440 2684 1596 2761 qumquam
1614 2699 1700 2759 egens

953 2786 1016 2833 erat
1028 2776 1107 2830 inter
1119 2775 1197 2835 illos.
1755 2762 1766 2773 ⁸

994 2866 1022 2924 5.
1043 2863 1239 2936 Quodautem
1262 2884 1315 2924 non
1337 2872 1372 2923 etr
1399 2862 1484 2943 signis
1510 2875 1633 2939 tantum,
1653 2862 1700 2923 sed
1802 2899 1805 2903 <

954 2955 1036 3016 etiam
1055 2978 1088 3015 ex
1103 2957 1212 3018 illorum
1228 2957 1366 3039 proposito
1378 2955 1406 3015 id
1417 2957 1519 3016 factum
1536 2955 1637 3029 luerit,
1651 2977 1700 3037 pa-

953 3049 1008 3108 lam
1018 3049 1122 3109 troium
1130 3050 1265 3131 Sapphira
1272 3063 1299 3109 et
1308 3049 1436 3109 Ananias.
1445 3051 1505 3109 Non
1516 3062 1606 3108 autem
1616 3048 1700 3109 verbo

132 3141 169 3199 καί
181 3144 286 3209 Παῦλος
295 3142 385 3221 λέγει·
402 3142 455 3202 Καὶ
465 3145 496 3203 τὸ
506 3143 631 3225 κήρυγμά
646 3168 697 3222 μου
705 3147 753 3204 οὑκ
763 3147 790 3203 ἐν
801 3149 899 3212 πειθοῑς
952 3154 1068 3214 tantum,
1084 3141 1130 3201 sed
1152 3143 1233 3202 etiam
1250 3141 1351 3203 virtute
1372 3141 1554 3201 testimouium
1579 3132 1705 3202 resurre-¹

134 3236 286 3315 ἀνθρωπίνης
302 3235 400 3316 σορίας
413 3235 517 3314 λόγοις,
532 3238 590 3295 ἀλλ’
610 3239 636 3296 iv
660 3235 792 3305 ἀποδείξει
810 3235 900 3296 Πνεό-
952 3232 1048 3292 otionis
1061 3233 1261 3311 exhibuerunt,.
1270 3247 1301 3292 ut
1315 3247 1341 3292 et
1352 3233 1455 3293 Paulus
1466 3232 1504 3292 ait
1516 3257 1523 3291 ι
1538 3236 1566 3292 Ε
1569 3248 1579 3293 t
1591 3238 1700 3314 predi·
1713 3247 1732 3279 ¹·
1747 3234 1800 3281 θον-
1811 3250 1834 3281 ²·

136 3349 203 3399 ματος
216 3328 263 3387 καὶ
276 3327 427 3405 δυνάμεως.
443 3328 498 3387 Καὶ
516 3330 566 3407 αι’νχ
576 3329 667 3394 ἁπλῶς
679 3326 804 3405 δυνάμει,
816 3325 899 3401 ἀλλὰ,
952 3328 1032 3384 catio
1048 3345 1113 3382 mea
1127 3345 1187 3383 non
1200 3329 1232 3383 in
1240 3325 1480 3404 persuasibilibus
1494 3325 1632 3384 lsumnnoe
1646 3348 1699 3387 sa·
1728 3331 1733 3343 '

136 3419 225 3497 μιγσλη
247 3417 370 3495 δυνάμει.
386 3419 483 3483 Καλῶς
493 3417 521 3476 δὲ
539 3408 708 3499 εἶπε,Χάρις
719 3410 752 3490 ἦν
767 3417 811 3477 inl
828 3418 899 3478 πάν·
951 3420 1068 3495 pientioe
1087 3420 1195 3488 verbis,
1216 3417 1268 3478 sed
1286 3421 1319 3474 in
1341 3420 1506 3476 ostensione
1526 3418 1650 3496 Spiritus
1671 3434 1700 3479 et
1795 3433 1801 3446 ’

134 3529 180 3573 τας.
194 3508 246 3567 Διὰ
268 3507 415 3586 τοῦτογδρ
438 3515 456 3581 ἡ
480 3508 573 3588 χάρις,
587 3507 627 3567 ότι
642 3508 726 3576 οὐδεὶς
745 3500 778 3579 ἦν
793 3508 896 3580 ἐνδεής·
912 3570 936 3609 9³
953 3511 1084 3565 virtutis.
1108 3509 1163 3566 Nec
1189 3506 1348 3587 simpliciter
1377 3507 1489 3586 virtute,
1516 3508 1572 3586 sed,
1597 3510 1701 3571 virtute

135 3601 267 3673 ταπέστιν,
283 3600 339 3659 ἀπὸ
350 3603 400 3669 τῆς
412 3602 513 3672 πολλῆς
526 3599 672 3680 προθυμίας
687 3605 741 3660 τῶν
763 3600 896 3660 ἐπιδιδόν-
915 3627 935 3673 Α
953 3621 1061 3680 magna.
1077 3600 1114 3658 Et
1124 3600 1192 3659 bene
1206 3599 1284 3678 dicit,
1303 3601 1411 3661 Gratia
1428 3615 1492 3661 erat
1508 3607 1541 3660 in
1555 3608 1698 3666 omnibus.

134 3715 175 3749 των
188 3695 272 3761 οὐδεὶς
293 3685 330 3766 ἦν
346 3691 446 3764 ἐνδεής.
467 3694 508 3751 Οὐ
522 3691 574 3774 γδιρ
598 3693 673 3772 μέρει
696 3692 744 3770 μὲν
767 3692 897 3767 ἐδίδοσαν,
952 3691 1015 3752 ldeo
1034 3714 1152 3771 namque
1176 3693 1272 3773 gratia,
1286 3693 1350 3772 quia
1371 3693 1463 3752 nullus
1482 3707 1539 3753 erat
1560 3715 1657 3774 egons3
1671 3697 1700 3756 id
1785 3712 1790 3723 “

132 3783 195 3864 μέρει
207 3785 235 3843 δὲ
248 3783 439 3862 ἐταμιεὺοντο·
462 3782 521 3842 οὐδὲ
542 3784 630 3843 πάντα
651 3782 710 3862 μὲν,
729 3788 765 3852 ὡς
788 3783 843 3843 tue
859 3786 896 3845 δέ.
950 3797 1000 3861 est,
1015 3805 1050 3844 ex
1065 3784 1189 3843 dantium
1200 3784 1339 3843 alacntate
1349 3783 1443 3842 nullus
1456 3805 1556 3864 egenus
1566 3801 1631 3845 erat.
1646 3788 1699 3846 Ne-

132 3877 196 3949 ’Τὴν
210 3876 372 3955 ἀνωμαλίαν
389 3879 419 3935 ἐκ
434 3875 515 3953 μέσου
528 3874 665 3954 ίξήγαγον,
683 3876 730 3935 καί
743 3879 771 3935 ἐν
785 3877 896 3960 ἀρθονίρ
950 3899 1001 3957 que
1020 3878 1092 3936 enim
1111 3891 1216 3957 purtem
1237 3877 1433 3956 largiebantur,
1454 3892 1558 3957 partem
1573 3879 1700 3939 reconde-

130 3968 297 4048 ι’ζωνπολλῇ·
315 3970 364 4028 καί
391 3967 459 4047 μετὰ
479 3970 580 4040 πολλῆς
599 3967 627 4027 δὲ
650 3974 699 4040 τῆς
719 3973 799 4048 τιμῆς
820 3977 897 4030 τοῦτο
949 3971 1037 4029 bant:
1054 3991 1138 4047 neque
1160 3970 1250 4030 omnia
1275 3969 1389 4046 dabant,
1409 3970 1456 4029 soil
1479 3971 1555 4048 quasi
1576 3974 1696 4052 propria.

130 4061 228 4121 ἐποίουν.
244 4059 320 4119 Οὐδὲ
339 4059 394 4140 γὰρ
416 4062 453 4127 εἷς
466 4059 514 4126 τὰς
540 4068 631 4140 χεῖρας
655 4060 774 4138 ἐτόλμων
790 4063 915 4136 &eivers
951 4061 1161 4140 Inaequalitatem
1184 4059 1218 4119 de
1241 4060 1331 4120 medio
1353 4060 1494 4136 tollebant,
1516 4076 1541 4121 et
1562 4062 1590 4122 in
1609 4063 1698 4124 abun-

129 4153 175 4213 u‘n'l
186 4153 386 4234 πεπυρωμένος
402 4162 539 4234 παρεῖχον,
554 4152 622 4213 ἀλλὰ
641 4153 715 4236 παρὰ
736 4153 795 4222 τοὺς
814 4154 897 4222 πόδας
952 4153 1044 4215 dantia
1057 4153 1143 4214 multa
1154 4153 1284 4214 vivebant
1296 4156 1451 4235 :multoque
1462 4177 1523 4216 cum
1536 4156 1636 4219 honore
1647 4159 1698 4220 huc

129 4357 269 4421 qwqueA13
287 4363 405 4415 πεσθῆντιι.
426 4357 443 4405 ἰ.
460 4371 483 4406 e.
503 4363 618 4416 παυθῆναι
635 4356 665 4407 G.
685 4356 796 4407 Omnino
812 4373 888 4407 unum
938 4363 1004 4410 είεαί
1019 4361 1197 4429 &meisi-mat,
1216 4363 1279 4412 ἀλλά
1298 4369 1338 4419 τῆς
1354 4364 1406 4413 κατ’
1417 4367 1451 4412 ix.
1470 4365 1512 4421 ἧν·
1525 4363 1698 4421 τοὺτουςδίκαί

129 4434 239 4486 (edicens
258 4452 321 4484 eom
333 4433 399 4485 dicit
415 4434 521 4497 λίσσεό,
539 4432 653 4486 addendi
662 4432 714 4485 lere
726 4435 818 4500 ubique
837 4432 889 4484 duo
937 4442 1064 4504 πνεύματος
1079 4441 1206 4495 ἐνέπλησεν.
1220 4445 1267 4508 ἄρα
1278 4443 1315 4488 καὶ
1326 4443 1346 4490 σί
1360 4445 1424 4491 ἀπ...
1442 4442 1589 4508 πληροῦνται.
1605 4446 1644 4491 καί
1652 4462 1684 4504 με

130 4509 326 4579 ureri‚ejmdem
349 4510 386 4562 illi
407 4511 524 4574 familiae,
544 4515 574 4566 Α.
594 4514 636 4574 C,
655 4528 809 4580 quemquam
837 4514 889 4577 ipse
938 4521 1006 4588 ράλῃ,
1018 4521 1078 4586 puel,
1091 4518 1184 4581 δυνάμει
1195 4518 1311 4568 ἀπεδίδουν
1320 4523 1348 4568 τὸ
1360 4519 1579 4587 μαρτὺριαν,χάρις
1590 4539 1616 4570 τε
1626 4525 1652 4576 ἦν
1663 4526 1699 4573 ἐπὶ

130 4591 208 4643 mnu.
215 4589 342 4658 plerisque
354 4589 380 4640 in
391 4589 456 4641 locis
464 4607 517 4641 non
527 4588 574 4641 nisi
582 4589 704 4642 Codlc'em
712 4593 740 4640 B.
753 4589 889 4656 inspexisse
937 4616 963 4647 n·
977 4597 1087 4650 αὐτοὺς...
1106 4597 1190 4651 αὐτοῖς.
1208 4598 1263 4664 δρᾷς
1277 4599 1319 4652 ὅση
1334 4599 1375 4645 τοῦ
1393 4615 1434 4664 πρ.
1452 4600 1466 4652 ἡ
1484 4597 1584 4661 δύναμις.
1603 4594 1698 4646 Eadem

132 4667 227 4721 tideusr.
245 4671 494 4736 llepraesentarimus
514 4681 598 4720 autem
622 4673 648 4722 ln
667 4671 694 4725 h.
712 4670 729 4721 l.
750 4670 885 4723 lectionem
935 4667 1047 4721 reddidit
1057 4670 1197 4734 Erasmus]

135 4748 186 4799 Cod-
199 4751 230 4802 D.
241 4750 332 4801 cami
349 4753 428 4808 ἐπειδὴ
438 4759 535 4820 ἀρχα...
553 4756 645 4815 γίνεται.
659 4755 746 4810 πολλῆς
756 4763 796 4811 τῆς
806 4774 886 4822 παρει-
968 4747 1056 4801 ⁰C0d.
1069 4764 1135 4798 unus
1143 4752 1275 4817 ὑπεροψίαν,
1289 4753 1338 4801 ου’δδ
1355 4752 1386 4810 εἷς
1397 4758 1450 4818 γὰρ,
1463 4758 1523 4818 ρησί,
1536 4758 1558 4804 τί
1571 4764 1615 4805 τῶν
1626 4756 1699 4823 ὑπαρ-

137 4833 224 4886 ιίιζεωις.
239 4827 309 4878 Intra
321 4829 353 4877 l).
367 4832 439 4888 δεῖξαι
451 4843 500 4891 pro
510 4828 639 4892 insidiae]
936 4838 1021 4893 χόντων
1033 4832 1103 4894 αὐτῷ,
1115 4832 1198 4891 ἔλεγεν.

161 4905 293 4970 ‘lamento
310 4902 406 4955 absita
418 4901 507 4956 Codd.
521 4901 624 4966 nostris,
640 4905 711 4956 uncis
721 4903 888 4972 inclusimus]
970 4903 1064 4955 t1dem
1077 4914 1195 4974 Σάμρειρα
1206 4904 1247 4955 hic
1258 4902 1363 4956 etulibl.
1407 4963 1410 4968 ι

164 4982 266 5047 llrsraee
277 4985 307 5037 D.
318 4997 345 5036 et
361 4980 640 5036 Emmotnsenrimns.
659 4985 690 5033 Α.
702 4985 731 5034 B.
744 4984 775 5037 C.
788 4991 825 5038 καί
842 4995 887 5057 γάρ
970 4999 981 5035 t
994 4986 1143 5048 [ἀπεδίδοσαν
1154 4984 1205 5049 λλ]

146 5065 172 5110 ἔτι
184 5070 314 5133 ἐσταυρώθη,
327 5069 444 5122 ἐσαλεύθη
463 5069 479 5121 ἡ
497 5073 534 5126 γῆ.
551 5059 636 5129 Pergit
653 5059 718 5114 Cod.
739 5063 792 5113 D...
811 5071 825 5122 ἡ
845 5074 883 5129 γῆ,
969 5063 982 5088 ⁴⁸
996 5063 1045 5127 [D.
1057 5067 1114 5116 οὑτω
1132 5071 1221 5123 risela.
1235 5069 1258 5114 ln
1271 5068 1311 5114 τοῦ
1323 5084 1350 5127 μ.
1363 5065 1476 5122 ίξίόαλον.
1490 5059 1698 5136 Εῐίυίωίπρας-

148 5143 188 5191 itt!
201 5152 305 5212 πενταχοῦ
320 5153 454 5212 γνωσθῆναι
476 5150 519 5196 τοῦ
539 5148 704 5213 σταυρυθίντας
718 5150 758 5202 τήν
778 5146 883 5209 δύναμιν,
935 5159 1028 5209 rovpro
1040 5143 1148 5207 invirum]

151 5225 176 5268 wi
185 5227 213 5273 ίτι
226 5230 267 5283 θεὸς
281 5234 365 5286 παθὼν,
385 5229 444 5278 ἀλλ’
466 5227 509 5288 οὐχ
526 5227 602 5281 ἁπλῶς
616 5230 744 5294 ἅνθρωπος·
756 5227 831 5283 άλλως
847 5227 883 5287 il,
