<?xml version="1.0" encoding="UTF-8"?>
<!DOCTYPE html PUBLIC "-//W3C//DTD XHTML 1.0 Transitional//EN"
    "http://www.w3.org/TR/xhtml1/DTD/xhtml1-transitional.dtd">
<html xmlns="http://www.w3.org/1999/xhtml" xml:lang="en" lang="en">
 <head>
  <title>
</title>
<meta http-equiv="Content-Type" content="text/html;charset=utf-8" />
  <meta name='ocr-system' content='tesseract 3.04.00' />
  <meta name='ocr-capabilities' content='ocr_page ocr_carea ocr_par ocr_line ocrx_word'/>
</head>
<body>
  <div class='ocr_page' id='page_1' title='image "./sanctipatrisnos01chrygoog_0678.png"; bbox 0 0 3742 5970; ppageno 0'>
   <div class='ocr_carea' id='block_1_1' title="bbox 227 362 1460 481">
    <p class='ocr_par' dir='ltr' id='par_1_1' title="bbox 227 362 1460 481">
     <span class='ocr_line' id='line_1_1' title="bbox 227 362 1460 481; baseline -0.005 -24"><span class='ocrx_word' id='word_1_1' title='bbox 227 383 301 457; x_wconf 78' lang='lat'>638</span> <span class='ocrx_word' id='word_1_2' title='bbox 528 476 531 481; x_wconf 19' lang='grc' dir='ltr'>Ι</span> <span class='ocrx_word' id='word_1_3' title='bbox 560 405 590 455; x_wconf 84' lang='lat' dir='ltr'>s.</span> <span class='ocrx_word' id='word_1_4' title='bbox 619 407 760 458; x_wconf 75' lang='lat' dir='ltr'><strong>ioannis</strong></span> <span class='ocrx_word' id='word_1_5' title='bbox 786 405 967 457; x_wconf 79' lang='lat' dir='ltr'><strong>enntsosr.</strong></span> <span class='ocrx_word' id='word_1_6' title='bbox 997 404 1154 453; x_wconf 76' lang='lat' dir='ltr'><strong>incnmn.</strong></span> <span class='ocrx_word' id='word_1_7' title='bbox 1182 362 1460 475; x_wconf 56' lang='lat' dir='ltr'>eons&#39;rnnrrnon.¹</span> 
     </span>
    </p>
   </div>
   <div class='ocr_carea' id='block_1_2' title="bbox 75 518 1827 5038">
    <p class='ocr_par' dir='ltr' id='par_1_2' title="bbox 75 518 1827 5038">
     <span class='ocr_line' id='line_1_2' title="bbox 226 518 1775 615; baseline 0.003 -23"><span class='ocrx_word' id='word_1_8' title='bbox 226 553 276 614; x_wconf 88' lang='lat' dir='ltr'>per</span> <span class='ocrx_word' id='word_1_9' title='bbox 288 530 355 592; x_wconf 84' lang='lat' dir='ltr'><strong>alios</strong></span> <span class='ocrx_word' id='word_1_10' title='bbox 376 518 549 610; x_wconf 83' lang='lat' dir='ltr'><strong>loquebatur,</strong></span> <span class='ocrx_word' id='word_1_11' title='bbox 573 532 651 592; x_wconf 86' lang='lat' dir='ltr'><strong>nobis</strong></span> <span class='ocrx_word' id='word_1_12' title='bbox 671 554 718 614; x_wconf 85' lang='lat' dir='ltr'>per</span> <span class='ocrx_word' id='word_1_13' title='bbox 738 530 973 615; x_wconf 76' lang='lat' dir='ltr'><strong>seipsumtilliex</strong></span> <span class='ocrx_word' id='word_1_14' title='bbox 1024 530 1153 609; x_wconf 73' lang='grc' dir='ltr'>ἐλάθομεν</span> <span class='ocrx_word' id='word_1_15' title='bbox 1166 531 1213 591; x_wconf 87' lang='grc' dir='ltr'>καὶ</span> <span class='ocrx_word' id='word_1_16' title='bbox 1230 531 1397 612; x_wconf 80' lang='grc' dir='ltr'>τδνοθρανδν</span> <span class='ocrx_word' id='word_1_17' title='bbox 1411 528 1597 611; x_wconf 73' lang='grc' dir='ltr'>δναμάνυμτν·</span> <span class='ocrx_word' id='word_1_18' title='bbox 1612 528 1775 609; x_wconf 57' lang='lat' dir='ltr'><strong>momnis</strong></span> 
     </span>
     <span class='ocr_line' id='line_1_3' title="bbox 227 621 1776 705; baseline -0.001 -22"><span class='ocrx_word' id='word_1_19' title='bbox 227 624 325 684; x_wconf 90' lang='lat' dir='ltr'><strong>timore</strong></span> <span class='ocrx_word' id='word_1_20' title='bbox 339 622 468 704; x_wconf 87' lang='lat' dir='ltr'><strong>supplicii</strong></span> <span class='ocrx_word' id='word_1_21' title='bbox 491 623 581 682; x_wconf 84' lang='lat' dir='ltr'><strong>omnia</strong></span> <span class='ocrx_word' id='word_1_22' title='bbox 603 623 746 697; x_wconf 75' lang='lat' dir='ltr'><strong>iaciebant,</strong></span> <span class='ocrx_word' id='word_1_23' title='bbox 771 638 799 683; x_wconf 87' lang='lat' dir='ltr'><strong>at</strong></span> <span class='ocrx_word' id='word_1_24' title='bbox 818 621 1008 705; x_wconf 71' lang='lat' dir='ltr'><strong>spiritualer:</strong></span> <span class='ocrx_word' id='word_1_25' title='bbox 1025 625 1059 683; x_wconf 87' lang='grc' dir='ltr'>δι’</span> <span class='ocrx_word' id='word_1_26' title='bbox 1070 623 1166 704; x_wconf 81' lang='grc' dir='ltr'>ἑτέρων</span> <span class='ocrx_word' id='word_1_27' title='bbox 1177 624 1325 704; x_wconf 80' lang='grc' dir='ltr'>διελὶγετο,</span> <span class='ocrx_word' id='word_1_28' title='bbox 1336 628 1402 702; x_wconf 83' lang='grc' dir='ltr'>ἡμῖν</span> <span class='ocrx_word' id='word_1_29' title='bbox 1416 622 1444 683; x_wconf 78' lang='grc' dir='ltr'>δὲ</span> <span class='ocrx_word' id='word_1_30' title='bbox 1456 624 1490 682; x_wconf 87' lang='grc' dir='ltr'>δι’</span> <span class='ocrx_word' id='word_1_31' title='bbox 1499 627 1596 682; x_wconf 74' lang='grc' dir='ltr'>ἑαυτοῦ</span> <span class='ocrx_word' id='word_1_32' title='bbox 1606 647 1614 660; x_wconf 90' lang='grc'>·</span> <span class='ocrx_word' id='word_1_33' title='bbox 1623 623 1776 700; x_wconf 78' lang='grc' dir='ltr'>κάκτῖνοιμὶι</span> 
     </span>
     <span class='ocr_line' id='line_1_4' title="bbox 227 713 1781 798; baseline -0.001 -24"><span class='ocrx_word' id='word_1_34' title='bbox 227 736 264 776; x_wconf 79' lang='lat' dir='ltr'>ex</span> <span class='ocrx_word' id='word_1_35' title='bbox 284 714 416 774; x_wconf 89' lang='lat' dir='ltr'><strong>desiderio</strong></span> <span class='ocrx_word' id='word_1_36' title='bbox 429 727 456 773; x_wconf 91' lang='lat' dir='ltr'>et</span> <span class='ocrx_word' id='word_1_37' title='bbox 474 735 566 774; x_wconf 82' lang='lat' dir='ltr'><strong>amore</strong></span> <span class='ocrx_word' id='word_1_38' title='bbox 573 737 582 791; x_wconf 77' lang='lat'>5</span> <span class='ocrx_word' id='word_1_39' title='bbox 597 713 627 774; x_wconf 91' lang='lat' dir='ltr'><strong>id</strong></span> <span class='ocrx_word' id='word_1_40' title='bbox 644 736 709 775; x_wconf 79' lang='lat' dir='ltr'><strong>vero</strong></span> <span class='ocrx_word' id='word_1_41' title='bbox 722 714 866 776; x_wconf 88' lang='lat' dir='ltr'><strong>ostendunt</strong></span> <span class='ocrx_word' id='word_1_42' title='bbox 878 735 912 774; x_wconf 83' lang='lat' dir='ltr'>ex</span> <span class='ocrx_word' id='word_1_43' title='bbox 927 734 969 785; x_wconf 86' lang='lat' dir='ltr'>eo,</span> <span class='ocrx_word' id='word_1_44' title='bbox 1025 716 1098 796; x_wconf 74' lang='grc' dir='ltr'>ράάῳ</span> <span class='ocrx_word' id='word_1_45' title='bbox 1111 715 1240 798; x_wconf 80' lang='grc' dir='ltr'><strong>τιμωρίας</strong></span> <span class='ocrx_word' id='word_1_46' title='bbox 1251 716 1339 776; x_wconf 88' lang='grc' dir='ltr'>πάντα</span> <span class='ocrx_word' id='word_1_47' title='bbox 1351 715 1484 796; x_wconf 75' lang='grc' dir='ltr'>ἔπραττον</span> <span class='ocrx_word' id='word_1_48' title='bbox 1497 713 1638 794; x_wconf 72' lang='grc' dir='ltr'>ἀγάμενοι,</span> <span class='ocrx_word' id='word_1_49' title='bbox 1648 717 1673 774; x_wconf 92' lang='grc' dir='ltr'>οἱ</span> <span class='ocrx_word' id='word_1_50' title='bbox 1684 713 1781 774; x_wconf 81' lang='grc' dir='ltr'>δὶτντο-</span> 
     </span>
     <span class='ocr_line' id='line_1_5' title="bbox 228 801 1783 889; baseline 0.001 -25"><span class='ocrx_word' id='word_1_51' title='bbox 228 805 302 885; x_wconf 91' lang='lat' dir='ltr'><strong>quod</strong></span> <span class='ocrx_word' id='word_1_52' title='bbox 317 804 398 866; x_wconf 81' lang='lat' dir='ltr'><strong>etiam</strong></span> <span class='ocrx_word' id='word_1_53' title='bbox 412 819 544 886; x_wconf 86' lang='lat' dir='ltr'><strong>praeeepta</strong></span> <span class='ocrx_word' id='word_1_54' title='bbox 557 819 691 886; x_wconf 89' lang='lat' dir='ltr'><strong>superent.</strong></span> <span class='ocrx_word' id='word_1_55' title='bbox 711 805 756 866; x_wconf 84' lang='lat' dir='ltr'><strong>Illi</strong></span> <span class='ocrx_word' id='word_1_56' title='bbox 770 820 800 865; x_wconf 90' lang='lat' dir='ltr'><strong>nt</strong></span> <span class='ocrx_word' id='word_1_57' title='bbox 814 801 973 866; x_wconf 79' lang='lat' dir='ltr'><strong>mercenarii</strong></span> <span class='ocrx_word' id='word_1_58' title='bbox 1026 807 1132 884; x_wconf 84' lang='grc' dir='ltr'>ματικοὶ</span> <span class='ocrx_word' id='word_1_59' title='bbox 1142 806 1269 888; x_wconf 73' lang='grc' dir='ltr'>ἐπιθυμίᾳ</span> <span class='ocrx_word' id='word_1_60' title='bbox 1279 807 1325 867; x_wconf 78' lang='grc' dir='ltr'>καί</span> <span class='ocrx_word' id='word_1_61' title='bbox 1334 807 1425 889; x_wconf 83' lang='grc' dir='ltr'>πύθιρ·</span> <span class='ocrx_word' id='word_1_62' title='bbox 1440 807 1575 868; x_wconf 75' lang='grc' dir='ltr'>καὶτοῦτο</span> <span class='ocrx_word' id='word_1_63' title='bbox 1585 808 1693 878; x_wconf 69' lang='grc' dir='ltr'>δηλοῦσι</span> <span class='ocrx_word' id='word_1_64' title='bbox 1704 808 1783 887; x_wconf 59' lang='lat' dir='ltr'>mpod</span> 
     </span>
     <span class='ocr_line' id='line_1_6' title="bbox 229 894 1827 980; baseline 0.008 -25"><span class='ocrx_word' id='word_1_65' title='bbox 229 909 256 955; x_wconf 92' lang='lat' dir='ltr'>et</span> <span class='ocrx_word' id='word_1_66' title='bbox 279 895 379 973; x_wconf 77' lang='lat' dir='ltr'><strong>ingrati</strong></span> <span class='ocrx_word' id='word_1_67' title='bbox 401 915 551 973; x_wconf 75' lang='lat' dir='ltr'><strong>numquam</strong></span> <span class='ocrx_word' id='word_1_68' title='bbox 579 895 663 954; x_wconf 87' lang='lat' dir='ltr'><strong>finem</strong></span> <span class='ocrx_word' id='word_1_69' title='bbox 687 894 822 954; x_wconf 80' lang='lat' dir='ltr'><strong>faciebant</strong></span> <span class='ocrx_word' id='word_1_70' title='bbox 846 914 972 954; x_wconf 89' lang='lat' dir='ltr'><strong>murmu·</strong></span> <span class='ocrx_word' id='word_1_71' title='bbox 1024 899 1237 980; x_wconf 72' lang='grc' dir='ltr'>οπερὸαίοςςυτὰ</span> <span class='ocrx_word' id='word_1_72' title='bbox 1251 901 1551 978; x_wconf 78' lang='grc' dir='ltr'>ἐπιτάγματαἘκιῖνοι</span> <span class='ocrx_word' id='word_1_73' title='bbox 1565 898 1785 976; x_wconf 49' lang='lat' dir='ltr'><strong>itatem&amp;</strong></span> <span class='ocrx_word' id='word_1_74' title='bbox 1825 906 1827 913; x_wconf 80' lang='lat'>&#39;</span> 
     </span>
     <span class='ocr_line' id='line_1_7' title="bbox 229 984 1787 1072; baseline 0.003 -26"><span class='ocrx_word' id='word_1_75' title='bbox 229 986 320 1063; x_wconf 87' lang='lat' dir='ltr'><strong>randi,</strong></span> <span class='ocrx_word' id='word_1_76' title='bbox 333 985 464 1045; x_wconf 84' lang='lat' dir='ltr'><strong>hiantem</strong></span> <span class='ocrx_word' id='word_1_77' title='bbox 474 985 510 1045; x_wconf 78' lang='lat' dir='ltr'>nd</span> <span class='ocrx_word' id='word_1_78' title='bbox 520 986 720 1067; x_wconf 85' lang='lat' dir='ltr'><strong>boneplaeitum</strong></span> <span class='ocrx_word' id='word_1_79' title='bbox 728 987 830 1046; x_wconf 85' lang='lat' dir='ltr'><strong>Patris:</strong></span> <span class='ocrx_word' id='word_1_80' title='bbox 839 985 880 1045; x_wconf 87' lang='lat' dir='ltr'><strong>illi</strong></span> <span class='ocrx_word' id='word_1_81' title='bbox 889 986 971 1046; x_wconf 85' lang='lat' dir='ltr'><strong>bene·</strong></span> <span class='ocrx_word' id='word_1_82' title='bbox 1025 991 1192 1070; x_wconf 80' lang='grc' dir='ltr'>ἀγνώμονες,</span> <span class='ocrx_word' id='word_1_83' title='bbox 1206 992 1331 1054; x_wconf 82' lang='grc' dir='ltr'>οὐδέποτε</span> <span class='ocrx_word' id='word_1_84' title='bbox 1340 986 1402 1072; x_wconf 68' lang='grc' dir='ltr'>γοῦν</span> <span class='ocrx_word' id='word_1_85' title='bbox 1416 991 1550 1052; x_wconf 84' lang='grc' dir='ltr'>διάλειπον</span> <span class='ocrx_word' id='word_1_86' title='bbox 1563 990 1740 1071; x_wconf 74' lang='grc' dir='ltr'>γογγύζοντος·</span> <span class='ocrx_word' id='word_1_87' title='bbox 1749 984 1787 1052; x_wconf 80' lang='grc' dir='ltr'>οἱ·</span> 
     </span>
     <span class='ocr_line' id='line_1_8' title="bbox 229 1078 1788 1164; baseline 0.003 -27"><span class='ocrx_word' id='word_1_88' title='bbox 229 1078 716 1160; x_wconf 81' lang='lat' dir='ltr'><strong>ficiisacceptisblasphemabant,nos</strong></span> <span class='ocrx_word' id='word_1_89' title='bbox 732 1078 760 1138; x_wconf 90' lang='lat' dir='ltr'><strong>in</strong></span> <span class='ocrx_word' id='word_1_90' title='bbox 771 1078 899 1160; x_wconf 82' lang='lat' dir='ltr'><strong>periurlis</strong></span> <span class='ocrx_word' id='word_1_91' title='bbox 912 1099 973 1159; x_wconf 85' lang='lat' dir='ltr'><strong>gra·</strong></span> <span class='ocrx_word' id='word_1_92' title='bbox 1024 1106 1065 1142; x_wconf 90' lang='grc' dir='ltr'>τοι</span> <span class='ocrx_word' id='word_1_93' title='bbox 1078 1081 1107 1142; x_wconf 77' lang='grc' dir='ltr'>δὲ</span> <span class='ocrx_word' id='word_1_94' title='bbox 1122 1085 1158 1150; x_wconf 83' lang='grc' dir='ltr'>εἱς</span> <span class='ocrx_word' id='word_1_95' title='bbox 1172 1082 1312 1163; x_wconf 68' lang='grc' dir='ltr'>ἀμίσκειαν</span> <span class='ocrx_word' id='word_1_96' title='bbox 1327 1087 1373 1144; x_wconf 80' lang='grc' dir='ltr'>τοῦ</span> <span class='ocrx_word' id='word_1_97' title='bbox 1387 1082 1516 1164; x_wconf 84' lang='grc' dir='ltr'>Πατρός·</span> <span class='ocrx_word' id='word_1_98' title='bbox 1530 1081 1617 1144; x_wconf 86' lang='grc' dir='ltr'>καὶοἱ</span> <span class='ocrx_word' id='word_1_99' title='bbox 1633 1080 1682 1161; x_wconf 78' lang='grc' dir='ltr'>μὶν</span> <span class='ocrx_word' id='word_1_100' title='bbox 1696 1085 1788 1162; x_wconf 80' lang='grc' dir='ltr'>εθιργτ·</span> 
     </span>
     <span class='ocr_line' id='line_1_9' title="bbox 229 1158 1827 1256; baseline 0.003 -27"><span class='ocrx_word' id='word_1_101' title='bbox 229 1170 438 1250; x_wconf 80' lang='lat' dir='ltr'><strong>tinsegimus.Si</strong></span> <span class='ocrx_word' id='word_1_102' title='bbox 448 1171 528 1230; x_wconf 87' lang='lat' dir='ltr'><strong>etiam</strong></span> <span class='ocrx_word' id='word_1_103' title='bbox 538 1185 689 1253; x_wconf 68' lang='lat' dir='ltr'>peccatores</span> <span class='ocrx_word' id='word_1_104' title='bbox 697 1169 976 1252; x_wconf 89' lang='lat' dir='ltr'><strong>puniendisint,mul·</strong></span> <span class='ocrx_word' id='word_1_105' title='bbox 1026 1172 1147 1252; x_wconf 81' lang='grc' dir='ltr'>τούμενοι</span> <span class='ocrx_word' id='word_1_106' title='bbox 1160 1174 1346 1255; x_wconf 77' lang='grc' dir='ltr'>ἱύλασροὶμοον</span> <span class='ocrx_word' id='word_1_107' title='bbox 1357 1199 1365 1212; x_wconf 94' lang='grc'>·</span> <span class='ocrx_word' id='word_1_108' title='bbox 1377 1177 1458 1252; x_wconf 81' lang='grc' dir='ltr'>ἡμεῖς</span> <span class='ocrx_word' id='word_1_109' title='bbox 1470 1174 1498 1234; x_wconf 76' lang='grc' dir='ltr'>δὲ</span> <span class='ocrx_word' id='word_1_110' title='bbox 1511 1174 1709 1242; x_wconf 77' lang='grc' dir='ltr'>κινδυνεύοντες</span> <span class='ocrx_word' id='word_1_111' title='bbox 1718 1177 1788 1256; x_wconf 80' lang='grc' dir='ltr'>αἱγα-</span> <span class='ocrx_word' id='word_1_112' title='bbox 1806 1158 1827 1173; x_wconf 55' lang='lat'>⁰</span> 
     </span>
     <span class='ocr_line' id='line_1_10' title="bbox 230 1261 1789 1348; baseline 0.005 -27"><span class='ocrx_word' id='word_1_113' title='bbox 230 1276 290 1321; x_wconf 91' lang='lat' dir='ltr'><strong>tum</strong></span> <span class='ocrx_word' id='word_1_114' title='bbox 298 1263 453 1343; x_wconf 87' lang='lat' dir='ltr'><strong>hicquoque</strong></span> <span class='ocrx_word' id='word_1_115' title='bbox 460 1261 606 1322; x_wconf 79' lang='lat' dir='ltr'>discrimen</span> <span class='ocrx_word' id='word_1_116' title='bbox 613 1265 726 1323; x_wconf 88' lang='lat' dir='ltr'><strong>est.Non</strong></span> <span class='ocrx_word' id='word_1_117' title='bbox 734 1264 806 1323; x_wconf 90' lang='lat' dir='ltr'><strong>enim</strong></span> <span class='ocrx_word' id='word_1_118' title='bbox 814 1276 845 1322; x_wconf 89' lang='lat' dir='ltr'><strong>ut</strong></span> <span class='ocrx_word' id='word_1_119' title='bbox 853 1261 975 1344; x_wconf 82' lang='lat' dir='ltr'><strong>illi,lapi·</strong></span> <span class='ocrx_word' id='word_1_120' title='bbox 1028 1271 1176 1344; x_wconf 76' lang='grc' dir='ltr'>ριστοῦμεν.</span> <span class='ocrx_word' id='word_1_121' title='bbox 1187 1265 1243 1326; x_wconf 78' lang='grc' dir='ltr'>Κᾶν</span> <span class='ocrx_word' id='word_1_122' title='bbox 1254 1265 1454 1339; x_wconf 77' lang='grc' dir='ltr'>κολασθῆναιδὲ</span> <span class='ocrx_word' id='word_1_123' title='bbox 1465 1267 1675 1348; x_wconf 82' lang='grc' dir='ltr'>ἁμαρτάνοντας</span> <span class='ocrx_word' id='word_1_124' title='bbox 1685 1267 1742 1348; x_wconf 79' lang='grc' dir='ltr'>δίη,</span> <span class='ocrx_word' id='word_1_125' title='bbox 1751 1269 1789 1329; x_wconf 74' lang='lat' dir='ltr'><strong>ui</strong></span> 
     </span>
     <span class='ocr_line' id='line_1_11' title="bbox 136 1354 1790 1441; baseline 0.004 -27"><span class='ocrx_word' id='word_1_126' title='bbox 136 1364 143 1375; x_wconf 76' lang='lat'><strong>¹</strong></span> <span class='ocrx_word' id='word_1_127' title='bbox 229 1354 298 1433; x_wconf 81' lang='lat' dir='ltr'><strong>dati,</strong></span> <span class='ocrx_word' id='word_1_128' title='bbox 307 1354 700 1430; x_wconf 85' lang='lat' dir='ltr'><strong>combusti,etasaoerdotibus</strong></span> <span class='ocrx_word' id='word_1_129' title='bbox 709 1355 837 1431; x_wconf 86' lang='lat' dir='ltr'><strong>truncati,</strong></span> <span class='ocrx_word' id='word_1_130' title='bbox 845 1355 882 1416; x_wconf 86' lang='lat' dir='ltr'>ita</span> <span class='ocrx_word' id='word_1_131' title='bbox 893 1368 978 1416; x_wconf 88' lang='lat' dir='ltr'><strong>etnos</strong></span> <span class='ocrx_word' id='word_1_132' title='bbox 1026 1358 1137 1416; x_wconf 78' lang='grc' dir='ltr'>ἐνταῦθα</span> <span class='ocrx_word' id='word_1_133' title='bbox 1151 1358 1237 1431; x_wconf 80' lang='grc' dir='ltr'>πολλὴ</span> <span class='ocrx_word' id='word_1_134' title='bbox 1259 1364 1278 1432; x_wconf 72' lang='grc' dir='ltr'><strong>ἡ</strong></span> <span class='ocrx_word' id='word_1_135' title='bbox 1299 1357 1419 1441; x_wconf 66' lang='grc' dir='ltr'>διαφορά.</span> <span class='ocrx_word' id='word_1_136' title='bbox 1434 1360 1476 1419; x_wconf 74' lang='lat' dir='ltr'>oo</span> <span class='ocrx_word' id='word_1_137' title='bbox 1496 1356 1603 1440; x_wconf 76' lang='grc' dir='ltr'>γὰράνς</span> <span class='ocrx_word' id='word_1_138' title='bbox 1616 1360 1790 1420; x_wconf 63' lang='lat' dir='ltr'><strong>tuemur«-</strong></span> 
     </span>
     <span class='ocr_line' id='line_1_12' title="bbox 231 1444 1827 1530; baseline 0.004 -25"><span class='ocrx_word' id='word_1_139' title='bbox 231 1446 428 1524; x_wconf 82' lang='lat' dir='ltr'><strong>eonvortimur3</strong></span> <span class='ocrx_word' id='word_1_140' title='bbox 445 1445 491 1506; x_wconf 87' lang='lat' dir='ltr'>sed</span> <span class='ocrx_word' id='word_1_141' title='bbox 507 1445 609 1505; x_wconf 87' lang='lat' dir='ltr'><strong>suffieit</strong></span> <span class='ocrx_word' id='word_1_142' title='bbox 631 1467 648 1505; x_wconf 86' lang='lat' dir='ltr'><strong>a</strong></span> <span class='ocrx_word' id='word_1_143' title='bbox 667 1459 776 1528; x_wconf 88' lang='lat' dir='ltr'><strong>patema</strong></span> <span class='ocrx_word' id='word_1_144' title='bbox 797 1445 857 1527; x_wconf 81' lang='lat' dir='ltr'>ejici</span> <span class='ocrx_word' id='word_1_145' title='bbox 872 1465 973 1522; x_wconf 81' lang='lat' dir='ltr'><strong>mensa,</strong></span> <span class='ocrx_word' id='word_1_146' title='bbox 1027 1448 1181 1526; x_wconf 85' lang='grc' dir='ltr'>λευόμενοι,</span> <span class='ocrx_word' id='word_1_147' title='bbox 1207 1449 1254 1509; x_wconf 83' lang='grc' dir='ltr'>καὶ</span> <span class='ocrx_word' id='word_1_148' title='bbox 1282 1449 1433 1528; x_wconf 77' lang='grc' dir='ltr'>κτάμενον,</span> <span class='ocrx_word' id='word_1_149' title='bbox 1463 1448 1512 1509; x_wconf 90' lang='grc' dir='ltr'>καὶ</span> <span class='ocrx_word' id='word_1_150' title='bbox 1536 1444 1791 1530; x_wconf 73' lang='grc' dir='ltr'>’ἀκρωτηριαζάμιπι</span> <span class='ocrx_word' id='word_1_151' title='bbox 1824 1500 1827 1511; x_wconf 93' lang='grc'>.</span> 
     </span>
     <span class='ocr_line' id='line_1_13' title="bbox 230 1533 1791 1623; baseline 0.004 -29"><span class='ocrx_word' id='word_1_152' title='bbox 230 1550 256 1595; x_wconf 90' lang='lat' dir='ltr'>et</span> <span class='ocrx_word' id='word_1_153' title='bbox 266 1536 411 1597; x_wconf 87' lang='lat' dir='ltr'><strong>adeertnm</strong></span> <span class='ocrx_word' id='word_1_154' title='bbox 422 1535 529 1596; x_wconf 88' lang='lat' dir='ltr'><strong>dierum</strong></span> <span class='ocrx_word' id='word_1_155' title='bbox 539 1557 682 1598; x_wconf 87' lang='lat' dir='ltr'><strong>numerum</strong></span> <span class='ocrx_word' id='word_1_156' title='bbox 692 1538 813 1597; x_wconf 86' lang='lat' dir='ltr'><strong>absentes</strong></span> <span class='ocrx_word' id='word_1_157' title='bbox 825 1533 977 1616; x_wconf 75' lang='lat' dir='ltr'><strong>essedpud</strong></span> <span class='ocrx_word' id='word_1_158' title='bbox 1004 1540 1101 1621; x_wconf 67' lang='grc' dir='ltr'>παρὰ</span> <span class='ocrx_word' id='word_1_159' title='bbox 1128 1543 1180 1600; x_wconf 84' lang='grc' dir='ltr'>τῶν</span> <span class='ocrx_word' id='word_1_160' title='bbox 1202 1539 1304 1622; x_wconf 75' lang='grc' dir='ltr'>ἱεράων,</span> <span class='ocrx_word' id='word_1_161' title='bbox 1317 1540 1387 1602; x_wconf 84' lang='grc' dir='ltr'>οθτω</span> <span class='ocrx_word' id='word_1_162' title='bbox 1408 1540 1456 1601; x_wconf 87' lang='grc' dir='ltr'>καὶ</span> <span class='ocrx_word' id='word_1_163' title='bbox 1470 1546 1551 1621; x_wconf 77' lang='grc' dir='ltr'>ἡμεῖς</span> <span class='ocrx_word' id='word_1_164' title='bbox 1574 1542 1791 1623; x_wconf 77' lang='grc' dir='ltr'>δπιατρεράμιὶι,</span> 
     </span>
     <span class='ocr_line' id='line_1_14' title="bbox 230 1622 1827 1714; baseline 0.004 -24"><span class='ocrx_word' id='word_1_165' title='bbox 230 1632 246 1690; x_wconf 87' lang='lat' dir='ltr'>J</span> <span class='ocrx_word' id='word_1_166' title='bbox 251 1630 342 1690; x_wconf 81' lang='lat' dir='ltr'><strong>udaeos</strong></span> <span class='ocrx_word' id='word_1_167' title='bbox 355 1630 431 1690; x_wconf 87' lang='lat' dir='ltr'><strong>verbi</strong></span> <span class='ocrx_word' id='word_1_168' title='bbox 445 1643 550 1689; x_wconf 89' lang='lat' dir='ltr'><strong>tantum</strong></span> <span class='ocrx_word' id='word_1_169' title='bbox 564 1630 649 1689; x_wconf 83' lang='lat' dir='ltr'><strong>honos</strong></span> <span class='ocrx_word' id='word_1_170' title='bbox 662 1643 719 1690; x_wconf 85' lang='lat' dir='ltr'><strong>erat</strong></span> <span class='ocrx_word' id='word_1_171' title='bbox 732 1629 855 1710; x_wconf 73' lang='lat' dir='ltr'><strong>adeptio,</strong></span> <span class='ocrx_word' id='word_1_172' title='bbox 869 1629 914 1688; x_wconf 88' lang='lat' dir='ltr'>hie</span> <span class='ocrx_word' id='word_1_173' title='bbox 928 1650 977 1686; x_wconf 88' lang='lat' dir='ltr'>au·</span> <span class='ocrx_word' id='word_1_174' title='bbox 1028 1631 1098 1692; x_wconf 80' lang='grc' dir='ltr'>ἀλλδι</span> <span class='ocrx_word' id='word_1_175' title='bbox 1112 1636 1189 1712; x_wconf 79' lang='grc' dir='ltr'>ἀρκεῖ</span> <span class='ocrx_word' id='word_1_176' title='bbox 1201 1631 1335 1713; x_wconf 86' lang='grc' dir='ltr'>τραπίζης</span> <span class='ocrx_word' id='word_1_177' title='bbox 1348 1632 1512 1706; x_wconf 76' lang='grc' dir='ltr'>ἱκὸληθῆναι</span> <span class='ocrx_word' id='word_1_178' title='bbox 1524 1637 1682 1714; x_wconf 73' lang='grc' dir='ltr'>πατρικῆς,</span> <span class='ocrx_word' id='word_1_179' title='bbox 1695 1635 1738 1694; x_wconf 80' lang='grc' dir='ltr'>ααὶ</span> <span class='ocrx_word' id='word_1_180' title='bbox 1748 1635 1792 1697; x_wconf 67' lang='lat' dir='ltr'>dni</span> <span class='ocrx_word' id='word_1_181' title='bbox 1821 1622 1827 1671; x_wconf 68' lang='grc' dir='ltr'>ἱ</span> 
     </span>
     <span class='ocr_line' id='line_1_15' title="bbox 229 1720 1791 1805; baseline 0.005 -25"><span class='ocrx_word' id='word_1_182' title='bbox 229 1735 285 1780; x_wconf 88' lang='lat' dir='ltr'>tem</span> <span class='ocrx_word' id='word_1_183' title='bbox 296 1742 339 1780; x_wconf 85' lang='lat' dir='ltr'>res</span> <span class='ocrx_word' id='word_1_184' title='bbox 353 1720 412 1801; x_wconf 87' lang='lat' dir='ltr'><strong>ipsa</strong></span> <span class='ocrx_word' id='word_1_185' title='bbox 427 1721 564 1799; x_wconf 88' lang='lat' dir='ltr'><strong>sequitur,</strong></span> <span class='ocrx_word' id='word_1_186' title='bbox 585 1721 711 1802; x_wconf 77' lang='lat' dir='ltr'><strong>purgatio</strong></span> <span class='ocrx_word' id='word_1_187' title='bbox 727 1742 776 1804; x_wconf 95' lang='grc' dir='ltr'>ρετ</span> <span class='ocrx_word' id='word_1_188' title='bbox 795 1720 977 1804; x_wconf 75' lang='lat' dir='ltr'><strong>baptismum,</strong></span> <span class='ocrx_word' id='word_1_189' title='bbox 993 1728 1013 1775; x_wconf 81' lang='grc' dir='ltr'>ἱ)</span> <span class='ocrx_word' id='word_1_190' title='bbox 1028 1725 1111 1804; x_wconf 65' lang='lat' dir='ltr'><strong>optet&lt;</strong></span> <span class='ocrx_word' id='word_1_191' title='bbox 1127 1723 1207 1804; x_wconf 77' lang='grc' dir='ltr'>ῥητὰς</span> <span class='ocrx_word' id='word_1_192' title='bbox 1218 1723 1338 1805; x_wconf 75' lang='grc' dir='ltr'>γενέσθαι</span> <span class='ocrx_word' id='word_1_193' title='bbox 1350 1724 1462 1804; x_wconf 78' lang='grc' dir='ltr'>ἡμέρας.</span> <span class='ocrx_word' id='word_1_194' title='bbox 1475 1724 1533 1785; x_wconf 85' lang='grc' dir='ltr'>Καὶ</span> <span class='ocrx_word' id='word_1_195' title='bbox 1545 1724 1591 1785; x_wconf 64' lang='lat' dir='ltr'><strong>tat</strong></span> <span class='ocrx_word' id='word_1_196' title='bbox 1609 1725 1722 1803; x_wconf 75' lang='grc' dir='ltr'>μὲντῶν</span> <span class='ocrx_word' id='word_1_197' title='bbox 1734 1728 1791 1789; x_wconf 74' lang='grc' dir='ltr'>’ἱατ-</span> 
     </span>
     <span class='ocr_line' id='line_1_16' title="bbox 230 1805 1791 1896; baseline 0.004 -24"><span class='ocrx_word' id='word_1_198' title='bbox 230 1812 350 1892; x_wconf 89' lang='lat' dir='ltr'><strong>Spiritus</strong></span> <span class='ocrx_word' id='word_1_199' title='bbox 371 1810 486 1889; x_wconf 89' lang='lat' dir='ltr'><strong>donum,</strong></span> <span class='ocrx_word' id='word_1_200' title='bbox 499 1810 619 1872; x_wconf 86' lang='lat' dir='ltr'><strong>aliorum</strong></span> <span class='ocrx_word' id='word_1_201' title='bbox 637 1812 771 1872; x_wconf 84' lang='lat' dir='ltr'><strong>bonorum</strong></span> <span class='ocrx_word' id='word_1_202' title='bbox 793 1810 912 1891; x_wconf 89' lang='lat' dir='ltr'><strong>largitio.</strong></span> <span class='ocrx_word' id='word_1_203' title='bbox 927 1811 978 1871; x_wconf 84' lang='lat' dir='ltr'><strong>His</strong></span> <span class='ocrx_word' id='word_1_204' title='bbox 1029 1814 1109 1873; x_wconf 85' lang='grc' dir='ltr'>δαίων</span> <span class='ocrx_word' id='word_1_205' title='bbox 1124 1813 1240 1896; x_wconf 73' lang='grc' dir='ltr'>ῥήματος</span> <span class='ocrx_word' id='word_1_206' title='bbox 1250 1805 1283 1887; x_wconf 72' lang='grc' dir='ltr'>ἦν</span> <span class='ocrx_word' id='word_1_207' title='bbox 1295 1813 1362 1893; x_wconf 77' lang='grc' dir='ltr'>τιμὴ</span> <span class='ocrx_word' id='word_1_208' title='bbox 1376 1819 1393 1886; x_wconf 77' lang='grc' dir='ltr'>οἱ,</span> <span class='ocrx_word' id='word_1_209' title='bbox 1407 1815 1526 1876; x_wconf 73' lang='grc' dir='ltr'>υἱοθεσία</span> <span class='ocrx_word' id='word_1_210' title='bbox 1541 1815 1640 1893; x_wconf 78' lang='grc' dir='ltr'>μάνου·</span> <span class='ocrx_word' id='word_1_211' title='bbox 1656 1816 1791 1879; x_wconf 62' lang='lat' dir='ltr'><strong>tuomet</strong></span> 
     </span>
     <span class='ocr_line' id='line_1_17' title="bbox 229 1902 1791 1988; baseline 0.004 -27"><span class='ocrx_word' id='word_1_212' title='bbox 229 1903 309 1984; x_wconf 89' lang='lat' dir='ltr'><strong>plura</strong></span> <span class='ocrx_word' id='word_1_213' title='bbox 323 1902 377 1962; x_wconf 89' lang='lat' dir='ltr'><strong>dici</strong></span> <span class='ocrx_word' id='word_1_214' title='bbox 391 1916 506 1984; x_wconf 75' lang='lat' dir='ltr'>possent,</span> <span class='ocrx_word' id='word_1_215' title='bbox 519 1924 580 1981; x_wconf 80' lang='lat' dir='ltr'>quae</span> <span class='ocrx_word' id='word_1_216' title='bbox 593 1917 714 1964; x_wconf 87' lang='lat' dir='ltr'><strong>nostram</strong></span> <span class='ocrx_word' id='word_1_217' title='bbox 724 1902 866 1964; x_wconf 82' lang='lat' dir='ltr'><strong>ostendant</strong></span> <span class='ocrx_word' id='word_1_218' title='bbox 877 1903 977 1964; x_wconf 82' lang='lat' dir='ltr'><strong>nobiti-</strong></span> <span class='ocrx_word' id='word_1_219' title='bbox 1028 1905 1074 1964; x_wconf 87' lang='grc' dir='ltr'>καὶ</span> <span class='ocrx_word' id='word_1_220' title='bbox 1092 1915 1204 1986; x_wconf 78' lang='grc' dir='ltr'>πρᾶγμα</span> <span class='ocrx_word' id='word_1_221' title='bbox 1216 1907 1404 1980; x_wconf 71' lang='grc' dir='ltr'>ἠκολούθησεν,</span> <span class='ocrx_word' id='word_1_222' title='bbox 1415 1912 1430 1967; x_wconf 80' lang='grc' dir='ltr'>ὁ</span> <span class='ocrx_word' id='word_1_223' title='bbox 1442 1907 1485 1968; x_wconf 81' lang='grc' dir='ltr'>διδ</span> <span class='ocrx_word' id='word_1_224' title='bbox 1501 1907 1693 1988; x_wconf 73' lang='grc' dir='ltr'>βαπτίσματος</span> <span class='ocrx_word' id='word_1_225' title='bbox 1704 1914 1791 1988; x_wconf 56' lang='lat' dir='ltr'><strong>uter</strong></span> 
     </span>
     <span class='ocr_line' id='line_1_18' title="bbox 228 1995 1790 2080; baseline 0.003 -25"><span class='ocrx_word' id='word_1_226' title='bbox 228 2010 322 2071; x_wconf 89' lang='lat' dir='ltr'><strong>tatem,</strong></span> <span class='ocrx_word' id='word_1_227' title='bbox 334 1995 508 2076; x_wconf 84' lang='lat' dir='ltr'><strong>ipsorumque</strong></span> <span class='ocrx_word' id='word_1_228' title='bbox 518 1995 661 2057; x_wconf 84' lang='lat' dir='ltr'><strong>vilitatem.</strong></span> <span class='ocrx_word' id='word_1_229' title='bbox 671 1996 739 2068; x_wconf 83' lang='lat' dir='ltr'>Quae</span> <span class='ocrx_word' id='word_1_230' title='bbox 752 1996 915 2057; x_wconf 74' lang='lat' dir='ltr'><strong>omniorum</strong></span> <span class='ocrx_word' id='word_1_231' title='bbox 928 2017 977 2078; x_wconf 86' lang='lat' dir='ltr'>per</span> <span class='ocrx_word' id='word_1_232' title='bbox 1029 1997 1093 2077; x_wconf 88' lang='grc' dir='ltr'>μὸς,</span> <span class='ocrx_word' id='word_1_233' title='bbox 1107 2005 1126 2072; x_wconf 76' lang='grc' dir='ltr'>ἡ</span> <span class='ocrx_word' id='word_1_234' title='bbox 1139 2005 1185 2059; x_wconf 84' lang='grc' dir='ltr'>τοῦ</span> <span class='ocrx_word' id='word_1_235' title='bbox 1205 1999 1362 2078; x_wconf 87' lang='grc' dir='ltr'>Πνεύματος</span> <span class='ocrx_word' id='word_1_236' title='bbox 1381 1999 1505 2074; x_wconf 77' lang='grc' dir='ltr'>δύσις,ἡ</span> <span class='ocrx_word' id='word_1_237' title='bbox 1527 2005 1583 2061; x_wconf 80' lang='grc' dir='ltr'>τῶν</span> <span class='ocrx_word' id='word_1_238' title='bbox 1598 2002 1690 2062; x_wconf 74' lang='grc' dir='ltr'>ἄλλων</span> <span class='ocrx_word' id='word_1_239' title='bbox 1702 2003 1790 2080; x_wconf 75' lang='grc' dir='ltr'>άγαὶτῖν</span> 
     </span>
     <span class='ocr_line' id='line_1_19' title="bbox 228 2080 1790 2172; baseline 0.004 -23"><span class='ocrx_word' id='word_1_240' title='bbox 228 2087 371 2169; x_wconf 89' lang='lat' dir='ltr'><strong>Spiritum,</strong></span> <span class='ocrx_word' id='word_1_241' title='bbox 385 2108 434 2168; x_wconf 90' lang='lat' dir='ltr'>per</span> <span class='ocrx_word' id='word_1_242' title='bbox 456 2088 592 2162; x_wconf 88' lang='lat' dir='ltr'><strong>timorem,</strong></span> <span class='ocrx_word' id='word_1_243' title='bbox 606 2109 654 2168; x_wconf 89' lang='lat' dir='ltr'>per</span> <span class='ocrx_word' id='word_1_244' title='bbox 664 2088 837 2170; x_wconf 87' lang='lat' dir='ltr'><strong>adoptionem</strong></span> <span class='ocrx_word' id='word_1_245' title='bbox 847 2088 975 2150; x_wconf 87' lang='lat' dir='ltr'><strong>subindi·</strong></span> <span class='ocrx_word' id='word_1_246' title='bbox 1022 2080 1154 2171; x_wconf 72' lang='grc' dir='ltr'>’χορηγία</span> <span class='ocrx_word' id='word_1_247' title='bbox 1167 2089 1223 2150; x_wconf 84' lang='grc' dir='ltr'>Καὶ</span> <span class='ocrx_word' id='word_1_248' title='bbox 1246 2090 1347 2151; x_wconf 90' lang='grc' dir='ltr'>τούτων</span> <span class='ocrx_word' id='word_1_249' title='bbox 1361 2091 1389 2152; x_wconf 78' lang='grc' dir='ltr'>δὲ</span> <span class='ocrx_word' id='word_1_250' title='bbox 1409 2091 1488 2172; x_wconf 67' lang='lat' dir='ltr'><strong>&amp;apa</strong></span> <span class='ocrx_word' id='word_1_251' title='bbox 1502 2091 1618 2154; x_wconf 85' lang='grc' dir='ltr'>πλείονά</span> <span class='ocrx_word' id='word_1_252' title='bbox 1641 2095 1711 2153; x_wconf 72' lang='grc' dir='ltr'>ἐστιν</span> <span class='ocrx_word' id='word_1_253' title='bbox 1722 2096 1790 2157; x_wconf 68' lang='lat' dir='ltr'><strong>datie</strong></span> 
     </span>
     <span class='ocr_line' id='line_1_20' title="bbox 228 2179 1790 2264; baseline 0.004 -24"><span class='ocrx_word' id='word_1_254' title='bbox 228 2193 323 2256; x_wconf 84' lang='lat' dir='ltr'><strong>casset,</strong></span> <span class='ocrx_word' id='word_1_255' title='bbox 340 2179 418 2239; x_wconf 85' lang='lat' dir='ltr'><strong>aliud</strong></span> <span class='ocrx_word' id='word_1_256' title='bbox 438 2179 517 2239; x_wconf 81' lang='lat' dir='ltr'><strong>effert</strong></span> <span class='ocrx_word' id='word_1_257' title='bbox 539 2195 740 2260; x_wconf 78' lang='lat' dir='ltr'><strong>argumentum,</strong></span> <span class='ocrx_word' id='word_1_258' title='bbox 754 2181 829 2262; x_wconf 92' lang='lat' dir='ltr'><strong>quod</strong></span> <span class='ocrx_word' id='word_1_259' title='bbox 848 2181 977 2263; x_wconf 87' lang='lat' dir='ltr'><strong>spiritum</strong></span> <span class='ocrx_word' id='word_1_260' title='bbox 1027 2182 1076 2254; x_wconf 75' lang='grc' dir='ltr'>τὴν</span> <span class='ocrx_word' id='word_1_261' title='bbox 1097 2187 1160 2262; x_wconf 87' lang='grc' dir='ltr'>παρ’</span> <span class='ocrx_word' id='word_1_262' title='bbox 1176 2185 1241 2264; x_wconf 79' lang='grc' dir='ltr'>ἡμῖν</span> <span class='ocrx_word' id='word_1_263' title='bbox 1255 2183 1441 2262; x_wconf 70' lang='grc' dir='ltr'>ἐνδεικνύμενα</span> <span class='ocrx_word' id='word_1_264' title='bbox 1453 2183 1604 2264; x_wconf 67' lang='grc' dir='ltr'>εὐγένειαν,</span> <span class='ocrx_word' id='word_1_265' title='bbox 1616 2184 1664 2244; x_wconf 77' lang='grc' dir='ltr'>καί</span> <span class='ocrx_word' id='word_1_266' title='bbox 1677 2184 1723 2257; x_wconf 75' lang='grc' dir='ltr'>τὴν</span> <span class='ocrx_word' id='word_1_267' title='bbox 1733 2183 1790 2246; x_wconf 72' lang='grc' dir='ltr'>θιά-</span> 
     </span>
     <span class='ocr_line' id='line_1_21' title="bbox 227 2271 1788 2356; baseline 0.002 -22"><span class='ocrx_word' id='word_1_268' title='bbox 227 2272 380 2355; x_wconf 85' lang='lat' dir='ltr'><strong>adoptionis</strong></span> <span class='ocrx_word' id='word_1_269' title='bbox 402 2271 560 2334; x_wconf 83' lang='lat' dir='ltr'><strong>habeamus.</strong></span> <span class='ocrx_word' id='word_1_270' title='bbox 581 2273 725 2346; x_wconf 80' lang='lat' dir='ltr'><strong>Quodnam</strong></span> <span class='ocrx_word' id='word_1_271' title='bbox 738 2295 739 2298; x_wconf 45' lang='lat'>¹</span> <span class='ocrx_word' id='word_1_272' title='bbox 752 2273 844 2334; x_wconf 77' lang='lat' dir='ltr'><strong>illud?</strong></span> <span class='ocrx_word' id='word_1_273' title='bbox 857 2279 895 2336; x_wconf 84' lang='lat' dir='ltr'>In</span> <span class='ocrx_word' id='word_1_274' title='bbox 917 2296 976 2355; x_wconf 81' lang='lat' dir='ltr'>quo</span> <span class='ocrx_word' id='word_1_275' title='bbox 1027 2298 1079 2333; x_wconf 89' lang='grc' dir='ltr'>νων</span> <span class='ocrx_word' id='word_1_276' title='bbox 1098 2275 1328 2356; x_wconf 63' lang='lat' dir='ltr'><strong>stetisses-deep</strong></span> <span class='ocrx_word' id='word_1_277' title='bbox 1342 2274 1507 2336; x_wconf 75' lang='grc' dir='ltr'>άπανταδιδ</span> <span class='ocrx_word' id='word_1_278' title='bbox 1520 2282 1568 2336; x_wconf 69' lang='grc' dir='ltr'>τοῦ</span> <span class='ocrx_word' id='word_1_279' title='bbox 1592 2275 1788 2355; x_wconf 66' lang='grc' dir='ltr'>Πντύματοςτά</span> 
     </span>
     <span class='ocr_line' id='line_1_22' title="bbox 229 2363 1809 2450; baseline 0.003 -26"><span class='ocrx_word' id='word_1_280' title='bbox 229 2366 409 2442; x_wconf 82' lang='lat' dir='ltr'><strong>clamamus,</strong></span> <span class='ocrx_word' id='word_1_281' title='bbox 423 2363 513 2428; x_wconf 80' lang='grc' dir='ltr'>Λθθα</span> <span class='ocrx_word' id='word_1_282' title='bbox 527 2366 626 2428; x_wconf 78' lang='lat' dir='ltr'><strong>Peter.</strong></span> <span class='ocrx_word' id='word_1_283' title='bbox 1027 2373 1073 2426; x_wconf 79' lang='grc' dir='ltr'>τοῦ</span> <span class='ocrx_word' id='word_1_284' title='bbox 1084 2366 1165 2447; x_wconf 80' lang='grc' dir='ltr'>ρύύου</span> <span class='ocrx_word' id='word_1_285' title='bbox 1180 2368 1227 2428; x_wconf 87' lang='grc' dir='ltr'>καὶ</span> <span class='ocrx_word' id='word_1_286' title='bbox 1240 2373 1288 2441; x_wconf 81' lang='grc' dir='ltr'>τῆς</span> <span class='ocrx_word' id='word_1_287' title='bbox 1300 2367 1432 2436; x_wconf 75' lang='grc' dir='ltr'>υἱοθεσίας</span> <span class='ocrx_word' id='word_1_288' title='bbox 1444 2368 1637 2448; x_wconf 77' lang='grc' dir='ltr'>αἰνιξάμενος,</span> <span class='ocrx_word' id='word_1_289' title='bbox 1651 2369 1697 2429; x_wconf 82' lang='grc' dir='ltr'>καὶ</span> <span class='ocrx_word' id='word_1_290' title='bbox 1713 2368 1789 2450; x_wconf 72' lang='grc' dir='ltr'>ἱιὶρο</span> <span class='ocrx_word' id='word_1_291' title='bbox 1805 2388 1809 2393; x_wconf 91' lang='grc'>·</span> 
     </span>
     <span class='ocr_line' id='line_1_23' title="bbox 877 2459 1788 2542; baseline 0.007 -25"><span class='ocrx_word' id='word_1_292' title='bbox 877 2526 879 2530; x_wconf 15' lang='lat' dir='ltr'>y</span> <span class='ocrx_word' id='word_1_293' title='bbox 1027 2469 1144 2521; x_wconf 75' lang='grc' dir='ltr'>ποιεῖται</span> <span class='ocrx_word' id='word_1_294' title='bbox 1154 2459 1287 2529; x_wconf 76' lang='grc' dir='ltr'>ἀπόδειξιν</span> <span class='ocrx_word' id='word_1_295' title='bbox 1299 2465 1344 2520; x_wconf 78' lang='grc' dir='ltr'>τοῦ</span> <span class='ocrx_word' id='word_1_296' title='bbox 1355 2464 1461 2539; x_wconf 76' lang='grc' dir='ltr'>πνεῦμα</span> <span class='ocrx_word' id='word_1_297' title='bbox 1474 2460 1613 2529; x_wconf 83' lang='grc' dir='ltr'>υἱοθεσίας</span> <span class='ocrx_word' id='word_1_298' title='bbox 1633 2460 1712 2542; x_wconf 62' lang='grc' dir='ltr'>ἔχειν.</span> <span class='ocrx_word' id='word_1_299' title='bbox 1721 2463 1788 2522; x_wconf 58' lang='lat' dir='ltr'>ll&amp;</span> 
     </span>
     <span class='ocr_line' id='line_1_24' title="bbox 991 2541 1669 2635; baseline 0.006 -23"><span class='ocrx_word' id='word_1_300' title='bbox 991 2572 1012 2623; x_wconf 68' lang='lat' dir='ltr'><strong>n</strong></span> <span class='ocrx_word' id='word_1_301' title='bbox 1029 2552 1061 2626; x_wconf 72' lang='grc' dir='ltr'>δὴ</span> <span class='ocrx_word' id='word_1_302' title='bbox 1072 2557 1168 2624; x_wconf 74' lang='grc' dir='ltr'>τοῦτο,</span> <span class='ocrx_word' id='word_1_303' title='bbox 1183 2550 1231 2611; x_wconf 83' lang='grc' dir='ltr'>Ἐν</span> <span class='ocrx_word' id='word_1_304' title='bbox 1244 2541 1267 2632; x_wconf 71' lang='grc' dir='ltr'>ᾧ</span> <span class='ocrx_word' id='word_1_305' title='bbox 1280 2550 1421 2632; x_wconf 80' lang='grc' dir='ltr'>κράζομεν,</span> <span class='ocrx_word' id='word_1_306' title='bbox 1436 2549 1509 2610; x_wconf 77' lang='grc' dir='ltr'>άύύᾶ</span> <span class='ocrx_word' id='word_1_307' title='bbox 1524 2556 1540 2611; x_wconf 83' lang='grc' dir='ltr'>δ</span> <span class='ocrx_word' id='word_1_308' title='bbox 1553 2553 1669 2635; x_wconf 66' lang='grc' dir='ltr'>Πατήρ.</span> 
     </span>
     <span class='ocr_line' id='line_1_25' title="bbox 79 2641 1801 2733; baseline -0.004 -20"><span class='ocrx_word' id='word_1_309' title='bbox 79 2690 220 2733; x_wconf 55' lang='lat' dir='ltr'>,mum</span> <span class='ocrx_word' id='word_1_310' title='bbox 269 2654 298 2713; x_wconf 82' lang='grc'>5.</span> <span class='ocrx_word' id='word_1_311' title='bbox 309 2651 369 2713; x_wconf 86' lang='grc' dir='ltr'>Ηοε</span> <span class='ocrx_word' id='word_1_312' title='bbox 383 2666 475 2713; x_wconf 86' lang='lat' dir='ltr'><strong>autern</strong></span> <span class='ocrx_word' id='word_1_313' title='bbox 489 2663 621 2732; x_wconf 89' lang='lat' dir='ltr'><strong>quantum</strong></span> <span class='ocrx_word' id='word_1_314' title='bbox 631 2653 666 2713; x_wconf 89' lang='lat' dir='ltr'>sit</span> <span class='ocrx_word' id='word_1_315' title='bbox 674 2653 763 2713; x_wconf 83' lang='lat' dir='ltr'><strong>sciunt</strong></span> <span class='ocrx_word' id='word_1_316' title='bbox 777 2650 888 2730; x_wconf 87' lang='lat' dir='ltr'><strong>initiati,</strong></span> <span class='ocrx_word' id='word_1_317' title='bbox 902 2645 978 2730; x_wconf 92' lang='lat' dir='ltr'><strong>quod</strong></span> <span class='ocrx_word' id='word_1_318' title='bbox 1069 2646 1156 2705; x_wconf 83' lang='grc' dir='ltr'>Τοῦτο</span> <span class='ocrx_word' id='word_1_319' title='bbox 1172 2643 1201 2704; x_wconf 80' lang='grc' dir='ltr'>δὶ</span> <span class='ocrx_word' id='word_1_320' title='bbox 1217 2642 1309 2718; x_wconf 75' lang='grc' dir='ltr'>ἡλίκον</span> <span class='ocrx_word' id='word_1_321' title='bbox 1323 2642 1403 2718; x_wconf 57' lang='lat' dir='ltr'><strong>terti,</strong></span> <span class='ocrx_word' id='word_1_322' title='bbox 1417 2641 1507 2705; x_wconf 79' lang='grc' dir='ltr'>ἴσασιν</span> <span class='ocrx_word' id='word_1_323' title='bbox 1528 2648 1554 2706; x_wconf 90' lang='grc' dir='ltr'>οἱ</span> <span class='ocrx_word' id='word_1_324' title='bbox 1576 2645 1698 2724; x_wconf 87' lang='grc' dir='ltr'>μύσται,</span> <span class='ocrx_word' id='word_1_325' title='bbox 1715 2650 1801 2715; x_wconf 72' lang='grc' dir='ltr'>τελεῖς-</span> 
     </span>
     <span class='ocr_line' id='line_1_26' title="bbox 78 2739 1785 2826; baseline -0.001 -24"><span class='ocrx_word' id='word_1_326' title='bbox 78 2751 219 2825; x_wconf 64' lang='grc' dir='ltr'>οουώιυος-</span> <span class='ocrx_word' id='word_1_327' title='bbox 229 2744 257 2803; x_wconf 91' lang='lat' dir='ltr'><strong>in</strong></span> <span class='ocrx_word' id='word_1_328' title='bbox 265 2745 381 2826; x_wconf 83' lang='lat' dir='ltr'><strong>mystica</strong></span> <span class='ocrx_word' id='word_1_329' title='bbox 391 2744 544 2826; x_wconf 80' lang='lat' dir='ltr'><strong>precatione</strong></span> <span class='ocrx_word' id='word_1_330' title='bbox 553 2745 612 2804; x_wconf 80' lang='lat' dir='ltr'>baee</span> <span class='ocrx_word' id='word_1_331' title='bbox 620 2743 710 2826; x_wconf 88' lang='lat' dir='ltr'><strong>primo</strong></span> <span class='ocrx_word' id='word_1_332' title='bbox 721 2743 978 2825; x_wconf 84' lang='lat' dir='ltr'><strong>dieerejubeantur.</strong></span> <span class='ocrx_word' id='word_1_333' title='bbox 1028 2741 1072 2804; x_wconf 85' lang='grc' dir='ltr'>ίσὶ</span> <span class='ocrx_word' id='word_1_334' title='bbox 1084 2740 1219 2821; x_wconf 78' lang='grc' dir='ltr'>τῆςεύχῆς</span> <span class='ocrx_word' id='word_1_335' title='bbox 1230 2743 1279 2812; x_wconf 70' lang='grc' dir='ltr'>τῆς</span> <span class='ocrx_word' id='word_1_336' title='bbox 1291 2742 1420 2817; x_wconf 78' lang='grc' dir='ltr'>μυστικῆς</span> <span class='ocrx_word' id='word_1_337' title='bbox 1429 2743 1508 2799; x_wconf 76' lang='grc' dir='ltr'>τοῦτο</span> <span class='ocrx_word' id='word_1_338' title='bbox 1520 2742 1632 2819; x_wconf 67' lang='grc' dir='ltr'>πρῶτον</span> <span class='ocrx_word' id='word_1_339' title='bbox 1641 2739 1785 2818; x_wconf 63' lang='lat' dir='ltr'><strong>mistim</strong></span> 
     </span>
     <span class='ocr_line' id='line_1_27' title="bbox 75 2823 1783 2920; baseline -0.001 -25"><span class='ocrx_word' id='word_1_340' title='bbox 75 2827 155 2920; x_wconf 56' lang='lat' dir='ltr'><strong>qqrpm</strong></span> <span class='ocrx_word' id='word_1_341' title='bbox 174 2829 219 2858; x_wconf 79' lang='lat'><strong>&#39;¹²¹&#39;</strong></span> <span class='ocrx_word' id='word_1_342' title='bbox 230 2837 306 2912; x_wconf 88' lang='lat' dir='ltr'><strong>Quid</strong></span> <span class='ocrx_word' id='word_1_343' title='bbox 316 2858 392 2917; x_wconf 86' lang='lat' dir='ltr'><strong>ergo,</strong></span> <span class='ocrx_word' id='word_1_344' title='bbox 408 2837 523 2917; x_wconf 80' lang='lat' dir='ltr'><strong>inquies,</strong></span> <span class='ocrx_word' id='word_1_345' title='bbox 534 2857 622 2897; x_wconf 88' lang='lat' dir='ltr'><strong>annon</strong></span> <span class='ocrx_word' id='word_1_346' title='bbox 640 2850 666 2896; x_wconf 85' lang='lat' dir='ltr'>et</span> <span class='ocrx_word' id='word_1_347' title='bbox 683 2835 724 2896; x_wconf 86' lang='lat' dir='ltr'><strong>illi</strong></span> <span class='ocrx_word' id='word_1_348' title='bbox 738 2839 828 2897; x_wconf 89' lang='lat' dir='ltr'><strong>Deum</strong></span> <span class='ocrx_word' id='word_1_349' title='bbox 843 2835 978 2898; x_wconf 78' lang='lat' dir='ltr'><strong>vocabant</strong></span> <span class='ocrx_word' id='word_1_350' title='bbox 1027 2833 1059 2900; x_wconf 75' lang='grc' dir='ltr'>τὸ,</span> <span class='ocrx_word' id='word_1_351' title='bbox 1069 2836 1143 2914; x_wconf 75' lang='grc' dir='ltr'>ῥῆμα</span> <span class='ocrx_word' id='word_1_352' title='bbox 1151 2833 1248 2914; x_wconf 75' lang='grc' dir='ltr'>λέγειν.</span> <span class='ocrx_word' id='word_1_353' title='bbox 1261 2831 1299 2890; x_wconf 89' lang='grc' dir='ltr'>Τί</span> <span class='ocrx_word' id='word_1_354' title='bbox 1314 2823 1357 2890; x_wconf 72' lang='lat' dir='ltr'><strong>ode</strong></span> <span class='ocrx_word' id='word_1_355' title='bbox 1369 2833 1437 2916; x_wconf 66' lang='lat' dir='ltr'><strong>,etin</strong></span> <span class='ocrx_word' id='word_1_356' title='bbox 1447 2828 1561 2892; x_wconf 67' lang='grc' dir='ltr'>ἐκάλουν</span> <span class='ocrx_word' id='word_1_357' title='bbox 1573 2831 1624 2893; x_wconf 86' lang='grc' dir='ltr'>καὶ</span> <span class='ocrx_word' id='word_1_358' title='bbox 1637 2835 1725 2894; x_wconf 79' lang='grc' dir='ltr'>ἐκεῖνον</span> <span class='ocrx_word' id='word_1_359' title='bbox 1735 2833 1783 2893; x_wconf 71' lang='lat' dir='ltr'>lk-</span> 
     </span>
     <span class='ocr_line' id='line_1_28' title="bbox 76 2921 1783 3010; baseline -0.005 -18"><span class='ocrx_word' id='word_1_360' title='bbox 76 2949 200 2999; x_wconf 58' lang='lat' dir='ltr'><strong>lteueaa.</strong></span> <span class='ocrx_word' id='word_1_361' title='bbox 229 2928 644 3010; x_wconf 67' lang='lat' dir='ltr'><strong>PatreminonaudisMoysem</strong></span> <span class='ocrx_word' id='word_1_362' title='bbox 657 2927 978 3010; x_wconf 74' lang='lat' dir='ltr'><strong>dicenteszeumqui</strong></span> <span class='ocrx_word' id='word_1_363' title='bbox 1028 2927 1112 3009; x_wconf 83' lang='grc' dir='ltr'>τέρα,</span> <span class='ocrx_word' id='word_1_364' title='bbox 1127 2924 1210 3006; x_wconf 79' lang='grc' dir='ltr'>φησὶ,</span> <span class='ocrx_word' id='word_1_365' title='bbox 1229 2924 1274 2984; x_wconf 82' lang='grc' dir='ltr'>τὸν</span> <span class='ocrx_word' id='word_1_366' title='bbox 1293 2921 1383 2997; x_wconf 72' lang='grc' dir='ltr'>Θεάν,</span> <span class='ocrx_word' id='word_1_367' title='bbox 1398 2925 1446 2983; x_wconf 80' lang='grc' dir='ltr'>οὐκ</span> <span class='ocrx_word' id='word_1_368' title='bbox 1470 2921 1581 2992; x_wconf 80' lang='grc' dir='ltr'>ἀκούεις</span> <span class='ocrx_word' id='word_1_369' title='bbox 1605 2921 1783 2992; x_wconf 57' lang='lat' dir='ltr'><strong>Meet-att</strong></span> 
     </span>
     <span class='ocr_line' id='line_1_29' title="bbox 78 3009 1784 3104; baseline 0 -21"><span class='ocrx_word' id='word_1_370' title='bbox 78 3009 114 3056; x_wconf 81' lang='lat'>¹⁸·</span> <span class='ocrx_word' id='word_1_371' title='bbox 229 3036 258 3083; x_wconf 90' lang='lat' dir='ltr'>te</span> <span class='ocrx_word' id='word_1_372' title='bbox 270 3027 369 3103; x_wconf 82' lang='lat' dir='ltr'><strong>genuit</strong></span> <span class='ocrx_word' id='word_1_373' title='bbox 378 3024 648 3104; x_wconf 78' lang='lat' dir='ltr'><strong>dereliquisti?non</strong></span> <span class='ocrx_word' id='word_1_374' title='bbox 660 3021 740 3082; x_wconf 85' lang='lat' dir='ltr'><strong>audis</strong></span> <span class='ocrx_word' id='word_1_375' title='bbox 752 3021 917 3082; x_wconf 82' lang='lat' dir='ltr'><strong>Malachiam</strong></span> <span class='ocrx_word' id='word_1_376' title='bbox 929 3042 978 3083; x_wconf 82' lang='lat' dir='ltr'>ex·</span> <span class='ocrx_word' id='word_1_377' title='bbox 1028 3039 1137 3095; x_wconf 73' lang='grc' dir='ltr'>γοντοςν</span> <span class='ocrx_word' id='word_1_378' title='bbox 1151 3016 1220 3079; x_wconf 84' lang='grc' dir='ltr'>Θεδν</span> <span class='ocrx_word' id='word_1_379' title='bbox 1247 3017 1291 3076; x_wconf 85' lang='grc' dir='ltr'>τὸν</span> <span class='ocrx_word' id='word_1_380' title='bbox 1312 3015 1477 3096; x_wconf 69' lang='grc' dir='ltr'>γεννήσαντά</span> <span class='ocrx_word' id='word_1_381' title='bbox 1492 3039 1524 3076; x_wconf 85' lang='grc' dir='ltr'>σε</span> <span class='ocrx_word' id='word_1_382' title='bbox 1546 3017 1784 3098; x_wconf 46' lang='lat' dir='ltr'><strong>inaestuat&amp;</strong></span> 
     </span>
     <span class='ocr_line' id='line_1_30' title="bbox 75 3106 1783 3196; baseline -0.003 -23"><span class='ocrx_word' id='word_1_383' title='bbox 75 3138 182 3183; x_wconf 55' lang='lat' dir='ltr'>Marus,</span> <span class='ocrx_word' id='word_1_384' title='bbox 194 3150 216 3182; x_wconf 76' lang='lat'>2,</span> <span class='ocrx_word' id='word_1_385' title='bbox 228 3116 443 3196; x_wconf 85' lang='lat' dir='ltr'><strong>probrantemao</strong></span> <span class='ocrx_word' id='word_1_386' title='bbox 459 3113 777 3173; x_wconf 78' lang='lat' dir='ltr'><strong>dicenteszensunus</strong></span> <span class='ocrx_word' id='word_1_387' title='bbox 789 3117 901 3174; x_wconf 80' lang='lat' dir='ltr'><strong>creavit</strong></span> <span class='ocrx_word' id='word_1_388' title='bbox 911 3134 977 3190; x_wconf 83' lang='lat' dir='ltr'><strong>nos,</strong></span> <span class='ocrx_word' id='word_1_389' title='bbox 1029 3109 1132 3177; x_wconf 80' lang='grc' dir='ltr'>ἀκούεις</span> <span class='ocrx_word' id='word_1_390' title='bbox 1145 3114 1191 3170; x_wconf 83' lang='grc' dir='ltr'>τοῦ</span> <span class='ocrx_word' id='word_1_391' title='bbox 1205 3107 1336 3190; x_wconf 65' lang='grc' dir='ltr'>Μαλαγία</span> <span class='ocrx_word' id='word_1_392' title='bbox 1348 3108 1518 3176; x_wconf 60' lang='lat' dir='ltr'><strong>ostentmst</strong></span> <span class='ocrx_word' id='word_1_393' title='bbox 1530 3109 1581 3169; x_wconf 86' lang='grc' dir='ltr'>καὶ</span> <span class='ocrx_word' id='word_1_394' title='bbox 1592 3106 1783 3189; x_wconf 73' lang='grc' dir='ltr'>λίγοντος,“ἱιτ</span> 
     </span>
     <span class='ocr_line' id='line_1_31' title="bbox 80 3192 1782 3285; baseline -0.002 -19"><span class='ocrx_word' id='word_1_395' title='bbox 80 3212 116 3243; x_wconf 86' lang='lat'>¹⁰·</span> <span class='ocrx_word' id='word_1_396' title='bbox 229 3220 257 3266; x_wconf 89' lang='lat' dir='ltr'>et</span> <span class='ocrx_word' id='word_1_397' title='bbox 267 3226 343 3265; x_wconf 84' lang='lat' dir='ltr'><strong>unus</strong></span> <span class='ocrx_word' id='word_1_398' title='bbox 354 3207 496 3265; x_wconf 78' lang='lat' dir='ltr'><strong>Paterest</strong></span> <span class='ocrx_word' id='word_1_399' title='bbox 506 3209 635 3264; x_wconf 81' lang='lat' dir='ltr'><strong>omnium</strong></span> <span class='ocrx_word' id='word_1_400' title='bbox 644 3205 907 3266; x_wconf 70' lang='lat' dir='ltr'><strong>nostrumtverum</strong></span> <span class='ocrx_word' id='word_1_401' title='bbox 915 3205 979 3265; x_wconf 83' lang='lat' dir='ltr'><strong>iicet</strong></span> <span class='ocrx_word' id='word_1_402' title='bbox 1028 3204 1096 3273; x_wconf 82' lang='grc' dir='ltr'>Θεὸς</span> <span class='ocrx_word' id='word_1_403' title='bbox 1109 3197 1144 3272; x_wconf 81' lang='grc' dir='ltr'>εἷς</span> <span class='ocrx_word' id='word_1_404' title='bbox 1154 3203 1255 3263; x_wconf 75' lang='grc' dir='ltr'>ἔκτισεν</span> <span class='ocrx_word' id='word_1_405' title='bbox 1265 3208 1358 3281; x_wconf 70' lang='grc' dir='ltr'>ἡμᾶς,</span> <span class='ocrx_word' id='word_1_406' title='bbox 1382 3201 1430 3261; x_wconf 86' lang='grc' dir='ltr'>καὶ</span> <span class='ocrx_word' id='word_1_407' title='bbox 1443 3192 1479 3269; x_wconf 86' lang='grc' dir='ltr'>εἱς</span> <span class='ocrx_word' id='word_1_408' title='bbox 1501 3202 1607 3285; x_wconf 73' lang='grc' dir='ltr'>Πατήρ</span> <span class='ocrx_word' id='word_1_409' title='bbox 1627 3207 1683 3264; x_wconf 80' lang='grc' dir='ltr'>ἐστι</span> <span class='ocrx_word' id='word_1_410' title='bbox 1699 3202 1782 3262; x_wconf 69' lang='grc' dir='ltr'>πίνοι</span> 
     </span>
     <span class='ocr_line' id='line_1_32' title="bbox 229 3292 1781 3378; baseline -0.003 -19"><span class='ocrx_word' id='word_1_411' title='bbox 229 3300 287 3359; x_wconf 80' lang='lat' dir='ltr'>haec</span> <span class='ocrx_word' id='word_1_412' title='bbox 296 3313 322 3358; x_wconf 91' lang='lat' dir='ltr'>et</span> <span class='ocrx_word' id='word_1_413' title='bbox 332 3297 419 3358; x_wconf 86' lang='lat' dir='ltr'><strong>multo</strong></span> <span class='ocrx_word' id='word_1_414' title='bbox 432 3297 511 3378; x_wconf 89' lang='lat' dir='ltr'><strong>plura</strong></span> <span class='ocrx_word' id='word_1_415' title='bbox 524 3296 596 3356; x_wconf 88' lang='lat' dir='ltr'><strong>dieta</strong></span> <span class='ocrx_word' id='word_1_416' title='bbox 606 3298 716 3370; x_wconf 83' lang='lat' dir='ltr'><strong>suerint,</strong></span> <span class='ocrx_word' id='word_1_417' title='bbox 728 3317 862 3376; x_wconf 89' lang='lat' dir='ltr'><strong>nusquam</strong></span> <span class='ocrx_word' id='word_1_418' title='bbox 874 3297 979 3359; x_wconf 72' lang='lat' dir='ltr'><strong>inveni·</strong></span> <span class='ocrx_word' id='word_1_419' title='bbox 1028 3301 1106 3374; x_wconf 80' lang='grc' dir='ltr'>ἡμῶν</span> <span class='ocrx_word' id='word_1_420' title='bbox 1115 3321 1125 3370; x_wconf 87' lang='lat'>;</span> <span class='ocrx_word' id='word_1_421' title='bbox 1134 3298 1204 3355; x_wconf 77' lang='grc' dir='ltr'>Ἀλλ’</span> <span class='ocrx_word' id='word_1_422' title='bbox 1217 3299 1240 3355; x_wconf 87' lang='grc' dir='ltr'>εἱ</span> <span class='ocrx_word' id='word_1_423' title='bbox 1251 3295 1298 3355; x_wconf 83' lang='grc' dir='ltr'>καὶ</span> <span class='ocrx_word' id='word_1_424' title='bbox 1308 3299 1393 3354; x_wconf 79' lang='grc' dir='ltr'>ταῦτα</span> <span class='ocrx_word' id='word_1_425' title='bbox 1404 3293 1450 3353; x_wconf 79' lang='grc' dir='ltr'>καὶ</span> <span class='ocrx_word' id='word_1_426' title='bbox 1461 3292 1576 3354; x_wconf 86' lang='grc' dir='ltr'>πλείονα</span> <span class='ocrx_word' id='word_1_427' title='bbox 1589 3295 1686 3356; x_wconf 84' lang='grc' dir='ltr'>τούτων</span> <span class='ocrx_word' id='word_1_428' title='bbox 1693 3295 1781 3376; x_wconf 62' lang='lat' dir='ltr'><strong>rigeret</strong></span> 
     </span>
     <span class='ocr_line' id='line_1_33' title="bbox 230 3383 1782 3470; baseline -0.003 -18"><span class='ocrx_word' id='word_1_429' title='bbox 230 3413 291 3452; x_wconf 86' lang='lat' dir='ltr'>mus</span> <span class='ocrx_word' id='word_1_430' title='bbox 313 3411 357 3450; x_wconf 88' lang='lat' dir='ltr'>eos</span> <span class='ocrx_word' id='word_1_431' title='bbox 379 3390 431 3449; x_wconf 87' lang='lat' dir='ltr'>hoe</span> <span class='ocrx_word' id='word_1_432' title='bbox 452 3388 561 3448; x_wconf 90' lang='lat' dir='ltr'><strong>nomine</strong></span> <span class='ocrx_word' id='word_1_433' title='bbox 582 3390 673 3448; x_wconf 89' lang='lat' dir='ltr'><strong>Deum</strong></span> <span class='ocrx_word' id='word_1_434' title='bbox 686 3403 823 3462; x_wconf 83' lang='lat' dir='ltr'><strong>vocantes,</strong></span> <span class='ocrx_word' id='word_1_435' title='bbox 837 3409 924 3467; x_wconf 88' lang='lat' dir='ltr'><strong>neque</strong></span> <span class='ocrx_word' id='word_1_436' title='bbox 939 3389 978 3448; x_wconf 86' lang='lat' dir='ltr'>sie</span> <span class='ocrx_word' id='word_1_437' title='bbox 1028 3390 1143 3466; x_wconf 80' lang='grc' dir='ltr'>οὐδαμοῦ</span> <span class='ocrx_word' id='word_1_438' title='bbox 1157 3389 1234 3447; x_wconf 80' lang='grc' dir='ltr'>τοῦτο</span> <span class='ocrx_word' id='word_1_439' title='bbox 1249 3386 1403 3470; x_wconf 79' lang='grc' dir='ltr'>εὑρίσκομεν</span> <span class='ocrx_word' id='word_1_440' title='bbox 1418 3383 1513 3452; x_wconf 69' lang='grc' dir='ltr'>αὐτοὺς</span> <span class='ocrx_word' id='word_1_441' title='bbox 1526 3388 1677 3454; x_wconf 82' lang='grc' dir='ltr'>καλοῦντας</span> <span class='ocrx_word' id='word_1_442' title='bbox 1688 3387 1717 3447; x_wconf 83' lang='grc' dir='ltr'>τὸ</span> <span class='ocrx_word' id='word_1_443' title='bbox 1728 3391 1782 3467; x_wconf 70' lang='lat' dir='ltr'><strong>pion</strong></span> 
     </span>
     <span class='ocr_line' id='line_1_34' title="bbox 231 3475 1780 3564; baseline -0.002 -23"><span class='ocrx_word' id='word_1_444' title='bbox 231 3495 379 3564; x_wconf 86' lang='lat' dir='ltr'><strong>precantes.</strong></span> <span class='ocrx_word' id='word_1_445' title='bbox 389 3483 445 3540; x_wconf 90' lang='lat' dir='ltr'>Nos</span> <span class='ocrx_word' id='word_1_446' title='bbox 457 3493 547 3538; x_wconf 85' lang='lat' dir='ltr'><strong>autem</strong></span> <span class='ocrx_word' id='word_1_447' title='bbox 560 3500 663 3555; x_wconf 89' lang='lat' dir='ltr'><strong>ornnes,</strong></span> <span class='ocrx_word' id='word_1_448' title='bbox 674 3492 700 3538; x_wconf 91' lang='lat' dir='ltr'>et</span> <span class='ocrx_word' id='word_1_449' title='bbox 713 3478 862 3538; x_wconf 84' lang='lat' dir='ltr'><strong>secerdotes</strong></span> <span class='ocrx_word' id='word_1_450' title='bbox 874 3492 900 3539; x_wconf 91' lang='lat' dir='ltr'>et</span> <span class='ocrx_word' id='word_1_451' title='bbox 910 3478 977 3540; x_wconf 87' lang='lat' dir='ltr'><strong>idio-</strong></span> <span class='ocrx_word' id='word_1_452' title='bbox 1028 3481 1072 3540; x_wconf 83' lang='grc' dir='ltr'>τὸν</span> <span class='ocrx_word' id='word_1_453' title='bbox 1084 3479 1164 3553; x_wconf 80' lang='grc' dir='ltr'>Θεὸν,</span> <span class='ocrx_word' id='word_1_454' title='bbox 1177 3478 1235 3538; x_wconf 78' lang='grc' dir='ltr'>οὐδὲ</span> <span class='ocrx_word' id='word_1_455' title='bbox 1249 3477 1404 3557; x_wconf 63' lang='grc' dir='ltr'>εὑρομένους</span> <span class='ocrx_word' id='word_1_456' title='bbox 1415 3476 1508 3544; x_wconf 76' lang='grc' dir='ltr'>οὕτως.</span> <span class='ocrx_word' id='word_1_457' title='bbox 1522 3475 1623 3557; x_wconf 85' lang='grc' dir='ltr'>Ἱὶμεῑς</span> <span class='ocrx_word' id='word_1_458' title='bbox 1636 3478 1664 3540; x_wconf 73' lang='grc' dir='ltr'>δὲ</span> <span class='ocrx_word' id='word_1_459' title='bbox 1673 3479 1780 3550; x_wconf 75' lang='grc' dir='ltr'>ἅπαντας,</span> 
     </span>
     <span class='ocr_line' id='line_1_35' title="bbox 230 3568 1780 3659; baseline -0.002 -27"><span class='ocrx_word' id='word_1_460' title='bbox 230 3589 275 3648; x_wconf 82' lang='lat' dir='ltr'><strong>tae,</strong></span> <span class='ocrx_word' id='word_1_461' title='bbox 284 3587 310 3631; x_wconf 88' lang='lat' dir='ltr'>et</span> <span class='ocrx_word' id='word_1_462' title='bbox 319 3571 454 3653; x_wconf 91' lang='lat' dir='ltr'><strong>principes</strong></span> <span class='ocrx_word' id='word_1_463' title='bbox 462 3583 487 3630; x_wconf 90' lang='lat' dir='ltr'>et</span> <span class='ocrx_word' id='word_1_464' title='bbox 500 3569 614 3646; x_wconf 88' lang='lat' dir='ltr'><strong>subditi,</strong></span> <span class='ocrx_word' id='word_1_465' title='bbox 623 3569 662 3629; x_wconf 89' lang='lat' dir='ltr'><strong>sic</strong></span> <span class='ocrx_word' id='word_1_466' title='bbox 675 3570 779 3650; x_wconf 84' lang='lat' dir='ltr'><strong>precari</strong></span> <span class='ocrx_word' id='word_1_467' title='bbox 789 3570 860 3652; x_wconf 87' lang='lat' dir='ltr'><strong>jussi</strong></span> <span class='ocrx_word' id='word_1_468' title='bbox 869 3590 975 3649; x_wconf 86' lang='lat' dir='ltr'><strong>sumus,</strong></span> <span class='ocrx_word' id='word_1_469' title='bbox 985 3572 1072 3659; x_wconf 58' lang='lat' dir='ltr'>⁸,gerni</span> <span class='ocrx_word' id='word_1_470' title='bbox 1094 3575 1170 3652; x_wconf 83' lang='grc' dir='ltr'>ἱερεῖς</span> <span class='ocrx_word' id='word_1_471' title='bbox 1188 3571 1234 3630; x_wconf 84' lang='grc' dir='ltr'>καί</span> <span class='ocrx_word' id='word_1_472' title='bbox 1248 3573 1351 3630; x_wconf 73' lang='grc' dir='ltr'>ἱδυὶἱται</span> <span class='ocrx_word' id='word_1_473' title='bbox 1366 3570 1412 3629; x_wconf 89' lang='grc' dir='ltr'>καὶ</span> <span class='ocrx_word' id='word_1_474' title='bbox 1436 3568 1565 3650; x_wconf 81' lang='grc' dir='ltr'>ἄρχοντες</span> <span class='ocrx_word' id='word_1_475' title='bbox 1581 3573 1630 3632; x_wconf 81' lang='grc' dir='ltr'>καὶ</span> <span class='ocrx_word' id='word_1_476' title='bbox 1644 3572 1780 3654; x_wconf 71' lang='grc' dir='ltr'>ἀργύρεια,</span> 
     </span>
     <span class='ocr_line' id='line_1_36' title="bbox 231 3659 1781 3744; baseline 0 -21"><span class='ocrx_word' id='word_1_477' title='bbox 231 3678 257 3724; x_wconf 90' lang='lat' dir='ltr'>et</span> <span class='ocrx_word' id='word_1_478' title='bbox 270 3665 342 3722; x_wconf 85' lang='lat' dir='ltr'><strong>hanc</strong></span> <span class='ocrx_word' id='word_1_479' title='bbox 355 3663 471 3744; x_wconf 84' lang='lat' dir='ltr'><strong>primam</strong></span> <span class='ocrx_word' id='word_1_480' title='bbox 482 3660 631 3722; x_wconf 86' lang='lat' dir='ltr'><strong>emittimus</strong></span> <span class='ocrx_word' id='word_1_481' title='bbox 645 3682 750 3738; x_wconf 82' lang='lat' dir='ltr'><strong>venem,</strong></span> <span class='ocrx_word' id='word_1_482' title='bbox 765 3676 826 3743; x_wconf 91' lang='lat' dir='ltr'><strong>post</strong></span> <span class='ocrx_word' id='word_1_483' title='bbox 839 3662 978 3724; x_wconf 85' lang='lat' dir='ltr'><strong>mirabiles</strong></span> <span class='ocrx_word' id='word_1_484' title='bbox 994 3677 1013 3722; x_wconf 85' lang='lat' dir='ltr'>tt</span> <span class='ocrx_word' id='word_1_485' title='bbox 1028 3664 1111 3732; x_wconf 80' lang='grc' dir='ltr'>οὕτως</span> <span class='ocrx_word' id='word_1_486' title='bbox 1128 3663 1252 3744; x_wconf 76' lang='grc' dir='ltr'>εὔχεσθαι</span> <span class='ocrx_word' id='word_1_487' title='bbox 1274 3659 1477 3741; x_wconf 81' lang='grc' dir='ltr'>ἐκελεύσθημεν.</span> <span class='ocrx_word' id='word_1_488' title='bbox 1503 3663 1559 3723; x_wconf 84' lang='grc' dir='ltr'>Καὶ</span> <span class='ocrx_word' id='word_1_489' title='bbox 1587 3665 1686 3738; x_wconf 85' lang='grc' dir='ltr'>ταύτην</span> <span class='ocrx_word' id='word_1_490' title='bbox 1697 3662 1781 3744; x_wconf 66' lang='grc' dir='ltr'>κράτη</span> 
     </span>
     <span class='ocr_line' id='line_1_37' title="bbox 231 3753 1782 3838; baseline 0.002 -24"><span class='ocrx_word' id='word_1_491' title='bbox 231 3757 292 3815; x_wconf 90' lang='lat' dir='ltr'><strong>illos</strong></span> <span class='ocrx_word' id='word_1_492' title='bbox 304 3756 415 3832; x_wconf 87' lang='lat' dir='ltr'><strong>natales,</strong></span> <span class='ocrx_word' id='word_1_493' title='bbox 427 3767 488 3836; x_wconf 91' lang='lat' dir='ltr'><strong>post</strong></span> <span class='ocrx_word' id='word_1_494' title='bbox 502 3774 602 3813; x_wconf 85' lang='lat' dir='ltr'><strong>novam</strong></span> <span class='ocrx_word' id='word_1_495' title='bbox 613 3764 639 3812; x_wconf 88' lang='lat' dir='ltr'>et</span> <span class='ocrx_word' id='word_1_496' title='bbox 652 3753 814 3833; x_wconf 88' lang='lat' dir='ltr'><strong>stupendam</strong></span> <span class='ocrx_word' id='word_1_497' title='bbox 826 3753 978 3813; x_wconf 90' lang='lat' dir='ltr'><strong>incunabu-</strong></span> <span class='ocrx_word' id='word_1_498' title='bbox 1028 3757 1139 3838; x_wconf 83' lang='grc' dir='ltr'>ἀρὶεμεν</span> <span class='ocrx_word' id='word_1_499' title='bbox 1156 3755 1257 3838; x_wconf 73' lang='grc' dir='ltr'>ρωνῆν,</span> <span class='ocrx_word' id='word_1_500' title='bbox 1273 3755 1341 3834; x_wconf 78' lang='grc' dir='ltr'>μετά</span> <span class='ocrx_word' id='word_1_501' title='bbox 1355 3757 1401 3822; x_wconf 80' lang='grc' dir='ltr'>τδς</span> <span class='ocrx_word' id='word_1_502' title='bbox 1413 3754 1573 3833; x_wconf 78' lang='grc' dir='ltr'>θαυμαστάς</span> <span class='ocrx_word' id='word_1_503' title='bbox 1584 3758 1680 3824; x_wconf 79' lang='grc' dir='ltr'>ὠδῖνας</span> <span class='ocrx_word' id='word_1_504' title='bbox 1690 3755 1782 3825; x_wconf 76' lang='grc' dir='ltr'>διαίτας,</span> 
     </span>
     <span class='ocr_line' id='line_1_38' title="bbox 232 3845 1779 3929; baseline -0.001 -22"><span class='ocrx_word' id='word_1_505' title='bbox 232 3849 320 3907; x_wconf 86' lang='lat' dir='ltr'><strong>lorum</strong></span> <span class='ocrx_word' id='word_1_506' title='bbox 339 3848 433 3927; x_wconf 86' lang='lat' dir='ltr'><strong>legem.</strong></span> <span class='ocrx_word' id='word_1_507' title='bbox 443 3845 572 3925; x_wconf 74' lang='lat' dir='ltr'><strong>Alioquin</strong></span> <span class='ocrx_word' id='word_1_508' title='bbox 586 3865 651 3905; x_wconf 84' lang='lat' dir='ltr'><strong>vero</strong></span> <span class='ocrx_word' id='word_1_509' title='bbox 665 3845 714 3904; x_wconf 90' lang='lat' dir='ltr'><strong>etsi</strong></span> <span class='ocrx_word' id='word_1_510' title='bbox 728 3845 771 3905; x_wconf 84' lang='lat' dir='ltr'><strong>itti</strong></span> <span class='ocrx_word' id='word_1_511' title='bbox 786 3866 978 3925; x_wconf 87' lang='lat' dir='ltr'><strong>nonnunquam</strong></span> <span class='ocrx_word' id='word_1_512' title='bbox 1028 3851 1073 3910; x_wconf 80' lang='grc' dir='ltr'>καί</span> <span class='ocrx_word' id='word_1_513' title='bbox 1086 3851 1129 3911; x_wconf 86' lang='grc' dir='ltr'>τδν</span> <span class='ocrx_word' id='word_1_514' title='bbox 1152 3849 1222 3919; x_wconf 80' lang='grc' dir='ltr'>ξένον</span> <span class='ocrx_word' id='word_1_515' title='bbox 1237 3851 1282 3909; x_wconf 90' lang='grc' dir='ltr'>καὶ</span> <span class='ocrx_word' id='word_1_516' title='bbox 1296 3848 1445 3929; x_wconf 80' lang='grc' dir='ltr'>παράδοξον</span> <span class='ocrx_word' id='word_1_517' title='bbox 1456 3852 1512 3907; x_wconf 85' lang='grc' dir='ltr'>τῶν</span> <span class='ocrx_word' id='word_1_518' title='bbox 1527 3850 1701 3929; x_wconf 81' lang='grc' dir='ltr'>λοχευμάτων</span> <span class='ocrx_word' id='word_1_519' title='bbox 1712 3849 1779 3928; x_wconf 86' lang='grc' dir='ltr'>νάμιι.</span> 
     </span>
     <span class='ocr_line' id='line_1_39' title="bbox 231 3938 1779 4020; baseline -0.001 -20"><span class='ocrx_word' id='word_1_520' title='bbox 231 3943 271 4001; x_wconf 90' lang='lat' dir='ltr'>sie</span> <span class='ocrx_word' id='word_1_521' title='bbox 284 3954 431 4018; x_wconf 74' lang='lat' dir='ltr'><strong>rorarunt,</strong></span> <span class='ocrx_word' id='word_1_522' title='bbox 452 3939 499 4000; x_wconf 88' lang='lat' dir='ltr'>sed</span> <span class='ocrx_word' id='word_1_523' title='bbox 516 3960 551 3998; x_wconf 82' lang='lat' dir='ltr'>ex</span> <span class='ocrx_word' id='word_1_524' title='bbox 565 3938 674 4020; x_wconf 86' lang='lat' dir='ltr'><strong>propria</strong></span> <span class='ocrx_word' id='word_1_525' title='bbox 690 3952 778 3998; x_wconf 89' lang='lat' dir='ltr'><strong>mente</strong></span> <span class='ocrx_word' id='word_1_526' title='bbox 795 3962 802 3995; x_wconf 79' lang='grc' dir='ltr'>τ</span> <span class='ocrx_word' id='word_1_527' title='bbox 819 3939 867 4019; x_wconf 92' lang='lat' dir='ltr'><strong>qui</strong></span> <span class='ocrx_word' id='word_1_528' title='bbox 887 3954 978 4001; x_wconf 89' lang='lat' dir='ltr'><strong>autem</strong></span> <span class='ocrx_word' id='word_1_529' title='bbox 1028 3940 1127 4008; x_wconf 79' lang='grc' dir='ltr'>Ἄλλως</span> <span class='ocrx_word' id='word_1_530' title='bbox 1141 3941 1188 4015; x_wconf 70' lang='grc' dir='ltr'>δὲ,</span> <span class='ocrx_word' id='word_1_531' title='bbox 1203 3944 1227 4000; x_wconf 88' lang='grc' dir='ltr'>εἱ</span> <span class='ocrx_word' id='word_1_532' title='bbox 1237 3941 1283 4000; x_wconf 88' lang='grc' dir='ltr'>καὶ</span> <span class='ocrx_word' id='word_1_533' title='bbox 1297 3940 1426 4000; x_wconf 79' lang='grc' dir='ltr'>ἐκαλεσάν</span> <span class='ocrx_word' id='word_1_534' title='bbox 1441 3963 1508 3999; x_wconf 89' lang='grc' dir='ltr'>ποτε</span> <span class='ocrx_word' id='word_1_535' title='bbox 1522 3943 1637 4014; x_wconf 77' lang='grc' dir='ltr'>ἐκεῖνον,</span> <span class='ocrx_word' id='word_1_536' title='bbox 1651 3944 1707 4002; x_wconf 74' lang='grc' dir='ltr'>ἀλλ’</span> <span class='ocrx_word' id='word_1_537' title='bbox 1721 3939 1779 4008; x_wconf 70' lang='grc' dir='ltr'>ἐξελ</span> 
     </span>
     <span class='ocr_line' id='line_1_40' title="bbox 232 4030 1780 4113; baseline 0.001 -19"><span class='ocrx_word' id='word_1_538' title='bbox 232 4036 260 4094; x_wconf 91' lang='lat' dir='ltr'><strong>in</strong></span> <span class='ocrx_word' id='word_1_539' title='bbox 283 4034 370 4113; x_wconf 83' lang='lat' dir='ltr'><strong>gratia</strong></span> <span class='ocrx_word' id='word_1_540' title='bbox 390 4035 498 4108; x_wconf 81' lang='lat' dir='ltr'><strong>vivunt,</strong></span> <span class='ocrx_word' id='word_1_541' title='bbox 516 4053 552 4091; x_wconf 81' lang='lat' dir='ltr'>ex</span> <span class='ocrx_word' id='word_1_542' title='bbox 573 4031 707 4112; x_wconf 83' lang='lat' dir='ltr'><strong>spirituali</strong></span> <span class='ocrx_word' id='word_1_543' title='bbox 726 4032 879 4111; x_wconf 84' lang='lat' dir='ltr'><strong>operatione</strong></span> <span class='ocrx_word' id='word_1_544' title='bbox 900 4031 977 4091; x_wconf 91' lang='lat' dir='ltr'><strong>moti.</strong></span> <span class='ocrx_word' id='word_1_545' title='bbox 1028 4033 1100 4104; x_wconf 85' lang='grc' dir='ltr'>κεὶας</span> <span class='ocrx_word' id='word_1_546' title='bbox 1110 4033 1241 4100; x_wconf 84' lang='grc' dir='ltr'>διανοίας·</span> <span class='ocrx_word' id='word_1_547' title='bbox 1255 4037 1280 4092; x_wconf 91' lang='grc' dir='ltr'>οἱ</span> <span class='ocrx_word' id='word_1_548' title='bbox 1299 4032 1327 4091; x_wconf 79' lang='grc' dir='ltr'>δὲ</span> <span class='ocrx_word' id='word_1_549' title='bbox 1341 4035 1368 4091; x_wconf 82' lang='grc' dir='ltr'>ἐν</span> <span class='ocrx_word' id='word_1_550' title='bbox 1388 4036 1420 4111; x_wconf 80' lang='grc' dir='ltr'>τῇ</span> <span class='ocrx_word' id='word_1_551' title='bbox 1434 4030 1540 4113; x_wconf 84' lang='grc' dir='ltr'>χάριτι,</span> <span class='ocrx_word' id='word_1_552' title='bbox 1557 4035 1614 4094; x_wconf 78' lang='grc' dir='ltr'>άπὸ</span> <span class='ocrx_word' id='word_1_553' title='bbox 1627 4033 1780 4112; x_wconf 69' lang='grc' dir='ltr'>πνευμοτπὶτ</span> 
     </span>
     <span class='ocr_line' id='line_1_41' title="bbox 232 4122 1779 4206; baseline -0.001 -21"><span class='ocrx_word' id='word_1_554' title='bbox 232 4123 468 4198; x_wconf 85' lang='lat' dir='ltr'><strong>Quemadmodum</strong></span> <span class='ocrx_word' id='word_1_555' title='bbox 489 4125 560 4182; x_wconf 89' lang='lat' dir='ltr'><strong>enim</strong></span> <span class='ocrx_word' id='word_1_556' title='bbox 583 4122 694 4203; x_wconf 88' lang='lat' dir='ltr'><strong>spiritus</strong></span> <span class='ocrx_word' id='word_1_557' title='bbox 716 4123 852 4203; x_wconf 76' lang='lat' dir='ltr'><strong>sapientiae</strong></span> <span class='ocrx_word' id='word_1_558' title='bbox 868 4136 917 4197; x_wconf 90' lang='lat' dir='ltr'><strong>est,</strong></span> <span class='ocrx_word' id='word_1_559' title='bbox 930 4145 979 4204; x_wconf 87' lang='lat' dir='ltr'>per</span> <span class='ocrx_word' id='word_1_560' title='bbox 1028 4124 1158 4205; x_wconf 80' lang='grc' dir='ltr'>ἐνεργείας</span> <span class='ocrx_word' id='word_1_561' title='bbox 1173 4122 1440 4204; x_wconf 85' lang='grc' dir='ltr'>κινούμενοι.Ὣσπερ</span> <span class='ocrx_word' id='word_1_562' title='bbox 1449 4124 1501 4204; x_wconf 79' lang='grc' dir='ltr'>γάρ</span> <span class='ocrx_word' id='word_1_563' title='bbox 1512 4129 1622 4203; x_wconf 77' lang='grc' dir='ltr'>πνεῦμα</span> <span class='ocrx_word' id='word_1_564' title='bbox 1632 4123 1779 4206; x_wconf 80' lang='grc' dir='ltr'>σορίαςὶοτὶ,</span> 
     </span>
     <span class='ocr_line' id='line_1_42' title="bbox 232 4215 1780 4298; baseline 0.001 -22"><span class='ocrx_word' id='word_1_565' title='bbox 232 4240 313 4297; x_wconf 87' lang='lat' dir='ltr'><strong>quem</strong></span> <span class='ocrx_word' id='word_1_566' title='bbox 325 4218 479 4297; x_wconf 85' lang='lat' dir='ltr'><strong>insipientes</strong></span> <span class='ocrx_word' id='word_1_567' title='bbox 497 4216 628 4296; x_wconf 83' lang='lat' dir='ltr'><strong>sapientes</strong></span> <span class='ocrx_word' id='word_1_568' title='bbox 639 4215 728 4274; x_wconf 84' lang='lat' dir='ltr'><strong>effecti</strong></span> <span class='ocrx_word' id='word_1_569' title='bbox 744 4229 816 4291; x_wconf 92' lang='lat' dir='ltr'><strong>sunt,</strong></span> <span class='ocrx_word' id='word_1_570' title='bbox 832 4215 862 4274; x_wconf 91' lang='lat' dir='ltr'><strong>id</strong></span> <span class='ocrx_word' id='word_1_571' title='bbox 875 4215 948 4293; x_wconf 91' lang='lat' dir='ltr'><strong>quod</strong></span> <span class='ocrx_word' id='word_1_572' title='bbox 962 4238 978 4276; x_wconf 86' lang='lat' dir='ltr'><strong>a</strong></span> <span class='ocrx_word' id='word_1_573' title='bbox 1029 4222 1089 4278; x_wconf 83' lang='grc' dir='ltr'>καθ’</span> <span class='ocrx_word' id='word_1_574' title='bbox 1101 4219 1117 4278; x_wconf 86' lang='grc' dir='ltr'>δ</span> <span class='ocrx_word' id='word_1_575' title='bbox 1131 4216 1206 4298; x_wconf 72' lang='grc' dir='ltr'>σοροὶ</span> <span class='ocrx_word' id='word_1_576' title='bbox 1221 4222 1245 4277; x_wconf 85' lang='grc' dir='ltr'>οἱ</span> <span class='ocrx_word' id='word_1_577' title='bbox 1259 4217 1352 4297; x_wconf 80' lang='grc' dir='ltr'>ἄσοροι</span> <span class='ocrx_word' id='word_1_578' title='bbox 1377 4217 1510 4296; x_wconf 78' lang='grc' dir='ltr'>ἐγίνοντο,</span> <span class='ocrx_word' id='word_1_579' title='bbox 1524 4219 1573 4277; x_wconf 80' lang='grc' dir='ltr'>καὶ</span> <span class='ocrx_word' id='word_1_580' title='bbox 1587 4220 1710 4292; x_wconf 75' lang='grc' dir='ltr'>δηλοῦται</span> <span class='ocrx_word' id='word_1_581' title='bbox 1723 4221 1780 4277; x_wconf 71' lang='lat' dir='ltr'><strong>:oin</strong></span> 
     </span>
     <span class='ocr_line' id='line_1_43' title="bbox 231 4302 1780 4389; baseline 0.001 -21"><span class='ocrx_word' id='word_1_582' title='bbox 231 4309 353 4368; x_wconf 81' lang='lat' dir='ltr'><strong>doctrina</strong></span> <span class='ocrx_word' id='word_1_583' title='bbox 377 4302 524 4385; x_wconf 73' lang='lat' dir='ltr'><strong>indicatur,</strong></span> <span class='ocrx_word' id='word_1_584' title='bbox 544 4321 570 4365; x_wconf 92' lang='lat' dir='ltr'>et</span> <span class='ocrx_word' id='word_1_585' title='bbox 590 4306 701 4386; x_wconf 87' lang='lat' dir='ltr'><strong>spiritus</strong></span> <span class='ocrx_word' id='word_1_586' title='bbox 725 4306 836 4367; x_wconf 85' lang='lat' dir='ltr'><strong>virtutis</strong></span> <span class='ocrx_word' id='word_1_587' title='bbox 859 4321 909 4381; x_wconf 88' lang='lat' dir='ltr'><strong>est,</strong></span> <span class='ocrx_word' id='word_1_588' title='bbox 930 4329 978 4388; x_wconf 87' lang='lat' dir='ltr'>per</span> <span class='ocrx_word' id='word_1_589' title='bbox 1029 4311 1082 4370; x_wconf 84' lang='grc' dir='ltr'>άπδ</span> <span class='ocrx_word' id='word_1_590' title='bbox 1104 4315 1151 4382; x_wconf 77' lang='grc' dir='ltr'>τῆς</span> <span class='ocrx_word' id='word_1_591' title='bbox 1174 4307 1423 4375; x_wconf 82' lang='grc' dir='ltr'>διδασκαλίας·καὶ</span> <span class='ocrx_word' id='word_1_592' title='bbox 1443 4314 1552 4387; x_wconf 83' lang='grc' dir='ltr'>πνεῦμα</span> <span class='ocrx_word' id='word_1_593' title='bbox 1578 4310 1712 4389; x_wconf 75' lang='grc' dir='ltr'>δυνάμεώς</span> <span class='ocrx_word' id='word_1_594' title='bbox 1726 4311 1780 4379; x_wconf 71' lang='lat' dir='ltr'><strong>tm,</strong></span> 
     </span>
     <span class='ocr_line' id='line_1_44' title="bbox 232 4397 1779 4480; baseline 0.004 -23"><span class='ocrx_word' id='word_1_595' title='bbox 232 4421 313 4478; x_wconf 87' lang='lat' dir='ltr'><strong>quem</strong></span> <span class='ocrx_word' id='word_1_596' title='bbox 334 4398 436 4456; x_wconf 87' lang='lat' dir='ltr'><strong>infirmi</strong></span> <span class='ocrx_word' id='word_1_597' title='bbox 463 4411 582 4457; x_wconf 88' lang='lat' dir='ltr'><strong>mortuos</strong></span> <span class='ocrx_word' id='word_1_598' title='bbox 609 4397 773 4456; x_wconf 87' lang='lat' dir='ltr'><strong>suscitarunt</strong></span> <span class='ocrx_word' id='word_1_599' title='bbox 794 4411 820 4456; x_wconf 88' lang='lat' dir='ltr'>et</span> <span class='ocrx_word' id='word_1_600' title='bbox 841 4397 977 4459; x_wconf 69' lang='lat' dir='ltr'><strong>daemonas</strong></span> <span class='ocrx_word' id='word_1_601' title='bbox 1029 4402 1088 4460; x_wconf 84' lang='grc' dir='ltr'>καθ’</span> <span class='ocrx_word' id='word_1_602' title='bbox 1110 4399 1126 4461; x_wconf 84' lang='grc' dir='ltr'>δ</span> <span class='ocrx_word' id='word_1_603' title='bbox 1145 4403 1171 4460; x_wconf 92' lang='grc' dir='ltr'>οἱ</span> <span class='ocrx_word' id='word_1_604' title='bbox 1193 4403 1311 4466; x_wconf 77' lang='grc' dir='ltr'>ἀσθενεῖς</span> <span class='ocrx_word' id='word_1_605' title='bbox 1334 4399 1440 4480; x_wconf 79' lang='grc' dir='ltr'>νεκροὺς</span> <span class='ocrx_word' id='word_1_606' title='bbox 1463 4400 1589 4479; x_wconf 71' lang='grc' dir='ltr'>ἤγειραν,</span> <span class='ocrx_word' id='word_1_607' title='bbox 1614 4402 1660 4461; x_wconf 85' lang='grc' dir='ltr'>καλ</span> <span class='ocrx_word' id='word_1_608' title='bbox 1679 4400 1779 4478; x_wconf 62' lang='grc' dir='ltr'>δαίμων</span> 
     </span>
     <span class='ocr_line' id='line_1_45' title="bbox 231 4491 1778 4575; baseline -0.002 -22"><span class='ocrx_word' id='word_1_609' title='bbox 231 4497 410 4575; x_wconf 79' lang='lat' dir='ltr'><strong>ejecerunt3et</strong></span> <span class='ocrx_word' id='word_1_610' title='bbox 416 4493 527 4574; x_wconf 82' lang='lat' dir='ltr'><strong>spiritus</strong></span> <span class='ocrx_word' id='word_1_611' title='bbox 536 4504 574 4550; x_wconf 85' lang='lat' dir='ltr'>est</span> <span class='ocrx_word' id='word_1_612' title='bbox 582 4492 674 4570; x_wconf 84' lang='lat' dir='ltr'><strong>gratiae</strong></span> <span class='ocrx_word' id='word_1_613' title='bbox 683 4493 977 4574; x_wconf 80' lang='lat' dir='ltr'><strong>curationum,etspiri·</strong></span> <span class='ocrx_word' id='word_1_614' title='bbox 1028 4495 1141 4566; x_wconf 79' lang='grc' dir='ltr'>ἤλασαν,</span> <span class='ocrx_word' id='word_1_615' title='bbox 1151 4492 1196 4551; x_wconf 82' lang='grc' dir='ltr'>καὶ</span> <span class='ocrx_word' id='word_1_616' title='bbox 1206 4497 1311 4567; x_wconf 78' lang='grc' dir='ltr'>πνεῦμα</span> <span class='ocrx_word' id='word_1_617' title='bbox 1319 4491 1486 4571; x_wconf 81' lang='grc' dir='ltr'>χαρίσματος</span> <span class='ocrx_word' id='word_1_618' title='bbox 1498 4492 1686 4570; x_wconf 82' lang='grc' dir='ltr'>ἰαμάτων,καὶ</span> <span class='ocrx_word' id='word_1_619' title='bbox 1697 4496 1778 4568; x_wconf 67' lang='lat' dir='ltr'><strong>metm</strong></span> 
     </span>
     <span class='ocr_line' id='line_1_46' title="bbox 231 4582 1777 4667; baseline 0 -22"><span class='ocrx_word' id='word_1_620' title='bbox 231 4603 274 4647; x_wconf 86' lang='lat' dir='ltr'><strong>tus</strong></span> <span class='ocrx_word' id='word_1_621' title='bbox 284 4585 446 4667; x_wconf 69' lang='lat' dir='ltr'><strong>prophetin),</strong></span> <span class='ocrx_word' id='word_1_622' title='bbox 459 4599 485 4642; x_wconf 91' lang='lat' dir='ltr'>et</span> <span class='ocrx_word' id='word_1_623' title='bbox 496 4582 774 4664; x_wconf 84' lang='lat' dir='ltr'><strong>spirituslinguarnm</strong></span> <span class='ocrx_word' id='word_1_624' title='bbox 784 4607 791 4639; x_wconf 80' lang='grc' dir='ltr'>τ</span> <span class='ocrx_word' id='word_1_625' title='bbox 801 4583 841 4642; x_wconf 89' lang='lat' dir='ltr'><strong>sio</strong></span> <span class='ocrx_word' id='word_1_626' title='bbox 853 4598 880 4643; x_wconf 90' lang='lat' dir='ltr'>et</span> <span class='ocrx_word' id='word_1_627' title='bbox 893 4583 975 4664; x_wconf 89' lang='lat' dir='ltr'><strong>spiri·</strong></span> <span class='ocrx_word' id='word_1_628' title='bbox 1028 4582 1206 4666; x_wconf 85' lang='grc' dir='ltr'>προρητεὶας,</span> <span class='ocrx_word' id='word_1_629' title='bbox 1220 4582 1265 4642; x_wconf 88' lang='grc' dir='ltr'>καὶ</span> <span class='ocrx_word' id='word_1_630' title='bbox 1279 4591 1385 4658; x_wconf 76' lang='grc' dir='ltr'>πνεῦμα</span> <span class='ocrx_word' id='word_1_631' title='bbox 1397 4584 1526 4659; x_wconf 87' lang='grc' dir='ltr'>γλωσσῶν</span> <span class='ocrx_word' id='word_1_632' title='bbox 1540 4608 1546 4620; x_wconf 91' lang='grc'>·</span> <span class='ocrx_word' id='word_1_633' title='bbox 1564 4583 1633 4645; x_wconf 54' lang='lat' dir='ltr'>offro</span> <span class='ocrx_word' id='word_1_634' title='bbox 1643 4586 1688 4645; x_wconf 84' lang='grc' dir='ltr'>καὶ</span> <span class='ocrx_word' id='word_1_635' title='bbox 1699 4590 1777 4659; x_wconf 52' lang='lat' dir='ltr'><strong>meite*</strong></span> 
     </span>
     <span class='ocr_line' id='line_1_47' title="bbox 123 4673 1776 4760; baseline -0.001 -23"><span class='ocrx_word' id='word_1_636' title='bbox 123 4743 129 4760; x_wconf 36' lang='grc' dir='ltr'>γ</span> <span class='ocrx_word' id='word_1_637' title='bbox 211 4673 274 4738; x_wconf 48' lang='lat' dir='ltr'><strong>&#39;tus</strong></span> <span class='ocrx_word' id='word_1_638' title='bbox 288 4676 449 4760; x_wconf 74' lang='lat' dir='ltr'><strong>adoptionis.</strong></span> <span class='ocrx_word' id='word_1_639' title='bbox 466 4679 504 4735; x_wconf 76' lang='lat' dir='ltr'>Ae</span> <span class='ocrx_word' id='word_1_640' title='bbox 527 4675 596 4735; x_wconf 89' lang='lat' dir='ltr'><strong>sicut</strong></span> <span class='ocrx_word' id='word_1_641' title='bbox 618 4675 744 4735; x_wconf 78' lang='lat' dir='ltr'><strong>novimus</strong></span> <span class='ocrx_word' id='word_1_642' title='bbox 764 4676 890 4756; x_wconf 88' lang='lat' dir='ltr'><strong>spiritum</strong></span> <span class='ocrx_word' id='word_1_643' title='bbox 912 4699 974 4757; x_wconf 89' lang='lat' dir='ltr'><strong>pro·</strong></span> <span class='ocrx_word' id='word_1_644' title='bbox 1027 4675 1167 4743; x_wconf 88' lang='grc' dir='ltr'>υἱοθεσίας.</span> <span class='ocrx_word' id='word_1_645' title='bbox 1182 4673 1339 4753; x_wconf 78' lang='grc' dir='ltr'>Καὶὥστερ</span> <span class='ocrx_word' id='word_1_646' title='bbox 1361 4673 1482 4751; x_wconf 82' lang='grc' dir='ltr'>ἴσμεντδ</span> <span class='ocrx_word' id='word_1_647' title='bbox 1504 4681 1613 4754; x_wconf 83' lang='grc' dir='ltr'>πνεῦμα</span> <span class='ocrx_word' id='word_1_648' title='bbox 1633 4683 1679 4749; x_wconf 76' lang='grc' dir='ltr'>τῆς</span> <span class='ocrx_word' id='word_1_649' title='bbox 1698 4696 1776 4754; x_wconf 63' lang='lat' dir='ltr'><strong>epops</strong></span> 
     </span>
     <span class='ocr_line' id='line_1_48' title="bbox 138 4756 1773 4852; baseline -0.005 -24"><span class='ocrx_word' id='word_1_650' title='bbox 138 4786 147 4799; x_wconf 86' lang='grc'><strong>’</strong></span> <span class='ocrx_word' id='word_1_651' title='bbox 173 4839 176 4845; x_wconf 28' lang='lat'><em>⁴</em></span> <span class='ocrx_word' id='word_1_652' title='bbox 228 4773 339 4852; x_wconf 77' lang='lat' dir='ltr'><strong>plretin,</strong></span> <span class='ocrx_word' id='word_1_653' title='bbox 352 4783 483 4850; x_wconf 86' lang='lat' dir='ltr'><strong>quatenns</strong></span> <span class='ocrx_word' id='word_1_654' title='bbox 502 4768 552 4847; x_wconf 91' lang='lat' dir='ltr'><strong>qui</strong></span> <span class='ocrx_word' id='word_1_655' title='bbox 575 4767 667 4827; x_wconf 80' lang='lat' dir='ltr'><strong>babet</strong></span> <span class='ocrx_word' id='word_1_656' title='bbox 683 4768 772 4844; x_wconf 87' lang='lat' dir='ltr'><strong>illum,</strong></span> <span class='ocrx_word' id='word_1_657' title='bbox 795 4770 893 4848; x_wconf 63' lang='lat' dir='ltr'><strong>soture</strong></span> <span class='ocrx_word' id='word_1_658' title='bbox 902 4793 973 4851; x_wconf 79' lang='lat' dir='ltr'><strong>prae-</strong></span> <span class='ocrx_word' id='word_1_659' title='bbox 993 4770 1011 4817; x_wconf 77' lang='grc' dir='ltr'><strong>Β</strong></span> <span class='ocrx_word' id='word_1_660' title='bbox 1027 4767 1098 4836; x_wconf 83' lang='grc' dir='ltr'>τείας</span> <span class='ocrx_word' id='word_1_661' title='bbox 1108 4812 1115 4834; x_wconf 91' lang='grc'>,</span> <span class='ocrx_word' id='word_1_662' title='bbox 1127 4769 1171 4847; x_wconf 84' lang='grc' dir='ltr'>ἄρ’</span> <span class='ocrx_word' id='word_1_663' title='bbox 1184 4756 1213 4823; x_wconf 72' lang='grc' dir='ltr'>οὗ</span> <span class='ocrx_word' id='word_1_664' title='bbox 1228 4765 1321 4844; x_wconf 75' lang='grc' dir='ltr'>δέχων</span> <span class='ocrx_word' id='word_1_665' title='bbox 1336 4766 1403 4825; x_wconf 81' lang='grc' dir='ltr'>αὐτὸ</span> <span class='ocrx_word' id='word_1_666' title='bbox 1410 4765 1535 4845; x_wconf 83' lang='grc' dir='ltr'>προλέγει</span> <span class='ocrx_word' id='word_1_667' title='bbox 1545 4768 1583 4827; x_wconf 78' lang='grc' dir='ltr'>τὰ</span> <span class='ocrx_word' id='word_1_668' title='bbox 1594 4766 1773 4845; x_wconf 73' lang='grc' dir='ltr'>μάλλοντα,οίτ</span> 
     </span>
     <span class='ocr_line' id='line_1_49' title="bbox 226 4856 1772 4943; baseline -0.003 -22"><span class='ocrx_word' id='word_1_669' title='bbox 226 4865 307 4941; x_wconf 86' lang='lat' dir='ltr'><strong>dicit,</strong></span> <span class='ocrx_word' id='word_1_670' title='bbox 334 4885 386 4924; x_wconf 91' lang='lat' dir='ltr'>non</span> <span class='ocrx_word' id='word_1_671' title='bbox 414 4885 449 4923; x_wconf 84' lang='lat' dir='ltr'>ex</span> <span class='ocrx_word' id='word_1_672' title='bbox 472 4862 580 4943; x_wconf 87' lang='lat' dir='ltr'><strong>propria</strong></span> <span class='ocrx_word' id='word_1_673' title='bbox 611 4875 699 4921; x_wconf 88' lang='lat' dir='ltr'><strong>mente</strong></span> <span class='ocrx_word' id='word_1_674' title='bbox 722 4862 853 4940; x_wconf 88' lang='lat' dir='ltr'><strong>loquens,</strong></span> <span class='ocrx_word' id='word_1_675' title='bbox 882 4864 929 4924; x_wconf 86' lang='lat' dir='ltr'>sed</span> <span class='ocrx_word' id='word_1_676' title='bbox 956 4888 973 4925; x_wconf 83' lang='lat' dir='ltr'><strong>a</strong></span> <span class='ocrx_word' id='word_1_677' title='bbox 1027 4859 1110 4938; x_wconf 72' lang='grc' dir='ltr'>οἰκείᾳ</span> <span class='ocrx_word' id='word_1_678' title='bbox 1132 4856 1306 4938; x_wconf 70' lang='grc' dir='ltr'>φθεγγόμενος</span> <span class='ocrx_word' id='word_1_679' title='bbox 1328 4856 1444 4934; x_wconf 75' lang='grc' dir='ltr'>διανοίᾳ,</span> <span class='ocrx_word' id='word_1_680' title='bbox 1472 4859 1533 4916; x_wconf 81' lang='grc' dir='ltr'>ἀλλ’</span> <span class='ocrx_word' id='word_1_681' title='bbox 1559 4861 1612 4920; x_wconf 83' lang='grc' dir='ltr'>ὓπδ</span> <span class='ocrx_word' id='word_1_682' title='bbox 1628 4865 1673 4932; x_wconf 69' lang='grc' dir='ltr'>τῖς</span> <span class='ocrx_word' id='word_1_683' title='bbox 1693 4856 1772 4938; x_wconf 68' lang='grc' dir='ltr'>χάριτα</span> 
     </span>
     <span class='ocr_line' id='line_1_50' title="bbox 227 4946 1770 5038; baseline -0.001 -22"><span class='ocrx_word' id='word_1_684' title='bbox 227 4959 311 5035; x_wconf 78' lang='lat' dir='ltr'><strong>gratia</strong></span> <span class='ocrx_word' id='word_1_685' title='bbox 326 4972 414 5018; x_wconf 91' lang='lat' dir='ltr'><strong>motus</strong></span> <span class='ocrx_word' id='word_1_686' title='bbox 427 4982 433 5014; x_wconf 90' lang='lat'><strong>:</strong></span> <span class='ocrx_word' id='word_1_687' title='bbox 444 4957 482 5016; x_wconf 92' lang='lat' dir='ltr'><strong>sic</strong></span> <span class='ocrx_word' id='word_1_688' title='bbox 496 4970 521 5017; x_wconf 91' lang='lat' dir='ltr'>et</span> <span class='ocrx_word' id='word_1_689' title='bbox 535 4957 646 5036; x_wconf 85' lang='lat' dir='ltr'><strong>spiritus</strong></span> <span class='ocrx_word' id='word_1_690' title='bbox 659 4956 825 5037; x_wconf 87' lang='lat' dir='ltr'><strong>adoptionis,</strong></span> <span class='ocrx_word' id='word_1_691' title='bbox 840 4974 974 5038; x_wconf 84' lang='lat' dir='ltr'><strong>quatenus</strong></span> <span class='ocrx_word' id='word_1_692' title='bbox 1027 4959 1191 5038; x_wconf 84' lang='grc' dir='ltr'>κινούμενος·</span> <span class='ocrx_word' id='word_1_693' title='bbox 1206 4957 1274 5017; x_wconf 88' lang='grc' dir='ltr'>οἱὶτω</span> <span class='ocrx_word' id='word_1_694' title='bbox 1290 4957 1321 5028; x_wconf 82' lang='grc' dir='ltr'>δὴ</span> <span class='ocrx_word' id='word_1_695' title='bbox 1338 4957 1382 5015; x_wconf 81' lang='grc' dir='ltr'>καί</span> <span class='ocrx_word' id='word_1_696' title='bbox 1398 4961 1503 5034; x_wconf 79' lang='grc' dir='ltr'>πνεῦμα</span> <span class='ocrx_word' id='word_1_697' title='bbox 1522 4960 1669 5030; x_wconf 85' lang='grc' dir='ltr'>υἱοθεσίας,</span> <span class='ocrx_word' id='word_1_698' title='bbox 1684 4960 1721 5038; x_wconf 71' lang='grc' dir='ltr'>ἂρ’</span> <span class='ocrx_word' id='word_1_699' title='bbox 1731 4946 1770 5015; x_wconf 78' lang='grc' dir='ltr'>οἱὸ</span> 
     </span>
    </p>
   </div>
   <div class='ocr_carea' id='block_1_3' title="bbox 257 5151 816 5223">
    <p class='ocr_par' dir='ltr' id='par_1_3' title="bbox 257 5151 816 5223">
     <span class='ocr_line' id='line_1_51' title="bbox 257 5151 816 5223; baseline 0.018 -26"><span class='ocrx_word' id='word_1_700' title='bbox 257 5165 266 5187; x_wconf 72' lang='lat'><strong>¹</strong></span> <span class='ocrx_word' id='word_1_701' title='bbox 286 5151 354 5199; x_wconf 68' lang='lat' dir='ltr'><strong>t&#39;nzn</strong></span> <span class='ocrx_word' id='word_1_702' title='bbox 367 5159 400 5204; x_wconf 75' lang='grc' dir='ltr'>ἔτι</span> <span class='ocrx_word' id='word_1_703' title='bbox 414 5160 459 5210; x_wconf 75' lang='grc' dir='ltr'>θεὸς</span> <span class='ocrx_word' id='word_1_704' title='bbox 471 5157 499 5212; x_wconf 82' lang='grc' dir='ltr'>εἶς</span> <span class='ocrx_word' id='word_1_705' title='bbox 510 5162 569 5215; x_wconf 69' lang='lat' dir='ltr'><strong>terr,</strong></span> <span class='ocrx_word' id='word_1_706' title='bbox 582 5162 617 5206; x_wconf 74' lang='grc' dir='ltr'>καὶ</span> <span class='ocrx_word' id='word_1_707' title='bbox 631 5163 705 5223; x_wconf 71' lang='grc' dir='ltr'>πατὴρ</span> <span class='ocrx_word' id='word_1_708' title='bbox 719 5163 816 5207; x_wconf 73' lang='grc' dir='ltr'>πάντων.</span> 
     </span>
    </p>
   </div>
   <div class='ocr_carea' id='block_1_4' title="bbox 0 0 1876 5970">
    <p class='ocr_par' dir='ltr' id='par_1_4' title="bbox 0 0 1876 5970">
     <span class='ocr_line' id='line_1_52' title="bbox 0 0 1876 5970; baseline 0 0"><span class='ocrx_word' id='word_1_709' title='bbox 0 0 1876 5970; x_wconf 95' lang='lat' dir='ltr'> </span> 
     </span>
    </p>
   </div>
  </div>
 </body>
</html>
