3728 5978
622 453 652 501 S.
679 450 816 501 JOANMS
842 449 1023 498 CHRYSOST.
1055 450 1208 499 auctttttr.
1236 450 1502 500 CONSTANTINOP.

503 841 663 902 nomon
684 806 732 900 v?
763 874 766 878 ι
1327 842 1463 902 omns
1483 837 1514 900 r.

158 1038 161 1045 '
243 1032 312 1091 (λιν.
322 1033 351 1092 2.
363 1049 390 1088 v.
405 1029 455 1087 ίί.
471 1029 535 1087 Viri
548 1027 658 1099 Judaet,
673 1039 702 1085 et
715 1029 766 1107 qui
780 1026 923 1084 habitatis
937 1024 985 1083 Je-
1002 1033 1021 1083 Ι)
1035 1024 1140 1108 Ἄνδρες
1162 1028 1300 1098 Ἰουδαῖοι,
1318 1026 1365 1087 καί
1386 1029 1412 1087 oi
1431 1032 1613 1096 κατοικαῆντις
1635 1025 1811 1106 Ἱερωσαλῆμ

281 1122 410 1181 rusalem
424 1122 565 1191 universi,
588 1119 644 1177 hoo
663 1120 747 1176 uobis
764 1129 866 1177 notum
888 1120 936 1195 sit,
958 1127 986 1173 et
1076 1119 1203 1191 ἅπαντες,
1217 1125 1295 1179 τοῦτο
1312 1122 1375 1198 ὑμῖν
1389 1119 1505 1199 γνωστὸν
1520 1118 1608 1195 ίστω,
1620 1117 1668 1180 καί
1681 1118 1811 1180 ἐνωτίσα-

286 1217 411 1274 auribus
422 1215 562 1294 percipite
575 1212 668 1270 verba
680 1231 754 1269 mea.
1076 1218 1121 1272 σθε
1138 1213 1172 1273 τὰ
1187 1212 1294 1295 ῥήματά
1309 1236 1367 1291 μου.

284 1404 311 1459 ί.
327 1399 402 1471 Quos
412 1400 535 1481 superius
551 1399 707 1481 peregrinos
720 1398 801 1474 dixit,
817 1397 851 1457 ad
868 1398 929 1457 illos
941 1397 987 1457 hie
1077 1397 1132 1467 Οθς
1149 1397 1234 1467 ξένους
1248 1388 1321 1459 εἶπεν
1337 1397 1475 1480 ἄνωτίρω,
1491 1399 1603 1458 ἐνταῦθα
1615 1398 1682 1482 πρὸς
1699 1398 1812 1466 ἐκείνους

241 1515 390 1555 sermonem
403 1492 533 1552 eonvertit
548 1516 555 1548 ι
571 1505 597 1551 et
616 1490 726 1552 videtur
740 1490 852 1568 quidem
871 1490 933 1550 illos
946 1490 987 1550 al·
1037 1492 1169 1551 ἀποτείνει
1188 1490 1335 1570 τὸνλόγον·
1350 1491 1397 1551 καί
1412 1492 1484 1550 δοκεῖ
1503 1490 1550 1570 μίν
1564 1489 1673 1558 ίκείνοις
1695 1492 1811 1572 διαλίγε·

240 1588 324 1667 loqui,
336 1587 384 1647 sed
396 1585 516 1644 irrisores
526 1584 657 1643 emendat.
669 1585 736 1644 Nam
749 1582 842 1642 divina
852 1581 987 1664 dispensa·
1037 1589 1113 1658 σθαι,
1127 1586 1198 1665 όρθοῖ
1218 1583 1246 1645 δὲ
1267 1582 1327 1652 τοὺς
1344 1583 1570 1665 διαχλευάζοντες.
1582 1582 1636 1644 Ιίαλ
1648 1583 1702 1665 γθρ
1716 1586 1811 1664 ᾠκονο-

240 1680 312 1740 tione
330 1681 431 1738 tactum
454 1690 493 1735 est
516 1688 546 1734 ut
561 1675 674 1754 quidam
693 1671 845 1751 irriderent,
856 1694 910 1751 quo
924 1673 987 1732 hinc
1038 1679 1109 1756 μήθη
1128 1677 1202 1746 τινὰς
1219 1677 1408 1757 διαχλευάσαι,
1428 1675 1473 1736 ἵνα
1490 1675 1576 1758 ἀρχὴν
1599 1679 1649 1748 τῆς
1670 1676 1813 1755 ἀπολογίας

240 1762 419 1832 defensionem
434 1768 578 1844 ordiretur,
590 1789 621 1827 ac
635 1789 684 1848 per
699 1767 774 1827 illam
787 1765 904 1825 doceret.
921 1769 987 1826 Ma·
1036 1768 1123 1847 λύθη,
1134 1767 1181 1828 καλ
1190 1767 1400 1848 ἀπολογούμενος
1408 1767 1510 1849 διδάξῃ.
1524 1766 1604 1849 Μίγοι
1615 1768 1669 1850 ἄρα
1680 1767 1814 1848 ίγκύμιον

241 1886 301 1945 gnae
317 1864 370 1924 sibi
391 1861 466 1922 laudi
488 1882 544 1920 esse
567 1860 706 1941 putabant,
721 1857 793 1938 quod
811 1859 988 1940 Jerosolymis
1036 1866 1166 1940 ἡγοῦντο,
1180 1861 1226 1921 καί
1246 1861 1277 1922 τὸ
1295 1863 1324 1921 iv
1337 1860 1530 1941 Ἱεροσολύμοις
1541 1865 1631 1922 οἰκεῖν.
1641 1863 1731 1921 Τῶτο
1741 1866 1811 1941 ὑμῖν,

240 1957 402 2017 habitarent.
413 1957 478 2013 Hoc
489 1956 586 2030 uobis,
602 1951 700 2031 inquit,
716 1966 817 2011 notum
827 1956 877 2024 sit,
891 1965 920 2010 et
933 1973 988 2011 au·
1037 1954 1117 2033 φησί,
1127 1952 1243 2033 γνωστθν
1255 1952 1338 2025 ἔστω,
1354 1953 1400 2012 καί
1413 1953 1572 2015 ἐνωτίσασθε
1584 1953 1618 2014 τί
1631 1954 1743 2035 ρήματιί
1753 1977 1812 2033 μαι.

241 2053 322 2109 ribus
340 2051 480 2128 percipite
501 2049 593 2105 uerba
612 2066 685 2104 mea.
701 2045 863 2104 Attentiores
881 2043 988 2102 interim
1004 2051 1022 2099 θ
1038 2045 1375 2128 Προσεκτικωτίρουςτίως
1387 2044 1501 2115 ἀὐτούς
1514 2057 1593 2109 ποιιῑ.
1603 2038 1674 2109 Είτα
1687 2046 1735 2108 καί
1745 2051 1812 2108 ἀπο·

240 2140 304 2200 illos
312 2139 412 2215 reddit,
427 2152 452 2197 et
464 2153 556 2220 postea
567 2137 749 2197 defensionem
763 2150 851 2218 parat.
862 2136 909 2196 15.
920 2138 989 2195 Non
1038 2143 1167 2219 λογεῖται.
1183 2141 1224 2199 Οὐ
1234 2138 1287 2222 γὰρ
1297 2143 1334 2206 ὡς
1346 2143 1423 2218 ὑμεῖς
1440 2139 1659 2219 ὑπολαμόύνετε,
1672 2129 1747 2201 οὑτοι
1764 2162 1811 2218 με·

241 2238 331 2306 enim,
346 2235 423 2292 sicut
433 2250 487 2290 oos
501 2233 701 2332 suspicamini,
713 2231 745 2288 ίιί
758 2230 831 2288 ebrii
840 2241 918 2287 sunt.
933 2228 990 2289 vi·
1038 2231 1150 2291 θύουσιν.
1162 2230 1245 2312 Ὁρᾷς
1255 2230 1304 2304 τῆν
1318 2229 1474 2310 ἀπολογίαν,
1488 2230 1706 2312 meropes-quiq
1720 2229 1813 2292 Καίτοι

242 2324 304 2384 den’
320 2345 401 2403 quam
413 2321 485 2380 mitis
499 2322 534 2380 sit
549 2321 689 2380 defensio?
705 2320 780 2380 Licet
793 2320 923 2426 majorem
936 2341 989 2401 po-
1038 2323 1069 2383 τδ
1055 2322 1164 2383 δπλίον
1177 2322 1246 2404 ἔχων
1259 2328 1305 2382 τοὺ
1326 2322 1413 2402 δήμου
1430 2321 1488 2399 μεθ’
1499 2325 1593 2382 ἑαυτοῦ
1600 2323 1812 2403 ,ἐπιεικέστεραι

242 2419 302 2500 puli
313 2431 418 2500 putem
431 2438 521 2477 secum
539 2416 657 2486 haberet,
675 2413 839 2474 mansuetius
853 2428 941 2472 tamen
954 2413 988 2473 il·
1038 2413 1110 2493 ὅμως
1136 2418 1224 2481 αὐτοῖς
1247 2413 1412 2493 διαλέγεται·
1404 2414 1472 2474 ’καί
1494 2413 1622 2496 πρότερον
1636 2419 1742 2498 ἀναιρεῖ
1766 2414 1812 2488 τῆν

240 2511 282 2572 los
294 2511 457 2590 alloquitur
471 2530 598 2590 reprimo
608 2509 706 2568 malam
719 2506 899 2589 suspicionem
909 2507 990 2586 tollit,
1038 2507 1153 2588 ὑποψίαν
1171 2505 1219 2580 τῆν
1244 2504 1433 2624 πογηρδν,καί
1452 2506 1512 2566 τότε
1536 2492 1814 2582 ίκείνηνίδθησιδ
1767 2509 1814 2568 Διδ

240 2603 391 2683 deindeque
403 2602 585 2662 defensionem
600 2601 701 2660 statuit.
716 2600 835 2680 ideoque
849 2598 989 2674 nondicit,
1038 2599 1126 2661 καί’
1100 2624 1148 2658 ουκ
1169 2589 1251 2674 επεν,
1267 2623 1296 2660 ου
1284 2598 1391 2682 ἐγθρ
1377 2623 1414 2668 ως
1427 2603 1501 2678 ὑμεῖς
1519 2599 1677 2681 χλευάζετε,
1698 2599 1758 2661 οὔτε
1779 2604 1814 2668 ὡς

240 2697 302 2756 Non
321 2696 393 2755 enim
410 2695 541 2757 sieutvos
559 2693 739 2769 subsannatis,
754 2692 800 2753 rel
813 2692 915 2768 ridetis,
931 2692 988 2767 sed,
1037 2696 1113 2771 ὑμεῖς
1131 2693 1244 2771 γελᾶτε,
1266 2690 1325 2750 ἀλλ’
1329 2689 1400 2766 ,Ὡς
1413 2691 1635 2770 ὑπολαμόύνετε,
1658 2693 1814 2772 βουλόμενος

239 2790 320 2850 Sicut
340 2792 556 2869 suspicamini:
548 2786 711 2846 :ostendere
734 2787 829 2846 volens
852 2786 914 2845 illos
935 2807 988 2845 non
1038 2789 1085 2846 οὐκ
1103 2785 1224 2858 ἐπίτηδες
1237 2790 1314 2846 τοῦτο
1329 2736 1560 2866 λίγουταςδεῖξιιι,
1572 2786 1711 2846 ε’ἀλλὰ
1678 2810 1746 2855 τιως
1766 2789 1814 2847 οὑ-

240 2881 310 2942 serio
321 2882 379 2940 haee
389 2880 502 2953 dixisse,
516 2894 547 2938 ut
561 2900 649 2957 magis
660 2878 715 2937 rllrs
727 2879 894 2958 ignorantie,
906 2900 987 2957 quam
1037 2887 1092 2947 τοῖς
1105 2884 1251 2961 ereptorum
1263 2877 1371 2959 ἀγνοίας
1387 2881 1499 2957 μᾶλλον,
1513 2877 1531 2949 ῆ
1545 2876 1705 2958 κακουργίας
1717 2879 1813 2958 sptu-

240 2974 464 3033 malitiaecrimen
478 2973 593 3031 offerret.
606 2974 674 3029 Non
691 2976 779 3044 euim,
791 2975 987 3031 sicutoossu-
1001 2995 1087 3071 Ἣμα
1102 2973 1142 3031 Οὐ
1159 2971 1253 3054 γδρ,“
1239 2994 1275 3038 ως
1291 2974 1368 3049 ὑμεῖς
1386 2968 1603 3050 ὑτιυλαμδοίντττ,
1616 2961 1690 3031 οὑτοι
1705 2969 1814 3050 μεθύω·

239 3070 405 3146 spiramini,
420 3068 452 3124 tu·
464 3068 537 3123 ebrii
550 3076 629 3135 sunt,
642 3084 708 3123 cum
724 3067 763 3122 srt
774 3065 849 3122 liora
861 3066 987 3123 diriter
1001 3030 1095 3130 λ’σιν·
1113 3064 1169 3123 ἔστι
1188 3062 1314 3146 γὰρ’ωρα
1327 3063 1468 3144 τρίτη”τ·ης
1489 3061 1601 3143 ἡμέρας,
1629 3061 1684 3123 Καὶ
1704 3063 1732 3122 τί
1751 3086 1813 3144 φησι

241 3163 294 3218 tia
305 3158 421 3218 Curhoe
430 3155 516 3216 d1r1t³
526 3176 615 3214 annon
628 3168 752 3234 poterant
763 3154 829 3225 hora
842 3155 921 3213 tertia
931 3176 988 3214 rne-
1037 3161 1129 3228 τοῦτο,
1143 3156 1190 3215 οὑκ
1206 3155 1243 3215 ἔνι
1267 3156 1314 3215 καί
1336 3158 1363 3214 ἐν
1385 3179 1418 3236 τῃ
1401 3154 1508 3238 τρίτη
1523 3152 1581 3237 ιὺρρ
1603 3153 1725 3233 μεθύειν,
1736 3153 1812 3230 Ἐν,ι

238 3248 345 3309 briari?
361 3253 487 3309 Poterant
498 3268 574 3321 sane,
567 3244 655 3305 sod
648 3267 675 3304 ιιι
686 3245 739 3304 hoe
750 3245 797 3304 ille
806 3267 860 3305 non
872 3246 989 3306 mrdtum
1039 3251 1098 3307 ἀλλ’
1115 3249 1161 3306 οὐκ
1181 3248 1272 3321 ἔστη·
1278 3247 1344 3328 πρὸς
1355 3270 1432 3307 τουτο
1445 3246 1494 3306 ἐπὶ
1500 3246 1583 3307 πολυ
1576 3245 1655 3306 οὑδὲ
1667 3248 1722 3330 γὰρ
1734 3246 1814 3314 οὑτως

239 3341 373 3401 instabat.
368 3366 374 3378 ·
385 3362 436 3421 neq
441 3362 472 3399 ue
484 3339 556 3399 enim
572 3338 609 3397 itu
623 3360 651 3398 se
663 3353 809 3418 gesserant,
824 3352 855 3396 ut
869 3338 989 3399 irrisores
1039 3331 1122 3421 εἶχον,
1137 3343 1173 3409 ὡς
1186 3339 1400 3421 διαχλευάζοντες
1412 3338 1486 3400 αὑτοί
1497 3338 1595 3421 ίλεγον.
1606 3341 1712 3399 Οὑκοῦν
1723 3341 1815 3399 ίντεύ-

107 3453 168 3560 tun
167 3452 233 3497 ηοω
241 3434 284 3493 illi
301 3434 435 3494 dicebant.
452 3433 522 3491 Hine
544 3453 608 3512 ergo
629 3431 801 3505 discimus,
793 3452 820 3490 ιιι
839 3432 919 3490 rebus
936 3453 990 3538 non
1040 3438 1081 3492 θεν
1093 3433 1268 3512 μανθανομεν
1279 3430 1320 3491 ότι
1332 3453 1398 3511 προς
1414 3428 1449 3490 τίι
1462 3429 1500 3509 μῆ
1515 3432 1690 3511 ἀναγκαῖαώ
1710 3432 1749 3490 δτι
1763 3454 1813 3491 πο-

240 3907 296 3961 σιντ
307 3924 339 3960 ιιι
348 3919 513 3959 novrssrmrs
525 3899 639 3968 diebus
651 3897 723 3955 dreit
735 3897 881 3954 Dominus
896 3898 985 3957 Deus.
1039 3922 1109 3978 ραις,
1117 3829 1199 3976 ρλέγει
1218 3802 1428 3977 Κύριόςὺθεός.
1443 3898 1570 3979 Οὗδαμσι
1584 3895 1650 3963 τίως
1666 3801 1812 3975 όνσμα
1765 3899 1811 3956 τοῦ

239 3994 369 4055 Nondum
392 3991 505 4052 auditur
526 4010 623 4050 nomen
647 3987 759 4059 Christi,
780 4009 829 4047 nec
845 3989 988 4068 promissio
1038 3993 1166 4070 Χριστου,
1181 3989 1267 4049 οὑδὲ’
1254 4013 1271 4061 η
1287 3989 1449 4070 ἐπαγγελία,
1465 3993 1545 4050 αὐτου
1526 3986 1729 4070 ἐπαγγελία,
1743 3986 1811 4072 ἀλλδ

239 4087 313 4148 illius
325 4100 375 4158 est,
387 4083 435 4144 sed
447 4083 546 4143 Patris.
561 4080 633 4144 Vide
644 4080 810 4162 sapientiam.
823 4083 883 4140 Non
896 4081 986 4141 statim
1037 4089 1083 4142 τοῦ
1097 4083 1213 4162 Πατρός.
1225 4079 1299 4162 Ὅρα
1313 4081 1425 4144 σύνεσιν.
1437 4085 1478 4143 Οὐ
1492 4086 1610 4164 παρῆλθε
1626 4083 1671 4142 καί
1687 4074 1761 4142 εἶπεν
1771 4082 1813 4141 εί·

239 4178 347 4238 transiit
365 4175 400 4235 ad
420 4198 461 4250 ea,
475 4197 534 4254 quae
552 4174 692 4233 Christum
707 4173 872 4254 spectabant3
892 4195 987 4255 nempe
1002 4210 1020 4257 Β
1037 4175 1100 4243 θίως
1121 4174 1155 4234 τδι
1174 4173 1243 4234 κατὰ
1257 4175 1301 4235 τδν
1315 4176 1442 4257 Χριστόν,
1458 4175 1498 4235 ότι
1514 4180 1610 4245 ἐκεῖνος
1634 4175 1812 4255 ἐπηγγείλατο

239 4268 313 4348 quod
334 4268 390 4348 ipse
406 4265 464 4325 haec
485 4265 648 4346 promiserit,
667 4278 809 4344 postquam
839 4266 987 4326 crucifixus
1036 4274 1121 4329 ταῦτα
1136 4267 1204 4346 μετὰ
1214 4267 1244 4326 τὸ
1257 4272 1454 4349 σταυρωθῆναι·
1468 4259 1486 4340 ῆ
1500 4269 1553 4351 γὰρ
1567 4267 1696 4329 θνπιίντα
1707 4268 1812 4350 ἀνίτρε-

240 4363 327 4420 suerat
341 4384 347 4417 :
361 4357 483 4436 alioquin
501 4356 590 4416 omnia
606 4355 780 4416 sokuertisset
792 4355 849 4415 haee
862 4355 985 4417 dicendo.
1037 4364 1085 4442 ψεν
1097 4360 1179 4428 οὑτως
1195 4359 1285 4420 είπύιν.
1305 4359 1359 4420 Καί
1377 4359 1429 4438 μῆν
1452 4359 1531 4419 ίκανίι
1555 4353 1595 4434 ῆν
1609 4359 1692 4430 δεῖξαι
1715 4365 1811 4436 αὑτοῦ,

240 4451 323 4531 Atqui
344 4462 480 4532 poterant,
498 4447 616 4526 inquies,
633 4446 690 4523 ejus
710 4444 882 4505 divinitatem
897 4461 987 4508 osten·
1037 4453 1118 4535 φησί,
1133 4452 1181 4525 τὴν
1198 4452 1318 4524 θεύτητα.
1333 4451 1413 4512 Ἀλλὰ
1424 4452 1602 4532 πιστευόμενα
1621 4454 1707 4529 (τδδί
1721 4454 1812 4527 ζητού·

239 4544 311 4605 dere.
327 4545 396 4604 Sane
414 4540 535 4619 quidem,
549 4538 572 4598 si
590 4537 692 4598 eredita
707 4539 819 4598 fuissent
831 4565 837 4597 ι
851 4539 925 4618 quod
938 4563 987 4600 au·
1038 4567 1115 4625 μενον
1128 4542 1193 4610 τέως
1206 4546 1378 4614 πιστευθῆναι
1392 4534 1456 4619 ῆν),
1474 4543 1512 4622 μὴ
1523 4544 1701 4624 πιστευόμενα
1712 4544 1812 4617 δὲ,κοιί

239 4652 293 4698 tem
300 4638 358 4719 jam
366 4634 545 4713 querebatur,
557 4646 613 4691 erat
624 4646 654 4690 ut
665 4632 835 4691 crederentur
846 4656 853 4690 τ
866 4654 917 4692 που
929 4656 985 4693 ere·
1037 4639 1245 4706 καταλευσθῆναι
1265 4633 1358 4701 αὐτούς
1378 4634 1408 4692 ἂν
1424 4635 1553 4707 ἐποίησεν.
1567 4635 1676 4718 Ἐκχεῶ
1700 4638 1753 4698 ἀπὸ
1766 4642 1813 4700 rot

239 4731 297 4791 dita
309 4744 399 4789 autem
414 4726 443 4785 id
456 4724 612 4797 effecissent,
619 4737 650 4781 ut
661 4724 700 4782 illi
717 4723 911 4804 lapidarentur.
924 4727 952 4784 E
945 4726 985 4808 j
1038 4727 1192 4806 Πνεύματός
1204 4749 1254 4804 μου
1268 4724 1312 4785 ἐπί
1330 4735 1419 4787 πᾶσαν
1434 4727 1531 4809 σάρκα.
1545 4727 1644 4791 Δίδωσι
1659 4730 1705 4789 καί
1726 4733 1812 4799 αὐτοῖς

232 4826 366 4907 fundum
380 4823 417 4879 de
426 4821 535 4900 Spiritu
553 4837 616 4874 meo
630 4837 716 4896 super
732 4838 845 4874 omnem
857 4839 984 4878 earnem.
1037 4819 1146 4887 ἐλπίδας
1159 4816 1285 4898 χρηστὰς,
1299 4816 1324 4876 εί
1332 4843 1362 4898 γε
1375 4818 1483 4879 θέλοιεν.
1497 4819 1552 4880 Καί
1572 4822 1620 4880 οὑκ
1633 4821 1741 4902 ἀφίησιν
1763 4825 1810 4882 αὑ-

242 4920 296 4976 Dat
313 4915 367 4975 illis
386 4933 492 4992 quoque
511 4931 585 4992 spem
600 4909 710 4983 bonam,
722 4909 744 4968 si
762 4909 872 4987 quidem
889 4911 984 4971 velint.
1039 4917 1091 4971 τῶν
1107 4901 1210 4970 εἶναιτὸ
1220 4909 1418 4989 πλεονέκτημα,
1429 4909 1549 4991 όπερκαί
1561 4912 1708 4993 βασκανίαν
1720 4914 1812 4990 ίποίει,

242 5010 298 5068 Noc
307 5007 371 5066 sinit
384 5006 444 5064 illos
454 5005 555 5085 majore
565 5002 641 5083 copia
653 5001 715 5079 frui,
726 5000 799 5081 quod
811 5002 924 5063 livorem
938 5026 985 5085 pe-
1041 5004 1087 5063 καί
1101 5003 1183 5080 ταύτῃ
1201 5002 1244 5060 τὸν
1256 5000 1348 5081 φθόνον
1361 5002 1576 5081 ὑποτεμνόμενος.
1598 5005 1652 5067 Καί
1665 5007 1812 5088 προφητεύ-

275 5190 288 5226 b
302 5185 369 5237 Alius
382 5191 461 5245 αὐτούς
473 5193 581 5244 ίιτσίητιι.
1085 5200 1097 5225 ¹
1115 5184 1181 5235 Alius
1194 5193 1248 5257 πρὸς
1261 5194 1326 5238 τοῦτο
1339 5191 1448 5257 ἀκριόῶς·
1463 5189 1511 5239 otti
1521 5195 1574 5255 γάρ.

276 5268 307 5330 ‘[
327 5267 356 5316 D.
371 5272 407 5317 καί
419 5266 492 5328 τέως]
