3728 5978
95 451 101 460 ·
130 417 196 505 248
454 439 483 485 s.
510 437 647 487 ioannis
672 437 854 484 cunusosr.
884 437 1038 484 suenum.
1066 390 1333 504 consrsuuiuob.

126 574 220 630 erant,
231 561 406 639 deponentes
420 563 457 620 de
474 563 564 642 ligno,
579 573 738 641 posuerunt
755 564 868 620 eumin
921 558 1013 628 οίτινές
1026 562 1077 619 εἰσι
1092 558 1223 640 μάρτυρες
1234 563 1314 621 αὑτοῦ
1327 561 1392 640 πρὸς
1403 561 1447 622 τὸν
1461 560 1536 621 λαόν.
1551 558 1609 621 Καί
1620 561 1696 632 ἡμεῖς

127 664 356 710 monumentum.
378 653 428 710 50,
444 655 523 713 Deus
543 674 616 711 uero
630 656 784 712 suscitavit
801 672 868 711 eum
920 655 989 727 ὑμᾶς
1005 650 1225 732 εὐαγγελιζόμεθα
1239 650 1288 725 πλν
1300 652 1365 732 πρὸς
1378 652 1438 720 τοὸς
1453 651 1573 733 πατέρας
1584 655 1695 727 ἐπαγγε-

126 747 277 802 amortuis
291 745 377 801 tertia
391 744 448 814 die,
460 749 511 824 qui
518 747 600 803 uisus
609 756 652 803 est
660 763 713 823 per
721 744 781 802 dies
793 744 867 801 mul·
920 743 979 803 λίαν
997 744 1184 824 γεγενημένην,
1202 744 1242 804 ότι
1264 743 1391 818 ταότηνό
1410 745 1479 813 Θεὸς
1504 742 1694 820 ἐκπεπλήρωκε

127 849 171 893 tos
185 838 231 900 iis,
248 834 297 892 51.
315 838 366 916 qui
388 836 477 894 simul
488 836 684 895 ascenderunt
699 853 765 894 cum
779 854 812 893 co
831 837 868 893 de
921 844 975 904 τοῖς
992 835 1093 904 τέκνοις
1114 840 1200 896 αὐτῶν
1218 841 1292 916 ἡμῖν,
1310 836 1462 909 ἀναστήσας
1475 837 1595 911 Ἰησοῦν,
1610 831 1694 900 καθὼς

128 926 258 987 Galilaea
271 931 303 985 in
316 927 494 997 Jerusalem,
508 931 559 1007 qui
571 939 640 986 sunt
654 939 740 985 testes
752 929 814 1007 ejus
827 927 870 984 ad
922 926 968 987 καί
979 929 1006 986 ἀν
1022 932 1062 1011 τῷ
1079 931 1179 1008 ψαλμῷ
1192 931 1231 1009 τῷ
1242 927 1357 1009 δευτέρῳ
1375 927 1544 1008 γέγραπται·
1563 924 1628 991 Υἱός
1645 947 1691 1002 pm

123 1019 247 1099 plebem.
262 1019 310 1080 ὅθ.
332 1022 374 1079 Et
396 1038 449 1077 nos
460 1021 545 1077 vobis
567 1022 864 1090 annuntiamuseam,
884 1031 902 1076 Ε
922 1011 946 1079 εἶ
959 1020 1006 1098 eb,
1020 1020 1072 1100 ἐγὼ
1092 1019 1208 1101 σήμερον
1222 1017 1369 1100 γεγέννηκά
1383 1043 1423 1079 σε.
1438 1017 1543 1078 Ὄτιδὲ
1555 1017 1692 1088 ἀνέστησα

126 1131 192 1191 quoe
203 1112 244 1177 ad
254 1124 353 1190 patres
370 1122 484 1169 nostros
499 1113 683 1190 repromissio
692 1110 779 1189 facta
797 1121 841 1168 est
856 1133 864 1164 ,·
922 1112 1000 1172 αὐτὸν
1011 1116 1041 1172 ἐκ
1052 1114 1151 1194 νεκρῶν
1166 1111 1263 1189 μηκέτι
1275 1109 1404 1189 plum
1415 1110 1494 1170 αὐτὸν
1505 1113 1543 1179 εἰς
1552 1105 1688 1188 διαφθαρὲν

126 1205 174 1262 55.
197 1207 268 1283 quia
295 1205 373 1262 banc
389 1202 666 1282 Deus'aelimpleuit
687 1203 770 1259 nobis
786 1201 867 1282 filiis
920 1204 1102 1285 ὑποστρέφειν,
1128 1203 1211 1272 οὕτως
1224 1203 1338 1283 είρηκεν,
1352 1203 1393 1262 ὅτι
1408 1201 1495 1262 Δώσω
1508 1205 1574 1280 ὑμῖν
1587 1199 1621 1260 τὸ
1633 1201 1687 1259 latu

124 1314 234 1364 eorum,
248 1295 424 1353 resuscitans
438 1295 641 1364 lesum,sicut
656 1304 683 1350 et
698 1295 729 1349 in
745 1292 867 1350 Psalmo
920 1295 1006 1355 Δαυίδ
1017 1294 1052 1355 τὰ
1063 1295 1155 1355 πιστέ.
1174 1296 1223 1355 Διὸ
1234 1295 1321 1356 καὶέν
1341 1294 1422 1377 θτέριρ
1434 1294 1583 1375 λέγει·οθ
1603 1293 1686 1360 δόσεις

7 1395 39 1438 at.
55 1407 78 1439 2-
90 1409 113 1455 7·
125 1387 252 1446 secundo
269 1390 483 1466 scriptumest:
499 1385 596 1445 Filius
616 1404 739 1442 meuses
755 1397 797 1454 tu,
814 1404 867 1464 ego
920 1385 1046 1448 τὸνὸαιόν
1061 1388 1180 1447 σουίδεῑν
1195 1386 1346 1468 διαφθοράν,
1358 1385 1443 1445 Δανὶδ
1456 1383 1631 1465 μὲνφλρῑδίρ
1643 1407 1685 1462 γν-

125 1479 212 1539 bodie
219 1483 309 1559 genui
322 1477 518 1555 te.·'bl.Quod
528 1489 626 1535 autem
639 1479 792 1536 suscitavit
801 1496 867 1535 eum
921 1489 967 1560 νεᾷ
989 1478 1158 1560 ὑπηρετήσας
1171 1484 1204 1551 τῆ
1225 1485 1270 1538 τῶ
1290 1481 1361 1539 Θεοῦ
1383 1481 1465 1556 βσυλῆ
1489 1474 1683 1556 decipiemini

124 1593 144 1631 a
155 1575 287 1644 mortuis,
301 1592 360 1630 non
370 1571 450 1630 ultra
470 1589 650 1629 reuersurum
659 1572 691 1627 in
700 1573 864 1649 corruptio·
920 1569 1065 1649 προσετέθη
1078 1570 1144 1650 πρὸς
1154 1544 1213 1638 νοὸς
1225 1569 1342 1651 πατέρας
1353 1573 1433 1628 σοέεαΰ
1442 1543 1457 1640 ,Ι
1462 1568 1510 1629 καί
1523 1559 1577 1628 εἶδε
1588 1568 1681 1648 διαφθο-

2 1674 112 1744 ips-³.
125 1685 201 1734 nem,
210 1667 254 1722 ita
264 1664 350 1734 dixit,
367 1663 445 1740 Quia
455 1661 532 1719 dabo
546 1662 631 1718 uobis
645 1672 752 1717 sancta
765 1660 867 1718 David
922 1663 986 1744 ρέν·
1004 1661 1032 1721 όν
1043 1659 1072 1722 bi
1087 1667 1102 1721 b
1121 1663 1189 1730 Θεὸς
1202 1662 1317 1743 ἤγειρεν,
1330 1663 1377 1720 οὐκ
1391 1650 1445 1736 εἶδε
1455 1657 1680 1739 διαφθοράν.’ορο

7 1738 112 1831 περ’ἶόΪ
114 1756 236 1836 fidelia.
253 1755 304 1814 35.
319 1755 390 1812 ldeo
406 1767 434 1812 et
454 1756 487 1812 in
507 1753 569 1812 alio
588 1753 659 1810 dicit
675 1775 684 1806 .·
699 1753 769 1810 Non
781 1752 866 1810 dabis
918 1761 1008 1815 τοῦτον
1020 1753 1190 1836 σφοδρότερον
1202 1752 1396 1832 διαλεγόμενον.
1412 1755 1500 1812 Τοῦτο
1512 1751 1624 1827 nempe
1634 1747 1685 1808 ΙΙί-

3 1860 8 1871 ·
121 1847 262 1907 Sanctum
276 1858 358 1905 tuum
370 1846 473 1904 videre
494 1847 716 1924 corruptionem.
732 1844 782 1902 56.
796 1843 865 1901 Da·
919 1868 979 1925 προς
991 1836 1075 1905 ε’ίτεν.
1092 1846 1220 1911 Γνωστὸν
1236 1835 1280 1904 σόν
1293 1844 1361 1905 ἔστω
1373 1847 1447 1922 ὑμῖν,
1463 1843 1556 1923 ἄνδρες
1571 1838 1678 1920 ἀδελφοί,

123 1940 173 1997 uid
185 1943 262 1997 enim
273 1942 307 1996 in
314 1957 370 1996 sua
377 1940 566 2017 generatione
577 1955 644 1994 cum
658 1934 865 1994 administras·
917 1936 957 1997 ότι
974 1937 1017 1998 διὸ
1031 1934 1123 1997 τούτου
1137 1942 1201 2015 ἡμῖν
1214 1936 1305 2018 ἄφεσις
1323 1937 1463 2016 ἁμαρτιῶν
1482 1932 1675 2012 θπσγγιλλετσι,

120 2043 163 2088 set
185 2030 338 2087 voluntati
357 2030 424 2099 Dei,
442 2028 589 2100 dormivit,
605 2037 634 2083 et
656 2027 805 2104 appositus
821 2039 864 2083 est
918 2030 963 2089 καί
976 2031 1029 2090 ἀπὸ
1041 2029 1159 2105 πάντων,
1169 2019 1206 2087 iii
1218 2011 1266 2087 οθκ
1272 2028 1420 2101 ἠδυνήθητε
1434 2028 1461 2086 ἐν
1474 2023 1549 2104 νόμιρ
1557 2022 1673 2091 Mosam

119 2121 162 2179 ad
167 2133 267 2200 patres
277 2139 356 2192 suos,
363 2131 391 2177 et
399 2118 710 2195 oiditcorruptionem:
720 2117 768 2175 57.
777 2135 863 2195 quem
918 2123 1104 2193 δικαιωθῆναι,
1119 2123 1147 2180 ιν
1160 2118 1245 2200 κρόκῳ
1270 2129 1323 2187 ρας
1343 2115 1505 2187 ραναανύανν
1530 2117 1664 2176 &mm

118 2233 191 2271 uero
202 2214 283 2271 Deus
295 2213 480 2270 suscitavita
494 2210 626 2279 mortuis,
639 2221 700 2264 non
710 2207 790 2264 vidit
800 2182 908 2283 cor-²1⁷
920 2197 986 2273 Ε’ίαρ
1004 2213 1051 2273 καὶ
1070 2212 1101 2272 αλ
1116 2211 1245 2293 ρρὸκρόν·
1261 2211 1380 2271 num
1402 2199 1459 2282 ρῦν,
1479 2207 1518 2287 μὴ
1531 2207 1621 2285 &aeq
1637 2209 1665 2286 ἕρ·

117 2309 290 2383 ruptionem.
305 2301 380 2363 Vide
391 2300 466 2358 hunc
477 2297 663 2358 vehementius
677 2296 860 2357 disserentem.
916 2311 984 2383 ερας
997 2303 1028 2364 τὸ
1039 2303 1178 2386 εἰρημένον
1190 2306 1218 2363 ἐν
1232 2312 1287 2372 τοῖς
1299 2302 1464 2385 προφήταις·
1474 2298 1557 2359 Ἴδετε
1569 2300 1592 2356 ιι
1602 2320 1662 2356 m.

117 2396 175 2455 Hoc
184 2414 333 2474 numquam
344 2393 440 2452 Petrus
450 2390 531 2450 dixit.
545 2389 710 2449 bssdlotum
723 2392 813 2470 igitur
822 2393 862 2449 sit
914 2396 1056 2476 φρανηταί,
1072 2396 1118 2455 καὶ
1130 2393 1298 2475 ίμόλίήατε,
1310 2393 1357 2454 καί
1372 2391 1545 2472 θαυμάσατε,
1560 2391 1600 2450 καί
1607 2395 1659 2468 ἀρε·

117 2491 213 2560 oobis,
226 2491 288 2546 uiri
296 2488 418 2566 fratres,
436 2487 507 2564 quia
516 2482 656 2560 perbunc
668 2483 751 2540 nobis
762 2485 862 2540 remis-
913 2488 1039 2561 νίαθηαν,
1055 2487 1096 2546 ὅτι
1117 2487 1192 2567 ιρφνν
1214 2486 1267 2566 ἐγὼ
1289 2486 1436 2567 ερφάζρραι
1457 2487 1484 2543 ἐν
1498 2492 1555 2551 ταῖς
1572 2480 1658 2562 ἡμέραν

116 2585 160 2639 sio
170 2591 356 2660 peccatorum
365 2577 572 2644 annuntiatur,
584 2586 613 2631 et
624 2575 664 2631 ab
676 2575 827 2642 omnibus,
841 2594 861 2632 a
915 2584 999 2658 ὑμῶν,
1011 2580 1026 2641 8
1039 2582 1068 2640 ρὸ
1084 2578 1121 2659 μὴ
1133 2580 1312 2654 καννεύσας-ς,
1326 2578 1371 2639 ἐάν
1389 2601 1430 2644 me
1442 2577 1592 2656 ςκδνηρῆααν
1607 2577 1657 2652 spii.

118 2674 222 2753 quibus
235 2691 295 2729 non
301 2669 437 2748 potuistis
447 2669 481 2724 in
490 2665 551 2746 lege
564 2662 682 2740 Moysis
684 2664 858 2747 justificari,

119 2765 168 2823 39.
187 2769 219 2823 in
232 2764 287 2822 boc
301 2764 395 2820 omnis
407 2762 457 2840 qui
468 2758 560 2816 credit
568 2757 762 2838 justificatur.
777 2756 861 2815 Dein-

119 2855 153 2922 de
164 2856 216 2916 hoe
238 2852 376 2914 terribile:
388 2851 438 2912 40.
451 2851 554 2909 Videte
564 2867 644 2928 ergo,
672 2869 709 2908 ne
721 2869 860 2929 superue-

20 2971 58 3001 σε·
72 2969 91 3000 ¹-
119 2953 184 3009 ruat
192 2942 278 3010 uobis
285 2947 365 3028 quod
374 2947 487 3006 dictum
497 2955 538 3003 est
550 2946 583 3001 in
588 2944 736 3023 prophetis
746 2945 795 3002 :ll
803 2945 863 3001 Ju-

118 3041 193 3115 dete,
203 3047 406 3106 contemtores,
422 3046 450 3093 et
459 3035 663 3104 admiramini,
677 3046 706 3092 et
717 3035 862 3113 disperdi-

118 3135 201 3203 mini,
219 3133 291 3210 quia
303 3149 375 3208 opus
396 3116 498 3207 opebor
509 3146 560 3206 ego
580 3129 614 3183 in
627 3127 729 3184 diebus
742 3131 860 3198 vestris,
961 3182 963 3187 ,

119 3223 198 3304 quod
206 3242 265 3280 non
275 3221 408 3296 credetis,
420 3223 447 3278 si
458 3222 524 3300 quis
535 3220 819 3276 enarraverituobis.

158 3320 185 3374 θ.
198 3313 271 3377 Vide
278 3311 413 3392 quomodo
424 3311 505 3371 nectit
515 3330 665 3370 sermonem
675 3331 710 3369 ex
724 3312 862 3391 praesemi·
956 3309 1030 3386 Ὀρα
1044 3309 1101 3374 πῶς
1119 3305 1210 3366 πλέκει
1230 3305 1274 3365 τὸν
1298 3303 1375 3383 λόγον
1397 3303 1451 3363 ἀπὸ
1465 3305 1519 3362 τῶν
1540 3300 1658 3382 παρόντων,

118 3409 179 3486 bus,
193 3429 228 3467 ex
237 3405 386 3488 prophetis,
397 3425 432 3463 ex
440 3402 541 3463 semine
551 3401 699 3462 secundum
707 3403 862 3483 promissio
917 3403 971 3463 ἀπὸ
992 3404 1044 3460 τῶν
1065 3401 1218 3479 προφητῶν,
1241 3398 1294 3457 ἀπὸ
1318 3402 1364 3456 τοῦ
1387 3396 1538 3476 σπέρματος
1560 3399 1602 3453 τοῦ
1617 3386 1660 3449 κατ’

118 3522 188 3560 nem.
201 3504 307 3562 Verum
325 3519 407 3578 supra
428 3496 502 3556 dicta
521 3496 702 3577 exploremus.
719 3499 783 3557 Viri
788 3499 862 3577 fra·
917 3490 1085 3572 ἐπαγγελίαν.
1101 3489 1193 3550 *Ἀλλ’
1207 3489 1305 3548 ἀνωθεν
1321 3487 1419 3563 ἴδωμεν
1431 3486 1466 3545 τὸ
1482 3484 1609 3566 εἰρημένα
1619 3480 1660 3541 ’ὸν

123 3607 190 3670 tres,
195 3595 261 3676 filii
270 3597 383 3673 generis
389 3590 531 3650 Ab‘ralioe.
540 3593 647 3671 Apatre
653 3588 726 3670 ipsos
733 3590 860 3670 appellat.
917 3588 975 3665 δρες
992 3583 1112 3663 ἀδελφοί,
1126 3581 1177 3641 olei
1187 3581 1277 3661 γένους
1289 3577 1420 3657 'sepita
1434 3578 1489 3637 Καί
1504 3577 1557 3637 ἀπὸ
1570 3581 1611 3635 τοῦ
1620 3596 1662 3633 τε·

122 3688 207 3745 Vobis
218 3705 311 3746 sermo
322 3684 427 3744 salutis
435 3685 523 3765 hujus
534 3687 638 3742 missus
650 3693 703 3742 est.
715 3680 860 3755 Hieillud,
917 3680 977 3759 τρὸς
991 3677 1083 3743 αὐτοὺς
1097 3678 1182 3735 καλεῖ.
1199 3673 1279 3746 Ὑμῖν
1293 3676 1308 3730 ὸ
1320 3670 1396 3751 λόγος
1411 3674 1459 3742 τῆς
1473 3667 1601 3756 σωτηρίας
1614 3663 1662 3725 mi·

121 3781 224 3852 Vobis,
243 3797 299 3837 non
319 3774 429 3838 Judaeos
447 3774 591 3856 separatim
605 3772 731 3853 respicit,
752 3771 799 3832 sed
816 3774 863 3833 dat
881 3794 898 3839 Β
917 3794 965 3844 της
975 3767 1150 3839 ἐξαπεστάλη.
1167 3765 1301 3825 Ἐνταῦθα
1314 3761 1360 3836 τὸ,
1376 3760 1468 3841 Ὑμῖν,
1487 3761 1536 3819 σιἰκ
1552 3752 1664 3820 ’lomus

120 3872 176 3931 illis
191 3882 364 3953 postestatem
381 3865 516 3926 avellendi
532 3887 561 3926 se
577 3865 677 3942 abiis,
697 3864 745 3944 qui
763 3864 864 3924 casdem
918 3858 1109 3945 ἀφωρισμένοις
1127 3857 1215 3936 λέγει,
1241 3854 1311 3915 ἀλλά
1333 3853 1439 3913 ὸίὸωσιν
1461 3855 1550 3919 αὑτοῖς
1568 3847 1669 3919 tinctu

121 3975 307 4048 perpetrarint
322 3984 331 4038 ρ
347 3957 420 4039 quod
436 3980 471 4017 ex
484 3956 602 4038 sequenti
617 3957 708 4037 palam
719 3970 769 4016 est.
784 3960 863 4017 Nam
917 3957 1113 4035 ἀποσχισθῆναι
1121 3953 1173 4009 τῶν
1185 3949 1229 4008 τὸν
1239 3947 1315 4027 φόνον
1329 3943 1544 4022 τετολμηκότων·
1555 3941 1597 4002 καί
1606 3943 1665 4001 eun

123 4049 672 4141 quibabitabant,inquit,lentsalem,
689 4050 767 4108 bunc
776 4054 861 4129 igno-
918 4046 971 4108 ἀπὸ
992 4050 1039 4104 τοὺ
1064 4038 1227 4118 ἐπαγομένου
1251 4039 1341 4110 δῆλον.
1356 4039 1392 4096 Oi
1414 4035 1467 4115 γὸρ
1492 4037 1666 4098 meniminus,

121 4165 235 4224 rantes,
252 4162 280 4208 et
299 4165 387 4204 voces
399 4145 616 4225 prophetarum,
635 4163 700 4223 quus
711 4162 764 4221 per
779 4162 864 4201 omne
917 4138 1006 4220 φησίν,
1028 4130 1218 4215 Ἰερουσαλήμ,
1239 4135 1331 4188 τοῦτον
1358 4126 1549 4207 ἀγνοήσαντες,
1570 4123 1612 4184 καί
1631 4119 1667 4186 τίς

122 4247 274 4304 sabbatum
301 4241 459 4320 leguntur,
478 4236 647 4318 judicantes
661 4235 861 4315 impleverunt.
916 4229 1004 4311 φωνὸς
1029 4231 1081 4286 τῶν
1109 4225 1251 4305 προφητῶν
1275 4221 1322 4288 τὸς
1348 4219 1418 4280 κατὰ
1442 4218 1535 4279 πάντα
1554 4216 1666 4278 uttan

121 4339 223 4415 Magna
247 4330 395 4406 accusatio,
425 4329 447 4388 si
474 4328 624 4404 frequentes
647 4325 785 4386 audientes
808 4349 861 4388 non
917 4315 1176 4402 ἀναγινωσκομένας,
1196 4313 1330 4393 κρίναντες
1350 4309 1520 4393 ἐπλήρωσαν.
1543 4306 1667 4388 θίνγθηί

122 4418 294 4487 αῑίευιίεείιιῑ.
303 4421 359 4482 Sed
367 4418 436 4479 nihil
450 4417 550 4476 mirum
558 4441 564 4474 :
572 4437 636 4475 nam
646 4416 720 4476 dicta
733 4417 780 4476 illa
791 4419 861 4479 circe
916 4410 1080 4494 κατηγορία,
1091 4411 1114 4468 εί
1124 4411 1241 4487 συνεχῶς
1251 4402 1389 4470 ἀκούοντες
1398 4405 1445 4464 'ob
1453 4411 1603 4483 προσεῖχον.
1612 4397 1668 4458 uu’

121 4518 272 4600 AEgyptum
286 4527 312 4573 et
326 4512 477 4585 desertum,
498 4508 562 4567 satis
580 4522 656 4567 erant
676 4508 712 4568 ad
725 4508 872 4589 ingratum,
916 4504 988 4566 οὐδὲν
1010 4500 1176 4580 θαυμαστόν·
1196 4498 1230 4557 τὸ
1251 4495 1304 4577 γάρ
1319 4494 1444 4575 εἰρημένα
1467 4496 1556 4553 ἐκεῖνα
1575 4482 1669 4552 τὸκατ’

120 4612 231 4670 illorum
248 4607 370 4666 animum
390 4599 641 4660 demonstrandum.
667 4600 704 4658 Et
725 4601 860 4679 quomodo
916 4599 1050 4678 Αἴγυπτον
1072 4593 1119 4652 καλ
1140 4591 1188 4662 τήν
1211 4589 1308 4670 ἔρημον
1332 4585 1411 4646 ἱκανά
1431 4585 1515 4655 δεῖξαι
1533 4588 1614 4645 αὐτῶν
1633 4578 1668 4650 τήν

120 4705 294 4782 ignorarunt,
307 4695 420 4775 inquies,
440 4714 502 4751 cum
516 4693 631 4752 loannes
646 4691 770 4751 dixerit?
786 4692 861 4767 Quid
916 4686 1113 4770 ἀγνωμοσύνην.
1136 4683 1191 4743 Καί
1209 4685 1266 4748 πῶς
1285 4677 1430 4759 ἠγνόησαν,
1452 4677 1543 4759 φησὶν,
1568 4673 1668 4735 'ludunt

120 4798 232 4871 mirum,
243 4814 305 4852 cum
316 4789 452 4873 prophete
462 4807 567 4865 quoque
581 4807 650 4867 saepe
664 4785 859 4846 clamaverint?
877 4802 895 4847 c
913 4787 1049 4863 λέγοντοςς
1062 4777 1099 4837 Τί
1112 4774 1274 4853 θαυμαστὸν,
1292 4771 1357 4831 όπευ
1371 4795 1402 4851 γε
1418 4771 1464 4829 καί
1477 4774 1530 4829 τῶν
1548 4766 1667 4848 προφητῦν

118 4891 187 4947 Hinc
201 4887 254 4945 alia
268 4881 419 4944 accusatio:
436 4882 476 4938 Et
493 4880 578 4936 nullo
592 4898 683 4937 causa
698 4882 798 4937 mortis
813 4883 859 4935 in·
913 4877 1027 4954 συνεχῶς
1053 4868 1192 4947 balineum
1212 4855 1279 4924 Εἶτα
1297 4861 1344 4922 καί
1364 4862 1432 4934 ἄλλη
1455 4859 1611 4941 κατηγορία,
1626 4852 1668 4915 Καὶ

23 5042 26 5049 ,
117 4993 230 5047 uenta;
252 4977 280 5035 id
299 4973 372 5052 quod
390 4970 546 5052 ignorantiae
567 4991 618 5028 non
640 4983 705 5027 erat.
724 4969 858 5028 Ponamus
913 4966 1045 5046 μηδεμίαν
1072 4962 1158 5021 αἰτίαν
1187 4957 1298 5018 θανάτου
1327 4954 1464 5034 εὑρόντες·
1488 4953 1552 5032 ὅπερ
1579 4954 1621 5010 οὐκ
1642 4936 1668 5017 it

150 5189 161 5210 ¹
174 5186 256 5251 [Hinc
276 5182 373 5232 diverso
392 5178 526 5231 enarrandi
541 5175 627 5227 ordine
640 5187 745 5242 pergunt
755 5177 782 5225 λ.
796 5176 824 5225 B.
837 5175 878 5238 C.]
962 5190 971 5211 ε
984 5173 1054 5222 Unus
1065 5167 1130 5220 Cod.
1143 5173 1167 5219 ai
1180 5177 1295 5236 προσεῖχεν
1307 5170 1343 5215 καὶ
1356 5165 1427 5214 cilis.
