3728 5978
104 405 176 496 384
434 422 463 470 s.
491 419 630 472 ιοιιιιιιο
656 418 837 470 cuarsosr.
865 420 1022 471 securae.
1049 380 1318 472 cousraunuor.

102 551 204 613 niente:
220 545 363 627 suscipite:
381 544 470 606 sinon
484 545 511 604 in
526 544 620 605 domos
633 557 751 616 vestras,
765 543 844 605 aliter
895 543 955 613 τοδς
978 543 1136 625 ἐρχομένους
1154 544 1328 624 ὑποδέχεσθε·
1343 541 1393 604 κᾶν
1406 541 1445 621 μὴ
1465 543 1503 607 el:
1521 538 1661 607 :deuictae

104 643 160 703 illis
177 639 323 701 necessaria
338 637 516 719 suppeditate.
530 636 605 710 Quid
622 637 705 718 ergo?
721 637 971 720 inquies‚3„tuiss
983 638 1124 716 βούλησθε,
1136 638 1196 696 ἀλλ’
1207 636 1304 718 έτέριος
1316 635 1350 696 :t
1363 634 1427 716 πρὸς
1447 633 1497 700 τίς
1511 630 1605 713 χρείας
1615 634 1662 689 αδ-

103 731 253 794 aneoclesia
262 729 525 805 nonhabetillaheu
541 729 588 790 sed
594 728 662 809 quid
671 727 844 790 hocadros?
860 733 881 780 A
897 738 951 797 τοῖς
965 733 1149 810 χορηγοῦντες.
1165 727 1202 786 Τί
1214 726 1306 809 γύργὴ
1321 726 1449 799 ἐκκλησία
1464 728 1513 786 οιίκ
1527 723 1602 804 ἔχει,
1619 746 1664 803 ρη-

104 846 138 885 an
163 823 187 883 si
202 845 218 881 a
232 821 422 881 communibus
440 821 556 881 ecclesiae
576 820 698 902 pecuniis
714 822 842 892 alantur,
898 817 1182 899 σίνςἘχει·ἀλλδτί
1194 827 1271 880 τοῦτο
1283 818 1446 901 ascopa„
1461 814 1665 897 μὴτδσῖιιδτῖιν

104 915 134 975 id
143 914 221 975 vohis
235 914 362 995 prodesse
374 913 496 994 poterit?
510 933 544 972 an
556 913 579 972 si
586 912 658 972 alius
669 924 805 993 precetur‚'
815 924 846 972 tu
897 915 991 973 κοινῶν
1014 919 1064 986 τῆς
1085 911 1381 993 ἔκκλησίαςτρίφισθαι
1394 908 1543 992 χρημάτων
1558 904 1665 978 αὐτοὺς,

103 1028 158 1068 non
171 1006 251 1066 debes
263 1006 438 1086 precariicur
452 1026 505 1066 uon
515 1004 682 1078 dicis:de
694 1004 785 1065 enim?
798 1024 846 1065 an·
897 1010 975 1067 τοῦτο
997 1009 1066 1085 ύμδς
1090 1006 1228 1086 ὠφελῆσαι
1240 1004 1362 1078 δύναται;
1384 1004 1422 1083 μὴ
1441 1002 1515 1085 γὰρ,
1531 1001 1564 1059 δν
1584 997 1667 1083 ίτιρος

103 1118 157 1157 nou
165 1097 313 1158 sacerdotes
326 1097 490 1178 precantur?
504 1117 553 1156 cur
566 1117 616 1175 ego
627 1095 730 1155 orabo?
742 1099 778 1155 tt
787 1115 847 1175 ego,
899 1097 1026 1180 εὔχηται,
1040 1097 1073 1160 σὺ
1085 1102 1131 1158 οὐκ
1147 1098 1259 1178 δριίλιις
1274 1098 1412 1179 εὔχεσθαι,
1425 1095 1470 1155 διδ
1481 1095 1509 1155 τί
1520 1091 1560 1172 μὴ
1573 1091 1668 1169 hirtis·

103 1187 219 1266 inquies,
227 1187 264 1248 do
274 1187 329 1263 isti,
342 1187 390 1266 qui
400 1207 453 1246 non
463 1200 550 1268 potest
562 1187 611 1246 illo
624 1186 727 1249 venire.
740 1188 783 1247 Da
793 1185 847 1245 sal·
898 1191 926 1250 τί
938 1190 1004 1272 γοίρ;
1015 1194 1062 1251 οὐκ
1073 1191 1195 1271 ιύχονται
1210 1190 1234 1248 ol
1245 1192 1323 1270 ἱερεῖς
1330 1215 1338 1263 ;
1350 1188 1403 1268 ἐγὼ
1416 1187 1443 1247 τί
1457 1185 1590 1267 ιύχομαι,
1601 1182 1667 1243 Ἀλλ’

104 1292 159 1342 tem
172 1279 215 1338 illi
225 1303 232 1337 :
243 1279 317 1359 quod
327 1277 397 1339 e'nim
413 1278 559 1357 quaerimus
567 1278 618 1339 hoc
632 1292 681 1355 est,
694 1292 725 1338 ut
738 1277 848 1338 omniuo
899 1281 966 1361 έγδι,
980 1280 1063 1363 φησὶ,
1077 1281 1221 1362 δίδυιμιτιῖι
1232 1278 1270 1360 μὴ
1283 1279 1419 1360 δυναμένῳ
1427 1279 1600 1358 καταχθῆναι
1610 1277 1670 1334 but.

1 1374 85 1423 ΓΜ·
104 1370 193 1430 duur.
214 1371 287 1430 Audi
303 1369 372 1449 quid
390 1369 463 1430 dicat
479 1371 600 1430 Paulus:
617 1373 656 1431 Ut
675 1384 704 1431 et
719 1374 767 1443 iis,
783 1390 849 1452 pute
900 1371 1012 1440 Δδςκδν
1034 1372 1144 1454 ἔκείνῳ·
1164 1372 1259 1453 τδγδιρ
1284 1371 1495 1450 σπουδαζόμενον
1515 1364 1671 1448 ἡμῖντοῖιύ

105 1483 176 1522 vere
192 1464 292 1522 oidrroe
317 1474 397 1536 sunt,
420 1462 584 1544 sufficiant,
609 1475 638 1522 et
658 1483 695 1521 ue
710 1473 851 1542 gravetur
901 1467 974 1540 tere,
986 1466 1018 1525 τδ
1030 1464 1099 1533 dtur
1113 1467 1211 1526 δοῦναι.
1226 1464 1361 1539 Ἄκουσον,
1379 1440 1410 1523 τί
1426 1486 1506 1545 φησιν
1521 1460 1669 1524 anama·

105 1555 239 1623 ecclesia.
258 1556 296 1614 Ut
307 1553 362 1626 vis,
381 1553 424 1612 lac
438 1576 448 1631 3
465 1554 555 1613 solum
571 1553 625 1614 lac.
638 1552 699 1633 Ego
713 1573 778 1613 vero
795 1572 849 1611 aon
902 1554 961 1616 Ἵνα
973 1557 1121 1625 ταῖςύντιιος
1136 1557 1233 1638 χήραις
1245 1557 1398 1638 ἐπαρκέσῃ,
1412 1554 1458 1615 καὶ
1474 1551 1513 1631 μὴ
1526 1554 1671 1632 βαρῆταιη

104 1648 176 1726 dieo,
185 1650 225 1710 Ut
242 1670 296 1709 non
315 1662 443 1728 gravetur
464 1648 594 1725 οοοΙαοίε,
617 1647 675 1727 sed,
691 1649 730 1708 Ut
747 1661 778 1708 tu
795 1668 849 1707 non
902 1648 1041 1722 έιικλησία.
1063 1648 1160 1717 Ὅπως
1190 1649 1278 1728 βούλει
1306 1649 1426 1721 ποίησον,
1450 1645 1530 1726 μύνον
1552 1642 1672 1716 ποίησον.

106 1742 227 1821 graveris
244 1765 251 1799 ι
270 1742 322 1800 hac
337 1741 409 1800 euim
430 1740 633 1800 ratiocinatione
656 1739 727 1800 nihil
752 1739 847 1817 iacies,
867 1750 886 1798 B
902 1736 975 1816 Ἐγὼ
989 1739 1017 1800 st
1029 1744 1059 1801 αδ
1077 1741 1164 1820 λέγω,
1183 1740 1227 1801 ίνοι
1239 1741 1276 1820 μὴ
1291 1744 1407 1822 βαρῆται
1420 1742 1438 1811 ‘l
1452 1734 1603 1810 ἐκκλησία,
1617 1734 1673 1794 ἀλλ’

60 1899 64 1907 ,
106 1834 197 1894 omnia
210 1834 236 1893 ei
248 1833 393 1893 remittens.
403 1830 467 1891 ldeo
480 1853 621 1892 commune
632 1830 802 1891 domicilium
811 1842 852 1890 est
902 1826 947 1889 isa
961 1830 999 1908 μὴ
1014 1830 1047 1889 σὺ
1066 1835 1152 1912 βαρῇ·
1173 1835 1212 1913 τῷ
1233 1832 1285 1915 γὰρ
1298 1835 1420 1912 λογισμῷ
1436 1829 1524 1910 τούτιρ
1543 1825 1618 1888 οὐδέν
1631 1830 1672 1906 έρ-

105 1926 141 1984 ah
159 1923 281 1984 Ecclesia
304 1922 485 2002 assignatum,
498 1935 531 1981 ut
547 1921 607 1980 hec
627 1942 680 1982 non
694 1921 781 1981 dicas.
795 1921 852 1983 Sed
903 1920 1092 2001 γαίση,ποίντοι
1115 1924 1263 2005 ἐπιτρέπων
1277 1927 1354 2005 αὐτῇ.
1375 1921 1429 1983 heb
1442 1928 1522 1981 τοῦτο
1540 1918 1627 1980 κοινδν
1639 1918 1674 1978 oi·

107 2030 212 2077 sumtus
225 2016 307 2075 habet
319 2014 441 2090 ecclesia,
452 2014 574 2094 inquies:
590 2013 718 2095 pecunias
732 2014 812 2073 hahet
825 2027 853 2075 et
904 2013 980 2093 κημοί
989 2017 1061 2075 ἔστιν
1074 2017 1127 2076 {rub
1136 2020 1185 2088 τῆς
1198 2016 1362 2090 Ἐκκλησίας
1373 2014 1569 2099 ἀφωρισμένον,
1580 2011 1625 2072 ἵνα
1639 2010 1674 2089 μὴ

107 2107 219 2169 ruditus.
231 2107 284 2166 Dic
292 2105 372 2183 mihi,
384 2127 419 2165 an
431 2106 565 2187 impensas
575 2125 629 2165 non
642 2105 852 2185 hebetiquoti·
903 2111 989 2166 ταῦτα
1010 2106 1099 2188 λέγῃς.
1120 2107 1189 2169 Ἀλλ’
1213 2107 1270 2190 ἔχει
1289 2109 1469 2186 δαπανήματα
1488 2111 1506 2178 ἡ
1531 2102 1675 2175 ἐκκλησία,

107 2198 218 2259 dianam
229 2219 376 2280 expensam
383 2219 437 2257 non
447 2197 546 2257 habet?
559 2196 661 2276 Etiam,
672 2197 785 2277 inquies.
795 2200 853 2258 Cur
905 2197 985 2277 φησί,
997 2199 1127 2279 χρήματα
1145 2199 1260 2282 ἔχεικαὶ
1279 2201 1434 2282 προσόδους.
1449 2197 1520 2258 Εἰπέ
1537 2220 1599 2275 μοι,
1612 2198 1675 2255 ἄνα-

107 2311 172 2371 ergo
187 2312 241 2351 nou
259 2289 373 2371 adjuras
386 2288 599 2350 mediocritatem
613 2289 694 2369 ejus?
708 2291 755 2349 Me
768 2290 854 2370 pudet
904 2288 1019 2367 λύματα
1031 2291 1059 2352 u
1072 2294 1121 2352 ούκ
1133 2291 1190 2373 ἔχει
1201 2317 1209 2366 ;
1223 2293 1342 2367 δοπύνην
1357 2291 1385 2351 ll
1399 2294 1445 2351 οὐκ
1462 2290 1520 2371 ἔχει
1534 2293 1675 2367 καθημερι-

107 2384 167 2445 haec
179 2384 284 2444 dicere:
299 2398 425 2443 oaeterum
438 2403 492 2443 uon
507 2403 582 2462 cogo.
591 2382 622 2442 Si
636 2382 697 2461 quis
718 2396 796 2464 putat
810 2384 852 2443 lu·
905 2382 970 2457 ris:
983 2384 1051 2456 Nat,
1060 2384 1134 2465 φησί.
1147 2389 1174 2446 Τ
1176 2385 1185 2445 ί
1198 2375 1242 2444 edu
1253 2389 1283 2446 οὔ
1294 2389 1438 2465 βοηδεῖςτῇ
1450 2380 1563 2462 μιτρίιρς
1576 2378 1676 2461 Atqu-

108 2497 186 2535 crum
203 2496 329 2555 esseque
341 2475 478 2550 dicuntur,
496 2474 578 2534 tacut
588 2474 641 2533 sihi
654 2473 854 2534 xenodochium
905 2494 985 2553 νομαι
999 2474 1047 2555 μὲν
1062 2484 1146 2537 ταῦτα
1157 2478 1259 2558 λέγων·
1273 2477 1344 2550 πλὴν
1362 2479 1420 2537 ἀλλ’
1436 2473 1511 2534 οὐδέν
1527 2472 1675 2552 ἀναγκάζω.

108 2566 240 2628 indomo:
252 2566 333 2628 isthic
343 2566 545 2642 leetumstatue,
551 2565 632 2625 isthic
644 2586 764 2625 mensam
774 2578 801 2625 et
811 2566 855 2625 lu·
906 2564 943 2626 El
953 2591 994 2635 τις
1006 2568 1107 2648 νομίζει
1120 2569 1308 2651 χρηματισμὸν
1322 2559 1389 2629 εἶναι
1400 2567 1435 2627 sd
1444 2566 1593 2647 λεγόμενα,
1603 2565 1678 2636 ποιη-

109 2657 377 2731 cernamQuomodo
385 2677 440 2718 non
450 2655 602 2717 absurdum
610 2656 856 2733 tuerit,siseniant
907 2684 948 2721 σει
971 2665 1059 2743 έαυτῷ
1082 2662 1239 2745 ξενοδοχεῑον
1262 2660 1307 2722 ἐπὶ
1321 2665 1368 2733 τῆς
1390 2658 1487 2726 οἰκίας·
1502 2661 1604 2729 στῆσον
1627 2659 1678 2716 ἐκεῖ

109 2751 220 2831 milites,
236 2753 335 2813 babere
356 2772 405 2813 t'08
417 2749 552 2830 assignata
563 2749 712 2827 d0ml⁰ffi³,
730 2771 856 2832 magnam
873 2751 892 2801 (ἶ
907 2752 1009 2830 κλίνην,
1024 2757 1120 2825 στῆσον
1132 2756 1188 2814 ἐκεῖ
1200 2754 1334 2836 τράπεζαν
1348 2752 1394 2812 κοιλ
1407 2748 1530 2831 λυχνίαν.
1551 2751 1617 2817 Πῶς
1630 2747 1678 2827 γὰρ

109 2866 201 2927 gerere
218 2867 321 2924 curam,
330 2844 474 2923 omniaque
486 2843 554 2926 ipsis
566 2843 781 2919 subministrare,
791 2845 856 2925 quia
909 2849 956 2906 ούκ
970 2845 1084 2920 ἄτοπον,
1095 2848 1118 2905 εἰ
1133 2845 1181 2925 μέν
1203 2850 1366 2928 στρατιῶται
1389 2842 1497 2915 ἔλθοιεν,
1523 2842 1595 2923 ἔχειν
1615 2845 1679 2919 ὑμᾶς

110 2939 153 2998 illi
167 2939 271 3000 bellum
280 2939 334 2998 hoc
340 2936 467 2997 sensibile
478 2935 634 3018 depellunt:
648 2937 769 3018 hospites
781 2960 856 3016 vero,
909 2938 1110 3018 δποτεταγμένα
1128 2937 1276 3016 οἰκήματα,
1297 2937 1344 2997 καί
1357 2935 1459 3008 πολλὴν
1477 2940 1614 2994 ποιεῖσθαι
1634 2931 1679 3002 τὴν

110 3028 633 3108 ubidiversentur‚nonhaherc?tlince
647 3030 857 3094 eulesiam.Vis
909 3028 1073 3109 ἐπιμέλειαν,
1091 3030 1137 3089 :tal
1156 3031 1244 3091 ποίντα
1259 3029 1386 3110 παρέχειν
1403 3032 1506 3102 αὐτοῖς,
1524 3027 1619 3100 ἐπειδὴ
1639 3026 1680 3084 τδν

110 3141 159 3181 nos
180 3123 279 3182 rubore
293 3120 473 3202 pertundere?
485 3122 542 3180 Hoc
555 3122 614 3181 iac:
632 3122 796 3183 liberalitate
808 3144 858 3182 stt·
908 3122 1025 3202 πύλιμον
1038 3126 1101 3202 ύμῖν
1116 3123 1244 3202 ἀμύνουσι
1255 3129 1346 3182 τοῦτον
1361 3123 1406 3182 τδν
1422 3119 1564 3192 αἰσθητόν·
1580 3118 1641 3188 sobe
1654 3117 1679 3178 δέ

110 3235 176 3298 pera
192 3239 199 3272 :
213 3215 284 3275 habe
297 3214 468 3275 domicilium
481 3236 535 3293 quo
548 3215 673 3275 Christus
687 3215 857 3278 diversetur:
910 3211 996 3282 ξένους
1015 3213 1053 3293 μὴ
1074 3213 1143 3295 ἔχειν
1163 3216 1228 3274 ὅπου
1242 3215 1257 3246 *
1267 3212 1478 3292 καταμείνοιειν;
1501 3211 1622 3285 Νίκησον
1636 3212 1680 3284 τὴν

111 3307 167 3384 dic,
177 3309 240 3368 llaec
253 3308 396 3368 estcellula
411 3306 531 3385 Christi3
546 3307 604 3367 hac
617 3307 715 3368 domus
725 3308 765 3367 illi
777 3330 856 3390 sepo·
910 3304 1063 3379 ἐκκλησίαν.
1090 3306 1183 3365 Βούλει
1199 3304 1321 3387 ἐκτρέψαι
1337 3311 1428 3385 uterq
1444 3309 1532 3367 Τοῦτο
1554 3304 1680 3378 ποίησαι·

112 3401 165 3462 sita
175 3415 227 3461 est:
237 3401 344 3460 etiamsi
355 3401 410 3460 vile
420 3399 590 3460 domicilium
601 3400 650 3477 sit,
667 3400 859 3481 nondedigna-
910 3398 1060 3480 ύπερύαλοῦ
1075 3401 1109 3477 τῇ
1130 3397 1283 3479 φιλοτιμίᾳ·
1300 3399 1345 3478 ἔχε
1360 3398 1474 3475 οίκημα,
1492 3395 1555 3457 ἔνθα
1570 3395 1682 3478 Χριστὸς

113 3507 168 3554 tur.
175 3493 273 3554 Nudus
288 3509 314 3553 et
326 3494 425 3575 hospes
435 3492 559 3552 Christus
573 3492 860 3570 ci1·cuit,tectosolnm
911 3490 1097 3572 παραγίνεται·
1112 3490 1184 3562 εἰπέ,
1198 3496 1275 3550 τοῦτο
1287 3490 1318 3550 τδ
1332 3489 1436 3549 κελλίον
1451 3495 1499 3550 τοῦ
1516 3491 1651 3569 Χριστοῦ·
1665 3494 1681 3559 ἡ

110 3604 209 3666 egens:
230 3584 323 3643 saltem
344 3584 410 3642 huic
430 3596 542 3664 praesta:
564 3604 598 3642 ne
619 3582 655 3642 sis
676 3583 793 3644 crudelis
812 3606 861 3645 nee
911 3581 982 3641 οἰκία
996 3581 1063 3655 αὕτη
1086 3586 1156 3662 αὐτῷ
1171 3582 1328 3663 ἀφώρισται.
1347 3581 1404 3641 Κᾶν
1425 3581 1593 3660 καταγώγιον
1608 3572 1626 3660 ᾖ
1640 3580 1683 3640 καὶ

112 3674 291 3754 inhumanus,
306 3696 393 3753 neque
415 3676 443 3734 iu
462 3673 541 3734 rebus
562 3675 742 3735 sacularibus
758 3677 796 3736 ita
813 3698 861 3737 ve-
912 3671 1025 3747 εὖτελές,
1037 3677 1084 3733 οὐκ
1102 3672 1217 3742 ἀπαξιοῖ.
1231 3674 1334 3752 Γυμνδς
1346 3673 1392 3732 καλ
1406 3673 1498 3741 ξένοςδ
1510 3674 1625 3753 Χριστὸς
1637 3696 1683 3730 πε-

111 3767 240 3841 hemens‚
252 3767 280 3826 in
294 3765 481 3848 spiritualibus
494 3785 560 3827 vero
573 3764 701 3844 frigidus.
717 3766 774 3825 Hoc
787 3788 860 3827 com-
876 3778 897 3826 o
914 3764 1006 3848 ρίεισι,
1022 3766 1099 3843 μόνον
1112 3764 1233 3838 Ισκέπης
1246 3764 1381 3842 δεόμενος·
1397 3765 1447 3823 κδιν
1461 3764 1548 3844 τούτῳ
1562 3765 1682 3844 πάρεχε·

112 3860 237 3920 mittatur
251 3858 353 3919 famulo
362 3857 483 3917 omnium
492 3854 727 3931 fidelissimo,etis
739 3858 859 3936 mutilos,
913 3856 951 3936 μὴ
964 3857 1037 3935 ὠμὸς
1059 3856 1104 3916 ἔσο
1129 3856 1197 3936 μηδὲ
1218 3857 1408 3937 ἀπάνθρωπος,
1423 3856 1491 3934 μηδὲ
1516 3861 1543 3916 έν
1567 3857 1617 3934 μὲν
1632 3866 1685 3922 τοῖς

113 3952 259 4031 mendicos,
273 3966 301 4012 ct
317 3972 375 4026 cos,
388 3950 435 4029 qui
450 3947 509 4009 sine
522 3962 592 4008 tecto
605 3961 681 4027 sunt,
696 3948 859 4009 introducat.
914 3952 1047 4028 βιωτικοῖς
1062 3947 1129 4009 ούτοι
1142 3947 1253 4030 σροδρδς
1266 3948 1327 4024 ἔσο,
1346 3951 1373 4008 ἔν
1388 3948 1416 4009 δέ
1429 3958 1483 4016 τοῖς
1496 3958 1685 4026 πνευματικοῖς

114 4044 260 4121 Haeduo,
269 4059 300 4105 ut
310 4043 344 4103 ad
354 4041 485 4125 pudorem
494 4061 626 4103 moveam.
636 4041 780 4122 Oporteret
789 4042 862 4102 enim
913 4039 1124 4122 ψυχρίς.Ἔστω
1144 4041 1189 4099 καὶ
1211 4045 1264 4099 τῶν
1283 4043 1390 4099 οἰκετῶν
1406 4039 1590 4122 δπιστύτιρος
1611 4045 1687 4099 τοῦτο

114 4160 222 4199 sursum
230 4137 307 4198 domi
316 4136 379 4195 illos
388 4134 507 4216 recipere
515 4155 523 4209 3
532 4133 575 4193 sin
584 4132 664 4210 nolis,
675 4133 771 4193 saltem
781 4135 862 4210 inim,
907 4130 1157 4214 ἐγκεχειρισμένος,
1171 4131 1217 4191 καὶ
1225 4131 1285 4198 τοὺς
1295 4132 1462 4212 ἀναπήρους,
1474 4131 1536 4199 τούς
1546 4130 1687 4213 πτωχούς,

114 4229 163 4287 ubi
189 4229 269 4307 muli,
296 4227 346 4286 ubi
367 4226 480 4303 famuli,
502 4224 642 4284 Christum
666 4225 763 4306 recipe.
783 4227 864 4286 Forte
915 4224 1113 4303 τοδςιίστέγους
1126 4223 1263 4302 εἰσαγέτω.
1276 4227 1370 4284 Ταῦτα
1383 4225 1453 4305 λέγω
1467 4225 1533 4303 πρὸς
1548 4224 1687 4305 έντροπην.
1720 4226 1725 4232 ’

114 4319 304 4381 exhorrescitis
315 4318 463 4379 audientes.
477 4316 553 4389 Quid
565 4336 639 4395 ergo,
654 4317 677 4375 si
687 4338 720 4375 ue
731 4316 789 4375 haec
802 4319 863 4397 qui·
915 4316 992 4379 Ἔδει
1006 4316 1054 4396 μὶν
1072 4316 1122 4396 γδρ
1137 4315 1191 4375 ι’ένω
1212 4316 1257 4374 ἐπὶ
1271 4318 1319 4387 τῆς
1336 4315 1421 4384 οἰκίας
1439 4314 1534 4383 αὐτοὺς
1548 4316 1688 4397 δέχισδαν

67 4409 73 4416 ’
88 4421 90 4424 ⁴
115 4412 178 4474 dem
191 4413 307 4472 feceritis
318 4411 410 4471 i’Eoce
423 4410 528 4483 hortor,
543 4429 604 4467 ecce
617 4407 694 4468 dico:
709 4409 768 4468 Hoc
784 4411 864 4472 vohis
918 4411 940 4467 εἶ
954 4408 982 4468 bl
992 4406 1030 4487 μὴ
1046 4406 1153 4487 βούλει,
1166 4407 1215 4466 κᾶν
1227 4407 1316 4482 καίτοι,
1327 4407 1376 4467 κᾶν
1392 4407 1452 4467 ἔνθα
1465 4412 1492 4467 αἱ
1504 4406 1627 4484 ἡμίονοι,
1641 4407 1689 4466 κᾶν

114 4527 187 4568 curre
208 4505 252 4565 sit.
271 4508 306 4563 ht
324 4503 364 4562 sic
376 4522 430 4561 non
447 4500 555 4561 vultis?
566 4499 641 4580 Ergo
654 4500 708 4560 alio
728 4501 810 4562 modo
823 4505 863 4562 la-
916 4502 978 4562 ἔνθα
991 4505 1015 4561 οἱ
1028 4499 1146 4575 οἰκέται,
1160 4499 1232 4568 δέξαι
1252 4500 1298 4560 τδν
1320 4499 1444 4582 Χριστόν.
1465 4499 1548 4580 Τύχα
1569 4499 1690 4582 φρέττετε

115 4598 183 4658 cite:
198 4608 260 4656 sunt
273 4592 353 4653 multi
367 4612 498 4674 pauperes
506 4591 646 4669 utriusque
659 4612 756 4651 sexus:
769 4614 861 4674 segre-
917 4592 1063 4660 ἀκούοντες.
1077 4582 1114 4653 'li
1139 4583 1193 4668 οὖν,
1217 4592 1279 4652 ύταν
1303 4592 1370 4671 μηδὲ
1385 4597 1468 4652 ταῦτα
1489 4598 1584 4666 ποιῆτε
1598 4616 1606 4662 ;
1621 4592 1690 4652 Ἰδοὺ

115 4705 177 4772 gato
190 4688 311 4762 omnino,
322 4699 352 4745 ut
362 4685 401 4745 ihi
415 4683 513 4762 aliquis
528 4695 647 4742 maneat:
661 4685 697 4742 sit
707 4684 801 4744 saltem
814 4686 862 4747 do-
916 4690 1053 4768 παροιινῶ,
1074 4685 1129 4745 ἰδοὺ
1146 4685 1234 4763 λέγω·
1249 4684 1318 4745 ἔστω
1333 4688 1395 4762 ὑμῖν
1418 4689 1495 4744 τοῦτο
1514 4684 1691 4765 περισπούδο·

116 4795 274 4845 muscustos
285 4790 406 4861 pauper:
415 4775 450 4838 sit
460 4774 510 4834 tihi
520 4795 614 4834 murus
624 4788 650 4835 et
661 4795 744 4856 sepes,
753 4792 861 4839 scutum
917 4804 987 4841 στον.
999 4779 1069 4841 Ἀλλ’
1086 4783 1115 4838 οὐ
1133 4777 1257 4857 βούλεσθε
1270 4775 1369 4852 οὕτως,
1383 4779 1486 4837 Οὐκοῦν
1501 4775 1600 4856 ἑτέρως
1615 4777 1692 4846 ποιη·

149 4987 236 5054 *[ὃὶο
259 4986 306 5050 ipsi
317 4983 401 5036 Codd.
426 4985 454 5033 Δ.
479 4985 507 5035 Β.
528 4983 557 5034 ὓ.
589 4992 739 5051 :arausicum
757 4986 786 5036 C.
808 4986 877 5054 quod
928 4987 1027 5057 eligat]

115 5066 205 5117 eodem
221 5062 296 5114 redit.
310 5065 375 5114 Item
397 5059 520 5111 Commcl.
536 5060 645 5112 Surilius
665 5072 837 5129 καταμιῖναιιν,
851 5064 877 5118 in
959 5067 1054 5119 ¹Unus
1066 5062 1131 5119 Cod.
1146 5073 1225 5125 σκέπης
1233 5067 1303 5118 δεῖται
1316 5068 1393 5124 αὖτίς·
1409 5071 1450 5117 κᾶν
1463 5072 1530 5120 τοῦτο
1543 5071 1638 5134 τιάραν·

117 5161 198 5211 marg.
225 5152 385 5209 κκταμινοιιν,
411 5157 518 5208 quorum
545 5141 648 5208 quisque
680 5155 764 5193 utrum
793 5141 875 5209 placet
