3742 5970
118 439 189 535 872

116 587 216 662 Ῑοινιια
226 592 322 671 futuri
333 613 344 658 ,·
357 598 473 644 attamen
489 595 548 663 post
564 597 677 643 mortem
691 578 803 641 Domini
818 578 862 639 rel

118 669 210 750 pueris
223 688 345 729 morsres
354 664 459 723 ludicra
473 664 542 721 lacta
555 676 603 722 cst.
614 664 675 735 Qua
697 673 786 740 ropter
802 671 862 738 post

118 748 221 808 Christi
235 745 456 806 resurrectionem
465 741 558 801 mortis
571 741 651 801 fastui
660 683 803 800 illudentes
819 736 863 795 di·

72 831 107 878 151
119 826 216 904 cimus,
234 829 290 886 Uti
313 838 367 895 est,
388 842 476 895 mors,
490 823 625 880 stimulus
638 825 727 880 tuus?
744 821 794 877 ubi
807 829 861 906 est,

119 908 245 987 inferne,
271 906 399 963 victoria
423 907 493 959 tuo?
515 905 583 959 Arete
609 920 716 959 crucem
735 909 865 978 serpentis

120 984 265 1045 consilium
280 996 394 1041 mortem
410 979 572 1039 insufflavit:
586 993 646 1059 post
659 999 767 1037 crucem
787 995 862 1052 rere,

171 1077 181 1121 t
192 1063 294 1124 Christi
307 1060 451 1142 passiones,
462 1079 523 1116 ecce
533 1078 607 1117 senes
616 1072 643 1117 et
654 1056 790 1128 mulieres,
800 1054 864 1114 ado·

120 1085 248 1202 biscentes
260 1156 286 1200 et
299 1139 408 1220 ephebi,
424 1137 500 1215 quasi
523 1158 638 1197 uvamm
658 1133 864 1208 calcatores,sic

121 1236 148 1281 et
157 1221 199 1281 illi
210 1221 313 1281 calcant
326 1239 407 1298 supra
418 1229 552 1297 serpentes
562 1230 588 1275 et
601 1237 646 1275 sco
681 1216 764 1291 iones,
778 1227 804 1273 ct
815 1235 863 1272 su-

120 1323 171 1438 pra
187 1321 294 1361 omnem
307 1297 438 1358 virtutem
452 1295 564 1354 inimici.
578 1297 641 1355 lIaec
674 1294 724 1372 ixi,
737 1307 767 1352 ut
776 1306 865 1352 osten·

840 443 972 494 sruntt.

916 577 1026 646 θάνατος
1044 583 1090 637 τοῦ
1104 579 1220 659 Χριστοῦ
1232 577 1388 655 ἐλυμήνατο
1411 580 1461 635 τοῦ
1472 575 1587 637 θανάτου
1598 577 1640 650 τὴν
1651 585 1687 658 βι-

916 656 1027 718 σιλείαν.
1039 659 1073 716 Εἰ
1082 658 1135 738 γὰρ
1144 658 1189 717 καί
1199 657 1394 718 Ἐθασίλεισαεν
1406 661 1422 715 ὁ
1433 656 1551 723 θάνατος
1561 659 1612 716 ἀπὸ
1622 659 1688 720 ’Allo

922 735 1003 818 μίχρι
1014 737 1158 811 Μωῦσέως,
1171 739 1217 797 καί
1230 738 1273 797 ε’πί
1283 736 1347 803 τούς
1356 735 1396 814 μὴ
1405 736 1468 812 ἅμα
1490 778 1499 793 .
1510 737 1616 808 {emec
1627 740 1650 796 ἰν
1662 723 1689 799 τίι

917 814 1069 894 ὁμοιώματι
1082 821 1130 888 τῆς
1143 817 1324 899 παραδόσεως
1335 815 1426 894 Ἀδὰμ
1436 856 1445 885 ‚
1455 758 1557 881 ζόῦτῑ
1572 816 1646 884 stim<
1656 828 1690 879 roi

918 897 1067 971 μελλοντσς·
1076 897 1134 956 ἀλλ’
1142 896 1214 974 ὅμως
1224 896 1294 975 perd
1304 897 1351 956 τὸν
1363 894 1638 975 θάνατοντσῦίίσρίω
1644 902 1690 956 ταί·

919 997 991 1052 γνιον
1002 975 1048 1034 ιιαί
1056 975 1160 1048 νηπίοις
1173 976 1277 1078 γίγονεν
1297 975 1453 1040 trivero<-
1471 974 1524 1034 Διὸ
1533 973 1627 1043 πάντες
1639 981 1691 1052 peel

920 1054 969 1126 τλν
981 1060 1026 1113 τοῦ
1038 1056 1154 1137 Χριστοῦ
1171 1056 1317 1116 ανᾶστασιν
1334 1058 1582 1132 ἐπικερτομοῦντες
1600 1062 1642 1114 τοῦ
1657 1063 1690 1115 θα-

916 1133 995 1194 νιίτσύ
1009 1132 1054 1193 τδν
1064 1141 1154 1215 τῦρσν,
1165 1134 1291 1214 λίγομεν·
1305 1136 1366 1195 Ποῦ
1376 1156 1441 1207 σου,
1450 1134 1551 1192 θάνατε
1560 1132 1690 1215 τδιιίντροι,

917 1214 1087 1287 trabeculis]
1096 1213 1352 1293 ,τδνῑκσς;Πρ“οτσῦ
1359 1218 1484 1292 σταυροῦ
1495 1213 1543 1271 καί
1552 1216 1690 1294 ἡταῒσόρειν

920 1275 1056 1372 συμῦσυλλ
1072 1294 1183 1353 θάνατον
1196 1292 1287 1354 ίπνει·
1305 1292 1378 1368 μετὰ
1394 1292 1425 1351 δὲ
1437 1292 1484 1352 τὸν
1503 1293 1625 1372 σταυρὸν,
1638 1297 1690 1371 μετὰ

141 1402 184 1439 arn
199 1378 300 1460 peccati
313 1378 469 1466 lapsuum-et
483 1374 646 1464 poenitentiae
655 1373 721 1434 rim.
735 1374 775 1431 Ne
786 1393 866 1431 acuas
883 1381 902 1430 c
919 1371 954 1430 τὰ
967 1372 1039 1444 πιίθη
1055 1378 1100 1431 τοῦ
1117 1374 1247 1453 Χριστοῦ,
1262 1370 1319 1431 ἰδοὺ
1331 1372 1381 1431 καλ
1392 1372 1553 1450 πρεσδῦται
1565 1373 1609 1430 καί
1620 1386 1690 1448 γοναὶ-

121 1480 185 1538 crgo
198 1472 290 1517 contra
302 1470 328 1514 te
341 1468 443 1536 peccati
463 1453 615 1525 stimulum,
632 1474 665 1511 ne
681 1451 806 1531 segnities
820 1465 866 1510 tua

121 1559 166 1597 cos
178 1537 277 1629 peccati
292 1535 435 1595 efficiatur.
450 1534 511 1593 Non
525 1531 711 1592 condemnaris
727 1531 792 1609 quia
806 1552 867 1611 pec·

122 1631 206 1691 castr,
226 1615 273 1675 sod
294 1613 399 1705 pumicis
419 1612 484 1691 quia
494 1626 558 1702 post
580 1624 720 1691 peceatum
732 1610 865 1692 poeniten·

122 1696 189 1756 tiam
202 1717 256 1755 non
268 1693 356 1773 egesti.
368 1691 445 1752 Sicut
458 1712 530 1750 curm
544 1712 606 1750 cum
616 1689 800 1749 infirmitatem
809 1709 868 1748 cor·

123 1775 195 1854 poris
211 1787 300 1834 nosset
316 1771 460 1846 Dominus,
477 1769 616 1829 medicine
630 1769 770 1829 scientiam
781 1768 869 1829 bomi-

123 1854 205 1912 nibus
224 1851 335 1927 indidit,
347 1864 374 1910 et
387 1849 475 1908 effecit
487 1863 518 1907 ut
530 1863 599 1908 terra
611 1848 708 1908 herbas
721 1847 758 1907 ad
773 1847 867 1907 mede-

122 1932 177 1992 lam
187 1947 263 2012 aptas
275 1931 408 1989 emitteret
419 1928 471 1987 :ita
485 1949 549 1987 eum
559 1927 679 1987 animam
688 1927 769 1987 sciret
781 1927 817 1987 ad
829 1928 868 1988 la·

122 2032 203 2091 psum
230 2030 359 2091 pronam,
373 2021 399 2068 et
417 2008 521 2088 peccati
543 2007 656 2068 vulnera
678 2021 778 2082 nosset,
791 2007 869 2084 quasi

122 2090 275 2150 animarum
297 2089 474 2168 pharmacum
539 2086 680 2146 nitentiam
698 2085 786 2164 dedit,
801 2099 828 2145 et
840 2087 869 2146 in

122 2168 224 2229 divinis
244 2189 258 2227 ε
277 2167 487 2246 iritualibusque
512 2166 577 2225 ibris
588 2165 755 2256 penitentiae
775 2164 870 2225 modos

160 2248 200 2307 asi
213 2190 310 2307 herbas
320 2245 443 2317 inseruit,
454 2260 484 2304 ιιι
496 2245 561 2304 bine
572 2245 675 2324 singuli
685 2259 808 2304 nostrum
814 2267 870 2304 me·

144 2326 221 2387 icinae
234 2326 411 2418 emplastrum
424 2325 560 2401 babentes,
574 2346 589 2383 a
604 2325 699 2384 morbo
712 2325 869 2404 effugerent,

124 2406 214 2487 ipsum
227 2407 282 2466 sibe
300 2427 349 2486 per
369 2403 453 2464 fidem
472 2404 647 2484 imponentes.
668 2406 775 2465 Verum
793 2425 826 2462 ne
841 2404 870 2464 in

124 2486 216 2546 verbis
222 2486 369 2546 solumstet
377 2484 456 2544 nobis
463 2482 789 2564 poenitentiaeabsurdum
798 2482 869 2544 enim

124 2579 191 2624 esset
202 2564 230 2623 in
245 2563 335 2624 verbis
346 2563 434 2624 solnm
467 2562 635 2622 ‹enitentiam
647 2562 752 2638 sistere,
767 2583 815 2622 nec
828 2584 868 2622 re·

921 1473 982 1526 κις,
998 1452 1122 1532 μείρακίς
1136 1453 1227 1512 τεκαὶ
1248 1450 1364 1533 ίρηῦσι,
1382 1450 1483 1531 ὥσπερ
1507 1451 1690 1532 ληνσθύταιβσ

921 1531 1019 1630 τρύωνρ
1033 1530 1168 1632 σῦτωρκαί
1184 1531 1258 1591 absol
1279 1535 1432 1628 πατοῦσινΙ
1443 1530 1539 1589 ἰπσίνω
1559 1531 1638 1628 ὄρεσιν
1657 1535 1690 1592 ul

922 1609 1533 1770 ῦίίῖᾞῼῗίιίπίείέῗῖἓς33333,
1544 1614 1690 1759 333

921 1768 971 1840 τῆς
986 1771 1124 1848 μετανοίας
1137 1769 1185 1842 τὴν
1199 1769 1322 1847 δύναμιν.
1337 1767 1390 1841 Μὴ
1403 1767 1504 1843 ὀξύνῃς
1518 1760 1564 1828 σύν
1575 1775 1630 1828 καθ’
1642 1775 1690 1829 ἰαι-

922 1855 969 1907 τσῦ
982 1853 1030 1920 τῆς
1040 1847 1172 1929 ἁμαρτίας
1182 1848 1213 1908 τδ
1225 1848 1345 1926 κέντρον,
1359 1846 1402 1925 μὴ
1418 1853 1438 1917 ἡ
1454 1848 1490 1919 σὴ
1504 1847 1689 1928 ραθομίαίιιίσ,

922 1927 1031 2006 γίνηται
1048 1933 1095 2000 τῆς
1108 1927 1248 2005 ἁμαρτίας.
1262 1931 1306 1988 Οἰσ
1331 1926 1495 2006 κατακρίνῃ
1518 1910 1560 1986 ὄτι
1580 1927 1688 2011 ἥμαρτες,

923 2007 992 2066 ἀλλὰ
1005 2013 1109 2089 τιμωρῇ
1123 2006 1163 2066 ὄτι
1180 2006 1341 2086 ἁμαρτήσας
1356 2010 1391 2065 οῦ
1413 2008 1591 2083 μετενόησας.
1607 2007 1689 2087 Ὥσπερ

922 2086 974 2165 γόρ
986 2087 1034 2158 τὴν
1049 2087 1184 2147 ἀσθένειαν
1200 2092 1246 2146 τοῦ
1260 2083 1393 2162 σώματός
1412 2109 1463 2144 σου
1478 2086 1616 2164 γινώσκειν
1626 2095 1639 2147 ί
1649 2090 1688 2148 tt-

925 2189 994 2242 ρισς,
1007 2165 1055 2238 τὴν
1076 2165 1196 2245 ἰατρικὴν
1217 2167 1375 2243 ἰπιστήμην
1391 2175 1453 2232 ταῖς
1478 2166 1625 2244 ἀνθρώποις
1642 2169 1689 2228 ἐπ’·

923 2248 1019 2325 spelte,
1038 2246 1085 2305 ιιαί
1100 2246 1168 2314 πόας
1179 2243 1245 2323 πρὸς
1260 2244 1311 2317 τὴν
1336 2245 1469 2324 ἰατρείαν
1484 2245 1644 2326 ἁρμοζούσας
1654 2247 1689 2317 τίν

922 2324 1297 2463 ι
1538 2326 1689 2465 ιιι·ς

923 2428 1281 2565 ἀλεξητήριον’ψυχῶντ,ητλν
1295 2426 1461 2560 ἤιερττσίνοσαν
1482 2429 1583 2559 ἔδει),
1595 2432 1690 2552 ut’aie

924 2562 1005 2631 θείαις
1019 2564 1066 2623 καί
1079 2571 1270 2642 πνευματικαῖς
1297 2561 1409 2640 βίῦλοις
1429 2563 1482 2632 τὰς
1496 2568 1555 2636 τῆς
1579 2565 1690 2642 μετανοίας

124 2643 176 2703 bus
190 2642 258 2733 ipsis
271 2642 422 2703 Ecclesiam
454 2662 501 2701 esu
527 2642 631 2701 Christi
650 2641 762 2702 Domini
784 2641 870 2701 nostri
887 2659 907 2706 1)
923 2643 1045 2723 ἀφορμὰς
1059 2641 1149 2725 ὥσπερ
1165 2643 1277 2720 βοτάνας
1289 2641 1436 2713 ἐνέθηκεν,
1452 2641 1502 2702 ἵνα
1518 2643 1690 2722 ἕκαστσςίμῦι

124 2723 301 2784 exaedificare.
314 2721 446 2781 Confitere
459 2721 557 2781 delicta
568 2734 650 2794 tua,o
660 2720 751 2796 bomo,
763 2719 869 2780 declara

125 2817 265 2882 peecatum
285 2816 373 2877 tuum,
393 2814 422 2859 ut
442 2800 545 2891 peccati
568 2800 673 2861 reniam
696 2799 823 2881 accipias.
838 2801 870 2860 Si

125 2882 287 2953 oonlitearis,
303 2880 467 2941 remissionis
478 2893 650 2961 peccatorum
664 2878 767 2940 donum
778 2900 869 2940 conse·

93 3007 98 3017 .
125 2962 225 3038 queris.
250 2961 340 3022 'l'cstis
361 2958 482 3023 accedat
500 2959 592 3019 David
616 2958 665 3037 qui
688 2958 867 3032 dicitth‘at',

127 3041 297 3121 Confitebor
320 3041 475 3099 adversum
503 3060 549 3098 me
572 3042 749 3119 injustitiam
774 3059 869 3099 meam

125 3122 266 3192 Domino,
279 3132 307 3178 et
319 3122 495 3178 turemr'st'stt'
505 3121 545 3176 im
565 3121 683 3177 ietatem
695 3119 791 3178 cordis
800 3123 867 3179 mei.

125 3198 155 3259 Si
171 3220 242 3258 nunc
261 3198 391 3257 delictum
405 3211 483 3256 tuum
496 3140 685 3270 declinaveris,
702 3196 807 3257 veniam
822 3196 868 3256 in-

125 3280 218 3353 venis,
233 3299 295 3336 nam
309 3298 426 3358 praesens
439 3291 545 3356 tempus
559 3276 707 3335 clementiae
721 3290 760 3335 est
770 3277 813 3335 ein
825 3277 869 3335 sn·

125 3372 281 3418 turoautem
296 3358 393 3416 saectrlo
405 3356 511 3415 inutiles
524 3355 603 3414 ssetus
616 3356 729 3429 emittes,
739 3369 764 3414 et
773 3355 868 3415 etiam·

124 3437 146 3496 si
161 3452 187 3497 tc
201 3437 337 3517 ραιιιίισιιι,
352 3435 534 3494 remissionem
549 3456 600 3494 noo
616 3435 868 3512 consequerisanam

67 3554 70 3564 ·
92 3553 96 3564 ·
124 3519 162 3573 In
175 3519 292 3596 inferno
304 3519 368 3594 quis
385 3514 572 3649 sufflabatur
585 3517 662 3571 tibi?
674 3513 788 3572 Etiamsi
803 3536 866 3575 vero

123 3609 188 3653 tunc
209 3608 346 3673 peceatum
369 3612 418 3650 con
430 3591 532 3663 rtearis,
547 3591 617 3648 nihil
631 3592 682 3650 linc
700 3592 750 3649 tibi
765 3593 866 3671 prode·

122 3674 167 3732 rit.
182 3675 250 3732 Nam
262 3672 339 3730 dives
355 3670 401 3730 illc
413 3690 476 3728 cum
489 3669 558 3728 vidit
573 3671 666 3728 Lazari
677 3684 820 3749 egestatem
835 3674 864 3732 in

122 3751 326 3834 prosperitatem
349 3764 479 3808 mutatam
501 3749 593 3822 suisse,
607 3770 736 3840 suamque
749 3753 864 3830 opulen-

123 3832 188 3891 tiam
204 3832 231 3891 in
249 3830 401 3919 penuriam·
413 3829 559 3918 ingentem,
578 3828 721 3907 ingemuit,
742 3829 789 3889 scd
812 3853 864 3891 nnn

923 2726 1039 2783 ἐντεῦθεν
1063 2721 1131 2803 ἔχων
1146 2728 1193 2794 τῆς
1207 2720 1325 2800 ἰατρείας
1338 2721 1374 2781 τδ
1390 2722 1584 2823 ἔμπλαστρον,
1595 2724 1653 2804 pipp
1669 2726 1692 2784 τί

923 2801 1021 2875 πάθος,
1032 2801 1129 2870 ἰπιθιίς
1151 2804 1235 2880 ἑαυτῷ
1246 2799 1292 2859 διδ
1306 2805 1358 2872 τῆς
1373 2803 1511 2869 πίστεως.
1529 2803 1605 2863 Alli
1614 2805 1646 2881 μὴ
1655 2803 1689 2880 μ’·

922 2905 969 2962 χρι
983 2882 1110 2981 ρημιίτων
1124 2884 1264 2987 ρτῇγήμῶν
1279 2879 1469 3030 ἡῦμιτιίνσιμ·
1485 2882 1586 2983 ἕτοιμον
1603 2884 1647 2967 γόρ
1657 2884 1689 2979 del

923 2959 1278 3117 resultent:
1288 2984 1344 3110 u
1356 2962 1689 3123 mimum:

923 3124 986 3180 ατοῦ
999 3124 1044 3178 τοῦ
1058 3119 1156 3221 Κυρίου
1168 3121 1254 3196 ἡμῶν.
1272 3117 1475 3198 Ὁμολόγησόν
1502 3145 1552 3183 σω
1569 3122 1602 3182 τί
1619 3125 1689 3198 alap-

924 3198 1082 3276 μελήματα,
1093 3203 1230 3279 ανθρωπε,
1241 3196 1424 3276 ἐξαγόρευσόν
1440 3223 1494 3259 σω
1505 3203 1556 3272 τὴν
1570 3203 1686 3282 ἁμαρτίαν,

922 3277 965 3336 ἵνα
975 3277 1060 3356 λάθῃς
1070 3300 1116 3339 σου
1131 3278 1179 3349 τὴν
1193 3278 1285 3357 ὄρεσιν
1294 3283 1346 3349 τῆς
1355 3278 1513 3358 ἁμαρτίας.
1524 3280 1688 3359 Ἔξαγσρείιιν,

922 3361 969 3428 τῆς
992 3358 1109 3437 ὄρέσεως
1123 3361 1175 3415 τῶν
1190 3358 1445 3434 πλημμελημάτων
1457 3361 1527 3439 δέρῃ
1542 3361 1589 3432 τήν
1602 3362 1688 3440 δωρεάν

922 3436 1032 3537 Μάρτυς
1046 3437 1143 3498 ἱκέσθω
1161 3436 1244 3496 Δαυίδ
1267 3435 1419 3514 ὁλέγων··
1440 3431 1538 3513 Elea,
1550 3440 1687 3520 ἐξαγορεύσει

920 3539 972 3575 κατ
994 3519 1057 3593 ἐμοῦ
1065 3515 1113 3588 τὴν
1130 3515 1240 3592 ἀνομίαν
1256 3539 1307 3593 μου
1317 3520 1361 3597 τῷ
1376 3518 1496 3596 Κυρίι-ι,
1514 3520 1687 3590 mimmius

920 3594 968 3666 τὴν
980 3595 1102 3655 delmino
1118 3600 1165 3667 τῆς
1178 3593 1288 3675 καρδίας
1302 3619 1368 3667 μου.
1385 3598 1446 3656 Νῦν
1461 3581 1515 3656 Ιἐίιν
1534 3600 1606 3669 εἴπης
1619 3586 1687 3658 imm

920 3674 1123 3773 πλημμελημα,
1135 3674 1263 3754 εὑρίσκεις
1275 3697 1321 3733 σου
1335 3673 1388 3746 τὴν
1403 3665 1600 3758 συγχώρησιιί·
1613 3683 1687 3758 pein-

920 3758 1036 3829 θρισιπιας
1045 3754 1120 3833 γόρό
1133 3752 1224 3833 παρὼν
1238 3753 1347 3832 καιρός·
1362 3758 1391 3814 ἐν
1404 3755 1435 3816 δὲ
1450 3761 1494 3815 τῶ
1507 3758 1687 3835 με’λλσντιαίῦνι

919 3832 965 3891 atel
985 3836 1086 3913 θρηνῶν
1106 3832 1220 3904 ἀνόνητα
1244 3832 1406 3914 θρηνήσεσς,
1422 3818 1484 3894 καί
1500 3839 1688 3914 μεταμελίμενιι

123 3925 302 3989 consequutus
315 3924 354 3969 est
366 3907 597 3982 misericordem,
613 3907 687 3967 licvit
698 3909 863 3970 etiamenta·
883 3923 902 3970 Ε
919 3913 966 3971 οὐκ
984 3912 1142 3979 ἀπολαύσεις
1164 3917 1211 3983 τῆς
1232 3913 1449 3992 συγγωρήσεως.
1465 3915 1517 3974 Ἐν
1534 3917 1585 3996 γὰρ
1606 3918 1687 3996 replis

122 4005 166 4050 tus
188 4004 238 4061 est,
256 3988 303 4048 sed
317 3987 524 4047 consolationem
541 4008 593 4045 non
612 3987 865 4077 impetravit3quae·

122 4071 198 4129 rebat
209 4067 432 4140 misericordiam,
445 4066 552 4126 sednon
563 4080 674 4146 accepit,
683 4067 746 4146 quia
757 4089 820 4127 cum
830 4069 865 4129 ab

121 4149 182 4230 ipso
195 4161 340 4229 peteretur,
364 4146 508 4206 concedere
529 4146 623 4204 noluit.
638 4145 689 4204 Hic
704 4146 791 4222 dives,
808 4149 865 4208 illic

122 4250 224 4308 pauper
245 4229 296 4285 suit
307 4250 317 4303 ;
339 4226 385 4285 hic
408 4225 443 4284 de
461 4225 567 4284 divitiis
586 4224 735 4285 admodum
756 4228 865 4287 inflatus

120 4321 188 4374 erat,
210 4307 268 4365 illic
282 4306 310 4364 in
331 4319 488 4384 paupertate
502 4304 664 4363 miserabilia
684 4305 864 4383 loquebatur,

119 4385 166 4445 hic
180 4385 237 4444 vini
247 4398 375 4443 torrentes
386 4398 412 4442 et
426 4397 624 4463 unguentorum
637 4384 721 4443 sontes
735 4385 863 4461 habebat,

119 4465 178 4524 illic
187 4465 288 4524 stillam
296 4485 373 4539 aqum
386 4482 505 4541 quaerens
517 4484 569 4521 non
581 4462 739 4543 accipiebat,
750 4464 800 4524 sed
811 4466 865 4524 buc

119 4543 186 4604 illuc
199 4565 227 4603 se
240 4542 374 4618 versabat,
389 4544 451 4620 igne
464 4542 557 4600 subtili
571 4542 735 4603 combustus.
759 4546 862 4604 Accur-

118 4646 210 4684 ramus
222 4643 286 4702 ergo
307 4642 355 4680 nos
368 4621 404 4679 ad
422 4620 606 4759 penitentiam
616 4642 692 4680 :nam
705 4636 811 4703 tempus
825 4638 864 4685 est

117 4701 407 4783 penitentiaezpeccati
442 4721 559 4759 ammam
571 4722 631 4760 rore
644 4703 806 4792 poenitentiae
815 4725 863 4764 ex-

118 4785 295 4862 stinguamus.
311 4781 384 4840 Cave
395 4801 427 4838 ne
438 4780 487 4839 Dei
504 4780 699 4859 longanimitati
710 4782 860 4861 attendens,

118 4882 165 4921 cor
187 4862 356 4942 impoenitens
379 4880 479 4919 serves.
498 4861 538 4918 Nc
555 4879 620 4938 crgo
639 4860 761 4921 animum
785 4876 862 4923 tuum

118 4939 226 5000 induret
247 4939 401 5017 benignitas
423 4939 563 4997 Dei:nam
586 4939 736 5019 benignitas
755 4942 806 5001 Dei
827 4942 861 5002 ad

919 3990 958 4058 τίς
973 3991 1194 4071 ἐξομολογήσεταί
1214 4015 1272 4062 σον,
1287 3993 1322 4049 Εἰ
1344 3993 1374 4051 δὲ
1399 3995 1452 4052 καὶ
1474 3994 1646 4075 ἐξομολογήσει
1665 3997 1689 4053 τὸ

919 4072 1107 4171 πλημμελημα
1132 4071 1207 4142 τότι,
1237 4070 1389 4149 ὠρελήσεις
1415 4075 1523 4133 σαυτὸν
1548 4063 1688 4136 edessio

918 4150 970 4230 γὰρ
982 4155 997 4209 ὄ
1008 4151 1130 4216 πλούσιος
1141 4155 1209 4229 δρῶν
1223 4155 1268 4208 τοῦ
1281 4151 1410 4231 Λαζάρου
1427 4152 1483 4225 τὴν
1501 4153 1600 4214 ἔνδειαν
1612 4159 1644 4220 el<
1653 4157 1688 4212 ei·

919 4228 1012 4300 θηνίαν
1027 4229 1247 4307 μετοῦληθεῑσαν,
1261 4229 1306 4286 καί
1323 4230 1377 4302 τὴν
1388 4234 1492 4292 ἑαυτοῦ
1508 4235 1650 4313 apameiae
1660 4237 1689 4297 tls

920 4309 1027 4388 ἄπειρον
1052 4309 1188 4388 πτωχείαν
1216 4315 1442 4384 καταπεσοῦσαν,
1465 4312 1559 4374 ἔστενε
1580 4315 1633 4392 μὲν,
1652 4317 1688 4372 ota

918 4391 1022 4458 ἠλεεῖτο
1034 4388 1077 4447 δέ·
1094 4389 1197 4468 ἐθρήνει
1208 4387 1253 4447 καί
1267 4389 1404 4471 ὠδύρετο,
1422 4394 1489 4450 ἀλλ’
1506 4397 1554 4453 οῦκ
1573 4397 1688 4465 ‹ie-lim

918 4466 1124 4549 παρακλήσεως·
1139 4468 1224 4540 ἐζήτει
1243 4467 1327 4541 ἔλεον,
1340 4471 1403 4527 ἀλλ’
1419 4475 1475 4530 οὐκ
1498 4474 1601 4543 ἔλαόεν,
1613 4472 1686 4540 ἐπειδὴ

918 4547 964 4606 καί
974 4548 1051 4613 αὐτὸς
1062 4546 1227 4625 αἰτούμενος,
1238 4547 1403 4624 μεταδοῦναι
1414 4554 1469 4610 οὐκ
1480 4553 1585 4623 ἤθελεν.
1595 4551 1688 4613 ’fiete

917 4650 997 4699 τησεν
1010 4617 1076 4700 dade,
1090 4629 1149 4686 ἀλλ’
1162 4626 1330 4705 ἐπτώχευσεν
1343 4629 1419 4688 ἐκεῖ·
1434 4622 1491 4690 ὧδε
1513 4632 1687 4769 μιγαζλαίρίμτ

1597 4711 1603 4730 Ι
1668 4710 1678 4729 ἱ

1491 4737 1515 4770 π

918 4708 962 4765 ἰπὶ
974 4705 1095 4787 πλούτῳ,
1110 4709 1164 4766 ἐκεῖ
1184 4705 1285 4765 ἰλεεινό
1306 4707 1489 4788 ἐρθίγγετοέ
1546 4736 1634 4772 πενια·
1648 4733 1686 4767 ενοι

917 4787 993 4845 σίνων
1009 4776 1064 4865 εἶχε
1086 4785 1246 4866 χειμάρρους
1260 4783 1305 4842 καί
1333 4786 1432 4869 μύρων
1456 4791 1566 4870 πηγᾶςί,
1587 4775 1635 4851 laici
1653 4789 1686 4846 ui

917 4866 1032 4943 σταγόνα
1043 4863 1135 4931 ὕδατος
1157 4869 1242 4937 ζητῶν
1262 4867 1311 4925 σῦκ
1323 4867 1499 4945 ἐλάμὸανεν,
1515 4859 1574 4931 ἀλλ’
1587 4862 1634 4930 ὧδε
1646 4871 1684 4926 xi·

916 4953 988 5005 κεῖσε
998 4943 1148 5045 περιίῤῥει,
1158 4945 1210 5003 ὑπὸ
1225 4950 1271 5003 τοῦ
1282 4941 1366 5004 eltae
1381 4949 1473 5027 πυρὸς
1487 4950 1684 5028 κατα-μίμνε

118 5019 303 5098 poenitentiam
314 5031 340 5076 te
355 5017 456 5076 excitat
475 5031 501 5076 et
522 5017 643 5077 adducit.
665 5020 736 5080 Vide
750 5042 814 5100 ergo
828 5044 861 5082 ne
870 5042 905 5080 ns
916 5024 1135 5105 Προσδραμωμεν
1148 5015 1192 5082 οὖν
1207 5024 1253 5082 καί
1263 5028 1346 5100 ἡμεῖς
1358 5031 1393 5106 τῇ
1406 5031 1543 5103 μετανοία
1552 5055 1558 5066 ·
1568 5030 1683 5108 μετανοίας

84 5108 98 5156 5
118 5101 282 5158 Secundum
296 5100 435 5155 duritiam
458 5110 539 5155 tuarn
559 5111 586 5156 et
608 5102 789 5176 impenitens
810 5122 861 5160 cor
879 5095 898 5143 θ
914 5104 966 5183 γὰρ
980 5102 1086 5186 καιρός
1101 5102 1239 5180 σόέσωμεν
1259 5106 1308 5173 τῆς
1332 5105 1479 5185 ἁμαρτίας
1499 5095 1548 5181 vll
1571 5108 1679 5189 ρλίγιτῇ

119 5179 297 5236 thesaurizes
307 5179 360 5234 tibi
377 5180 452 5234 iram
464 5180 496 5233 ιἰι
506 5178 614 5235 dieiroe
632 5179 858 5240 revelationem

114 5260 189 5337 justi
196 5258 303 5335 judicii
314 5257 381 5328 Dei,
399 5259 449 5333 qni
463 5256 562 5315 reddet
584 5261 740 5337 tenicuiqne
753 5281 858 5320 seeun-

915 5183 1001 5262 δρόσῳ
1044 5188 1091 5254 τῆς
1125 5181 1282 5260 μετανοίας,
1312 5184 1355 5259 μὴ
1392 5191 1428 5264 τῇ
1462 5189 1625 5272 μακροθυμίᾳ
1647 5190 1678 5242 ια’

914 5265 984 5324 Θεοῦ
1007 5261 1147 5341 προσχὼν,
1170 5263 1380 5341 ἀμεταμελητσν
1402 5269 1496 5346 κτήσῃ
1525 5269 1634 5350 καρδίαν·
1650 5266 1676 5329 or]
