<?xml version="1.0" encoding="UTF-8"?>
<!DOCTYPE html PUBLIC "-//W3C//DTD XHTML 1.0 Transitional//EN"
    "http://www.w3.org/TR/xhtml1/DTD/xhtml1-transitional.dtd">
<html xmlns="http://www.w3.org/1999/xhtml" xml:lang="en" lang="en">
 <head>
  <title>
</title>
<meta http-equiv="Content-Type" content="text/html;charset=utf-8" />
  <meta name='ocr-system' content='tesseract 3.04.00' />
  <meta name='ocr-capabilities' content='ocr_page ocr_carea ocr_par ocr_line ocrx_word'/>
</head>
<body>
  <div class='ocr_page' id='page_1' title='image "./sanctipatrisnos01chrygoog_0528.png"; bbox 0 0 3728 5978; ppageno 0'>
   <div class='ocr_carea' id='block_1_1' title="bbox 1563 403 1637 495">
    <p class='ocr_par' dir='ltr' id='par_1_1' title="bbox 1563 403 1637 495">
     <span class='ocr_line' id='line_1_1' title="bbox 1563 403 1637 495; baseline 0.027 -23"><span class='ocrx_word' id='word_1_1' title='bbox 1563 403 1637 495; x_wconf 69' lang='grc' dir='ltr'>,μισ</span> 
     </span>
    </p>
   </div>
   <div class='ocr_carea' id='block_1_2' title="bbox 65 547 1666 1284">
    <p class='ocr_par' dir='ltr' id='par_1_2' title="bbox 65 547 1666 1284">
     <span class='ocr_line' id='line_1_2' title="bbox 65 547 1666 640; baseline -0.006 -21"><span class='ocrx_word' id='word_1_2' title='bbox 65 557 278 640; x_wconf 75' lang='grc' dir='ltr'>τυραννουμένῃ,</span> <span class='ocrx_word' id='word_1_3' title='bbox 295 555 406 639; x_wconf 79' lang='grc' dir='ltr'>νιριίδας</span> <span class='ocrx_word' id='word_1_4' title='bbox 424 560 579 638; x_wconf 72' lang='grc' dir='ltr'>πειρασμῶν</span> <span class='ocrx_word' id='word_1_5' title='bbox 604 553 761 635; x_wconf 79' lang='grc' dir='ltr'>θπομίνιιν·</span> <span class='ocrx_word' id='word_1_6' title='bbox 771 551 840 614; x_wconf 85' lang='grc' dir='ltr'>οθιω</span> <span class='ocrx_word' id='word_1_7' title='bbox 893 551 996 612; x_wconf 90' lang='lat' dir='ltr'><strong>tionum</strong></span> <span class='ocrx_word' id='word_1_8' title='bbox 1007 550 1151 632; x_wconf 80' lang='lat' dir='ltr'><strong>grandines</strong></span> <span class='ocrx_word' id='word_1_9' title='bbox 1165 547 1450 631; x_wconf 77' lang='lat' dir='ltr'><strong>exspectandaeerant3</strong></span> <span class='ocrx_word' id='word_1_10' title='bbox 1463 548 1538 608; x_wconf 89' lang='lat' dir='ltr'><strong>sicet</strong></span> <span class='ocrx_word' id='word_1_11' title='bbox 1552 549 1637 610; x_wconf 85' lang='lat' dir='ltr'><strong>vitam</strong></span> <span class='ocrx_word' id='word_1_12' title='bbox 1664 588 1666 592; x_wconf 66' lang='lat'><strong>,</strong></span> 
     </span>
     <span class='ocr_line' id='line_1_3' title="bbox 65 640 1637 730; baseline -0.007 -19"><span class='ocrx_word' id='word_1_13' title='bbox 65 657 130 729; x_wconf 79' lang='grc' dir='ltr'>γοῦν</span> <span class='ocrx_word' id='word_1_14' title='bbox 142 652 189 712; x_wconf 82' lang='grc' dir='ltr'><strong>καλ</strong></span> <span class='ocrx_word' id='word_1_15' title='bbox 202 652 246 711; x_wconf 79' lang='grc' dir='ltr'><strong>τὸν</strong></span> <span class='ocrx_word' id='word_1_16' title='bbox 261 650 317 730; x_wconf 86' lang='grc' dir='ltr'>βίον</span> <span class='ocrx_word' id='word_1_17' title='bbox 330 648 472 710; x_wconf 79' lang='grc' dir='ltr'>κατέλυσεν</span> <span class='ocrx_word' id='word_1_18' title='bbox 482 651 553 728; x_wconf 83' lang='grc' dir='ltr'>ἐντῇ</span> <span class='ocrx_word' id='word_1_19' title='bbox 567 647 643 708; x_wconf 85' lang='grc' dir='ltr'>πόλει</span> <span class='ocrx_word' id='word_1_20' title='bbox 658 646 741 725; x_wconf 76' lang='grc' dir='ltr'>ταύτῃ</span> <span class='ocrx_word' id='word_1_21' title='bbox 750 642 840 727; x_wconf 81' lang='grc' dir='ltr'>,παρθ</span> <span class='ocrx_word' id='word_1_22' title='bbox 890 644 918 703; x_wconf 93' lang='lat' dir='ltr'><strong>in</strong></span> <span class='ocrx_word' id='word_1_23' title='bbox 935 645 986 704; x_wconf 89' lang='lat' dir='ltr'><strong>ista</strong></span> <span class='ocrx_word' id='word_1_24' title='bbox 1000 642 1067 702; x_wconf 92' lang='lat' dir='ltr'><strong>urbe</strong></span> <span class='ocrx_word' id='word_1_25' title='bbox 1079 640 1273 722; x_wconf 85' lang='lat' dir='ltr'><strong>clausit,jussu</strong></span> <span class='ocrx_word' id='word_1_26' title='bbox 1289 640 1398 722; x_wconf 75' lang='lat' dir='ltr'><strong>tyranni</strong></span> <span class='ocrx_word' id='word_1_27' title='bbox 1421 653 1486 700; x_wconf 87' lang='lat' dir='ltr'><strong>tunc</strong></span> <span class='ocrx_word' id='word_1_28' title='bbox 1500 641 1637 721; x_wconf 80' lang='lat' dir='ltr'><strong>regnantis</strong></span> 
     </span>
     <span class='ocr_line' id='line_1_4' title="bbox 65 735 1638 822; baseline -0.008 -18"><span class='ocrx_word' id='word_1_29' title='bbox 65 752 113 804; x_wconf 79' lang='grc' dir='ltr'><strong>τοῦ</strong></span> <span class='ocrx_word' id='word_1_30' title='bbox 128 743 189 803; x_wconf 80' lang='grc' dir='ltr'>τότε</span> <span class='ocrx_word' id='word_1_31' title='bbox 208 747 393 822; x_wconf 79' lang='grc' dir='ltr'>τυραννοῦντος</span> <span class='ocrx_word' id='word_1_32' title='bbox 415 740 610 819; x_wconf 81' lang='grc' dir='ltr'>ἀποτμηθείς)·</span> <span class='ocrx_word' id='word_1_33' title='bbox 625 740 684 798; x_wconf 76' lang='grc' dir='ltr'>ἀλλ’</span> <span class='ocrx_word' id='word_1_34' title='bbox 705 736 776 816; x_wconf 80' lang='grc' dir='ltr'>ὅμως</span> <span class='ocrx_word' id='word_1_35' title='bbox 791 760 839 797; x_wconf 84' lang='grc' dir='ltr'><strong>το·</strong></span> <span class='ocrx_word' id='word_1_36' title='bbox 891 735 978 816; x_wconf 87' lang='lat' dir='ltr'><strong>capite</strong></span> <span class='ocrx_word' id='word_1_37' title='bbox 991 739 1167 810; x_wconf 73' lang='lat' dir='ltr'><strong>truncatus),</strong></span> <span class='ocrx_word' id='word_1_38' title='bbox 1190 745 1307 791; x_wconf 85' lang='lat' dir='ltr'><strong>attamen</strong></span> <span class='ocrx_word' id='word_1_39' title='bbox 1329 751 1392 790; x_wconf 91' lang='lat' dir='ltr'><strong>cum</strong></span> <span class='ocrx_word' id='word_1_40' title='bbox 1405 743 1446 792; x_wconf 88' lang='lat' dir='ltr'><strong>tot</strong></span> <span class='ocrx_word' id='word_1_41' title='bbox 1458 743 1586 810; x_wconf 83' lang='lat' dir='ltr'><strong>tantaque</strong></span> <span class='ocrx_word' id='word_1_42' title='bbox 1609 753 1638 792; x_wconf 87' lang='lat' dir='ltr'><strong>se</strong></span> 
     </span>
     <span class='ocr_line' id='line_1_5' title="bbox 65 823 1638 913; baseline -0.006 -19"><span class='ocrx_word' id='word_1_43' title='bbox 65 841 153 895; x_wconf 79' lang='grc' dir='ltr'>σαῶτα</span> <span class='ocrx_word' id='word_1_44' title='bbox 162 838 315 913; x_wconf 85' lang='grc' dir='ltr'>προσδοκῶν</span> <span class='ocrx_word' id='word_1_45' title='bbox 328 837 478 913; x_wconf 73' lang='grc' dir='ltr'>ὑπομενεῖν,</span> <span class='ocrx_word' id='word_1_46' title='bbox 491 831 576 893; x_wconf 77' lang='grc' dir='ltr'>οὐδενὶ</span> <span class='ocrx_word' id='word_1_47' title='bbox 586 829 685 891; x_wconf 88' lang='grc' dir='ltr'>τούτων</span> <span class='ocrx_word' id='word_1_48' title='bbox 699 826 839 908; x_wconf 79' lang='grc' dir='ltr'>όκνηρύτε-</span> <span class='ocrx_word' id='word_1_49' title='bbox 856 829 875 877; x_wconf 77' lang='grc' dir='ltr'><strong>Β</strong></span> <span class='ocrx_word' id='word_1_50' title='bbox 891 847 1034 908; x_wconf 87' lang='lat' dir='ltr'><strong>passurum</strong></span> <span class='ocrx_word' id='word_1_51' title='bbox 1050 838 1227 908; x_wconf 76' lang='lat' dir='ltr'><strong>exspectaret,</strong></span> <span class='ocrx_word' id='word_1_52' title='bbox 1247 844 1301 884; x_wconf 89' lang='lat' dir='ltr'><strong>non</strong></span> <span class='ocrx_word' id='word_1_53' title='bbox 1314 823 1375 883; x_wconf 88' lang='lat' dir='ltr'><strong>ideo</strong></span> <span class='ocrx_word' id='word_1_54' title='bbox 1390 823 1498 904; x_wconf 77' lang='lat' dir='ltr'><strong>segnior</strong></span> <span class='ocrx_word' id='word_1_55' title='bbox 1505 823 1638 885; x_wconf 75' lang='lat' dir='ltr'><strong>reddeba-</strong></span> 
     </span>
     <span class='ocr_line' id='line_1_6' title="bbox 67 918 1637 1008; baseline -0.007 -20"><span class='ocrx_word' id='word_1_56' title='bbox 67 950 112 1008; x_wconf 90' lang='grc' dir='ltr'><strong>ρος</strong></span> <span class='ocrx_word' id='word_1_57' title='bbox 123 927 254 1008; x_wconf 82' lang='grc' dir='ltr'>ἐγίγνετο,</span> <span class='ocrx_word' id='word_1_58' title='bbox 269 925 363 986; x_wconf 80' lang='grc' dir='ltr'><strong>1ὀθλλθι</strong></span> <span class='ocrx_word' id='word_1_59' title='bbox 376 924 553 1005; x_wconf 86' lang='grc' dir='ltr'>κατηπείγετο</span> <span class='ocrx_word' id='word_1_60' title='bbox 564 922 610 982; x_wconf 79' lang='grc' dir='ltr'><strong>καὶ</strong></span> <span class='ocrx_word' id='word_1_61' title='bbox 623 920 700 982; x_wconf 85' lang='grc' dir='ltr'>ῶδινε</span> <span class='ocrx_word' id='word_1_62' title='bbox 713 920 759 980; x_wconf 78' lang='grc' dir='ltr'><strong>καί</strong></span> <span class='ocrx_word' id='word_1_63' title='bbox 770 919 840 1003; x_wconf 88' lang='grc' dir='ltr'>πρό·</span> <span class='ocrx_word' id='word_1_64' title='bbox 891 936 946 998; x_wconf 91' lang='lat' dir='ltr'><strong>tur,</strong></span> <span class='ocrx_word' id='word_1_65' title='bbox 962 921 1008 982; x_wconf 87' lang='lat' dir='ltr'><strong>sed</strong></span> <span class='ocrx_word' id='word_1_66' title='bbox 1017 920 1169 996; x_wconf 74' lang='lat' dir='ltr'><strong>festinabat,</strong></span> <span class='ocrx_word' id='word_1_67' title='bbox 1180 918 1358 1001; x_wconf 84' lang='lat' dir='ltr'><strong>parturiebat,</strong></span> <span class='ocrx_word' id='word_1_68' title='bbox 1377 932 1556 1000; x_wconf 85' lang='lat' dir='ltr'><strong>promtusque</strong></span> <span class='ocrx_word' id='word_1_69' title='bbox 1570 932 1637 999; x_wconf 82' lang='lat' dir='ltr'><strong>erat.</strong></span> 
     </span>
     <span class='ocr_line' id='line_1_7' title="bbox 65 1010 1636 1100; baseline -0.006 -21"><span class='ocrx_word' id='word_1_70' title='bbox 65 1025 149 1097; x_wconf 92' lang='grc' dir='ltr'>θυμος</span> <span class='ocrx_word' id='word_1_71' title='bbox 161 1012 204 1093; x_wconf 71' lang='grc' dir='ltr'><strong>ἦν.</strong></span> <span class='ocrx_word' id='word_1_72' title='bbox 216 1019 264 1079; x_wconf 89' lang='grc' dir='ltr'><strong>Διό</strong></span> <span class='ocrx_word' id='word_1_73' title='bbox 272 1041 361 1100; x_wconf 83' lang='grc' dir='ltr'>φησιν,</span> <span class='ocrx_word' id='word_1_74' title='bbox 376 1018 455 1078; x_wconf 71' lang='lat' dir='ltr'><strong>Oine</strong></span> <span class='ocrx_word' id='word_1_75' title='bbox 467 1018 498 1079; x_wconf 86' lang='grc' dir='ltr'><strong>τθ</strong></span> <span class='ocrx_word' id='word_1_76' title='bbox 508 1014 569 1076; x_wconf 85' lang='grc' dir='ltr'>κατ’</span> <span class='ocrx_word' id='word_1_77' title='bbox 579 1015 626 1095; x_wconf 78' lang='grc' dir='ltr'><strong>ἐμὲ</strong></span> <span class='ocrx_word' id='word_1_78' title='bbox 636 1014 780 1096; x_wconf 79' lang='grc' dir='ltr'>πρόθυμον,</span> <span class='ocrx_word' id='word_1_79' title='bbox 793 1010 839 1072; x_wconf 79' lang='grc' dir='ltr'><strong>καθ</strong></span> <span class='ocrx_word' id='word_1_80' title='bbox 891 1013 1009 1094; x_wconf 87' lang='lat' dir='ltr'><strong>Ideoque</strong></span> <span class='ocrx_word' id='word_1_81' title='bbox 1019 1014 1076 1073; x_wconf 85' lang='lat' dir='ltr'><strong>ait:</strong></span> <span class='ocrx_word' id='word_1_82' title='bbox 1096 1014 1247 1092; x_wconf 83' lang='lat' dir='ltr'><strong>Quantum</strong></span> <span class='ocrx_word' id='word_1_83' title='bbox 1257 1015 1290 1070; x_wconf 85' lang='lat' dir='ltr'><strong>in</strong></span> <span class='ocrx_word' id='word_1_84' title='bbox 1309 1033 1356 1071; x_wconf 90' lang='lat' dir='ltr'><strong>me</strong></span> <span class='ocrx_word' id='word_1_85' title='bbox 1366 1024 1419 1084; x_wconf 87' lang='lat' dir='ltr'><strong>est,</strong></span> <span class='ocrx_word' id='word_1_86' title='bbox 1433 1024 1558 1090; x_wconf 83' lang='lat' dir='ltr'><strong>paratus</strong></span> <span class='ocrx_word' id='word_1_87' title='bbox 1570 1031 1636 1072; x_wconf 84' lang='lat' dir='ltr'><strong>sum</strong></span> 
     </span>
     <span class='ocr_line' id='line_1_8' title="bbox 65 1105 1635 1192; baseline -0.005 -21"><span class='ocrx_word' id='word_1_88' title='bbox 65 1117 129 1191; x_wconf 76' lang='grc' dir='ltr'>ὑμῖν</span> <span class='ocrx_word' id='word_1_89' title='bbox 145 1120 200 1180; x_wconf 87' lang='grc' dir='ltr'>τοῖς</span> <span class='ocrx_word' id='word_1_90' title='bbox 219 1115 246 1171; x_wconf 81' lang='grc' dir='ltr'><strong>ἐν</strong></span> <span class='ocrx_word' id='word_1_91' title='bbox 261 1111 355 1191; x_wconf 82' lang='grc' dir='ltr'>Ῥώμῃ</span> <span class='ocrx_word' id='word_1_92' title='bbox 380 1111 608 1192; x_wconf 81' lang='grc' dir='ltr'>εὐαγγελίσασθαι.</span> <span class='ocrx_word' id='word_1_93' title='bbox 622 1111 664 1168; x_wconf 83' lang='grc' dir='ltr'><strong>Οὐ</strong></span> <span class='ocrx_word' id='word_1_94' title='bbox 685 1105 737 1188; x_wconf 81' lang='grc' dir='ltr'>γθρ</span> <span class='ocrx_word' id='word_1_95' title='bbox 757 1109 840 1166; x_wconf 85' lang='grc' dir='ltr'>ἐπαι-</span> <span class='ocrx_word' id='word_1_96' title='bbox 891 1113 977 1169; x_wconf 82' lang='lat' dir='ltr'><strong>vobis</strong></span> <span class='ocrx_word' id='word_1_97' title='bbox 1002 1130 1127 1190; x_wconf 86' lang='lat' dir='ltr'><strong>quoque,</strong></span> <span class='ocrx_word' id='word_1_98' title='bbox 1140 1111 1192 1188; x_wconf 84' lang='lat' dir='ltr'><strong>qui</strong></span> <span class='ocrx_word' id='word_1_99' title='bbox 1200 1110 1299 1167; x_wconf 70' lang='lat' dir='ltr'><strong>nome</strong></span> <span class='ocrx_word' id='word_1_100' title='bbox 1315 1109 1395 1183; x_wconf 84' lang='lat' dir='ltr'><strong>estis,</strong></span> <span class='ocrx_word' id='word_1_101' title='bbox 1418 1106 1635 1186; x_wconf 75' lang='lat' dir='ltr'><strong>evangelizare.</strong></span> 
     </span>
     <span class='ocr_line' id='line_1_9' title="bbox 65 1191 1635 1284; baseline -0.004 -20"><span class='ocrx_word' id='word_1_102' title='bbox 65 1203 241 1284; x_wconf 73' lang='grc' dir='ltr'>σχύνομαιτθ</span> <span class='ocrx_word' id='word_1_103' title='bbox 253 1203 414 1284; x_wconf 77' lang='grc' dir='ltr'>εὐαγγέλιον.</span> <span class='ocrx_word' id='word_1_104' title='bbox 429 1202 465 1264; x_wconf 90' lang='grc' dir='ltr'><strong>Τί</strong></span> <span class='ocrx_word' id='word_1_105' title='bbox 477 1191 575 1284; x_wconf 51' lang='lat' dir='ltr'><strong>obad)</strong></span> <span class='ocrx_word' id='word_1_106' title='bbox 596 1203 704 1273; x_wconf 78' lang='grc' dir='ltr'>Παῦλε,</span> <span class='ocrx_word' id='word_1_107' title='bbox 719 1198 785 1258; x_wconf 83' lang='grc' dir='ltr'>Δέον</span> <span class='ocrx_word' id='word_1_108' title='bbox 799 1201 838 1257; x_wconf 83' lang='lat' dir='ltr'><strong>st·</strong></span> <span class='ocrx_word' id='word_1_109' title='bbox 893 1204 940 1263; x_wconf 87' lang='grc'><strong>16.</strong></span> <span class='ocrx_word' id='word_1_110' title='bbox 952 1205 1022 1262; x_wconf 86' lang='lat' dir='ltr'><strong>Non</strong></span> <span class='ocrx_word' id='word_1_111' title='bbox 1032 1205 1111 1262; x_wconf 85' lang='lat' dir='ltr'><strong>enim</strong></span> <span class='ocrx_word' id='word_1_112' title='bbox 1122 1204 1260 1261; x_wconf 86' lang='lat' dir='ltr'><strong>erubesco</strong></span> <span class='ocrx_word' id='word_1_113' title='bbox 1281 1199 1474 1280; x_wconf 82' lang='lat' dir='ltr'><strong>evangelium.</strong></span> <span class='ocrx_word' id='word_1_114' title='bbox 1493 1197 1568 1272; x_wconf 83' lang='lat' dir='ltr'><strong>Quid</strong></span> <span class='ocrx_word' id='word_1_115' title='bbox 1582 1197 1635 1276; x_wconf 84' lang='lat' dir='ltr'><strong>ais,</strong></span> 
     </span>
    </p>
   </div>
   <div class='ocr_carea' id='block_1_3' title="bbox 566 427 1135 482">
    <p class='ocr_par' dir='ltr' id='par_1_3' title="bbox 566 427 1135 482">
     <span class='ocr_line' id='line_1_10' title="bbox 566 427 1135 482; baseline -0.007 -1"><span class='ocrx_word' id='word_1_116' title='bbox 566 432 600 482; x_wconf 82' lang='grc'><strong>111</strong></span> <span class='ocrx_word' id='word_1_117' title='bbox 627 431 735 481; x_wconf 76' lang='lat' dir='ltr'><strong>EPIST·</strong></span> <span class='ocrx_word' id='word_1_118' title='bbox 765 428 812 477; x_wconf 82' lang='grc' dir='ltr'><strong>ΑΙ)</strong></span> <span class='ocrx_word' id='word_1_119' title='bbox 837 429 920 480; x_wconf 75' lang='lat' dir='ltr'><strong>ROM·</strong></span> <span class='ocrx_word' id='word_1_120' title='bbox 950 427 1069 480; x_wconf 72' lang='lat' dir='ltr'><strong>nom.</strong></span> <span class='ocrx_word' id='word_1_121' title='bbox 1096 429 1135 479; x_wconf 80' lang='lat' dir='ltr'><strong>u.</strong></span> 
     </span>
    </p>
   </div>
   <div class='ocr_carea' id='block_1_4' title="bbox 62 1289 838 1653">
    <p class='ocr_par' dir='ltr' id='par_1_4' title="bbox 62 1289 838 1653">
     <span class='ocr_line' id='line_1_11' title="bbox 64 1289 837 1377; baseline -0.008 -20"><span class='ocrx_word' id='word_1_122' title='bbox 64 1305 135 1372; x_wconf 86' lang='grc' dir='ltr'>πεῖν,</span> <span class='ocrx_word' id='word_1_123' title='bbox 148 1297 191 1358; x_wconf 86' lang='grc' dir='ltr'><strong>ότι</strong></span> <span class='ocrx_word' id='word_1_124' title='bbox 206 1297 251 1357; x_wconf 79' lang='grc' dir='ltr'><strong>καί</strong></span> <span class='ocrx_word' id='word_1_125' title='bbox 265 1301 408 1377; x_wconf 82' lang='grc' dir='ltr'>καυχῶμαι</span> <span class='ocrx_word' id='word_1_126' title='bbox 425 1295 470 1355; x_wconf 81' lang='grc' dir='ltr'><strong>καλ</strong></span> <span class='ocrx_word' id='word_1_127' title='bbox 493 1293 656 1372; x_wconf 79' lang='grc' dir='ltr'>σεμνύνομαι</span> <span class='ocrx_word' id='word_1_128' title='bbox 669 1291 715 1352; x_wconf 82' lang='grc' dir='ltr'><strong>καλ</strong></span> <span class='ocrx_word' id='word_1_129' title='bbox 729 1289 837 1372; x_wconf 78' lang='grc' dir='ltr'>ἐναθρύ·</span> 
     </span>
     <span class='ocr_line' id='line_1_12' title="bbox 64 1382 838 1469; baseline -0.01 -19"><span class='ocrx_word' id='word_1_130' title='bbox 64 1395 247 1469; x_wconf 85' lang='grc' dir='ltr'>νομαι,τοῦτο</span> <span class='ocrx_word' id='word_1_131' title='bbox 260 1387 307 1466; x_wconf 82' lang='grc' dir='ltr'><strong>μέν</strong></span> <span class='ocrx_word' id='word_1_132' title='bbox 321 1393 351 1449; x_wconf 79' lang='grc' dir='ltr'><strong>οὐ</strong></span> <span class='ocrx_word' id='word_1_133' title='bbox 366 1389 464 1469; x_wconf 85' lang='grc' dir='ltr'>λέγεις,</span> <span class='ocrx_word' id='word_1_134' title='bbox 478 1387 509 1447; x_wconf 88' lang='grc' dir='ltr'><strong>τθ</strong></span> <span class='ocrx_word' id='word_1_135' title='bbox 519 1387 548 1446; x_wconf 78' lang='grc' dir='ltr'><strong>δέ</strong></span> <span class='ocrx_word' id='word_1_136' title='bbox 558 1385 667 1447; x_wconf 78' lang='grc' dir='ltr'>ἔλαττον</span> <span class='ocrx_word' id='word_1_137' title='bbox 680 1384 787 1457; x_wconf 88' lang='grc' dir='ltr'>τούτου,</span> <span class='ocrx_word' id='word_1_138' title='bbox 797 1382 838 1443; x_wconf 84' lang='grc' dir='ltr'><strong>ότι</strong></span> 
     </span>
     <span class='ocr_line' id='line_1_13' title="bbox 63 1476 836 1562; baseline -0.008 -20"><span class='ocrx_word' id='word_1_139' title='bbox 63 1483 113 1542; x_wconf 87' lang='grc' dir='ltr'><strong>οθκ</strong></span> <span class='ocrx_word' id='word_1_140' title='bbox 125 1479 286 1562; x_wconf 84' lang='grc' dir='ltr'>ἐπαιοχύνῃ·</span> <span class='ocrx_word' id='word_1_141' title='bbox 301 1480 366 1561; x_wconf 81' lang='grc' dir='ltr'>ὅπερ</span> <span class='ocrx_word' id='word_1_142' title='bbox 388 1484 436 1540; x_wconf 87' lang='grc' dir='ltr'>οθιι</span> <span class='ocrx_word' id='word_1_143' title='bbox 449 1479 494 1540; x_wconf 70' lang='grc' dir='ltr'><strong>ἐπὶ</strong></span> <span class='ocrx_word' id='word_1_144' title='bbox 509 1484 562 1538; x_wconf 89' lang='grc' dir='ltr'><strong>τῶν</strong></span> <span class='ocrx_word' id='word_1_145' title='bbox 585 1476 687 1559; x_wconf 77' lang='grc' dir='ltr'>σφόδρα</span> <span class='ocrx_word' id='word_1_146' title='bbox 704 1480 836 1557; x_wconf 81' lang='grc' dir='ltr'>λαμπρῶν</span> 
     </span>
     <span class='ocr_line' id='line_1_14' title="bbox 62 1563 837 1653; baseline -0.008 -20"><span class='ocrx_word' id='word_1_147' title='bbox 62 1572 151 1653; x_wconf 83' lang='grc' dir='ltr'>λέγειν</span> <span class='ocrx_word' id='word_1_148' title='bbox 166 1572 304 1652; x_wconf 83' lang='grc' dir='ltr'>είῶθαμεν.</span> <span class='ocrx_word' id='word_1_149' title='bbox 317 1573 353 1633; x_wconf 92' lang='grc' dir='ltr'><strong>Τί</strong></span> <span class='ocrx_word' id='word_1_150' title='bbox 367 1563 411 1632; x_wconf 80' lang='grc' dir='ltr'><strong>σύν</strong></span> <span class='ocrx_word' id='word_1_151' title='bbox 430 1577 500 1633; x_wconf 85' lang='grc' dir='ltr'>ἐστιν</span> <span class='ocrx_word' id='word_1_152' title='bbox 514 1572 621 1653; x_wconf 80' lang='grc' dir='ltr'>όρησι,</span> <span class='ocrx_word' id='word_1_153' title='bbox 636 1570 681 1630; x_wconf 80' lang='grc' dir='ltr'><strong>καλ</strong></span> <span class='ocrx_word' id='word_1_154' title='bbox 698 1568 768 1636; x_wconf 88' lang='grc' dir='ltr'>τίνος</span> <span class='ocrx_word' id='word_1_155' title='bbox 780 1568 837 1628; x_wconf 73' lang='grc' dir='ltr'>ἕνα·</span> 
     </span>
    </p>
   </div>
   <div class='ocr_carea' id='block_1_5' title="bbox 891 1292 1637 1649">
    <p class='ocr_par' dir='ltr' id='par_1_5' title="bbox 891 1292 1637 1649">
     <span class='ocr_line' id='line_1_15' title="bbox 893 1292 1637 1376; baseline -0.005 -21"><span class='ocrx_word' id='word_1_156' title='bbox 893 1296 994 1355; x_wconf 78' lang='lat' dir='ltr'><strong>Paule?</strong></span> <span class='ocrx_word' id='word_1_157' title='bbox 1002 1297 1072 1355; x_wconf 87' lang='lat' dir='ltr'><strong>Cum</strong></span> <span class='ocrx_word' id='word_1_158' title='bbox 1081 1307 1215 1376; x_wconf 87' lang='lat' dir='ltr'><strong>oporteret</strong></span> <span class='ocrx_word' id='word_1_159' title='bbox 1220 1293 1321 1367; x_wconf 85' lang='lat' dir='ltr'><strong>dicere,</strong></span> <span class='ocrx_word' id='word_1_160' title='bbox 1332 1293 1455 1369; x_wconf 89' lang='lat' dir='ltr'><strong>Glorior,</strong></span> <span class='ocrx_word' id='word_1_161' title='bbox 1461 1292 1530 1352; x_wconf 91' lang='lat' dir='ltr'><strong>mibi</strong></span> <span class='ocrx_word' id='word_1_162' title='bbox 1544 1306 1637 1373; x_wconf 79' lang='lat' dir='ltr'><strong>gratu·</strong></span> 
     </span>
     <span class='ocr_line' id='line_1_16' title="bbox 891 1383 1636 1465; baseline -0.004 -19"><span class='ocrx_word' id='word_1_163' title='bbox 891 1387 946 1464; x_wconf 90' lang='lat' dir='ltr'><strong>lor;</strong></span> <span class='ocrx_word' id='word_1_164' title='bbox 957 1408 1010 1448; x_wconf 92' lang='lat' dir='ltr'><strong>non</strong></span> <span class='ocrx_word' id='word_1_165' title='bbox 1022 1387 1075 1448; x_wconf 85' lang='lat' dir='ltr'><strong>boe</strong></span> <span class='ocrx_word' id='word_1_166' title='bbox 1084 1386 1164 1464; x_wconf 86' lang='lat' dir='ltr'><strong>dicis,</strong></span> <span class='ocrx_word' id='word_1_167' title='bbox 1178 1385 1225 1446; x_wconf 88' lang='lat' dir='ltr'><strong>sed</strong></span> <span class='ocrx_word' id='word_1_168' title='bbox 1238 1385 1313 1465; x_wconf 91' lang='lat' dir='ltr'><strong>quod</strong></span> <span class='ocrx_word' id='word_1_169' title='bbox 1326 1384 1374 1444; x_wconf 92' lang='lat' dir='ltr'><strong>illo</strong></span> <span class='ocrx_word' id='word_1_170' title='bbox 1393 1384 1483 1444; x_wconf 87' lang='lat' dir='ltr'><strong>minus</strong></span> <span class='ocrx_word' id='word_1_171' title='bbox 1495 1398 1546 1464; x_wconf 88' lang='lat' dir='ltr'><strong>est,</strong></span> <span class='ocrx_word' id='word_1_172' title='bbox 1561 1383 1636 1464; x_wconf 88' lang='lat' dir='ltr'><strong>quod</strong></span> 
     </span>
     <span class='ocr_line' id='line_1_17' title="bbox 892 1475 1637 1557; baseline -0.004 -18"><span class='ocrx_word' id='word_1_173' title='bbox 892 1501 945 1540; x_wconf 93' lang='lat' dir='ltr'><strong>non</strong></span> <span class='ocrx_word' id='word_1_174' title='bbox 959 1479 1098 1541; x_wconf 72' lang='lat' dir='ltr'><strong>erubescas</strong></span> <span class='ocrx_word' id='word_1_175' title='bbox 1105 1502 1115 1557; x_wconf 89' lang='lat'>;</span> <span class='ocrx_word' id='word_1_176' title='bbox 1134 1477 1164 1538; x_wconf 94' lang='lat' dir='ltr'><strong>id</strong></span> <span class='ocrx_word' id='word_1_177' title='bbox 1177 1478 1253 1557; x_wconf 91' lang='lat' dir='ltr'><strong>quod</strong></span> <span class='ocrx_word' id='word_1_178' title='bbox 1266 1477 1294 1537; x_wconf 92' lang='lat' dir='ltr'><strong>in</strong></span> <span class='ocrx_word' id='word_1_179' title='bbox 1308 1477 1389 1537; x_wconf 88' lang='lat' dir='ltr'><strong>rebus</strong></span> <span class='ocrx_word' id='word_1_180' title='bbox 1397 1475 1548 1557; x_wconf 80' lang='lat' dir='ltr'><strong>insignibus</strong></span> <span class='ocrx_word' id='word_1_181' title='bbox 1562 1477 1637 1537; x_wconf 89' lang='lat' dir='ltr'><strong>dice-</strong></span> 
     </span>
     <span class='ocr_line' id='line_1_18' title="bbox 891 1567 1637 1649; baseline -0.005 -18"><span class='ocrx_word' id='word_1_182' title='bbox 891 1592 921 1631; x_wconf 88' lang='lat' dir='ltr'><strong>re</strong></span> <span class='ocrx_word' id='word_1_183' title='bbox 935 1591 988 1631; x_wconf 93' lang='lat' dir='ltr'><strong>non</strong></span> <span class='ocrx_word' id='word_1_184' title='bbox 1001 1570 1127 1631; x_wconf 87' lang='lat' dir='ltr'><strong>solemus.</strong></span> <span class='ocrx_word' id='word_1_185' title='bbox 1139 1568 1215 1643; x_wconf 90' lang='lat' dir='ltr'><strong>Quid</strong></span> <span class='ocrx_word' id='word_1_186' title='bbox 1223 1568 1309 1649; x_wconf 81' lang='lat' dir='ltr'><strong>igitur</strong></span> <span class='ocrx_word' id='word_1_187' title='bbox 1323 1568 1411 1630; x_wconf 79' lang='lat' dir='ltr'><strong>dicit?</strong></span> <span class='ocrx_word' id='word_1_188' title='bbox 1430 1590 1479 1628; x_wconf 88' lang='lat' dir='ltr'><strong>our</strong></span> <span class='ocrx_word' id='word_1_189' title='bbox 1494 1567 1535 1628; x_wconf 87' lang='lat' dir='ltr'><strong>sie</strong></span> <span class='ocrx_word' id='word_1_190' title='bbox 1546 1568 1637 1648; x_wconf 89' lang='lat' dir='ltr'><strong>loqui·</strong></span> 
     </span>
    </p>
   </div>
   <div class='ocr_carea' id='block_1_6' title="bbox 59 1659 1638 3042">
    <p class='ocr_par' dir='ltr' id='par_1_6' title="bbox 59 1659 1638 3042">
     <span class='ocr_line' id='line_1_19' title="bbox 61 1659 1637 1747; baseline -0.002 -22"><span class='ocrx_word' id='word_1_191' title='bbox 61 1689 109 1726; x_wconf 88' lang='grc' dir='ltr'>ιιεν</span> <span class='ocrx_word' id='word_1_192' title='bbox 124 1665 193 1725; x_wconf 74' lang='grc' dir='ltr'>οὕτω</span> <span class='ocrx_word' id='word_1_193' title='bbox 206 1665 363 1747; x_wconf 72' lang='grc' dir='ltr'>φθέγγεται,</span> <span class='ocrx_word' id='word_1_194' title='bbox 377 1664 503 1744; x_wconf 86' lang='grc' dir='ltr'>καίτοιγε</span> <span class='ocrx_word' id='word_1_195' title='bbox 515 1662 693 1743; x_wconf 78' lang='grc' dir='ltr'>ἀγαλλόμενος</span> <span class='ocrx_word' id='word_1_196' title='bbox 707 1663 749 1721; x_wconf 79' lang='grc' dir='ltr'><strong>ἐπ’</strong></span> <span class='ocrx_word' id='word_1_197' title='bbox 765 1663 836 1741; x_wconf 75' lang='grc' dir='ltr'>αὐτῷ</span> <span class='ocrx_word' id='word_1_198' title='bbox 890 1677 947 1741; x_wconf 89' lang='lat' dir='ltr'><strong>tur,</strong></span> <span class='ocrx_word' id='word_1_199' title='bbox 955 1663 1004 1723; x_wconf 84' lang='lat' dir='ltr'><strong>etsi</strong></span> <span class='ocrx_word' id='word_1_200' title='bbox 1019 1661 1107 1742; x_wconf 80' lang='lat' dir='ltr'><strong>magis</strong></span> <span class='ocrx_word' id='word_1_201' title='bbox 1114 1661 1150 1722; x_wconf 90' lang='lat' dir='ltr'><strong>de</strong></span> <span class='ocrx_word' id='word_1_202' title='bbox 1160 1661 1300 1742; x_wconf 72' lang='lat' dir='ltr'><strong>evangelio</strong></span> <span class='ocrx_word' id='word_1_203' title='bbox 1311 1682 1394 1741; x_wconf 64' lang='lat' dir='ltr'><strong>mm</strong></span> <span class='ocrx_word' id='word_1_204' title='bbox 1404 1659 1440 1720; x_wconf 90' lang='lat' dir='ltr'><strong>de</strong></span> <span class='ocrx_word' id='word_1_205' title='bbox 1453 1661 1518 1720; x_wconf 79' lang='lat' dir='ltr'><strong>calo</strong></span> <span class='ocrx_word' id='word_1_206' title='bbox 1531 1661 1637 1743; x_wconf 82' lang='lat' dir='ltr'><strong>glorie-</strong></span> 
     </span>
     <span class='ocr_line' id='line_1_20' title="bbox 63 1751 835 1838; baseline -0.008 -22"><span class='ocrx_word' id='word_1_207' title='bbox 63 1759 166 1837; x_wconf 78' lang='grc' dir='ltr'>μᾶλλον</span> <span class='ocrx_word' id='word_1_208' title='bbox 181 1756 198 1829; x_wconf 80' lang='grc' dir='ltr'>ἢ</span> <span class='ocrx_word' id='word_1_209' title='bbox 213 1757 256 1818; x_wconf 78' lang='grc' dir='ltr'><strong>ἐπί</strong></span> <span class='ocrx_word' id='word_1_210' title='bbox 268 1760 307 1838; x_wconf 81' lang='grc' dir='ltr'><strong>τῷ</strong></span> <span class='ocrx_word' id='word_1_211' title='bbox 324 1760 441 1838; x_wconf 80' lang='grc' dir='ltr'>οὐρανῷ,</span> <span class='ocrx_word' id='word_1_212' title='bbox 452 1754 587 1821; x_wconf 81' lang='grc' dir='ltr'>Γαλάταις</span> <span class='ocrx_word' id='word_1_213' title='bbox 599 1761 660 1834; x_wconf 79' lang='grc' dir='ltr'>γοῦν</span> <span class='ocrx_word' id='word_1_214' title='bbox 673 1751 835 1813; x_wconf 69' lang='grc' dir='ltr'>ἐπιστέλλων</span> 
     </span>
     <span class='ocr_line' id='line_1_21' title="bbox 61 1843 1637 1934; baseline -0.009 -8"><span class='ocrx_word' id='word_1_215' title='bbox 61 1852 152 1926; x_wconf 67' lang='grc' dir='ltr'>ἷθυΥῑυ</span> <span class='ocrx_word' id='word_1_216' title='bbox 163 1873 170 1888; x_wconf 85' lang='grc'><em>’</em></span> <span class='ocrx_word' id='word_1_217' title='bbox 182 1849 262 1929; x_wconf 64' lang='grc' dir='ltr'>Ἐμοί</span> <span class='ocrx_word' id='word_1_218' title='bbox 273 1850 302 1909; x_wconf 65' lang='grc' dir='ltr'><strong>δὲ</strong></span> <span class='ocrx_word' id='word_1_219' title='bbox 315 1848 353 1928; x_wconf 73' lang='grc' dir='ltr'><strong>μθ</strong></span> <span class='ocrx_word' id='word_1_220' title='bbox 364 1847 465 1928; x_wconf 71' lang='grc' dir='ltr'>Υὲυοῑτυ</span> <span class='ocrx_word' id='word_1_221' title='bbox 480 1853 646 1928; x_wconf 70' lang='grc' dir='ltr'>υουχᾶυθοῑι</span> <span class='ocrx_word' id='word_1_222' title='bbox 661 1848 685 1905; x_wconf 72' lang='grc' dir='ltr'>οἶ</span> <span class='ocrx_word' id='word_1_223' title='bbox 699 1843 737 1924; x_wconf 76' lang='grc' dir='ltr'>μθ</span> <span class='ocrx_word' id='word_1_224' title='bbox 756 1847 783 1904; x_wconf 68' lang='grc' dir='ltr'>ἓν</span> <span class='ocrx_word' id='word_1_225' title='bbox 797 1844 836 1923; x_wconf 66' lang='grc' dir='ltr'><strong>τῷ</strong></span> <span class='ocrx_word' id='word_1_226' title='bbox 891 1855 968 1912; x_wconf 84' lang='lat' dir='ltr'><strong>obsit</strong></span> <span class='ocrx_word' id='word_1_227' title='bbox 976 1853 1110 1934; x_wconf 81' lang='lat' dir='ltr'><strong>gloriari,</strong></span> <span class='ocrx_word' id='word_1_228' title='bbox 1124 1855 1182 1911; x_wconf 85' lang='lat' dir='ltr'><strong>nisi</strong></span> <span class='ocrx_word' id='word_1_229' title='bbox 1191 1855 1224 1911; x_wconf 86' lang='lat' dir='ltr'><strong>in</strong></span> <span class='ocrx_word' id='word_1_230' title='bbox 1232 1872 1318 1913; x_wconf 83' lang='lat' dir='ltr'><strong>eruce</strong></span> <span class='ocrx_word' id='word_1_231' title='bbox 1325 1853 1449 1911; x_wconf 84' lang='lat' dir='ltr'><strong>Domini</strong></span> <span class='ocrx_word' id='word_1_232' title='bbox 1460 1856 1553 1912; x_wconf 77' lang='lat' dir='ltr'><strong>nostri</strong></span> <span class='ocrx_word' id='word_1_233' title='bbox 1563 1855 1637 1914; x_wconf 76' lang='lat' dir='ltr'><strong>Iesu</strong></span> 
     </span>
     <span class='ocr_line' id='line_1_22' title="bbox 64 1926 1638 2029; baseline -0.004 -13"><span class='ocrx_word' id='word_1_234' title='bbox 64 1946 171 2023; x_wconf 64' lang='grc' dir='ltr'>ουυυοῷ</span> <span class='ocrx_word' id='word_1_235' title='bbox 181 1948 227 2002; x_wconf 67' lang='grc' dir='ltr'>τοῦ</span> <span class='ocrx_word' id='word_1_236' title='bbox 247 1941 346 2021; x_wconf 74' lang='grc' dir='ltr'>Κυρίυυ</span> <span class='ocrx_word' id='word_1_237' title='bbox 359 1944 436 2018; x_wconf 70' lang='grc' dir='ltr'>ἡμῶν</span> <span class='ocrx_word' id='word_1_238' title='bbox 449 1939 538 2012; x_wconf 73' lang='grc' dir='ltr'>Ἰηυοῧ</span> <span class='ocrx_word' id='word_1_239' title='bbox 554 1940 682 2019; x_wconf 62' lang='grc' dir='ltr'>Χριστοῦ.</span> <span class='ocrx_word' id='word_1_240' title='bbox 698 1935 779 2003; x_wconf 82' lang='grc' dir='ltr'>Τίνος</span> <span class='ocrx_word' id='word_1_241' title='bbox 791 1926 835 1996; x_wconf 69' lang='lat' dir='ltr'><strong>eis</strong></span> <span class='ocrx_word' id='word_1_242' title='bbox 854 1938 873 1989; x_wconf 81' lang='lat' dir='ltr'><strong>G</strong></span> <span class='ocrx_word' id='word_1_243' title='bbox 892 1948 1013 2008; x_wconf 75' lang='lat' dir='ltr'><strong>Christi.</strong></span> <span class='ocrx_word' id='word_1_244' title='bbox 1035 1949 1092 2008; x_wconf 88' lang='lat' dir='ltr'><strong>Cur</strong></span> <span class='ocrx_word' id='word_1_245' title='bbox 1107 1968 1171 2029; x_wconf 76' lang='lat' dir='ltr'><strong>ergo</strong></span> <span class='ocrx_word' id='word_1_246' title='bbox 1186 1969 1239 2008; x_wconf 93' lang='lat' dir='ltr'><strong>non</strong></span> <span class='ocrx_word' id='word_1_247' title='bbox 1257 1947 1334 2025; x_wconf 84' lang='lat' dir='ltr'><strong>dicit,</strong></span> <span class='ocrx_word' id='word_1_248' title='bbox 1349 1947 1473 2023; x_wconf 87' lang='lat' dir='ltr'><strong>Glorior;</strong></span> <span class='ocrx_word' id='word_1_249' title='bbox 1491 1947 1548 2025; x_wconf 87' lang='lat' dir='ltr'><strong>sed,</strong></span> <span class='ocrx_word' id='word_1_250' title='bbox 1567 1951 1638 2009; x_wconf 82' lang='lat' dir='ltr'><strong>Non</strong></span> 
     </span>
     <span class='ocr_line' id='line_1_23' title="bbox 64 2029 1635 2122; baseline -0.005 -13"><span class='ocrx_word' id='word_1_251' title='bbox 64 2033 154 2094; x_wconf 58' lang='grc' dir='ltr'>ἔνευε*</span> <span class='ocrx_word' id='word_1_252' title='bbox 180 2038 292 2094; x_wconf 67' lang='grc' dir='ltr'>ἕυυυῧθυ</span> <span class='ocrx_word' id='word_1_253' title='bbox 313 2037 344 2093; x_wconf 78' lang='grc' dir='ltr'><strong>υῦ</strong></span> <span class='ocrx_word' id='word_1_254' title='bbox 362 2033 448 2113; x_wconf 56' lang='grc' dir='ltr'>λόγου,</span> <span class='ocrx_word' id='word_1_255' title='bbox 468 2031 510 2092; x_wconf 69' lang='grc' dir='ltr'><strong>ὅυῑ</strong></span> <span class='ocrx_word' id='word_1_256' title='bbox 532 2030 580 2090; x_wconf 62' lang='grc' dir='ltr'><strong>καὶ</strong></span> <span class='ocrx_word' id='word_1_257' title='bbox 599 2032 733 2111; x_wconf 66' lang='grc' dir='ltr'><strong>υυυχῖὖμυ</strong></span> <span class='ocrx_word' id='word_1_258' title='bbox 745 2029 836 2099; x_wconf 52' lang='grc' dir='ltr'>ἢάλλ’</span> <span class='ocrx_word' id='word_1_259' title='bbox 890 2040 1174 2102; x_wconf 78' lang='lat' dir='ltr'><strong>embescorltomani</strong></span> <span class='ocrx_word' id='word_1_260' title='bbox 1188 2041 1224 2101; x_wconf 89' lang='lat' dir='ltr'><strong>ad</strong></span> <span class='ocrx_word' id='word_1_261' title='bbox 1234 2062 1276 2101; x_wconf 88' lang='lat' dir='ltr'><strong>res</strong></span> <span class='ocrx_word' id='word_1_262' title='bbox 1289 2041 1372 2122; x_wconf 89' lang='lat' dir='ltr'><strong>hujus</strong></span> <span class='ocrx_word' id='word_1_263' title='bbox 1380 2039 1474 2099; x_wconf 91' lang='lat' dir='ltr'><strong>mundi</strong></span> <span class='ocrx_word' id='word_1_264' title='bbox 1483 2039 1635 2119; x_wconf 86' lang='lat' dir='ltr'><strong>inhiabant,</strong></span> 
     </span>
     <span class='ocr_line' id='line_1_24' title="bbox 59 2118 1638 2214; baseline -0.003 -28"><span class='ocrx_word' id='word_1_265' title='bbox 59 2126 104 2186; x_wconf 80' lang='grc' dir='ltr'><strong>ὅτι</strong></span> <span class='ocrx_word' id='word_1_266' title='bbox 119 2128 178 2186; x_wconf 80' lang='grc' dir='ltr'><strong>Οὐκ</strong></span> <span class='ocrx_word' id='word_1_267' title='bbox 198 2123 407 2206; x_wconf 73' lang='grc' dir='ltr'>ἐπαισχύνομαι,</span> <span class='ocrx_word' id='word_1_268' title='bbox 418 2122 526 2205; x_wconf 82' lang='grc' dir='ltr'>Σρόδρα</span> <span class='ocrx_word' id='word_1_269' title='bbox 544 2122 610 2203; x_wconf 83' lang='grc' dir='ltr'>πρὸς</span> <span class='ocrx_word' id='word_1_270' title='bbox 623 2120 657 2181; x_wconf 74' lang='lat' dir='ltr'><strong>el</strong></span> <span class='ocrx_word' id='word_1_271' title='bbox 676 2126 722 2180; x_wconf 79' lang='grc' dir='ltr'><strong>τοῦ</strong></span> <span class='ocrx_word' id='word_1_272' title='bbox 736 2118 837 2197; x_wconf 86' lang='grc' dir='ltr'>κόσμου</span> <span class='ocrx_word' id='word_1_273' title='bbox 890 2129 926 2188; x_wconf 95' lang='lat' dir='ltr'><strong>ob</strong></span> <span class='ocrx_word' id='word_1_274' title='bbox 939 2130 1102 2209; x_wconf 84' lang='lat' dir='ltr'><strong>divitias,ob</strong></span> <span class='ocrx_word' id='word_1_275' title='bbox 1117 2132 1273 2213; x_wconf 83' lang='lat' dir='ltr'><strong>imperium,</strong></span> <span class='ocrx_word' id='word_1_276' title='bbox 1296 2133 1332 2191; x_wconf 91' lang='lat' dir='ltr'><strong>ob</strong></span> <span class='ocrx_word' id='word_1_277' title='bbox 1345 2131 1484 2209; x_wconf 83' lang='lat' dir='ltr'><strong>victorias,</strong></span> <span class='ocrx_word' id='word_1_278' title='bbox 1497 2130 1533 2191; x_wconf 94' lang='lat' dir='ltr'><strong>ob</strong></span> <span class='ocrx_word' id='word_1_279' title='bbox 1551 2131 1638 2214; x_wconf 75' lang='lat' dir='ltr'><strong>impe.</strong></span> 
     </span>
     <span class='ocr_line' id='line_1_25' title="bbox 59 2209 1637 2306; baseline -0.008 -29"><span class='ocrx_word' id='word_1_280' title='bbox 59 2217 209 2299; x_wconf 88' lang='grc' dir='ltr'>προίγματα</span> <span class='ocrx_word' id='word_1_281' title='bbox 219 2209 286 2290; x_wconf 70' lang='grc' dir='ltr'>ἦσαν</span> <span class='ocrx_word' id='word_1_282' title='bbox 300 2216 460 2295; x_wconf 76' lang='grc' dir='ltr'>ἐπτοημένοι</span> <span class='ocrx_word' id='word_1_283' title='bbox 469 2218 493 2275; x_wconf 86' lang='lat' dir='ltr'><strong>ol</strong></span> <span class='ocrx_word' id='word_1_284' title='bbox 505 2214 637 2292; x_wconf 86' lang='grc' dir='ltr'>Ῥωμαῖοι</span> <span class='ocrx_word' id='word_1_285' title='bbox 648 2212 692 2273; x_wconf 67' lang='lat' dir='ltr'><strong>tel</strong></span> <span class='ocrx_word' id='word_1_286' title='bbox 702 2212 746 2272; x_wconf 87' lang='grc' dir='ltr'><strong>τθν</strong></span> <span class='ocrx_word' id='word_1_287' title='bbox 758 2215 837 2272; x_wconf 85' lang='grc' dir='ltr'>πλοῦ·</span> <span class='ocrx_word' id='word_1_288' title='bbox 890 2237 1002 2302; x_wconf 58' lang='lat' dir='ltr'><strong>ratores,</strong></span> <span class='ocrx_word' id='word_1_289' title='bbox 1017 2246 1085 2304; x_wconf 70' lang='lat' dir='ltr'><strong>quos</strong></span> <span class='ocrx_word' id='word_1_290' title='bbox 1095 2224 1150 2284; x_wconf 68' lang='lat' dir='ltr'><strong>diis</strong></span> <span class='ocrx_word' id='word_1_291' title='bbox 1165 2245 1242 2306; x_wconf 65' lang='lat' dir='ltr'><strong>pm,</strong></span> <span class='ocrx_word' id='word_1_292' title='bbox 1251 2225 1441 2283; x_wconf 59' lang='lat' dir='ltr'><strong>existimabam</strong></span> <span class='ocrx_word' id='word_1_293' title='bbox 1455 2223 1565 2302; x_wconf 50' lang='lat' dir='ltr'><strong>(sique</strong></span> <span class='ocrx_word' id='word_1_294' title='bbox 1573 2224 1637 2285; x_wconf 55' lang='grc' dir='ltr'>,Πῦρ</span> 
     </span>
     <span class='ocr_line' id='line_1_26' title="bbox 61 2305 1636 2396; baseline 0.004 -27"><span class='ocrx_word' id='word_1_295' title='bbox 61 2333 120 2386; x_wconf 85' lang='grc' dir='ltr'>τον,</span> <span class='ocrx_word' id='word_1_296' title='bbox 136 2310 180 2369; x_wconf 75' lang='grc' dir='ltr'><strong>διὰ</strong></span> <span class='ocrx_word' id='word_1_297' title='bbox 193 2309 241 2384; x_wconf 69' lang='lat' dir='ltr'><strong>riv</strong></span> <span class='ocrx_word' id='word_1_298' title='bbox 251 2309 346 2391; x_wconf 77' lang='grc' dir='ltr'>ἀρχὴν,</span> <span class='ocrx_word' id='word_1_299' title='bbox 356 2308 400 2368; x_wconf 68' lang='grc' dir='ltr'>διο</span> <span class='ocrx_word' id='word_1_300' title='bbox 412 2310 459 2375; x_wconf 66' lang='lat' dir='ltr'><strong>tlt</strong></span> <span class='ocrx_word' id='word_1_301' title='bbox 472 2307 547 2374; x_wconf 70' lang='grc' dir='ltr'>οἶκος</span> <span class='ocrx_word' id='word_1_302' title='bbox 556 2306 602 2366; x_wconf 66' lang='grc' dir='ltr'><strong>καί</strong></span> <span class='ocrx_word' id='word_1_303' title='bbox 614 2305 673 2372; x_wconf 69' lang='grc' dir='ltr'>τοὺς</span> <span class='ocrx_word' id='word_1_304' title='bbox 687 2308 773 2365; x_wconf 73' lang='grc' dir='ltr'>αὐτῶν</span> <span class='ocrx_word' id='word_1_305' title='bbox 785 2307 836 2382; x_wconf 82' lang='grc' dir='ltr'>βο·</span> <span class='ocrx_word' id='word_1_306' title='bbox 890 2315 1055 2393; x_wconf 73' lang='lat' dir='ltr'><strong>vocabant),</strong></span> <span class='ocrx_word' id='word_1_307' title='bbox 1077 2315 1186 2377; x_wconf 85' lang='lat' dir='ltr'><strong>undeet</strong></span> <span class='ocrx_word' id='word_1_308' title='bbox 1197 2315 1305 2396; x_wconf 88' lang='lat' dir='ltr'><strong>templis</strong></span> <span class='ocrx_word' id='word_1_309' title='bbox 1327 2328 1353 2375; x_wconf 89' lang='lat' dir='ltr'><strong>et</strong></span> <span class='ocrx_word' id='word_1_310' title='bbox 1367 2314 1422 2375; x_wconf 90' lang='lat' dir='ltr'><strong>aris</strong></span> <span class='ocrx_word' id='word_1_311' title='bbox 1442 2327 1468 2374; x_wconf 89' lang='lat' dir='ltr'><strong>et</strong></span> <span class='ocrx_word' id='word_1_312' title='bbox 1496 2315 1636 2376; x_wconf 65' lang='lat' dir='ltr'><strong>maniciis</strong></span> 
     </span>
     <span class='ocr_line' id='line_1_27' title="bbox 64 2397 1636 2489; baseline 0.003 -26"><span class='ocrx_word' id='word_1_313' title='bbox 64 2407 159 2471; x_wconf 86' lang='grc' dir='ltr'>σιλεῖς·</span> <span class='ocrx_word' id='word_1_314' title='bbox 174 2402 288 2470; x_wconf 78' lang='grc' dir='ltr'>ἰσοθέους</span> <span class='ocrx_word' id='word_1_315' title='bbox 301 2402 353 2482; x_wconf 87' lang='grc' dir='ltr'>γθιρ</span> <span class='ocrx_word' id='word_1_316' title='bbox 366 2405 479 2480; x_wconf 81' lang='grc' dir='ltr'>ἡγοῦντο</span> <span class='ocrx_word' id='word_1_317' title='bbox 490 2399 606 2465; x_wconf 88' lang='grc' dir='ltr'>τούτους.</span> <span class='ocrx_word' id='word_1_318' title='bbox 620 2397 701 2458; x_wconf 74' lang='lat' dir='ltr'><strong>oleo</strong></span> <span class='ocrx_word' id='word_1_319' title='bbox 713 2404 774 2477; x_wconf 79' lang='grc' dir='ltr'>γοῦν</span> <span class='ocrx_word' id='word_1_320' title='bbox 785 2397 835 2455; x_wconf 86' lang='grc' dir='ltr'><strong>αθ·</strong></span> <span class='ocrx_word' id='word_1_321' title='bbox 890 2405 951 2466; x_wconf 74' lang='lat' dir='ltr'><strong>illos</strong></span> <span class='ocrx_word' id='word_1_322' title='bbox 971 2406 1103 2468; x_wconf 71' lang='lat' dir='ltr'><strong>colebam.</strong></span> <span class='ocrx_word' id='word_1_323' title='bbox 1118 2408 1188 2466; x_wconf 84' lang='lat' dir='ltr'><strong>Cum</strong></span> <span class='ocrx_word' id='word_1_324' title='bbox 1203 2407 1288 2486; x_wconf 80' lang='lat' dir='ltr'><strong>igitur</strong></span> <span class='ocrx_word' id='word_1_325' title='bbox 1307 2406 1345 2466; x_wconf 88' lang='lat' dir='ltr'><strong>ita</strong></span> <span class='ocrx_word' id='word_1_326' title='bbox 1364 2408 1435 2467; x_wconf 78' lang='lat' dir='ltr'><strong>fastu</strong></span> <span class='ocrx_word' id='word_1_327' title='bbox 1447 2405 1522 2489; x_wconf 88' lang='lat' dir='ltr'><strong>pleni</strong></span> <span class='ocrx_word' id='word_1_328' title='bbox 1538 2422 1636 2482; x_wconf 81' lang='lat' dir='ltr'><strong>essent,</strong></span> 
     </span>
     <span class='ocr_line' id='line_1_28' title="bbox 62 2488 1637 2580; baseline -0.006 -25"><span class='ocrx_word' id='word_1_329' title='bbox 62 2495 176 2562; x_wconf 81' lang='grc' dir='ltr'>τοθιςκαλ</span> <span class='ocrx_word' id='word_1_330' title='bbox 187 2495 305 2556; x_wconf 78' lang='grc' dir='ltr'>ἐκάλουν.</span> <span class='ocrx_word' id='word_1_331' title='bbox 313 2494 365 2555; x_wconf 87' lang='grc' dir='ltr'>Διθι</span> <span class='ocrx_word' id='word_1_332' title='bbox 373 2494 405 2567; x_wconf 83' lang='grc' dir='ltr'><strong>δὴ</strong></span> <span class='ocrx_word' id='word_1_333' title='bbox 415 2501 491 2554; x_wconf 72' lang='grc' dir='ltr'>τοῦτο</span> <span class='ocrx_word' id='word_1_334' title='bbox 500 2493 546 2552; x_wconf 85' lang='grc' dir='ltr'><strong>καλ</strong></span> <span class='ocrx_word' id='word_1_335' title='bbox 556 2500 628 2559; x_wconf 91' lang='grc' dir='ltr'>ναοῖς</span> <span class='ocrx_word' id='word_1_336' title='bbox 638 2489 730 2558; x_wconf 76' lang='grc' dir='ltr'>αὐτοὺς</span> <span class='ocrx_word' id='word_1_337' title='bbox 741 2488 835 2568; x_wconf 70' lang='lat' dir='ltr'><strong>eoepit·</strong></span> <span class='ocrx_word' id='word_1_338' title='bbox 889 2511 915 2557; x_wconf 78' lang='lat' dir='ltr'><strong>et</strong></span> <span class='ocrx_word' id='word_1_339' title='bbox 929 2498 1029 2559; x_wconf 70' lang='lat' dir='ltr'><strong>Paulus</strong></span> <span class='ocrx_word' id='word_1_340' title='bbox 1048 2497 1243 2580; x_wconf 54' lang='lat' dir='ltr'><strong>praedicatum</strong></span> <span class='ocrx_word' id='word_1_341' title='bbox 1256 2513 1324 2558; x_wconf 68' lang='lat' dir='ltr'><strong>esset</strong></span> <span class='ocrx_word' id='word_1_342' title='bbox 1345 2500 1447 2577; x_wconf 55' lang='lat' dir='ltr'><strong>Jesunq</strong></span> <span class='ocrx_word' id='word_1_343' title='bbox 1461 2498 1509 2579; x_wconf 70' lang='lat' dir='ltr'><strong>qui</strong></span> <span class='ocrx_word' id='word_1_344' title='bbox 1521 2499 1592 2558; x_wconf 62' lang='lat' dir='ltr'><strong>fabri</strong></span> <span class='ocrx_word' id='word_1_345' title='bbox 1603 2500 1637 2559; x_wconf 86' lang='lat' dir='ltr'><strong>fi.</strong></span> 
     </span>
     <span class='ocr_line' id='line_1_29' title="bbox 61 2573 1636 2674; baseline -0.001 -19"><span class='ocrx_word' id='word_1_346' title='bbox 61 2612 143 2649; x_wconf 78' lang='grc' dir='ltr'>πευον</span> <span class='ocrx_word' id='word_1_347' title='bbox 157 2587 203 2647; x_wconf 73' lang='grc' dir='ltr'>κοί</span> <span class='ocrx_word' id='word_1_348' title='bbox 223 2591 323 2667; x_wconf 71' lang='grc' dir='ltr'>βωμοῖς</span> <span class='ocrx_word' id='word_1_349' title='bbox 335 2585 381 2646; x_wconf 74' lang='grc' dir='ltr'>κοί</span> <span class='ocrx_word' id='word_1_350' title='bbox 394 2585 503 2653; x_wconf 62' lang='lat' dir='ltr'><strong>leniet&lt;-</strong></span> <span class='ocrx_word' id='word_1_351' title='bbox 517 2584 595 2645; x_wconf 70' lang='grc' dir='ltr'>Ἐπεί</span> <span class='ocrx_word' id='word_1_352' title='bbox 608 2574 653 2642; x_wconf 67' lang='grc' dir='ltr'><strong>οὖν</strong></span> <span class='ocrx_word' id='word_1_353' title='bbox 669 2581 751 2650; x_wconf 63' lang='grc' dir='ltr'>οὕτως</span> <span class='ocrx_word' id='word_1_354' title='bbox 767 2573 836 2653; x_wconf 66' lang='lat' dir='ltr'><strong>does</strong></span> <span class='ocrx_word' id='word_1_355' title='bbox 888 2590 943 2651; x_wconf 91' lang='lat' dir='ltr'><strong>lius</strong></span> <span class='ocrx_word' id='word_1_356' title='bbox 953 2613 1009 2652; x_wconf 88' lang='lat' dir='ltr'><strong>esse</strong></span> <span class='ocrx_word' id='word_1_357' title='bbox 1031 2592 1189 2674; x_wconf 86' lang='lat' dir='ltr'><strong>putabatur,</strong></span> <span class='ocrx_word' id='word_1_358' title='bbox 1214 2591 1242 2652; x_wconf 91' lang='lat' dir='ltr'><strong>in</strong></span> <span class='ocrx_word' id='word_1_359' title='bbox 1254 2591 1349 2654; x_wconf 85' lang='lat' dir='ltr'><strong>Judaea</strong></span> <span class='ocrx_word' id='word_1_360' title='bbox 1373 2606 1462 2671; x_wconf 89' lang='lat' dir='ltr'><strong>natus,</strong></span> <span class='ocrx_word' id='word_1_361' title='bbox 1472 2605 1499 2651; x_wconf 88' lang='lat' dir='ltr'><strong>et</strong></span> <span class='ocrx_word' id='word_1_362' title='bbox 1512 2593 1540 2652; x_wconf 94' lang='lat' dir='ltr'><strong>in</strong></span> <span class='ocrx_word' id='word_1_363' title='bbox 1553 2592 1636 2653; x_wconf 87' lang='lat' dir='ltr'><strong>domo</strong></span> 
     </span>
     <span class='ocr_line' id='line_1_30' title="bbox 62 2671 1635 2764; baseline -0.004 -11"><span class='ocrx_word' id='word_1_364' title='bbox 62 2689 75 2714; x_wconf 69' lang='lat'><em>⁶</em></span> <span class='ocrx_word' id='word_1_365' title='bbox 85 2684 288 2762; x_wconf 64' lang='grc' dir='ltr'>πουυυυουὲυοῑι</span> <span class='ocrx_word' id='word_1_366' title='bbox 297 2684 312 2738; x_wconf 75' lang='grc' dir='ltr'>ὅ</span> <span class='ocrx_word' id='word_1_367' title='bbox 321 2677 349 2739; x_wconf 65' lang='grc' dir='ltr'><strong>δὲ</strong></span> <span class='ocrx_word' id='word_1_368' title='bbox 360 2680 466 2745; x_wconf 67' lang='grc' dir='ltr'>Παῦλος</span> <span class='ocrx_word' id='word_1_369' title='bbox 477 2677 571 2757; x_wconf 66' lang='grc' dir='ltr'>ἔμελλε</span> <span class='ocrx_word' id='word_1_370' title='bbox 584 2671 836 2758; x_wconf 68' lang='grc' dir='ltr'>κηρῦτυυυυθυἸη·</span> <span class='ocrx_word' id='word_1_371' title='bbox 889 2685 976 2744; x_wconf 89' lang='lat' dir='ltr'><strong>tenuis</strong></span> <span class='ocrx_word' id='word_1_372' title='bbox 989 2685 1111 2744; x_wconf 89' lang='lat' dir='ltr'><strong>mulieris</strong></span> <span class='ocrx_word' id='word_1_373' title='bbox 1123 2683 1252 2744; x_wconf 84' lang='lat' dir='ltr'><strong>educatus</strong></span> <span class='ocrx_word' id='word_1_374' title='bbox 1262 2684 1363 2763; x_wconf 66' lang='lat' dir='ltr'><strong>iuerat,</strong></span> <span class='ocrx_word' id='word_1_375' title='bbox 1375 2685 1423 2764; x_wconf 90' lang='lat' dir='ltr'><strong>qui</strong></span> <span class='ocrx_word' id='word_1_376' title='bbox 1444 2683 1571 2745; x_wconf 79' lang='lat' dir='ltr'><strong>satellites</strong></span> <span class='ocrx_word' id='word_1_377' title='bbox 1581 2706 1635 2746; x_wconf 91' lang='lat' dir='ltr'><strong>non</strong></span> 
     </span>
     <span class='ocr_line' id='line_1_31' title="bbox 63 2767 1636 2852; baseline -0.006 -8"><span class='ocrx_word' id='word_1_378' title='bbox 63 2781 125 2834; x_wconf 82' lang='grc' dir='ltr'>οοῦν</span> <span class='ocrx_word' id='word_1_379' title='bbox 135 2775 180 2835; x_wconf 84' lang='grc' dir='ltr'><strong>τὸν</strong></span> <span class='ocrx_word' id='word_1_380' title='bbox 192 2775 360 2851; x_wconf 76' lang='grc' dir='ltr'>νομιζόμενον</span> <span class='ocrx_word' id='word_1_381' title='bbox 371 2777 417 2831; x_wconf 84' lang='grc' dir='ltr'><strong>τοῦ</strong></span> <span class='ocrx_word' id='word_1_382' title='bbox 425 2770 546 2837; x_wconf 76' lang='grc' dir='ltr'>τέκτονος</span> <span class='ocrx_word' id='word_1_383' title='bbox 556 2769 621 2843; x_wconf 69' lang='lat' dir='ltr'><strong>ulit,</strong></span> <span class='ocrx_word' id='word_1_384' title='bbox 629 2768 674 2828; x_wconf 75' lang='grc' dir='ltr'><strong>τὸν</strong></span> <span class='ocrx_word' id='word_1_385' title='bbox 683 2773 711 2831; x_wconf 75' lang='grc' dir='ltr'><strong>ἐν</strong></span> <span class='ocrx_word' id='word_1_386' title='bbox 722 2767 837 2848; x_wconf 82' lang='grc' dir='ltr'>Ἰοοδοίς</span> <span class='ocrx_word' id='word_1_387' title='bbox 889 2773 1636 2852; x_wconf 75' lang='grc' dir='ltr'>1ουυειιςαοιιι11νίιῑασ,ιεθοιίαιιιιιιθαιαοσιιιιωοι·</span> 
     </span>
     <span class='ocr_line' id='line_1_32' title="bbox 62 2858 1635 2948; baseline -0.001 -19"><span class='ocrx_word' id='word_1_388' title='bbox 62 2866 197 2945; x_wconf 74' lang='grc' dir='ltr'>τραφέντα</span> <span class='ocrx_word' id='word_1_389' title='bbox 208 2864 253 2925; x_wconf 79' lang='grc' dir='ltr'><strong>καὶ</strong></span> <span class='ocrx_word' id='word_1_390' title='bbox 262 2868 288 2924; x_wconf 82' lang='grc' dir='ltr'><strong>ἐν</strong></span> <span class='ocrx_word' id='word_1_391' title='bbox 298 2863 368 2944; x_wconf 76' lang='grc' dir='ltr'>οἰκίᾳ</span> <span class='ocrx_word' id='word_1_392' title='bbox 377 2862 498 2944; x_wconf 56' lang='lat' dir='ltr'><strong>mentale</strong></span> <span class='ocrx_word' id='word_1_393' title='bbox 506 2858 835 2942; x_wconf 71' lang='grc' dir='ltr'>εὖτελοῦς,οὗδορυρο’ρονς</span> <span class='ocrx_word' id='word_1_394' title='bbox 888 2881 952 2926; x_wconf 88' lang='lat' dir='ltr'><strong>tuns</strong></span> <span class='ocrx_word' id='word_1_395' title='bbox 962 2867 1049 2927; x_wconf 82' lang='lat' dir='ltr'><strong>inerat</strong></span> <span class='ocrx_word' id='word_1_396' title='bbox 1061 2888 1122 2928; x_wconf 89' lang='lat' dir='ltr'><strong>cnm</strong></span> <span class='ocrx_word' id='word_1_397' title='bbox 1132 2866 1294 2947; x_wconf 84' lang='lat' dir='ltr'><strong>latronibus,</strong></span> <span class='ocrx_word' id='word_1_398' title='bbox 1313 2867 1466 2945; x_wconf 88' lang='lat' dir='ltr'><strong>multasque</strong></span> <span class='ocrx_word' id='word_1_399' title='bbox 1475 2868 1544 2928; x_wconf 86' lang='lat' dir='ltr'><strong>alias</strong></span> <span class='ocrx_word' id='word_1_400' title='bbox 1557 2869 1635 2948; x_wconf 81' lang='lat' dir='ltr'><strong>igno·</strong></span> 
     </span>
     <span class='ocr_line' id='line_1_33' title="bbox 63 2955 1635 3042; baseline 0.001 -24"><span class='ocrx_word' id='word_1_401' title='bbox 63 2958 213 3040; x_wconf 80' lang='grc' dir='ltr'>ἐοχηκότα,</span> <span class='ocrx_word' id='word_1_402' title='bbox 227 2960 256 3018; x_wconf 81' lang='grc' dir='ltr'><strong>οὐ</strong></span> <span class='ocrx_word' id='word_1_403' title='bbox 267 2955 396 3038; x_wconf 76' lang='grc' dir='ltr'>χρήματα</span> <span class='ocrx_word' id='word_1_404' title='bbox 409 2955 644 3036; x_wconf 82' lang='grc' dir='ltr'>περιόαλλόμενον,</span> <span class='ocrx_word' id='word_1_405' title='bbox 658 2955 728 3015; x_wconf 74' lang='grc' dir='ltr'>ἀλλὰ</span> <span class='ocrx_word' id='word_1_406' title='bbox 742 2956 835 3023; x_wconf 80' lang='grc' dir='ltr'>καθὼς</span> <span class='ocrx_word' id='word_1_407' title='bbox 851 2987 871 3033; x_wconf 78' lang='lat'><strong>1)</strong></span> <span class='ocrx_word' id='word_1_408' title='bbox 888 2958 986 3019; x_wconf 88' lang='lat' dir='ltr'><strong>minias</strong></span> <span class='ocrx_word' id='word_1_409' title='bbox 999 2960 1206 3042; x_wconf 77' lang='lat' dir='ltr'><strong>passusfnera13</strong></span> <span class='ocrx_word' id='word_1_410' title='bbox 1222 2980 1254 3017; x_wconf 87' lang='lat' dir='ltr'><strong>ao</strong></span> <span class='ocrx_word' id='word_1_411' title='bbox 1269 2958 1415 3019; x_wconf 85' lang='lat' dir='ltr'><strong>verisimile</strong></span> <span class='ocrx_word' id='word_1_412' title='bbox 1433 2973 1489 3019; x_wconf 85' lang='lat' dir='ltr'><strong>erat</strong></span> <span class='ocrx_word' id='word_1_413' title='bbox 1500 2962 1635 3020; x_wconf 85' lang='lat' dir='ltr'><strong>Romanos</strong></span> 
     </span>
    </p>
   </div>
   <div class='ocr_carea' id='block_1_7' title="bbox 60 3046 1634 3138">
    <p class='ocr_par' dir='ltr' id='par_1_7' title="bbox 60 3046 1634 3138">
     <span class='ocr_line' id='line_1_34' title="bbox 60 3046 1634 3138; baseline 0 -27"><span class='ocrx_word' id='word_1_414' title='bbox 60 3052 205 3111; x_wconf 80' lang='grc' dir='ltr'>κατάδικον</span> <span class='ocrx_word' id='word_1_415' title='bbox 215 3049 379 3110; x_wconf 80' lang='grc' dir='ltr'>ἀποθανόντα</span> <span class='ocrx_word' id='word_1_416' title='bbox 394 3048 461 3128; x_wconf 86' lang='grc' dir='ltr'>μετδι</span> <span class='ocrx_word' id='word_1_417' title='bbox 471 3051 589 3129; x_wconf 80' lang='grc' dir='ltr'>λῃστῶν,</span> <span class='ocrx_word' id='word_1_418' title='bbox 600 3047 646 3106; x_wconf 76' lang='grc' dir='ltr'><strong>καί</strong></span> <span class='ocrx_word' id='word_1_419' title='bbox 659 3046 737 3128; x_wconf 76' lang='grc' dir='ltr'>ἐτερα</span> <span class='ocrx_word' id='word_1_420' title='bbox 747 3047 834 3108; x_wconf 70' lang='grc' dir='ltr'>πολλὰ</span> <span class='ocrx_word' id='word_1_421' title='bbox 888 3069 954 3115; x_wconf 83' lang='lat' dir='ltr'><strong>tunc</strong></span> <span class='ocrx_word' id='word_1_422' title='bbox 966 3055 1071 3138; x_wconf 82' lang='lat' dir='ltr'><strong>pudore</strong></span> <span class='ocrx_word' id='word_1_423' title='bbox 1084 3055 1201 3114; x_wconf 79' lang='lat' dir='ltr'><strong>suffusos</strong></span> <span class='ocrx_word' id='word_1_424' title='bbox 1211 3053 1303 3130; x_wconf 85' lang='lat' dir='ltr'><strong>fuisse,</strong></span> <span class='ocrx_word' id='word_1_425' title='bbox 1315 3075 1377 3114; x_wconf 89' lang='lat' dir='ltr'><strong>cum</strong></span> <span class='ocrx_word' id='word_1_426' title='bbox 1388 3054 1527 3117; x_wconf 77' lang='lat' dir='ltr'><strong>nihildum</strong></span> <span class='ocrx_word' id='word_1_427' title='bbox 1536 3055 1634 3117; x_wconf 86' lang='lat' dir='ltr'><strong>scirent</strong></span> 
     </span>
    </p>
   </div>
   <div class='ocr_carea' id='block_1_8' title="bbox 891 1755 1787 1838">
    <p class='ocr_par' dir='ltr' id='par_1_8' title="bbox 891 1755 1787 1838">
     <span class='ocr_line' id='line_1_35' title="bbox 891 1755 1787 1838; baseline 0.002 -22"><span class='ocrx_word' id='word_1_428' title='bbox 891 1755 1011 1816; x_wconf 65' lang='lat' dir='ltr'><strong>niridd</strong></span> <span class='ocrx_word' id='word_1_429' title='bbox 1025 1757 1136 1817; x_wconf 83' lang='lat' dir='ltr'><strong>Galatas</strong></span> <span class='ocrx_word' id='word_1_430' title='bbox 1144 1755 1216 1816; x_wconf 91' lang='lat' dir='ltr'><strong>enim</strong></span> <span class='ocrx_word' id='word_1_431' title='bbox 1226 1755 1355 1830; x_wconf 81' lang='lat' dir='ltr'><strong>scribens,</strong></span> <span class='ocrx_word' id='word_1_432' title='bbox 1368 1755 1407 1814; x_wconf 89' lang='lat' dir='ltr'><strong>ait</strong></span> <span class='ocrx_word' id='word_1_433' title='bbox 1423 1778 1430 1812; x_wconf 79' lang='grc' dir='ltr'><strong>τ</strong></span> <span class='ocrx_word' id='word_1_434' title='bbox 1447 1756 1528 1815; x_wconf 76' lang='lat' dir='ltr'><strong>Mihi</strong></span> <span class='ocrx_word' id='word_1_435' title='bbox 1537 1770 1636 1817; x_wconf 86' lang='lat' dir='ltr'><strong>autem</strong></span> <span class='ocrx_word' id='word_1_436' title='bbox 1649 1778 1705 1824; x_wconf 57' lang='lat' dir='ltr'><strong>aa,</strong></span> <span class='ocrx_word' id='word_1_437' title='bbox 1714 1774 1738 1824; x_wconf 80' lang='lat' dir='ltr'><strong>s,</strong></span> <span class='ocrx_word' id='word_1_438' title='bbox 1750 1774 1787 1838; x_wconf 62' lang='lat' dir='ltr'><strong>eq.</strong></span> 
     </span>
    </p>
   </div>
   <div class='ocr_carea' id='block_1_9' title="bbox 61 3132 836 3868">
    <p class='ocr_par' dir='ltr' id='par_1_9' title="bbox 61 3132 836 3868">
     <span class='ocr_line' id='line_1_36' title="bbox 61 3132 833 3221; baseline -0.006 -19"><span class='ocrx_word' id='word_1_439' title='bbox 61 3143 144 3211; x_wconf 80' lang='grc' dir='ltr'>ἄδοξα</span> <span class='ocrx_word' id='word_1_440' title='bbox 157 3142 347 3221; x_wconf 83' lang='grc' dir='ltr'>ὑπομείναντα,</span> <span class='ocrx_word' id='word_1_441' title='bbox 362 3142 408 3201; x_wconf 83' lang='grc' dir='ltr'><strong>καὶ</strong></span> <span class='ocrx_word' id='word_1_442' title='bbox 423 3141 491 3208; x_wconf 83' lang='grc' dir='ltr'>εἰκὸς</span> <span class='ocrx_word' id='word_1_443' title='bbox 506 3132 538 3213; x_wconf 70' lang='grc' dir='ltr'><strong>ἦν</strong></span> <span class='ocrx_word' id='word_1_444' title='bbox 553 3137 646 3205; x_wconf 85' lang='grc' dir='ltr'>αύτοθς</span> <span class='ocrx_word' id='word_1_445' title='bbox 667 3136 833 3218; x_wconf 83' lang='grc' dir='ltr'>ἐγκαλύπτε·</span> 
     </span>
     <span class='ocr_line' id='line_1_37' title="bbox 63 3229 836 3314; baseline -0.008 -21"><span class='ocrx_word' id='word_1_446' title='bbox 63 3240 135 3308; x_wconf 84' lang='grc' dir='ltr'>σθαι,</span> <span class='ocrx_word' id='word_1_447' title='bbox 147 3233 219 3293; x_wconf 78' lang='grc' dir='ltr'>οὐδὲν</span> <span class='ocrx_word' id='word_1_448' title='bbox 230 3238 282 3292; x_wconf 91' lang='grc' dir='ltr'><strong>τῶν</strong></span> <span class='ocrx_word' id='word_1_449' title='bbox 298 3232 454 3314; x_wconf 72' lang='grc' dir='ltr'>ἀπορρήτων</span> <span class='ocrx_word' id='word_1_450' title='bbox 476 3233 520 3292; x_wconf 84' lang='grc' dir='ltr'><strong>καλ</strong></span> <span class='ocrx_word' id='word_1_451' title='bbox 535 3229 657 3311; x_wconf 79' lang='grc' dir='ltr'>μεγάλων</span> <span class='ocrx_word' id='word_1_452' title='bbox 676 3229 779 3295; x_wconf 79' lang='grc' dir='ltr'>εἰδότας</span> <span class='ocrx_word' id='word_1_453' title='bbox 789 3231 836 3287; x_wconf 81' lang='grc' dir='ltr'>οὗ·</span> 
     </span>
     <span class='ocr_line' id='line_1_38' title="bbox 62 3322 835 3406; baseline -0.004 -22"><span class='ocrx_word' id='word_1_454' title='bbox 62 3325 151 3384; x_wconf 70' lang='lat' dir='ltr'><strong>stan·</strong></span> <span class='ocrx_word' id='word_1_455' title='bbox 167 3325 210 3384; x_wconf 77' lang='grc' dir='ltr'><strong>διὰ</strong></span> <span class='ocrx_word' id='word_1_456' title='bbox 223 3325 300 3384; x_wconf 81' lang='grc' dir='ltr'>τοῦτό</span> <span class='ocrx_word' id='word_1_457' title='bbox 320 3349 409 3406; x_wconf 73' lang='grc' dir='ltr'>φησιν,</span> <span class='ocrx_word' id='word_1_458' title='bbox 422 3328 482 3385; x_wconf 86' lang='grc' dir='ltr'><strong>Οὐκ</strong></span> <span class='ocrx_word' id='word_1_459' title='bbox 496 3323 706 3404; x_wconf 76' lang='grc' dir='ltr'>ἐπαισχύνομαι,</span> <span class='ocrx_word' id='word_1_460' title='bbox 722 3322 835 3390; x_wconf 79' lang='grc' dir='ltr'>ἐκείνους</span> 
     </span>
     <span class='ocr_line' id='line_1_39' title="bbox 61 3411 834 3499; baseline -0.004 -23"><span class='ocrx_word' id='word_1_461' title='bbox 61 3416 269 3486; x_wconf 84' lang='grc' dir='ltr'>διδοίσκωντέω,</span> <span class='ocrx_word' id='word_1_462' title='bbox 287 3419 324 3497; x_wconf 84' lang='grc' dir='ltr'><strong>μὴ</strong></span> <span class='ocrx_word' id='word_1_463' title='bbox 349 3417 566 3499; x_wconf 79' lang='grc' dir='ltr'>ἐπαισχύνεσθαι·</span> <span class='ocrx_word' id='word_1_464' title='bbox 578 3411 637 3496; x_wconf 70' lang='grc' dir='ltr'>ᾔδει</span> <span class='ocrx_word' id='word_1_465' title='bbox 657 3416 709 3498; x_wconf 81' lang='grc' dir='ltr'>γθρ</span> <span class='ocrx_word' id='word_1_466' title='bbox 732 3414 786 3485; x_wconf 84' lang='grc' dir='ltr'>ότι,</span> <span class='ocrx_word' id='word_1_467' title='bbox 803 3415 834 3474; x_wconf 81' lang='grc' dir='ltr'><strong>θν</strong></span> 
     </span>
     <span class='ocr_line' id='line_1_40' title="bbox 61 3506 836 3591; baseline -0.001 -22"><span class='ocrx_word' id='word_1_468' title='bbox 61 3517 140 3569; x_wconf 82' lang='grc' dir='ltr'>τοῦτο</span> <span class='ocrx_word' id='word_1_469' title='bbox 162 3510 365 3590; x_wconf 86' lang='grc' dir='ltr'>κατορθώσωσι,</span> <span class='ocrx_word' id='word_1_470' title='bbox 389 3511 491 3590; x_wconf 81' lang='grc' dir='ltr'>ταχέως</span> <span class='ocrx_word' id='word_1_471' title='bbox 511 3509 645 3591; x_wconf 80' lang='grc' dir='ltr'>προϊόντες</span> <span class='ocrx_word' id='word_1_472' title='bbox 668 3509 714 3568; x_wconf 79' lang='grc' dir='ltr'><strong>καί</strong></span> <span class='ocrx_word' id='word_1_473' title='bbox 736 3506 780 3566; x_wconf 79' lang='grc' dir='ltr'><strong>ἐπὶ</strong></span> <span class='ocrx_word' id='word_1_474' title='bbox 805 3508 836 3568; x_wconf 68' lang='lat' dir='ltr'><strong>et</strong></span> 
     </span>
     <span class='ocr_line' id='line_1_41' title="bbox 63 3597 835 3684; baseline -0.008 -21"><span class='ocrx_word' id='word_1_475' title='bbox 63 3610 214 3684; x_wconf 75' lang='grc' dir='ltr'>καυχᾶσθαι</span> <span class='ocrx_word' id='word_1_476' title='bbox 227 3603 325 3676; x_wconf 73' lang='grc' dir='ltr'>ἥξουσι.</span> <span class='ocrx_word' id='word_1_477' title='bbox 338 3602 391 3663; x_wconf 84' lang='lat' dir='ltr'><strong>Kal</strong></span> <span class='ocrx_word' id='word_1_478' title='bbox 416 3603 447 3662; x_wconf 83' lang='grc' dir='ltr'><strong>σθ</strong></span> <span class='ocrx_word' id='word_1_479' title='bbox 462 3602 547 3662; x_wconf 83' lang='grc' dir='ltr'>τοίνυν</span> <span class='ocrx_word' id='word_1_480' title='bbox 569 3601 613 3660; x_wconf 80' lang='lat' dir='ltr'><strong>tio</strong></span> <span class='ocrx_word' id='word_1_481' title='bbox 638 3600 753 3679; x_wconf 72' lang='grc' dir='ltr'>ἀκούσῃς</span> <span class='ocrx_word' id='word_1_482' title='bbox 766 3597 835 3667; x_wconf 81' lang='grc' dir='ltr'>τινδς</span> 
     </span>
     <span class='ocr_line' id='line_1_42' title="bbox 61 3691 833 3778; baseline -0.005 -24"><span class='ocrx_word' id='word_1_483' title='bbox 61 3695 196 3774; x_wconf 86' lang='grc' dir='ltr'>λέγοντος,</span> <span class='ocrx_word' id='word_1_484' title='bbox 218 3698 262 3756; x_wconf 88' lang='grc' dir='ltr'><strong>τθν</strong></span> <span class='ocrx_word' id='word_1_485' title='bbox 280 3695 477 3778; x_wconf 83' lang='grc' dir='ltr'>ἐσταυρωμένον</span> <span class='ocrx_word' id='word_1_486' title='bbox 500 3701 668 3775; x_wconf 85' lang='grc' dir='ltr'>προσκυνεῖς,</span> <span class='ocrx_word' id='word_1_487' title='bbox 689 3691 726 3771; x_wconf 77' lang='grc' dir='ltr'><strong>μὴ</strong></span> <span class='ocrx_word' id='word_1_488' title='bbox 753 3694 833 3751; x_wconf 77' lang='grc' dir='ltr'>ἔπαυ-</span> 
     </span>
     <span class='ocr_line' id='line_1_43' title="bbox 61 3784 833 3868; baseline -0.006 -20"><span class='ocrx_word' id='word_1_489' title='bbox 61 3793 191 3868; x_wconf 78' lang='grc' dir='ltr'>σχυνθῇς,</span> <span class='ocrx_word' id='word_1_490' title='bbox 204 3788 272 3865; x_wconf 76' lang='grc' dir='ltr'>μηδὲ</span> <span class='ocrx_word' id='word_1_491' title='bbox 295 3788 369 3848; x_wconf 82' lang='grc' dir='ltr'>κάτω</span> <span class='ocrx_word' id='word_1_492' title='bbox 397 3787 508 3866; x_wconf 80' lang='grc' dir='ltr'>βλέψῃς,</span> <span class='ocrx_word' id='word_1_493' title='bbox 531 3785 600 3846; x_wconf 73' lang='grc' dir='ltr'>ἀλλὰ</span> <span class='ocrx_word' id='word_1_494' title='bbox 625 3784 671 3844; x_wconf 79' lang='grc' dir='ltr'><strong>καί</strong></span> <span class='ocrx_word' id='word_1_495' title='bbox 693 3784 833 3867; x_wconf 72' lang='grc' dir='ltr'>ἐναίρύνου</span> 
     </span>
    </p>
   </div>
   <div class='ocr_carea' id='block_1_10' title="bbox 888 3150 1637 3871">
    <p class='ocr_par' dir='ltr' id='par_1_10' title="bbox 888 3150 1637 3871">
     <span class='ocr_line' id='line_1_44' title="bbox 888 3150 1636 3230; baseline 0.001 -20"><span class='ocrx_word' id='word_1_496' title='bbox 888 3173 980 3211; x_wconf 90' lang='lat' dir='ltr'><strong>rerum</strong></span> <span class='ocrx_word' id='word_1_497' title='bbox 1002 3171 1159 3212; x_wconf 83' lang='lat' dir='ltr'><strong>arcanarum</strong></span> <span class='ocrx_word' id='word_1_498' title='bbox 1175 3163 1201 3209; x_wconf 90' lang='lat' dir='ltr'><strong>et</strong></span> <span class='ocrx_word' id='word_1_499' title='bbox 1221 3171 1396 3230; x_wconf 83' lang='lat' dir='ltr'><strong>magnarum:</strong></span> <span class='ocrx_word' id='word_1_500' title='bbox 1417 3150 1479 3211; x_wconf 84' lang='lat' dir='ltr'><strong>ideo</strong></span> <span class='ocrx_word' id='word_1_501' title='bbox 1504 3151 1552 3228; x_wconf 89' lang='lat' dir='ltr'><strong>ait,</strong></span> <span class='ocrx_word' id='word_1_502' title='bbox 1566 3155 1636 3212; x_wconf 84' lang='lat' dir='ltr'><strong>Non</strong></span> 
     </span>
     <span class='ocr_line' id='line_1_45' title="bbox 888 3241 1633 3319; baseline 0 -16"><span class='ocrx_word' id='word_1_503' title='bbox 888 3247 1036 3316; x_wconf 84' lang='lat' dir='ltr'><strong>erubeseo,</strong></span> <span class='ocrx_word' id='word_1_504' title='bbox 1053 3243 1115 3303; x_wconf 89' lang='lat' dir='ltr'><strong>illos</strong></span> <span class='ocrx_word' id='word_1_505' title='bbox 1126 3243 1235 3304; x_wconf 87' lang='lat' dir='ltr'><strong>interim</strong></span> <span class='ocrx_word' id='word_1_506' title='bbox 1250 3241 1360 3319; x_wconf 88' lang='lat' dir='ltr'><strong>docens,</strong></span> <span class='ocrx_word' id='word_1_507' title='bbox 1386 3264 1419 3303; x_wconf 87' lang='lat' dir='ltr'><strong>ne</strong></span> <span class='ocrx_word' id='word_1_508' title='bbox 1431 3243 1633 3305; x_wconf 86' lang='lat' dir='ltr'><strong>erubescerent:</strong></span> 
     </span>
     <span class='ocr_line' id='line_1_46' title="bbox 888 3333 1635 3413; baseline 0.001 -18"><span class='ocrx_word' id='word_1_509' title='bbox 888 3335 989 3395; x_wconf 89' lang='lat' dir='ltr'><strong>sciebat</strong></span> <span class='ocrx_word' id='word_1_510' title='bbox 1001 3335 1073 3394; x_wconf 92' lang='lat' dir='ltr'><strong>enim</strong></span> <span class='ocrx_word' id='word_1_511' title='bbox 1084 3356 1140 3412; x_wconf 90' lang='lat' dir='ltr'><strong>eos,</strong></span> <span class='ocrx_word' id='word_1_512' title='bbox 1153 3335 1176 3394; x_wconf 89' lang='lat' dir='ltr'><strong>si</strong></span> <span class='ocrx_word' id='word_1_513' title='bbox 1188 3333 1217 3393; x_wconf 89' lang='lat' dir='ltr'><strong>id</strong></span> <span class='ocrx_word' id='word_1_514' title='bbox 1231 3333 1339 3393; x_wconf 70' lang='lat' dir='ltr'><strong>undem</strong></span> <span class='ocrx_word' id='word_1_515' title='bbox 1353 3349 1566 3413; x_wconf 82' lang='lat' dir='ltr'><strong>assequerentur,</strong></span> <span class='ocrx_word' id='word_1_516' title='bbox 1581 3335 1635 3396; x_wconf 88' lang='lat' dir='ltr'><strong>cito</strong></span> 
     </span>
     <span class='ocr_line' id='line_1_47' title="bbox 888 3425 1636 3508; baseline -0.001 -22"><span class='ocrx_word' id='word_1_517' title='bbox 888 3448 1005 3505; x_wconf 85' lang='lat' dir='ltr'><strong>eousque</strong></span> <span class='ocrx_word' id='word_1_518' title='bbox 1014 3439 1191 3508; x_wconf 84' lang='lat' dir='ltr'><strong>perventuros</strong></span> <span class='ocrx_word' id='word_1_519' title='bbox 1200 3446 1256 3485; x_wconf 90' lang='lat' dir='ltr'><strong>esse</strong></span> <span class='ocrx_word' id='word_1_520' title='bbox 1265 3439 1294 3483; x_wconf 92' lang='lat' dir='ltr'><strong>nt</strong></span> <span class='ocrx_word' id='word_1_521' title='bbox 1302 3425 1490 3505; x_wconf 80' lang='lat' dir='ltr'><strong>gloriarentur.</strong></span> <span class='ocrx_word' id='word_1_522' title='bbox 1498 3425 1534 3485; x_wconf 90' lang='lat' dir='ltr'><strong>Et</strong></span> <span class='ocrx_word' id='word_1_523' title='bbox 1544 3439 1574 3485; x_wconf 91' lang='lat' dir='ltr'><strong>tu</strong></span> <span class='ocrx_word' id='word_1_524' title='bbox 1584 3425 1636 3506; x_wconf 78' lang='lat' dir='ltr'><strong>igi-</strong></span> 
     </span>
     <span class='ocr_line' id='line_1_48' title="bbox 888 3517 1636 3600; baseline 0 -22"><span class='ocrx_word' id='word_1_525' title='bbox 888 3531 945 3597; x_wconf 91' lang='lat' dir='ltr'><strong>tur,</strong></span> <span class='ocrx_word' id='word_1_526' title='bbox 968 3519 990 3578; x_wconf 90' lang='lat' dir='ltr'><strong>si</strong></span> <span class='ocrx_word' id='word_1_527' title='bbox 1017 3517 1137 3578; x_wconf 89' lang='lat' dir='ltr'><strong>audieris</strong></span> <span class='ocrx_word' id='word_1_528' title='bbox 1166 3519 1320 3600; x_wconf 88' lang='lat' dir='ltr'><strong>quempiam</strong></span> <span class='ocrx_word' id='word_1_529' title='bbox 1341 3517 1473 3578; x_wconf 84' lang='lat' dir='ltr'><strong>dicentem</strong></span> <span class='ocrx_word' id='word_1_530' title='bbox 1493 3541 1499 3576; x_wconf 81' lang='grc' dir='ltr'>ι</span> <span class='ocrx_word' id='word_1_531' title='bbox 1520 3518 1636 3579; x_wconf 83' lang='lat' dir='ltr'><strong>Crucifi-</strong></span> 
     </span>
     <span class='ocr_line' id='line_1_49' title="bbox 889 3606 1634 3688; baseline 0.001 -22"><span class='ocrx_word' id='word_1_532' title='bbox 889 3627 990 3667; x_wconf 79' lang='lat' dir='ltr'><strong>xnmne</strong></span> <span class='ocrx_word' id='word_1_533' title='bbox 1001 3606 1116 3667; x_wconf 78' lang='lat' dir='ltr'><strong>adoras?</strong></span> <span class='ocrx_word' id='word_1_534' title='bbox 1131 3629 1164 3668; x_wconf 91' lang='lat' dir='ltr'><strong>ne</strong></span> <span class='ocrx_word' id='word_1_535' title='bbox 1172 3609 1312 3667; x_wconf 87' lang='lat' dir='ltr'><strong>erubescas</strong></span> <span class='ocrx_word' id='word_1_536' title='bbox 1325 3628 1374 3666; x_wconf 88' lang='lat' dir='ltr'><strong>nec</strong></span> <span class='ocrx_word' id='word_1_537' title='bbox 1384 3608 1477 3667; x_wconf 86' lang='lat' dir='ltr'><strong>oeulos</strong></span> <span class='ocrx_word' id='word_1_538' title='bbox 1488 3606 1616 3667; x_wconf 87' lang='lat' dir='ltr'><strong>demittas</strong></span> <span class='ocrx_word' id='word_1_539' title='bbox 1623 3630 1634 3688; x_wconf 81' lang='lat'>3</span> 
     </span>
     <span class='ocr_line' id='line_1_50' title="bbox 888 3699 1636 3780; baseline 0.001 -22"><span class='ocrx_word' id='word_1_540' title='bbox 888 3699 943 3760; x_wconf 87' lang='lat' dir='ltr'><strong>imo</strong></span> <span class='ocrx_word' id='word_1_541' title='bbox 951 3700 1068 3780; x_wconf 77' lang='lat' dir='ltr'><strong>gloriare</strong></span> <span class='ocrx_word' id='word_1_542' title='bbox 1081 3714 1107 3759; x_wconf 89' lang='lat' dir='ltr'><strong>et</strong></span> <span class='ocrx_word' id='word_1_543' title='bbox 1119 3700 1170 3759; x_wconf 88' lang='lat' dir='ltr'><strong>tibi</strong></span> <span class='ocrx_word' id='word_1_544' title='bbox 1185 3701 1331 3780; x_wconf 78' lang='lat' dir='ltr'><strong>gratulare,</strong></span> <span class='ocrx_word' id='word_1_545' title='bbox 1346 3699 1492 3778; x_wconf 87' lang='lat' dir='ltr'><strong>liberisque</strong></span> <span class='ocrx_word' id='word_1_546' title='bbox 1511 3700 1597 3760; x_wconf 86' lang='lat' dir='ltr'><strong>oculis</strong></span> <span class='ocrx_word' id='word_1_547' title='bbox 1610 3713 1636 3759; x_wconf 92' lang='lat' dir='ltr'><strong>et</strong></span> 
     </span>
     <span class='ocr_line' id='line_1_51' title="bbox 888 3791 1637 3871; baseline -0.004 -18"><span class='ocrx_word' id='word_1_548' title='bbox 888 3808 976 3864; x_wconf 71' lang='lat' dir='ltr'><strong>erecta</strong></span> <span class='ocrx_word' id='word_1_549' title='bbox 990 3793 1070 3871; x_wconf 84' lang='lat' dir='ltr'><strong>facie,</strong></span> <span class='ocrx_word' id='word_1_550' title='bbox 1086 3794 1279 3853; x_wconf 84' lang='lat' dir='ltr'><strong>confessionem</strong></span> <span class='ocrx_word' id='word_1_551' title='bbox 1292 3791 1416 3852; x_wconf 87' lang='lat' dir='ltr'><strong>admitte.</strong></span> <span class='ocrx_word' id='word_1_552' title='bbox 1429 3792 1459 3852; x_wconf 79' lang='lat' dir='ltr'><strong>s&#39;i</strong></span> <span class='ocrx_word' id='word_1_553' title='bbox 1472 3814 1583 3852; x_wconf 88' lang='lat' dir='ltr'><strong>rursnm</strong></span> <span class='ocrx_word' id='word_1_554' title='bbox 1593 3792 1637 3850; x_wconf 92' lang='lat' dir='ltr'><strong>di·</strong></span> 
     </span>
    </p>
   </div>
   <div class='ocr_carea' id='block_1_11' title="bbox 58 3877 1636 4975">
    <p class='ocr_par' dir='ltr' id='par_1_11' title="bbox 58 3877 1636 4975">
     <span class='ocr_line' id='line_1_52' title="bbox 61 3877 1633 3964; baseline -0.003 -16"><span class='ocrx_word' id='word_1_555' title='bbox 61 3881 108 3938; x_wconf 69' lang='grc' dir='ltr'>κοί</span> <span class='ocrx_word' id='word_1_556' title='bbox 121 3879 304 3953; x_wconf 73' lang='grc' dir='ltr'>κολλωοίζοο,</span> <span class='ocrx_word' id='word_1_557' title='bbox 317 3880 363 3938; x_wconf 68' lang='grc' dir='ltr'><strong>καὶ</strong></span> <span class='ocrx_word' id='word_1_558' title='bbox 377 3879 519 3959; x_wconf 69' lang='grc' dir='ltr'>ἐλευθέροις</span> <span class='ocrx_word' id='word_1_559' title='bbox 531 3881 675 3959; x_wconf 72' lang='grc' dir='ltr'>ὄρθολμοῐς</span> <span class='ocrx_word' id='word_1_560' title='bbox 686 3877 731 3937; x_wconf 70' lang='grc' dir='ltr'>κοί</span> <span class='ocrx_word' id='word_1_561' title='bbox 740 3878 834 3957; x_wconf 58' lang='lat' dir='ltr'><strong>litabit</strong></span> <span class='ocrx_word' id='word_1_562' title='bbox 851 3891 870 3938; x_wconf 78' lang='lat' dir='ltr'><strong>li</strong></span> <span class='ocrx_word' id='word_1_563' title='bbox 888 3887 959 3945; x_wconf 79' lang='lat' dir='ltr'><strong>serit</strong></span> <span class='ocrx_word' id='word_1_564' title='bbox 970 3910 976 3943; x_wconf 92' lang='lat'>:</span> <span class='ocrx_word' id='word_1_565' title='bbox 987 3885 1191 3945; x_wconf 88' lang='lat' dir='ltr'><strong>Crucifixumne</strong></span> <span class='ocrx_word' id='word_1_566' title='bbox 1205 3884 1319 3944; x_wconf 79' lang='lat' dir='ltr'><strong>adoras?</strong></span> <span class='ocrx_word' id='word_1_567' title='bbox 1328 3905 1426 3964; x_wconf 86' lang='lat' dir='ltr'><strong>repone</strong></span> <span class='ocrx_word' id='word_1_568' title='bbox 1439 3883 1482 3943; x_wconf 89' lang='lat' dir='ltr'><strong>illi</strong></span> <span class='ocrx_word' id='word_1_569' title='bbox 1494 3908 1500 3941; x_wconf 91' lang='lat'>:</span> <span class='ocrx_word' id='word_1_570' title='bbox 1517 3884 1572 3944; x_wconf 90' lang='lat' dir='ltr'><strong>Sed</strong></span> <span class='ocrx_word' id='word_1_571' title='bbox 1580 3906 1633 3944; x_wconf 93' lang='lat' dir='ltr'><strong>non</strong></span> 
     </span>
     <span class='ocr_line' id='line_1_53' title="bbox 61 3968 1635 4058; baseline -0.004 -17"><span class='ocrx_word' id='word_1_572' title='bbox 61 3970 197 4051; x_wconf 72' lang='grc' dir='ltr'>προσώπῳ</span> <span class='ocrx_word' id='word_1_573' title='bbox 208 3971 348 4040; x_wconf 69' lang='grc' dir='ltr'>κοτᾶὄῑξοῑ</span> <span class='ocrx_word' id='word_1_574' title='bbox 363 3970 411 4042; x_wconf 69' lang='grc' dir='ltr'><strong>υ’θυ</strong></span> <span class='ocrx_word' id='word_1_575' title='bbox 427 3969 579 4049; x_wconf 71' lang='grc' dir='ltr'>ὃμοθυγῖυυ·</span> <span class='ocrx_word' id='word_1_576' title='bbox 592 3970 649 4029; x_wconf 66' lang='grc' dir='ltr'><strong>Κᾶν</strong></span> <span class='ocrx_word' id='word_1_577' title='bbox 666 3968 728 4048; x_wconf 57' lang='lat' dir='ltr'><strong>iltis</strong></span> <span class='ocrx_word' id='word_1_578' title='bbox 742 3968 834 4041; x_wconf 70' lang='grc' dir='ltr'>οᾶθυι</span> <span class='ocrx_word' id='word_1_579' title='bbox 887 3979 1032 4053; x_wconf 86' lang='lat' dir='ltr'><strong>moechum,</strong></span> <span class='ocrx_word' id='word_1_580' title='bbox 1053 3999 1107 4038; x_wconf 91' lang='lat' dir='ltr'><strong>non</strong></span> <span class='ocrx_word' id='word_1_581' title='bbox 1129 3977 1304 4058; x_wconf 84' lang='lat' dir='ltr'><strong>parricidam,</strong></span> <span class='ocrx_word' id='word_1_582' title='bbox 1322 3998 1375 4036; x_wconf 92' lang='lat' dir='ltr'><strong>non</strong></span> <span class='ocrx_word' id='word_1_583' title='bbox 1396 3977 1516 4037; x_wconf 87' lang='lat' dir='ltr'><strong>filiorum</strong></span> <span class='ocrx_word' id='word_1_584' title='bbox 1528 3977 1635 4036; x_wconf 85' lang='lat' dir='ltr'><strong>interfe-</strong></span> 
     </span>
     <span class='ocr_line' id='line_1_54' title="bbox 61 4059 1636 4148; baseline -0.001 -17"><span class='ocrx_word' id='word_1_585' title='bbox 61 4063 107 4121; x_wconf 83' lang='grc' dir='ltr'><strong>τὸν</strong></span> <span class='ocrx_word' id='word_1_586' title='bbox 122 4062 321 4141; x_wconf 72' lang='grc' dir='ltr'>ἐσταυρωμένον</span> <span class='ocrx_word' id='word_1_587' title='bbox 335 4072 507 4144; x_wconf 55' lang='lat' dir='ltr'><strong>operando</strong></span> <span class='ocrx_word' id='word_1_588' title='bbox 522 4059 581 4120; x_wconf 73' lang='grc' dir='ltr'>εἰπὲ</span> <span class='ocrx_word' id='word_1_589' title='bbox 605 4060 685 4118; x_wconf 66' lang='grc' dir='ltr'>πολιν</span> <span class='ocrx_word' id='word_1_590' title='bbox 707 4060 771 4141; x_wconf 74' lang='grc' dir='ltr'>πρὸς</span> <span class='ocrx_word' id='word_1_591' title='bbox 784 4062 834 4118; x_wconf 79' lang='grc' dir='ltr'>οὗ·</span> <span class='ocrx_word' id='word_1_592' title='bbox 888 4085 988 4130; x_wconf 83' lang='lat' dir='ltr'><strong>ctorem</strong></span> <span class='ocrx_word' id='word_1_593' title='bbox 1010 4070 1093 4146; x_wconf 82' lang='lat' dir='ltr'><strong>(tales</strong></span> <span class='ocrx_word' id='word_1_594' title='bbox 1107 4070 1179 4129; x_wconf 83' lang='lat' dir='ltr'><strong>enim</strong></span> <span class='ocrx_word' id='word_1_595' title='bbox 1192 4083 1254 4128; x_wconf 84' lang='lat' dir='ltr'><strong>sunt</strong></span> <span class='ocrx_word' id='word_1_596' title='bbox 1267 4089 1359 4128; x_wconf 83' lang='lat' dir='ltr'><strong>omnes</strong></span> <span class='ocrx_word' id='word_1_597' title='bbox 1380 4069 1489 4128; x_wconf 86' lang='lat' dir='ltr'><strong>illorum</strong></span> <span class='ocrx_word' id='word_1_598' title='bbox 1505 4069 1560 4145; x_wconf 85' lang='lat' dir='ltr'><strong>dii)</strong></span> <span class='ocrx_word' id='word_1_599' title='bbox 1568 4093 1578 4148; x_wconf 77' lang='lat'>3</span> <span class='ocrx_word' id='word_1_600' title='bbox 1588 4068 1636 4129; x_wconf 81' lang='lat' dir='ltr'><strong>sed</strong></span> 
     </span>
     <span class='ocr_line' id='line_1_55' title="bbox 61 4152 1636 4244; baseline -0.003 -18"><span class='ocrx_word' id='word_1_601' title='bbox 61 4155 122 4214; x_wconf 68' lang='grc' dir='ltr'>ουύ·</span> <span class='ocrx_word' id='word_1_602' title='bbox 136 4157 194 4214; x_wconf 68' lang='grc' dir='ltr'><strong>ἀλλ’</strong></span> <span class='ocrx_word' id='word_1_603' title='bbox 209 4158 238 4214; x_wconf 80' lang='grc' dir='ltr'>οὗ</span> <span class='ocrx_word' id='word_1_604' title='bbox 249 4155 294 4214; x_wconf 65' lang='grc' dir='ltr'>τὸν</span> <span class='ocrx_word' id='word_1_605' title='bbox 309 4156 402 4234; x_wconf 60' lang='lat' dir='ltr'><strong>emittit</strong></span> <span class='ocrx_word' id='word_1_606' title='bbox 413 4154 471 4214; x_wconf 63' lang='grc' dir='ltr'>οὐδὲ</span> <span class='ocrx_word' id='word_1_607' title='bbox 484 4155 528 4212; x_wconf 71' lang='grc' dir='ltr'><strong>τὸυ</strong></span> <span class='ocrx_word' id='word_1_608' title='bbox 543 4152 705 4234; x_wconf 68' lang='grc' dir='ltr'>πυῖρυθυῖυυ</span> <span class='ocrx_word' id='word_1_609' title='bbox 716 4153 775 4211; x_wconf 64' lang='grc' dir='ltr'>οὐδὲ</span> <span class='ocrx_word' id='word_1_610' title='bbox 789 4152 833 4212; x_wconf 66' lang='grc' dir='ltr'><strong>τὸν</strong></span> <span class='ocrx_word' id='word_1_611' title='bbox 888 4185 959 4238; x_wconf 87' lang='lat' dir='ltr'><strong>eum,</strong></span> <span class='ocrx_word' id='word_1_612' title='bbox 969 4163 1016 4242; x_wconf 90' lang='lat' dir='ltr'><strong>qui</strong></span> <span class='ocrx_word' id='word_1_613' title='bbox 1037 4183 1201 4244; x_wconf 80' lang='lat' dir='ltr'><strong>perorarem</strong></span> <span class='ocrx_word' id='word_1_614' title='bbox 1215 4161 1383 4221; x_wconf 73' lang='lat' dir='ltr'><strong>damonibus</strong></span> <span class='ocrx_word' id='word_1_615' title='bbox 1397 4183 1443 4221; x_wconf 88' lang='lat' dir='ltr'><strong>ora</strong></span> <span class='ocrx_word' id='word_1_616' title='bbox 1458 4162 1585 4237; x_wconf 90' lang='lat' dir='ltr'><strong>obstruit,</strong></span> <span class='ocrx_word' id='word_1_617' title='bbox 1594 4175 1636 4221; x_wconf 90' lang='lat' dir='ltr'><strong>at·</strong></span> 
     </span>
     <span class='ocr_line' id='line_1_56' title="bbox 61 4243 1633 4335; baseline 0.006 -30"><span class='ocrx_word' id='word_1_618' title='bbox 61 4247 234 4307; x_wconf 79' lang='grc' dir='ltr'>παιδοκτόνον</span> <span class='ocrx_word' id='word_1_619' title='bbox 251 4254 380 4321; x_wconf 78' lang='grc' dir='ltr'>(τοιοῦτοι</span> <span class='ocrx_word' id='word_1_620' title='bbox 393 4247 446 4330; x_wconf 85' lang='grc' dir='ltr'>γθιρ</span> <span class='ocrx_word' id='word_1_621' title='bbox 458 4250 482 4306; x_wconf 80' lang='grc' dir='ltr'><strong>οἱ</strong></span> <span class='ocrx_word' id='word_1_622' title='bbox 497 4249 559 4325; x_wconf 89' lang='grc' dir='ltr'>παρ’</span> <span class='ocrx_word' id='word_1_623' title='bbox 582 4248 669 4310; x_wconf 70' lang='grc' dir='ltr'>αὐτοῖς</span> <span class='ocrx_word' id='word_1_624' title='bbox 690 4243 743 4303; x_wconf 63' lang='grc' dir='ltr'>θοοὶ</span> <span class='ocrx_word' id='word_1_625' title='bbox 763 4243 835 4302; x_wconf 74' lang='grc' dir='ltr'>ποίν-</span> <span class='ocrx_word' id='word_1_626' title='bbox 888 4277 940 4335; x_wconf 87' lang='lat' dir='ltr'><strong>que</strong></span> <span class='ocrx_word' id='word_1_627' title='bbox 952 4255 1105 4316; x_wconf 88' lang='lat' dir='ltr'><strong>innumeras</strong></span> <span class='ocrx_word' id='word_1_628' title='bbox 1115 4254 1382 4335; x_wconf 79' lang='lat' dir='ltr'><strong>illorumpraestigias</strong></span> <span class='ocrx_word' id='word_1_629' title='bbox 1396 4253 1633 4314; x_wconf 88' lang='lat' dir='ltr'><strong>abstulit.Etenim</strong></span> 
     </span>
     <span class='ocr_line' id='line_1_57' title="bbox 61 4336 1633 4429; baseline -0.001 -21"><span class='ocrx_word' id='word_1_630' title='bbox 61 4347 132 4414; x_wconf 74' lang='grc' dir='ltr'>τες),</span> <span class='ocrx_word' id='word_1_631' title='bbox 145 4340 213 4399; x_wconf 69' lang='grc' dir='ltr'>ἄλλο</span> <span class='ocrx_word' id='word_1_632' title='bbox 225 4340 267 4399; x_wconf 67' lang='grc' dir='ltr'><strong>τὸν</strong></span> <span class='ocrx_word' id='word_1_633' title='bbox 285 4341 329 4400; x_wconf 71' lang='grc' dir='ltr'><strong>’διδ</strong></span> <span class='ocrx_word' id='word_1_634' title='bbox 345 4347 457 4422; x_wconf 78' lang='grc' dir='ltr'>σταυροῦ</span> <span class='ocrx_word' id='word_1_635' title='bbox 468 4339 593 4418; x_wconf 76' lang='grc' dir='ltr'>δαίμονος</span> <span class='ocrx_word' id='word_1_636' title='bbox 607 4336 832 4414; x_wconf 72' lang='grc' dir='ltr'>ἕποοτομίοουτο,</span> <span class='ocrx_word' id='word_1_637' title='bbox 887 4369 956 4406; x_wconf 82' lang='lat' dir='ltr'><strong>crux</strong></span> <span class='ocrx_word' id='word_1_638' title='bbox 967 4361 1077 4429; x_wconf 88' lang='lat' dir='ltr'><strong>propter</strong></span> <span class='ocrx_word' id='word_1_639' title='bbox 1087 4369 1135 4406; x_wconf 91' lang='lat' dir='ltr'><strong>nos</strong></span> <span class='ocrx_word' id='word_1_640' title='bbox 1149 4345 1296 4405; x_wconf 78' lang='lat' dir='ltr'><strong>ineffabilis</strong></span> <span class='ocrx_word' id='word_1_641' title='bbox 1312 4345 1487 4426; x_wconf 81' lang='lat' dir='ltr'><strong>benignitatis</strong></span> <span class='ocrx_word' id='word_1_642' title='bbox 1497 4367 1566 4427; x_wconf 82' lang='lat' dir='ltr'><strong>opus</strong></span> <span class='ocrx_word' id='word_1_643' title='bbox 1575 4367 1633 4406; x_wconf 86' lang='lat' dir='ltr'><strong>ma·</strong></span> 
     </span>
     <span class='ocr_line' id='line_1_58' title="bbox 60 4429 1634 4519; baseline -0.005 -26"><span class='ocrx_word' id='word_1_644' title='bbox 60 4435 107 4493; x_wconf 84' lang='grc' dir='ltr'><strong>καὶ</strong></span> <span class='ocrx_word' id='word_1_645' title='bbox 121 4434 169 4500; x_wconf 86' lang='grc' dir='ltr'>τθις</span> <span class='ocrx_word' id='word_1_646' title='bbox 181 4434 275 4512; x_wconf 86' lang='grc' dir='ltr'>μυρίας</span> <span class='ocrx_word' id='word_1_647' title='bbox 287 4436 374 4492; x_wconf 83' lang='grc' dir='ltr'>αὐτῶν</span> <span class='ocrx_word' id='word_1_648' title='bbox 394 4434 519 4492; x_wconf 77' lang='grc' dir='ltr'>ἀνελόντα</span> <span class='ocrx_word' id='word_1_649' title='bbox 539 4430 707 4512; x_wconf 84' lang='grc' dir='ltr'>μαγγανείας.</span> <span class='ocrx_word' id='word_1_650' title='bbox 719 4430 772 4489; x_wconf 85' lang='lat' dir='ltr'><strong>Kotl</strong></span> <span class='ocrx_word' id='word_1_651' title='bbox 782 4429 833 4511; x_wconf 75' lang='grc' dir='ltr'>γὰρ</span> <span class='ocrx_word' id='word_1_652' title='bbox 886 4459 1000 4518; x_wconf 70' lang='lat' dir='ltr'><strong>gnaeque</strong></span> <span class='ocrx_word' id='word_1_653' title='bbox 1019 4460 1090 4498; x_wconf 62' lang='lat' dir='ltr'><strong>cum</strong></span> <span class='ocrx_word' id='word_1_654' title='bbox 1111 4439 1266 4519; x_wconf 73' lang='lat' dir='ltr'><strong>symbolum</strong></span> <span class='ocrx_word' id='word_1_655' title='bbox 1281 4451 1330 4498; x_wconf 67' lang='lat' dir='ltr'><strong>est,</strong></span> <span class='ocrx_word' id='word_1_656' title='bbox 1347 4437 1390 4496; x_wconf 78' lang='lat' dir='ltr'><strong>Ad</strong></span> <span class='ocrx_word' id='word_1_657' title='bbox 1401 4437 1461 4497; x_wconf 71' lang='lat' dir='ltr'><strong>haec</strong></span> <span class='ocrx_word' id='word_1_658' title='bbox 1472 4458 1548 4516; x_wconf 58' lang='lat' dir='ltr'><strong>vem,</strong></span> <span class='ocrx_word' id='word_1_659' title='bbox 1569 4439 1634 4517; x_wconf 59' lang='lat' dir='ltr'><strong>quia</strong></span> 
     </span>
     <span class='ocr_line' id='line_1_59' title="bbox 60 4522 1634 4610; baseline 0.001 -23"><span class='ocrx_word' id='word_1_660' title='bbox 60 4535 75 4587; x_wconf 84' lang='grc' dir='ltr'>ό</span> <span class='ocrx_word' id='word_1_661' title='bbox 92 4528 202 4606; x_wconf 74' lang='grc' dir='ltr'>σταυρὸς</span> <span class='ocrx_word' id='word_1_662' title='bbox 217 4529 249 4585; x_wconf 87' lang='grc' dir='ltr'><strong>δι’</strong></span> <span class='ocrx_word' id='word_1_663' title='bbox 272 4532 343 4605; x_wconf 76' lang='grc' dir='ltr'>ἡμᾶς</span> <span class='ocrx_word' id='word_1_664' title='bbox 355 4527 386 4586; x_wconf 85' lang='grc' dir='ltr'><strong>τθ</strong></span> <span class='ocrx_word' id='word_1_665' title='bbox 399 4532 447 4597; x_wconf 74' lang='grc' dir='ltr'><strong>τῆς</strong></span> <span class='ocrx_word' id='word_1_666' title='bbox 462 4524 562 4605; x_wconf 68' lang='grc' dir='ltr'>ἀρότου</span> <span class='ocrx_word' id='word_1_667' title='bbox 581 4523 778 4606; x_wconf 75' lang='grc' dir='ltr'>φιλανθρωπίας</span> <span class='ocrx_word' id='word_1_668' title='bbox 793 4522 834 4602; x_wconf 76' lang='grc' dir='ltr'><strong>ἔρ·</strong></span> <span class='ocrx_word' id='word_1_669' title='bbox 886 4529 1065 4609; x_wconf 85' lang='lat' dir='ltr'><strong>eloquentiam</strong></span> <span class='ocrx_word' id='word_1_670' title='bbox 1085 4551 1161 4588; x_wconf 86' lang='lat' dir='ltr'><strong>suam</strong></span> <span class='ocrx_word' id='word_1_671' title='bbox 1172 4527 1320 4599; x_wconf 81' lang='lat' dir='ltr'><strong>venditant,</strong></span> <span class='ocrx_word' id='word_1_672' title='bbox 1344 4542 1370 4588; x_wconf 91' lang='lat' dir='ltr'><strong>et</strong></span> <span class='ocrx_word' id='word_1_673' title='bbox 1385 4543 1494 4589; x_wconf 77' lang='lat' dir='ltr'><strong>externa</strong></span> <span class='ocrx_word' id='word_1_674' title='bbox 1509 4530 1634 4610; x_wconf 89' lang='lat' dir='ltr'><strong>philoso-</strong></span> 
     </span>
     <span class='ocr_line' id='line_1_60' title="bbox 59 4612 1634 4705; baseline -0.004 -18"><span class='ocrx_word' id='word_1_675' title='bbox 59 4643 118 4699; x_wconf 79' lang='grc' dir='ltr'>γον,</span> <span class='ocrx_word' id='word_1_676' title='bbox 140 4621 170 4679; x_wconf 86' lang='grc' dir='ltr'><strong>τθ</strong></span> <span class='ocrx_word' id='word_1_677' title='bbox 192 4625 239 4690; x_wconf 79' lang='grc' dir='ltr'><strong>τῆς</strong></span> <span class='ocrx_word' id='word_1_678' title='bbox 262 4620 363 4689; x_wconf 74' lang='grc' dir='ltr'>πολλῆς</span> <span class='ocrx_word' id='word_1_679' title='bbox 382 4617 540 4694; x_wconf 76' lang='grc' dir='ltr'>κηδεμονίας</span> <span class='ocrx_word' id='word_1_680' title='bbox 565 4616 704 4694; x_wconf 75' lang='grc' dir='ltr'>ούμὸολον.</span> <span class='ocrx_word' id='word_1_681' title='bbox 716 4617 788 4696; x_wconf 76' lang='grc' dir='ltr'>Πρὸς</span> <span class='ocrx_word' id='word_1_682' title='bbox 806 4612 833 4674; x_wconf 74' lang='grc' dir='ltr'><strong>δὲ</strong></span> <span class='ocrx_word' id='word_1_683' title='bbox 885 4624 950 4705; x_wconf 85' lang='lat' dir='ltr'><strong>phia</strong></span> <span class='ocrx_word' id='word_1_684' title='bbox 960 4623 1059 4683; x_wconf 86' lang='lat' dir='ltr'><strong>muniti</strong></span> <span class='ocrx_word' id='word_1_685' title='bbox 1076 4622 1163 4682; x_wconf 82' lang='lat' dir='ltr'><strong>altum</strong></span> <span class='ocrx_word' id='word_1_686' title='bbox 1177 4622 1304 4703; x_wconf 86' lang='lat' dir='ltr'><strong>sapiunt,</strong></span> <span class='ocrx_word' id='word_1_687' title='bbox 1321 4622 1390 4701; x_wconf 81' lang='lat' dir='ltr'><strong>Ego,</strong></span> <span class='ocrx_word' id='word_1_688' title='bbox 1415 4623 1504 4701; x_wconf 86' lang='lat' dir='ltr'><strong>inquit</strong></span> <span class='ocrx_word' id='word_1_689' title='bbox 1523 4623 1634 4696; x_wconf 83' lang='lat' dir='ltr'><strong>Paulus,</strong></span> 
     </span>
     <span class='ocr_line' id='line_1_61' title="bbox 58 4707 1635 4794; baseline -0.002 -23"><span class='ocrx_word' id='word_1_690' title='bbox 58 4721 114 4779; x_wconf 89' lang='grc' dir='ltr'>τοῖς</span> <span class='ocrx_word' id='word_1_691' title='bbox 128 4710 290 4792; x_wconf 83' lang='grc' dir='ltr'>εἰρημένοις,</span> <span class='ocrx_word' id='word_1_692' title='bbox 304 4709 395 4781; x_wconf 77' lang='grc' dir='ltr'>ἐπειδὴ</span> <span class='ocrx_word' id='word_1_693' title='bbox 410 4710 455 4768; x_wconf 77' lang='grc' dir='ltr'><strong>καὶ</strong></span> <span class='ocrx_word' id='word_1_694' title='bbox 470 4707 540 4789; x_wconf 85' lang='grc' dir='ltr'>λόγῳ</span> <span class='ocrx_word' id='word_1_695' title='bbox 557 4708 626 4786; x_wconf 87' lang='grc' dir='ltr'>μέγα</span> <span class='ocrx_word' id='word_1_696' title='bbox 638 4708 833 4787; x_wconf 80' lang='grc' dir='ltr'>κομπάζοντος,</span> <span class='ocrx_word' id='word_1_697' title='bbox 885 4712 928 4772; x_wconf 88' lang='lat' dir='ltr'><strong>his</strong></span> <span class='ocrx_word' id='word_1_698' title='bbox 939 4713 1104 4794; x_wconf 78' lang='lat' dir='ltr'><strong>syllogismis</strong></span> <span class='ocrx_word' id='word_1_699' title='bbox 1119 4711 1232 4790; x_wconf 80' lang='lat' dir='ltr'><strong>longum</strong></span> <span class='ocrx_word' id='word_1_700' title='bbox 1248 4711 1337 4771; x_wconf 83' lang='lat' dir='ltr'><strong>valere</strong></span> <span class='ocrx_word' id='word_1_701' title='bbox 1347 4711 1440 4792; x_wconf 87' lang='lat' dir='ltr'><strong>jussis,</strong></span> <span class='ocrx_word' id='word_1_702' title='bbox 1450 4731 1635 4790; x_wconf 78' lang='lat' dir='ltr'><strong>crucempra-</strong></span> 
     </span>
     <span class='ocr_line' id='line_1_62' title="bbox 58 4799 1633 4890; baseline -0.004 -27"><span class='ocrx_word' id='word_1_703' title='bbox 58 4803 107 4863; x_wconf 81' lang='grc' dir='ltr'><strong>καί</strong></span> <span class='ocrx_word' id='word_1_704' title='bbox 130 4804 180 4874; x_wconf 71' lang='grc' dir='ltr'><strong>τὴν</strong></span> <span class='ocrx_word' id='word_1_705' title='bbox 201 4802 295 4871; x_wconf 77' lang='grc' dir='ltr'>ἔξωθεν</span> <span class='ocrx_word' id='word_1_706' title='bbox 320 4800 542 4880; x_wconf 73' lang='grc' dir='ltr'>περιύεύλημένοι</span> <span class='ocrx_word' id='word_1_707' title='bbox 571 4800 663 4880; x_wconf 79' lang='grc' dir='ltr'>σοφίαν</span> <span class='ocrx_word' id='word_1_708' title='bbox 687 4802 1005 4890; x_wconf 64' lang='lat' dir='ltr'><strong>iquot&#39;isvro,4„dicatum</strong></span> <span class='ocrx_word' id='word_1_709' title='bbox 1028 4801 1118 4878; x_wconf 85' lang='lat' dir='ltr'><strong>venio,</strong></span> <span class='ocrx_word' id='word_1_710' title='bbox 1139 4821 1224 4878; x_wconf 89' lang='lat' dir='ltr'><strong>neque</strong></span> <span class='ocrx_word' id='word_1_711' title='bbox 1251 4799 1313 4859; x_wconf 88' lang='lat' dir='ltr'><strong>ideo</strong></span> <span class='ocrx_word' id='word_1_712' title='bbox 1334 4800 1472 4859; x_wconf 84' lang='lat' dir='ltr'><strong>erubesco.</strong></span> <span class='ocrx_word' id='word_1_713' title='bbox 1492 4800 1633 4857; x_wconf 82' lang='lat' dir='ltr'><strong>Potentia</strong></span> 
     </span>
     <span class='ocr_line' id='line_1_63' title="bbox 63 4886 1635 4975; baseline -0.007 -20"><span class='ocrx_word' id='word_1_714' title='bbox 63 4895 131 4974; x_wconf 83' lang='grc' dir='ltr'>ἐγὼ,</span> <span class='ocrx_word' id='word_1_715' title='bbox 147 4894 234 4975; x_wconf 82' lang='grc' dir='ltr'>ρησλν,</span> <span class='ocrx_word' id='word_1_716' title='bbox 245 4897 375 4975; x_wconf 78' lang='grc' dir='ltr'>ἐρρῶσθαι</span> <span class='ocrx_word' id='word_1_717' title='bbox 393 4892 480 4951; x_wconf 73' lang='grc' dir='ltr'>πολλὰ</span> <span class='ocrx_word' id='word_1_718' title='bbox 491 4891 591 4959; x_wconf 86' lang='grc' dir='ltr'>τούτοις</span> <span class='ocrx_word' id='word_1_719' title='bbox 605 4891 686 4951; x_wconf 79' lang='grc' dir='ltr'>εἰπὼν</span> <span class='ocrx_word' id='word_1_720' title='bbox 701 4901 755 4960; x_wconf 85' lang='grc' dir='ltr'>τοῖς</span> <span class='ocrx_word' id='word_1_721' title='bbox 774 4896 833 4952; x_wconf 89' lang='grc' dir='ltr'>συλ·</span> <span class='ocrx_word' id='word_1_722' title='bbox 849 4903 869 4948; x_wconf 78' lang='lat' dir='ltr'>A</span> <span class='ocrx_word' id='word_1_723' title='bbox 884 4896 962 4951; x_wconf 86' lang='lat' dir='ltr'><strong>enim</strong></span> <span class='ocrx_word' id='word_1_724' title='bbox 977 4893 1035 4950; x_wconf 84' lang='lat' dir='ltr'><strong>Dei</strong></span> <span class='ocrx_word' id='word_1_725' title='bbox 1044 4891 1133 4949; x_wconf 85' lang='lat' dir='ltr'><strong>estad</strong></span> <span class='ocrx_word' id='word_1_726' title='bbox 1141 4889 1277 4949; x_wconf 83' lang='lat' dir='ltr'><strong>salutem.</strong></span> <span class='ocrx_word' id='word_1_727' title='bbox 1290 4887 1362 4959; x_wconf 89' lang='lat' dir='ltr'><strong>Quia</strong></span> <span class='ocrx_word' id='word_1_728' title='bbox 1375 4887 1446 4947; x_wconf 91' lang='lat' dir='ltr'><strong>enim</strong></span> <span class='ocrx_word' id='word_1_729' title='bbox 1453 4887 1574 4968; x_wconf 87' lang='lat' dir='ltr'><strong>potentia</strong></span> <span class='ocrx_word' id='word_1_730' title='bbox 1582 4886 1635 4945; x_wconf 89' lang='lat' dir='ltr'><strong>Dei</strong></span> 
     </span>
    </p>
   </div>
   <div class='ocr_carea' id='block_1_12' title="bbox 59 4977 1634 5159">
    <p class='ocr_par' dir='ltr' id='par_1_12' title="bbox 59 4977 1634 5159">
     <span class='ocr_line' id='line_1_64' title="bbox 59 4977 1634 5066; baseline -0.006 -21"><span class='ocrx_word' id='word_1_731' title='bbox 59 4990 215 5065; x_wconf 85' lang='grc' dir='ltr'>λογισμοῖς,</span> <span class='ocrx_word' id='word_1_732' title='bbox 237 4985 348 5066; x_wconf 83' lang='grc' dir='ltr'>σταυρὸν</span> <span class='ocrx_word' id='word_1_733' title='bbox 372 4984 486 5066; x_wconf 80' lang='grc' dir='ltr'>ἔρχομαι</span> <span class='ocrx_word' id='word_1_734' title='bbox 507 4983 654 5063; x_wconf 83' lang='grc' dir='ltr'>κηρύττων,</span> <span class='ocrx_word' id='word_1_735' title='bbox 667 4983 713 5044; x_wconf 81' lang='grc' dir='ltr'><strong>καθ</strong></span> <span class='ocrx_word' id='word_1_736' title='bbox 738 4988 768 5044; x_wconf 82' lang='grc' dir='ltr'><strong>οὐ</strong></span> <span class='ocrx_word' id='word_1_737' title='bbox 790 4984 834 5044; x_wconf 84' lang='grc' dir='ltr'><strong>διθ</strong></span> <span class='ocrx_word' id='word_1_738' title='bbox 883 4998 922 5043; x_wconf 87' lang='lat' dir='ltr'><strong>est</strong></span> <span class='ocrx_word' id='word_1_739' title='bbox 936 4981 1065 5043; x_wconf 88' lang='lat' dir='ltr'><strong>etiamad</strong></span> <span class='ocrx_word' id='word_1_740' title='bbox 1079 5003 1187 5063; x_wconf 84' lang='lat' dir='ltr'><strong>poenam</strong></span> <span class='ocrx_word' id='word_1_741' title='bbox 1201 4979 1451 5057; x_wconf 87' lang='lat' dir='ltr'><strong>inlerendam(nam</strong></span> <span class='ocrx_word' id='word_1_742' title='bbox 1468 4999 1531 5038; x_wconf 88' lang='lat' dir='ltr'><strong>eum</strong></span> <span class='ocrx_word' id='word_1_743' title='bbox 1549 4977 1634 5058; x_wconf 75' lang='lat' dir='ltr'>AEgy·</span> 
     </span>
     <span class='ocr_line' id='line_1_65' title="bbox 61 5071 1633 5159; baseline -0.006 -21"><span class='ocrx_word' id='word_1_744' title='bbox 61 5086 140 5138; x_wconf 76' lang='grc' dir='ltr'>τοῦτο</span> <span class='ocrx_word' id='word_1_745' title='bbox 153 5078 320 5159; x_wconf 82' lang='grc' dir='ltr'>αἰσχύνομαι.</span> <span class='ocrx_word' id='word_1_746' title='bbox 335 5078 453 5155; x_wconf 84' lang='grc' dir='ltr'>Δύναμις</span> <span class='ocrx_word' id='word_1_747' title='bbox 467 5077 518 5159; x_wconf 81' lang='grc' dir='ltr'>γὰρ</span> <span class='ocrx_word' id='word_1_748' title='bbox 532 5082 602 5138; x_wconf 78' lang='grc' dir='ltr'>Θεοῦ</span> <span class='ocrx_word' id='word_1_749' title='bbox 616 5080 686 5138; x_wconf 74' lang='grc' dir='ltr'>ἐστιν</span> <span class='ocrx_word' id='word_1_750' title='bbox 696 5083 732 5146; x_wconf 80' lang='grc' dir='ltr'><strong>είς</strong></span> <span class='ocrx_word' id='word_1_751' title='bbox 747 5103 832 5152; x_wconf 88' lang='grc' dir='ltr'>σωτη·</span> <span class='ocrx_word' id='word_1_752' title='bbox 883 5076 952 5159; x_wconf 86' lang='lat' dir='ltr'><strong>ptios</strong></span> <span class='ocrx_word' id='word_1_753' title='bbox 969 5075 1109 5157; x_wconf 78' lang='lat' dir='ltr'><strong>ptrniebat,</strong></span> <span class='ocrx_word' id='word_1_754' title='bbox 1131 5073 1222 5134; x_wconf 85' lang='lat' dir='ltr'><strong>dixit:</strong></span> <span class='ocrx_word' id='word_1_755' title='bbox 1238 5074 1302 5132; x_wconf 82' lang='lat' dir='ltr'><strong>tlaee</strong></span> <span class='ocrx_word' id='word_1_756' title='bbox 1315 5087 1354 5132; x_wconf 87' lang='lat' dir='ltr'><strong>est</strong></span> <span class='ocrx_word' id='word_1_757' title='bbox 1367 5071 1486 5154; x_wconf 88' lang='lat' dir='ltr'><strong>potentia</strong></span> <span class='ocrx_word' id='word_1_758' title='bbox 1501 5092 1559 5130; x_wconf 85' lang='lat' dir='ltr'><strong>mea</strong></span> <span class='ocrx_word' id='word_1_759' title='bbox 1573 5092 1633 5129; x_wconf 88' lang='lat' dir='ltr'><strong>ma-</strong></span> 
     </span>
    </p>
   </div>
   <div class='ocr_carea' id='block_1_13' title="bbox 98 5237 1174 5310">
    <p class='ocr_par' dir='ltr' id='par_1_13' title="bbox 98 5237 1174 5310">
     <span class='ocr_line' id='line_1_66' title="bbox 98 5237 1174 5310; baseline 0.015 -21"><span class='ocrx_word' id='word_1_760' title='bbox 98 5242 111 5279; x_wconf 80' lang='lat' dir='ltr'><strong>&#39;o</strong></span> <span class='ocrx_word' id='word_1_761' title='bbox 130 5238 208 5290; x_wconf 80' lang='lat' dir='ltr'><strong>Iidem</strong></span> <span class='ocrx_word' id='word_1_762' title='bbox 221 5241 256 5305; x_wconf 84' lang='lat' dir='ltr'><strong>[et</strong></span> <span class='ocrx_word' id='word_1_763' title='bbox 268 5239 310 5310; x_wconf 62' lang='lat' dir='ltr'><strong>a]</strong></span> <span class='ocrx_word' id='word_1_764' title='bbox 322 5248 382 5295; x_wconf 69' lang='lat' dir='ltr'><strong>etl&amp;</strong></span> <span class='ocrx_word' id='word_1_765' title='bbox 395 5248 431 5294; x_wconf 81' lang='grc' dir='ltr'><strong>καὶ</strong></span> <span class='ocrx_word' id='word_1_766' title='bbox 443 5250 551 5307; x_wconf 70' lang='grc' dir='ltr'>ἐπείγετο.</span> <span class='ocrx_word' id='word_1_767' title='bbox 909 5255 919 5279; x_wconf 77' lang='lat'>⁰</span> <span class='ocrx_word' id='word_1_768' title='bbox 936 5237 1007 5290; x_wconf 75' lang='lat' dir='ltr'><strong>U¹¹¹¹³</strong></span> <span class='ocrx_word' id='word_1_769' title='bbox 1017 5245 1174 5308; x_wconf 42' lang='lat' dir='ltr'><strong>mimium·</strong></span> 
     </span>
    </p>
   </div>
   <div class='ocr_carea' id='block_1_14' title="bbox 0 0 1868 5978">
    <p class='ocr_par' dir='ltr' id='par_1_14' title="bbox 0 0 1868 5978">
     <span class='ocr_line' id='line_1_67' title="bbox 0 0 1868 5978; baseline 0 1"><span class='ocrx_word' id='word_1_770' title='bbox 0 0 1868 5978; x_wconf 95' lang='lat' dir='ltr'><strong> </strong></span> 
     </span>
    </p>
   </div>
  </div>
 </body>
</html>
