3728 5978
235 399 308 493 446
581 420 608 467 s.
637 418 776 467 rotonis
802 419 984 468 cunrsosr.
1013 418 1171 468 incuruo.
1199 417 1468 468 cousrnurrnor.

235 545 321 624 quies,
332 545 355 605 ai
367 544 412 603 ille
422 562 474 603 non
485 555 562 617 esset,
572 562 625 600 non
638 540 828 620 graniaessent
837 541 975 602 nauseo
1028 543 1089 602 δω·
1103 540 1172 602 ὥστε
1185 542 1236 621 ούχ
1246 546 1261 601 θ
1273 540 1394 608 διάόολος
1411 539 1458 613 τὴν
1472 538 1559 619 ἀρχὴν
1575 537 1706 611 ἐντίθησιν
1714 584 1724 613 ,
1744 539 1803 598 ἀλλ’

235 636 390 698 inevitabile
396 656 444 695 nos
451 633 616 715 supplicium
622 648 751 693 maneret:
763 655 834 694 nune
843 633 924 708 enim,
934 633 976 693 ἀί-
1026 638 1104 710 ipat
1119 630 1196 692 αὐτὸν
1207 631 1337 710 δεχόμεθα
1353 629 1399 689 καὶ
1408 633 1548 708 καλοῦμεν.
1559 626 1631 688 Ἀλλ’
1644 631 1669 688 εἰ
1684 627 1722 706 μὴ
1735 631 1803 688 lart-

235 726 310 802 locte,
319 747 397 808 poena
407 726 485 785 nobis
493 725 581 786 levior
594 739 651 803 est;
664 725 687 785 si
700 746 764 786 voro
777 747 812 785 cx
824 725 977 806 nobisipsis
1028 747 1080 800 νος,
1091 722 1188 804 φησίν,
1199 714 1241 798 ἦν,
1250 727 1298 782 οθκ
1309 722 1340 781 ἀν
1356 722 1461 801 μεγάλα
1471 719 1573 799 ἐγίνετο
1587 718 1623 779 τδι
1633 720 1719 780 δεινά.
1734 717 1802 780 Ἀλλ’

234 818 328 899 gravia
342 832 521 898 patraremus,
534 817 702 878 intolerabile
719 832 787 878 esset
802 817 975 898 supplicium.
1029 814 1211 898 ἀπαραίτητος
1228 819 1293 894 ἡμῖν
1308 814 1418 894 ἔμελλεν
1437 803 1504 874 εἶναι
1522 818 1541 885 ἡ
1560 811 1678 880 κόλασις·
1696 820 1742 874 νῦν
1755 811 1803 891 μὲν

233 912 287 972 Dic
299 909 383 989 enim,
392 932 451 987 oro,
463 910 485 970 si
498 932 541 989 ra,
551 933 611 990 quae
625 909 747 990 peccavit
760 908 861 987 Adam,
876 908 976 987 absque
992 927 1011 974 c
1027 906 1089 987 γὰρ,
1100 905 1238 987 ἀγαπητί,
1251 907 1287 968 τά
1298 911 1347 979 τῆς
1360 904 1494 973 κολάσεως
1514 908 1579 983 ἡμῖν
1593 903 1770 986 ἡμερώτεροι,
1780 907 1804 965 εί

234 1001 347 1085 oonsilio
360 1017 502 1082 peccasset,
512 1003 573 1082 quis
583 1001 661 1062 illum
675 1022 710 1060 ex
725 1000 852 1082 periculis
864 1000 976 1080 eripuis
1029 997 1057 1059 δὲ
1071 997 1107 1058 δι’
1116 1002 1226 1065 ,ίαυτῶν
1242 999 1415 1079 είργαζόμεθα
1433 995 1466 1056 τό
1481 997 1567 1071 δεινά,
1587 996 1719 1076 ἀφόρητος
1732 987 1765 1069 ἦν
1785 1001 1802 1068 ἡ

234 1093 362 1168 settsed,
370 1094 541 1173 inquies,non
551 1106 693 1175 peccasset.
701 1090 976 1153 Undenamhocmihi
1028 1090 1152 1173 τιμωρία.
1164 1090 1232 1151 Εἰσί
1245 1090 1297 1171 γάρ
1309 1115 1372 1169 μοι,
1382 1093 1405 1149 εί
1416 1095 1509 1162 ταῦτα,
1521 1088 1540 1148 ἀ
1553 1088 1697 1170 ἥμαρτενδ
1708 1088 1802 1168 Ἀδὰμ,

233 1184 324 1245 dicis?
339 1185 395 1258 Qui
408 1187 481 1245 enim
494 1184 531 1245 ita
544 1185 635 1245 mollis
648 1198 705 1244 erat
717 1197 744 1243 et
757 1184 885 1264 ignavus,
895 1196 976 1261 atque
1028 1184 1110 1265 χωρίς
1123 1183 1275 1261 συμάουλῆς
1284 1181 1399 1262 ἥμαρτε,
1409 1180 1450 1250 τίς
1463 1180 1541 1240 αύτδν
1555 1179 1587 1238 ἂν
1602 1179 1737 1262 ἐξήρπασε
1750 1185 1802 1240 τῶν

233 1277 269 1339 ad
284 1278 466 1361 insipientiam
477 1301 590 1361 pronus,
607 1293 638 1338 ut
651 1279 705 1338 tale
716 1277 859 1338 consilium
871 1275 976 1358 accipe·
1029 1274 1163 1347 κινδύνωνς
1173 1272 1243 1333 Ἀλλ’
1255 1276 1303 1333 ούκ
1316 1271 1347 1331 δν
1357 1272 1471 1353 ἥμαρτε,
1486 1271 1560 1353 φησί.
1573 1270 1660 1331 Πόθεν
1672 1295 1718 1349 μοι
1727 1277 1803 1330 τούτο

235 1383 286 1443 ret,
300 1370 387 1430 multo
400 1370 488 1450 magis
502 1371 671 1430 ctiamexse
684 1367 977 1443 iecissetQuisdiabo·
1028 1364 1176 1444 λίγειςςὉ
1197 1364 1247 1448 γάρ
1268 1364 1336 1426 ούτω
1358 1371 1454 1446 χαῦν;ς
1475 1364 1519 1423 καί
1534 1363 1650 1444 ῥάθυμος
1670 1363 1718 1422 καί
1740 1364 1804 1442 πρδς

234 1460 278 1520 lus
290 1461 402 1542 losephi
414 1462 509 1521 fratres
522 1461 550 1520 in
564 1460 696 1521 invidiam
709 1460 823 1541 conjecit
833 1460 848 1519 ?
858 1461 889 1520 Si
902 1461 976 1541 vigi·
1028 1457 1118 1518 ἄνοιαν
1132 1457 1251 1536 ότυιμος,
1269 1455 1339 1517 ὥστε
1353 1456 1476 1526 δέξασθαι
1495 1459 1620 1529 τοιαύτην
1639 1454 1804 1534 ουμόωλιλν,

234 1551 322 1625 temus
334 1574 407 1633 ergo,
421 1552 530 1630 dilecti,
546 1552 624 1612 nobis
637 1552 763 1612 diabolus
777 1551 869 1632 glorias
884 1566 979 1613 auctor
1028 1550 1119 1631 πολλῷ
1126 1550 1226 1629 μᾶλλον
1235 1548 1281 1608 καί
1288 1547 1370 1628 χωρίς
1379 1547 1471 1608 τούτου
1478 1547 1665 1627 ,τούτογίγοντν
1673 1547 1718 1606 άν.
1726 1548 1804 1613 llutos

235 1645 297 1704 erit.
309 1642 384 1716 Quid
397 1645 469 1704 enim
482 1643 551 1706 Jobo
569 1643 661 1703 nocuit
682 1657 787 1703 tantum
801 1643 876 1703 illius
893 1644 978 1703 artili-
1030 1640 1150 1708 διάύολος
1163 1638 1223 1709 τοὺς
1244 1644 1291 1701 τῶ
1305 1637 1404 1718 Ἰωσὴφ
1425 1637 1552 1719 ἀδελφοὺς
1576 1641 1612 1707 είς
1631 1639 1727 1719 φθάνον
1749 1638 1803 1700 ἀνί-

235 1737 329 1796 cinmi'
339 1737 381 1796 Ne
392 1736 456 1811 boc,
471 1735 585 1815 inquies,
599 1733 719 1812 dixeris5
734 1735 838 1815 sedqui
854 1735 979 1795 infirmus
1030 1731 1125 1806 ύαλενς
1141 1727 1188 1791 Ἂν
1207 1732 1332 1812 νήφωμεν
1349 1730 1450 1801 τοίνυν,
1473 1730 1622 1810 ἀγαπητοί,
1638 1730 1684 1790 καί
1702 1731 1803 1791 εύδοκι-

235 1842 274 1887 est
282 1827 401 1887 laeditur.
409 1830 443 1887 At
451 1827 589 1906 infirmus,
596 1826 700 1886 etiamsi
709 1827 834 1887 diabolus
843 1849 895 1888 non
901 1839 978 1904 esset,
1029 1821 1135 1902 μύσεως
1145 1828 1209 1901 ἡμῖν
1225 1821 1307 1890 αίτιος
1318 1820 1460 1890 όδιάόολος
1470 1822 1579 1901 γίνεται.
1592 1819 1630 1880 Τί
1639 1821 1694 1904 γάρ
1706 1821 1802 1903 lotape

235 1918 348 2000 perinde
356 1917 475 1978 laeditur.
488 1921 592 1983 Verum
604 1939 724 1999 repones,
736 1919 823 1998 magis
830 1940 891 1978 cum
902 1918 978 1979 illius
995 1933 1014 1979 1)
1029 1913 1072 1974 τὸν
1088 1912 1152 1974 'loo
1167 1918 1184 1986 ἡ
1196 1913 1312 1988 τοσαύτη
1322 1917 1420 1974 ‘aoros
1435 1913 1544 1995 μηχανή
1552 1939 1560 1989 ;
1569 1914 1616 1987 Mt,
1629 1913 1718 1990 εἴπης,
1732 1917 1803 1995 φησὶ,

234 2010 388 2092 operatione
409 2010 527 2070 laeditur.
538 2009 593 2071 sed
613 2012 637 2071 si
659 2032 721 2071 cum
736 2010 812 2070 illius
825 2010 978 2092 operatione
1028 2012 1118 2075 τοῦτο,
1132 2008 1192 2066 ἀλλ’
1212 2008 1227 2063 ό
1245 2005 1356 2079 ἀσθενὴς
1378 2006 1536 2086 βλάπτεται.
1558 2008 1628 2066 Ἀλλ’
1646 2012 1662 2066 δ
1682 2006 1801 2079 ἀσθενὴς,

236 2103 401 2184 peccaverit,
418 2103 508 2162 minus
520 2104 655 2185 punitur:
672 2103 841 2182 nequeenim
856 2103 979 2163 omnium
1028 2097 1079 2158 κάν
1092 2097 1130 2176 μδ,
1144 2096 1266 2165 διάύολος
1275 2091 1308 2180 ᾖ,
1323 2099 1480 2178 βλάπτεται.
1492 2096 1572 2160 Ἀλλά
1584 2098 1721 2177 μειζόνως,
1732 2101 1802 2180 φησί,

236 2207 406 2275 peecatorum
417 2215 494 2275 pares
514 2207 577 2254 sunt
586 2196 728 2277 poenae.Ne
750 2215 799 2254 nos
817 2194 891 2276 ipsos
904 2193 979 2278 deci·
1008 2193 1016 2207 ⁸
1030 2190 1099 2270 μττά
1110 2196 1158 2265 τῆς
1172 2190 1271 2252 ἐκείνου
1284 2192 1423 2272 ἐνεργείας.
1435 2190 1503 2250 Ἀλλ’
1520 2190 1647 2266 ἔλαττον,
1658 2191 1724 2254 όταν
1739 2193 1802 2270 μετὰ

187 2273 190 2281 ’
236 2285 362 2366 piamus:
382 2305 435 2344 non
454 2298 493 2345 ast
511 2285 590 2345 nobis
604 2286 632 2345 in
650 2306 729 2345 musa
741 2283 882 2361 diabolus,
899 2285 921 2344 si
935 2285 979 2346 vi-
1029 2286 1077 2353 τῆς
1090 2281 1189 2342 ἐκείνου
1200 2282 1331 2365 ἐνεργείας
1342 2281 1461 2363 ἁμάρτῃ,
1472 2282 1728 2365 κολάζεται·οιίγδρ
1739 2284 1802 2344 πάν-

236 2375 353 2455 gilemus
363 2399 369 2433 :
380 2375 426 2434 ille
443 2395 492 2434 nos
503 2376 591 2455 magis
606 2377 785 2435 somnolentos
797 2377 907 2435 excitat.
928 2377 980 2437 Dic
1030 2397 1082 2434 των
1093 2377 1145 2434 τῶν
1161 2375 1363 2456 ἁμαρτημάτων
1379 2379 1407 2435 ul
1423 2374 1500 2432 αὐταί
1515 2375 1652 2456 τιμοιρίαι.
1665 2375 1716 2449 Μὴ
1732 2381 1802 2437 ἀπα·

236 2466 309 2527 enirn
324 2466 392 2525 mihi
404 2470 415 2542 (
428 2466 536 2525 interim
551 2466 608 2527 hac
621 2467 822 2542 examinemus)
837 2490 843 2524 ι
858 2489 912 2528 non
925 2468 980 2529 sint
1030 2467 1118 2543 τῶμεν
1132 2465 1240 2534 tamn<
1251 2489 1258 2503 ·
1270 2470 1317 2527 σύκ
1330 2465 1401 2527 ἔστιν
1415 2471 1479 2545 ἡμῖν
1491 2470 1505 2525 ό
1519 2460 1640 2536 διάόολος
1654 2466 1748 2542 αἴτιος,
1761 2467 1804 2529 tu

236 2558 311 2628 ferae,
326 2577 378 2616 non
391 2555 427 2616 sit
441 2557 511 2616 aeris
524 2557 709 2639 intemperies,
725 2578 777 2616 non
793 2557 913 2634 morbus,
927 2579 980 2619 non
1030 2557 1172 2638 νήφωμεν·
1192 2559 1289 2626 ἐκεῖνος
1310 2561 1382 2637 ἡμᾶς
1404 2560 1505 2637 μᾶλλον
1531 2557 1686 2639 ἀφυπνίζει,
1709 2561 1803 2625 ἀκτῖνος

236 2646 352 2724 dolores,
365 2670 418 2709 non
434 2668 571 2728 moerores,
585 2670 632 2709 nec
644 2648 712 2728 quid
726 2647 831 2709 simile:
846 2650 914 2728 quid
927 2673 981 2712 non
1030 2655 1103 2730 ἡμᾶς
1117 2649 1246 2731 διεγείρει.
1265 2649 1333 2710 Είπί
1351 2649 1404 2730 γάρ
1421 2672 1467 2728 μοι
1478 2648 1562 2725 (τέως
1575 2656 1658 2710 ταῦτα
1671 2649 1803 2718 ἐξετάσω-

236 2742 324 2802 sactus
342 2756 410 2802 esset
421 2742 522 2802 bomo?
533 2745 635 2803 Porcus
654 2741 740 2823 magis
749 2764 831 2823 quam
840 2743 934 2823 bomo,
952 2759 982 2807 ιπ
1032 2746 1106 2821 μεν),
1120 2741 1159 2822 μὴ
1169 2741 1239 2803 ἔστω
1251 2742 1347 2823 θηρία,
1360 2741 1399 2821 μὴ
1414 2742 1482 2803 ίστω
1497 2741 1638 2820 ἀνωμαλία
1651 2741 1754 2823 ἀίρων,
1767 2742 1802 2821 μή

236 2832 346 2894 videtur
365 2835 446 2914 milri,
459 2834 640 2915 finisset,gulae
657 2848 683 2894 et
699 2834 820 2896 ebrietati
830 2857 859 2895 se
868 2835 980 2917 dedens,
1032 2834 1119 2909 νόσος,
1143 2832 1183 2912 μὴ
1202 2836 1300 2909 λύπαι,
1319 2832 1357 2910 μὴ
1382 2832 1511 2912 ἀθυμίαι,
1529 2832 1566 2911 μὴ
1589 2832 1678 2912 ἕτερόν
1701 2856 1730 2894 τι
1752 2837 1803 2892 τῶν

237 2938 264 2984 et
274 2947 290 2985 a
301 2925 378 2985 nullo
389 2946 483 2986 eorum
498 2924 730 2986 interturbaretur.
745 2926 825 2986 Nuuo
836 2946 899 2988 vero
910 2949 982 2988 curae
999 2945 1018 2993 r.
1032 2925 1172 2986 τοιούτων·
1187 2925 1214 2984 τί
1227 2928 1273 2986 οὐκ
1287 2924 1319 2984 ἀν
1331 2923 1435 3004 ἐγίνετο
1448 2924 1622 3004 θάνθρωποςς
1632 2926 1729 3005 Χοῖρος
1739 2929 1804 3002 μᾶλ-

237 3028 264 3075 et
272 3014 470 3075 sollicitudines
487 3015 660 3097 gymnasium
671 3029 697 3075 et
704 3015 795 3075 schola
802 3015 983 3100 philosophia
1033 3019 1079 3077 λον
1097 3014 1116 3090 ἢ
1131 3016 1282 3096 άνθριυπος,
1295 3017 1388 3075 *δοκῶ
1402 3038 1467 3094 μοι,
1480 3015 1585 3096 γέγονεν
1600 3014 1647 3089 δν,
1665 3015 1804 3097 γαστριζό-

238 3121 302 3167 snut
314 3107 357 3167 illi
365 3152 376 3186 ,
391 3122 472 3186 atque
487 3107 620 3167 institutio
634 3107 746 3188 optima.
763 3108 821 3169 Hoc
839 3109 904 3170 item
922 3133 984 3193 per-
1036 3129 1112 3186 μενος
1127 3107 1173 3169 καί
1185 3106 1296 3186 μεθύων,
1316 3106 1362 3166 καί
1375 3107 1427 3167 θπδ
1440 3107 1549 3186 μηδενδς
1565 3105 1665 3166 τούτων
1681 3107 1803 3190 ἐνοχλού-

102 3263 114 3285 ,
238 3198 327 3279 pende
337 3223 344 3257 ε
354 3197 484 3259 educetur
491 3197 552 3278 quis
566 3198 592 3257 in
602 3199 677 3280 regia
689 3198 746 3259 sine
755 3199 848 3260 dolore
861 3224 910 3262 ncc
920 3225 985 3263 cura
1036 3223 1121 3278 μενος.
1130 3203 1186 3261 Νῦν
1201 3199 1229 3260 δὲ
1241 3204 1268 3260 at
1282 3197 1416 3281 φροντίδες
1427 3199 1472 3259 καί
1484 3201 1511 3256 ul
1523 3200 1650 3280 μίριμναι
1662 3198 1803 3280 γυμνάσιόν

239 3291 283 3350 vel
294 3288 492 3360 sollicitudine,
506 3311 591 3368 neque
604 3289 651 3349 irae
663 3290 706 3351 vel
718 3290 858 3352 infortunii
868 3295 984 3356 occasio·
1036 3295 1087 3354 είσι
1101 3291 1255 3373 φιλοσοφίας
1265 3291 1310 3350 καί
1320 3292 1512 3362 διδασκάλειον,
1523 3291 1569 3350 καί
1582 3290 1675 3371 ἀγωγλ
1687 3291 1804 3358 παιδείας

239 3401 300 3440 nem
313 3380 421 3456 habeat,
435 3379 483 3440 sod
496 3381 586 3440 omnia
600 3402 660 3460 quar
674 3382 858 3463 concupiverit
868 3385 948 3445 faeiat
959 3401 985 3447 ct
1036 3382 1155 3465 ἀρίστης.
1170 3383 1271 3442 Σκόπει
1285 3381 1313 3442 δὲ
1326 3382 1371 3441 καί
1389 3384 1493 3451 ἄλλως·
1510 3382 1644 3465 τρεγὲσθω
1657 3408 1699 3451 τις
1713 3389 1740 3445 ἓν
1755 3389 1803 3463 βα·

240 3484 409 3550 assequatur,
434 3492 580 3549 omnesque
600 3470 697 3531 habeat
719 3472 772 3533 sibi
792 3473 983 3553 obsequentes:
1036 3475 1142 3543 σιλείοις
1154 3475 1222 3554 μήτε
1235 3474 1396 3552 λυπούμενος
1406 3475 1474 3552 μήτε
1488 3475 1631 3557 φροντίζων
1646 3475 1716 3554 μήτε
1730 3500 1804 3557 μερι-

131 3597 195 3639 „mi
207 3611 229 3639 „
240 3581 328 3621 annon
349 3562 410 3621 talis
427 3560 509 3620 homo
528 3561 603 3620 omni
616 3561 673 3621 fera
686 3563 897 3625 irrationabilior
914 3567 984 3628 liet?
1037 3573 1119 3647 μνῶν,
1132 3567 1177 3628 καί
1196 3566 1264 3646 μήτε
1283 3570 1364 3648 ἀργῆς
1384 3568 1452 3649 ἔχων
1472 3568 1602 3651 πρόφασιν
1619 3568 1689 3648 μήτε
1706 3573 1803 3629 ἀποτυ-

115 3676 136 3703 m
167 3674 181 3702 ¹¹
193 3659 200 3701 i
210 3661 231 3700 t.
241 3657 320 3716 Nunc
334 3675 398 3715 vero
411 3655 481 3714 sicut
495 3675 540 3712 oos
553 3673 652 3712 acuens
665 3674 712 3712 nos
727 3668 789 3714 sunt
801 3655 982 3720 calamitates:
1035 3660 1109 3742 χίας,
1120 3660 1188 3721 ἀλλά
1201 3660 1300 3733 πάντα,
1317 3660 1384 3742 άπερ
1398 3660 1429 3721 ἂν
1443 3661 1611 3740 ίπιθυμήοη,
1626 3663 1752 3737 ποιείτω,
1764 3664 1806 3721 καί

98 3737 128 3766 ⁸'
241 3746 302 3808 ideo
313 3768 441 3830 pauperes
454 3744 588 3807 divitibus
598 3759 661 3804 sunt
672 3760 702 3805 ut
716 3747 865 3828 plurimum
878 3752 983 3832 sapien·
1035 3751 1248 3835 ἐπιτυγχανίτω,
1269 3751 1314 3811 καί
1328 3751 1429 3820 πάντας
1450 3753 1533 3834 ἐχέτω
1555 3752 1755 3820 ὑπακούοντας·
1776 3753 1806 3812 ἃν

240 3843 330 3919 tiores,
339 3854 434 3923 utpote
446 3839 540 3900 multis
553 3839 681 3899 {luctibus
691 3840 783 3902 vexati
794 3855 820 3902 et
834 3844 982 3908 exercitati.
1036 3842 1073 3923 μὴ
1094 3844 1192 3911 παντὸς
1211 3843 1302 3924 θηρίου
1322 3841 1485 3925 ἀλογώτερος
1503 3843 1612 3924 γίνηται
1626 3843 1664 3903 ἀό
1679 3852 1806 3919 τοιοῦτος,

239 3938 310 3996 Nam
323 3955 420 4015 corpus
434 3932 551 4021 otiosum
564 3945 590 3991 et
605 3930 763 4010 immotum,
778 3935 880 3998 morbis
899 3937 983 3999 obno·
993 3983 1029 4023 ,w
1036 3940 1093 3999 Νῦν
1112 3934 1140 3995 δὲ
1154 3933 1243 4017 ὥσπερ
1258 3935 1341 4008 ἀκόνη
1361 3934 1431 3996 ἐστίν
1449 3934 1607 4014 ἐκτρίύουσα
1623 3940 1696 4014 ἡμᾶς
1708 3937 1742 3997 τδι
1757 3941 1806 3996 τῶν

240 4025 317 4086 nium
327 4038 367 4084 est
376 4037 402 4084 ct
411 4022 530 4083 deforme
535 4047 544 4100 5
555 4021 627 4101 quod
640 4027 729 4083 autem
736 4042 861 4087 movetur
871 4042 898 4087 et
908 4029 985 4090 labo-
1001 4040 1022 4085 A
1036 4027 1234 4113 περιπίπτων,
1247 4028 1282 4089 rb
1294 4032 1347 4087 τῶν
1362 4027 1485 4109 θλίψεων.
1499 4026 1550 4087 Διά
1565 4034 1644 4087 τοῦτο
1659 4031 1714 4086 τῶν
1727 4032 1807 4088 πλου-

241 4132 283 4177 rat
293 4117 485 4196 affligiturque,
492 4114 636 4174 formosius
645 4128 684 4174 est
693 4128 719 4174 et
728 4117 892 4179 sanius2hoc
902 4121 985 4183 etiam
1036 4123 1150 4183 τούντων
1166 4121 1190 4179 ol
1210 4120 1320 4192 πένητες
1334 4123 1370 4188 ὡς
1386 4120 1430 4179 inl
1441 4120 1472 4179 εδ
1489 4120 1611 4179 πλεῖστόν
1628 4123 1680 4180 τίσι
1696 4122 1807 4181 συνετώ-

240 4207 367 4268 inanima
378 4207 493 4288 reperire
507 4219 557 4265 est.
569 4204 605 4264 Et
619 4207 721 4265 serrum
733 4206 756 4266 si
764 4209 862 4289 jaceat,
878 4213 984 4295 rubigi-
1035 4237 1122 4294 τεροι,
1141 4211 1262 4294 καθάπερ
1283 4215 1389 4279 πολλοῖς
1404 4210 1618 4293 περικρουόμενοι
1637 4213 1684 4272 καί
1704 4238 1808 4296 περιαν·

241 4320 303 4358 nem
320 4298 477 4374 contrahit;
498 4296 521 4357 si
541 4312 697 4358 exerceatur
716 4313 820 4377 autem,
841 4304 982 4385 splendet.-
1036 4303 1174 4385 τλούμενοι
1182 4302 1290 4382 κύμασι.
1302 4303 1356 4362 Καὶ
1365 4302 1504 4383 γάρσιῗυμα
1511 4304 1540 4362 τὸ
1552 4304 1690 4384 μὲνάργδν
1699 4305 1745 4364 καὶ
1754 4305 1808 4363 ἀκί-

241 4388 418 4468 similiterque
437 4388 526 4448 anima
548 4409 609 4467 quae
629 4403 770 4468 movetnr3
787 4393 870 4455 motio
893 4410 984 4458 antem
1040 4419 1119 4468 νητον
1129 4396 1241 4462 νοσῶδες
1250 4394 1297 4453 καί
1306 4393 1440 4467 ἀηδὲς,τὸ
1450 4393 1478 4452 δὲ
1489 4393 1640 4473 κινούμενον
1651 4395 1699 4455 καί
1713 4397 1810 4474 κάμνον

241 4481 337 4542 animae
349 4494 411 4540 sunt
424 4480 596 4541 calamitates
609 4484 740 4563 Artcsque
752 4501 879 4566 pereunt,
892 4488 915 4548 si
929 4512 982 4552 non
1035 4486 1082 4547 καί
1103 4484 1351 4567 ταλαιπωρούμενον
1372 4487 1529 4568 ὡραιότεμον
1549 4486 1594 4546 καί
1618 4489 1792 4571 ὑγιεινότερον
1804 4500 1809 4511 “

242 4567 495 4641 moveaturanima3
508 4581 632 4628 movetur
641 4583 740 4648 autem,
753 4593 814 4632 cum
829 4596 881 4634 non
893 4578 982 4639 omnia
1035 4584 1113 4639 τοῦτο
1126 4577 1154 4639 δί
1167 4578 1212 4638 ἐπί
1221 4581 1309 4659 ψυχῆς
1322 4576 1441 4658 εύροιτις
1453 4578 1493 4637 άν.
1508 4577 1562 4637 Καὶ
1575 4578 1681 4661 σίδηρος
1692 4581 1809 4658 κείμενος

241 4659 320 4741 plana
333 4670 413 4716 sunt:
428 4669 550 4716 movetur
563 4654 634 4716 enim
648 4679 664 4716 a
678 4661 829 4722 contrariis.
843 4665 902 4724 Nisi
917 4688 981 4727 eon·
1037 4670 1086 4750 μίν
1100 4668 1294 4751 διαφθείρεται,
1315 4669 1487 4750 ἐργαζόμενος
1500 4668 1527 4729 δὲ
1541 4668 1661 4748 λάμπει·
1679 4672 1809 4752 καὶψυχὴ

242 4750 322 4810 traria
336 4749 400 4826 sint,
416 4746 532 4808 nihilcst
545 4747 620 4827 quod
630 4765 735 4810 movent
749 4756 882 4838 :exempli
895 4779 982 4837 carisa,
1003 4775 1019 4822 u
1036 4762 1160 4830 ὡσαύτως
1171 4761 1327 4839 κινουμένη·
1342 4760 1444 4833 κίνησις
1460 4759 1487 4820 δὲ
1498 4762 1585 4841 ψυχῆς
1599 4765 1626 4820 αἱ
1642 4766 1810 4844 περιστάσεις

274 4971 283 4993 ⁶
298 4953 369 5004 Unus
382 4959 449 5006 αὑτοῦ
465 4960 591 5020 ἀμηχανία.
1084 4966 1097 5004 ‘¹
1115 4972 1233 5026 θτοιοῦτυς
1244 4964 1314 5016 dcest
1326 4966 1351 5015 in
1364 4981 1413 5016 nno
1425 4964 1520 5017 Codice
1530 4965 1565 5031 [in
1578 4967 1606 5015 B.
1616 4966 1657 5031 C.;
1672 4967 1697 5016 in
1709 4969 1740 5018 Ι).
1755 4985 1810 5020 iero

274 5035 286 5054 ¹
305 5033 363 5096 [tlte
380 5037 436 5085 ὅσια
449 5037 576 5096 protono.
587 5050 661 5099 supra
673 5042 766 5102 ἀθυμίαι
779 5055 826 5104 pro
839 5041 928 5094 ιἰιίοεο
940 5051 1002 5098 ‹ooo—
1051 5045 1094 5110 qni
1105 5041 1224 5109 irroccdit
1236 5043 1356 5094 articulus
1368 5052 1404 5098 καὶ
1416 5054 1500 5104 πόντιε
1512 5050 1591 5111 extro.
1602 5045 1631 5096 A.
1644 5051 1691 5112 ἄρα
1704 5052 1770 5100 ot...
1785 5071 1810 5113 ϊ

240 5121 306 5179 pter,
319 5122 345 5160 et
355 5109 489 5161 articulum
505 5109 676 5162 desideratum
693 5127 752 5166 ante
771 5125 873 5174 renitor
892 5118 1001 5176 restitui.
1053 5144 1126 5188 πται,
1137 5122 1224 5174 Graece
1235 5121 1347 5187 saltem]

241 5206 309 5252 ιιιιιι,
319 5189 403 5238 omnia
415 5187 630 5240 consentientibus
641 5189 717 5256 ton]
1104 5196 1110 5208 '
