3728 5978
766 522 950 573 rumano.
1050 580 1053 588 ,

215 951 536 1099 savrnn
581 962 667 1091 tn
717 960 1040 1100 runnu
1091 961 1504 1097 nnnrrnn.

586 1299 1142 1334 -——--n=----

119 1537 253 1595 ceterum
265 1532 300 1594 de
312 1534 381 1606 luco,
399 1533 447 1592 ubi
460 1533 568 1614 scriptae
581 1532 624 1594 vel
635 1531 714 1592 dietae
728 1531 782 1592 sint
794 1532 838 1592 hae
852 1532 881 1592 in
893 1533 1003 1594 beatum
1017 1535 1177 1615 Apostolum
1189 1556 1205 1595 a
1216 1539 1319 1597 Joanne
1330 1544 1419 1597 nostro
1431 1511 1573 1599 elaboratas
1587 1538 1646 1600 Ex-

81 1627 227 1707 positiones
239 1640 265 1685 et
277 1626 406 1704 humilia,
418 1648 433 1685 a
444 1626 531 1686 doctis
541 1625 621 1688 video
634 1624 664 1684 in
673 1625 764 1686 varias
777 1624 847 1684 itum
858 1647 915 1685 esse
924 1626 1075 1687 sententias.
1088 1626 1208 1687 Andreas
1216 1629 1355 1688 Dounaeus
1364 1628 1392 1688 in
1403 1631 1473 1690 notis
1483 1632 1539 1691 suis
1547 1630 1647 1693 doctis-

82 1723 158 1782 simis
169 1722 204 1781 ad
217 1744 279 1781 eum
290 1722 381 1781 lucum
394 1722 591 1803 Chrysustumi,
602 1721 650 1801 qui
663 1720 797 1801 reperitur
810 1721 890 1782 Tum.
905 1722 937 1800 1,
950 1742 1014 1802 pag.
1028 1725 1097 1800 126,
1113 1725 1151 1783 ts
1164 1746 1171 1780 ι
1184 1722 1362 1805 προσέκρουσε
1371 1729 1411 1807 τῷ
1429 1750 1494 1787 ποτε
1508 1733 1647 1811 κρατοθντι
1722 1739 1727 1758 ²

82 1823 100 1888 ή
120 1817 197 1884 πόλις
213 1822 231 1889 ἡ
246 1818 363 1898 ἡμετέρα
379 1832 447 1893 etc,
466 1817 555 1877 omnia
569 1817 627 1875 haee
641 1816 668 1875 in
681 1816 792 1875 beatum
804 1815 920 1876 Paulum
933 1817 1081 1877 Antiochia
1097 1818 1196 1900 scripta
1210 1817 1320 1879 videtur
1332 1841 1448 1880 asserere
1462 1843 1469 1878 ι
1483 1843 1546 1881 curu
1560 1836 1648 1883 tamen

82 1908 119 1968 de
132 1910 186 1970 illis
201 1911 266 1990 ipsis
278 1910 305 1969 in
321 1910 472 1990 Epistulam
485 1910 522 1969 ad
539 1910 708 1970 Colossenscs
721 1909 901 1970 certissimum
914 1909 950 1970 sit
965 1910 1078 1992 scriptas
1091 1911 1174 1971 luisse
1184 1912 1229 1973 vel
1242 1911 1349 1972 habitas
1362 1914 1605 1996 Constantinopoli,
1619 1931 1650 1975 ut

83 2026 118 2063 ex
128 2004 301 2083 sequentibus
314 2005 436 2083 liquebit.
453 2006 551 2064 Contra
564 2006 719 2087 βιογρόροι,
730 2004 779 2083 qui
787 2005 889 2065 bellam
903 2004 982 2065 uobis
994 2005 1181 2086 excogitarunt
1196 2007 1316 2067 fabulam
1327 2007 1402 2067 illam
1416 2008 1450 2068 de
1460 2010 1547 2069 Paulo
1560 2010 1588 2069 in
1601 2032 1650 2070 au-

84 2121 143 2158 rem
160 2099 278 2159 dictante
293 2114 382 2159 nostro
397 2101 507 2177 Juanni,
528 2122 588 2178 quaa
602 2101 739 2176 scriberet,
752 2121 866 2178 eamque
879 2122 936 2159 rem
950 2101 1048 2161 Proelu
1062 2101 1206 2180 (quitum
1219 2102 1389 2163 ministrabat
1406 2104 1610 2185 Chrysostomo,
1624 2121 1651 2166 et

84 2209 176 2274 postea
189 2195 216 2253 in
230 2195 383 2277 episcopatu
398 2194 546 2272 suceessit)
562 2217 610 2276 per
622 2195 704 2255 rimas
717 2195 815 2274 visam,
831 2208 928 2254 cuncta
945 2195 1073 2257 videntur
1089 2195 1229 2259 vindicare
1241 2199 1482 2279 Constantinopoli.
1499 2201 1607 2279 Neutri,
1621 2213 1651 2260 ut

85 2290 192 2370 opinor,
206 2311 269 2349 vere
284 2289 450 2349 :rectissime
467 2290 591 2369 Photius,
607 2290 653 2369 qui
666 2311 727 2372 pag.
744 2293 797 2351 noi
816 2288 943 2350 editionis
954 2293 1070 2371 drigmt,
1088 2291 1209 2351 mediam
1226 2306 1297 2352 secat
1308 2293 1392 2368 riam,
1405 2294 1448 2353 his
1459 2295 1567 2356 verbis:
1583 2296 1652 2358 ἀλλθ

85 2383 134 2462 τίς
162 2383 215 2463 μὲνΙ
231 2388 266 2452 εἰς
283 2384 327 2444 τὸν
347 2383 491 2444 ἀπόστολον
512 2384 676 2467 συγγραφὰς,
696 2384 765 2445 ἐστίν
786 2384 813 2453 ἐξ
831 2388 917 2445 altitu
931 2386 1036 2446 ἐκείνων
1051 2390 1210 2467 ἐπιγνῶναι,
1227 2388 1303 2449 ποῖαί
1318 2412 1347 2448 τε
1362 2391 1446 2449 αὐτῶν
1467 2393 1494 2449 ἕν
1509 2388 1654 2472 Ἀντιοχείᾳ

87 2476 248 2557 διατρίόοντι
266 2476 477 2554 ἐξιπονήθησαν,
492 2477 520 2536 αἳ
533 2477 578 2536 καί
593 2479 692 2555 μᾶλλον
705 2476 912 2556 διηκρίόωνται,
931 2477 977 2538 καί
990 2487 1065 2538 ποῖαι
1081 2479 1293 2561 ἀρχιερατεόοντι
1307 2479 1477 2553 ἐποιήθησαν.
1494 2480 1539 2540 Ex
1555 2480 1655 2559 quibus

87 2572 180 2631 verbis
199 2572 324 2650 quamvis
337 2594 385 2631 nee
399 2573 450 2651 ibi,
465 2593 513 2631 nee
531 2594 656 2651 usquam,
668 2571 744 2650 quod
756 2571 851 2645 sciam,
868 2573 903 2631 ab
921 2571 981 2654 ipso
994 2572 1093 2634 diserte
1102 2574 1282 2655 exprimatur,
1297 2596 1352 2654 quo
1365 2596 1475 2654 quaeque
1486 2575 1545 2635 loeo
1555 2576 1657 2657 scripta

86 2667 195 2743 suerint,
205 2668 256 2726 hoc
266 2682 353 2728 tamen
364 2668 495 2728 habemus
509 2668 737 2728 Antiochenorum
747 2682 774 2727 et
787 2669 1144 2750 Constantinopolitanorum
1154 2670 1297 2752 κριτήριον,
1306 2670 1436 2730 nimirum
1447 2671 1495 2745 τήν
1509 2672 1655 2752 θκρίόειαν.

88 2764 150 2835 Quo
164 2777 251 2822 tamen
262 2764 390 2845 κριτηρίῳ
402 2763 500 2825 certius
513 2764 645 2823 habemus
658 2762 735 2822 aliud
746 2777 772 2823 et
780 2763 965 2823 minuslallax
978 2764 1006 2823 in
1019 2764 1167 2841 nonnullis,
1176 2764 1294 2825 aucturis
1306 2765 1391 2846 ipsius
1403 2767 1494 2827 verba.
1502 2766 1559 2826 Ubi
1566 2779 1655 2825 autem

87 2857 141 2916 boe
154 2857 331 2918 destituamur
344 2858 465 2920 subsidio
475 2862 486 2935 (
495 2881 580 2939 neque
593 2859 666 2919 enim
679 2859 708 2918 in
717 2858 843 2919 omnibus
854 2858 923 2918 illud
937 2881 973 2919 ex
982 2859 1073 2920 verbis
1087 2859 1274 2941 Chrysostomi
1288 2867 1431 2941 apparet),
1448 2859 1657 2941 uunfugiendum

88 2952 140 3011 erit
153 2951 190 3011 ad
203 2952 278 3033 prius
293 2952 363 3011 illud
375 2958 423 3027 τῆς
437 2953 573 3034 ἀκριόείας
587 2953 737 3037 κριτήριον,
747 2952 908 3029 hoeest,ees
921 2951 1111 3034 prubabilibus
1121 2951 1281 3032 conjecturis
1292 2949 1475 3032 expendenda.
1486 2955 1526 3014 de
1537 2956 1657 3040 nelunge
1756 2945 1766 2960 ⁸

88 3048 225 3124 abeamus,
238 3045 273 3105 de
288 3047 378 3128 priore
387 3047 425 3106 ad
439 3048 594 3108 Corinthios
608 3068 765 3130 expressum
778 3046 910 3107 babemus
927 3068 962 3107 ex
975 3046 1060 3128 ipsius
1074 3046 1261 3128 Chrysostomi
1276 3046 1367 3106 verbis
1380 3047 1572 3129 testimonium,
1590 3053 1657 3113 scri·

89 3155 150 3222 ptas
161 3143 243 3200 luisse
257 3142 383 3202 homilias
394 3143 456 3203 illas
472 3142 632 3203 Antiochiae.
648 3145 736 3203 locus
748 3157 799 3220 est,
812 3142 926 3202 humilia
940 3141 1071 3222 vigesima
1084 3141 1172 3223 prima
1186 3163 1214 3223 p.
1227 3141 1298 3220 579,
1311 3144 1329 3201 'l
1343 3166 1350 3200 :
1365 3142 1506 3206 καὶταῦτα
1521 3149 1549 3206 ἐν
1560 3147 1658 3210 Ἀντιο-

89 3237 166 3317 χείρ,
184 3241 210 3297 ἐν
224 3229 243 3317 ᾗ
256 3243 360 3320 πρῶτον
375 3235 558 3319 ἐχρημάτισαν
571 3237 735 3322 Χριστιανοί.
759 3238 796 3297 Et
813 3236 924 3318 quidem
942 3237 1031 3298 Photii
1048 3236 1183 3320 κριτήριον
1199 3236 1264 3296 huie
1277 3236 1377 3319 scripto
1391 3238 1508 3318 perbelle
1521 3243 1657 3319 convenit,

89 3355 153 3391 cum
166 3333 237 3392 nibil
246 3333 280 3392 sit
298 3333 402 3415 uspiam
414 3336 449 3393 ab
463 3336 566 3395 Joanne
585 3347 676 3394 nostro
697 3333 754 3395 illis
764 3333 932 3393 sermonibus
943 3332 1073 3414 scripturn
1089 3332 1252 3410 accuratius,
1269 3331 1338 3396 nihil
1351 3333 1479 3394 limatius.
1493 3337 1533 3396 De
1546 3337 1655 3417 Sumu-

89 3426 171 3485 nibus
181 3426 209 3485 in
223 3426 373 3508 Epistulam
387 3426 423 3486 ad
436 3427 542 3506 Titum,
554 3428 697 3510 plusquam
710 3428 851 3510 probabile
859 3442 908 3504 est,
918 3427 1026 3487 habitos
1039 3424 1134 3485 itidem
1149 3425 1232 3485 tuisse
1246 3425 1404 3487 Antiochiae.
1423 3428 1470 3488 Sic
1482 3428 1553 3488 euim
1566 3431 1657 3512 luqui-

91 3537 135 3580 tur
149 3521 261 3581 homilia
277 3522 364 3599 tertia,
378 3545 440 3604 pag.
456 3525 527 3598 59n,
540 3525 580 3583 15
593 3547 599 3580 :
613 3524 641 3582 τί
654 3524 686 3584 ἂν
700 3522 770 3584 εἴποι
783 3548 824 3592 τις
837 3523 897 3607 περὶ
910 3527 963 3583 τῶν
980 3525 1016 3590 είς
1030 3521 1126 3590 τόπους
1140 3521 1329 3603 ἀπερχομένων
1339 3522 1447 3593 ἐκείνοις
1460 3525 1581 3605 (sufficet
1591 3527 1658 3591 ’lou-

91 3616 173 3684 δαίοις
184 3624 193 3694 )
206 3618 398 3698 ἀφιερωμένους
409 3642 417 3692 ;
428 3619 473 3678 τὸν
486 3621 513 3677 ἐν
528 3619 621 3701 Δάφνη
631 3619 711 3700 λέγω,
723 3618 754 3679 τὸ
767 3623 814 3692 τῆς
827 3619 976 3699 Ματρώνης
985 3617 1126 3698 λεγόμκνον
1138 3616 1281 3690 σπήλαιονε
1293 3630 1333 3677 est
1345 3630 1434 3677 autem
1444 3619 1560 3701 Daphne
1570 3623 1658 3688 nolis·

91 3712 191 3772 simum
203 3712 273 3771 illud
282 3713 468 3772 suburbanum
480 3714 688 3775 Antiochenam.
698 3717 761 3776 Jam
773 3714 809 3775 de
819 3713 995 3776 Sermonibus
1006 3713 1034 3773 in
1049 3711 1202 3794 Epistulam
1209 3710 1244 3771 ad
1253 3712 1432 3792 Colossenses,
1445 3714 1576 3795 quicquid
1584 3716 1658 3779 dieat

91 3805 264 3865 doctissimus
276 3809 422 3880 Dounaeus,
431 3819 534 3866 eertum
548 3821 587 3866 est
597 3807 829 3890 Constantinopoli
839 3808 953 3889 scriptus
963 3807 1046 3866 luisse
1055 3807 1090 3866 ab
1099 3805 1193 3866 eodem
1201 3806 1258 3887 jam
1268 3806 1393 3887 episcopo
1404 3831 1411 3865 ι
1423 3807 1451 3867 id
1463 3808 1536 3886 quud
1545 3831 1579 3870 ex
1587 3812 1659 3872 mutl-

93 3901 127 3959 tis
140 3901 207 3959 loeis
220 3900 255 3960 ad
274 3901 355 3960 smem
374 3901 456 3960 ethici
470 3901 542 3961 tertii
563 3903 623 3961 luce
636 3902 736 3962 clarius
754 3917 874 3984 apparet,
890 3922 953 3984 pag.
968 3902 1036 3975 107,
1053 3900 1072 3959 l.
1089 3899 1129 3958 11
1144 3923 1151 3956 t
1169 3899 1206 3977 μὴ
1222 3898 1275 3981 γὰρ
1291 3899 1344 3979 tyb
1360 3900 1455 3981 δίδωμι
1472 3901 1520 3976 τήν
1539 3905 1657 3986 εἰρήνην;

94 3996 176 4075 Atqui
190 4018 270 4078 supra
289 3997 308 4055 l.
324 3997 408 4055 nhoc
422 3997 529 4056 dixerat
543 3997 683 4079 proprium
697 4003 811 4058 asseruit
828 4000 973 4080 ἐφεστῶτος
987 3999 1035 4068 τῆς
1049 3994 1220 4067 Ἔκκλησίας.
1236 3994 1290 4052 llut
1304 3994 1326 4053 si
1344 3992 1485 4076 presbyter
1500 3995 1555 4055 dici
1571 4012 1658 4080 potest

94 4092 229 4174 προεστὼς
243 4097 291 4165 τῆς
306 4091 478 4171 Ἐκκλησίας,
491 4093 565 4172 quod
577 4115 630 4153 non
640 4107 717 4174 puto,
729 4094 757 4153 in
771 4094 838 4155 urhe
847 4092 1025 4177 episcopalem
1039 4089 1128 4150 sedem
1138 4089 1264 4166 habente,
1277 4102 1347 4147 certe
1355 4090 1429 4169 quod
1438 4092 1558 4170 sequitur
1567 4092 1587 4153 l.
1601 4097 1656 4159 tt:

94 4184 144 4251 ἕως
158 4185 180 4240 δ’
198 4183 228 4243 ἂν
240 4184 285 4242 ἐπὶ
298 4189 344 4243 τοῦ
359 4183 449 4264 θρόνου
465 4183 557 4244 τούτου
573 4185 712 4262 καθήμεθα
728 4196 788 4255 ete,
802 4181 837 4242 de
846 4184 1005 4264 presbytero
1020 4179 1075 4240 dici
1087 4201 1140 4240 non
1152 4192 1248 4261 potest.
1264 4180 1300 4240 Et
1314 4180 1384 4240 illud
1396 4205 1422 4262 p.
1438 4182 1508 4261 108,
1525 4183 1542 4245 5
1559 4193 1658 4248 ιτοῖηο

94 4278 146 4358 γάρ
160 4280 217 4338 ἔστι
230 4277 261 4336 rb
274 4282 322 4351 τῆς
333 4281 479 4350 ἐπισκοπῆς
487 4279 601 4356 ἀξίωμα,
611 4278 826 4338 manifestissime
836 4277 973 4340 convincit
984 4298 1078 4338 verum
1090 4297 1157 4354 esse,
1170 4275 1244 4354 quod
1253 4275 1370 4338 dicimus
1382 4276 1417 4336 de
1430 4278 1510 4339 bisin
1521 4279 1659 4362 Epistulas

94 4373 131 4432 od
141 4373 308 4433 Colossenses
314 4373 447 4433 Homiliis.
458 4376 489 4433 In
501 4388 643 4453 utramque
651 4375 732 4435 etiam
742 4375 778 4435 ad
789 4375 1039 4436 Thessalonicenses
1051 4371 1238 4454 Chrysostomi
1247 4368 1427 4434 Homiliasaio
1437 4374 1550 4456 scriptas
1559 4375 1658 4438 dietas-

94 4490 128 4526 ve
142 4469 381 4550 Constantinopoli.
396 4471 438 4528 De
452 4470 550 4549 priore,
569 4470 666 4531 homil.
681 4460 835 4548 undecima,
852 4491 916 4552 pag.
930 4471 1001 4546 217,
1018 4472 1057 4529 17
1072 4492 1079 4526 :
1096 4472 1119 4528 el
1132 4468 1184 4550 γὰρ
1197 4466 1337 4535 ὑπεύθυνος
1349 4467 1476 4548 ἐγινόμην
1489 4475 1537 4543 τῆς
1551 4471 1658 4534 πάντων
1667 4495 1707 4539 utu

95 4569 169 4642 ὑμῶν
186 4565 349 4647 προστασίας
368 4576 433 4640 ete,
448 4564 482 4624 de
496 4565 655 4646 posteriore,
670 4565 766 4627 humil.
784 4577 892 4644 quarta,
907 4586 970 4647 pag.
986 4564 1057 4643 758,
1073 4563 1123 4622 lin.
1136 4567 1176 4622 22
1187 4586 1194 4620 :
1207 4560 1238 4623 σθ
1253 4561 1281 4622 δὲ
1300 4561 1381 4632 σἰξιοῑς
1396 4562 1441 4623 τὸν
1454 4564 1518 4625 λαὸν
1531 4564 1598 4647 ὑπὲρ
1613 4573 1658 4627 τοῦ

95 4656 241 4738 ἡγουμένω
255 4661 436 4738 παρακαλεῖν,
449 4672 475 4717 et
490 4679 554 4719 mox
567 4658 617 4718 liu.
632 4660 669 4720 25
687 4682 694 4716 ε
709 4666 756 4719 τοῦ
769 4666 924 4742 κρατοῦντος
937 4682 943 4716 :
956 4679 1016 4737 qaas
1032 4655 1147 4717 nonnisi
1163 4656 1288 4738 episcopo
1302 4657 1446 4716 convenire
1461 4662 1586 4738 possunt.
1597 4660 1659 4720 Ser·

96 4770 175 4808 moue
189 4762 284 4828 quarto
299 4750 327 4808 in
345 4749 496 4831 Epistulam
506 4750 542 4810 ad
562 4751 703 4827 Hehraeus,
714 4772 777 4832 pag.
792 4750 863 4828 151,
878 4748 1000 4827 loquinrr
1015 4761 1049 4807 ut
1064 4748 1216 4829 episcopus,
1230 4746 1267 4806 'de
1279 4745 1313 4806 iis
1325 4767 1415 4827 agens,
1428 4747 1475 4826 qui
1490 4748 1611 4828 praeficas
1625 4747 1661 4809 ad

98 4845 237 4925 planctum
248 4844 375 4904 ciendum
384 4844 539 4905 conducunt
551 4870 557 4903 :
569 4845 652 4907 πολθν
662 4845 753 4914 αὐτοὺς
766 4844 876 4927 χρόνον,
888 4843 977 4922 inquit
989 4843 1038 4902 lin.
1050 4845 1100 4918 50,
1114 4847 1162 4914 τῆς
1170 4841 1312 4916 ἐκκλησίας
1322 4841 1447 4922 ἀπείρξω,
1456 4846 1492 4911 ὡς
1501 4843 1546 4902 τὸν
1558 4845 1662 4906 tilulo

97 4941 214 5021 λσίτρηνι
230 4954 256 4999 et
268 4940 317 4999 lin.
330 4939 386 5000 58:
400 4943 424 5000 el
438 4940 465 5001 δὲ
478 4940 515 5021 μὴ
527 4941 659 5020 βούλεσθε,
669 4947 746 5021 ἡμεῖς
759 4943 807 5001 οὐκ
821 4938 969 5020 ἀνεχόμεθα
978 4938 1030 5013 ἤθη
1045 4943 1155 4998 τοιαῦτα
1164 4937 1313 5018 ὀλίθριατῇ
1324 4937 1454 5017 ἔκκλησίρ
1467 4939 1659 5020 ἐπεισαγαγεῖν.

99 5034 173 5106 Quin
184 5047 210 5092 et
222 5032 248 5091 in
264 5033 322 5115 ipsu
332 5033 412 5093 titulo
420 5033 486 5093 editi
499 5033 628 5094 dicuntur
641 5055 774 5095 sermones
788 5033 830 5094 illi
846 5033 874 5093 in
887 5031 1038 5114 Epistulam
1055 5030 1090 5091 ad
1103 5031 1230 5090 Hebraeos
1248 5030 1316 5109 perd
1329 5030 1378 5102 τήν
1389 5030 1514 5109 κοίμησιν
1531 5036 1619 5110 αὐτοῦ,
1634 5047 1665 5108 ut

100 5127 247 5188 verisimile
257 5129 292 5188 sit
301 5129 429 5188 extremis
439 5130 606 5211 temporibus
614 5128 701 5189 dictos
714 5130 804 5190 luisse.
816 5132 857 5189 De
869 5128 1016 5210 posteriore
1027 5128 1064 5189 ad
1080 5125 1234 5186 Corinthios
1244 5123 1422 5185 subdubitans
1431 5147 1474 5185 me
1486 5127 1558 5208 cogit
1568 5127 1664 5206 dictio,

100 5245 183 5301 quiam
197 5223 225 5282 in
233 5224 357 5305 proxime
373 5226 537 5303 memoratis,
550 5225 632 5307 paulo
643 5226 826 5307 ἀκριήεστέρα.
837 5224 866 5285 Si
877 5237 966 5284 tameo
982 5222 1089 5304 γνήσιον
1101 5236 1141 5283 est
1150 5221 1257 5281 etbieon
1268 5219 1485 5301 illudrigesima
1494 5237 1586 5296 sextae,
1595 5225 1670 5296 quod

103 5316 173 5375 inter
186 5314 277 5375 doctos
285 5315 431 5398 disceptari
445 5317 534 5392 video,
548 5319 629 5380 verba
642 5331 712 5379 certe
725 5319 772 5378 illa
783 5339 845 5400 pag.
860 5318 931 5398 687,
940 5316 981 5378 28
994 5339 1002 5373 .·
1015 5315 1120 5397 καὶγίιρ
1130 5315 1176 5377 καί
1190 5316 1301 5375 lorello
1317 5315 1448 5394 Kuuerer
