3728 5978
512 450 545 495 m
572 449 659 496 ACTA
686 443 940 496 aros'tttuoltutt.
968 443 1087 491 HOMIL·
1115 444 1184 492 XLI·

55 598 137 648 σητε,
151 573 195 632 ότι
218 575 391 653 καταφρονῶν
413 571 520 630 ἐκείνων
533 577 617 630 ταῦτα
628 573 706 631 ποιεῦ.
717 567 832 635 fluitet

55 667 136 747 φόῦος
149 670 197 725 τοῦ
218 664 349 743 δαίμονος.
364 664 418 724 Καὶ
432 663 476 724 ut
490 663 516 722 ri
528 663 612 744 χωρίς
633 667 687 722 τῶν
705 660 832 742 ῥημάτων

55 759 156 819 τούτων
171 762 202 818 οῦ
222 757 352 838 διέρρηξεν
367 761 453 817 αὐτῶν
468 755 502 814 ed
524 755 633 833 ίμάτια;
647 753 714 814 οῦτω
734 752 785 832 γάρ
800 751 831 811 ἀν

56 851 162 911 καὶτὸν
180 850 262 928 θυμδν
279 849 434 930 ἐπλήρωσε,
450 848 495 908 καὶ
516 847 565 919 τὴν
588 845 691 918 πλάνην
712 845 831 918 ἔστησεν.

56 942 213 1022 Ἐφοῦιῑτο,
228 940 294 1019 όπερ
312 941 388 1020 έφην,
402 939 465 1011 ιτην
485 938 627 1019 ἀπρόσιτον
647 937 767 1015 δύναμιν,
787 931 848 996 καίΙ

57 1036 105 1093 οῦκ
119 1034 150 1093 ἀν
165 1038 289 1093 τοσοῦτον
308 1031 426 1110 ἴσχυσεν,
440 1034 463 1090 εἰ
478 1029 515 1109 μὴ
530 1037 606 1090 τοῦτο
621 1020 704 1088 εἶπεν.
716 1027 791 1111 Ὅρα
804 1027 832 1087 δὲ

58 1132 197 1206 πανταχοῦ
207 1124 267 1191 τοῦς
284 1124 410 1202 δαίμονας
430 1121 686 1202 εὐγνωμονεστέρους
698 1126 751 1180 τῶν
765 1119 833 1181 'loo-

1559 423 1629 518 349

884 563 920 623 de
932 563 1017 623 insilit
1024 562 1052 624 in
1062 585 1116 637 eos,
1129 577 1155 624 et
1165 577 1252 624 vestes
1261 563 1390 624 dilacerat
1403 588 1411 639 ς
1424 585 1456 624 ac
1469 562 1551 646 siper
1565 586 1627 646 ope·

885 677 914 714 ra
933 654 1034 715 diceret
1057 655 1113 714 illis
1131 681 1140 714 ι
1155 659 1196 716 Ne
1216 655 1316 736 putetis
1337 676 1379 714 me
1401 655 1461 715 idco
1481 655 1509 715 id
1532 657 1629 733 iucem,

885 745 961 825 quod
975 746 1036 806 illos
1050 760 1225 806 contemnam.
1247 750 1365 827 Magnus
1388 746 1470 806 timor
1490 746 1632 809 demon·

887 835 924 895 Et
936 859 985 896 cur
998 859 1050 897 non
1061 839 1118 898 sine
1130 837 1221 916 verbis
1235 838 1294 897 istis
1304 837 1630 899 vestraeorumdisciditi'

885 928 923 988 ita
934 931 1044 989 enimet
1062 931 1180 990 furorem
1194 930 1369 1012 implevisset,
1385 946 1410 989 et
1433 952 1551 990 errorem
1572 945 1630 991 sta-

886 1024 989 1084 tuisset.
1005 1024 1143 1102 Timebat,
1155 1039 1186 1084 ut
1196 1024 1266 1101 dixi,
1282 1025 1442 1084 inaccessam
1454 1039 1611 1106 potestatem
1623 1050 1630 1083 ι

886 1130 913 1176 et
926 1138 979 1176 non
994 1131 1098 1178 tantum
1110 1119 1250 1200 potuisset,
1263 1120 1286 1178 si
1296 1120 1349 1179 ltoc
1359 1141 1411 1178 non
1421 1119 1545 1180 dixisset.
1558 1118 1632 1181 Vide

58 1216 152 1290 δαίων,
166 1217 213 1277 καί
228 1220 256 1277 οὗ
272 1217 427 1294 τολμῶντας
438 1217 570 1274 ἀντειπεῖν
581 1212 639 1272 οὐδὲ
650 1216 832 1292 κατηγορῆσαι
850 1224 868 1271 Β
887 1211 988 1290 ubique
998 1211 1132 1271 demones
1143 1212 1282 1291 gratiores,
1297 1233 1379 1291 quam
1389 1212 1506 1286 Judaeos,
1517 1233 1565 1272 nec
1581 1233 1631 1271 au·

57 1312 112 1368 τῶν
127 1308 284 1368 ἀποστόλων
305 1307 365 1366 οὐδὲ
388 1310 434 1365 τοῦ
459 1306 584 1386 Χριστοῦ.
606 1305 681 1364 Ἐκεῖ
701 1303 831 1385 λέγουσιν,

58 1398 180 1476 Οἰδαμέν
203 1423 233 1459 σε
248 1400 288 1466 τίς
312 1389 351 1458 εἶ·
366 1397 427 1465 καί,
441 1396 478 1457 Τί
493 1389 571 1468 ἦλθες
591 1385 641 1455 dte
666 1397 718 1476 πρὸ
740 1403 833 1475 καιροῦ

60 1489 204 1570 βασανίσαι
218 1496 305 1570 ἧμᾶςς
326 1490 372 1549 καί
389 1489 478 1561 πάλιν,
494 1479 563 1548 Οἶδά
580 1513 610 1548 σε
624 1487 663 1555 τίς
684 1479 723 1575 εἶ,
742 1488 832 1555 alti<

57 1590 106 1641 τοῦ
119 1584 208 1642 Θεοῦ·
219 1585 332 1641 ἐνταῦθα
346 1581 389 1654 δέ,
400 1573 482 1640 Οῦτοι
500 1585 525 1639 οἱ
540 1580 674 1661 ἄνθρωποι
688 1582 774 1639 δοῦλοι
785 1584 832 1638 τοῦ

58 1676 132 1733 Θεοῦ
147 1679 194 1733 τοῦ
212 1673 321 1752 θψίστου
337 1670 402 1732 εἰσί·
418 1672 463 1730 καί
482 1671 572 1746 πάλιν,
588 1669 642 1730 Τὸν
663 1670 710 1748 μὲν
729 1670 832 1743 Ἰησοῦν

57 1765 196 1843 γινώσκω,
210 1766 257 1825 καί
270 1767 314 1826 τὸν
327 1767 432 1824 Παῦλον
445 1764 599 1840 ἐπίσταμαι.
614 1763 690 1822 Πάνυ
706 1763 758 1844 γδρ
774 1765 832 1823 ἐδε-

59 1857 181 1916 δοίκεσαν
195 1857 241 1916 καί
251 1857 360 1937 ἔτρεμον
372 1855 433 1923 τοὺς
447 1855 536 1935 ἁγίους
556 1854 676 1922 ἐκείνους.
691 1855 773 1934 Τάχα
792 1878 832 1921 τις

53 1933 133 2026 ’ὑμῶν
147 1948 259 2021 ἀκούων,
281 1954 355 2008 ποθεῖ
373 1947 418 2008 ἐπί
441 1946 539 2018 ταύτης
558 1945 678 2026 γενέσθαι
692 1951 740 2018 σῆς
761 1945 832 2014 ἐξου-

58 2040 134 2113 σίας,
149 2039 218 2100 ὤστε
234 2040 271 2118 μὴ
285 2039 410 2100 δύνασθαι
424 2040 550 2117 δαίμονας
564 2038 731 2099 ἀντιόλίπειν
744 2042 832 2121 αὐτῷ,

58 2131 105 2190 καί
119 2131 260 2211 μακαρίζει
274 2131 335 2198 τοῦς
348 2131 437 2210 ἁγίους
456 2131 567 2196 ἐκείνους
581 2129 624 2188 διά
637 2135 728 2199 τοῦτο,
740 2132 781 2190 ότι
790 2153 833 2190 το-

888 1300 980 1361 dentes
993 1302 1184 1375 contradicere,
1197 1303 1241 1362 vel
1250 1323 1376 1362 accusare
1385 1303 1534 1383 apostolos,
1545 1325 1632 1384 neque

887 1395 1033 1454 Christum.
1050 1396 1112 1454 Illic
1130 1394 1225 1455 dicunt
1237 1419 1245 1452 ι
1258 1396 1369 1456 Scimus
1388 1410 1415 1454 te
1428 1401 1493 1476 quis
1512 1401 1552 1455 sis
1563 1422 1577 1468 ;
1591 1411 1627 1469 et,
1640 1412 1726 1457 Marri.
1740 1410 1765 1458 8.

888 1488 949 1545 Cur
969 1491 1078 1546 venisti
1092 1489 1149 1546 iure
1164 1500 1235 1546 unte
1248 1501 1358 1566 tempus
1373 1501 1507 1569 torquere
1519 1509 1571 1548 nos
1581 1513 1593 1558 ‚·
1603 1502 1629 1548 et
1640 1487 1678 1532 ²⁹·

886 1600 1006 1652 rursum,
1022 1579 1089 1638 Scr'o
1105 1593 1133 1637 te
1145 1583 1210 1660 quis
1222 1584 1273 1650 sis,
1291 1581 1388 1639 Filius
1399 1581 1458 1639 Dei
1473 1605 1482 1636 .·
1497 1581 1628 1658 hierem,
1642 1593 1716 1635 truie.
1734 1608 1753 1639 ι.

887 1672 930 1728 Hi
944 1673 1076 1729 homines
1091 1675 1167 1730 servi
1185 1672 1244 1729 Dei
1255 1672 1363 1730 excelsi
1371 1684 1439 1729 sunt
1447 1695 1458 1740 ;
1473 1685 1498 1730 et
1508 1694 1627 1752 rursum,
1640 1655 1694 1765 ’Ain
1702 1715 1736 1762 ¹6·
1744 1731 1750 1760 ¹
1757 1731 1780 1775 7·

887 1764 989 1822 Jesum
1005 1766 1083 1833 novi,
1095 1775 1124 1821 et
1137 1763 1268 1822 Paulum
1277 1767 1348 1821 scr'o.
1362 1763 1482 1822 Multum
1492 1764 1564 1823 enim
1575 1767 1629 1827 ior-

887 1852 1027 1911 midahant
1036 1867 1063 1912 et
1076 1853 1224 1912 tremebant
1235 1867 1340 1912 sanctos
1349 1853 1420 1913 ilios.
1429 1856 1629 1934 Fortequisve·

887 1959 971 2006 strum
979 1946 1102 2023 audiens,
1113 1947 1188 2028 cupit
1195 1946 1369 2007 hancbaberc
1379 1963 1548 2029 potestatem,
1558 1944 1590 2011 ut
1600 1974 1633 2012 ne

887 2039 975 2098 ausint
986 2037 1095 2116 quidem
1114 2038 1249 2098 daernones
1259 2032 1388 2099 adversus
1399 2041 1477 2101 illum
1491 2043 1632 2124 respicere,

888 2142 914 2187 et
924 2143 1027 2189 sanctos
1040 2130 1102 2189 illos
1116 2152 1146 2190 ca
1159 2129 1194 2189 de
1208 2153 1287 2190 causa
1301 2133 1395 2192 beatos
1408 2134 1550 2214 praedicat,
1567 2137 1632 2215 quia

59 2223 159 2296 σαύτην
171 2213 243 2302 εἶχον
255 2223 341 2303 ἰσχύν.
352 2222 421 2282 Ἀλλ’
433 2220 551 2282 ἀκουέτω
562 2228 607 2280 τοῦ
617 2223 732 2304 Χριστοῦ
742 2223 834 2302 λέγον·
851 2240 870 2284 ι’.
889 2233 991 2279 tantam
1002 2220 1121 2280 habuere
1134 2235 1301 2302 potestatem.
1312 2222 1366 2282 Sed
1385 2225 1477 2283 audiat
1493 2225 1632 2285 Christum

57 2338 120 2382 τος·
135 2315 183 2388 Μὴ
197 2315 320 2395 χαίρετε,
332 2315 372 2374 ότι
384 2314 418 2373 ed
429 2315 553 2394 δαιμόνια
565 2320 626 2392 ὑμῖν
639 2314 833 2386 ὑποτάσσεται,

58 2406 151 2478 ἐπειδὴ
165 2407 223 2484 ᾔδει
242 2407 345 2489 πάντας
360 2406 512 2488 ἀνθρώπους
527 2407 644 2484 μάλιστα
662 2405 747 2487 τούτῳ
767 2407 833 2486 χαί·

60 2522 154 2578 ροντας
168 2497 212 2558 tet
225 2498 381 2567 κενοδοξίαν.
399 2502 433 2560 Ei
460 2497 535 2580 ί’γάιρ
554 2500 585 2558 τδ
606 2503 644 2579 τῷ
659 2502 721 2578 Θεῷ
743 2500 833 2559 δοκοῦν

59 2592 162 2660 ζητεῖς,
183 2589 228 2649 καί
242 2591 273 2651 τδ
292 2595 367 2671 κοινῇ
386 2591 528 2671 συμφέρον,
545 2589 623 2672 ἑτέρα
647 2590 742 2667 μείζων
762 2592 832 2650 ἐστίν

58 2681 126 2748 δδός.
138 2684 198 2741 Οὐκ
210 2681 282 2741 ἐστιν
296 2681 366 2741 οὕτω
387 2683 456 2762 μέγα
469 2682 590 2759 δαίμονος
611 2682 778 2758 ἀπαλλάξαι,
798 2688 835 2752 ώς

60 2771 195 2851 ἁμαρτίας
207 2771 349 2840 ἐξελέσθαι.
360 2774 470 2852 Δαίμων
482 2776 511 2833 οὐ
526 2772 622 2834 κωλύει
638 2775 774 2852 βασιλείας
786 2778 832 2835 ού-

61 2869 146 2944 ρανῶν
161 2866 308 2945 ἐπιτυχεῖν,
330 2866 398 2925 ἀλλά
418 2866 463 2925 καὶ
485 2865 665 2946 συμπράττει,
683 2867 755 2926 ἄκων
776 2867 834 2945 μίν,

60 2958 229 3039 συμπράττει
255 2958 298 3033 δὲ,
319 2959 526 3039 σωφρονέστερον
554 2957 598 3016 τὸν
617 2956 712 3037 ἔχοντα
734 2965 833 3020 ποιῶν·

59 3049 178 3130 ἁμαρτία
195 3051 223 3111 δὲ
234 3052 367 3113 ἐκόάλλει.

99 3326 171 3395 Ἀλλ’
193 3337 257 3405 ἴσως
270 3339 324 3417 ἐρεῖ
337 3361 396 3405 τις·
417 3339 454 3417 μὴ
470 3338 572 3417 γένοιτό
597 3365 642 3420 μοι
659 3339 776 3400 τοιούτου
789 3364 833 3399 τυ-

59 3435 115 3506 χεῖν
128 3436 323 3510 σωφρονισμοῦ.
335 3430 405 3490 Οὐδὲ
424 3432 475 3511 ἐγὼ
494 3432 635 3511 βούλομαι,
650 3435 708 3492 ἀλλ’
730 3431 834 3512 ἐτέρου,
851 3442 871 3489 1)
890 3445 957 3502 quar
979 3425 1179 3484 continentiam.
1211 3428 1302 3505 Neque
1325 3446 1374 3505 ego
1395 3427 1489 3503 velim,
1511 3427 1558 3488 sed
1579 3431 1635 3491 aiio

60 3519 112 3578 ἀπὸ
125 3526 172 3579 τοῦ
183 3521 264 3582 πόθου
275 3531 321 3583 τοῦ
332 3526 448 3605 Χριστοῦ
458 3525 547 3584 πάντα
554 3533 647 3585 ποιεῖν.
662 3528 696 3584 Ei
710 3525 754 3598 δέ,
770 3524 784 3584 δ
796 3522 833 3601 μὴ

59 3610 175 3687 γένοιτο,
198 3613 335 3691 ουμόαίη,
353 3615 398 3674 καί
413 3614 480 3696 ὑπὲρ
498 3615 591 3676 τούτου
611 3619 784 3696 παρακαλεῖν.
800 3618 835 3676 Εἰ

58 3702 145 3762 τοίνυν
159 3695 234 3773 οὗτος
253 3705 300 3784 μὲν
316 3710 365 3767 οὐκ
385 3707 527 3783 ἐκῦάλλει,
543 3708 628 3781 ἐκείνη
648 3708 676 3767 δὲ
696 3708 834 3783 ἐκόάλλει,

58 3797 88 3854 τὸ
113 3796 216 3868 ἐκείνης
237 3798 389 3867 ἀπαλλάξαι
414 3801 531 3878 μείζονος
553 3801 712 3882 εὐεργεσίας.
730 3803 833 3861 Οὐκοῦν

60 3887 158 3958 ταύτης
170 3891 359 3968 σπουδάζωμεν
380 3892 559 3953 ἀπαλλάττειν
580 3893 639 3961 τοῦς
653 3892 773 3965 πλησίον,
788 3894 834 3952 καί

58 3980 111 4058 πρὸ
123 3983 177 4038 τῶν
192 3981 305 4053 πλησίον
321 3987 392 4061 ἡμᾶς
406 3985 506 4051 αὐτούς.
524 3984 647 4061 Ἰδωμεν,
670 3984 707 4062 μὴ
722 3983 834 4063 δαίμονα

58 4070 178 4149 ἔχωμεν·
196 4070 361 4152 ἐξετάσωμεν
378 4074 485 4150 {autoire
498 4076 624 4157 ἀκριῦιῦς.
639 4076 770 4155 Δαίμονος
782 4101 832 4156 χα·

58 4161 207 4242 λεπώιερον
220 4164 352 4245 ἀμοιριία·
367 4170 464 4233 ἐκεῖνος
479 4167 526 4245 μὲν
542 4168 594 4247 γάρ
607 4168 835 4236 ταπεινοῦςποιεῖ.

57 4246 96 4307 Ἣ
121 4252 172 4327 οθχ
187 4254 266 4330 ὁρᾶτε
286 4252 345 4319 τοὺς
369 4256 563 4331 δαιμονῶντας,
579 4256 640 4314 όταν
661 4257 834 4336 ἀνενέγκωσιν

58 4341 113 4400 ἀπὸ
129 4344 178 4411 τῆς
190 4341 282 4416 νόσου,
294 4349 352 4411 πῶς
371 4348 421 4403 εἰσι
436 4356 582 4426 κατηφεῖς,
595 4353 652 4415 πῶς
665 4350 817 4429 σκυθρωποί
825 4376 833 4423 ;

888 2314 1021 2374 dicentem
1037 2339 1044 2372 :
1064 2317 1164 2374 Nolite
1179 2318 1317 2396 gaudere,
1334 2322 1405 2398 quia
1419 2320 1565 2378 ᾱιειιιοηίιι
1579 2341 1632 2378 ου·
1644 2339 1698 2382 ιω,
1713 2349 1747 2381 ιο.

890 2409 933 2465 br's
946 2410 1161 2488 subjiciuntur,-
1176 2408 1239 2486 quia
1254 2408 1353 2467 sciebat
1360 2431 1452 2469 omnes
1460 2411 1582 2470 homines
1597 2413 1633 2471 ob
1643 2414 1681 2446 ²⁰·

889 2519 987 2557 vanum
1006 2499 1121 2577 gloriam
1139 2521 1170 2557 ea
1186 2498 1220 2558 dc
1235 2521 1264 2558 rc
1278 2500 1395 2560 maxime
1410 2502 1550 2581 gavisuros
1567 2525 1631 2563 esse.

890 2591 958 2648 Nam
969 2589 991 2649 si
1006 2589 1045 2667 id,
1055 2590 1127 2669 quod
1135 2591 1265 2671 placitum
1277 2592 1336 2650 Deo
1345 2607 1394 2671 est,
1405 2594 1513 2671 quaeris,
1522 2608 1548 2653 et
1560 2594 1631 2674 quod

888 2682 916 2740 in
934 2683 1071 2740 communi
1084 2683 1206 2763 prodest,
1218 2682 1270 2741 alia
1288 2684 1373 2763 major
1387 2698 1426 2743 est
1445 2685 1498 2744 via.
1521 2689 1581 2746 Non
1596 2687 1633 2745 ita

889 2797 1017 2855 magnum
1031 2790 1068 2835 est
1082 2797 1098 2834 a
1110 2777 1230 2836 daemone
1243 2777 1363 2853 liberari,
1379 2792 1408 2836 ut
1418 2801 1433 2836 a
1444 2769 1559 2860 peccato.
1571 2781 1635 2840 Da}-

889 2891 952 2928 mon
971 2890 1023 2928 non
1046 2871 1172 2951 impedit,
1199 2870 1344 2950 quominus
1368 2893 1481 2950 regnum
1508 2875 1633 2934 caelorum

889 2983 1101 3041 consequamur3
1126 2963 1181 3023 imo
1198 2976 1375 3044 cooperatur,
1396 2964 1499 3025 invitus
1514 2966 1634 3045 quidem,

888 3052 937 3113 sed
957 3067 1046 3112 tamen
1061 3068 1229 3135 cooperatur,
1239 3053 1308 3112 dum
1328 3057 1547 3116 continentiorem
1573 3059 1634 3120 red-

888 3144 930 3204 dit
947 3166 1010 3204 eum
1027 3166 1108 3223 quem
1121 3159 1235 3227 occupat
1253 3168 1259 3202 ι
1277 3160 1418 3226 peceatum
1431 3169 1495 3209 vem
1516 3170 1531 3209 e
1552 3172 1634 3231 regno

889 3239 972 3320 ejicit.

928 3333 958 3391 ἰ.
983 3335 1018 3392 At
1029 3334 1098 3392 forte
1110 3331 1182 3392 dicet
1196 3333 1348 3414 quispiam:
1363 3333 1456 3410 absit,
1471 3350 1501 3395 ut
1517 3337 1635 3398 sicasse·

889 3517 979 3592 modo,
994 3530 1025 3575 ut
1038 3518 1128 3576 omnia
1142 3517 1223 3575 sacius
1233 3539 1268 3576 ex
1289 3538 1380 3576 amore
1390 3519 1502 3579 Christi.
1523 3521 1553 3581 Si
1570 3543 1635 3585 vero

889 3609 951 3685 boc,
967 3610 1040 3687 quod
1053 3609 1133 3680 absit,
1153 3610 1299 3690 contingat,
1313 3631 1363 3690 pro
1376 3610 1428 3671 hoc
1444 3626 1483 3671 est
1491 3613 1633 3675 orandum.

889 3702 919 3761 Si
939 3701 1023 3781 igitur
1033 3700 1139 3760 demon
1154 3721 1206 3760 non
1221 3702 1304 3781 ejicit,
1320 3716 1458 3782 peecatum
1472 3726 1538 3764 reru
1552 3707 1636 3787 ejicit,

889 3797 924 3856 ab
936 3797 987 3855 hoc
998 3796 1107 3856 liberari
1118 3797 1205 3877 majus
1215 3811 1255 3855 est
1265 3796 1437 3856 beneficium.
1451 3798 1524 3880 Ergo
1537 3800 1573 3858 ab
1582 3800 1636 3860 hoc

888 3889 1045 3971 proximum
1068 3889 1176 3948 liberari
1196 3909 1330 3961 curemus,
1357 3902 1382 3947 et
1403 3903 1464 3949 ante
1477 3892 1634 3971 proximum

889 3982 1032 4062 nosipsos.
1049 3981 1199 4042 Videamus
1214 4001 1247 4039 nc
1258 3979 1408 4040 demonem
1415 3981 1572 4062 habeamus,
1586 3983 1636 4044 di-

888 4073 1001 4152 ligenter
1016 4071 1150 4153 nosipsos
1172 4071 1365 4130 examinemus.
1380 4074 1508 4132 Damone
1523 4075 1636 4154 gravius

889 4180 928 4225 est
939 4178 1078 4247 peccatum
1089 4188 1098 4243 3
1112 4165 1159 4223 iile
1166 4185 1282 4243 namque
1293 4164 1411 4224 humiles
1422 4165 1520 4225 reddit.
1537 4172 1635 4230 Annon

888 4257 989 4317 videtis
1001 4255 1190 4330 daemoniacos,
1209 4256 1319 4334 quando
1329 4278 1344 4315 a
1355 4257 1450 4316 morbo
1463 4274 1637 4338 recreantur,

888 4371 969 4429 quam
980 4349 1033 4409 siut
1045 4349 1163 4424 demissi,
1173 4369 1256 4428 quam
1269 4349 1382 4409 moesti?
1398 4352 1637 4429 quomodovultus

55 4435 115 4499 πῶς
136 4432 263 4512 αἰσχύνης
287 4434 321 4495 τά
344 4437 475 4516 πρόσωπα
490 4443 575 4498 αὐτῶν
594 4439 686 4518 γέμει,
705 4445 762 4507 πῶς
776 4440 833 4502 οὐδὲ
851 4461 870 4511 1·;
888 4440 1393 4522 pudoresussundatur,quomodonon
1404 4444 1492 4504 ausint
1505 4446 1636 4506 obtueri?

57 4525 374 4605 ἀντιῦλύραιτολμῶσινς
391 4529 463 4608 Ὅρα
476 4530 524 4602 την
537 4532 664 4592 ἀτοπίαν·
678 4536 772 4592 ἐκεῖνοι
785 4532 833 4612 μὲν

56 4616 126 4697 ὑπὲρ
142 4607 178 4675 ὧν
198 4618 347 4698 πάσχουσιν
366 4621 551 4700 αἰσχύνονται,
566 4628 643 4702 ἡμεῖς
665 4621 693 4684 δέ
713 4624 779 4708 ὑπὲρ
796 4617 833 4684 ών

55 4710 208 4786 πράττομεν
220 4714 269 4769 οὐκ
283 4712 477 4792 αἰσχυνόμεθα·
493 4719 587 4775 ἐκεῖνοι
607 4715 774 4794 ἀδικούμενοι
788 4721 833 4776 αἰ·

55 4802 164 4860 δοῦνται
173 4846 181 4874 ,
195 4806 274 4879 ἡμεῖς
289 4804 438 4871 ἀδικοῦντες
454 4809 500 4864 οὐκ
521 4807 677 4886 αἰδούμεθα·
698 4808 786 4868 καίτοι
799 4808 834 4868 τά

55 4891 165 4953 ἐκείνων
176 4896 224 4954 ota
238 4893 367 4974 αἰσχύνης
380 4896 454 4967 ἀξια,
466 4900 525 4957 ἀλλ’
537 4899 609 4958 ἐλέου
628 4900 674 4959 καί
688 4903 833 4982 φιλανθρω·

55 4984 121 5051 πίας
132 4986 178 5044 καί
201 4986 375 5066 συγγνώμης,
397 4990 442 5050 καί
459 4993 557 5051 πολλοῦ
576 4998 622 5052 τοῦ
637 4994 769 5073 θαύματος
789 4994 834 5054 καί

90 5174 101 5197 ⁸
121 5158 192 5209 Idem
206 5169 248 5221 τὴν
258 5168 395 5233 ἀπόρρητον.
803 5162 820 5198 ⁸

889 4533 962 4597 Vide
973 4533 1168 4594 absurditatem
1181 4557 1188 4591 ι
1204 4533 1289 4594 iliide
1302 4534 1336 4594 iis
1347 4557 1407 4615 quae
1420 4537 1561 4618 patiuntur
1573 4561 1635 4598 cru·

888 4626 1010 4697 bescunt,
1030 4646 1078 4685 nos
1101 4622 1136 4684 de
1157 4625 1223 4684 actis
1245 4626 1344 4685 nostris
1360 4647 1412 4686 uon
1436 4629 1634 4699 erubescimus:

889 4717 929 4776 illi
947 4717 1147 4798 injuriaaffecti
1157 4732 1291 4794 verentur,
1306 4740 1354 4778 nos
1370 4719 1467 4800 injuria
1490 4722 1636 4782 afficientes

888 4830 941 4868 non
961 4830 1093 4869 veremur.
1113 4809 1196 4888 Atqui
1222 4809 1331 4869 illorum
1352 4816 1436 4870 status
1450 4833 1502 4871 non
1529 4814 1635 4894 pudore

889 4901 999 4981 dignus,
1026 4901 1072 4960 sed
1088 4900 1273 4961 misericordia
1298 4917 1323 4961 ct
1339 4902 1516 4983 humanitate,
1543 4906 1633 4983 venia,

890 4992 1069 5053 admiratione
1088 5013 1197 5073 magna,
1214 4992 1360 5053 innumeris
1374 4992 1512 5072 laudibus,
1529 4995 1636 5074 quando

908 5182 921 5218 Β
939 5181 1009 5230 Unus
1025 5189 1068 5248 γάγ,
1082 5191 1113 5246 τῷ
1126 5187 1176 5246 θεῷ,
