3728 5978
88 3323 149 3366 dein.

1329 192 1419 261 ὖ..

239 442 307 534 400
575 463 603 509 s.
631 457 771 510 rorums
796 458 978 510 euersosr.
1008 462 1166 510 suenum.
1194 463 1463 527 consrsurrnor.

239 611 286 651 nes
297 610 332 650 ex
346 590 408 651 vitae
416 588 526 648 illorum
534 588 683 650 reverentia
693 587 793 669 dogma
805 565 915 648 illorum
927 609 981 648 nou
1036 589 1078 648 λαὶ
1090 593 1142 649 τῶν
1156 588 1427 670 ἀνθρώπαιαίθοῑτῇ
1447 590 1508 675 ampl
1519 590 1565 652 dr
1586 590 1708 671 βίυαοθιι
1727 593 1806 654 έτιτθ

240 680 452 741 examinaverint
465 704 472 737 ι
483 679 531 740 alii
542 680 590 759 qui
608 680 670 740 illos
684 679 720 739 ob
730 680 829 759 dogma
844 678 980 760 improba·
1038 675 1124 755 δόγμα
1134 676 1272 751 ἑξήταοαν·
1288 677 1364 737 ἄλλοι
1375 676 1403 738 δὲ
1415 677 1460 737 καὶ
1467 678 1714 759 καταγινώσκοντες
1723 683 1805 741 αὐτῶν

239 771 315 849 hant,
329 772 365 831 ob
379 772 464 831 vitam
481 771 590 832 reveriti
603 785 679 848 sunt,
694 781 748 831 uon
764 771 831 830 benc
844 785 922 848 certe,
934 768 982 830 sed
1036 770 1081 830 διὰ
1090 771 1121 831 τδ
1130 768 1232 849 δόγμα,
1246 768 1395 850 ᾐδέσθησαν
1409 770 1452 830 nt
1461 770 1506 831 chr
1521 771 1577 850 βίον
1587 795 1595 808 ·
1607 773 1640 833 σθ
1650 769 1742 841 καλῶς
1751 774 1805 852 μέν,

239 862 268 923 id
281 877 369 923 tamen
384 864 454 943 passi
466 877 537 924 sunt.
552 863 610 924 Hoc
625 863 689 923 fidei
710 876 806 923 nostre
818 863 982 923 honestatem
999 874 1018 921 1)
1035 859 1106 934 πλὴν
1128 859 1200 939 ὅμως
1218 867 1294 920 τοῦτο
1315 859 1421 922 ἔπαθον.
1431 864 1519 923 Τοῦτο
1541 861 1577 924 ric
1593 862 1683 942 σεμνά
1693 867 1745 939 τῆς
1761 864 1805 923 πί-

238 955 476 1032 diffamavi15hoc
492 955 582 1016 omnia
594 955 739 1034 subvertit,
755 953 828 1034 quod
845 976 923 1015 nemo
936 955 980 1014 nl·

239 1047 294 1108 lam
312 1049 377 1110 ritae
388 1049 518 1109 rationem
528 1049 645 1127 habeat,
659 1047 711 1109 hoc
722 1049 803 1108 fidem
819 1047 983 1130 pessumdat.

239 1140 362 1200 Dicimus
373 1141 512 1201 Christum
521 1163 578 1202 esse
590 1144 691 1219 Deum,
703 1141 842 1201 innumera
853 1140 906 1202 alia
919 1161 983 1222 pro·

238 1231 360 1304 serimus,
376 1246 402 1291 et
416 1233 468 1291 hoc
482 1252 543 1292 cum
554 1233 625 1309 aliis,
640 1231 714 1312 quod
728 1232 889 1313 persuaserit
898 1231 983 1293 omni·

239 1323 300 1399 bus,
308 1335 338 1382 ut
345 1323 542 1383 recterirercnt
550 1347 559 1401 ς
567 1323 613 1384 sod
624 1323 806 1404 hocinpaucis
814 1344 920 1384 cernere
930 1336 979 1382 est.

181 1483 185 1490 ,
240 1415 452 1475 Resmrertionis
462 1415 562 1496 dogma
571 1416 647 1479 laedit
656 1416 719 1477 ritae
730 1415 901 1498 improbitas,
916 1435 982 1477 nee-

241 1528 295 1567 uon
308 1507 519 1568 immortalitatis
538 1509 635 1569 animm
657 1523 685 1569 et
702 1508 801 1589 judicii
812 1532 821 1586 ς
845 1509 984 1588 multaque

240 1598 295 1659 alia
305 1600 427 1674 ahrahit,
437 1601 533 1678 satum,
543 1601 739 1678 necessitatem,
749 1601 916 1680 negationem
923 1621 984 1681 pro·

241 1690 377 1752 videntiae.
395 1692 491 1752 Anima
501 1692 573 1752 euim
586 1693 615 1752 in
627 1694 706 1753 malis
717 1693 866 1753 innumeris
875 1693 983 1755 immer-

1036 976 1118 1020 στεως
1130 958 1179 1026 τῆς
1202 952 1334 1036 ἡμιτέρας
1357 953 1477 1030 διέόαλε,
1490 949 1566 1015 τοῦτο
1586 954 1621 1017 τὰ
1645 954 1736 1017 πάντα
1749 957 1805 1018 ἀνί·

1036 1048 1130 1127 τρεψε,
1141 1045 1172 1106 τὸ
1192 1045 1293 1124 μηδένα
1313 1046 1390 1125 λόγον
1404 1037 1471 1107 εἶναι
1485 1046 1542 1125 βίου
1560 1047 1674 1141 penhyl,
1686 1053 1803 1129 τῶτοτῇ

1036 1137 1124 1197 πίστει
1141 1136 1306 1217 λυμαίνεται.
1320 1138 1450 1218 Λέγομκν,
1462 1138 1504 1200 ότι
1516 1139 1585 1208 Θεός
1604 1140 1679 1200 ίοτιν
1704 1145 1721 1199 θ
1742 1143 1806 1223 Χρι-

1037 1227 1113 1302 στδς,
1128 1226 1210 1310 μυρία
1223 1226 1270 1288 καί
1289 1229 1366 1310 ἕτερα
1382 1228 1547 1312 παράγομεν,
1566 1231 1635 1310 μετὰ
1649 1229 1678 1291 δέ
1691 1235 1746 1292 τῶν
1759 1234 1805 1293 άλ-

1035 1321 1089 1380 λων
1105 1321 1151 1380 καί
1161 1325 1251 1395 τοῦτο,
1265 1320 1306 1381 ὅτι
1322 1320 1423 1382 ίπιιοιν
1439 1321 1557 1390 ἅπαντας
1567 1325 1653 1402 ὀρθῶς
1666 1325 1728 1404 ζῇν·
1743 1324 1806 1384 ἀλλά

1036 1419 1114 1472 τοῦτο
1124 1414 1151 1472 ἀν
1164 1412 1260 1490 ὀλίγοις
1282 1413 1346 1474 ἐστί.
1359 1414 1399 1473 Τὸ
1413 1412 1462 1485 τῆς
1476 1413 1648 1484 ἀναστάσεως
1665 1415 1755 1495 δόγμα
1765 1419 1806 1476 λυ-

1038 1503 1160 1583 μαίααιαι
1174 1509 1192 1577 ἡ
1205 1511 1252 1564 τοῦ
1267 1505 1325 1584 βίου
1337 1504 1482 1586 φαυλότης,
1493 1506 1524 1566 τὸ
1535 1509 1583 1578 τῆς
1598 1506 1748 1575 ἀθανασίας
1764 1513 1807 1583 τῆς

1036 1599 1133 1678 ψυχῆς,
1149 1598 1180 1658 τδ
1192 1601 1240 1668 τῆς
1250 1597 1377 1678 κρίσεως·
1391 1598 1478 1659 πολλὰ
1494 1597 1540 1656 καί
1557 1597 1636 1678 ίτιρα
1647 1601 1806 1672 διασπᾶται,

1038 1689 1210 1770 εἱμαρμένην,
1224 1690 1353 1769 ἀνάγκην,
1366 1688 1396 1749 τὸ
1410 1688 1582 1771 ἀπρονόητον.
1598 1690 1687 1772 Ψυχὴ
1698 1692 1751 1773 γάρ
1763 1695 1805 1771 βα·

241 1803 282 1859 sa,
297 1782 355 1841 hmo
370 1782 423 1841 sihi
436 1783 588 1863 excogitare
600 1783 696 1863 satagit
708 1830 716 1858 ,
728 1799 762 1845 ne
775 1798 868 1843 moesta
888 1784 925 1844 sit
940 1806 984 1843 co·
1037 1787 1176 1843 πτισθεῖσα
1196 1782 1298 1865 μυρίοις
1318 1791 1424 1856 κακοῖς,
1442 1781 1534 1864 ὥσπερ
1550 1780 1625 1850 τινθις
1639 1784 1806 1863 παραμυθίας

242 1872 330 1952 gitens
341 1872 475 1953 judicium
488 1875 555 1951 sore,
571 1890 597 1934 et
610 1876 638 1935 iu
649 1875 727 1936 nobis
739 1875 821 1935 situm
829 1897 885 1936 esse
897 1875 984 1936 'virtu-
1001 1878 1021 1930 E
1038 1872 1136 1941 ταύτας
1148 1877 1260 1934 ἐπινοεῖν
1275 1877 1355 1954 ἑαυτῇ
1367 1885 1509 1954 πειρᾶται,
1522 1871 1567 1934 ἵνα
1580 1873 1620 1953 μὴ
1631 1875 1752 1946 λυπῆται
1765 1879 1805 1935 λα

241 1965 277 2022 tis
290 1978 317 2023 ct
329 1965 455 2044 nequitie
469 1966 601 2026 studium.
613 1967 689 2027 Talis
701 1967 759 2027 vita
772 1967 911 2027 innumera
922 1989 985 2049 ope-
1038 1965 1178 2047 γιζομένη,
1194 1967 1234 2026 ἀει
1245 1966 1331 2047 κρίσις
1343 1967 1415 2041 ἐστί,
1425 1966 1472 2026 καὶ
1484 1964 1525 2027 ότι
1538 1965 1582 2048 ἐρ’
1595 1971 1662 2044 ἡμῖν
1677 1976 1764 2027 κεῖται
1775 1970 1806 2027 rh

242 2070 317 2114 ratur
332 2057 413 2133 mals,
426 2058 548 2119 homines
561 2061 631 2120 ieras
644 2059 744 2133 reddit,
760 2061 815 2119 imo
829 2061 892 2120 ieris
915 2060 984 2120 irra-
1038 2062 1085 2130 τῆς
1100 2061 1197 2138 ἀρετῆς
1209 2059 1255 2118 καὶ
1269 2056 1303 2118 ch
1315 2061 1363 2130 τῆς
1376 2058 1480 2127 κακίας.
1496 2059 1588 2138 Μαρία
1600 2062 1615 2118 θ
1628 2058 1687 2136 βίος
1701 2060 1807 2140 ἀργάζε·

242 2147 425 2209 tionabiliores
444 2172 451 2208 r
468 2172 531 2211 uam
555 2170 613 2230 qne
635 2152 664 2211 in
681 2150 852 2212 diversarum
865 2154 984 2213 serarum
1037 2171 1082 2210 ται
1096 2150 1184 2223 rosh,
1204 2149 1283 2231 θηρία
1301 2151 1361 2220 τοὺς
1381 2150 1533 2232 ἀνθρώπους
1550 2160 1622 2210 ποιεῖ
1628 2194 1638 2225 ,
1651 2151 1698 2210 καί
1713 2152 1805 2233 θηρίων

240 2253 336 2300 natura
351 2255 423 2315 sunt,
439 2243 487 2303 illa
500 2265 570 2325 saepe
590 2244 618 2303 in
638 2262 693 2303 nno
705 2244 815 2305 homine
830 2245 944 2326 colligit,
959 2257 985 2306 et
1038 2240 1229 2323 ἀλογωτίρους·
1245 2243 1312 2323 ἅπερ
1324 2242 1376 2327 γθιρ
1391 2247 1418 2303 ἐν
1432 2244 1532 2322 ἑκάστῃ
1546 2242 1624 2325 ρόσει
1640 2248 1694 2304 τῶν
1713 2246 1806 2328 θηρίων

240 2345 327 2392 totum
338 2334 482 2394 subvertit.
496 2333 560 2394 ldco
573 2335 659 2394 fatum
675 2335 827 2394 introduxit
837 2336 982 2396 diabolusr
1038 2335 1112 2413 ἐστί,
1125 2341 1209 2396 ταῦτα
1230 2336 1359 2404 πολλάκις
1371 2339 1408 2406 είς
1429 2335 1476 2396 ἕνα
1498 2337 1638 2419 ἀνθρώπω
1660 2338 1806 2418 συνήγαγε,

241 2423 303 2484 ideo
315 2425 373 2485 siue
393 2426 563 2506 providentia
585 2426 718 2486 mundum
737 2428 795 2505 regi
809 2428 904 2488 dixit:
922 2428 983 2490 idco
1038 2425 1124 2487 καὶτὸ
1136 2436 1189 2487 πᾶν
1206 2427 1342 2509 ἀνέτρεψε.
1355 2428 1408 2489 Διά
1418 2435 1494 2489 τοῦτο
1515 2429 1565 2502 τὴν
1580 2429 1747 2511 εἱμαρμένην
1760 2434 1807 2490 ελσ-

240 2530 349 2577 naturas
362 2516 439 2598 pouit
449 2517 567 2576 bonaset
581 2518 665 2577 malas
681 2516 800 2578 :idcirco
813 2519 916 2579 malum
927 2522 984 2581 sine
1037 2517 1136 2598 ἤγαγεν
1149 2523 1163 2578 θ
1178 2518 1298 2587 διάόολος
1305 2567 1313 2597 ,
1321 2518 1364 2579 διά
1375 2527 1451 2581 τοῦτο
1462 2522 1625 2603 ἀπρονόητον
1639 2522 1736 2602 ίρησιν
1744 2515 1808 2582 εἶναι

240 2610 374 2691 principio
397 2624 423 2670 et
449 2610 587 2670 materiale
611 2610 761 2691 supponit:
786 2610 888 2671 idcirco
912 2613 982 2673 nihil
993 2659 1029 2698 ω,
1038 2609 1082 2669 τὸν
1096 2608 1205 2688 κόσμον,
1218 2610 1262 2671 διδ
1276 2619 1351 2673 τοῦτο
1362 2608 1449 2692 φότεις
1464 2612 1565 2691 ἀγαθάς
1583 2612 1630 2673 καί
1650 2613 1753 2689 κακάς,
1768 2615 1807 2673 nt

239 2721 293 2761 nou
303 2701 368 2782 agit,
381 2716 412 2762 ut
419 2702 505 2763 vitam
515 2715 632 2761 nostram
640 2716 803 2783 corrumpat.
810 2705 903 2782 Neque
912 2705 984 2765 enim
1002 2714 1023 2760 h
1038 2704 1205 2764 τοῦτοκακθν
1215 2702 1329 2783 ἄναρχον
1344 2704 1390 2762 καί
1399 2703 1489 2764 ὑλικὸν
1498 2703 1668 2778 ὑποτίθεται,
1681 2704 1727 2765 διά
1736 2713 1809 2766 τοῦτο

239 2792 298 2853 lieri
308 2808 404 2876 potest,
419 2807 449 2853 ut
460 2794 493 2871 is,
506 2794 553 2873 qui
565 2793 613 2854 tali
624 2794 704 2855 modo
719 2795 799 2872 vivit,
814 2795 858 2856 vel
868 2818 883 2854 a
892 2797 985 2877 pravis
1038 2793 1126 2854 πάντα
1147 2791 1331 2875 ι’[πράττει],
1355 2794 1398 2855 ίνα
1418 2796 1564 2878 διαρθείρη.
1575 2795 1620 2854 τὸν
1643 2796 1703 2876 βίον
1723 2802 1806 2874 ἡμῶν.

238 2884 412 2966 dogmatibus
429 2886 541 2964 resiliat,
554 2887 598 2946 vel
615 2887 643 2946 in
657 2909 720 2947 saus
735 2888 790 2947 fide
801 2903 924 2967 maneat;
938 2885 986 2951 sed
1038 2888 1110 2948 Οὔτε
1123 2883 1174 2968 γάρ
1193 2890 1245 2950 ἀπὸ
1263 2889 1457 2971 διεφθαρμένων
1470 2888 1607 2968 δογμάτων
1626 2891 1737 2951 δυνατὸν
1752 2896 1807 2950 ἀνι·

239 2979 386 3038 necessario
408 2979 468 3039 hrec
491 2993 618 3039 assumet.
631 2981 692 3039 Non
712 2993 780 3061 puto
795 2981 867 3040 enim
886 2997 985 3060 quem-

240 3069 314 3150 piam
326 3071 436 3152 rcperiri
450 3072 538 3145 exiis,
555 3072 665 3151 quinon
679 3087 749 3134 recte
759 3074 866 3148 vivunt,
878 3075 984 3154 quinon

90 3198 143 3242 vi„
161 3199 232 3258 pm„
241 3162 327 3223 millia
350 3163 468 3225 satanica
489 3163 654 3241 meditetur;
674 3160 751 3228 verbi
775 3166 871 3246 gratia,
898 3169 982 3228 samm

87 3258 155 3318 juvar
164 3262 190 3304 ’θ
205 3261 231 3304 ⁶-
241 3275 307 3332 esse,
322 3275 364 3314 res
376 3276 467 3315 omnes
480 3269 577 3315 temere
593 3256 669 3334 ferri,
683 3255 838 3337 permixtim
852 3271 878 3317 et
891 3259 984 3318 confu-
1036 3254 1141 3322 ζώντων
1155 3254 1338 3337 εὑρίσκεσθαι,
1352 3256 1389 3333 μὴ
1402 3256 1483 3336 μυρία
1500 3254 1631 3314 σατανικθι
1649 3256 1806 3335 βωλωόμε.

240 3367 269 3405 se
279 3346 369 3406 omnia
380 3347 477 3427 jacere.
492 3347 567 3422 ldco,
579 3347 700 3426 obsecro,
714 3348 777 3410 vitae
789 3349 881 3429 probe
891 3372 984 3412 eoram

239 3435 397 3514 habeamus,
416 3454 462 3497 ne'
476 3439 547 3498 mala
567 3437 745 3518 suscipiamus
759 3439 894 3520 dogmata.
919 3443 985 3504 Cain

240 3531 269 3589 in
281 3531 411 3591 ultionem
425 3531 539 3612 aceepit,
555 3545 585 3591 ut
596 3531 789 3611 ingemisceret,
811 3543 838 3593 et
851 3545 985 3596 tremeret.

240 3623 322 3682 Tales
337 3636 399 3682 snut
411 3622 540 3704 improbi,
557 3623 759 3682 innumerorum
784 3620 836 3685 sibi
853 3626 987 3686 malorum

1038 2985 1139 3056 νεγιιιῖν
1159 2975 1217 3056 βίου
1239 2978 1302 3048 ὄντα
1325 2977 1462 3056 τοιούτου,
1477 2977 1538 3038 οὔτε
1563 2976 1650 3056 μένειν
1671 2980 1701 3038 ἀν
1720 2985 1805 3065 ιθγιαι·

1037 3067 1117 3150 νοώοῃ
1137 3070 1240 3132 πίστει·
1255 3074 1313 3133 ἀλλ’
1328 3072 1431 3150 ἀνάγκῃ
1445 3073 1530 3150 πολλῇ
1552 3076 1637 3130 ταῦτα
1657 3071 1805 3152 παραδέξα-

1037 3166 1109 3222 σθαι.
1124 3165 1166 3222 Οὐ
1175 3163 1226 3243 γάρ
1237 3155 1311 3242 οἶμαι
1325 3163 1407 3244 ἔγωγε
1421 3163 1523 3244 ταχέως
1531 3162 1589 3223 τινὰ
1599 3168 1653 3223 τῶν
1666 3165 1716 3223 οὐκ
1728 3168 1807 3245 ὀρθῶς

1038 3369 1091 3420 νον,
1107 3344 1147 3405 ὅτι
1159 3346 1259 3425 γένεσίς
1269 3351 1349 3421 ἐστιν,
1362 3346 1403 3408 ότι
1422 3350 1513 3415 ἁπλῶς
1531 3345 1566 3406 ch
1581 3346 1733 3429 πράγματα
1749 3349 1806 3427 ἀγε-

1038 3455 1095 3513 ται,
1106 3437 1146 3499 ότι
1156 3436 1254 3520 ρόρδην
1270 3439 1316 3498 καὶ
1329 3439 1479 3519 κεχυμένως
1493 3437 1581 3499 πάντα
1596 3440 1745 3499 διοικεῖται.
1764 3440 1808 3499 nn

1040 3535 1203 3610 παρακαλῶ,
1218 3531 1397 3611 φροντίζωμεν
1413 3530 1470 3609 βίου
1489 3533 1588 3606 καλοῦ,
1602 3531 1645 3591 θνα
1660 3531 1700 3610 μὴ
1721 3555 1806 3611 παρα-

1040 3623 1179 3706 δεχώμεθα
1196 3624 1316 3704 δόγματα
1329 3623 1442 3703 πονηραί.
1459 3622 1493 3685 Ὁ
1507 3625 1574 3684 Κοίῖν
1587 3624 1669 3685 ἔλαθε
1679 3626 1807 3705 τιμωρίαν

241 3717 479 3796 consciissaepeex
490 3737 583 3775 somno
591 3715 732 3794 exsiliunt,
747 3718 907 3777 turbulente
924 3733 988 3779 sunt
1040 3719 1140 3777 στένειν
1159 3717 1205 3776 καὶ
1224 3716 1339 3797 τρέμειν.
1350 3714 1473 3775 Τοιοῦτοί
1487 3717 1551 3774 εἰσιν
1571 3718 1595 3775 oi
1617 3717 1749 3798 πονηροί,
1766 3717 1809 3776 καὶ

241 3808 416 3889 cogitationes
430 3826 536 3887 eornm,
547 3807 649 3867 turbati
660 3808 743 3882 oculi,
756 3810 846 3869 omnia
857 3810 987 3891 suspicio-
1003 3820 1021 3871 B
1040 3807 1185 3878 συνειδότες
1208 3812 1310 3876 ἑαυτοῖς
1326 3807 1408 3887 μυρία
1428 3807 1512 3881 κακὰ,
1528 3805 1657 3875 πολλάκις
1679 3808 1709 3876 ἐξ
1723 3807 1809 3869 θπνων

241 3923 275 3961 ne
288 3901 377 3982 plena,
390 3915 501 3979 terrore,
517 3900 594 3982 geori
604 3901 811 3982 exspectatione,
823 3917 896 3963 metu
907 3903 986 3984 plena
1038 3900 1206 3972 ἐξάλλονται,
1228 3899 1384 3980 θορυθώδεις
1399 3903 1485 3960 αὐτῶν
1499 3902 1523 3959 σί
1536 3899 1677 3978 λογισμοί,
1697 3924 1809 3980 τεταρα-

240 3994 330 4053 anima
343 4039 351 4069 ,
366 3993 511 4053 formidine
524 4007 550 4052 et
571 3994 667 4054 timore
684 3994 829 4067 subversa,
856 3992 985 4054 inhabilis
1037 3994 1129 4074 γμίνοι
1142 3992 1167 4055 σί
1180 3992 1319 4073 ὀφθαλμοί,
1331 3993 1444 4073 ὑποψίας
1456 3991 1532 4069 γέμει
1542 3992 1641 4067 πάντα,
1653 3995 1811 4066 καταπλήτ-

239 4099 289 4145 est.
312 4085 388 4144 Nihil
405 4085 453 4144 tali
470 4085 558 4145 anima
581 4086 700 4159 mollins,
723 4087 792 4146 nihil
806 4087 984 4168 insipientius.
1037 4110 1112 4146 τεται
1120 4084 1223 4159 πάντα,
1234 4088 1357 4165 χαλεπῆς
1366 4083 1651 4167 προσδοκίας,δειλίας
1665 4086 1810 4164 ἀνάμεστος

241 4181 319 4239 Sicut
329 4180 424 4239 furiosi
437 4202 490 4240 uon
501 4195 572 4241 stant
585 4182 613 4241 iu
623 4181 780 4263 semetipsis,
792 4183 831 4242 sic
845 4197 870 4242 et
884 4183 930 4242 illa
943 4182 984 4242 in·
1039 4178 1123 4238 αὐτῶν
1135 4182 1152 4248 η
1165 4176 1254 4258 ψυχὴ,
1268 4176 1342 4258 ρόόῳ
1351 4177 1547 4258 συστρερτμένη
1562 4175 1608 4236 καί
1624 4176 1718 4259 τρόμῳ
1732 4179 1810 4257 ἀδρα·

241 4271 357 4332 stabilis.
371 4273 552 4343 Quandonam
574 4295 638 4354 ergo
653 4275 701 4333 illa
720 4274 749 4333 in
771 4296 878 4334 sensum
904 4289 985 4336 tantae
1037 4268 1600 4351 rh<YiV⁵102·0²’³33lffltssoudmtlvffis
1620 4269 1809 4352 μαλακώτερον
1847 4283 1852 4292 ’

242 4366 367 4444 caliginis
383 4367 482 4440 veniat,
499 4390 581 4446 quam
595 4369 744 4450 optandum
757 4379 834 4441 esset,
857 4364 986 4448 tranquil·
1037 4362 1139 4444 γένοιτο
1150 4362 1191 4436 ἀν,
1202 4362 1273 4421 οὐδὲν
1286 4360 1465 4442 ἀνοητότερον.
1478 4360 1605 4441 Καθάπερ
1617 4366 1641 4422 ol
1654 4362 1811 4441 μαινόμενοι

242 4457 518 4536 litatcserenitateqne
529 4460 669 4530 fruentem,
685 4481 762 4541 posse
773 4482 849 4519 suam
860 4477 988 4540 agnosce·
1039 4460 1089 4536 οὐχ
1108 4454 1250 4527 ἑστάκασιν
1266 4457 1293 4513 ἐν
1308 4456 1424 4520 ἑαυτοῖς·
1440 4451 1521 4519 οὕτως
1540 4452 1599 4512 οὐδὲ
1617 4457 1635 4525 ἥ
1652 4453 1764 4526 With
1787 4457 1811 4512 ἕ*

243 4569 272 4608 re
287 4547 482 4608 nobilitatem?
498 4551 573 4607 Dum
585 4564 673 4609 autem
686 4550 775 4609 omnia
789 4550 864 4610 illam
887 4563 988 4611 terrent
1039 4549 1121 4628 ἑαυτῇ
1137 4547 1240 4619 ἕστηκε.
1254 4544 1326 4604 Πότε
1348 4536 1392 4604 οὖν
1411 4543 1478 4618 αὕτη
1496 4548 1532 4612 εἷς
1556 4545 1729 4619 συναίσθησιν
1750 4547 1810 4625 ἔλθῃ

241 4654 268 4701 et
278 4640 399 4715 turbant,
413 4640 524 4716 somnia,
534 4642 627 4713 verba,
638 4641 760 4720 habitos,
776 4656 802 4701 et
810 4642 985 4724 suspiciones,
1039 4639 1170 4712 τοσαύτην
1192 4639 1289 4720 ἔχουσα
1309 4637 1481 4711 σκοτοδινίαν,
1494 4638 1526 4710 ἣν
1544 4638 1683 4716 ἀγαπητὸν
1698 4638 1812 4714 γαλήνης

241 4734 349 4813 quaudo
364 4733 462 4816 poterit
476 4733 502 4792 in
518 4755 545 4793 se
555 4734 695 4815 respicere,
711 4735 750 4794 sic
763 4736 871 4795 turbata
891 4751 916 4796 ct
928 4760 986 4817 per·
1040 4733 1223 4794 ἀπολαύουσαι
1248 4730 1294 4790 καί
1316 4727 1416 4803 εὐδίας,
1432 4732 1573 4802 δυνηθῆναι
1597 4731 1741 4808 ἐπιγνῶναι
1766 4729 1812 4802 rho

242 4827 345 4908 plexa?
365 4827 445 4888 lllius
460 4847 522 4907 ergo
536 4838 637 4885 metum
660 4827 804 4905 solvamus,
820 4828 930 4889 vincula
943 4828 986 4888 di·
1004 4842 1023 4890 c
1041 4824 1137 4886 οἰκείαν
1150 4821 1391 4902 εὖγένειανςὍταν
1408 4820 1436 4880 δὲ
1450 4821 1538 4881 πάντα
1554 4821 1636 4894 adalo
1655 4822 1756 4902 ἐκροέῇ
1771 4821 1814 4881 καὶ

243 5018 365 5067 oratione.
376 5013 450 5068 Unde
462 5016 649 5082 suspicabamur
661 5015 708 5069 suh
721 5013 795 5068 iirrem
807 5021 937 5070 sententia
946 5017 1000 5070 l'or··
1051 5019 1140 5070 δοῦνται
1152 5025 1199 5080 pro
1217 5013 1361 5083 hiisdem]

243 5108 307 5145 resse
324 5093 458 5146 delendum
470 5112 521 5145 esse
532 5105 559 5149 τὸ
570 5101 643 5163 δόγμα
652 5113 660 5146 .·
670 5095 713 5147 sed
725 5107 784 5162 apte
793 5100 927 5163 conjuncte
940 5115 1002 5164 prcc-
1084 5094 1097 5135 ¹2
1117 5100 1215 5165 πράττει
1225 5090 1296 5142 deest
1314 5093 1340 5141 in
1358 5104 1417 5140 uno.
1427 5087 1469 5156 [ln
1483 5085 1602 5140 omnibus
1620 5090 1724 5139 nostris·
1740 5090 1814 5139 Abest

243 5169 304 5222 hent
315 5171 368 5223 lraec
379 5174 407 5223 Α.
418 5173 482 5225 th.
491 5180 529 5225 καὶ
540 5182 569 5226 τὰ
580 5180 624 5239 μἰν
635 5180 739 5241 δόγματα
751 5183 825 5236 αὐτοῖς
836 5184 883 5230 iser
895 5182 1000 5246 ὃιιρθαρ·
1049 5172 1125 5223 (llam
1138 5187 1153 5221 θ
1165 5168 1290 5223 Commel·
1304 5181 1329 5221 θῑ
1339 5167 1427 5232 Sciit,
1439 5167 1507 5220 unde
1520 5165 1666 5218 inclusimus
1680 5168 1689 5232 l

244 5256 315 5317 μίνα,
327 5254 347 5302 ol
362 5254 385 5301 ii
397 5255 485 5309 τιλιίονς
496 5255 554 5304 αἰδοῖ
569 5257 643 5306 eiiciet
654 5257 727 5318 δόγμα
745 5260 777 5315 ἐξ.
790 5254 849 5304 lton
867 5252 943 5305 iidem
962 5262 998 5307 αί·
