3728 5978
530 494 566 544 ΙΝ
592 491 700 543 EPIST.
731 488 775 540 ΑΙ)
801 488 884 539 ROM·
912 485 1030 540 nonin.
1058 486 1132 543 XVI.

66 619 269 698 ἀπιστούμενον,
283 619 329 679 καί
339 619 405 701 θπίρ
421 611 450 679 ού
462 619 562 702 σρύδρα
579 618 592 652 ¹³
604 618 711 687 ἑαυτούς
724 622 775 678 εἰσι
790 639 838 675 πε-

63 707 196 778 πεικότες.
211 712 265 771 Καί
275 711 327 792 γὰρ
341 712 465 784 ἀλήθειαν
477 712 563 791 λέγω,
578 708 656 792 φησί,
672 709 719 770 καὶ
730 713 760 770 ού
772 707 839 790 ψεύ·

65 805 161 882 δομαι,
177 802 223 863 καὶ
236 808 253 875 ἡ
265 803 412 874 συνείδησίς
426 826 471 881 μοι
490 813 632 884 μαρτυρεῖ,
650 801 692 862 ὅτι
707 801 779 875 λύπη
795 798 840 880 μοί

67 898 127 955 ἐστι
147 896 262 975 μεγάλη,
276 896 322 956 καὶ
336 895 504 963 ἀδιαλειπτος
521 895 598 968 ὀδύνη
612 901 645 976 τῇ
660 893 757 976 καρδία
780 915 839 972 μου.

67 989 199 1070 Πύχύμην
208 987 260 1070 γάρ
275 989 395 1067 ἀνάθεμα
407 980 474 1048 εἶναι
493 989 569 1056 αὐτὸς
580 987 632 1069 ἐγὼ
645 988 700 1048 ἀπδ
712 992 758 1046 τοῦ
772 988 839 1067 Χρι·

68 1088 141 1141 σποῦ.
155 1081 192 1141 Τί
204 1080 305 1160 λέγεις,
318 1070 340 1139 ὦ
352 1084 442 1141 Παῦλε
452 1107 460 1155 ;
473 1081 537 1141 Ἀπὸ
548 1088 593 1141 τοῦ
605 1084 720 1160 Χριστοῦ
733 1083 780 1138 τοῦ
792 1100 841 1136 πο·

68 1172 212 1250 θουμίνου,
224 1164 253 1233 οῦ
267 1173 335 1251 μήτε
346 1172 467 1254 βασιλεία
476 1197 521 1246 σε,
537 1172 605 1251 μήτε
614 1171 706 1252 γίεννα
719 1168 840 1257 ἐχώριζε,

70 1267 139 1344 μήτε
160 1264 195 1326 rd
214 1264 353 1344 δρώμενα,
378 1265 446 1343 μήτε
463 1265 498 1325 τά
520 1264 663 1343 νοούμενα,
684 1236 752 1343 pice
773 1261 842 1321 ἄλλοι

69 1363 206 1433 τοσαῦτα,
227 1355 279 1417 ἀπδ
302 1356 393 1417 τούτου
408 1362 453 1416 νῦν
474 1356 540 1436 τύχη
563 1356 682 1434 ἀνάθεμα
702 1345 785 1428 εἶναιῆ
806 1350 843 1412 Τί

894 615 1004 677 habent.
1019 619 1092 678 Nam
1104 608 1162 679 ait:
1178 619 1337 678 Veritatem
1347 617 1425 692 dico,
1440 627 1469 674 et
1485 634 1544 674 aon
1554 635 1636 674 men-

896 711 962 782 tior,
976 722 1005 769 et
1018 708 1199 771 conscientia
1219 711 1293 769 milti
1312 709 1487 790 testificatur
1497 730 1506 764 .·
1518 709 1547 768 2.
1557 697 1638 788 quod

895 804 1016 862 tristitia
1031 805 1106 863 milri
1126 822 1235 884 magrua
1253 815 1307 875 est,
1327 815 1357 861 et
1376 804 1534 861 continuus
1552 798 1639 860 dolor
1699 847 1701 849 .

895 895 977 952 cordi
995 915 1065 954 meo.
1081 897 1111 956 5.
1134 896 1280 975 Optabam
1303 898 1382 953 enim
1404 914 1457 974 ego
1476 897 1537 974 ipse
1556 911 1638 952 ana·

896 987 995 1046 thema
1019 1009 1080 1048 esse
1102 1008 1122 1048 a
1148 989 1276 1048 Christo.
1300 985 1376 1061 Quid
1399 984 1479 1064 dieis,
1502 983 1637 1069 Pauleiti

896 1080 1021 1157 Christo,
1036 1082 1072 1142 ab
1088 1082 1137 1144 illo
1150 1081 1311 1160 desiderato,
1326 1103 1341 1140 a
1353 1101 1408 1161 quo
1423 1101 1509 1160 neque
1523 1100 1645 1160 regnum

895 1180 982 1252 ‘neque
995 1175 1114 1253 gehenna
1130 1189 1157 1235 te
1172 1174 1321 1256 separabat,
1331 1195 1418 1253 neque
1431 1194 1462 1232 ea
1476 1192 1536 1251 qua
1546 1170 1639 1233 viden·

897 1279 953 1344 tur,
974 1288 1061 1346 neque
1078 1289 1109 1329 ea
1127 1288 1186 1347 quae
1200 1267 1404 1347 intelliguntur,
1422 1285 1507 1344 neque
1528 1262 1581 1323 alia
1600 1276 1645 1323 tot
1750 1310 1752 1314 .
1843 1335 1846 1342 Ι

897 1360 1074 1437 mutaque,ab
1083 1359 1114 1419 eo
1127 1380 1197 1418 nunc
1205 1359 1346 1418 anathema
1353 1378 1408 1418 esse
1419 1355 1556 1438 precaris?
1565 1354 1642 1427 Quid

71 1451 180 1531 γε’γονε;
195 1449 234 1528 μὴ
252 1450 465 1528 μεταύίῦλησαι,
477 1448 523 1509 καὶ
539 1449 686 1515 κατίλυσας
700 1447 745 1507 τδν
763 1445 842 1505 πίθον
862 1460 881 1506 D
898 1449 999 1509 iactum
1013 1451 1072 1510 est?
1082 1472 1117 1510 an
1137 1465 1257 1511 mumius
1277 1451 1325 1512 es?
1339 1471 1372 1509 an
1387 1440 1642 1510 desiderium'illud

72 1547 187 1614 ἐκεῖνον;
201 1542 282 1623 Οὐχί,
297 1541 371 1622 φησί,
387 1540 423 1618 μὴ
436 1541 532 1622 δείσῃς·
543 1539 589 1599 καὶ
599 1539 651 1622 γάρ
665 1539 711 1598 καὶ
724 1538 844 1599 ἐπέτεινον

72 1636 152 1695 αὐτὸν
167 1638 276 1715 μᾶλλον.
291 1636 355 1701 Πῶς
365 1624 409 1694 uis
423 1633 489 1714 εὔχῃ
504 1633 624 1710 ἀνάθεμα
636 1623 722 1707 εἶναι,
735 1630 782 1690 καὶ
793 1633 844 1690 ἀλ-

72 1725 212 1807 λοτρίωσιν
235 1729 338 1799 ζητεῖς,
362 1725 407 1784 καί
431 1724 567 1805 χωρισμὸν
588 1729 714 1799 τοιοῦτον,
736 1724 794 1802 μεθ’
816 1721 845 1783 δν

72 1818 162 1897 ἕτερον
173 1822 220 1879 οῦκ
236 1819 306 1878 ἔστιν
317 1823 417 1899 εὑρεῖν,
427 1817 538 1888 Ἐπειδὴ
550 1817 650 1898 σφόδρα
665 1815 742 1874 αύτδν
757 1817 844 1895 qun,

72 1910 147 1989 μησί.
160 1912 238 1984 Πῶς,
259 1911 316 1971 είπί
327 1934 387 1989 μοι,
407 1909 452 1968 καὶ
472 1907 541 1989 ποίῳ
557 1907 659 1990 τρόπῳ;
676 1908 722 1967 καθ
738 1906 790 1988 γδρ
805 1909 845 1966 ai·

18 2065 25 2077 ,
71 2002 183 2082 νίγματι
196 2002 227 2060 τὸ
237 2013 350 2084 πρᾶγμα
364 2000 442 2060 ἔοικε.
454 2003 563 2059 Μᾶλλον
575 1999 616 2073 δὲ,
630 2000 653 2059 εί
667 2000 738 2059 δοκεῖ
750 2045 758 2070 ,
770 2001 846 2078 πρῶ-

72 2117 119 2153 τον
131 2094 257 2172 μάθωμεν
268 2093 293 2152 τί
303 2092 368 2153 ποσί
381 2095 438 2152 ἐστι
450 2092 481 2151 τὸ
490 2092 625 2170 ἀνάθεμα,
638 2092 685 2152 καθ
695 2091 755 2151 τότε
768 2089 846 2150 αὐτὸν

75 2186 252 2267 ἐρωτήσωμεν
266 2186 327 2266 περί
340 2185 448 2258 τούτων,
466 2184 512 2245 καί
525 2184 573 2260 τὴν
587 2183 641 2243 ἀπό
673 2207 736 2257 ητον
747 2182 845 2256 ταύτην

898 1538 1067 1622 deposuisti?
1080 1543 1265 1621 Nequaquam,
1279 1541 1367 1622 inquit
1382 1565 1389 1598 ε
1404 1561 1436 1600 ne
1451 1538 1546 1600 timeus
1562 1560 1569 1596 τ
1583 1551 1641 1598 ete-

900 1634 956 1692 nim
967 1632 1039 1693 iilud
1053 1633 1145 1714 potius
1159 1634 1235 1693 auxi.
1252 1635 1308 1694 Cur
1328 1653 1391 1714 ergo
1408 1646 1485 1714 optas
1501 1631 1645 1716 anathema

900 1744 976 1799 csse,
1003 1737 1030 1784 ct
1058 1722 1245 1784 alienationem
1271 1724 1370 1803 queris
1399 1723 1645 1804 separationemque

901 1816 994 1893 talem,
1007 1830 1067 1898 post
1085 1838 1167 1896 qnam
1180 1839 1234 1878 non
1247 1817 1301 1878 alia
1316 1816 1431 1876 inveniri
1450 1815 1553 1896 possit?
1572 1813 1661 1889 Quia-

900 1908 1050 1969 admodum
1068 1909 1148 1969 iilum
1161 1931 1233 1989 amo,
1251 1909 1349 1989 inquit.
1368 1908 1528 1986 Quomodo,
1541 1928 1643 1990 queso,

900 2013 928 2059 et
939 2021 1055 2080 quanam
1064 2001 1185 2061 ratione?
1196 2024 1238 2062 res
1251 2001 1323 2061 enim
1332 2000 1391 2061 hec
1400 1999 1537 2082 aenigmati
1547 1998 1650 2060 similis·

902 2107 951 2154 est.
972 2094 1031 2153 imo
1051 2115 1131 2168 vero,
1148 2094 1171 2156 si
1194 2094 1312 2174 videtur,
1329 2095 1417 2176 primo
1430 2093 1566 2155 diseamus
1579 2090 1646 2176 quid

903 2184 939 2246 sit
952 2185 1102 2264 anathema,
1114 2201 1139 2247 et
1149 2200 1214 2248 tuno
1223 2188 1257 2248 de
1267 2188 1310 2248 his
1320 2187 1399 2248 illum
1411 2162 1646 2266 intermgibimus,

73 2277 124 2337 καὶ
136 2277 280 2357 παράδοξον
295 2277 418 2355 εἰσόμεθα
432 2277 551 2356 ἀγάπην..
567 2276 603 2336 Τί
616 2300 660 2335 ουν
674 2273 772 2335 ἔστιτὸ
785 2273 847 2334 ἀνά·
866 2280 886 2329 Ε
902 2291 982 2357 atque
1000 2278 1072 2338 hane
1092 2301 1217 2340 arcanam
1241 2294 1268 2341 et
1289 2276 1451 2360 stupendam
1473 2277 1648 2338 dilectionem

74 2376 162 2446 θεμα;
176 2369 298 2430 Ἄκουσον
317 2373 396 2429 αὐτοῦ
411 2369 546 2448 λέγοντος·
562 2370 598 2428 Ei
609 2391 649 2436 τις
661 2369 691 2426 ού
712 2369 783 2451 ριλεῑ
802 2365 846 2426 τδν

75 2461 175 2542 Κύριον
188 2461 308 2535 οἸησοῦν
324 2462 450 2544 Χριστὸν,
468 2461 537 2521 ἔστω
558 2459 692 2539 ἀνάθεμα·
709 2458 847 2536 τουτέστι,

76 2555 232 2635 κεχωρίσθαι
245 2554 500 2635 πάντων,ιἰλλότριος
511 2553 579 2615 ἔστω
591 2553 707 2614 πάντων.
718 2553 847 2634 Καθάπερ

74 2646 128 2726 γὰρ
139 2653 184 2705 τοῦ
196 2646 360 2724 ἀναθέματος
375 2653 420 2706 τοῦ
435 2645 622 2725 ἀνατιθεμένου
642 2649 681 2727 τῷ
691 2649 754 2726 Θεῷ
766 2646 849 2715 ούδελς

75 2740 111 2797 ἂν
124 2738 279 2815 τολμήσειεν
289 2740 381 2805 ἁπλῶς
393 2745 451 2805 ταῖς
470 2738 562 2821 χερσὶν
576 2737 708 2819 ἅψασθαι,
724 2738 782 2799 οὐδὲ
802 2741 848 2819 ίγ-

76 2829 125 2909 γθς
137 2829 274 2911 γενέσθαι·
286 2829 354 2891 οὕτω
370 2830 415 2890 καὶ
425 2831 469 2889 τδν
479 2830 655 2911 χωριζόμενον
670 2836 718 2903 τῆς
730 2833 846 2903 Ἐκκλη-

903 2368 1060 2433 ediseemus.
1076 2371 1153 2447 Quid
1167 2392 1231 2452 orgo
1244 2385 1283 2432 est
1301 2369 1463 2431 anathema?
1478 2368 1552 2431 audi
1567 2369 1646 2433 ilium

903 2460 1036 2522 dicentem
1053 2463 1106 2525 :Si
1118 2467 1183 2545 ριιιζν
1194 2484 1255 2523 reon
1268 2476 1351 2524 amat
1364 2464 1527 2522 Dominum
1544 2460 1647 2523 Jesum
1661 2495 1681 2527 ι.
1694 2482 1747 2528 car.
1763 2478 1799 2525 ιο.

904 2553 1074 2632 Christum,
1089 2556 1251 2617 anathema
1269 2558 1307 2615 sit
1313 2578 1325 2625 ;
1340 2552 1370 2613 id
1391 2567 1444 2630 est,
1465 2554 1500 2614 ab
1521 2546 1647 2614 omnibus
1658 2557 1697 2590 ²²·

904 2655 1050 2728 separetur,
1059 2645 1162 2708 alienus
1172 2650 1208 2708 sit
1221 2647 1257 2707 ab
1270 2646 1406 2707 omnibus.
1419 2649 1489 2707 Nam
1503 2647 1574 2708 sicut
1583 2668 1648 2707 ana-

903 2738 994 2799 thema
1007 2738 1163 2801 seudonum
1173 2742 1230 2800 Deo
1239 2739 1362 2799 oblatum
1376 2760 1454 2819 nemo
1466 2740 1539 2800 ausit
1551 2752 1649 2800 temere

904 2830 1158 2913 manibnstangcre,
1171 2853 1257 2912 neque
1270 2831 1305 2892 ad
1326 2831 1354 2892 id
1370 2831 1483 2913 propius
1502 2831 1646 2893 accedere:

75 2921 268 2995 σίας,πάντων
281 2923 445 3001 ἀποτέμνων,
457 2923 501 2980 καὶ
511 2926 546 2990 ὡς
555 2921 719 3004 πορρωτάτω
728 2923 850 3002 ἀπάγων,
905 2923 945 2983 sic
955 2935 982 2983 et
992 2942 1063 3000 enm,
1074 2922 1122 3004 qui
1132 2923 1168 2983 ab
1181 2922 1302 2986 Ecclesia
1312 2937 1452 3005 separatus
1461 2922 1649 2998 sit,abomni-
1719 2940 1801 2986 Pontos

77 3012 164 3094 τούτῳ
174 3017 212 3094 τῷ
222 3013 331 3092 ὀνόματι
343 3015 395 3074 ἀπὸ
407 3019 451 3072 τοῦ
464 3013 582 3073 ἐναντίου
597 3016 689 3085 καλεῖ,
703 3013 772 3092 μετὰ
785 3016 850 3074 πολ·
904 3018 957 3078 bus
977 3015 1137 3077 abscindens
1157 3031 1184 3077 et
1203 3018 1299 3102 [inueni
1318 3015 1427 3076 omnino
1445 3037 1583 3093 amovens,
1597 3018 1649 3078 hoc
1659 3083 1673 3111 ⁰
1688 3004 1804 3110 “mm‘'

78 3107 127 3161 λοῦ
145 3111 190 3163 τοῦ
203 3105 284 3186 ρύῦου
303 3117 384 3166 πᾶσιν
399 3106 568 3187 ἀπαγορεύων
589 3111 668 3167 αὐτοῦ
682 3106 850 3188 ἀποχωρίζε-
906 3107 1041 3168 nominee
1060 3107 1195 3169 contrario
1209 3108 1344 3190 appellat,
1354 3130 1416 3167 cum
1431 3121 1531 3169 terrore
1551 3129 1649 3189 magno
1660 3083 1734 3174 siem
1746 3141 1805 3174 εειε.

80 3201 142 3253 σθαι
156 3196 201 3254 καλ
216 3200 364 3279 ἀποπηδᾷν.
386 3202 434 3278 Τῷ
457 3198 504 3276 μὲν
525 3198 577 3278 γάρ
604 3198 750 3277 ἀναθίματι
771 3204 851 3277 τιμῆς
908 3201 1034 3261 omnihus
1044 3200 1229 3278 interminans,
1239 3215 1268 3260 ut
1279 3201 1518 3282 abeoscpatentur
1526 3214 1552 3262 et
1560 3201 1649 3262 absce-

79 3287 160 3347 ἕνεκα
173 3289 254 3356 οὐδείς
267 3290 367 3369 ἐτόλμα
389 3291 508 3371 ἐγγίσαι·
530 3298 576 3351 τοῦ
588 3289 615 3350 δὲ
626 3290 850 3369 ἀποτιμηθέντος,
864 3291 983 3386 ωχύσιιιῐ.
997 3292 1040 3352 dd
1046 3293 1188 3353 anathema
1195 3293 1265 3355 enim
1277 3293 1388 3354 honoris
1399 3314 1479 3353 eausa
1490 3314 1567 3354 nemo
1578 3315 1652 3354 acce·

79 3379 110 3447 ἐξ
121 3382 239 3449 ἐναντίας
250 3383 405 3464 ἕχωρίζυντο
418 3383 525 3462 γνώμης
539 3383 661 3450 ἅπαντες.
676 3381 763 3442 Ὥστε
776 3387 790 3442 ὁ
805 3383 852 3462 μὲν
874 3383 972 3448 Αἰίεσε
985 3385 1101 3446 audebat
1106 3408 1116 3462 3
1128 3386 1164 3446 ab
1175 3407 1207 3446 eo
1219 3400 1319 3460 autem,
1336 3385 1382 3466 qui
1396 3385 1530 3446 abscissus
1538 3400 1606 3463 erat,
1617 3378 1653 3449 ei

81 3475 218 3552 χωρισμὸς
242 3466 291 3549 εἷς,
315 3474 360 3534 καὶ
380 3475 477 3552 ὁμοίως
503 3474 549 3533 καὶ
572 3482 648 3535 τοῦτο
670 3478 777 3534 κάκεῖνο
800 3481 852 3536 τῶν
908 3477 1031 3560 opposita
1054 3478 1183 3538 sententia
1204 3499 1295 3538 omnes
1330 3475 1533 3558 separabantur.
1557 3468 1652 3559 Itaque

80 3567 187 3624 πολλῶν
202 3567 391 3647 ἠλλοτρίωται·
405 3573 419 3628 ὁ
435 3567 568 3650 δίτρύπος
587 3573 632 3626 τοῦ
652 3573 789 3649 χωρισμοῦ
804 3571 854 3650 οὐχ
910 3569 1043 3652 separatio
1057 3591 1121 3648 una,
1131 3583 1158 3629 et
1169 3569 1225 3630 haec
1234 3568 1317 3630 ctilla
1331 3569 1440 3649 avulgo
1448 3566 1563 3630 alienata
1573 3584 1648 3631 erat:

83 3649 135 3730 εἷς,
155 3659 282 3718 ἀλλὰκαὶ
297 3661 411 3728 ἐναντίος
430 3651 504 3727 οὗτος
525 3660 634 3720 ἐκείνου.
652 3661 708 3720 Τοῦ
731 3659 779 3738 μὲν
801 3660 854 3742 γάρ
910 3661 1008 3723 modus
1021 3683 1086 3723 vero
1099 3663 1275 3744 separationis
1285 3683 1338 3721 non
1352 3661 1486 3737 nnus,sed
1497 3662 1564 3722 aiter
1574 3661 1652 3724 alteri

83 3750 227 3831 ἀπείχοντο
238 3757 273 3818 ὡς
288 3752 458 3831 ἀνακειμένου
468 3755 546 3833 Θεῷ,
563 3757 609 3811 τοῦ
622 3751 649 3812 δὲ
659 3757 695 3820 ὡς
708 3755 854 3834 ἧλλοτριω·
909 3759 1132 3820 eontrarinserat.
1149 3760 1192 3820 Ab
1202 3760 1250 3819 illo
1260 3758 1332 3819 enim
1346 3780 1375 3819 se
1383 3759 1573 3832 removebant,
1588 3761 1653 3841 quia

84 3843 163 3920 μένου
175 3848 257 3917 Θεοῦ,
269 3845 315 3903 καλ
327 3845 520 3925 ἀπορραγέντος
529 3851 576 3918 τῆς
587 3845 855 3918 Ἐκκλησίας.Τοῦτο
910 3845 971 3911 Πεο
989 3850 1112 3911 dicatum
1130 3863 1201 3928 erat,
1224 3848 1259 3909 ab
1280 3850 1331 3909 boc
1352 3862 1453 3925 antem,
1474 3848 1538 3928 quia
1556 3871 1573 3909 a
1596 3854 1653 3912 Deo

82 3927 129 3995 σύν
149 3937 195 3995 καί
210 3942 224 3997 ὁ
237 3939 342 4006 Παῦλος
363 3939 448 4010 δηλῶν
470 3937 572 4017 ἔλεγεν·
590 3938 720 4017 Πύχόμην
735 3939 855 4017 ἀνάθεμα
909 3943 1055 4003 alienatum
1072 3956 1145 4019 erat,
1169 3955 1196 4001 et
1216 3943 1252 4001 ab
1273 3941 1393 4002 Ecclesia
1415 3941 1574 4003 abscissum.
1594 3943 1653 4004 Hoe

83 4020 151 4087 εἶναι
167 4029 219 4089 ἀπὸ
240 4036 286 4090 τοῦ
309 4032 434 4109 Χριστοῦ.
453 4031 507 4090 Καὶ
527 4029 585 4089 οὐδὲ
601 4031 692 4098 ἁπλῶς
711 4021 793 4103 εἶπεν,
815 4031 855 4091 ὅτι
909 4034 1139 4115 ergosigniiicans
1153 4034 1253 4093 Paulus
1265 4032 1392 4093 dicebat:
1413 4037 1559 4114 Optabam
1573 4056 1651 4095 ana·

83 4121 241 4200 ἐύουλάμην,
253 4122 321 4183 ἀλλὰ
333 4123 468 4183 ἐπιτείνειν
480 4123 559 4196 αὐτὸ,
571 4122 635 4203 φησὶ
644 4123 704 4197 καὶ,
715 4123 854 4204 Ηύχάμην.
911 4129 1011 4188 thema
1025 4146 1088 4186 esse
1100 4146 1120 4184 a
1129 4126 1257 4186 Christo.
1267 4126 1325 4185 Neo
1333 4124 1650 4207 simpliciter,Volebam;

82 4216 119 4273 Εἰ
134 4212 162 4274 δέ
176 4214 280 4296 θορυύεῖ
293 4238 322 4274 σε
335 4214 381 4272 ἅτε
397 4214 570 4294 ἀσθενέστερα
584 4213 647 4274 ὄντα
663 4214 697 4273 ed
709 4215 854 4294 λεγόμενα,
910 4219 957 4279 sed
980 4218 1134 4299 expressius
1154 4216 1242 4295 dixit,
1264 4219 1417 4298 Optabam.
1440 4216 1523 4292 Quod
1545 4217 1570 4278 si
1593 4219 1652 4279 hae

82 4306 114 4364 τὸ
128 4316 241 4387 πρᾶγμα
258 4307 380 4386 λογίζου,
396 4307 433 4386 μὴ
449 4307 528 4384 μόνον
540 4305 581 4366 ὅτι
595 4309 760 4389 χωρισθῆναι
773 4307 854 4368 ίῦού-
909 4312 981 4392 dicta
994 4324 1134 4388 tamquam
1145 4308 1293 4370 infirmiora
1304 4325 1330 4370 te
1341 4308 1511 4385 conturbant,
1521 4334 1578 4373 rem
1590 4334 1651 4374 oon·

82 4399 160 4472 λετο,
175 4398 303 4458 ἀλλὰκαὶ
319 4398 367 4471 τὴν
384 4398 481 4473 αἰτίαν,
495 4402 528 4459 δι’
541 4400 574 4471 ἣν
586 4397 721 4469 ἐίούλιτο,
735 4398 781 4459 καὶ
795 4399 856 4460 τότε
874 4428 892 4476 n
909 4406 997 4467 sidera
1002 4427 1011 4483 3
1024 4424 1084 4477 non
1098 4405 1186 4465 sotum
1197 4403 1271 4483 qnod
1281 4403 1399 4487 separari
1412 4403 1503 4486 vellet,
1513 4405 1652 4467 sedetiam

81 4489 143 4568 ὄψει
159 4490 238 4548 αὐτοῦ
248 4489 296 4561 τὴν
306 4489 454 4570 ὑπερύολὴν
470 4495 516 4562 τῆς
530 4490 649 4570 ἀγάπης·
663 4490 721 4550 ἐπεὶ
737 4489 783 4549 καὶ
802 4515 854 4550 πε-
910 4517 1018 4559 cansam
1039 4508 1150 4578 propter
1168 4516 1250 4574 qnam
1268 4495 1393 4575 volebat,
1413 4508 1440 4555 et
1461 4511 1526 4559 tune
1546 4498 1652 4560 videbis

84 4580 206 4661 ριίτεμε,
220 4584 265 4643 καὶ
283 4587 312 4642 οῦ
334 4589 373 4662 τῷ
390 4584 522 4666 γενομένῳ
537 4583 712 4666 προσέχομεν,
738 4585 853 4666 antra

82 4673 177 4755 γνώμῃ
197 4677 242 4735 καὶ
262 4680 295 4756 τῇ
315 4676 387 4756 αἰτίᾳ
400 4681 445 4735 τοῦ
464 4675 619 4754 γενομένου,
642 4675 688 4735 καί
712 4673 755 4734 nt
778 4683 854 4737 τοῦτο

84 4770 185 4845 μᾶλλον
206 4768 283 4827 αὐτὸν
297 4768 474 4847 θαυμάζομεν.
488 4769 528 4828 oo
555 4768 694 4849 περιίτεμε
715 4766 742 4826 δὲ
765 4768 854 4847 μόνον,

84 4858 153 4918 ἀλλά
173 4860 220 4918 καί
230 4860 337 4941 ἐξυρᾶτο
358 4859 402 4919 καὶ
413 4860 503 4918 ἔθυσε·
518 4859 564 4918 καί
577 4862 607 4919 οὐ
626 4859 710 4932 δήπου
725 4860 768 4921 na
779 4867 856 4921 τοῦτο

84 4950 161 5010 αὐτὸν
177 4951 302 5010 Ἰουδαῑόν
317 4975 403 5032 ραμεν
421 4943 503 5022 εἶναι,
524 4950 593 5010 ἀλλά
613 4953 647 5010 δι’
664 4954 734 5012 ἀὐτὸ
748 4953 796 5030 μὲν
810 4943 855 5012 ούν

83 5050 161 5104 τοῦτο
173 5044 290 5122 μάλιστα
300 5045 473 5124 ἀπηλλάχθαι
484 5045 636 5123 ἷουδαϊσμοῦ
647 5044 693 5105 καὶ
705 5045 856 5126 καθαρεύειν

84 5137 130 5196 καὶ
152 5138 258 5215 γνήσιον
279 5131 345 5198 εἶναι
363 5146 408 5198 τοῦ
426 5140 541 5218 Χριστοῦ
556 5138 727 5214 θεραπευτήν.
749 5138 856 5220 Ὥσπερ

13 5262 24 5275 ·
84 5223 129 5290 σύν
147 5231 223 5290 αὐτὸν
240 5233 429 5311 περιτέμνοντα
446 5231 550 5310 βλέπων
566 5231 611 5290 καὶ
629 5229 738 5305 θύοντα,
761 5234 790 5291 ού
812 5231 856 5292 διδ

120 5379 132 5416 ⁵
150 5375 223 5445 [etro
236 5383 322 5440 ἑαυτοῖς
335 5389 504 5441 πεπιστευκότες
516 5379 545 5433 Α.
555 5389 579 5431 et
591 5393 671 5447 marg.
682 5375 773 5446 Socii]

909 4589 1009 4650 amoris
1026 4589 1085 4669 ejus
1099 4587 1295 4651 vehementiam
1311 4611 1318 4644 ε
1336 4585 1552 4668 quandoquidem
1572 4590 1651 4650 etiam

909 4678 1143 4755 circumcidimi
1165 4696 1218 4738 non
1240 4677 1280 4736 rei
1296 4692 1375 4756 gestae
1399 4679 1580 4753 attendimus,
1604 4681 1651 4741 sed

910 4772 993 4832 menti
1009 4784 1035 4832 et
1049 4791 1134 4831 causa
1147 4768 1269 4850 gerenda
1287 4769 1335 4846 rei,
1349 4784 1375 4829 et
1388 4770 1449 4830 ideo
1467 4771 1545 4831 ilium
1565 4773 1653 4854 magis

909 4863 1085 4924 admiramur.
1103 4864 1165 4922 Non
1189 4860 1271 4921 modo
1294 4876 1384 4922 antem
1406 4863 1586 4940 circumcidit,
1606 4864 1652 4925 sed

910 4957 975 5016 rasit
982 4970 1008 5016 et
1019 4953 1198 5031 sacrificavit,
1209 4975 1256 5034 nec
1263 4968 1352 5013 tamen
1364 4953 1424 5013 ideo
1436 4956 1453 5015 J
1456 4954 1563 5014 udaeum
1573 4955 1654 5017 iilum

909 5069 966 5108 esse
979 5047 1107 5121 dicimus,
1122 5045 1169 5105 sed
1183 5045 1235 5104 hoc
1253 5045 1312 5126 ipso
1330 5045 1416 5124 magis
1429 5045 1576 5105 aiienuma
1597 5043 1652 5108 Ju-

910 5139 1015 5199 daismo
1038 5148 1064 5198 et
1086 5158 1188 5219 purum
1215 5158 1361 5215 veneroque
1386 5136 1486 5196 Christi
1512 5139 1652 5201 cultorem.

911 5227 1146 5303 Quemadmodum
1156 5249 1218 5308 ergo
1230 5226 1298 5286 dum
1314 5227 1392 5288 sides
1409 5227 1489 5289 ilium
1509 5229 1652 5295 droumoi·

931 5392 942 5417 ν
958 5378 1041 5447 [μοι
1052 5373 1125 5429 suun
1139 5377 1170 5430 ι.
1183 5392 1242 5447 οφ
1254 5372 1319 5429 coo.
1332 5374 1400 5428 ιιι.
1414 5358 1494 5445 οισι]
