3728 5978
96 364 160 434 130
436 385 466 433 S.
493 383 632 432 Joauuts
656 378 839 431 CHRYSOST·
869 383 1025 432 tucatur.
1052 384 1318 434 cousrru'rtuot‘.

89 537 126 575 ex
136 519 220 576 uobis
233 517 470 575 boni'testimonii
478 525 597 592 septem,
610 512 712 592 plenos
723 509 832 590 Spiritu
884 510 1049 579 πιονπαντδς
1058 514 1104 571 τού
1111 510 1234 584 πλήθους.
1242 510 1297 570 tat
1307 506 1454 578 ίίελίξαντο
1460 505 1596 588 Στέφανον
1612 507 1661 566 άν-

90 620 118 665 et
130 611 286 687 sapientia,
296 626 369 687 quos
378 607 587 665 constituemus
595 606 681 681 super
689 603 744 662 itoc
753 620 832 681 opus.
886 600 1031 683 δραπλήρη
1041 601 1155 669 πίστεως
1165 602 1211 661 καί
1219 596 1663 680 Πνεύμιιτοςδιγίου.’λρακαλέκεῖ-

90 697 119 756 l.
134 698 196 756 Nos
219 718 291 757 vero
311 698 440 755 orationi
460 706 489 753 et
503 696 666 752 ministerio
687 694 772 752 verbi
792 694 834 748 in·
842 715 926 774 1,μοι
941 691 1050 775 πλήρεις
1060 693 1172 763 πίστοως
1181 685 1312 769 denuoi<
1325 693 1370 753 καί
1385 691 1546 766 ἐξελέξαντο,
1561 689 1608 750 ίνα
1624 690 1661 768 μή

90 802 203 848 stantes
213 793 331 848 erimus.
340 787 367 847 5.
378 789 419 845 Et
423 786 537 867 placuit
546 805 642 845 sermo
651 785 836 845 coramomni
853 790 873 836 Α
886 784 921 843 τὰ
933 784 1001 845 αύτδ
1013 786 1121 867 γίνηται
1130 830 1138 858 ,
1147 779 1190 846 οἷα
1202 786 1246 846 ἐπὶ
1259 784 1360 857 Ἰούδα,
1374 775 1418 846 οἷα
1431 783 1476 845 ἐπὶ
1485 782 1605 844 Ἀνανίου
1618 782 1663 843 καὶ

91 880 288 940 multitudine.
303 881 344 937 lit
355 878 503 958 elegerunt
523 876 713 955 Stephanum,
737 877 836 933 uirum
889 877 1051 959 Σαπφείρας.
1063 878 1117 939 Καὶ
1126 878 1264 938 Φιλιππου
1273 879 1332 953 ,καί
1342 877 1480 959 Πρόχορον
1487 876 1535 936 καλ
1548 875 1650 936 Νικάνο

89 973 209 1053 plenum
211 971 279 1051 fide
288 983 316 1030 et
326 971 435 1050 Spiritu
442 981 555 1029 sancto.
564 967 664 1046 Utique
675 980 701 1026 et
712 965 753 1027 illi
764 965 837 1046 pleni
889 992 932 1050 ρα,
945 968 990 1028 καλ
999 969 1112 1048 Τίμωνα
1121 1016 1129 1044 ,
1138 970 1184 1030 καλ
1194 972 1349 1051 Παρμενᾶν,
1362 970 1408 1029 καὶ
1419 967 1551 1030 Νικόλαον
1560 964 1662 1048 προσή-

91 1064 147 1124 side
165 1076 256 1138 eraut,
271 1084 339 1140 quos
359 1076 385 1121 et
401 1061 555 1139 elegerunt3
571 1073 601 1117 ut
615 1079 649 1118 ue
661 1057 755 1118 eadem
775 1077 837 1117 con·
887 1050 964 1119 λυτον
973 1059 1175 1142 Ἀντιοχία,οθς
1184 1062 1297 1134 ἔστησαν
1306 1054 1478 1121 ίνιύπιοντῶν
1493 1057 1663 1132 ἀποστόλων,

91 1157 235 1236 tingerent,
248 1176 309 1233 quae
322 1153 349 1213 in
361 1152 450 1227 luda,
461 1165 488 1210 et
499 1152 529 1210 in
541 1149 643 1209 anania
654 1163 680 1209 et
692 1148 836 1230 sapphira.
889 1149 935 1210 καλ
946 1153 1166 1235 προσευξάμενοι,
1177 1153 1308 1225 ἐπέθηκαν
1320 1155 1407 1220 αὐτοῖς
1415 1152 1464 1220 τδς
1472 1161 1576 1232 χεῖρας.
1586 1150 1664 1210 Kato

93 1252 135 1310 Et
146 1249 325 1328 Philippum,
342 1258 371 1304 et
388 1245 582 1314 Procltorum,
601 1255 629 1300 et
645 1243 835 1312 Nicaeum,
888 1242 1600 1327 λόγοςτῶΚυρίουηύξανε,καλίπληθύνετοθἀριθμὸς
1611 1245 1663 1301 τῶν

93 1355 122 1401 et
137 1343 298 1414 Timonem,
309 1349 336 1395 et
347 1339 575 1405 Parmenarn,et
587 1334 745 1393 Nicolaum
756 1351 838 1412 pros-
891 1339 1015 1412 μαθητῶν
1028 1339 1055 1395 ἒν
1067 1336 1243 1418 Ἰερουσαλήμ
1252 1337 1368 1418 σφόδρα·
1378 1335 1461 1403 πολύς
1477 1360 1508 1395 τε
1522 1334 1603 1416 ὄχλος
1612 1337 1663 1393 τῶν

93 1433 208 1507 clytum
242 1430 462 1490 Antiochenam
485 1449 494 1483 ι
515 1427 545 1487 6.
578 1446 649 1508 quos
674 1435 840 1486 statuerunt
890 1426 981 1508 ἱερέων
995 1426 1265 1509 θπήκοοετῇπίστιι.
1279 1428 1348 1490 Ἀλλ’
1359 1427 1458 1507 ἴδωμεν
1470 1427 1572 1487 άνωθιν
1586 1424 1664 1487 elei·

94 1545 194 1584 coram
206 1523 358 1604 apostolis,
369 1533 398 1580 et
410 1540 477 1580 cum
487 1531 628 1590 orassent,
642 1522 839 1598 imposuerunt
892 1519 1001 1598 ρημένα.
1015 1519 1134 1602 Ἄνδρες,
1145 1521 1291 1604 προσάγετε
1300 1525 1411 1587 leonte
1421 1518 1495 1601 Ὅρα
1509 1517 1542 1591 δή
1556 1540 1605 1599 μοι
1621 1518 1663 1578 τὀν

94 1621 136 1677 eis
147 1637 261 1676 manus.
277 1617 305 1675 t.
315 1617 357 1675 Et
372 1616 494 1672 uerbum
507 1614 630 1672 Domini
643 1613 800 1682 crescebat,
810 1623 839 1668 et
891 1612 1062 1689 Γαμαλιήλον
1078 1614 1189 1674 ἐνταῦθα
1203 1618 1261 1681 πῶς
1280 1614 1337 1690 μετ’
1350 1611 1492 1680 ἐπιεικείας
1515 1608 1664 1692 διαλίγτται

95 1711 352 1791 multiplicabatur
371 1725 506 1765 numerus
523 1704 730 1784 discipulorum
743 1706 776 1761 in
788 1704 840 1762 Je-
856 1721 875 1769 Β
891 1702 959 1762 *καλ
974 1703 1076 1784 βραχία
1089 1703 1195 1774 διέξεισι
1207 1705 1273 1786 πρὸς
1288 1690 1394 1777 αὐτούς,
1404 1704 1454 1770 ,καί
1470 1706 1502 1764 ού
1521 1702 1596 1784 λέγει
1608 1728 1663 1764 πα-

94 1804 246 1863 rusalem:
263 1800 358 1859 multa
372 1803 461 1858 etiam
475 1800 562 1857 turba
576 1797 762 1856 sacerdotum
771 1799 837 1855 obe·
890 1794 954 1855 λαιθ
968 1795 1133 1876 διηγήματα,
1148 1796 1236 1859 καίτοι
1252 1820 1283 1876 γτ
1296 1796 1377 1877 ίχων,
1399 1795 1469 1856 ἀλλὰ
1492 1795 1626 1876 νεώτερα,
1647 1795 1665 1855 δ

95 1897 195 1953 diebat
212 1893 293 1973 fidei.
304 1890 358 1951 Sed
375 1890 448 1949 dicta
467 1889 566 1949 iterum
585 1902 746 1969 repetamus.
764 1890 837 1960 Vtri,
892 1887 1009 1965 μάλιστα
1026 1889 1092 1967 πρὸς
1109 1888 1198 1950 πίστιν
1211 1880 1281 1963 ήσαν
1294 1887 1401 1970 ἰσχυρά.
1414 1888 1465 1948 Aio
1477 1886 1524 1947 καί
1536 1887 1597 1967 μετ’
1608 1889 1665 1948 θαι·

96 1985 241 2045 attendite
250 1985 344 2043 uobis.
358 1980 431 2044 Vide
440 1979 509 2039 mihi
519 1979 564 2038 hie
574 1979 763 2057 Gamalielem,
773 1999 839 2058 quo·
891 1977 1011 2059 κρύθεως
1022 1979 1165 2040 αἰνίττεται
1178 1978 1276 2060 λέγων·
1287 1979 1348 2061 Πρδ
1358 1979 1410 2061 γὰρ
1420 1979 1521 2040 τούτοιν
1533 1983 1589 2040 τῶν
1601 1985 1665 2058 ήμσ·

96 2076 178 2138 modo
199 2096 262 2135 cum
278 2073 484 2134 mansuetudine
497 2086 523 2132 ct
536 2073 629 2153 paucis
646 2073 780 2152 loquatur,
791 2093 840 2132 nee
894 2073 958 2150 ρῶν·
972 2072 1110 2152 μονονουχὶ
1131 2073 1227 2145 δηλῶν,
1248 2074 1285 2138 ὡς
1306 2072 1335 2131 ού
1357 2071 1410 2153 πρδ
1429 2071 1548 2133 aarum
1565 2072 1601 2133 Ei
1619 2070 1666 2150 μίν

97 2183 200 2231 veteres
221 2180 309 2228 namet
330 2166 472 2241 historias,
488 2165 538 2225 etsi
556 2177 659 2245 posset,
671 2164 718 2224 sed
737 2186 838 2241 novas,
893 2152 937 2221 ούν
953 2162 1045 2230 εὐθέως
1055 2154 1243 2246 εἶπεν,·άρετε
1251 2160 1312 2232 τοθς
1320 2160 1665 2245 trapezetam&
1690 2158 1709 2233 i}

15 2257 17 2261 ’
56 2324 59 2329 ,
95 2283 155 2341 qua
179 2260 297 2321 maxime
307 2257 342 2317 ad
358 2257 442 2317 iidem
457 2256 619 2317 firmandam
637 2256 765 2318 valerent.
775 2256 840 2317 Ideo
893 2254 1008 2325 ὕποπτος
1021 2256 1067 2329 διν,
1081 2256 1127 2317 καί
1142 2262 1157 2318 ὁ
1174 2256 1250 2337 λόγος
1264 2255 1347 2325 οὕτως
1357 2259 1404 2318 οὐκ
1418 2246 1450 2329 ήν
1464 2253 1589 2339 ἰσχυρός*
1599 2248 1681 2337 μή

95 2356 200 2416 occulte
208 2355 333 2431 insinuat,
344 2353 537 2413 dicens2Nam
545 2365 615 2411 onte
625 2353 677 2412 θος
687 2351 841 2430 dies,qmsi
894 2341 922 2402 δὲ
944 2347 996 2402 τῶν
1013 2345 1236 2426 παραδειγμάτων
1254 2343 1302 2417 τήν
1320 2344 1418 2405 οἰκείαν
1432 2342 1511 2427 ἰσχὺν
1524 2342 1668 2425 Μμὸιι.
1696 2382 1700 2425 5

95 2448 245 2526 declarans,
257 2467 311 2507 non
328 2459 390 2505 ante
408 2444 508 2504 multos
521 2443 589 2503 dies.
608 2443 638 2503 Si
648 2443 740 2503 statim
754 2443 842 2503 dixis-
893 2433 945 2494 Δῑθ
965 2441 1041 2495 τοῦτο
1060 2435 1119 2497 οὐδὲ
1133 2437 1189 2503 iti<
1208 2435 1354 2514 μίμνηταῑ,
1370 2434 1440 2496 iii&
1459 2434 1509 2497 wi
1530 2420 1695 2517 &sapas

96 2555 146 2619 set,
163 2538 299 2601 Dimittite
320 2537 407 2613 viros,
425 2536 453 2595 in
474 2535 655 2617 suspicionem
674 2534 801 2611 venisset,
816 2549 843 2594 et
894 2528 981 2588 καίτοι
992 2520 1062 2610 εἶχεν
1076 2528 1216 2590 itacismi
1228 2528 1325 2610 τρίτον,
1336 2532 1368 2589 ἐκ
1385 2526 1540 2607 πριονσίας
1549 2527 1597 2588 καί
1607 2531 1668 2588 ίαν·

95 2653 184 2692 sermo
195 2652 248 2691 non
259 2631 296 2690 ita
309 2627 417 2689 validus
439 2626 547 2703 fuisseu
561 2648 624 2686 cum
640 2626 772 2707 exemplis
794 2648 843 2685 au·
893 2621 939 2680 τθν
959 2624 1047 2689 καλῶς
1067 2620 1179 2702 λίγοντα
1201 2620 1317 2692 δεικνύς,
1336 2620 1473 2689 κάκείναις
1492 2620 1604 2701 ἀπάγων
1621 2624 1669 2693 τῆς

96 2739 151 2786 tem
162 2725 221 2786 vim
231 2722 345 2804 accepit.
360 2721 425 2782 ldeo
436 2742 489 2781 uon
501 2742 586 2781 unum
599 2735 741 2799 memorat,
759 2720 807 2780 sed
817 2735 844 2780 et
860 2731 880 2780 c
894 2718 1002 2796 φονικῆς
1014 2714 1202 2796 προαιρέσεως.
1214 2713 1358 2788 'Animum
1370 2715 1425 2774 ἀπδ
1446 2717 1501 2774 τῶν
1515 2709 1669 2794 ἀνθρώπων.

96 2818 219 2878 alterum.
232 2815 470 2896 aequipotentes
484 2813 596 2872 tertium
606 2811 704 2881 addere
713 2834 749 2871 ex
757 2813 843 2872 abun·

96 2909 190 2984 danti,
204 2923 231 2968 et
247 2929 326 2967 suum
346 2906 507 2965 confirmare
524 2925 690 2978 sermonem,
702 2905 844 2983 illosqueu

98 2999 270 3080 sanguinario
278 2997 414 3080 proposito
425 2996 571 3058 abducere.
584 2998 734 3058 Discedite
743 3001 780 3056 ab
792 2999 844 3058 lto·

100 3097 234 3153 minibus.

139 3191 167 3245 a.
188 3184 273 3260 Vide,
285 3205 368 3263 quam
381 3184 416 3244 sit
432 3183 553 3244 moribus
568 3198 735 3245 mansuetus.
751 3185 845 3265 Neque
938 3192 1025 3274 Ὅρα,
1038 3194 1095 3260 πῶς
1112 3192 1143 3252 τδ
1156 3183 1218 3265 ήθος
1227 3191 1354 3264 ἐπιεικής.
1368 3193 1422 3253 Καί
1435 3191 1496 3253 ὥτε
1511 3191 1615 3272 μακρὸν
1629 3192 1670 3252 tit

101 3284 230 3362 longum,
243 3280 292 3340 sed
305 3281 414 3339 brevem
429 3279 495 3338 texit
508 3300 673 3356 sermonem
685 3303 773 3360 neque
783 3282 845 3342 iilos
896 3287 988 3368 λόγον,
1004 3285 1072 3345 ἀλλὰ
1092 3282 1220 3363 σύντομον
1233 3293 1316 3344 ποιεῖ·
1341 3284 1401 3345 ούτε
1415 3283 1521 3345 ἐκείνοιν
1534 3282 1604 3362 μετὰ
1623 3289 1670 3342 θυ-

101 3395 163 3434 ουτο
184 3374 275 3431 surore
296 3384 436 3430 memorat.
453 3374 495 3430 Et
510 3392 609 3431 omnes
621 3386 762 3455 quotquot
776 3394 846 3432 con·
898 3385 948 3459 μοῦ
963 3378 1105 3459 μέμνηται.
1121 3376 1174 3438 Καὶ
1188 3377 1284 3445 πάντες
1296 3376 1352 3437 leot
1367 3377 1502 3438 ἐπείθοντο
1513 3380 1602 3457 αὐτῷ,
1618 3377 1670 3434 διο·

100 3476 251 3526 sumerent
262 3467 299 3536 ei,
315 3463 437 3541 dispersi
455 3475 533 3520 sunt.
555 3461 613 3520 Hoc
631 3461 739 3540 dicens,
750 3485 803 3524 non
817 3465 845 3525 in
898 3470 1107 3554 σχορπίαθησαν.
1123 3471 1209 3529 Τοῦτο
1219 3469 1315 3549 λέγων,
1331 3468 1404 3529 οὐδὲν
1417 3472 1454 3537 εἰς
1473 3470 1591 3550 Χριστὸν
1606 3470 1672 3547 βλα-

102 3556 241 3616 Cbristum
257 3553 444 3636 blasphemat;
458 3551 505 3612 sod
523 3552 564 3630 id,
576 3552 650 3630 quod
670 3555 846 3617 maximeve·
898 3573 1013 3647 σρηρεῖ,
1027 3565 1085 3622 ἀλλ’
1099 3562 1113 3622 δ
1129 3561 1252 3641 βούλεται
1268 3561 1399 3640 μάλιστα,
1415 3566 1549 3642 κατορθοῖ.
1559 3560 1626 3621 ’Eis
1638 3550 1672 3638 ᾗ,

101 3649 185 3723 lebat,
199 3645 315 3728 perlicit.
332 3645 363 3705 Si
376 3649 424 3717 sit,
437 3643 538 3722 iuquit,
553 3666 589 3702 ex
603 3646 779 3721 hominibus,
789 3650 846 3708 dis-
898 3656 989 3738 ρησλν,
1003 3654 1030 3722 ἐξ
1050 3652 1205 3735 ἀνθρώπιον,
1221 3652 1442 3726 καταλυθήσεται.
1465 3656 1600 3715 Ἐνταῦθα
1628 3649 1673 3712 καί

102 3743 240 3803 solvetur.
252 3737 304 3797 Hie
323 3736 433 3796 videtur
446 3736 508 3796 ilios
529 3736 689 3817 syllogismo
708 3739 846 3821 impetere,
899 3745 1096 3829 συλλογίζεσθαί
1118 3769 1163 3824 μοι
1188 3743 1280 3813 αὐτούς
1294 3747 1378 3820 δοκεῖ,
1392 3746 1437 3805 καί
1458 3746 1562 3826 λέγειν·
1580 3752 1672 3808 οὐκῶν

103 3855 135 3893 ²0
158 3833 268 3892 dicem
289 3829 363 3909 1⁴:¹8⁰
380 3828 444 3907 (Ιῦίᾶ
462 3828 516 3901 l¹0⁰
535 3827 699 3889 di⁵⁵⁰l¹¹¹¹¹m
716 3853 769 3891 ¹1⁰ss
786 3833 847 3910 suit,
899 3839 957 3901 ἐπεὶ
971 3843 1000 3900 οὐ
1018 3837 1163 3910 κατελύθη,
1175 3840 1224 3896 ούκ
1239 3837 1310 3897 ἔστιν
1322 3836 1494 3919 ἀνθρώπινον.
1505 3839 1621 3912 Μήποτε
1629 3840 1673 3899 καί

104 3949 159 3988 non
176 3939 215 3988 cst
235 3925 395 3985 humanum.
412 3925 457 3983 Ne
465 3924 552 4007 sorte
566 3937 593 3983 et
607 3926 672 3984 Deo
688 3948 849 4008 repugnare
899 3931 1026 4012 θεομάχοι
1037 3932 1167 4013 εὑρεθῆτε.
1174 3930 1260 3989 Τοῦτο
1267 3919 1340 3999 εἶπε,
1351 3932 1390 4009 τῷ
1403 3930 1526 4011 ἀδυνάτῳ
1538 3931 1584 3991 καί
1593 3933 1674 4009 οἰσομ-

106 4022 307 4081 invcniamini.
320 4017 380 4076 Hoc
389 4015 510 4092 dicebat,
526 4038 561 4076 ex
578 4016 739 4098 impossibili
749 4035 775 4080 et
788 4020 848 4080 inu-
865 4040 886 4088 1)
901 4025 973 4107 ρόρῳ
987 4021 1175 4083 καταστίλλων
1185 4011 1291 4088 αὐτούς.
1315 4022 1351 4080 Ei
1364 4020 1392 4080 δλ
1406 4023 1437 4081 lx
1457 4023 1530 4082 Θιῶ
1552 4025 1633 4096 ἐστιν,
1645 4025 1673 4083 ού

106 4114 149 4174 tili
169 4113 231 4171 illos
248 4110 405 4191 reprimens.
416 4109 447 4168 Si
463 4131 534 4169 uero
546 4132 583 4169 ex
594 4112 659 4170 Deo
668 4125 721 4186 est,
732 4134 792 4173 non
799 4136 851 4194 po-
902 4116 1050 4191 δυνήσεσθε.
1063 4116 1122 4174 Οὐκ
1135 4102 1216 4187 εἶπεν,
1230 4104 1307 4192 ίδνή
1323 4112 1391 4179 Oti<
1404 4115 1419 4171 ό
1433 4111 1564 4192 Χριστός·
1577 4114 1610 4175 τδ
1625 4114 1675 4194 γδρ

109 4209 210 4265 teritis.
235 4205 296 4263 Non
316 4201 402 4274 dixit,
426 4201 457 4260 Si
471 4202 594 4262 Christus
616 4203 651 4263 sit
674 4207 764 4281 Deus;
784 4227 851 4287 opus
903 4209 978 4289 ἔργον
995 4214 1071 4268 τοῦτο
1085 4205 1192 4278 ἐδήλου·
1206 4205 1260 4264 οὐδ’
1275 4203 1440 4285 ἀπεφήνατο,
1454 4204 1497 4265 ότι
1511 4207 1562 4266 οθκ
1573 4204 1674 4289 ἀνθρύ-

109 4296 182 4357 enim
197 4295 232 4353 iis
245 4293 398 4352 declarabat
413 4315 419 4349 :
436 4314 521 4371 neque
536 4294 685 4355 affirmavit
698 4298 743 4356 vel
756 4297 853 4358 huma·
904 4299 978 4360 πινόν
989 4302 1074 4372 ἐστιν,
1086 4298 1145 4357 οὔτε
1157 4296 1198 4356 ότι
1214 4300 1296 4369 θεῖον,
1310 4295 1379 4355 ἀλλὰ
1391 4299 1430 4378 τῷ
1443 4295 1570 4375 μελλοντι
1593 4299 1675 4378 καιρῷ

110 4409 187 4461 num,
200 4386 246 4446 vel
255 4383 381 4443 divinum
394 4403 469 4457 esse;
481 4384 526 4442 sed
539 4384 630 4443 futuro
644 4387 758 4466 tempori
771 4388 854 4449 fidem
905 4393 954 4464 τήν
966 4391 1056 4450 πίστιν
1070 4388 1241 4471 θέπίτρεψεν,
1255 4386 1324 4447 ὥστε
1342 4395 1443 4448 πεῖσαι.
1465 4387 1522 4449 Καὶ
1535 4394 1560 4449 ei
1575 4390 1675 4463 ἔπεισι,

110 4476 247 4561 permisit,
262 4489 292 4534 ut
309 4473 440 4534 suaderet.
459 4473 495 4534 Et
514 4475 536 4534 si
554 4476 652 4551 suasit,
669 4478 790 4558 inquies,
805 4502 854 4542 eur
905 4483 973 4551 τίνος
995 4482 1092 4554 ἕνεκεν,
1114 4480 1203 4562 φησὶν,
1217 4477 1373 4558 ἐμάστιξανς
1384 4482 1428 4560 Τῇ
1443 4481 1491 4559 μὲν
1507 4481 1676 4564 ιἰναμρεσόη-

111 4568 303 4651 flagellarunt?
316 4565 481 4626 indubitata
499 4565 610 4646 quidem
627 4568 762 4630 dictorum
773 4574 854 4654 justi·
903 4575 977 4656 τήτῳ
995 4572 1157 4653 δικαιολογία
1170 4571 1328 4652 ἀντιύλίψαι
1346 4576 1394 4632 οὐκ
1407 4563 1493 4652 εἶχον·
1505 4573 1581 4653 ὅμως
1594 4572 1623 4634 δὲ
1637 4573 1678 4634 τὸν

111 4665 156 4725 tiae
175 4661 303 4723 obsistere
319 4679 371 4717 non
391 4670 549 4739 potuerunt,
563 4659 610 4719 sed
628 4675 716 4722 tamen
734 4664 852 4726 furorem
904 4669 986 4747 θυμὸν
1006 4666 1136 4748 ἐπλήρουν
1158 4665 1203 4723 τὸν
1229 4668 1336 4724 οἰκεῖον·
1361 4663 1447 4732 ἄλλως
1473 4663 1501 4724 δὲ
1530 4666 1577 4725 καλ
1601 4666 1678 4726 πόλιν

112 4752 389 4834 suumimplevertmt:
398 4749 851 4837 alioquinetiamsieseiiiosperter-
904 4760 986 4840 ταύτῃ
1001 4759 1123 4840 φοόήσειν
1135 4755 1341 4836 προσεδόκησαν.
1352 4754 1424 4817 ‘tet
1433 4760 1474 4837 τῷ
1489 4757 1529 4834 μή
1543 4758 1680 4840 παρόντων

148 4966 160 4989 “
172 4963 285 5029 tuetur,
302 4969 368 5014 καὶ...
382 4964 474 5023 αὐτούς,
487 4960 581 5012 inclusa
600 4962 668 5028 apud
686 4964 809 5016 Commel.
823 4967 871 5017 ab*
920 4969 1035 5032 rietatese
1047 4965 1090 5017 sed
1102 4983 1156 5031 quae
1170 4962 1273 5015 nihiiad
1286 4981 1384 5014 sensum
1396 4968 1536 5029 pertinent.

117 5055 174 5094 sunt
185 5061 199 5092 d
210 5044 249 5103 D„
264 5058 310 5090 ¹1⁰⁰
320 5040 380 5108 legii
390 5056 417 5089 0⁰
430 5041 541 5106 Eram]
951 5052 963 5087 h
977 5046 1045 5097 Unus
1056 5055 1198 5116 ἐπέστρεψεν.
1211 5051 1349 5102 ἐπείσθησαν.
1363 5054 1419 5104 τινος
1430 5047 1469 5098 οὖν
1479 5053 1561 5100 ἕνεκεν.

151 5133 239 5193 wipere
250 5125 299 5177 τοὺς
309 5123 398 5188 ἀνδρας.
411 5120 471 5169 Post
489 5117 541 5169 irrec
552 5121 577 5170 in
590 5138 639 5171 tino
658 5120 742 5173 multu
760 5137 819 5176 sunt
830 5144 872 5179 ra·
954 5141 963 5163 ο
976 5127 1027 5191 [τῷ
1038 5134 1072 5192 μή
1083 5147 1140 5192 παρ.
1155 5130 1227 5176 αὐτῶν
1238 5120 1283 5185 ul
