3728 5978
187 719 544 849 savinii
607 719 700 845 iu
760 716 1517 849 euersosuouuu
1613 672 1620 681 ’

834 970 879 1028 trt

288 1167 471 1273 ACTA
506 1164 1051 1270 APOSTOLORUM
1083 1166 1448 1272 JUDlCIUM.

648 1439 1081 1474 ψ

99 1668 139 1726 De
150 1678 268 1727 arretore
282 1665 384 1726 barum
398 1665 427 1726 in
443 1667 511 1725 neu
523 1661 706 1723 Homiliarum
725 1677 852 1739 magnam
871 1676 926 1718 esse
941 1657 1011 1718 inter
1023 1658 1117 1721 doctos
1131 1660 1211 1723 video
1228 1664 1445 1726 controversiam.
1462 1664 1592 1729 &umus
1608 1667 1636 1728 in

65 1758 180 1841 Epistola
188 1758 316 1840 quadam
329 1759 365 1821 ad
376 1758 560 1837 Tonstallum,
571 1776 701 1837 magnum
714 1776 764 1816 suo
780 1766 900 1836 tempore
914 1768 1102 1817 ornamentum
1117 1755 1234 1839 Angliae,
1251 1758 1279 1818 in
1295 1758 1433 1820 volumine
1450 1759 1635 1843 Floridarum,

66 1857 108 1913 Er
128 1857 361 1932 Clirysostomo,
375 1855 475 1934 inquit,
489 1857 522 1914 in
534 1852 617 1915 Aeta
638 1864 788 1912 verteram
804 1849 943 1910 homilias
961 1863 1031 1921 tres·
1046 1855 1130 1933 cujus
1146 1872 1240 1934 opera
1257 1874 1303 1914 me
1318 1858 1464 1937 poenituit,
1478 1876 1546 1921 eum
1560 1856 1639 1919 nilts'l

66 1948 107 2007 lie
118 1951 256 2010 uiderem
272 1951 490 2027 chrysostomi.
501 1951 563 2008 Tuo
580 1961 680 2008 tamen
691 1948 812 2007 bortatu
835 1948 930 2026 recepi
942 1946 1070 2006 codicem
1084 1950 1117 2007 in
1130 1968 1264 2022 manum·
1272 1951 1326 2013 sed
1338 1950 1415 2010 nibil
1424 1971 1565 2033 uniquam
1578 1952 1638 2035 legi

63 2047 214 2106 indoctius.
232 2048 348 2107 Ebrius
358 2067 395 2105 ac
406 2058 529 2106 stertens
540 2046 696 2105 scriberem
706 2042 840 2102 meliora.
853 2042 953 2100 Habet
955 2042 1089 2125 frigidos
1099 2045 1268 2119 sensiculos,
1282 2065 1336 2106 nec
1346 2065 1394 2107 eos
1402 2049 1476 2109 satis
1486 2046 1637 2109 commo&

61 2154 148 2217 potest
160 2142 329 2222 explicare.
339 2142 404 2203 Hac
417 2141 474 2222 ille,
483 2139 624 2201 sevemtme
634 2138 781 2220 plusquam
793 2135 913 2197 censoria
927 2157 1001 2195 usus.
1015 2136 1094 2197 Idem
1102 2150 1191 2198 tamen
1207 2139 1236 2200 in
1246 2139 1407 2202 Prolatione
1418 2138 1485 2200 huie
1494 2138 1566 2203 libro
1575 2140 1635 2203 La-

62 2234 110 2293 tine
122 2257 206 2296 serso
223 2237 343 2318 praelixa
359 2236 436 2298 haud
453 2235 537 2318 paulo
560 2234 664 2312 mitius,
676 2234 870 2294 Subdubitare
888 2252 929 2303 se,
944 2231 1025 2311 quod
1043 2232 1140 2309 stylus
1154 2235 1273 2295 liaberet
1287 2239 1434 2296 concisum
1451 2237 1594 2318 quiddam
1605 2249 1636 2297 et

61 2332 227 2408 abruptum,
240 2332 277 2388 id
292 2333 372 2411 quod
393 2353 414 2390 a
428 2332 531 2411 pbrasi
545 2330 751 2405 chrysostomi
767 2327 927 2385 videbatur
943 2325 1075 2384 alicam
1086 2349 1095 2382 .·
1107 2329 1134 2386 si
1145 2327 1224 2387 docti
1237 2340 1347 2403 tamen,
1361 2331 1466 2411 inquit,
1476 2332 1636 2391 censebunt

60 2443 124 2500 opus
146 2425 369 2500 Cbrysostomo
390 2426 524 2506 digrmm,
542 2444 573 2485 se
592 2423 717 2482 libenter
738 2422 804 2493 lsoc,
820 2420 962 2500 quicquid
980 2431 1034 2494 est,
1055 2423 1230 2501 suspicionis
1246 2426 1420 2504 positurum,
1440 2444 1523 2502 quam
1544 2438 1635 2485 tamen

58 2515 127 2576 band
140 2532 247 2577 temere
263 2518 417 2599 concepisse
428 2517 480 2578 sibi
497 2517 575 2578 visus
588 2528 636 2577 est.
646 2518 733 2595 Atque
748 2528 779 2573 ut
793 2513 901 2574 Erasmi
915 2514 1094 2596 suspicionem
1108 2537 1232 2598 augeam,
1248 2517 1319 2578 addo
1332 2517 1463 2600 perplexa
1473 2532 1500 2579 et
1510 2518 1634 2583 involuta

58 2609 97 2670 bic
115 2611 237 2693 reperiri
259 2610 452 2693 complurima,
469 2612 598 2692 pleraque
618 2629 711 2691 aspera
731 2623 758 2669 et
777 2606 923 2687 salebrosa,
937 2608 1100 2672 ὖτοαόλοικα
1113 2611 1208 2690 multa,
1223 2611 1258 2671 ab
1275 2610 1329 2672 alio
1345 2612 1543 2692 argumentoin
1556 2612 1635 2674 aliud

57 2706 149 2765 saltum
161 2706 260 2789 potius
274 2728 358 2786 quam
370 2705 524 2782 transitum,
535 2719 642 2765 textum
651 2704 695 2764 bis
708 2724 866 2787 percussum
879 2703 965 2784 magis
974 2724 1055 2784 quiam
1073 2704 1250 2785 explicatum,
1267 2706 1412 2767 solemnem
1430 2706 1507 2767 illam
1518 2705 1633 2768 cantile-

59 2819 126 2874 nam,
140 2803 246 2880 ἴδωμεν
261 2801 291 2861 δὲ
304 2802 402 2863 ἄνωθεν
415 2801 449 2862 τὰ
463 2801 590 2882 εἰρημένα
610 2800 656 2861 rel
670 2799 704 2859 el
717 2797 919 2879 ἀνεγνωσμένα,
943 2798 1091 2857 sexcenties
1108 2798 1144 2857 ad
1163 2819 1288 2859 nauseam
1305 2821 1391 2879 usque
1410 2800 1582 2862 inculcatam.
1600 2803 1632 2865 ln

60 2894 318 2974 summa,destituta
332 2896 387 2955 lere
404 2895 495 2955 omnia
511 2894 546 2967 iis
564 2893 725 2969 luminibus,
738 2892 773 2953 iis
791 2891 920 2965 orationis
937 2891 1111 2973 ornamentis,
1123 2892 1223 2972 quibus
1241 2892 1434 2955 disertissimus
1448 2894 1492 2959 vir
1507 2895 1633 2980 Chryso-
1666 2976 1674 2985 ι

60 2990 132 3048 nomi
143 3011 244 3050 nomen
256 2987 333 3070 apud
342 2988 525 3071 posteritatem
539 2986 681 3050 invenerit.
693 2990 814 3050 Tantum
826 2985 911 3064 abest,
921 2997 952 3045 ut
962 2984 1064 3048 Jacobo
1073 2984 1156 3047 Billio
1163 2986 1305 3069 assentiar,
1315 2987 1374 3069 qui,
1382 2988 1441 3052 sire
1451 2988 1515 3052 odio
1524 2989 1632 3053 lirasmi

60 3082 222 3161 stimulatus,
237 3105 288 3144 seu
302 3104 357 3163 quo
370 3083 425 3143 alio
434 3084 555 3165 partium
564 3083 657 3144 studio
670 3082 808 3165 abreptus,
816 3082 919 3143 Graeco
932 3082 1031 3141 codice
1045 3081 1122 3140 nibil
1135 3085 1179 3140 ait
1180 3082 1264 3164 fingi
1271 3103 1357 3164 posse
1372 3083 1545 3165 elegantius,
1556 3087 1635 3147 nibil

60 3180 133 3255 quod
155 3181 369 3255 chrysostomi
391 3180 518 3260 plsrasin
541 3179 646 3239 melius
667 3179 787 3260 reserat.
803 3176 911 3250 Quanto
934 3176 1034 3236 ceruus
1052 3174 1225 3237 doctissimus
1249 3177 1295 3239 vir
1311 3177 1462 3240 Flaminius
1481 3180 1608 3242 Nobilius
1623 3206 1631 3243 r

64 3274 198 3348 Omrrino,
216 3273 320 3354 inquit,
337 3275 369 3333 bi
384 3274 598 3334 Commentarii
618 3278 651 3333 in
664 3273 747 3334 Acta
760 3292 869 3352 parurn
882 3270 1000 3352 explere
1012 3275 1146 3331 animum
1158 3271 1260 3332 lectori
1272 3284 1405 3353 possunt.
1420 3274 1541 3335 Scatent
1553 3280 1632 3336 enim

62 3369 179 3443 mendis,
194 3381 326 3448 suntque
335 3388 371 3426 er
386 3371 492 3440 uariis,
510 3380 541 3427 ut
550 3378 633 3449 puto,
649 3366 837 3426 librariorum
852 3368 977 3445 seriptis,
989 3363 1194 3440 Cltrysostomi
1208 3369 1499 3442 orantissententias,
1514 3388 1631 3451 quoquo

62 3464 141 3520 inodo
145 3476 302 3541 poterant,
321 3467 538 3542 excipientium,
554 3463 633 3522 male
647 3471 865 3541 coagmentata.
883 3458 933 3519 His
946 3457 1056 3519 accedat
1069 3458 1160 3519 Photii
1177 3460 1331 3539 auctoritas,
1344 3461 1392 3541 qui
1405 3460 1629 3545 Chrysostomum

61 3557 164 3634 quidem
176 3558 205 3617 in
221 3562 290 3617 Aeta
305 3571 514 3618 commentatum
530 3556 697 3639 esseprodit,
710 3555 758 3616 sed
770 3554 897 3615 homilias
912 3566 1035 3614 numerat
1047 3574 1099 3614 non
1110 3552 1202 3636 plures
1212 3554 1418 3638 quinquaginta,
1432 3578 1529 3639 easque
1543 3559 1629 3621 multo

60 3650 202 3730 elegantius
214 3652 331 3733 scriptas
342 3666 438 3730 censet,
453 3674 536 3732 quam
549 3666 611 3712 sunt
622 3652 675 3711 illa
686 3652 715 3712 in
730 3640 871 3712 Genesin':
886 3650 1036 3724 ἠλάττωται
1054 3648 1082 3710 tt
1097 3647 1170 3728 ὅμως
1184 3649 1313 3727 (seilicet,
1326 3650 1433 3733 phrasis
1449 3652 1629 3714 Homiliarum

60 3743 83 3802 in
93 3746 233 3819 Genesin)
246 3750 297 3817 τῆς
310 3749 337 3805 ἐν
351 3756 408 3813 ταῖς
422 3746 541 3827 Πράξεαι
560 3745 689 3827 ppolamte,
704 3745 748 3805 tat
763 3744 793 3805 τὸ
807 3742 989 3823 ταπεινότερον
1004 3742 1203 3823 ἄπενηνεγμένη
1213 3766 1220 3800 t
1231 3742 1306 3823 quod
1318 3755 1419 3826 aperte,
1435 3758 1466 3805 ut
1479 3745 1549 3806 mihi
1563 3747 1626 3826 qui·

58 3837 114 3896 dem
129 3839 253 3909 ridetur,
270 3837 339 3898 side
353 3839 428 3899 hisce
440 3839 566 3919 accipias,
577 3859 653 3899 secus
662 3851 710 3898 est.
723 3840 810 3918 Atque
819 3836 877 3896 hace
887 3837 942 3895 lere
950 3849 1023 3913 sunt,
1039 3856 1099 3914 quae
1110 3835 1139 3895 in
1152 3857 1211 3895 eam
1223 3849 1328 3918 partem
1339 3837 1493 3899 assuantur.
1504 3839 1572 3913 Quae
1585 3853 1626 3901 ta·

60 3953 112 3989 men
127 3933 222 3991 omnia
236 3952 297 3990 eam
311 3933 368 3992 vim
380 3953 431 3993 non
442 3932 551 4010 habent,
563 3946 593 3991 ut
603 3931 671 3991 milri
685 3931 729 3991 vel
740 3930 876 3990 tantillum
891 3927 1067 4010 persuadeant
1080 3928 1188 4007 γνήσιον
1199 3927 1273 3988 hune
1287 3929 1391 4006 ioetum,
1404 3929 1453 3989 etsi
1468 3930 1558 3990 minus
1572 3932 1626 3992 lor·

58 4042 120 4085 resse
134 4032 248 4106 ὡραῖον,
267 4049 282 4084 a
296 4029 395 4109 γνησίῳ
408 4042 485 4109 patre
497 4027 663 4109 abjudicare.
681 4032 719 4087 Ac
732 4026 831 4108 primo,
845 4037 963 4084 ramenta
977 4022 1102 4102 quadam
1118 4013 1226 4103 passim¹
1235 4035 1376 4104 apparent,
1391 4044 1450 4102 qua
1470 4025 1575 4085 nonnisi
1591 4025 1627 4085 ab

56 4141 128 4177 arura
140 4121 189 4180 illa
202 4142 273 4180 sena
293 4142 401 4181 manare
418 4137 571 4204 potuerunt.
583 4127 617 4182 At
637 4121 722 4180 multa
737 4134 809 4197 sunt,
823 4118 924 4199 inquis,
942 4116 1080 4199 plumbea.
1096 4116 1267 4199 Respondeo‚
1277 4116 1429 4199 proclivius
1443 4139 1499 4179 esse
1509 4126 1623 4205 χρυσοβ-

58 4219 146 4289 ὀτζμανι
161 4230 258 4275 nostro
276 4216 376 4276 alieubi
390 4217 466 4276 humi
484 4239 586 4298 repere,
602 4216 722 4294 adeoque
733 4218 829 4297 jacere,
842 4235 924 4294 quam
937 4212 985 4272 alii
997 4210 1032 4271 ad
1046 4213 1104 4292 ejus
1113 4210 1286 4273 altitudinem
1299 4231 1440 4292 assurgere
1451 4235 1458 4270 ε
1471 4226 1502 4273 ut
1514 4229 1626 4298 propter

57 4309 139 4386 aliqua
155 4310 361 4369 ammirabiliter
376 4312 474 4392 scripta
490 4310 583 4370 malim
600 4310 824 4391 chrysostomum
845 4307 990 4367 inscribere
1009 4318 1157 4382 attererem,
1172 4325 1254 4384 quam
1270 4304 1355 4365 alium
1370 4319 1480 4389 propter
1495 4310 1624 4371 nonnulla

59 4403 190 4462 humilius.
208 4402 318 4462 Deinde
331 4403 392 4481 quis
407 4404 502 4482 nescit,
520 4425 572 4464 non
585 4403 694 4464 eosdem
706 4423 762 4463 esse
774 4421 867 4461 omnes
877 4398 1100 4479 omnitempore?
1112 4396 1199 4456 Aliter
1209 4396 1369 4477 eloquentia
1383 4398 1486 4460 tarinae
1499 4403 1623 4486 princeps

57 4497 122 4555 «lixit
135 4498 344 4573 adolescentior,
354 4498 494 4580 alitcrjam
504 4499 660 4560 consularis.
676 4498 713 4558 Et
723 4497 758 4557 de
772 4497 966 4578 chrysostomo
979 4507 1069 4577 nostro
1084 4491 1222 4555 verissime
1230 4492 1352 4571 Photius‚
1363 4494 1453 4576 ipsum
1462 4497 1622 4577 Antiochia,

58 4608 180 4652 §emittm
191 4616 207 4651 a
220 4593 342 4675 publicis
355 4595 438 4671 euris,
452 4594 538 4654 multo
553 4594 705 4654 accuratius
723 4592 896 4670 limatiusque
909 4589 1056 4672 scripsisse,
1066 4608 1148 4667 quam
1159 4587 1274 4648 eundem
1286 4588 1516 4671 Constantinopoli
1532 4597 1623 4674 ἀρχιε-

60 4690 192 4759 ρατεύαντι
208 4714 214 4744 :
231 4690 260 4747 in
275 4689 350 4768 quod
370 4703 477 4770 tempus
492 4689 560 4765 bac,
571 4710 629 4768 que
642 4689 670 4748 in
683 4688 809 4750 manibus
824 4686 967 4762 habemus,
979 4684 1105 4744 incidisse
1119 4682 1180 4743 luoe
1193 4683 1291 4744 clarius
1310 4698 1358 4744 est.
1369 4685 1412 4745 De
1429 4705 1539 4747 numero
1551 4689 1622 4749 Pho-

56 4796 121 4840 trano
133 4782 295 4863 respondeo,
306 4783 379 4844 idem
391 4784 472 4864 objici
488 4784 609 4866 possode
623 4784 750 4844 Homiliis
759 4784 787 4842 in
801 4781 930 4853 Genesin,
946 4802 1005 4860 quae
1019 4780 1076 4839 sine
1089 4778 1175 4839 dubio
1188 4799 1321 4860 germana
1335 4794 1408 4859 sunt,
1423 4794 1449 4840 et
1465 4802 1516 4841 non
1531 4781 1621 4863 plures

59 4875 146 4936 lissitio
156 4901 209 4937 una
223 4892 249 4936 et
262 4879 411 4957 sexaginta,
423 4900 485 4937 eum
497 4892 585 4939 tamen
598 4900 689 4940 omnes
703 4878 787 4939 nostri
805 4877 917 4938 Codices
928 4889 1029 4957 septem
1041 4889 1065 4935 et
1078 4874 1216 4954 sexaginta
1230 4875 1381 4956 praeferant,
1394 4889 1423 4934 ut
1439 4875 1481 4935 rel
1492 4875 1620 4939 Photium

60 4969 97 5027 hic
110 4988 134 5031 et
144 4974 183 5032 ibi
207 4974 336 5033 memoria
356 4975 464 5055 lapsum
483 4996 539 5034 esse
551 4996 655 5036 necesse
668 4975 713 5051 sit,
723 4975 765 5034 sel
776 4974 802 5032 in
819 4972 930 5033 Codices
945 4970 1070 5031 incidisse
1080 4970 1169 5030 minus
1184 4970 1310 5049 integros,
1323 4970 1366 5029 vel
1382 4970 1522 5031 oscitantes
1536 4972 1619 5036 libra-

62 5067 107 5123 nn.
119 5067 162 5125 liic
173 5090 223 5149 pro
234 5070 272 5127 ss'
284 5069 359 5129 sacili
376 5070 454 5149 lapsu
468 5071 605 5151 scripsisse
616 5071 649 5129 ν’.
665 5070 720 5130 Has
735 5070 805 5130 enim
817 5090 881 5145 esse,
892 5090 957 5149 quas
965 5067 1022 5148 jam
1034 5065 1158 5125 manibus
1172 5065 1293 5133 terimus,
1308 5086 1359 5125 non
1373 5066 1439 5126 alias
1453 5067 1481 5127 in
1496 5070 1561 5129 Aeta
1573 5071 1620 5130 ho-

61 5159 138 5219 milias
152 5186 165 5217 a
181 5162 276 5221 Photio
293 5162 424 5240 intelligi,
443 5164 526 5220 uerba
542 5163 627 5244 ipsius
647 5177 736 5243 aperte
753 5161 908 5222 declarant:
921 5165 947 5219 ul
962 5159 1014 5238 γὰρ
1030 5163 1066 5226 εἰς
1079 5158 1126 5226 τὰς
1140 5156 1255 5238 Πράξεις
1269 5157 1370 5234 ὁμιλίαι
1391 5158 1554 5231 πεντήκοντα
1573 5162 1619 5239 μέν

63 5253 220 5333 semes-etet
233 5256 260 5315 il
280 5258 314 5315 δι’
327 5257 393 5318 dieu
410 5257 484 5335 αὐτῷ
505 5263 549 5317 τοῦ
572 5261 689 5317 ἐνιαντοῦ
707 5257 865 5337 ἐῤῥήθηααν.
880 5258 921 5313 Οὐ
941 5253 992 5334 γὰρ
1007 5253 1065 5313 καθ’
1083 5252 1185 5332 ἡμέραν
1199 5250 1313 5333 ταύτας,
1326 5253 1392 5313 itti
1409 5254 1454 5314 καὶ
1467 5255 1532 5334 ὑπὲρ
1546 5255 1624 5317 πέντε
