3728 5978
557 579 563 585 .
624 545 657 592 rr
685 541 793 591 arrsr.
822 538 868 587 an
890 537 974 586 aori.
1003 536 1122 587 ιιονιι.
1150 537 1260 586 xxvu.
1629 510 1711 610 795·

130 690 160 726 σε
177 670 270 746 φιλῶν,
286 668 332 727 καί
341 677 429 726 πῦσαν
440 665 599 748 φιλονεικίαν
614 667 762 748 έμαλαοας,
778 663 844 724 ’καί
853 670 905 723 πῦ-
959 660 1012 720 hoc
1033 659 1114 736 enim,
1139 661 1237 740 inquit,
1261 658 1364 720 fatiunt
1382 657 1481 721 ethnici
1504 671 1529 720 et
1550 658 1700 742 publicani.
1711 679 1828 733 Magrus,

131 783 181 819 σαν
205 758 293 839 ψυχὴν
308 759 448 838 ἐμοῶαξας.
465 756 504 818 Ἢ
514 759 566 839 γὰρ
577 759 631 819 ἀπὸ
644 761 793 839 φλεγμονῆς
803 756 905 834 γίνεται
960 752 1075 828 Quodsi
1089 753 1203 834 quisque
1215 750 1509 834 diligentessetliligit‚
1521 773 1567 812 eos
1579 751 1701 832 quindiu

129 851 162 910 τδ
175 851 280 928 νόσημα
289 857 382 925 τοῦτο,
397 850 415 924 ἢ
431 851 483 911 ἀπὸ
494 850 674 933 ψυχρότητος·
696 852 754 911 ἀλλ’
769 848 906 929 ἀμφότερα
959 846 1047 906 babiti
1064 844 1196 928 diligunt,
1217 845 1278 925 quis
1291 867 1344 906 non
1362 845 1509 906 dilexerit?
1533 845 1592 906 Hoc
1610 845 1702 924 itaque

130 945 149 1012 ἡ
164 943 212 1012 τῆς
232 942 338 1022 ἀγάπης
350 942 459 1022 δύναμις
473 945 589 1023 διορθοῦν
602 943 677 1003 είιοθε
692 948 725 1024 τῇ
749 941 902 1023 θερμότητι.
960 941 1099 1019 exhibeto,
1127 953 1153 1000 et
1166 961 1199 1000 ne
1214 940 1296 1001 linem
1316 939 1398 1000 laeias
1411 939 1463 998 hoe
1475 937 1595 1016 dicendi,
1615 957 1701 1017 quan·

130 1037 194 1114 Οὐχ
213 1038 275 1117 δρᾷς
295 1034 353 1102 τοὺς
367 1038 484 1118 αἰσχρῶς
504 1040 618 1117 ἐρῶντας
635 1034 841 1117 ραπιζομίννυς,
857 1036 907 1113 ίμ-
961 1047 1136 1112 tumtumque
1157 1053 1200 1093 me
1212 1032 1275 1094 odio
1287 1032 1403 1110 liabens,
1419 1046 1445 1091 te
1457 1031 1571 1111 diligere
1582 1050 1636 1090 non
1645 1051 1702 1091 oes-

127 1126 308 1204 σιτουμένους,
330 1126 545 1206 ὀνειδιζομένους,
565 1127 647 1209 μυρία
664 1126 817 1209 πάσχοντας
836 1124 907 1186 δεινά
960 1127 1038 1204 sebo,
1055 1141 1081 1186 et
1096 1146 1203 1187 omnem
1216 1128 1412 1186 contentionem
1426 1123 1535 1197 sedasti,
1551 1137 1578 1183 et
1595 1143 1704 1184 omnem

131 1218 184 1279 ὑπὸ
198 1223 250 1278 τῶν
260 1219 458 1299 πορνευομένιον
469 1224 600 1299 γυναικῶν
612 1219 718 1280 ἐκείνων
725 1242 734 1297 5
747 1218 784 1280 Τί
797 1211 842 1280 οῦν
852 1217 908 1287 έζέ-
961 1220 1083 1280 animum
1095 1220 1262 1282 emolliristi.
1277 1220 1391 1280 Morbus
1403 1217 1475 1278 enim
1488 1218 1534 1277 hic
1548 1229 1596 1277 aut
1610 1237 1647 1278 ex
1661 1216 1703 1275 in·

132 1313 198 1371 λυσε
210 1319 300 1372 τοῦτον
315 1311 359 1371 τὸν
373 1311 477 1392 ἔροντα;
501 1312 536 1372 τὰ
559 1317 612 1373 τῶν
629 1313 746 1395 idpsum
759 1314 908 1390 Οὐδαμῶς,
925 1320 944 1369 C
963 1312 1143 1374 flammatione
1152 1313 1249 1386 oritur,
1260 1325 1308 1372 eut
1318 1333 1353 1372 ex
1362 1310 1512 1391 frigiditate
1522 1334 1529 1368 τ
1539 1308 1587 1370 sed
1598 1309 1707 1399 utrique

134 1404 205 1462 ἀλλὰ
219 1405 264 1463 καὶ
277 1405 376 1482 μᾶλλον
385 1407 492 1485 ἀνῆψεν·
502 1405 589 1464 καίτοι
599 1429 628 1484 γε
637 1410 666 1466 αἱ
673 1406 721 1486 μίν
727 1411 811 1465 ταῦτα
821 1410 911 1464 ποιοῦ·
962 1407 1114 1468 dilectionis
1120 1407 1163 1467 vis
1170 1406 1306 1469 exardere
1313 1427 1362 1466 suo
1370 1403 1473 1465 mederi
1478 1404 1553 1465 solet.
1561 1405 1623 1464 Non
1628 1400 1706 1464 vides

135 1519 182 1555 σαι
193 1494 260 1573 μετὰ
270 1503 316 1556 τοῦ
326 1496 497 1575 πορνεύεσθαι
510 1498 555 1557 καί
570 1498 674 1576 ἀσήμου
689 1497 778 1578 γένυες
793 1496 844 1557 εἰσί
864 1497 910 1556 καί
963 1514 1055 1582 turpes
1069 1500 1130 1559 illos
1142 1513 1285 1576 amatores,
1309 1512 1341 1558 ut
1361 1498 1465 1580 alapas,
1489 1510 1707 1578 sputa,·oppro·

136 1590 269 1660 εὐτελοῦς,
290 1592 314 1649 ol
328 1588 356 1649 δὲ
369 1589 517 1670 πάσχοντες
530 1591 657 1659 πολλάκις
669 1589 807 1673 λαμπροδς
820 1590 913 1671 έχουσι
963 1592 1023 1651 bria
1036 1607 1062 1653 et
1077 1593 1218 1653 innumera
1232 1591 1304 1651 mala
1317 1591 1458 1672 patiuntur
1471 1613 1488 1650 a
1500 1589 1661 1649 mulieribus
1672 1588 1707 1648 il.

134 1680 279 1761 προγόνους
302 1685 435 1763 ἀριθμεῖν,
454 1681 499 1741 καί
525 1683 626 1756 πολλὴν
641 1683 726 1756 ἀλλην
739 1683 909 1765 περιφάνειαν
964 1684 997 1743 lis
1010 1683 1215 1744 meretricibus?
1227 1683 1303 1755 Quid
1315 1704 1379 1763 ergo
1388 1682 1461 1742 hunc
1472 1683 1558 1744 solvet
1566 1682 1707 1742 amorem?

135 1773 237 1852 λέγειν·
253 1777 311 1834 ἀλλ’
326 1774 397 1852 ὅμως
417 1772 498 1834 Ιὀὐδὲ
516 1780 594 1836 τοῦτο
618 1775 709 1844 αὐτοὺς
733 1775 837 1852 ἐκλύει,
851 1775 910 1837 οὐδὲ
965 1776 1152 1836 contumelia?
1168 1769 1355 1853 Nequaquam,
1372 1775 1427 1835 imo
1440 1776 1527 1855 magis
1540 1774 1705 1837 accendent:

138 1863 267 1944 ἀφίστησι
279 1871 326 1937 τῆς
338 1864 483 1946 ἐρωμένης.
732 1932 735 1937 y
965 1867 1070 1927 etiamsi
1089 1867 1145 1927 illae
1157 1888 1218 1945 quae
1239 1866 1420 1940 breuiarium,
1442 1881 1619 1948 preterquam
1632 1866 1709 1947 quud

965 1974 1052 2020 soorta
1068 1974 1142 2039 sunt,
1166 1981 1202 2019 ex
1223 1959 1338 2020 obsurro
1351 1973 1377 2019 et
1398 1960 1448 2020 rili
1464 1981 1560 2040 genere
1572 1960 1641 2038 siut;
1662 1959 1710 2040 qui

966 2072 1032 2112 vero
1052 2053 1112 2113 haec
1125 2053 1282 2134 patiuntur,
1303 2052 1389 2112 claros
1409 2073 1477 2134 supe
1494 2052 1595 2134 possint
1609 2073 1710 2135 proge-

968 2144 1068 2206 nitores
1091 2165 1240 2222 numerare,
1260 2158 1287 2204 et
1299 2143 1352 2204 alia
1371 2145 1476 2205 ratione
1489 2145 1609 2206 illuures
1628 2145 1708 2205 sint:

968 2251 1085 2298 attamen
1099 2258 1134 2298 ne
1145 2236 1319 2318 hocquidem
1334 2237 1396 2297 illos
1408 2237 1499 2313 solvit,
1513 2259 1562 2298 nec
1573 2237 1611 2298 ab
1623 2252 1711 2299 amata

969 2331 1072 2392 avellit.

183 2419 250 2488 Εἶτα
267 2431 313 2487 οῦκ
338 2428 537 2509 αίσγυνόμεθα,
554 2429 618 2503 όοην
630 2434 644 2489 ό
658 2435 703 2491 τοῦ
724 2431 847 2492 διαόολου
868 2432 914 2492 καί
1009 2423 1038 2485 ό·
1049 2426 1145 2483 Annon
1155 2420 1430 2501 eruboeclmus‚q⁰⁰d
1441 2442 1494 2483 11011
1507 2434 1609 2482 tanum
1619 2443 1713 2484 secun·

145 2524 200 2579 τῶν
228 2518 360 2599 δαιμόνων
384 2520 449 2604 ἔρως
472 2521 549 2602 lesbo
575 2522 644 2603 ἔχει,
660 2522 759 2595 ταύτην
778 2527 808 2585 οὗ
834 2524 913 2585 δυνά.
970 2515 1038 2576 dum
1046 2518 1135 2576 Deum
1143 2513 1315 2575 dilectionem
1328 2514 1458 2575 exhibere
1470 2515 1616 2597 possimus,
1627 2536 1714 2595 quun·

144 2635 221 2689 perot
236 2612 297 2691 περί
310 2611 358 2684 τὴν
371 2612 440 2672 κατὰ
460 2613 528 2675 Θεὸν
542 2614 668 2683 ἐπιδεῖξαι
688 2615 775 2696 φιλίαν
784 2638 793 2693 3
809 2619 857 2676 οὐκ
875 2619 915 2677 ἐν.
969 2621 1027 2668 tam
1039 2606 1088 2666 ills
1105 2607 1148 2666 ris
1165 2605 1294 2667 diabolici
1307 2621 1333 2667 et
1346 2607 1504 2670 demoniaci
1526 2609 1647 2669 amoris?
1660 2630 1713 2671 noo

141 2713 225 2777 νοεῖς,
239 2701 369 2764 ότιτοῦτο
390 2704 514 2785 μέγιστόν
528 2708 599 2765 ἐστιν
615 2706 696 2767 όπλον
709 2706 779 2767 eard
791 2715 838 2768 τοῦ
855 2709 913 2767 δια·
970 2703 1072 2780 0⁰ng
1088 2699 1141 2759 δοῦ
1159 2699 1311 2759 111111ί11111111
1332 2721 1388 2760 650
1405 2700 1489 2761 lulum
1506 2715 1597 2761 10111111
1615 2700 1714 2762 1113ῦο-

141 2795 237 2867 ὅόλου,
252 2796 282 2853 οὐ
293 2806 418 2877 συνορᾷς,
434 2796 474 2856 ὅτι
485 2798 651 2878 παρέστηκεν
662 2803 677 2858 δ
687 2802 800 2883 πονηρὸς
813 2801 915 2880 δαίμων
933 2814 953 2860 1)
970 2791 1049 2851 lum?
1065 2794 1125 2851 Non
1140 2791 1292 2852 consideras
1304 2790 1379 2870 quod
1389 2791 1478 2852 malus
1489 2792 1535 2850 ille
1548 2792 1654 2853 daemon
1668 2794 1714 2854 ln·

142 2888 425 2969 ἐνεῑνας,ἵλχωνπρλς
440 2889 587 2950 {emeseno
602 2892 776 2970 μισούμενον,
791 2894 835 2953 καί
856 2898 915 2975 βω.
970 2898 1022 2944 'stet
1043 2881 1167 2962 illudque
1192 2904 1306 2943 exosum
1328 2884 1481 2943 membrum
1505 2882 1540 2943 od
1560 2905 1590 2945 se
1611 2886 1713 2962 trahet,

141 2980 253 3065 λόμενρς
267 2984 458 3053 πλεονεκτῆσαι
471 2983 502 3041 τὸ
516 2983 607 3061 μέλοςς
618 2983 649 3044 σὺ
675 2984 702 3045 δὲ
723 2986 916 3069 παρατρέχιις,
969 2995 1103 3053 suumque
1115 2975 1201 3034 lacere
1214 2975 1345 3035 conetur?
1359 2988 1389 3034 tu
1405 2996 1469 3035 vero
1479 2977 1672 3058 praeterurrris,
1689 2991 1716 3039 et

142 3073 188 3131 καί
205 3072 236 3132 τδ
249 3072 361 3133 ἔπαθλον
377 3073 508 3155 προδίδως
520 3080 569 3147 τῆς
584 3077 689 3157 μάχηςς
701 3077 756 3137 Καὶ
776 3077 828 3160 γάρ
849 3078 917 3138 ἔπα-
971 3089 1069 3150 pugnae
1088 3068 1233 3150 praemium
1251 3067 1366 3149 prodis?
1380 3070 1452 3129 Nam
1472 3069 1557 3130 veluti
1572 3071 1716 3152 premium

143 3167 204 3224 θλον
216 3168 230 3223 ό
244 3165 355 3245 ἀδελφδς
368 3169 395 3225 ἐν
407 3169 445 3246 τῷ
458 3166 531 3247 μέσῳ
545 3177 649 3228 κεῖται·
665 3169 713 3229 κάν
727 3171 868 3252 περιγένῃ,
885 3169 916 3232 σὺ
972 3164 1000 3223 in
1009 3163 1099 3224 medio
1106 3164 1177 3245 jaret
1189 3164 1311 3223 freterrsi
1326 3163 1433 3239 viceris,
1446 3186 1573 3225 eoronam
1584 3165 1716 3248 eocipies;

142 3256 188 3315 τδν
199 3256 326 3336 στέφανον
337 3256 447 3327 ἔλαόες·
459 3258 490 3318 ἂν
503 3258 530 3319 δὲ
549 3260 721 3342 ρφθομήσῃς,
735 3263 917 3344 ἀστεφάνωτος
972 3256 1014 3316 sio
1027 3257 1125 3338 ignave
1134 3276 1209 3335 agas,
1223 3254 1394 3316 incoronatus
1405 3256 1535 3317 discedes.
1548 3257 1642 3317 Finem
1653 3277 1717 3338 ergo

146 3347 326 3431 ἀνεχώρησας.
339 3350 448 3409 Παῦσαι
459 3351 546 3411 τοίνυν
555 3351 585 3411 τὸ
599 3354 738 3414 παιανικὸν
749 3357 833 3416 ἐκεῖνο
842 3361 918 3438 perp.
972 3349 1014 3408 sac
1028 3348 1177 3409 satanicum
1198 3346 1269 3407 illud
1289 3346 1392 3407 dictum
1414 3349 1578 3428 proferendi,
1592 3348 1623 3412 Si
1636 3350 1719 3409 frater

145 3438 255 3517 γόμενος
270 3443 343 3520 ῥῆμα
354 3487 362 3514 ,
373 3441 435 3503 οότι
448 3443 494 3504 ἐὰν
509 3442 620 3525 ἀδελφός
642 3468 692 3525 μου
715 3452 780 3527 μισῇ
797 3473 847 3528 με,
858 3447 917 3510 οὐδὲ
972 3464 1047 3502 meus
1058 3464 1101 3501 me
1113 3441 1210 3518 oderit,
1223 3462 1258 3500 ne
1270 3441 1482 3520 viderequidem
1494 3442 1573 3502 illum
1582 3442 1655 3504 volo.
1665 3442 1716 3503 Ni-

146 3533 209 3590 ίδεῖν
233 3533 311 3592 αὐτὸν
338 3534 476 3614 βούλομαι.
491 3535 576 3597 Οὐδὲν
599 3539 651 3618 γάρ
675 3539 845 3624 αἰσχρότερον
870 3546 917 3601 τοῦ
972 3534 1013 3594 hil
1026 3534 1097 3593 enim
1111 3533 1219 3614 turpius
1232 3532 1284 3592 boc
1297 3532 1379 3609 dicto,
1393 3533 1497 3593 etiamsi
1512 3533 1581 3594 illud
1593 3534 1718 3615 generosi

147 3623 263 3704 ῥήματος
276 3623 369 3684 τούτου
377 3673 386 3701 ,
400 3626 486 3687 καίτοι
499 3651 530 3708 γε
551 3632 667 3709 εὐγενοῦς
689 3632 754 3692 αὐτὸ
766 3636 854 3715 ψυχῆς
866 3637 918 3695 δεῖ.
972 3649 1028 3687 esse
1048 3626 1132 3686 animi
1146 3637 1242 3706 putent
1255 3625 1335 3684 multi
1347 3640 1389 3684 :nt
1407 3627 1476 3686 nihil
1488 3626 1533 3686 bis
1556 3626 1717 3708 ignobilius,

145 3740 202 3795 γμα
224 3707 292 3776 εἶναι
315 3716 431 3777 τίθενται
454 3724 478 3779 οἱ
499 3722 606 3780 πολλοί·
623 3725 681 3784 ἀλλ’
707 3723 800 3787 ἀοὐδὲν
817 3726 916 3787 τούτων
972 3719 1096 3796 stultiut»,
1120 3709 1278 3777 immanius.
1300 3717 1365 3777 Idoo
1388 3718 1507 3778 maxime
1533 3716 1622 3794 doleo,
1644 3718 1719 3798 quod

144 3806 343 3888 δυσγενέστερον
358 3809 415 3869 οὐδὲ
441 3813 611 3896 ἀνοητότερον
636 3815 693 3876 οὐδὲ
712 3817 855 3897 ὠμότερον.
870 3821 953 3888 Adon
973 3812 1053 3871 11111]ῑῖ
1072 3823 1219 3894 pulesslfflr
1232 3831 1291 3888 ‘1⁰²³
1306 3807 1342 3869 dd
1360 3810 1492 3871 mfflllam
1504 3812 1720 3892 Ρθῐίίΰθθῑνθδδθ

146 3900 178 3971 δὴ
188 3900 304 3975 μαλιστα
317 3901 363 3962 καί
372 3908 472 3977 πενθῶ,
483 3904 524 3965 ότι
531 3906 566 3964 rb
578 3910 625 3978 τῆς
637 3908 733 3978 κακίας
746 3913 841 3991 ἀρετῆς
850 3901 918 3970 ε’ίνοιι
971 3904 1117 3964 timitem:
1126 3922 1158 3961 ³⁰
1167 3899 1242 3979 q¹¹⁰d
1252 3899 1390 3980 despicere
1400 3915 1426 3962 ⁰2
1442 3915 1619 3980 θῡῦἲθῐῦΰθῐθν
1630 3903 1719 3984 ΒΡῙΘΠ·

147 3990 295 4067 νομίζωσιν
307 3995 331 4051 οἱ
343 3995 453 4068 πολλοί,
467 3996 513 4055 καί
528 4001 659 4080 ῦπερορᾷν
677 4000 723 4058 καί
734 4010 919 4082 καταφρονεῖν,
973 3994 1071 4054 (lidum
1092 4007 1118 4053 el
1135 3993 1276 4051 h01¹0⁵lu¹11
1291 3991 1418 4051 Videatur
1434 4014 1498 4052 ⁰⁵⁵²·
1513 3993 1566 4053 Ηίθ
1581 3995 1719 4063 malimus

148 4083 273 4162 λαμπρόν
291 4082 376 4152 ἔδοξεν
390 4077 456 4146 εἶναι
476 4088 522 4147 καί
535 4089 648 4167 σεμνόν·
663 4091 728 4171 ὅπερ
741 4092 852 4173 μεγίστη
867 4118 919 4154 πα·
973 4103 1013 4148 est
1026 4087 1129 4148 diaboli
1139 4086 1262 4164 laqueus,
1273 4083 1345 4164 quod
1359 4086 1485 4164 nequitiae
1494 4087 1564 4146 bone
1578 4088 1718 4149 tribuatur

148 4172 189 4253 γίς
201 4178 257 4234 ἐστι
271 4181 316 4235 τοῦ
327 4176 449 4238 διαόόλου
459 4225 467 4252 ,
478 4179 508 4238 τὸ
519 4179 564 4239 καί
578 4180 679 4261 ἀγαθὴν
689 4191 834 4263 περιθεῖναι
845 4185 920 4255 δόξαν
974 4182 1058 4241 sama:
1070 4198 1153 4258 quare
1163 4177 1277 4237 difficile
1286 4190 1324 4236 est
1333 4178 1436 4238 malum
1445 4178 1498 4238 hoc
1508 4179 1602 4239 deleri.
1610 4179 1718 4242 Etenim

148 4272 182 4346 τῇ
197 4267 329 4348 πονηρία·
346 4269 386 4329 διδ
399 4270 444 4328 καί
459 4271 659 4342 δυσιξάλειπτος
670 4275 780 4354 γίνεται.
797 4278 851 4339 Καὶ
869 4279 921 4364 γδρ
974 4274 1074 4335 multos
1081 4293 1129 4355 ego
1138 4271 1234 4333 audiri
1246 4270 1477 4352 gloriantes,quod
1486 4272 1538 4333 sibi
1548 4273 1720 4336 adversantes

146 4361 253 4418 πολλῶν
267 4358 350 4440 ἔγωγε
359 4359 460 4431 ἥκουσα
470 4364 668 4442 σεμνυνομένων
680 4367 725 4427 ἐπί
735 4371 773 4451 τῷ
787 4368 825 4448 μὴ
836 4394 921 4451 προσ·
974 4389 1028 4428 non
1039 4366 1161 4427 adirent:
1172 4363 1246 4444 atqui
1262 4363 1395 4424 Dominus
1410 4378 1472 4427 tuus
1488 4365 1517 4425 in
1530 4387 1560 4428 ea
1570 4388 1601 4427 re
1614 4367 1720 4449 gloria·

148 4450 157 4507 ί
162 4457 232 4510 εσθαι
246 4450 306 4520 τοὺς
320 4455 564 4535 ἀποστρεφομένους
577 4459 685 4526 αὐτούς·
698 4462 784 4522 καίτοι
797 4488 828 4543 γε
842 4469 857 4524 ό
870 4469 921 4525 ne·
976 4477 1030 4525 tur.
1045 4461 1158 4535 Quoties
1173 4460 1253 4519 illum
1266 4459 1389 4529 homines
1402 4463 1604 4543 conspuerunt?
1616 4463 1721 4542 quoties

150 4542 250 4614 σπότης
262 4568 308 4602 roo
319 4544 365 4603 καί
376 4548 601 4625 ε’γκαλλωπίζεται
619 4551 711 4634 τούτῳ.
725 4555 845 4624 Ποσάκις
859 4563 921 4638 γοῦν
976 4553 1093 4616 aversati
1108 4553 1190 4612 sunt?
1203 4550 1251 4611 ille
1263 4572 1327 4613 vero
1346 4572 1398 4612 non
1416 4567 1498 4612 cesset
1512 4575 1662 4614 accurrens.
1681 4556 1722 4615 Ne

148 4633 227 4693 αὐτὸν
241 4633 382 4696 διέπτυσαν
396 4637 547 4717 ἄνθρυιποι;
565 4643 678 4711 ποσάκις
698 4649 920 4731 ἀπεοτράφησανς
976 4649 1062 4729 igitur
1071 4646 1157 4722 diras,
1166 4646 1213 4705 Me
1224 4644 1287 4705 odio
1299 4644 1428 4705 habentes
1441 4645 1516 4706 adire
1526 4668 1579 4707 non
1589 4667 1719 4728 possum3

148 4725 224 4793 αὐτὸς
239 4725 267 4786 δὲ
280 4728 310 4786 οὐ
323 4727 435 4789 παύεται
447 4732 603 4813 ἐπιτρέχων.
623 4735 770 4810 Μήτοίνυν
791 4740 867 4821 λέγε,
883 4741 924 4802 ἀιι
977 4739 1025 4801 sed
1046 4739 1103 4816 dic,
1112 4739 1278 4819 Respuentes
1290 4757 1334 4796 me
1346 4758 1472 4818 respuere
1484 4758 1595 4817 neqtrco.
1608 4738 1667 4799 Hoc
1680 4738 1722 4800 di·

147 4821 177 4877 οὗ
194 4817 309 4897 δύναμαι
323 4819 479 4900 προσίεσθαι
490 4823 550 4892 τοὺς
560 4832 713 4904 μισοῦντας,
725 4832 784 4890 ἀλλ’
800 4833 871 4909 elul,
883 4833 924 4894 ότι
978 4847 1052 4898 ctum
1066 4844 1105 4891 est
1120 4827 1251 4910 discipuli
1263 4826 1383 4906 Christi3
1396 4842 1426 4887 ut
1436 4827 1507 4888 illud
1516 4828 1594 4889 atiud
1602 4828 1722 4911 diaboli3

147 4913 178 4969 οὐ
192 4908 308 4990 δύναμαι
327 4912 472 4974 διαπτόσαι
485 4915 546 4984 τοὺς
569 4918 749 4990 διαπτῦοντας.
772 4925 859 4984 Τοῦτο
879 4932 925 4986 τοῦ
979 4925 1032 4985 hoc
1047 4924 1166 4983 illustres
1179 4921 1243 4982 lecit
1255 4935 1281 4981 et
1299 4920 1396 4995 claros,
1409 4920 1486 4980 aliud
1509 4943 1573 4982 vero
1589 4936 1680 5005 turpes
1693 4944 1725 4985 ac

151 5007 271 5077 μαθητοῦ
286 5008 332 5062 τοῦ
346 5005 463 5083 Χριστοῦ
476 5008 507 5067 τὸ
522 5011 613 5088 ῥῆμα,
629 5014 664 5079 ὡς
685 5011 716 5070 τό
731 5037 761 5092 γε
775 5014 863 5095 ἕτερον
879 5026 925 5080 τοῦ
934 4979 972 5082 ill
982 5016 1120 5078 ridiculos.
1131 5013 1194 5076 ldeo
1212 5013 1345 5073 miramur
1357 5014 1493 5094 Moysom,
1507 5014 1581 5094 quod
1594 5015 1653 5098 ipso
1668 5019 1725 5078 Deo

187 5188 197 5212 ¹
209 5174 218 5239 [
228 5181 264 5227 καί
275 5187 348 5230 πᾶσαν
362 5185 423 5245 ψῦξιν
435 5184 538 5241 stitutus
547 5181 588 5251 l]
969 5192 1059 5258 Sauli]

190 5254 202 5289 ¹³
215 5253 294 5318 [θῦὅὶν
302 5259 387 5308 ῖθῦῐων
399 5257 488 5325 idem]
1002 5272 1012 5302 ί
1025 5272 1104 5337 [riola
1114 5272 1194 5323 τούτου
1206 5271 1237 5330 δ,
1249 5271 1310 5321 αίδίν
1318 5276 1365 5330 ἀν,
1376 5271 1438 5320 οὐδὲν
1453 5281 1586 5341 μωρότερον
1595 5271 1680 5327 iidem.
1695 5275 1727 5325 Et

193 5336 266 5397 *[ίτι
284 5340 322 5385 ίὰν
338 5341 349 5387 b
368 5342 525 5406 ὀφθαλμός...
545 5345 612 5395 αὑτὸν
630 5345 726 5409 δύναμαι
751 5346 778 5396 Α.
799 5358 823 5397 rt
839 5364 918 5416 marg.
969 5365 1029 5401 mox
1041 5359 1124 5418 ἀρετῆς
1132 5349 1187 5400 εἶναι
1199 5355 1311 5412 νομίζων
1325 5353 1362 5399 rut
1372 5353 1399 5399 'l
1413 5351 1547 5418 ὑῦῑίθόᾷθί
