<?xml version="1.0" encoding="UTF-8"?>
<!DOCTYPE html PUBLIC "-//W3C//DTD XHTML 1.0 Transitional//EN"
    "http://www.w3.org/TR/xhtml1/DTD/xhtml1-transitional.dtd">
<html xmlns="http://www.w3.org/1999/xhtml" xml:lang="en" lang="en">
 <head>
  <title>
</title>
<meta http-equiv="Content-Type" content="text/html;charset=utf-8" />
  <meta name='ocr-system' content='tesseract 3.04.00' />
  <meta name='ocr-capabilities' content='ocr_page ocr_carea ocr_par ocr_line ocrx_word'/>
</head>
<body>
  <div class='ocr_page' id='page_1' title='image "./sanctipatrisnos01chrygoog_0893.png"; bbox 0 0 3742 5970; ppageno 0'>
   <div class='ocr_carea' id='block_1_1' title="bbox 75 460 935 536">
    <p class='ocr_par' dir='ltr' id='par_1_1' title="bbox 75 460 935 536">
     <span class='ocr_line' id='line_1_1' title="bbox 75 460 935 536; baseline -0.008 -1"><span class='ocrx_word' id='word_1_1' title='bbox 75 460 147 536; x_wconf 82' lang='lat'>862</span> <span class='ocrx_word' id='word_1_2' title='bbox 800 480 935 531; x_wconf 79' lang='lat' dir='ltr'>sennia.</span> 
     </span>
    </p>
   </div>
   <div class='ocr_carea' id='block_1_2' title="bbox 73 599 1645 1623">
    <p class='ocr_par' dir='ltr' id='par_1_2' title="bbox 73 599 1645 1623">
     <span class='ocr_line' id='line_1_2' title="bbox 73 599 1639 688; baseline -0.006 -20"><span class='ocrx_word' id='word_1_3' title='bbox 73 609 128 667; x_wconf 84' lang='lat' dir='ltr'>lam</span> <span class='ocrx_word' id='word_1_4' title='bbox 151 605 362 688; x_wconf 66' lang='lat' dir='ltr'>separationem</span> <span class='ocrx_word' id='word_1_5' title='bbox 376 624 408 664; x_wconf 85' lang='lat' dir='ltr'>ao</span> <span class='ocrx_word' id='word_1_6' title='bbox 429 603 534 683; x_wconf 77' lang='lat' dir='ltr'>singuli</span> <span class='ocrx_word' id='word_1_7' title='bbox 561 615 653 662; x_wconf 81' lang='lat' dir='ltr'>mrent</span> <span class='ocrx_word' id='word_1_8' title='bbox 675 600 817 662; x_wconf 86' lang='lat' dir='ltr'>emendare</span> <span class='ocrx_word' id='word_1_9' title='bbox 868 627 929 672; x_wconf 99' lang='grc' dir='ltr'>στος</span> <span class='ocrx_word' id='word_1_10' title='bbox 943 603 987 664; x_wconf 71' lang='lat' dir='ltr'>rho</span> <span class='ocrx_word' id='word_1_11' title='bbox 1002 605 1095 663; x_wconf 71' lang='grc' dir='ltr'>ἑαυτοῦ</span> <span class='ocrx_word' id='word_1_12' title='bbox 1109 601 1167 682; x_wconf 86' lang='grc' dir='ltr'>βίον</span> <span class='ocrx_word' id='word_1_13' title='bbox 1180 600 1392 683; x_wconf 73' lang='grc' dir='ltr'><strong>διορθώσασθαι,</strong></span> <span class='ocrx_word' id='word_1_14' title='bbox 1414 599 1463 660; x_wconf 81' lang='grc' dir='ltr'>καί</span> <span class='ocrx_word' id='word_1_15' title='bbox 1477 601 1568 660; x_wconf 67' lang='lat' dir='ltr'>{eutha</span> <span class='ocrx_word' id='word_1_16' title='bbox 1580 602 1639 659; x_wconf 81' lang='grc' dir='ltr'>ἐτοι·</span> 
     </span>
     <span class='ocr_line' id='line_1_3' title="bbox 73 680 1640 766; baseline -0.004 -20"><span class='ocrx_word' id='word_1_17' title='bbox 73 688 160 746; x_wconf 85' lang='lat' dir='ltr'>vitam</span> <span class='ocrx_word' id='word_1_18' title='bbox 179 707 268 761; x_wconf 86' lang='lat' dir='ltr'>suam,</span> <span class='ocrx_word' id='word_1_19' title='bbox 289 705 368 764; x_wconf 87' lang='lat' dir='ltr'>seque</span> <span class='ocrx_word' id='word_1_20' title='bbox 387 696 537 766; x_wconf 76' lang='lat' dir='ltr'>preparent</span> <span class='ocrx_word' id='word_1_21' title='bbox 561 681 598 742; x_wconf 89' lang='lat' dir='ltr'>ad</span> <span class='ocrx_word' id='word_1_22' title='bbox 617 682 817 759; x_wconf 77' lang='lat' dir='ltr'><strong>defensionem,</strong></span> <span class='ocrx_word' id='word_1_23' title='bbox 868 685 954 762; x_wconf 85' lang='grc' dir='ltr'>μάστι</span> <span class='ocrx_word' id='word_1_24' title='bbox 978 683 1044 764; x_wconf 77' lang='grc' dir='ltr'>πρὸς</span> <span class='ocrx_word' id='word_1_25' title='bbox 1066 680 1221 757; x_wconf 80' lang='grc' dir='ltr'>ἀπολογίαν,</span> <span class='ocrx_word' id='word_1_26' title='bbox 1245 681 1293 741; x_wconf 77' lang='grc' dir='ltr'>καὶ</span> <span class='ocrx_word' id='word_1_27' title='bbox 1309 680 1349 758; x_wconf 80' lang='grc' dir='ltr'>μὴ</span> <span class='ocrx_word' id='word_1_28' title='bbox 1365 685 1402 760; x_wconf 76' lang='grc' dir='ltr'>τῇ</span> <span class='ocrx_word' id='word_1_29' title='bbox 1419 680 1542 762; x_wconf 72' lang='grc' dir='ltr'>ριρθυμίιρ</span> <span class='ocrx_word' id='word_1_30' title='bbox 1561 681 1640 740; x_wconf 60' lang='lat' dir='ltr'>met·</span> 
     </span>
     <span class='ocr_line' id='line_1_4' title="bbox 75 759 1642 866; baseline -0.005 -41"><span class='ocrx_word' id='word_1_31' title='bbox 75 787 162 845; x_wconf 83' lang='grc' dir='ltr'>ιιοιμιο</span> <span class='ocrx_word' id='word_1_32' title='bbox 185 765 349 844; x_wconf 76' lang='lat' dir='ltr'>negligentia</span> <span class='ocrx_word' id='word_1_33' title='bbox 377 784 425 822; x_wconf 88' lang='lat' dir='ltr'>sua</span> <span class='ocrx_word' id='word_1_34' title='bbox 453 783 510 822; x_wconf 78' lang='lat' dir='ltr'>sese</span> <span class='ocrx_word' id='word_1_35' title='bbox 535 760 663 844; x_wconf 86' lang='lat' dir='ltr'>prodant,</span> <span class='ocrx_word' id='word_1_36' title='bbox 687 775 719 821; x_wconf 93' lang='lat' dir='ltr'>ut</span> <span class='ocrx_word' id='word_1_37' title='bbox 739 762 817 821; x_wconf 57' lang='lat' dir='ltr'>esci*</span> <span class='ocrx_word' id='word_1_38' title='bbox 867 764 998 844; x_wconf 75' lang='grc' dir='ltr'>παραδῷ,</span> <span class='ocrx_word' id='word_1_39' title='bbox 1013 762 1470 866; x_wconf 58' lang='grc' dir='ltr'>καλάποιιίχῃτῶνάνικροννητῶν</span> <span class='ocrx_word' id='word_1_40' title='bbox 1485 759 1642 819; x_wconf 57' lang='lat' dir='ltr'>utemur</span> 
     </span>
     <span class='ocr_line' id='line_1_5' title="bbox 75 832 1642 923; baseline -0.006 -18"><span class='ocrx_word' id='word_1_41' title='bbox 75 845 142 905; x_wconf 87' lang='lat' dir='ltr'>dant</span> <span class='ocrx_word' id='word_1_42' title='bbox 154 846 191 904; x_wconf 91' lang='lat' dir='ltr'>ab</span> <span class='ocrx_word' id='word_1_43' title='bbox 211 842 395 903; x_wconf 79' lang='lat' dir='ltr'>ineffabilibus</span> <span class='ocrx_word' id='word_1_44' title='bbox 413 843 469 901; x_wconf 89' lang='lat' dir='ltr'>illis</span> <span class='ocrx_word' id='word_1_45' title='bbox 487 842 646 920; x_wconf 68' lang='lat' dir='ltr'>aternisque</span> <span class='ocrx_word' id='word_1_46' title='bbox 659 841 746 901; x_wconf 86' lang='lat' dir='ltr'>bonis.</span> <span class='ocrx_word' id='word_1_47' title='bbox 760 844 818 903; x_wconf 82' lang='lat' dir='ltr'>vi·</span> <span class='ocrx_word' id='word_1_48' title='bbox 868 846 983 922; x_wconf 80' lang='grc' dir='ltr'>ἀγαθῶν.</span> <span class='ocrx_word' id='word_1_49' title='bbox 992 840 1066 923; x_wconf 86' lang='grc' dir='ltr'>Ὅρα</span> <span class='ocrx_word' id='word_1_50' title='bbox 1076 832 1130 915; x_wconf 73' lang='grc' dir='ltr'>ὧν,</span> <span class='ocrx_word' id='word_1_51' title='bbox 1140 867 1163 901; x_wconf 93' lang='grc' dir='ltr'>ω</span> <span class='ocrx_word' id='word_1_52' title='bbox 1174 841 1274 923; x_wconf 67' lang='grc' dir='ltr'>ῥᾴθυμα</span> <span class='ocrx_word' id='word_1_53' title='bbox 1288 837 1323 899; x_wconf 80' lang='grc' dir='ltr'>σθ</span> <span class='ocrx_word' id='word_1_54' title='bbox 1337 885 1346 914; x_wconf 92' lang='grc'><em>,</em></span> <span class='ocrx_word' id='word_1_55' title='bbox 1361 837 1404 917; x_wconf 79' lang='grc' dir='ltr'>μὴ</span> <span class='ocrx_word' id='word_1_56' title='bbox 1417 839 1550 919; x_wconf 73' lang='grc' dir='ltr'>ἀμμιίνρς</span> <span class='ocrx_word' id='word_1_57' title='bbox 1560 843 1592 915; x_wconf 82' lang='grc' dir='ltr'>τῇ</span> <span class='ocrx_word' id='word_1_58' title='bbox 1602 843 1642 920; x_wconf 67' lang='lat' dir='ltr'>pg-</span> 
     </span>
     <span class='ocr_line' id='line_1_6' title="bbox 74 917 1643 1004; baseline -0.004 -20"><span class='ocrx_word' id='word_1_59' title='bbox 74 925 110 984; x_wconf 92' lang='lat' dir='ltr'>de</span> <span class='ocrx_word' id='word_1_60' title='bbox 124 938 260 1004; x_wconf 83' lang='lat' dir='ltr'>orgotn,</span> <span class='ocrx_word' id='word_1_61' title='bbox 281 944 297 981; x_wconf 96' lang='lat' dir='ltr'>o</span> <span class='ocrx_word' id='word_1_62' title='bbox 314 922 413 1001; x_wconf 85' lang='lat' dir='ltr'>segnis,</span> <span class='ocrx_word' id='word_1_63' title='bbox 427 942 460 981; x_wconf 94' lang='lat' dir='ltr'>ne</span> <span class='ocrx_word' id='word_1_64' title='bbox 484 941 639 1003; x_wconf 76' lang='lat' dir='ltr'>perseveres</span> <span class='ocrx_word' id='word_1_65' title='bbox 658 921 685 980; x_wconf 91' lang='lat' dir='ltr'>in</span> <span class='ocrx_word' id='word_1_66' title='bbox 707 920 820 1001; x_wconf 76' lang='lat' dir='ltr'>segnitie</span> <span class='ocrx_word' id='word_1_67' title='bbox 869 921 966 1000; x_wconf 88' lang='grc' dir='ltr'>θυμία,</span> <span class='ocrx_word' id='word_1_68' title='bbox 983 920 1021 1000; x_wconf 75' lang='grc' dir='ltr'>μὴ</span> <span class='ocrx_word' id='word_1_69' title='bbox 1032 924 1098 981; x_wconf 88' lang='grc' dir='ltr'>νικῶ</span> <span class='ocrx_word' id='word_1_70' title='bbox 1117 923 1168 982; x_wconf 76' lang='grc' dir='ltr'>ὑπὸ</span> <span class='ocrx_word' id='word_1_71' title='bbox 1182 924 1230 992; x_wconf 71' lang='grc' dir='ltr'>τῆς</span> <span class='ocrx_word' id='word_1_72' title='bbox 1244 919 1355 993; x_wconf 75' lang='grc' dir='ltr'>ἀπάτης</span> <span class='ocrx_word' id='word_1_73' title='bbox 1372 917 1424 978; x_wconf 81' lang='grc' dir='ltr'>καὶ</span> <span class='ocrx_word' id='word_1_74' title='bbox 1437 919 1546 990; x_wconf 73' lang='grc' dir='ltr'>ἡδονῆς.</span> <span class='ocrx_word' id='word_1_75' title='bbox 1567 919 1643 977; x_wconf 69' lang='lat' dir='ltr'>utta</span> 
     </span>
     <span class='ocr_line' id='line_1_7' title="bbox 74 986 1644 1082; baseline -0.004 -19"><span class='ocrx_word' id='word_1_76' title='bbox 74 1019 133 1079; x_wconf 89' lang='lat' dir='ltr'>tua,</span> <span class='ocrx_word' id='word_1_77' title='bbox 149 1023 216 1062; x_wconf 82' lang='lat' dir='ltr'>nea</span> <span class='ocrx_word' id='word_1_78' title='bbox 236 1002 342 1061; x_wconf 78' lang='lat' dir='ltr'>fallacia</span> <span class='ocrx_word' id='word_1_79' title='bbox 362 1016 387 1060; x_wconf 89' lang='lat' dir='ltr'>et</span> <span class='ocrx_word' id='word_1_80' title='bbox 404 1002 542 1082; x_wconf 88' lang='lat' dir='ltr'>voluptate</span> <span class='ocrx_word' id='word_1_81' title='bbox 554 1000 773 1081; x_wconf 76' lang='lat' dir='ltr'>supererisrvide</span> <span class='ocrx_word' id='word_1_82' title='bbox 785 1021 819 1060; x_wconf 91' lang='lat' dir='ltr'>ne</span> <span class='ocrx_word' id='word_1_83' title='bbox 871 1001 908 1079; x_wconf 76' lang='grc' dir='ltr'>μὴ</span> <span class='ocrx_word' id='word_1_84' title='bbox 933 986 978 1060; x_wconf 83' lang='grc' dir='ltr'>θιά</span> <span class='ocrx_word' id='word_1_85' title='bbox 1002 1006 1048 1060; x_wconf 86' lang='grc' dir='ltr'>τοῦ</span> <span class='ocrx_word' id='word_1_86' title='bbox 1063 999 1176 1061; x_wconf 80' lang='grc' dir='ltr'>πλοιίτοι</span> <span class='ocrx_word' id='word_1_87' title='bbox 1198 1005 1247 1072; x_wconf 80' lang='grc' dir='ltr'>τῆς</span> <span class='ocrx_word' id='word_1_88' title='bbox 1259 997 1454 1080; x_wconf 72' lang='grc' dir='ltr'>χρηστότητος</span> <span class='ocrx_word' id='word_1_89' title='bbox 1466 1003 1515 1057; x_wconf 84' lang='grc' dir='ltr'>τοῦ</span> <span class='ocrx_word' id='word_1_90' title='bbox 1527 999 1594 1058; x_wconf 85' lang='grc' dir='ltr'>Θεοῦ</span> <span class='ocrx_word' id='word_1_91' title='bbox 1604 998 1644 1056; x_wconf 81' lang='grc' dir='ltr'>καί</span> 
     </span>
     <span class='ocr_line' id='line_1_8' title="bbox 74 1077 1644 1171; baseline -0.004 -30"><span class='ocrx_word' id='word_1_92' title='bbox 74 1104 125 1167; x_wconf 81' lang='lat' dir='ltr'>per</span> <span class='ocrx_word' id='word_1_93' title='bbox 141 1081 252 1141; x_wconf 82' lang='lat' dir='ltr'>divitias</span> <span class='ocrx_word' id='word_1_94' title='bbox 264 1081 402 1157; x_wconf 78' lang='lat' dir='ltr'>honitatis,</span> <span class='ocrx_word' id='word_1_95' title='bbox 418 1080 564 1146; x_wconf 75' lang='lat' dir='ltr'>tolerantiae</span> <span class='ocrx_word' id='word_1_96' title='bbox 576 1094 601 1139; x_wconf 89' lang='lat' dir='ltr'>et</span> <span class='ocrx_word' id='word_1_97' title='bbox 619 1079 755 1171; x_wconf 76' lang='lat' dir='ltr'>patientie</span> <span class='ocrx_word' id='word_1_98' title='bbox 768 1080 818 1138; x_wconf 87' lang='lat' dir='ltr'>Dei</span> <span class='ocrx_word' id='word_1_99' title='bbox 868 1086 916 1153; x_wconf 75' lang='grc' dir='ltr'>τῆς</span> <span class='ocrx_word' id='word_1_100' title='bbox 929 1084 1028 1161; x_wconf 82' lang='grc' dir='ltr'>ἀνοχῆς</span> <span class='ocrx_word' id='word_1_101' title='bbox 1038 1080 1142 1151; x_wconf 74' lang='grc' dir='ltr'>καὶτῆς</span> <span class='ocrx_word' id='word_1_102' title='bbox 1156 1078 1344 1162; x_wconf 72' lang='grc' dir='ltr'>μακροθυμίας</span> <span class='ocrx_word' id='word_1_103' title='bbox 1352 1081 1545 1158; x_wconf 79' lang='grc' dir='ltr'>καταρρονῆς,</span> <span class='ocrx_word' id='word_1_104' title='bbox 1555 1077 1644 1147; x_wconf 68' lang='lat' dir='ltr'>rulhe-</span> 
     </span>
     <span class='ocr_line' id='line_1_9' title="bbox 76 1144 1644 1299; baseline -0.004 -78"><span class='ocrx_word' id='word_1_105' title='bbox 76 1175 241 1233; x_wconf 89' lang='lat' dir='ltr'>oontemnas‚</span> <span class='ocrx_word' id='word_1_106' title='bbox 255 1174 281 1220; x_wconf 89' lang='lat' dir='ltr'>ot</span> <span class='ocrx_word' id='word_1_107' title='bbox 294 1161 455 1220; x_wconf 81' lang='lat' dir='ltr'>thesaurires</span> <span class='ocrx_word' id='word_1_108' title='bbox 467 1159 519 1219; x_wconf 92' lang='lat' dir='ltr'>tibi</span> <span class='ocrx_word' id='word_1_109' title='bbox 535 1159 603 1219; x_wconf 91' lang='lat' dir='ltr'>iram</span> <span class='ocrx_word' id='word_1_110' title='bbox 613 1180 644 1250; x_wconf 38' lang='grc' dir='ltr'><strong>,ιιι</strong></span> <span class='ocrx_word' id='word_1_111' title='bbox 657 1160 704 1219; x_wconf 89' lang='lat' dir='ltr'>die</span> <span class='ocrx_word' id='word_1_112' title='bbox 718 1158 776 1231; x_wconf 82' lang='lat' dir='ltr'>irae,</span> <span class='ocrx_word' id='word_1_113' title='bbox 789 1172 820 1218; x_wconf 92' lang='lat' dir='ltr'>ut</span> <span class='ocrx_word' id='word_1_114' title='bbox 869 1159 997 1240; x_wconf 80' lang='grc' dir='ltr'>σαυρίσῃς</span> <span class='ocrx_word' id='word_1_115' title='bbox 1008 1183 1072 1220; x_wconf 82' lang='grc' dir='ltr'>σιαι</span> <span class='ocrx_word' id='word_1_116' title='bbox 1092 1159 1213 1299; x_wconf 57' lang='grc' dir='ltr'>’ρργλη</span> <span class='ocrx_word' id='word_1_117' title='bbox 1226 1156 1318 1224; x_wconf 75' lang='grc' dir='ltr'>καθώς</span> <span class='ocrx_word' id='word_1_118' title='bbox 1327 1156 1407 1236; x_wconf 73' lang='grc' dir='ltr'>λέγει</span> <span class='ocrx_word' id='word_1_119' title='bbox 1423 1160 1440 1215; x_wconf 85' lang='grc' dir='ltr'>θ</span> <span class='ocrx_word' id='word_1_120' title='bbox 1453 1144 1608 1223; x_wconf 72' lang='grc' dir='ltr'>ἀντίπαλος,</span> <span class='ocrx_word' id='word_1_121' title='bbox 1621 1158 1644 1214; x_wconf 85' lang='grc' dir='ltr'>ίν</span> 
     </span>
     <span class='ocr_line' id='line_1_10' title="bbox 77 1183 1645 1398; baseline -0.004 -19"><span class='ocrx_word' id='word_1_122' title='bbox 77 1241 271 1380; x_wconf 57' lang='grc' dir='ltr'>λιιι-ιιι</span> <span class='ocrx_word' id='word_1_123' title='bbox 283 1241 443 1378; x_wconf 62' lang='lat' dir='ltr'>arn</span> <span class='ocrx_word' id='word_1_124' title='bbox 454 1237 577 1379; x_wconf 75' lang='lat' dir='ltr'>tra</span> <span class='ocrx_word' id='word_1_125' title='bbox 587 1239 688 1378; x_wconf 82' lang='grc' dir='ltr'>ι</span> <span class='ocrx_word' id='word_1_126' title='bbox 699 1237 822 1377; x_wconf 60' lang='lat' dir='ltr'>‘tarr</span> <span class='ocrx_word' id='word_1_127' title='bbox 869 1183 1645 1398; x_wconf 58' lang='lat' dir='ltr'>northmannorum</span> 
     </span>
     <span class='ocr_line' id='line_1_11' title="bbox 79 1340 1644 1480; baseline -0.003 -21"><span class='ocrx_word' id='word_1_128' title='bbox 79 1420 170 1459; x_wconf 91' lang='lat' dir='ltr'>amore</span> <span class='ocrx_word' id='word_1_129' title='bbox 185 1341 332 1478; x_wconf 62' lang='lat' dir='ltr'>volupthtis</span> <span class='ocrx_word' id='word_1_130' title='bbox 346 1420 378 1458; x_wconf 91' lang='lat' dir='ltr'>ne</span> <span class='ocrx_word' id='word_1_131' title='bbox 389 1341 556 1480; x_wconf 72' lang='lat' dir='ltr'>premendis,</span> <span class='ocrx_word' id='word_1_132' title='bbox 572 1419 621 1457; x_wconf 88' lang='lat' dir='ltr'>nec</span> <span class='ocrx_word' id='word_1_133' title='bbox 634 1340 822 1476; x_wconf 61' lang='lat' dir='ltr'>ihcihiquimte</span> <span class='ocrx_word' id='word_1_134' title='bbox 835 1407 855 1457; x_wconf 85' lang='lat' dir='ltr'>c</span> <span class='ocrx_word' id='word_1_135' title='bbox 870 1397 916 1457; x_wconf 78' lang='grc' dir='ltr'>καὶ</span> <span class='ocrx_word' id='word_1_136' title='bbox 965 1343 1172 1476; x_wconf 62' lang='grc' dir='ltr'>ριιδοείρσαιρμιλ</span> <span class='ocrx_word' id='word_1_137' title='bbox 1187 1395 1347 1475; x_wconf 60' lang='grc' dir='ltr'>ἐπιμιίνγα,</span> <span class='ocrx_word' id='word_1_138' title='bbox 1417 1382 1606 1472; x_wconf 67' lang='grc' dir='ltr'>θμόαθίνρςέν</span> <span class='ocrx_word' id='word_1_139' title='bbox 1628 1398 1644 1413; x_wconf 85' lang='grc'><em>“</em></span> 
     </span>
     <span class='ocr_line' id='line_1_12' title="bbox 80 1475 1596 1623; baseline -0.003 -86"><span class='ocrx_word' id='word_1_140' title='bbox 80 1477 184 1537; x_wconf 79' lang='lat' dir='ltr'>radices</span> <span class='ocrx_word' id='word_1_141' title='bbox 196 1500 289 1559; x_wconf 86' lang='lat' dir='ltr'>ponas.</span> <span class='ocrx_word' id='word_1_142' title='bbox 305 1481 365 1538; x_wconf 87' lang='lat' dir='ltr'>Non</span> <span class='ocrx_word' id='word_1_143' title='bbox 384 1477 461 1537; x_wconf 86' lang='lat' dir='ltr'>rides</span> <span class='ocrx_word' id='word_1_144' title='bbox 481 1478 608 1568; x_wconf 83' lang='lat' dir='ltr'>angelum</span> <span class='ocrx_word' id='word_1_145' title='bbox 693 1489 782 1536; x_wconf 89' lang='lat' dir='ltr'>entem</span> <span class='ocrx_word' id='word_1_146' title='bbox 795 1491 821 1537; x_wconf 91' lang='lat' dir='ltr'>et</span> <span class='ocrx_word' id='word_1_147' title='bbox 871 1479 932 1536; x_wconf 86' lang='grc' dir='ltr'>ἀθικ</span> <span class='ocrx_word' id='word_1_148' title='bbox 944 1503 961 1537; x_wconf 88' lang='grc' dir='ltr'>α</span> <span class='ocrx_word' id='word_1_149' title='bbox 980 1499 1037 1536; x_wconf 82' lang='grc' dir='ltr'>σοι.</span> <span class='ocrx_word' id='word_1_150' title='bbox 1051 1478 1190 1623; x_wconf 43' lang='grc' dir='ltr'>θίγγθρᾷς</span> <span class='ocrx_word' id='word_1_151' title='bbox 1206 1476 1252 1536; x_wconf 73' lang='grc' dir='ltr'>τὀν</span> <span class='ocrx_word' id='word_1_152' title='bbox 1265 1475 1384 1555; x_wconf 75' lang='grc' dir='ltr'>ἄγγελον</span> <span class='ocrx_word' id='word_1_153' title='bbox 1402 1475 1596 1534; x_wconf 71' lang='grc' dir='ltr'>ἀκαλωθοῦνια</span> 
     </span>
     <span class='ocr_line' id='line_1_13' title="bbox 1035 1580 1093 1617; baseline -0.034 0"><span class='ocrx_word' id='word_1_154' title='bbox 1035 1580 1064 1617; x_wconf 89' lang='grc' dir='ltr'>ου</span> <span class='ocrx_word' id='word_1_155' title='bbox 1076 1580 1093 1615; x_wconf 90' lang='grc' dir='ltr'>τ</span> 
     </span>
    </p>
   </div>
   <div class='ocr_carea' id='block_1_3' title="bbox 1137 1542 1646 1638">
    <p class='ocr_par' dir='ltr' id='par_1_3' title="bbox 1137 1542 1646 1638">
     <span class='ocr_line' id='line_1_14' title="bbox 1137 1542 1646 1638; baseline -0.01 -22"><span class='ocrx_word' id='word_1_156' title='bbox 1137 1553 1260 1638; x_wconf 63' lang='grc' dir='ltr'>πράξειςς</span> <span class='ocrx_word' id='word_1_157' title='bbox 1278 1558 1329 1614; x_wconf 78' lang='grc' dir='ltr'>οὐκ</span> <span class='ocrx_word' id='word_1_158' title='bbox 1344 1542 1446 1626; x_wconf 70' lang='grc' dir='ltr'>οἶδας,</span> <span class='ocrx_word' id='word_1_159' title='bbox 1462 1554 1504 1614; x_wconf 75' lang='grc' dir='ltr'>ἀνι</span> <span class='ocrx_word' id='word_1_160' title='bbox 1526 1552 1592 1612; x_wconf 72' lang='lat' dir='ltr'>zoth</span> <span class='ocrx_word' id='word_1_161' title='bbox 1603 1551 1646 1624; x_wconf 74' lang='lat' dir='ltr'>mlo</span> 
     </span>
    </p>
   </div>
   <div class='ocr_carea' id='block_1_4' title="bbox 79 1538 1035 1695">
    <p class='ocr_par' dir='ltr' id='par_1_4' title="bbox 79 1538 1035 1695">
     <span class='ocr_line' id='line_1_15' title="bbox 79 1538 1035 1694; baseline -0.001 -78"><span class='ocrx_word' id='word_1_162' title='bbox 79 1558 240 1617; x_wconf 84' lang='lat' dir='ltr'>scribentem</span> <span class='ocrx_word' id='word_1_163' title='bbox 254 1571 327 1637; x_wconf 88' lang='lat' dir='ltr'>gesta</span> <span class='ocrx_word' id='word_1_164' title='bbox 349 1557 462 1616; x_wconf 71' lang='lat' dir='ltr'>tualan</span> <span class='ocrx_word' id='word_1_165' title='bbox 479 1578 564 1616; x_wconf 79' lang='lat' dir='ltr'>nescis</span> <span class='ocrx_word' id='word_1_166' title='bbox 588 1577 638 1694; x_wconf 74' lang='lat' dir='ltr'>ptr</span> <span class='ocrx_word' id='word_1_167' title='bbox 675 1557 781 1616; x_wconf 91' lang='lat' dir='ltr'>uritiem</span> <span class='ocrx_word' id='word_1_168' title='bbox 796 1569 822 1616; x_wconf 90' lang='lat' dir='ltr'>et</span> <span class='ocrx_word' id='word_1_169' title='bbox 870 1538 1035 1638; x_wconf 79' lang='grc' dir='ltr'>γράρθντοίσ</span> 
     </span>
     <span class='ocr_line' id='line_1_16' title="bbox 600 1656 647 1695; baseline -0.021 0"><span class='ocrx_word' id='word_1_170' title='bbox 600 1656 647 1695; x_wconf 91' lang='lat' dir='ltr'>cus</span> 
     </span>
    </p>
   </div>
   <div class='ocr_carea' id='block_1_5' title="bbox 41 1631 1648 4337">
    <p class='ocr_par' dir='ltr' id='par_1_5' title="bbox 41 1631 1648 4337">
     <span class='ocr_line' id='line_1_17' title="bbox 79 1631 1647 1718; baseline -0.004 -22"><span class='ocrx_word' id='word_1_171' title='bbox 79 1652 104 1696; x_wconf 84' lang='lat' dir='ltr'>et</span> <span class='ocrx_word' id='word_1_172' title='bbox 119 1637 345 1718; x_wconf 80' lang='lat' dir='ltr'>perseverantiam</span> <span class='ocrx_word' id='word_1_173' title='bbox 358 1650 432 1696; x_wconf 87' lang='lat' dir='ltr'>tuam</span> <span class='ocrx_word' id='word_1_174' title='bbox 446 1637 587 1716; x_wconf 74' lang='lat' dir='ltr'>gravinen</span> <span class='ocrx_word' id='word_1_175' title='bbox 659 1636 742 1711; x_wconf 86' lang='lat' dir='ltr'>effici,</span> <span class='ocrx_word' id='word_1_176' title='bbox 759 1656 822 1715; x_wconf 86' lang='lat' dir='ltr'>gra·</span> <span class='ocrx_word' id='word_1_177' title='bbox 871 1635 1041 1718; x_wconf 71' lang='grc' dir='ltr'>σκληρότητά</span> <span class='ocrx_word' id='word_1_178' title='bbox 1053 1659 1100 1695; x_wconf 94' lang='grc' dir='ltr'>σου</span> <span class='ocrx_word' id='word_1_179' title='bbox 1113 1635 1161 1695; x_wconf 75' lang='grc' dir='ltr'>καὶ</span> <span class='ocrx_word' id='word_1_180' title='bbox 1178 1632 1358 1713; x_wconf 76' lang='grc' dir='ltr'>ίπιμονὴντθ</span> <span class='ocrx_word' id='word_1_181' title='bbox 1378 1631 1465 1701; x_wconf 69' lang='grc' dir='ltr'>ἕλκος</span> <span class='ocrx_word' id='word_1_182' title='bbox 1484 1636 1572 1710; x_wconf 83' lang='grc' dir='ltr'>μεῖζον</span> <span class='ocrx_word' id='word_1_183' title='bbox 1589 1632 1647 1710; x_wconf 73' lang='grc' dir='ltr'>γίνο</span> 
     </span>
     <span class='ocr_line' id='line_1_18' title="bbox 79 1711 1644 1795; baseline -0.001 -21"><span class='ocrx_word' id='word_1_184' title='bbox 79 1716 142 1774; x_wconf 88' lang='lat' dir='ltr'>vins</span> <span class='ocrx_word' id='word_1_185' title='bbox 157 1715 285 1790; x_wconf 80' lang='lat' dir='ltr'>describi,</span> <span class='ocrx_word' id='word_1_186' title='bbox 302 1729 329 1775; x_wconf 91' lang='lat' dir='ltr'>ot</span> <span class='ocrx_word' id='word_1_187' title='bbox 349 1716 417 1775; x_wconf 90' lang='lat' dir='ltr'>iram</span> <span class='ocrx_word' id='word_1_188' title='bbox 438 1716 525 1794; x_wconf 89' lang='lat' dir='ltr'>magis</span> <span class='ocrx_word' id='word_1_189' title='bbox 547 1714 822 1777; x_wconf 75' lang='lat' dir='ltr'>incendttnescisex</span> <span class='ocrx_word' id='word_1_190' title='bbox 869 1714 985 1790; x_wconf 87' lang='grc' dir='ltr'>ται,κοιλ</span> <span class='ocrx_word' id='word_1_191' title='bbox 1000 1714 1168 1795; x_wconf 81' lang='grc' dir='ltr'>βαρίτερονγ</span> <span class='ocrx_word' id='word_1_192' title='bbox 1192 1712 1444 1794; x_wconf 78' lang='grc' dir='ltr'>’ρεται,καλθργὴ</span> <span class='ocrx_word' id='word_1_193' title='bbox 1456 1713 1538 1773; x_wconf 82' lang='grc' dir='ltr'>πλίον</span> <span class='ocrx_word' id='word_1_194' title='bbox 1549 1711 1644 1780; x_wconf 68' lang='grc' dir='ltr'>ἐξάπι-</span> 
     </span>
     <span class='ocr_line' id='line_1_19' title="bbox 78 1738 1646 1876; baseline -0.004 -21"><span class='ocrx_word' id='word_1_195' title='bbox 78 1796 211 1874; x_wconf 78' lang='lat' dir='ltr'>frequenti</span> <span class='ocrx_word' id='word_1_196' title='bbox 224 1796 293 1855; x_wconf 88' lang='lat' dir='ltr'>mala</span> <span class='ocrx_word' id='word_1_197' title='bbox 306 1796 459 1876; x_wconf 79' lang='lat' dir='ltr'>operatione</span> <span class='ocrx_word' id='word_1_198' title='bbox 472 1795 554 1866; x_wconf 84' lang='lat' dir='ltr'>effici,</span> <span class='ocrx_word' id='word_1_199' title='bbox 567 1808 596 1854; x_wconf 94' lang='lat' dir='ltr'>ut</span> <span class='ocrx_word' id='word_1_200' title='bbox 605 1793 708 1853; x_wconf 89' lang='lat' dir='ltr'>malum</span> <span class='ocrx_word' id='word_1_201' title='bbox 721 1793 822 1855; x_wconf 88' lang='lat' dir='ltr'>diffici·</span> <span class='ocrx_word' id='word_1_202' title='bbox 869 1818 931 1868; x_wconf 73' lang='grc' dir='ltr'>ταις</span> <span class='ocrx_word' id='word_1_203' title='bbox 945 1797 992 1854; x_wconf 69' lang='grc' dir='ltr'>οῦκ</span> <span class='ocrx_word' id='word_1_204' title='bbox 1002 1786 1088 1866; x_wconf 78' lang='grc' dir='ltr'>οἶδας,</span> <span class='ocrx_word' id='word_1_205' title='bbox 1102 1794 1144 1856; x_wconf 81' lang='grc' dir='ltr'>ὅτι</span> <span class='ocrx_word' id='word_1_206' title='bbox 1154 1738 1201 1854; x_wconf 56' lang='grc' dir='ltr'>ιθα</span> <span class='ocrx_word' id='word_1_207' title='bbox 1193 1792 1413 1873; x_wconf 81' lang='grc' dir='ltr'>κατεργάζεσθαι</span> <span class='ocrx_word' id='word_1_208' title='bbox 1422 1790 1558 1865; x_wconf 79' lang='grc' dir='ltr'>τὸκακὸν,</span> <span class='ocrx_word' id='word_1_209' title='bbox 1568 1789 1646 1858; x_wconf 64' lang='lat' dir='ltr'>haral·</span> 
     </span>
     <span class='ocr_line' id='line_1_20' title="bbox 79 1869 1646 1952; baseline -0.003 -19"><span class='ocrx_word' id='word_1_210' title='bbox 79 1874 134 1933; x_wconf 90' lang='lat' dir='ltr'>lius</span> <span class='ocrx_word' id='word_1_211' title='bbox 147 1874 279 1949; x_wconf 85' lang='lat' dir='ltr'>deleatnr;</span> <span class='ocrx_word' id='word_1_212' title='bbox 291 1889 321 1933; x_wconf 87' lang='lat' dir='ltr'>ut</span> <span class='ocrx_word' id='word_1_213' title='bbox 335 1875 364 1932; x_wconf 91' lang='lat' dir='ltr'>in</span> <span class='ocrx_word' id='word_1_214' title='bbox 376 1873 475 1934; x_wconf 89' lang='lat' dir='ltr'>tabella</span> <span class='ocrx_word' id='word_1_215' title='bbox 487 1874 651 1933; x_wconf 78' lang='lat' dir='ltr'>characteres</span> <span class='ocrx_word' id='word_1_216' title='bbox 664 1873 751 1933; x_wconf 86' lang='lat' dir='ltr'>levius</span> <span class='ocrx_word' id='word_1_217' title='bbox 765 1872 822 1934; x_wconf 85' lang='lat' dir='ltr'>int-</span> <span class='ocrx_word' id='word_1_218' title='bbox 871 1874 994 1934; x_wconf 86' lang='grc' dir='ltr'>ιίλειπιον</span> <span class='ocrx_word' id='word_1_219' title='bbox 1013 1873 1187 1947; x_wconf 83' lang='grc' dir='ltr'>καθίσταται,</span> <span class='ocrx_word' id='word_1_220' title='bbox 1213 1871 1306 1952; x_wconf 79' lang='grc' dir='ltr'>ὥσπερ</span> <span class='ocrx_word' id='word_1_221' title='bbox 1325 1874 1354 1931; x_wconf 83' lang='grc' dir='ltr'>ίν</span> <span class='ocrx_word' id='word_1_222' title='bbox 1371 1869 1474 1931; x_wconf 88' lang='grc' dir='ltr'>πίνακι</span> <span class='ocrx_word' id='word_1_223' title='bbox 1492 1874 1646 1952; x_wconf 69' lang='grc' dir='ltr'>χαρακτῆρες</span> 
     </span>
     <span class='ocr_line' id='line_1_21' title="bbox 79 1948 1644 2035; baseline -0.003 -22"><span class='ocrx_word' id='word_1_224' title='bbox 79 1953 175 2035; x_wconf 79' lang='lat' dir='ltr'>pressi,</span> <span class='ocrx_word' id='word_1_225' title='bbox 184 1953 289 2012; x_wconf 81' lang='lat' dir='ltr'>facilius</span> <span class='ocrx_word' id='word_1_226' title='bbox 302 1952 443 2028; x_wconf 89' lang='lat' dir='ltr'>delentur;</span> <span class='ocrx_word' id='word_1_227' title='bbox 456 1953 478 2012; x_wconf 93' lang='lat' dir='ltr'>si</span> <span class='ocrx_word' id='word_1_228' title='bbox 491 1951 651 2034; x_wconf 75' lang='lat' dir='ltr'>profundius</span> <span class='ocrx_word' id='word_1_229' title='bbox 664 1973 737 2028; x_wconf 81' lang='lat' dir='ltr'>vero,</span> <span class='ocrx_word' id='word_1_230' title='bbox 746 1952 822 2013; x_wconf 81' lang='lat' dir='ltr'>diiii·</span> <span class='ocrx_word' id='word_1_231' title='bbox 870 1958 896 2014; x_wconf 83' lang='grc' dir='ltr'>οἱ</span> <span class='ocrx_word' id='word_1_232' title='bbox 910 1952 958 2032; x_wconf 66' lang='grc' dir='ltr'>μὲν</span> <span class='ocrx_word' id='word_1_233' title='bbox 968 1953 1131 2034; x_wconf 81' lang='grc' dir='ltr'>κουροτίρως</span> <span class='ocrx_word' id='word_1_234' title='bbox 1142 1951 1344 2031; x_wconf 78' lang='grc' dir='ltr'>ίναποκείμτνοι</span> <span class='ocrx_word' id='word_1_235' title='bbox 1367 1953 1494 2030; x_wconf 77' lang='grc' dir='ltr'>εὐχερῶς</span> <span class='ocrx_word' id='word_1_236' title='bbox 1514 1948 1644 2010; x_wconf 67' lang='lat' dir='ltr'>mabal-</span> 
     </span>
     <span class='ocr_line' id='line_1_22' title="bbox 80 2029 1646 2114; baseline -0.003 -22"><span class='ocrx_word' id='word_1_237' title='bbox 80 2032 160 2092; x_wconf 79' lang='lat' dir='ltr'>eilins</span> <span class='ocrx_word' id='word_1_238' title='bbox 174 2033 397 2114; x_wconf 80' lang='lat' dir='ltr'>complanantur?</span> <span class='ocrx_word' id='word_1_239' title='bbox 407 2033 480 2092; x_wconf 82' lang='lat' dir='ltr'>Cave</span> <span class='ocrx_word' id='word_1_240' title='bbox 490 2045 643 2092; x_wconf 86' lang='lat' dir='ltr'>contemnas</span> <span class='ocrx_word' id='word_1_241' title='bbox 654 2054 725 2109; x_wconf 80' lang='lat' dir='ltr'>eum,</span> <span class='ocrx_word' id='word_1_242' title='bbox 739 2033 824 2111; x_wconf 90' lang='lat' dir='ltr'>quite</span> <span class='ocrx_word' id='word_1_243' title='bbox 870 2056 975 2103; x_wconf 84' lang='grc' dir='ltr'>νονται,</span> <span class='ocrx_word' id='word_1_244' title='bbox 989 2038 1014 2094; x_wconf 89' lang='lat' dir='ltr'>ol</span> <span class='ocrx_word' id='word_1_245' title='bbox 1027 2033 1055 2092; x_wconf 81' lang='grc' dir='ltr'>θθ</span> <span class='ocrx_word' id='word_1_246' title='bbox 1069 2031 1113 2093; x_wconf 84' lang='grc' dir='ltr'>θιά</span> <span class='ocrx_word' id='word_1_247' title='bbox 1128 2032 1223 2112; x_wconf 69' lang='grc' dir='ltr'>βάθους</span> <span class='ocrx_word' id='word_1_248' title='bbox 1242 2029 1457 2101; x_wconf 59' lang='lat' dir='ltr'>&amp;oetatem</span> <span class='ocrx_word' id='word_1_249' title='bbox 1479 2029 1646 2113; x_wconf 70' lang='grc' dir='ltr'>ὡρίσαανιαις</span> 
     </span>
     <span class='ocr_line' id='line_1_23' title="bbox 77 2105 1644 2195; baseline -0.002 -25"><span class='ocrx_word' id='word_1_250' title='bbox 77 2111 251 2193; x_wconf 81' lang='lat' dir='ltr'>judicaturus</span> <span class='ocrx_word' id='word_1_251' title='bbox 260 2126 387 2172; x_wconf 83' lang='lat' dir='ltr'>est:eave</span> <span class='ocrx_word' id='word_1_252' title='bbox 402 2133 436 2171; x_wconf 93' lang='lat' dir='ltr'>ne</span> <span class='ocrx_word' id='word_1_253' title='bbox 447 2132 619 2193; x_wconf 86' lang='lat' dir='ltr'>perseverans</span> <span class='ocrx_word' id='word_1_254' title='bbox 630 2112 760 2192; x_wconf 72' lang='lat' dir='ltr'>nsajorem</span> <span class='ocrx_word' id='word_1_255' title='bbox 771 2112 824 2172; x_wconf 93' lang='lat' dir='ltr'>ini·</span> <span class='ocrx_word' id='word_1_256' title='bbox 871 2112 944 2195; x_wconf 87' lang='grc' dir='ltr'>Ὅρα</span> <span class='ocrx_word' id='word_1_257' title='bbox 955 2105 1000 2173; x_wconf 78' lang='grc' dir='ltr'>οῦν</span> <span class='ocrx_word' id='word_1_258' title='bbox 1065 2111 1260 2194; x_wconf 69' lang='grc' dir='ltr'>πιριρρονήσῃς</span> <span class='ocrx_word' id='word_1_259' title='bbox 1273 2117 1321 2170; x_wconf 86' lang='grc' dir='ltr'>τοῦ</span> <span class='ocrx_word' id='word_1_260' title='bbox 1334 2107 1491 2189; x_wconf 52' lang='lat' dir='ltr'>gemme&amp;</span> <span class='ocrx_word' id='word_1_261' title='bbox 1504 2132 1536 2169; x_wconf 89' lang='grc' dir='ltr'>σε</span> <span class='ocrx_word' id='word_1_262' title='bbox 1548 2108 1644 2189; x_wconf 84' lang='grc' dir='ltr'>κρίνειν·</span> 
     </span>
     <span class='ocr_line' id='line_1_24' title="bbox 80 2183 1643 2272; baseline 0 -24"><span class='ocrx_word' id='word_1_263' title='bbox 80 2191 211 2271; x_wconf 81' lang='lat' dir='ltr'>quitatem</span> <span class='ocrx_word' id='word_1_264' title='bbox 223 2192 337 2267; x_wconf 85' lang='lat' dir='ltr'>efficias,</span> <span class='ocrx_word' id='word_1_265' title='bbox 352 2213 434 2271; x_wconf 90' lang='lat' dir='ltr'>quam</span> <span class='ocrx_word' id='word_1_266' title='bbox 448 2213 508 2269; x_wconf 79' lang='lat' dir='ltr'>quae</span> <span class='ocrx_word' id='word_1_267' title='bbox 529 2191 631 2250; x_wconf 84' lang='lat' dir='ltr'>remitti</span> <span class='ocrx_word' id='word_1_268' title='bbox 652 2191 745 2272; x_wconf 86' lang='lat' dir='ltr'>possit.</span> <span class='ocrx_word' id='word_1_269' title='bbox 758 2192 824 2253; x_wconf 86' lang='lat' dir='ltr'>Ideo</span> <span class='ocrx_word' id='word_1_270' title='bbox 870 2183 1011 2272; x_wconf 74' lang='grc' dir='ltr'>θραυῦνμ</span> <span class='ocrx_word' id='word_1_271' title='bbox 1042 2191 1184 2271; x_wconf 80' lang='grc' dir='ltr'>ἀπιμίνοιν,</span> <span class='ocrx_word' id='word_1_272' title='bbox 1198 2192 1284 2269; x_wconf 80' lang='grc' dir='ltr'>μείζω</span> <span class='ocrx_word' id='word_1_273' title='bbox 1299 2191 1387 2260; x_wconf 81' lang='grc' dir='ltr'>τῆςά</span> <span class='ocrx_word' id='word_1_274' title='bbox 1444 2213 1496 2256; x_wconf 84' lang='grc' dir='ltr'>εως</span> <span class='ocrx_word' id='word_1_275' title='bbox 1511 2211 1643 2248; x_wconf 71' lang='lat' dir='ltr'>mores·</span> 
     </span>
     <span class='ocr_line' id='line_1_25' title="bbox 80 2269 1646 2353; baseline -0.001 -24"><span class='ocrx_word' id='word_1_276' title='bbox 80 2272 109 2330; x_wconf 86' lang='lat' dir='ltr'>in</span> <span class='ocrx_word' id='word_1_277' title='bbox 122 2272 248 2332; x_wconf 89' lang='lat' dir='ltr'>omnibus</span> <span class='ocrx_word' id='word_1_278' title='bbox 261 2292 352 2331; x_wconf 87' lang='lat' dir='ltr'>omnes</span> <span class='ocrx_word' id='word_1_279' title='bbox 372 2271 547 2353; x_wconf 66' lang='lat' dir='ltr'>praemunivit</span> <span class='ocrx_word' id='word_1_280' title='bbox 558 2271 709 2353; x_wconf 86' lang='lat' dir='ltr'>paraeletus</span> <span class='ocrx_word' id='word_1_281' title='bbox 721 2272 822 2332; x_wconf 77' lang='grc' dir='ltr'>θοινυε-</span> <span class='ocrx_word' id='word_1_282' title='bbox 870 2271 986 2352; x_wconf 75' lang='grc' dir='ltr'>ιίοῃςσοι</span> <span class='ocrx_word' id='word_1_283' title='bbox 999 2270 1380 2350; x_wconf 63' lang='grc' dir='ltr'>τὴνάνομίοινΔιθταῦιοπε</span> <span class='ocrx_word' id='word_1_284' title='bbox 1421 2269 1646 2348; x_wconf 69' lang='grc' dir='ltr'>πάντακροπσρτ-</span> 
     </span>
     <span class='ocr_line' id='line_1_26' title="bbox 101 2346 1644 2433; baseline -0.001 -25"><span class='ocrx_word' id='word_1_285' title='bbox 101 2373 133 2410; x_wconf 85' lang='grc' dir='ltr'>ιιε</span> <span class='ocrx_word' id='word_1_286' title='bbox 144 2350 304 2433; x_wconf 59' lang='lat' dir='ltr'>Spirituset</span> <span class='ocrx_word' id='word_1_287' title='bbox 314 2351 350 2411; x_wconf 92' lang='lat' dir='ltr'>de</span> <span class='ocrx_word' id='word_1_288' title='bbox 358 2351 700 2426; x_wconf 79' lang='lat' dir='ltr'>omnibusoommonesecit,</span> <span class='ocrx_word' id='word_1_289' title='bbox 710 2372 820 2429; x_wconf 82' lang='lat' dir='ltr'>quomo</span> <span class='ocrx_word' id='word_1_290' title='bbox 870 2350 963 2411; x_wconf 85' lang='grc' dir='ltr'>λίσατο</span> <span class='ocrx_word' id='word_1_291' title='bbox 974 2362 1041 2412; x_wconf 74' lang='grc' dir='ltr'>πᾶσι</span> <span class='ocrx_word' id='word_1_292' title='bbox 1060 2351 1093 2411; x_wconf 83' lang='lat' dir='ltr'>rh</span> <span class='ocrx_word' id='word_1_293' title='bbox 1103 2349 1275 2433; x_wconf 84' lang='grc' dir='ltr'>παράκλητον</span> <span class='ocrx_word' id='word_1_294' title='bbox 1286 2349 1333 2408; x_wconf 80' lang='grc' dir='ltr'>καλ</span> <span class='ocrx_word' id='word_1_295' title='bbox 1350 2349 1460 2427; x_wconf 68' lang='grc' dir='ltr'>ἀγαθὸν</span> <span class='ocrx_word' id='word_1_296' title='bbox 1474 2346 1644 2425; x_wconf 78' lang='grc' dir='ltr'>Πνιῦμα,ιιά</span> 
     </span>
     <span class='ocr_line' id='line_1_27' title="bbox 80 2373 1644 2523; baseline -0.001 -34"><span class='ocrx_word' id='word_1_297' title='bbox 80 2373 118 2489; x_wconf 79' lang='lat' dir='ltr'>do</span> <span class='ocrx_word' id='word_1_298' title='bbox 130 2431 277 2491; x_wconf 77' lang='lat' dir='ltr'>fornicator</span> <span class='ocrx_word' id='word_1_299' title='bbox 286 2453 320 2491; x_wconf 86' lang='lat' dir='ltr'>ex</span> <span class='ocrx_word' id='word_1_300' title='bbox 332 2431 415 2512; x_wconf 87' lang='lat' dir='ltr'>regiis</span> <span class='ocrx_word' id='word_1_301' title='bbox 427 2430 531 2511; x_wconf 86' lang='lat' dir='ltr'>nuptiis</span> <span class='ocrx_word' id='word_1_302' title='bbox 541 2451 603 2489; x_wconf 91' lang='lat' dir='ltr'>cum</span> <span class='ocrx_word' id='word_1_303' title='bbox 613 2430 762 2523; x_wconf 87' lang='lat' dir='ltr'>ignominia</span> <span class='ocrx_word' id='word_1_304' title='bbox 775 2432 824 2513; x_wconf 84' lang='lat' dir='ltr'>eji-</span> <span class='ocrx_word' id='word_1_305' title='bbox 870 2430 1120 2509; x_wconf 81' lang='grc' dir='ltr'>πάνταθπίμνησε,</span> <span class='ocrx_word' id='word_1_306' title='bbox 1134 2427 1397 2510; x_wconf 79' lang='grc' dir='ltr'>καλπῶςθπθρνος</span> <span class='ocrx_word' id='word_1_307' title='bbox 1411 2430 1509 2488; x_wconf 87' lang='grc' dir='ltr'>ἐκτοῦ</span> <span class='ocrx_word' id='word_1_308' title='bbox 1632 2432 1644 2446; x_wconf 83' lang='grc'><strong>“</strong></span> 
     </span>
     <span class='ocr_line' id='line_1_28' title="bbox 81 2505 1646 2590; baseline -0.003 -21"><span class='ocrx_word' id='word_1_309' title='bbox 81 2510 178 2585; x_wconf 88' lang='lat' dir='ltr'>ciatnr,</span> <span class='ocrx_word' id='word_1_310' title='bbox 193 2510 332 2589; x_wconf 90' lang='lat' dir='ltr'>quomodo</span> <span class='ocrx_word' id='word_1_311' title='bbox 342 2512 464 2590; x_wconf 87' lang='lat' dir='ltr'>quinque</span> <span class='ocrx_word' id='word_1_312' title='bbox 474 2511 554 2569; x_wconf 82' lang='lat' dir='ltr'>fatuae</span> <span class='ocrx_word' id='word_1_313' title='bbox 566 2509 687 2590; x_wconf 83' lang='lat' dir='ltr'>virgines</span> <span class='ocrx_word' id='word_1_314' title='bbox 696 2510 732 2570; x_wconf 94' lang='lat' dir='ltr'>ob</span> <span class='ocrx_word' id='word_1_315' title='bbox 740 2510 823 2571; x_wconf 85' lang='lat' dir='ltr'>inhn-</span> <span class='ocrx_word' id='word_1_316' title='bbox 837 2525 856 2573; x_wconf 87' lang='lat' dir='ltr'>b</span> <span class='ocrx_word' id='word_1_317' title='bbox 869 2510 956 2589; x_wconf 82' lang='grc' dir='ltr'>γάμου</span> <span class='ocrx_word' id='word_1_318' title='bbox 964 2514 1022 2590; x_wconf 87' lang='grc' dir='ltr'>μετ’</span> <span class='ocrx_word' id='word_1_319' title='bbox 1036 2508 1164 2590; x_wconf 72' lang='grc' dir='ltr'>αἰσχύνης</span> <span class='ocrx_word' id='word_1_320' title='bbox 1174 2507 1355 2579; x_wconf 75' lang='grc' dir='ltr'>ίκθιίλλεται,</span> <span class='ocrx_word' id='word_1_321' title='bbox 1367 2512 1432 2576; x_wconf 83' lang='grc' dir='ltr'>πῶς</span> <span class='ocrx_word' id='word_1_322' title='bbox 1443 2507 1473 2567; x_wconf 80' lang='grc' dir='ltr'>δὲ</span> <span class='ocrx_word' id='word_1_323' title='bbox 1486 2530 1534 2566; x_wconf 87' lang='grc' dir='ltr'>και</span> <span class='ocrx_word' id='word_1_324' title='bbox 1545 2510 1572 2565; x_wconf 79' lang='lat' dir='ltr'>el</span> <span class='ocrx_word' id='word_1_325' title='bbox 1581 2505 1646 2565; x_wconf 72' lang='grc' dir='ltr'>πέντε</span> 
     </span>
     <span class='ocr_line' id='line_1_29' title="bbox 80 2584 1645 2671; baseline -0.002 -23"><span class='ocrx_word' id='word_1_326' title='bbox 80 2590 236 2648; x_wconf 80' lang='lat' dir='ltr'>inanitatem</span> <span class='ocrx_word' id='word_1_327' title='bbox 249 2612 284 2650; x_wconf 89' lang='lat' dir='ltr'>ex</span> <span class='ocrx_word' id='word_1_328' title='bbox 297 2591 395 2651; x_wconf 84' lang='lat' dir='ltr'>caelesti</span> <span class='ocrx_word' id='word_1_329' title='bbox 427 2590 509 2649; x_wconf 91' lang='lat' dir='ltr'>audio</span> <span class='ocrx_word' id='word_1_330' title='bbox 524 2589 641 2649; x_wconf 76' lang='lat' dir='ltr'>excluse</span> <span class='ocrx_word' id='word_1_331' title='bbox 661 2590 727 2663; x_wconf 89' lang='lat' dir='ltr'>sint,</span> <span class='ocrx_word' id='word_1_332' title='bbox 748 2612 821 2670; x_wconf 87' lang='lat' dir='ltr'>quo·</span> <span class='ocrx_word' id='word_1_333' title='bbox 872 2592 960 2669; x_wconf 73' lang='grc' dir='ltr'>μωραὶ</span> <span class='ocrx_word' id='word_1_334' title='bbox 975 2589 1099 2671; x_wconf 90' lang='grc' dir='ltr'>παρθίνοι</span> <span class='ocrx_word' id='word_1_335' title='bbox 1112 2587 1157 2649; x_wconf 84' lang='grc' dir='ltr'>διά</span> <span class='ocrx_word' id='word_1_336' title='bbox 1171 2588 1301 2661; x_wconf 73' lang='grc' dir='ltr'>ἀπήνειαν</span> <span class='ocrx_word' id='word_1_337' title='bbox 1315 2584 1645 2658; x_wconf 72' lang='grc' dir='ltr'>ἔξωάπεκλείσθησαντῐς</span> 
     </span>
     <span class='ocr_line' id='line_1_30' title="bbox 81 2610 1644 2751; baseline -0.005 -23"><span class='ocrx_word' id='word_1_338' title='bbox 81 2667 162 2728; x_wconf 90' lang='lat' dir='ltr'>modo</span> <span class='ocrx_word' id='word_1_339' title='bbox 175 2669 251 2730; x_wconf 83' lang='lat' dir='ltr'>dives</span> <span class='ocrx_word' id='word_1_340' title='bbox 265 2668 313 2729; x_wconf 91' lang='lat' dir='ltr'>ille</span> <span class='ocrx_word' id='word_1_341' title='bbox 325 2671 361 2730; x_wconf 95' lang='lat' dir='ltr'>oh</span> <span class='ocrx_word' id='word_1_342' title='bbox 380 2610 549 2751; x_wconf 69' lang='lat' dir='ltr'>voluptatem</span> <span class='ocrx_word' id='word_1_343' title='bbox 566 2684 594 2729; x_wconf 88' lang='lat' dir='ltr'>et</span> <span class='ocrx_word' id='word_1_344' title='bbox 614 2669 746 2730; x_wconf 87' lang='lat' dir='ltr'>immitem</span> <span class='ocrx_word' id='word_1_345' title='bbox 759 2672 821 2730; x_wconf 89' lang='lat' dir='ltr'>ani·</span> <span class='ocrx_word' id='word_1_346' title='bbox 869 2670 989 2731; x_wconf 73' lang='lat' dir='ltr'>elusim</span> <span class='ocrx_word' id='word_1_347' title='bbox 1010 2695 1048 2751; x_wconf 90' lang='grc' dir='ltr'>χα</span> <span class='ocrx_word' id='word_1_348' title='bbox 1084 2693 1116 2744; x_wconf 86' lang='grc' dir='ltr'>ς,</span> <span class='ocrx_word' id='word_1_349' title='bbox 1133 2671 1191 2736; x_wconf 85' lang='grc' dir='ltr'>πῶς</span> <span class='ocrx_word' id='word_1_350' title='bbox 1205 2674 1219 2728; x_wconf 85' lang='grc' dir='ltr'>θ</span> <span class='ocrx_word' id='word_1_351' title='bbox 1233 2665 1363 2735; x_wconf 81' lang='grc' dir='ltr'>πλούσιος</span> <span class='ocrx_word' id='word_1_352' title='bbox 1381 2669 1489 2735; x_wconf 75' lang='grc' dir='ltr'>ἐκεῖνος</span> <span class='ocrx_word' id='word_1_353' title='bbox 1503 2667 1575 2726; x_wconf 83' lang='grc' dir='ltr'>διθτ</span> <span class='ocrx_word' id='word_1_354' title='bbox 1628 2689 1644 2734; x_wconf 82' lang='grc' dir='ltr'>,ν</span> 
     </span>
     <span class='ocr_line' id='line_1_31' title="bbox 81 2695 1556 2831; baseline 0.001 -24"><span class='ocrx_word' id='word_1_355' title='bbox 81 2769 145 2808; x_wconf 86' lang='lat' dir='ltr'>num</span> <span class='ocrx_word' id='word_1_356' title='bbox 160 2749 454 2816; x_wconf 84' lang='lat' dir='ltr'>locumtormeotonrm</span> <span class='ocrx_word' id='word_1_357' title='bbox 466 2749 576 2809; x_wconf 89' lang='lat' dir='ltr'>sortitus</span> <span class='ocrx_word' id='word_1_358' title='bbox 584 2749 823 2831; x_wconf 67' lang='lat' dir='ltr'>sit;similitergue</span> <span class='ocrx_word' id='word_1_359' title='bbox 870 2695 916 2810; x_wconf 75' lang='lat' dir='ltr'>rel</span> <span class='ocrx_word' id='word_1_360' title='bbox 929 2750 978 2823; x_wconf 76' lang='grc' dir='ltr'>τλν</span> <span class='ocrx_word' id='word_1_361' title='bbox 996 2749 1046 2822; x_wconf 82' lang='grc' dir='ltr'>ἀνή</span> <span class='ocrx_word' id='word_1_362' title='bbox 1079 2773 1107 2810; x_wconf 92' lang='grc' dir='ltr'>ον</span> <span class='ocrx_word' id='word_1_363' title='bbox 1131 2750 1211 2807; x_wconf 77' lang='grc' dir='ltr'>αὐτοῦ</span> <span class='ocrx_word' id='word_1_364' title='bbox 1230 2745 1343 2827; x_wconf 79' lang='grc' dir='ltr'>γνώμην</span> <span class='ocrx_word' id='word_1_365' title='bbox 1363 2748 1396 2806; x_wconf 75' lang='grc' dir='ltr'>ἐν</span> <span class='ocrx_word' id='word_1_366' title='bbox 1419 2749 1461 2826; x_wconf 77' lang='grc' dir='ltr'>τῷ</span> <span class='ocrx_word' id='word_1_367' title='bbox 1477 2745 1556 2827; x_wconf 77' lang='grc' dir='ltr'>τάπερ</span> 
     </span>
     <span class='ocr_line' id='line_1_32' title="bbox 80 2824 1646 2970; baseline -0.002 -84"><span class='ocrx_word' id='word_1_368' title='bbox 80 2829 151 2888; x_wconf 88' lang='lat' dir='ltr'>alius</span> <span class='ocrx_word' id='word_1_369' title='bbox 163 2828 252 2905; x_wconf 87' lang='lat' dir='ltr'>dives,</span> <span class='ocrx_word' id='word_1_370' title='bbox 263 2829 311 2922; x_wconf 71' lang='lat' dir='ltr'>gui</span> <span class='ocrx_word' id='word_1_371' title='bbox 330 2829 427 2890; x_wconf 89' lang='lat' dir='ltr'>horrea</span> <span class='ocrx_word' id='word_1_372' title='bbox 440 2851 488 2890; x_wconf 88' lang='lat' dir='ltr'>sua</span> <span class='ocrx_word' id='word_1_373' title='bbox 502 2829 671 2903; x_wconf 81' lang='lat' dir='ltr'>extendebat,</span> <span class='ocrx_word' id='word_1_374' title='bbox 685 2829 823 2970; x_wconf 74' lang='grc' dir='ltr'>ιιιιιθαχυε</span> <span class='ocrx_word' id='word_1_375' title='bbox 870 2832 918 2900; x_wconf 74' lang='grc' dir='ltr'>τῆς</span> <span class='ocrx_word' id='word_1_376' title='bbox 930 2830 1047 2908; x_wconf 86' lang='grc' dir='ltr'>βασάνου</span> <span class='ocrx_word' id='word_1_377' title='bbox 1057 2827 1161 2909; x_wconf 72' lang='grc' dir='ltr'>ἶλσχιν.</span> <span class='ocrx_word' id='word_1_378' title='bbox 1175 2825 1294 2904; x_wconf 83' lang='grc' dir='ltr'>Ὁμοίως</span> <span class='ocrx_word' id='word_1_379' title='bbox 1302 2826 1379 2886; x_wconf 80' lang='grc' dir='ltr'>καλθ</span> <span class='ocrx_word' id='word_1_380' title='bbox 1392 2824 1488 2905; x_wconf 75' lang='grc' dir='ltr'>θτιρος</span> <span class='ocrx_word' id='word_1_381' title='bbox 1496 2824 1646 2894; x_wconf 55' lang='lat' dir='ltr'>dolerent</span> 
     </span>
     <span class='ocr_line' id='line_1_33' title="bbox 81 2904 1644 2990; baseline -0.002 -23"><span class='ocrx_word' id='word_1_382' title='bbox 81 2909 242 2968; x_wconf 83' lang='lat' dir='ltr'>recondebat</span> <span class='ocrx_word' id='word_1_383' title='bbox 260 2931 318 2970; x_wconf 85' lang='lat' dir='ltr'>sine</span> <span class='ocrx_word' id='word_1_384' title='bbox 340 2910 427 2985; x_wconf 85' lang='lat' dir='ltr'>lucro,</span> <span class='ocrx_word' id='word_1_385' title='bbox 440 2910 502 2990; x_wconf 85' lang='lat' dir='ltr'>jure</span> <span class='ocrx_word' id='word_1_386' title='bbox 514 2908 614 2969; x_wconf 86' lang='lat' dir='ltr'>stultus</span> <span class='ocrx_word' id='word_1_387' title='bbox 633 2908 753 2971; x_wconf 73' lang='lat' dir='ltr'>audivit</span> <span class='ocrx_word' id='word_1_388' title='bbox 792 2931 823 2970; x_wconf 88' lang='lat' dir='ltr'>oe</span> <span class='ocrx_word' id='word_1_389' title='bbox 870 2909 918 2978; x_wconf 81' lang='grc' dir='ltr'>τθς</span> <span class='ocrx_word' id='word_1_390' title='bbox 934 2909 1070 2983; x_wconf 73' lang='grc' dir='ltr'>ἀποθήκας</span> <span class='ocrx_word' id='word_1_391' title='bbox 1083 2906 1205 2969; x_wconf 81' lang='grc' dir='ltr'>ίκτιίνων</span> <span class='ocrx_word' id='word_1_392' title='bbox 1218 2906 1265 2964; x_wconf 80' lang='grc' dir='ltr'>καὶ</span> <span class='ocrx_word' id='word_1_393' title='bbox 1279 2905 1413 2987; x_wconf 78' lang='grc' dir='ltr'>ουνάγιαε</span> <span class='ocrx_word' id='word_1_394' title='bbox 1425 2907 1521 2966; x_wconf 71' lang='grc' dir='ltr'>πολλὰ</span> <span class='ocrx_word' id='word_1_395' title='bbox 1536 2904 1580 2966; x_wconf 81' lang='grc' dir='ltr'>καὶ</span> <span class='ocrx_word' id='word_1_396' title='bbox 1591 2925 1644 2982; x_wconf 79' lang='grc' dir='ltr'>κιρ·</span> 
     </span>
     <span class='ocr_line' id='line_1_34' title="bbox 81 2985 1644 3070; baseline -0.001 -23"><span class='ocrx_word' id='word_1_397' title='bbox 81 2988 210 3068; x_wconf 83' lang='lat' dir='ltr'>ignoratis</span> <span class='ocrx_word' id='word_1_398' title='bbox 230 2989 299 3067; x_wconf 78' lang='lat' dir='ltr'>qtrid</span> <span class='ocrx_word' id='word_1_399' title='bbox 317 2989 450 3051; x_wconf 88' lang='lat' dir='ltr'>audierint</span> <span class='ocrx_word' id='word_1_400' title='bbox 464 2988 494 3062; x_wconf 88' lang='lat' dir='ltr'>ii,</span> <span class='ocrx_word' id='word_1_401' title='bbox 516 2988 565 3067; x_wconf 86' lang='lat' dir='ltr'>qni</span> <span class='ocrx_word' id='word_1_402' title='bbox 583 2987 728 3048; x_wconf 87' lang='lat' dir='ltr'>asinistris</span> <span class='ocrx_word' id='word_1_403' title='bbox 778 2990 823 3049; x_wconf 87' lang='lat' dir='ltr'>siti</span> <span class='ocrx_word' id='word_1_404' title='bbox 871 2988 968 3049; x_wconf 85' lang='grc' dir='ltr'>θαίνων</span> <span class='ocrx_word' id='word_1_405' title='bbox 981 2988 1065 3058; x_wconf 81' lang='grc' dir='ltr'>οθθθν,</span> <span class='ocrx_word' id='word_1_406' title='bbox 1078 2987 1169 3070; x_wconf 80' lang='grc' dir='ltr'>ἀρρων</span> <span class='ocrx_word' id='word_1_407' title='bbox 1182 2985 1292 3052; x_wconf 83' lang='grc' dir='ltr'>δικαίως</span> <span class='ocrx_word' id='word_1_408' title='bbox 1304 2985 1439 3056; x_wconf 75' lang='grc' dir='ltr'>ἤκουσεν.</span> <span class='ocrx_word' id='word_1_409' title='bbox 1456 2988 1522 3046; x_wconf 66' lang='lat'>032</span> <span class='ocrx_word' id='word_1_410' title='bbox 1541 2987 1644 3065; x_wconf 78' lang='grc' dir='ltr'>ἀγνοεῖτε</span> 
     </span>
     <span class='ocr_line' id='line_1_35' title="bbox 80 3064 1645 3148; baseline -0.003 -22"><span class='ocrx_word' id='word_1_411' title='bbox 80 3082 167 3141; x_wconf 84' lang='lat' dir='ltr'>erant,</span> <span class='ocrx_word' id='word_1_412' title='bbox 184 3067 259 3147; x_wconf 89' lang='lat' dir='ltr'>quod</span> <span class='ocrx_word' id='word_1_413' title='bbox 272 3069 307 3128; x_wconf 93' lang='lat' dir='ltr'>dc</span> <span class='ocrx_word' id='word_1_414' title='bbox 323 3069 401 3130; x_wconf 90' lang='lat' dir='ltr'>honis</span> <span class='ocrx_word' id='word_1_415' title='bbox 414 3068 469 3129; x_wconf 86' lang='lat' dir='ltr'>suis</span> <span class='ocrx_word' id='word_1_416' title='bbox 482 3089 535 3128; x_wconf 92' lang='lat' dir='ltr'>non</span> <span class='ocrx_word' id='word_1_417' title='bbox 548 3081 710 3148; x_wconf 87' lang='lat' dir='ltr'>erogassent.</span> <span class='ocrx_word' id='word_1_418' title='bbox 748 3090 825 3129; x_wconf 86' lang='lat' dir='ltr'>orem</span> <span class='ocrx_word' id='word_1_419' title='bbox 874 3067 901 3129; x_wconf 81' lang='grc' dir='ltr'>θλ</span> <span class='ocrx_word' id='word_1_420' title='bbox 919 3068 947 3128; x_wconf 85' lang='grc' dir='ltr'>τί</span> <span class='ocrx_word' id='word_1_421' title='bbox 966 3068 1055 3130; x_wconf 80' lang='grc' dir='ltr'>καλοί</span> <span class='ocrx_word' id='word_1_422' title='bbox 1077 3066 1261 3144; x_wconf 77' lang='grc' dir='ltr'>ίξεῦωνθμων</span> <span class='ocrx_word' id='word_1_423' title='bbox 1283 3064 1330 3126; x_wconf 85' lang='grc' dir='ltr'>θιά</span> <span class='ocrx_word' id='word_1_424' title='bbox 1347 3065 1527 3144; x_wconf 83' lang='grc' dir='ltr'>ἀμιτάθοτον</span> <span class='ocrx_word' id='word_1_425' title='bbox 1537 3065 1645 3137; x_wconf 63' lang='lat' dir='ltr'>hemon</span> 
     </span>
     <span class='ocr_line' id='line_1_36' title="bbox 41 3141 1646 3229; baseline -0.004 -21"><span class='ocrx_word' id='word_1_426' title='bbox 41 3197 54 3228; x_wconf 39' lang='lat'>‚¹</span> <span class='ocrx_word' id='word_1_427' title='bbox 81 3168 147 3208; x_wconf 80' lang='lat' dir='ltr'>vero</span> <span class='ocrx_word' id='word_1_428' title='bbox 162 3148 297 3208; x_wconf 91' lang='lat' dir='ltr'>Dominus</span> <span class='ocrx_word' id='word_1_429' title='bbox 309 3148 474 3209; x_wconf 90' lang='lat' dir='ltr'>homicidam</span> <span class='ocrx_word' id='word_1_430' title='bbox 484 3147 640 3229; x_wconf 85' lang='lat' dir='ltr'>appellavit,</span> <span class='ocrx_word' id='word_1_431' title='bbox 649 3147 825 3209; x_wconf 78' lang='lat' dir='ltr'>dioenerur</span> <span class='ocrx_word' id='word_1_432' title='bbox 872 3150 933 3210; x_wconf 64' lang='lat' dir='ltr'>’rto</span> <span class='ocrx_word' id='word_1_433' title='bbox 947 3147 1137 3218; x_wconf 69' lang='grc' dir='ltr'>θλκλίιπςνθ</span> <span class='ocrx_word' id='word_1_434' title='bbox 1153 3146 1249 3229; x_wconf 82' lang='grc' dir='ltr'>Κύριος</span> <span class='ocrx_word' id='word_1_435' title='bbox 1268 3143 1354 3225; x_wconf 88' lang='grc' dir='ltr'>ρονία</span> <span class='ocrx_word' id='word_1_436' title='bbox 1375 3145 1499 3206; x_wconf 83' lang='grc' dir='ltr'>ἀκάλεσε</span> <span class='ocrx_word' id='word_1_437' title='bbox 1521 3141 1646 3222; x_wconf 81' lang='grc' dir='ltr'>λε’γυν,Ὁ</span> 
     </span>
     <span class='ocr_line' id='line_1_37' title="bbox 84 3221 1646 3320; baseline -0.004 -34"><span class='ocrx_word' id='word_1_438' title='bbox 84 3249 144 3286; x_wconf 85' lang='lat' dir='ltr'>non</span> <span class='ocrx_word' id='word_1_439' title='bbox 160 3232 255 3299; x_wconf 82' lang='lat' dir='ltr'>venit,</span> <span class='ocrx_word' id='word_1_440' title='bbox 269 3232 325 3287; x_wconf 84' lang='lat' dir='ltr'>nisi</span> <span class='ocrx_word' id='word_1_441' title='bbox 339 3242 370 3288; x_wconf 84' lang='lat' dir='ltr'>ut</span> <span class='ocrx_word' id='word_1_442' title='bbox 373 3231 497 3320; x_wconf 76' lang='lat' dir='ltr'>juretur</span> <span class='ocrx_word' id='word_1_443' title='bbox 505 3240 534 3287; x_wconf 91' lang='lat' dir='ltr'>et</span> <span class='ocrx_word' id='word_1_444' title='bbox 546 3240 654 3288; x_wconf 83' lang='lat' dir='ltr'>mactet</span> <span class='ocrx_word' id='word_1_445' title='bbox 670 3240 698 3286; x_wconf 88' lang='lat' dir='ltr'>et</span> <span class='ocrx_word' id='word_1_446' title='bbox 709 3230 823 3308; x_wconf 85' lang='lat' dir='ltr'>perdat.</span> <span class='ocrx_word' id='word_1_447' title='bbox 874 3229 990 3298; x_wconf 75' lang='grc' dir='ltr'>κλέπτεις</span> <span class='ocrx_word' id='word_1_448' title='bbox 1004 3229 1051 3288; x_wconf 82' lang='grc' dir='ltr'>οὐκ</span> <span class='ocrx_word' id='word_1_449' title='bbox 1073 3227 1235 3308; x_wconf 74' lang='grc' dir='ltr'>θρχεται,εί</span> <span class='ocrx_word' id='word_1_450' title='bbox 1255 3224 1293 3302; x_wconf 71' lang='grc' dir='ltr'>μὴ</span> <span class='ocrx_word' id='word_1_451' title='bbox 1305 3223 1353 3284; x_wconf 80' lang='grc' dir='ltr'>ἵνα</span> <span class='ocrx_word' id='word_1_452' title='bbox 1368 3225 1421 3285; x_wconf 80' lang='grc' dir='ltr'>κλέ</span> <span class='ocrx_word' id='word_1_453' title='bbox 1448 3292 1454 3306; x_wconf 35' lang='lat'>⁸</span> <span class='ocrx_word' id='word_1_454' title='bbox 1480 3226 1528 3283; x_wconf 77' lang='grc' dir='ltr'>καί</span> <span class='ocrx_word' id='word_1_455' title='bbox 1542 3221 1646 3305; x_wconf 75' lang='grc' dir='ltr'>θίσγιεί</span> 
     </span>
     <span class='ocr_line' id='line_1_38' title="bbox 82 3304 1646 3390; baseline -0.004 -24"><span class='ocrx_word' id='word_1_456' title='bbox 82 3307 145 3366; x_wconf 80' lang='lat' dir='ltr'>Hac</span> <span class='ocrx_word' id='word_1_457' title='bbox 158 3323 183 3367; x_wconf 93' lang='lat' dir='ltr'>et</span> <span class='ocrx_word' id='word_1_458' title='bbox 197 3308 296 3368; x_wconf 89' lang='lat' dir='ltr'>similia</span> <span class='ocrx_word' id='word_1_459' title='bbox 309 3308 428 3390; x_wconf 81' lang='lat' dir='ltr'>Spiritus</span> <span class='ocrx_word' id='word_1_460' title='bbox 441 3322 549 3367; x_wconf 88' lang='lat' dir='ltr'>sanctus</span> <span class='ocrx_word' id='word_1_461' title='bbox 567 3329 615 3388; x_wconf 87' lang='lat' dir='ltr'>per</span> <span class='ocrx_word' id='word_1_462' title='bbox 627 3328 657 3366; x_wconf 91' lang='lat' dir='ltr'>os</span> <span class='ocrx_word' id='word_1_463' title='bbox 671 3321 823 3367; x_wconf 87' lang='lat' dir='ltr'>sanctorum</span> <span class='ocrx_word' id='word_1_464' title='bbox 875 3308 1003 3388; x_wconf 75' lang='grc' dir='ltr'>ἀπολέσῃ.</span> <span class='ocrx_word' id='word_1_465' title='bbox 1020 3311 1115 3368; x_wconf 88' lang='grc' dir='ltr'>Ταῦτα</span> <span class='ocrx_word' id='word_1_466' title='bbox 1136 3306 1182 3364; x_wconf 73' lang='grc' dir='ltr'>καὶ</span> <span class='ocrx_word' id='word_1_467' title='bbox 1206 3305 1239 3364; x_wconf 85' lang='grc' dir='ltr'>τθι</span> <span class='ocrx_word' id='word_1_468' title='bbox 1265 3310 1384 3363; x_wconf 87' lang='grc' dir='ltr'>τοιαῦτα</span> <span class='ocrx_word' id='word_1_469' title='bbox 1400 3307 1427 3365; x_wconf 87' lang='grc' dir='ltr'>δι</span> <span class='ocrx_word' id='word_1_470' title='bbox 1465 3304 1646 3380; x_wconf 79' lang='grc' dir='ltr'>στόματοςτῦν</span> 
     </span>
     <span class='ocr_line' id='line_1_39' title="bbox 82 3381 1647 3468; baseline -0.003 -22"><span class='ocrx_word' id='word_1_471' title='bbox 82 3387 209 3465; x_wconf 81' lang='lat' dir='ltr'>loquutus</span> <span class='ocrx_word' id='word_1_472' title='bbox 222 3403 270 3447; x_wconf 91' lang='lat' dir='ltr'>est.</span> <span class='ocrx_word' id='word_1_473' title='bbox 281 3387 341 3466; x_wconf 86' lang='lat' dir='ltr'>Ego</span> <span class='ocrx_word' id='word_1_474' title='bbox 357 3408 405 3448; x_wconf 90' lang='lat' dir='ltr'>vos</span> <span class='ocrx_word' id='word_1_475' title='bbox 419 3387 582 3461; x_wconf 88' lang='lat' dir='ltr'>commonui,</span> <span class='ocrx_word' id='word_1_476' title='bbox 596 3387 759 3466; x_wconf 88' lang='lat' dir='ltr'>insuperque</span> <span class='ocrx_word' id='word_1_477' title='bbox 767 3386 824 3447; x_wconf 89' lang='lat' dir='ltr'>cir·</span> <span class='ocrx_word' id='word_1_478' title='bbox 875 3389 958 3468; x_wconf 77' lang='grc' dir='ltr'>ἁγίων</span> <span class='ocrx_word' id='word_1_479' title='bbox 983 3387 1015 3447; x_wconf 81' lang='grc' dir='ltr'>πθ</span> <span class='ocrx_word' id='word_1_480' title='bbox 1047 3386 1121 3467; x_wconf 82' lang='grc' dir='ltr'>ἀγιον</span> <span class='ocrx_word' id='word_1_481' title='bbox 1148 3388 1259 3463; x_wconf 78' lang='grc' dir='ltr'>Πνεῦμα</span> <span class='ocrx_word' id='word_1_482' title='bbox 1283 3384 1425 3458; x_wconf 71' lang='grc' dir='ltr'>ἐλάλησα,</span> <span class='ocrx_word' id='word_1_483' title='bbox 1449 3385 1533 3463; x_wconf 76' lang='grc' dir='ltr'>κάγώ</span> <span class='ocrx_word' id='word_1_484' title='bbox 1556 3381 1647 3444; x_wconf 64' lang='lat' dir='ltr'>dtr:-</span> 
     </span>
     <span class='ocr_line' id='line_1_40' title="bbox 49 3459 1646 3547; baseline -0.005 -20"><span class='ocrx_word' id='word_1_485' title='bbox 49 3529 55 3542; x_wconf 64' lang='lat'>‚</span> <span class='ocrx_word' id='word_1_486' title='bbox 83 3488 113 3527; x_wconf 85' lang='lat' dir='ltr'>ca</span> <span class='ocrx_word' id='word_1_487' title='bbox 124 3467 282 3526; x_wconf 71' lang='lat' dir='ltr'>haecomnia</span> <span class='ocrx_word' id='word_1_488' title='bbox 297 3468 326 3525; x_wconf 93' lang='lat' dir='ltr'>id</span> <span class='ocrx_word' id='word_1_489' title='bbox 340 3467 477 3547; x_wconf 89' lang='lat' dir='ltr'>apostolus</span> <span class='ocrx_word' id='word_1_490' title='bbox 495 3467 608 3525; x_wconf 88' lang='lat' dir='ltr'>clamat:</span> <span class='ocrx_word' id='word_1_491' title='bbox 619 3468 720 3526; x_wconf 76' lang='lat' dir='ltr'>Videte</span> <span class='ocrx_word' id='word_1_492' title='bbox 730 3488 767 3524; x_wconf 85' lang='lat' dir='ltr'>ne</span> <span class='ocrx_word' id='word_1_493' title='bbox 778 3489 825 3526; x_wconf 86' lang='lat' dir='ltr'>re·</span> <span class='ocrx_word' id='word_1_494' title='bbox 876 3490 979 3546; x_wconf 81' lang='grc' dir='ltr'>μνησα·</span> <span class='ocrx_word' id='word_1_495' title='bbox 993 3466 1040 3526; x_wconf 78' lang='grc' dir='ltr'>καὶ</span> <span class='ocrx_word' id='word_1_496' title='bbox 1053 3467 1097 3527; x_wconf 76' lang='grc' dir='ltr'>ἐπὶ</span> <span class='ocrx_word' id='word_1_497' title='bbox 1108 3475 1174 3525; x_wconf 80' lang='grc' dir='ltr'>πᾶσι</span> <span class='ocrx_word' id='word_1_498' title='bbox 1199 3462 1301 3530; x_wconf 75' lang='grc' dir='ltr'>τούτοις</span> <span class='ocrx_word' id='word_1_499' title='bbox 1315 3464 1503 3533; x_wconf 76' lang='grc' dir='ltr'>θάπώστολος</span> <span class='ocrx_word' id='word_1_500' title='bbox 1513 3465 1599 3543; x_wconf 79' lang='grc' dir='ltr'>κράζει</span> <span class='ocrx_word' id='word_1_501' title='bbox 1614 3459 1646 3519; x_wconf 76' lang='grc' dir='ltr'>λί-</span> 
     </span>
     <span class='ocr_line' id='line_1_41' title="bbox 82 3539 1647 3626; baseline -0.005 -20"><span class='ocrx_word' id='word_1_502' title='bbox 82 3551 190 3606; x_wconf 85' lang='lat' dir='ltr'>cusetis</span> <span class='ocrx_word' id='word_1_503' title='bbox 200 3548 376 3626; x_wconf 78' lang='lat' dir='ltr'>loquentem.</span> <span class='ocrx_word' id='word_1_504' title='bbox 386 3546 496 3605; x_wconf 89' lang='lat' dir='ltr'>Interim</span> <span class='ocrx_word' id='word_1_505' title='bbox 506 3545 584 3606; x_wconf 85' lang='lat' dir='ltr'>vobis</span> <span class='ocrx_word' id='word_1_506' title='bbox 598 3544 654 3602; x_wconf 82' lang='lat' dir='ltr'>haec</span> <span class='ocrx_word' id='word_1_507' title='bbox 665 3543 737 3604; x_wconf 88' lang='lat' dir='ltr'>dicta</span> <span class='ocrx_word' id='word_1_508' title='bbox 748 3547 827 3606; x_wconf 86' lang='lat' dir='ltr'>suffi-</span> <span class='ocrx_word' id='word_1_509' title='bbox 875 3571 939 3626; x_wconf 88' lang='grc' dir='ltr'>γων,</span> <span class='ocrx_word' id='word_1_510' title='bbox 958 3546 1074 3607; x_wconf 77' lang='grc' dir='ltr'>Βλέπετε</span> <span class='ocrx_word' id='word_1_511' title='bbox 1094 3543 1132 3624; x_wconf 74' lang='grc' dir='ltr'>μὴ</span> <span class='ocrx_word' id='word_1_512' title='bbox 1150 3568 1188 3603; x_wconf 88' lang='grc' dir='ltr'>πα</span> <span class='ocrx_word' id='word_1_513' title='bbox 1226 3542 1355 3616; x_wconf 67' lang='lat' dir='ltr'>trienniis</span> <span class='ocrx_word' id='word_1_514' title='bbox 1380 3545 1429 3606; x_wconf 77' lang='grc' dir='ltr'>τὸν</span> <span class='ocrx_word' id='word_1_515' title='bbox 1452 3545 1595 3604; x_wconf 75' lang='grc' dir='ltr'>λαλοῦντα</span> <span class='ocrx_word' id='word_1_516' title='bbox 1606 3539 1647 3600; x_wconf 81' lang='lat' dir='ltr'>hel</span> 
     </span>
     <span class='ocr_line' id='line_1_42' title="bbox 83 3566 1647 3710; baseline 0.001 -26"><span class='ocrx_word' id='word_1_517' title='bbox 83 3625 162 3698; x_wconf 87' lang='lat' dir='ltr'>cient,</span> <span class='ocrx_word' id='word_1_518' title='bbox 180 3627 352 3703; x_wconf 81' lang='lat' dir='ltr'>maximoque</span> <span class='ocrx_word' id='word_1_519' title='bbox 363 3624 593 3703; x_wconf 85' lang='lat' dir='ltr'>diligentioribus,</span> <span class='ocrx_word' id='word_1_520' title='bbox 606 3624 693 3703; x_wconf 90' lang='lat' dir='ltr'>gratia</span> <span class='ocrx_word' id='word_1_521' title='bbox 706 3639 732 3684; x_wconf 88' lang='lat' dir='ltr'>et</span> <span class='ocrx_word' id='word_1_522' title='bbox 750 3625 826 3684; x_wconf 88' lang='lat' dir='ltr'>heni-</span> <span class='ocrx_word' id='word_1_523' title='bbox 840 3633 861 3683; x_wconf 72' lang='grc' dir='ltr'>θ</span> <span class='ocrx_word' id='word_1_524' title='bbox 876 3627 983 3710; x_wconf 77' lang='grc' dir='ltr'>ἀρκέσει</span> <span class='ocrx_word' id='word_1_525' title='bbox 1008 3625 1073 3694; x_wconf 77' lang='grc' dir='ltr'>τέως</span> <span class='ocrx_word' id='word_1_526' title='bbox 1098 3631 1159 3703; x_wconf 78' lang='grc' dir='ltr'>ὑμῖν</span> <span class='ocrx_word' id='word_1_527' title='bbox 1171 3566 1368 3703; x_wconf 48' lang='lat' dir='ltr'>rihperto«,</span> <span class='ocrx_word' id='word_1_528' title='bbox 1394 3624 1443 3684; x_wconf 82' lang='grc' dir='ltr'>καὶ</span> <span class='ocrx_word' id='word_1_529' title='bbox 1469 3624 1588 3701; x_wconf 87' lang='grc' dir='ltr'>μάλιστα</span> <span class='ocrx_word' id='word_1_530' title='bbox 1606 3628 1647 3685; x_wconf 65' lang='grc' dir='ltr'>τοῖς</span> 
     </span>
     <span class='ocr_line' id='line_1_43' title="bbox 83 3698 1647 3787; baseline -0.001 -24"><span class='ocrx_word' id='word_1_531' title='bbox 83 3705 184 3785; x_wconf 89' lang='lat' dir='ltr'>gnitate</span> <span class='ocrx_word' id='word_1_532' title='bbox 197 3705 307 3764; x_wconf 90' lang='lat' dir='ltr'>Domini</span> <span class='ocrx_word' id='word_1_533' title='bbox 320 3705 404 3765; x_wconf 92' lang='lat' dir='ltr'>nostri</span> <span class='ocrx_word' id='word_1_534' title='bbox 416 3706 480 3766; x_wconf 89' lang='lat' dir='ltr'>Jesu</span> <span class='ocrx_word' id='word_1_535' title='bbox 501 3703 614 3774; x_wconf 84' lang='lat' dir='ltr'>Christi,</span> <span class='ocrx_word' id='word_1_536' title='bbox 628 3703 676 3781; x_wconf 91' lang='lat' dir='ltr'>qui</span> <span class='ocrx_word' id='word_1_537' title='bbox 693 3705 783 3764; x_wconf 84' lang='lat' dir='ltr'>omnia</span> <span class='ocrx_word' id='word_1_538' title='bbox 797 3705 829 3765; x_wconf 83' lang='lat' dir='ltr'>in</span> <span class='ocrx_word' id='word_1_539' title='bbox 877 3703 1208 3787; x_wconf 61' lang='grc' dir='ltr'>σπουδαιοτέροιςςχοίρντι</span> <span class='ocrx_word' id='word_1_540' title='bbox 1224 3698 1270 3761; x_wconf 78' lang='grc' dir='ltr'>καλ</span> <span class='ocrx_word' id='word_1_541' title='bbox 1288 3703 1493 3786; x_wconf 72' lang='grc' dir='ltr'>φιλανθρωπία</span> <span class='ocrx_word' id='word_1_542' title='bbox 1509 3710 1555 3763; x_wconf 90' lang='grc' dir='ltr'>τοῦ</span> <span class='ocrx_word' id='word_1_543' title='bbox 1569 3700 1647 3779; x_wconf 69' lang='lat' dir='ltr'>[tophi</span> 
     </span>
     <span class='ocr_line' id='line_1_44' title="bbox 82 3781 1647 3866; baseline 0.001 -23"><span class='ocrx_word' id='word_1_544' title='bbox 82 3785 212 3866; x_wconf 68' lang='lat' dir='ltr'>praedicto</span> <span class='ocrx_word' id='word_1_545' title='bbox 223 3799 342 3866; x_wconf 89' lang='lat' dir='ltr'>tempore</span> <span class='ocrx_word' id='word_1_546' title='bbox 354 3784 521 3866; x_wconf 86' lang='lat' dir='ltr'>dispensavit</span> <span class='ocrx_word' id='word_1_547' title='bbox 529 3784 558 3843; x_wconf 92' lang='lat' dir='ltr'>in</span> <span class='ocrx_word' id='word_1_548' title='bbox 571 3785 684 3843; x_wconf 87' lang='lat' dir='ltr'>salutem</span> <span class='ocrx_word' id='word_1_549' title='bbox 697 3797 826 3860; x_wconf 83' lang='lat' dir='ltr'>nostram,</span> <span class='ocrx_word' id='word_1_550' title='bbox 876 3789 953 3865; x_wconf 76' lang='grc' dir='ltr'>ἡμῶν</span> <span class='ocrx_word' id='word_1_551' title='bbox 965 3786 1053 3860; x_wconf 84' lang='grc' dir='ltr'>Ἰησοῦ</span> <span class='ocrx_word' id='word_1_552' title='bbox 1079 3786 1194 3866; x_wconf 77' lang='grc' dir='ltr'>Χριστοῦ</span> <span class='ocrx_word' id='word_1_553' title='bbox 1216 3787 1261 3840; x_wconf 88' lang='grc' dir='ltr'>τοῦ</span> <span class='ocrx_word' id='word_1_554' title='bbox 1290 3781 1387 3841; x_wconf 87' lang='grc' dir='ltr'>πάντα</span> <span class='ocrx_word' id='word_1_555' title='bbox 1401 3784 1479 3843; x_wconf 81' lang='grc' dir='ltr'>κατὰ</span> <span class='ocrx_word' id='word_1_556' title='bbox 1503 3784 1550 3844; x_wconf 68' lang='grc' dir='ltr'>ται</span> <span class='ocrx_word' id='word_1_557' title='bbox 1573 3804 1647 3860; x_wconf 73' lang='grc' dir='ltr'>τρω-</span> 
     </span>
     <span class='ocr_line' id='line_1_45' title="bbox 83 3861 1648 3949; baseline -0.001 -25"><span class='ocrx_word' id='word_1_558' title='bbox 83 3887 184 3944; x_wconf 89' lang='lat' dir='ltr'>nosque</span> <span class='ocrx_word' id='word_1_559' title='bbox 196 3864 310 3925; x_wconf 82' lang='lat' dir='ltr'>advocat</span> <span class='ocrx_word' id='word_1_560' title='bbox 326 3864 360 3925; x_wconf 88' lang='lat' dir='ltr'>ad</span> <span class='ocrx_word' id='word_1_561' title='bbox 374 3879 507 3926; x_wconf 77' lang='lat' dir='ltr'>aternum</span> <span class='ocrx_word' id='word_1_562' title='bbox 524 3885 639 3944; x_wconf 87' lang='lat' dir='ltr'>regnum</span> <span class='ocrx_word' id='word_1_563' title='bbox 659 3885 750 3936; x_wconf 84' lang='lat' dir='ltr'>suum,</span> <span class='ocrx_word' id='word_1_564' title='bbox 766 3886 827 3946; x_wconf 89' lang='lat' dir='ltr'>pre-</span> <span class='ocrx_word' id='word_1_565' title='bbox 879 3864 981 3949; x_wconf 79' lang='grc' dir='ltr'>ρηκθια</span> <span class='ocrx_word' id='word_1_566' title='bbox 1002 3864 1093 3944; x_wconf 84' lang='grc' dir='ltr'>καιρθν</span> <span class='ocrx_word' id='word_1_567' title='bbox 1115 3861 1339 3938; x_wconf 77' lang='grc' dir='ltr'>ολκονομήσαντος</span> <span class='ocrx_word' id='word_1_568' title='bbox 1362 3865 1402 3930; x_wconf 80' lang='grc' dir='ltr'>εἰς</span> <span class='ocrx_word' id='word_1_569' title='bbox 1415 3862 1470 3936; x_wconf 62' lang='grc' dir='ltr'>τὴν</span> <span class='ocrx_word' id='word_1_570' title='bbox 1488 3867 1567 3941; x_wconf 66' lang='grc' dir='ltr'>ἡμῶν</span> <span class='ocrx_word' id='word_1_571' title='bbox 1579 3882 1648 3930; x_wconf 69' lang='lat' dir='ltr'>surr</span> 
     </span>
     <span class='ocr_line' id='line_1_46' title="bbox 83 3939 1647 4027; baseline -0.004 -24"><span class='ocrx_word' id='word_1_572' title='bbox 83 3945 161 4004; x_wconf 88' lang='lat' dir='ltr'>cibus</span> <span class='ocrx_word' id='word_1_573' title='bbox 182 3960 335 4005; x_wconf 88' lang='lat' dir='ltr'>sanctorum</span> <span class='ocrx_word' id='word_1_574' title='bbox 350 3967 417 4024; x_wconf 91' lang='lat' dir='ltr'>quos</span> <span class='ocrx_word' id='word_1_575' title='bbox 433 3944 726 4004; x_wconf 76' lang='lat' dir='ltr'>commoravimuszcui</span> <span class='ocrx_word' id='word_1_576' title='bbox 741 3944 827 4022; x_wconf 90' lang='lat' dir='ltr'>gloria</span> <span class='ocrx_word' id='word_1_577' title='bbox 879 3945 947 4027; x_wconf 83' lang='grc' dir='ltr'>ρίαν,</span> <span class='ocrx_word' id='word_1_578' title='bbox 960 3944 1007 4007; x_wconf 73' lang='grc' dir='ltr'>καὶ</span> <span class='ocrx_word' id='word_1_579' title='bbox 1023 3941 1255 4024; x_wconf 72' lang='grc' dir='ltr'>προσκαλωμίνου</span> <span class='ocrx_word' id='word_1_580' title='bbox 1270 3943 1310 4008; x_wconf 78' lang='grc' dir='ltr'>εἰς</span> <span class='ocrx_word' id='word_1_581' title='bbox 1322 3939 1380 4014; x_wconf 64' lang='grc' dir='ltr'>τὴν</span> <span class='ocrx_word' id='word_1_582' title='bbox 1391 3943 1506 4003; x_wconf 81' lang='grc' dir='ltr'>αἰώνιον</span> <span class='ocrx_word' id='word_1_583' title='bbox 1520 3945 1596 4002; x_wconf 81' lang='grc' dir='ltr'>αὐτοῦ</span> <span class='ocrx_word' id='word_1_584' title='bbox 1608 3943 1647 3997; x_wconf 84' lang='grc' dir='ltr'><strong>θι-</strong></span> 
     </span>
     <span class='ocr_line' id='line_1_47' title="bbox 83 4019 1648 4105; baseline 0.001 -22"><span class='ocrx_word' id='word_1_585' title='bbox 83 4038 109 4083; x_wconf 82' lang='grc' dir='ltr'>ει</span> <span class='ocrx_word' id='word_1_586' title='bbox 124 4024 267 4105; x_wconf 87' lang='lat' dir='ltr'>imperium</span> <span class='ocrx_word' id='word_1_587' title='bbox 284 4046 337 4083; x_wconf 90' lang='lat' dir='ltr'>una</span> <span class='ocrx_word' id='word_1_588' title='bbox 351 4047 412 4085; x_wconf 90' lang='lat' dir='ltr'>eum</span> <span class='ocrx_word' id='word_1_589' title='bbox 432 4026 548 4084; x_wconf 88' lang='lat' dir='ltr'>Patreet</span> <span class='ocrx_word' id='word_1_590' title='bbox 561 4024 666 4105; x_wconf 88' lang='lat' dir='ltr'>Spiritu</span> <span class='ocrx_word' id='word_1_591' title='bbox 680 4038 783 4099; x_wconf 88' lang='lat' dir='ltr'>sancto,</span> <span class='ocrx_word' id='word_1_592' title='bbox 797 4037 827 4082; x_wconf 90' lang='lat' dir='ltr'>ut</span> <span class='ocrx_word' id='word_1_593' title='bbox 878 4025 989 4097; x_wconf 89' lang='grc' dir='ltr'>σιλείαν,</span> <span class='ocrx_word' id='word_1_594' title='bbox 1003 4026 1094 4104; x_wconf 81' lang='grc' dir='ltr'>εὐχαῖς</span> <span class='ocrx_word' id='word_1_595' title='bbox 1114 4021 1209 4080; x_wconf 81' lang='grc' dir='ltr'>δθτῶν</span> <span class='ocrx_word' id='word_1_596' title='bbox 1234 4022 1486 4098; x_wconf 72' lang='grc' dir='ltr'>μνημονευθέντων</span> <span class='ocrx_word' id='word_1_597' title='bbox 1509 4022 1597 4100; x_wconf 73' lang='grc' dir='ltr'>ἁγίαν,</span> <span class='ocrx_word' id='word_1_598' title='bbox 1634 4019 1648 4085; x_wconf 82' lang='lat' dir='ltr'>l</span> 
     </span>
     <span class='ocr_line' id='line_1_48' title="bbox 83 4095 1648 4185; baseline -0.004 -23"><span class='ocrx_word' id='word_1_599' title='bbox 83 4119 140 4163; x_wconf 87' lang='lat' dir='ltr'>erat</span> <span class='ocrx_word' id='word_1_600' title='bbox 153 4127 168 4163; x_wconf 91' lang='lat' dir='ltr'>a</span> <span class='ocrx_word' id='word_1_601' title='bbox 183 4105 327 4185; x_wconf 85' lang='lat' dir='ltr'>principio,</span> <span class='ocrx_word' id='word_1_602' title='bbox 342 4126 412 4164; x_wconf 89' lang='lat' dir='ltr'>nune</span> <span class='ocrx_word' id='word_1_603' title='bbox 426 4119 453 4164; x_wconf 91' lang='lat' dir='ltr'>et</span> <span class='ocrx_word' id='word_1_604' title='bbox 464 4125 579 4184; x_wconf 82' lang='lat' dir='ltr'>semper,</span> <span class='ocrx_word' id='word_1_605' title='bbox 588 4117 614 4164; x_wconf 91' lang='lat' dir='ltr'>et</span> <span class='ocrx_word' id='word_1_606' title='bbox 628 4104 656 4162; x_wconf 90' lang='lat' dir='ltr'>in</span> <span class='ocrx_word' id='word_1_607' title='bbox 667 4104 763 4164; x_wconf 79' lang='lat' dir='ltr'>saecula</span> <span class='ocrx_word' id='word_1_608' title='bbox 773 4124 825 4162; x_wconf 83' lang='lat' dir='ltr'>sae-</span> <span class='ocrx_word' id='word_1_609' title='bbox 878 4105 940 4173; x_wconf 77' lang='grc' dir='ltr'>θώξα</span> <span class='ocrx_word' id='word_1_610' title='bbox 949 4105 1034 4165; x_wconf 81' lang='grc' dir='ltr'>καὶτὸ</span> <span class='ocrx_word' id='word_1_611' title='bbox 1050 4102 1146 4183; x_wconf 88' lang='grc' dir='ltr'>κράτος</span> <span class='ocrx_word' id='word_1_612' title='bbox 1164 4100 1220 4177; x_wconf 79' lang='grc' dir='ltr'>ἅμα</span> <span class='ocrx_word' id='word_1_613' title='bbox 1231 4102 1270 4180; x_wconf 75' lang='grc' dir='ltr'>τῷ</span> <span class='ocrx_word' id='word_1_614' title='bbox 1282 4101 1350 4159; x_wconf 86' lang='grc' dir='ltr'>Πατ</span> <span class='ocrx_word' id='word_1_615' title='bbox 1369 4102 1443 4161; x_wconf 67' lang='grc' dir='ltr'>ἰκαὶ</span> <span class='ocrx_word' id='word_1_616' title='bbox 1453 4106 1496 4184; x_wconf 74' lang='grc' dir='ltr'>τῷ</span> <span class='ocrx_word' id='word_1_617' title='bbox 1507 4102 1574 4182; x_wconf 72' lang='grc' dir='ltr'>ἁγίῳ</span> <span class='ocrx_word' id='word_1_618' title='bbox 1583 4095 1648 4159; x_wconf 76' lang='grc' dir='ltr'>Πισί-</span> 
     </span>
     <span class='ocr_line' id='line_1_49' title="bbox 84 4125 1648 4281; baseline -0.001 -38"><span class='ocrx_word' id='word_1_619' title='bbox 84 4185 215 4244; x_wconf 86' lang='lat' dir='ltr'>rulorum.</span> <span class='ocrx_word' id='word_1_620' title='bbox 232 4188 325 4245; x_wconf 75' lang='lat' dir='ltr'>Amen.</span> <span class='ocrx_word' id='word_1_621' title='bbox 879 4208 961 4262; x_wconf 84' lang='grc' dir='ltr'>ματι,</span> <span class='ocrx_word' id='word_1_622' title='bbox 975 4188 1011 4250; x_wconf 84' lang='grc' dir='ltr'>ὡς</span> <span class='ocrx_word' id='word_1_623' title='bbox 1031 4174 1064 4256; x_wconf 71' lang='grc' dir='ltr'>ἦν</span> <span class='ocrx_word' id='word_1_624' title='bbox 1088 4185 1114 4241; x_wconf 81' lang='grc' dir='ltr'>ἐν</span> <span class='ocrx_word' id='word_1_625' title='bbox 1137 4183 1224 4281; x_wconf 84' lang='grc' dir='ltr'>ἀρχῇ,</span> <span class='ocrx_word' id='word_1_626' title='bbox 1239 4185 1284 4239; x_wconf 88' lang='grc' dir='ltr'>νῦν</span> <span class='ocrx_word' id='word_1_627' title='bbox 1313 4125 1369 4240; x_wconf 59' lang='grc' dir='ltr'>καί</span> <span class='ocrx_word' id='word_1_628' title='bbox 1395 4181 1457 4258; x_wconf 79' lang='grc' dir='ltr'>ἀεὶ,</span> <span class='ocrx_word' id='word_1_629' title='bbox 1479 4182 1528 4242; x_wconf 83' lang='grc' dir='ltr'>καὶ</span> <span class='ocrx_word' id='word_1_630' title='bbox 1555 4183 1589 4248; x_wconf 87' lang='grc' dir='ltr'>εἰς</span> <span class='ocrx_word' id='word_1_631' title='bbox 1603 4175 1648 4242; x_wconf 77' lang='lat' dir='ltr'>relt</span> 
     </span>
     <span class='ocr_line' id='line_1_50' title="bbox 879 4259 1263 4337; baseline -0.021 -12"><span class='ocrx_word' id='word_1_632' title='bbox 879 4268 975 4332; x_wconf 81' lang='grc' dir='ltr'>αἰῶνας</span> <span class='ocrx_word' id='word_1_633' title='bbox 985 4268 1039 4323; x_wconf 85' lang='grc' dir='ltr'>τῶν</span> <span class='ocrx_word' id='word_1_634' title='bbox 1050 4260 1161 4322; x_wconf 80' lang='grc' dir='ltr'>αἰώνων.</span> <span class='ocrx_word' id='word_1_635' title='bbox 1176 4259 1263 4337; x_wconf 67' lang='lat' dir='ltr'>Apris.</span> 
     </span>
    </p>
   </div>
   <div class='ocr_carea' id='block_1_6' title="bbox 80 4457 1645 4498">
    <p class='ocr_par' dir='ltr' id='par_1_6' title="bbox 80 4457 1645 4498">
     <span class='ocr_line' id='line_1_51' title="bbox 80 4457 1645 4498; baseline -0.01 0"><span class='ocrx_word' id='word_1_636' title='bbox 80 4457 1645 4498; x_wconf 52' lang='lat' dir='ltr'>w-</span> 
     </span>
    </p>
   </div>
   <div class='ocr_carea' id='block_1_7' title="bbox 83 4625 1600 4810">
    <p class='ocr_par' dir='ltr' id='par_1_7' title="bbox 83 4625 1600 4810">
     <span class='ocr_line' id='line_1_52' title="bbox 83 4625 1600 4721; baseline -0.011 -21"><span class='ocrx_word' id='word_1_637' title='bbox 83 4643 242 4701; x_wconf 84' lang='lat' dir='ltr'>Dominiea</span> <span class='ocrx_word' id='word_1_638' title='bbox 263 4643 433 4721; x_wconf 81' lang='lat' dir='ltr'>Tyrophagi</span> <span class='ocrx_word' id='word_1_639' title='bbox 455 4642 492 4700; x_wconf 83' lang='lat' dir='ltr'>de</span> <span class='ocrx_word' id='word_1_640' title='bbox 512 4643 685 4720; x_wconf 73' lang='lat' dir='ltr'>penitentia</span> <span class='ocrx_word' id='word_1_641' title='bbox 708 4650 735 4697; x_wconf 86' lang='lat' dir='ltr'>et</span> <span class='ocrx_word' id='word_1_642' title='bbox 752 4633 871 4696; x_wconf 73' lang='lat' dir='ltr'>elec-⁷⁸⁰</span> <span class='ocrx_word' id='word_1_643' title='bbox 946 4634 1068 4711; x_wconf 79' lang='grc' dir='ltr'>Κυριακῇ</span> <span class='ocrx_word' id='word_1_644' title='bbox 1086 4633 1134 4703; x_wconf 76' lang='grc' dir='ltr'>τῆς</span> <span class='ocrx_word' id='word_1_645' title='bbox 1147 4625 1296 4710; x_wconf 81' lang='grc' dir='ltr'>τυρορᾶγου</span> <span class='ocrx_word' id='word_1_646' title='bbox 1310 4626 1379 4708; x_wconf 72' lang='grc' dir='ltr'>περὶ</span> <span class='ocrx_word' id='word_1_647' title='bbox 1398 4627 1547 4707; x_wconf 81' lang='grc' dir='ltr'>μετανοίας</span> <span class='ocrx_word' id='word_1_648' title='bbox 1558 4627 1600 4686; x_wconf 85' lang='grc' dir='ltr'>καὶ</span> 
     </span>
     <span class='ocr_line' id='line_1_53' title="bbox 123 4715 1448 4810; baseline -0.008 -18"><span class='ocrx_word' id='word_1_649' title='bbox 123 4755 258 4810; x_wconf 82' lang='lat' dir='ltr'>mosyna.</span> <span class='ocrx_word' id='word_1_650' title='bbox 269 4734 368 4794; x_wconf 87' lang='lat' dir='ltr'>Sermo</span> <span class='ocrx_word' id='word_1_651' title='bbox 379 4737 422 4791; x_wconf 88' lang='grc' dir='ltr'>ΙΙ.</span> <span class='ocrx_word' id='word_1_652' title='bbox 842 4715 862 4762; x_wconf 67' lang='grc' dir='ltr'><strong>Α</strong></span> <span class='ocrx_word' id='word_1_653' title='bbox 1097 4718 1287 4799; x_wconf 79' lang='grc' dir='ltr'>ίλεημοσύνης.</span> <span class='ocrx_word' id='word_1_654' title='bbox 1301 4717 1395 4798; x_wconf 78' lang='grc' dir='ltr'>Λόγος</span> <span class='ocrx_word' id='word_1_655' title='bbox 1409 4722 1427 4798; x_wconf 81' lang='grc' dir='ltr'><strong>β</strong></span> <span class='ocrx_word' id='word_1_656' title='bbox 1440 4767 1448 4781; x_wconf 94' lang='grc'><em>.</em></span> 
     </span>
    </p>
   </div>
   <div class='ocr_carea' id='block_1_8' title="bbox 77 4901 1648 5391">
    <p class='ocr_par' dir='ltr' id='par_1_8' title="bbox 77 4901 1648 5391">
     <span class='ocr_line' id='line_1_54' title="bbox 123 4901 1648 4996; baseline -0.009 -21"><span class='ocrx_word' id='word_1_657' title='bbox 123 4922 152 4976; x_wconf 86' lang='lat' dir='ltr'>l.</span> <span class='ocrx_word' id='word_1_658' title='bbox 166 4916 280 4976; x_wconf 87' lang='lat' dir='ltr'>Terreni</span> <span class='ocrx_word' id='word_1_659' title='bbox 293 4917 366 4996; x_wconf 88' lang='lat' dir='ltr'>regis</span> <span class='ocrx_word' id='word_1_660' title='bbox 378 4915 478 4976; x_wconf 89' lang='lat' dir='ltr'>milites</span> <span class='ocrx_word' id='word_1_661' title='bbox 489 4914 523 4974; x_wconf 92' lang='lat' dir='ltr'>ad</span> <span class='ocrx_word' id='word_1_662' title='bbox 532 4914 616 4974; x_wconf 89' lang='lat' dir='ltr'>aciem</span> <span class='ocrx_word' id='word_1_663' title='bbox 631 4914 769 4972; x_wconf 86' lang='lat' dir='ltr'>instruunt</span> <span class='ocrx_word' id='word_1_664' title='bbox 782 4925 826 4970; x_wconf 85' lang='lat' dir='ltr'>tu·</span> <span class='ocrx_word' id='word_1_665' title='bbox 919 4907 1055 4975; x_wconf 74' lang='grc' dir='ltr'>Βασιλέως</span> <span class='ocrx_word' id='word_1_666' title='bbox 1066 4910 1114 4985; x_wconf 80' lang='grc' dir='ltr'>μὲν</span> <span class='ocrx_word' id='word_1_667' title='bbox 1124 4909 1170 4967; x_wconf 71' lang='grc' dir='ltr'>τοῦ</span> <span class='ocrx_word' id='word_1_668' title='bbox 1183 4903 1300 4984; x_wconf 81' lang='grc' dir='ltr'>ἐπιγιίου</span> <span class='ocrx_word' id='word_1_669' title='bbox 1311 4905 1491 4986; x_wconf 68' lang='grc' dir='ltr'>στρατιώτας</span> <span class='ocrx_word' id='word_1_670' title='bbox 1500 4901 1648 4986; x_wconf 81' lang='grc' dir='ltr'>παρασκευά-</span> 
     </span>
     <span class='ocr_line' id='line_1_55' title="bbox 81 4981 1648 5126; baseline -0.009 -70"><span class='ocrx_word' id='word_1_671' title='bbox 81 4997 122 5056; x_wconf 79' lang='grc' dir='ltr'>ίιω</span> <span class='ocrx_word' id='word_1_672' title='bbox 143 4997 309 5076; x_wconf 81' lang='lat' dir='ltr'>clangentcs;</span> <span class='ocrx_word' id='word_1_673' title='bbox 329 4997 443 5055; x_wconf 75' lang='lat' dir='ltr'>caleatis</span> <span class='ocrx_word' id='word_1_674' title='bbox 457 5017 520 5055; x_wconf 86' lang='lat' dir='ltr'>vero</span> <span class='ocrx_word' id='word_1_675' title='bbox 534 4994 616 5074; x_wconf 89' lang='lat' dir='ltr'>Regis</span> <span class='ocrx_word' id='word_1_676' title='bbox 631 4996 694 5055; x_wconf 84' lang='lat' dir='ltr'>Jesu</span> <span class='ocrx_word' id='word_1_677' title='bbox 722 4991 823 5050; x_wconf 90' lang='lat' dir='ltr'>Christi</span> <span class='ocrx_word' id='word_1_678' title='bbox 877 4994 951 5060; x_wconf 84' lang='grc' dir='ltr'>ζουσι</span> <span class='ocrx_word' id='word_1_679' title='bbox 966 4989 1031 5067; x_wconf 85' lang='grc' dir='ltr'>πρὸς</span> <span class='ocrx_word' id='word_1_680' title='bbox 1056 4985 1204 5126; x_wconf 74' lang='grc' dir='ltr'>παράταξιν</span> <span class='ocrx_word' id='word_1_681' title='bbox 1229 4987 1334 5063; x_wconf 80' lang='grc' dir='ltr'>βοῶσαι</span> <span class='ocrx_word' id='word_1_682' title='bbox 1351 4985 1522 5066; x_wconf 83' lang='grc' dir='ltr'>σάλπιγγες·</span> <span class='ocrx_word' id='word_1_683' title='bbox 1539 4981 1648 5077; x_wconf 65' lang='grc' dir='ltr'>βασθίγι</span> 
     </span>
     <span class='ocr_line' id='line_1_56' title="bbox 79 5066 1645 5156; baseline -0.009 -21"><span class='ocrx_word' id='word_1_684' title='bbox 79 5076 179 5135; x_wconf 88' lang='lat' dir='ltr'>milites</span> <span class='ocrx_word' id='word_1_685' title='bbox 195 5077 229 5134; x_wconf 89' lang='lat' dir='ltr'>ad</span> <span class='ocrx_word' id='word_1_686' title='bbox 244 5077 358 5156; x_wconf 87' lang='lat' dir='ltr'>gloriam</span> <span class='ocrx_word' id='word_1_687' title='bbox 374 5078 433 5134; x_wconf 90' lang='lat' dir='ltr'>Deo</span> <span class='ocrx_word' id='word_1_688' title='bbox 447 5074 614 5134; x_wconf 83' lang='lat' dir='ltr'>referendam</span> <span class='ocrx_word' id='word_1_689' title='bbox 627 5087 653 5132; x_wconf 91' lang='lat' dir='ltr'>et</span> <span class='ocrx_word' id='word_1_690' title='bbox 666 5072 701 5131; x_wconf 85' lang='lat' dir='ltr'>ad</span> <span class='ocrx_word' id='word_1_691' title='bbox 718 5073 776 5151; x_wconf 87' lang='lat' dir='ltr'>ejus</span> <span class='ocrx_word' id='word_1_692' title='bbox 790 5071 823 5129; x_wconf 90' lang='lat' dir='ltr'>ti·</span> <span class='ocrx_word' id='word_1_693' title='bbox 877 5070 904 5131; x_wconf 80' lang='grc' dir='ltr'>δὲ</span> <span class='ocrx_word' id='word_1_694' title='bbox 918 5075 963 5131; x_wconf 88' lang='grc' dir='ltr'>τοῦ</span> <span class='ocrx_word' id='word_1_695' title='bbox 978 5073 1092 5148; x_wconf 85' lang='grc' dir='ltr'>ἐπουραν</span> <span class='ocrx_word' id='word_1_696' title='bbox 1104 5089 1133 5126; x_wconf 91' lang='grc' dir='ltr'>ου</span> <span class='ocrx_word' id='word_1_697' title='bbox 1148 5066 1235 5139; x_wconf 85' lang='grc' dir='ltr'>Ἰησοῦ</span> <span class='ocrx_word' id='word_1_698' title='bbox 1249 5066 1372 5144; x_wconf 86' lang='grc' dir='ltr'>Χριστοῦ</span> <span class='ocrx_word' id='word_1_699' title='bbox 1383 5067 1558 5142; x_wconf 85' lang='grc' dir='ltr'>στρατιώτας</span> <span class='ocrx_word' id='word_1_700' title='bbox 1570 5067 1645 5137; x_wconf 74' lang='grc' dir='ltr'>διεγει-</span> 
     </span>
     <span class='ocr_line' id='line_1_57' title="bbox 80 5141 1644 5235; baseline -0.01 -20"><span class='ocrx_word' id='word_1_701' title='bbox 80 5177 181 5215; x_wconf 90' lang='lat' dir='ltr'>morem</span> <span class='ocrx_word' id='word_1_702' title='bbox 204 5157 306 5215; x_wconf 77' lang='lat' dir='ltr'>excitat</span> <span class='ocrx_word' id='word_1_703' title='bbox 320 5155 476 5214; x_wconf 85' lang='lat' dir='ltr'>divinarum</span> <span class='ocrx_word' id='word_1_704' title='bbox 497 5155 700 5235; x_wconf 80' lang='lat' dir='ltr'>scripturarum</span> <span class='ocrx_word' id='word_1_705' title='bbox 724 5151 819 5223; x_wconf 89' lang='lat' dir='ltr'>lectio;</span> <span class='ocrx_word' id='word_1_706' title='bbox 893 5174 915 5208; x_wconf 84' lang='grc' dir='ltr'>ει</span> <span class='ocrx_word' id='word_1_707' title='bbox 940 5148 1006 5230; x_wconf 85' lang='grc' dir='ltr'>πρὸς</span> <span class='ocrx_word' id='word_1_708' title='bbox 1029 5145 1179 5225; x_wconf 80' lang='grc' dir='ltr'>θοξολογίαν</span> <span class='ocrx_word' id='word_1_709' title='bbox 1199 5145 1245 5204; x_wconf 78' lang='grc' dir='ltr'>καί</span> <span class='ocrx_word' id='word_1_710' title='bbox 1262 5143 1347 5224; x_wconf 66' lang='lat' dir='ltr'>otiliae</span> <span class='ocrx_word' id='word_1_711' title='bbox 1377 5148 1454 5206; x_wconf 85' lang='grc' dir='ltr'>Θεοῦ</span> <span class='ocrx_word' id='word_1_712' title='bbox 1481 5153 1499 5218; x_wconf 82' lang='grc' dir='ltr'>ἡ</span> <span class='ocrx_word' id='word_1_713' title='bbox 1521 5150 1572 5205; x_wconf 82' lang='grc' dir='ltr'>τῶν</span> <span class='ocrx_word' id='word_1_714' title='bbox 1585 5141 1644 5234; x_wconf 62' lang='lat' dir='ltr'>brier</span> 
     </span>
     <span class='ocr_line' id='line_1_58' title="bbox 78 5176 1641 5315; baseline -0.015 -20"><span class='ocrx_word' id='word_1_715' title='bbox 78 5238 124 5295; x_wconf 86' lang='lat' dir='ltr'>sed</span> <span class='ocrx_word' id='word_1_716' title='bbox 144 5235 205 5293; x_wconf 87' lang='lat' dir='ltr'>illos</span> <span class='ocrx_word' id='word_1_717' title='bbox 223 5235 256 5293; x_wconf 87' lang='lat' dir='ltr'>ad</span> <span class='ocrx_word' id='word_1_718' title='bbox 268 5256 388 5315; x_wconf 85' lang='lat' dir='ltr'>pugnam</span> <span class='ocrx_word' id='word_1_719' title='bbox 398 5239 526 5293; x_wconf 81' lang='lat' dir='ltr'>adversus</span> <span class='ocrx_word' id='word_1_720' title='bbox 540 5235 628 5292; x_wconf 90' lang='lat' dir='ltr'>hostes</span> <span class='ocrx_word' id='word_1_721' title='bbox 645 5231 784 5292; x_wconf 88' lang='lat' dir='ltr'>sensibiles</span> <span class='ocrx_word' id='word_1_722' title='bbox 795 5244 821 5289; x_wconf 89' lang='lat' dir='ltr'>et</span> <span class='ocrx_word' id='word_1_723' title='bbox 876 5176 989 5311; x_wconf 72' lang='lat' dir='ltr'>l&#39;papiir</span> <span class='ocrx_word' id='word_1_724' title='bbox 1004 5228 1165 5308; x_wconf 80' lang='grc' dir='ltr'>ἀνάγνωσις·</span> <span class='ocrx_word' id='word_1_725' title='bbox 1181 5227 1239 5283; x_wconf 87' lang='grc' dir='ltr'>ἀλλ’</span> <span class='ocrx_word' id='word_1_726' title='bbox 1250 5223 1370 5292; x_wconf 77' lang='grc' dir='ltr'>ἐκείνως</span> <span class='ocrx_word' id='word_1_727' title='bbox 1382 5225 1433 5302; x_wconf 72' lang='grc' dir='ltr'>μὲν</span> <span class='ocrx_word' id='word_1_728' title='bbox 1448 5227 1517 5303; x_wconf 81' lang='grc' dir='ltr'>πρὸς</span> <span class='ocrx_word' id='word_1_729' title='bbox 1532 5229 1641 5313; x_wconf 62' lang='grc' dir='ltr'>αἴσθηται</span> 
     </span>
     <span class='ocr_line' id='line_1_59' title="bbox 77 5305 1637 5391; baseline -0.012 -14"><span class='ocrx_word' id='word_1_730' title='bbox 77 5318 112 5377; x_wconf 78' lang='lat' dir='ltr'>ad</span> <span class='ocrx_word' id='word_1_731' title='bbox 126 5316 195 5375; x_wconf 87' lang='lat' dir='ltr'>bella</span> <span class='ocrx_word' id='word_1_732' title='bbox 205 5316 256 5376; x_wconf 91' lang='lat' dir='ltr'>sub</span> <span class='ocrx_word' id='word_1_733' title='bbox 268 5337 374 5376; x_wconf 90' lang='lat' dir='ltr'>sensum</span> <span class='ocrx_word' id='word_1_734' title='bbox 383 5315 514 5389; x_wconf 84' lang='lat' dir='ltr'>cadentia,</span> <span class='ocrx_word' id='word_1_735' title='bbox 529 5335 576 5374; x_wconf 89' lang='lat' dir='ltr'>nos</span> <span class='ocrx_word' id='word_1_736' title='bbox 585 5328 674 5374; x_wconf 90' lang='lat' dir='ltr'>autom</span> <span class='ocrx_word' id='word_1_737' title='bbox 690 5312 821 5372; x_wconf 86' lang='lat' dir='ltr'>adversus</span> <span class='ocrx_word' id='word_1_738' title='bbox 874 5314 974 5391; x_wconf 75' lang='grc' dir='ltr'>ἐχθρῶν</span> <span class='ocrx_word' id='word_1_739' title='bbox 994 5309 1039 5368; x_wconf 85' lang='grc' dir='ltr'>καὶ</span> <span class='ocrx_word' id='word_1_740' title='bbox 1061 5306 1194 5383; x_wconf 85' lang='grc' dir='ltr'>πολεμίων</span> <span class='ocrx_word' id='word_1_741' title='bbox 1210 5305 1447 5385; x_wconf 79' lang='grc' dir='ltr'>ἀντιπαράταξιν·</span> <span class='ocrx_word' id='word_1_742' title='bbox 1465 5314 1538 5382; x_wconf 78' lang='grc' dir='ltr'>ἡμᾶς</span> <span class='ocrx_word' id='word_1_743' title='bbox 1552 5305 1575 5364; x_wconf 78' lang='grc' dir='ltr'>δὲ</span> <span class='ocrx_word' id='word_1_744' title='bbox 1590 5319 1637 5376; x_wconf 64' lang='grc' dir='ltr'>αμα</span> 
     </span>
    </p>
   </div>
   <div class='ocr_carea' id='block_1_9' title="bbox 0 0 1889 5970">
    <p class='ocr_par' dir='ltr' id='par_1_9' title="bbox 0 0 1889 5970">
     <span class='ocr_line' id='line_1_60' title="bbox 0 0 1889 5970; baseline 0 0"><span class='ocrx_word' id='word_1_745' title='bbox 0 0 1889 5970; x_wconf 95' lang='lat' dir='ltr'> </span> 
     </span>
    </p>
   </div>
  </div>
 </body>
</html>
