3728 5978
564 471 598 518 ιιι
624 469 732 518 nrrsr.
761 470 807 517 an
833 469 915 518 nou.
944 471 1062 521 nomn.
1090 472 1164 522 xrv.
1576 445 1646 543 θήρ

73 587 169 650 ίστατο
180 593 269 665 αἰτῶν,
280 591 325 650 καὶ
339 590 398 659 τοὺς
413 592 506 661 άλλους
520 593 651 654 ἐπαίδευε.
668 596 779 673 Πνεῦμα
790 591 846 654 τοί·
901 608 1017 674 ceperat,
1040 616 1152 674 queque
1180 596 1268 655 Deum
1290 593 1383 654 oralrat
1408 609 1433 654 et
1450 593 1649 676 ingemiscebat.

72 700 121 738 νυν
136 684 247 740 ἐνταῦθα
262 685 337 742 καλεῖ
348 683 380 743 τό
394 709 422 744 τε
433 685 554 766 χάρισμα
564 685 594 746 τδ
604 691 729 755 τοιοῦτον,
741 683 787 744 καὶ
798 683 846 756 τήν
901 687 971 745 Nam
983 687 1030 765 qui
1042 687 1091 746 tali
1101 686 1228 768 dignatus
1241 700 1298 746 erat
1309 687 1405 767 gratia,
1418 701 1490 748 stans
1501 709 1562 750 cum
1575 690 1648 749 mul·

74 773 164 854 ψυχὴν
179 773 227 847 τήν
238 776 384 856 δεχομένην
397 779 427 838 τὸ
440 777 562 859 χάρισμα
578 777 623 838 καὶ
639 778 847 859 ἐντυγχάνουσαν
903 791 929 836 ta
943 779 1148 860 compunctione
1160 793 1187 841 ct
1200 779 1295 841 multis
1309 779 1454 859 gemitibus
1469 781 1570 855 animi,
1589 795 1650 841 ante

74 868 116 944 τῷ
132 869 194 946 Θεῷ
205 867 251 927 καί
266 868 449 937 στενάζουσαν.
463 869 498 930 Ὁ
513 871 564 951 γὰρ
578 869 700 944 τοιαύτης
717 869 849 939 καταξωι-
904 870 993 929 Deum
1005 871 1194 951 procumbens,
1209 893 1269 949 quae
1283 871 1362 931 utilia
1372 872 1498 932 omnibus
1508 886 1650 956 essentpo·

75 957 130 1026 θεῖς
147 958 255 1038 χάριτος
263 1003 274 1034 ,1
293 960 376 1029 ἑστὼς
395 961 462 1039 μετὰ
485 965 585 1035 πολλῆς
603 967 651 1035 τῆς
671 961 849 1035 κατανύξεως,
904 963 1029 1021 stulabat.
1042 963 1128 1044 Cujus
1141 984 1213 1023 nunc
1228 965 1384 1045 symbolum
1398 979 1437 1024 est
1447 964 1587 1042 diaconus,
1601 968 1649 1046 qui

76 1049 146 1126 μετδι
163 1053 269 1112 πολλῶν
282 1058 335 1112 τῶν
349 1059 504 1133 στεναγμῶν
524 1058 576 1114 τῶν
599 1054 668 1116 κατδι
682 1054 797 1114 διάνοιαν
810 1057 849 1136 τῷ
903 1072 952 1133 pro
966 1054 1068 1134 populo
1079 1075 1170 1135 preces
1183 1054 1309 1114 attondit.
1327 1053 1386 1114 Hoc
1399 1056 1484 1136 igitur
1493 1055 1649 1137 significans

75 1143 140 1222 Θεῷ
154 1143 338 1222 προσπίπτων,
348 1144 382 1204 τὰ
392 1145 559 1225 συμφέροντα
570 1157 650 1221 πᾶσιν
663 1149 741 1206 αἰτεῖ.
754 1138 795 1206 Οῦ
804 1145 850 1205 καλ
903 1143 1015 1216 Paulus,
1025 1144 1132 1205 dicebat
1145 1169 1151 1203 :
1164 1150 1231 1227 lpse
1239 1150 1357 1227 spiritus
1364 1142 1494 1226 postulat
1500 1169 1555 1229 pro
1564 1152 1649 1208 nobis

75 1238 122 1292 νῦν
135 1234 267 1313 σύμὸολάν
281 1241 376 1297 ε’στινδ
401 1237 517 1305 διάκονος
536 1238 583 1306 τὰς
607 1238 674 1321 ῦπδρ
695 1246 741 1299 τοῦ
763 1238 848 1316 δήμου
867 1250 886 1300 C
902 1241 1384 1316 gemitibusinenarrabilr'bus.97.
1396 1243 1453 1319 Qui
1462 1255 1561 1300 autem
1570 1262 1649 1302 scru-

75 1327 214 1407 ἀναφέρων
228 1330 317 1408 εὐχάς.
339 1332 424 1389 Τοῦτο
442 1330 527 1391 τοίνυν
543 1332 628 1402 δηλῶν
640 1337 655 1392 δ
669 1334 775 1399 Παῦλος
792 1331 849 1392 ἕλε·
904 1337 986 1389 tatur
995 1332 1094 1393 corda.
1107 1329 1208 1392 Viden’
1221 1352 1273 1391 non
1285 1331 1330 1390 hic
1341 1330 1376 1390 de
1388 1331 1524 1392 Paracleto
1533 1334 1589 1411 agi,
1600 1331 1649 1393 sed

75 1443 121 1496 γεν
135 1445 141 1455 ·
163 1421 233 1479 Adri
247 1422 278 1481 τὸ
296 1427 410 1501 πνεῦμα-
422 1423 575 1504 ἐντυγχάνει
598 1424 666 1506 ὑπὲρ
683 1428 761 1504 ἡμῶν
787 1450 849 1486 cee-
902 1419 938 1480 de
950 1421 1031 1482 corde
1040 1423 1200 1504 spirituali?
1214 1425 1284 1483 Nam
1297 1426 1319 1484 si
1332 1446 1385 1483 non
1402 1424 1454 1483 lroc
1465 1424 1502 1484 ita
1512 1438 1589 1501 essct,
1603 1424 1648 1484 di-

77 1521 186 1591 ναγμοῖς
201 1516 349 1587 ἀλαλήτοις.
364 1516 398 1577 Ὁ
409 1518 436 1577 δὲ
446 1519 556 1596 ἐρευνῶν
566 1517 614 1586 τὰς
624 1518 744 1598 καρδίας.
757 1519 849 1602 Ὁρᾷς,
903 1510 975 1572 xiste
995 1515 1140 1596 oportuit:
1160 1515 1217 1588 Qui
1238 1530 1329 1575 nutem
1349 1529 1483 1575 scrutatur
1504 1515 1647 1597 Spiritum.

76 1603 118 1662 dri
132 1606 161 1663 οὐ
177 1607 297 1686 περὶτοῦ
311 1608 490 1689 Παρακλήτου
501 1614 514 1668 ὁ
524 1609 613 1688 λόγος,
626 1609 697 1671 ἀλλὰ
719 1610 780 1690 περὶ
801 1616 850 1683 τῆς

77 1696 188 1776 καρδίας
201 1703 248 1769 τῆς
260 1706 457 1778 πνευματικῆς;
482 1701 539 1760 ἐπεὶ
554 1705 577 1761 εί
593 1702 630 1780 μή
645 1708 722 1762 τοῦτο
734 1693 776 1777 ῆν,
796 1704 850 1764 ἔδει

77 1791 174 1847 εἰπεῖν·
189 1793 202 1848 θ
214 1789 241 1850 δὲ
253 1794 363 1873 ἐρευνῶν
373 1792 403 1852 τὸ
415 1796 536 1872 Πνεῦμα.
551 1794 620 1854 Ἀλλ’
632 1794 675 1856 ἵνα
695 1796 797 1877 μάθῃς,
808 1795 850 1856 δτι

76 1879 138 1958 περὶ
163 1880 300 1962 ἀνθρώπου
314 1888 328 1942 ὁ
342 1884 417 1962 λόγος
442 1891 637 1963 πνευματικοῦ,
660 1887 706 1946 καὶ
728 1888 850 1969 χάρισμα

77 1970 182 2051 ἔχοντος
195 1977 287 2053 εύχῆς,
299 1975 447 2054 ἐπήγαγεν·
460 1976 494 2036 ‘O
506 1976 533 2035 δὲ
546 1980 657 2058 ἐρεῦνῦιν
667 1977 714 2048 τδις
725 1980 849 2063 καρδίας,

77 2056 132 2124 οἶδε
153 2065 180 2124 τί
197 2065 227 2125 τδ
250 2068 372 2148 ρρόνημα
385 2069 438 2146 {coir
454 2068 624 2147 πνεύματος·
646 2071 780 2147 τουτέστι,
805 2079 851 2134 τοῦ

78 2155 216 2235 ἀνθρώπου
229 2166 274 2218 τοῦ
288 2169 481 2238 πνευματικοῦ·
501 2163 543 2222 δτι
556 2162 626 2224 κατδι
640 2164 708 2225 Θεδν
724 2166 852 2248 ἐντυγχά-

78 2271 117 2306 νει
128 2248 194 2329 ύπθρ
205 2249 297 2329 ἁγίων.
312 2255 352 2311 Οὐ
361 2251 665 2335 γδράγνοοῦντα,φησὶ,
679 2257 796 2319 διδάσκει
809 2260 852 2320 τὸν

904 1603 958 1664 Sed
971 1620 1002 1666 ut
1016 1606 1104 1667 discas
1118 1606 1165 1666 hic
1177 1607 1213 1667 de
1227 1608 1362 1688 spirituali
1376 1607 1486 1667 lromiue
1498 1629 1649 1668 sermonem

903 1695 1008 1771 haberi,
1019 1699 1067 1777 qui
1080 1697 1182 1758 donum
1197 1699 1323 1779 precandi
1336 1699 1444 1773 habeat,
1459 1697 1566 1758 addidit
1580 1722 1587 1756 ι
1603 1701 1650 1760 Ae

905 1794 956 1870 qui
969 1805 1119 1852 scrutatur
1129 1793 1229 1867 corda,
1245 1795 1326 1850 novit
1337 1796 1390 1872 qui
1403 1796 1440 1850 sit
1452 1812 1553 1852 sensus
1565 1796 1650 1872 spiri·

906 1894 975 1952 tus,·
990 1881 1019 1941 id
1034 1897 1083 1957 est,
1102 1883 1221 1945 hominis
1234 1882 1385 1963 spiritualis
1402 1905 1408 1939 ι
1424 1885 1476 1962 qui
1490 1884 1651 1942 secundum

904 1973 1003 2032 Deum
1019 1975 1152 2054 postulat
1172 1992 1227 2054 pre
1245 1978 1366 2035 sanctis.
1385 1974 1479 2052 Neque
1496 1973 1581 2050 enim,
1601 1974 1650 2050 ait,

906 2062 1073 2142 ignorantem
1092 2064 1170 2125 docet
1191 2067 1299 2124 Deum:
1314 2086 1409 2125 verum
1427 2065 1480 2123 hoc
1500 2065 1540 2143 fit,
1555 2078 1585 2124 ut
1602 2084 1651 2125 nos

907 2155 1043 2217 discamus
1057 2179 1087 2218 ea
1104 2179 1165 2237 quae
1183 2172 1287 2239 oportet
1298 2158 1411 2238 precari,
1422 2171 1448 2217 ct
1460 2179 1476 2216 a
1490 2160 1548 2218 Deo
1561 2171 1651 2238 petere

908 2270 938 2308 ea
948 2271 1007 2328 quae
1015 2251 1069 2332 ipsi
1080 2251 1180 2332 placita
1191 2252 1263 2327 sint;
1275 2251 1328 2309 hoc
1338 2250 1411 2309 enim
1424 2250 1559 2330 significat
1570 2247 1651 2326 illud,

78 2341 161 2413 Θεὸν,
176 2343 241 2402 ἀλλὰ
256 2351 332 2404 τοῦτο
352 2343 466 2424 γίνεται,
480 2344 522 2404 ῖνα
535 2352 613 2423 ἡμεῖς
627 2348 753 2426 μάθοιμεν
774 2351 853 2432 εῦχε-
870 2359 890 2405 D
907 2343 1074 2404 Secundum
1086 2348 1190 2405 Deum·
1207 2345 1302 2423 Imque
1320 2345 1375 2404 h⁰⁰
1393 2358 1450 2404 “³²
1467 2343 1503 2405 ad
1521 2343 1652 2405 “coella‘'

80 2438 142 2491 σθαι
154 2439 238 2494 ταῦτα
253 2433 334 2515 δχρὴ
345 2483 352 2507 ,
363 2435 409 2495 καῖ
426 2438 507 2496 αἰτεῖν
522 2437 597 2518 παρίι
613 2445 660 2498 τοῦ
680 2443 750 2501 Θεοῦ
762 2442 796 2502 sd
812 2445 853 2504 δο-

79 2530 173 2584 κοῦντα
188 2530 273 2606 αὐτῷ·
288 2534 366 2588 τοῦτο
380 2528 432 2609 γάρ
447 2531 503 2588 ἐστι
516 2531 556 2604 τὸ,
571 2531 650 2590 Κατὰ
671 2533 752 2592 Θεύν.
766 2533 853 2595 Ὥστε

79 2615 125 2674 καί
145 2618 336 2700 παρακλήσεως
351 2617 439 2679 ἕνεκεν
452 2621 552 2700 ἐγίνετο
565 2627 640 2682 τοῦτο
654 2627 706 2683 τῶν
727 2625 853 2706 προσιόν-

79 2732 142 2780 των,
159 2710 204 2768 καῖ
227 2711 398 2779 διδασκαλίας
412 2711 536 2794 ἀρίστης·
560 2714 670 2795 καὶγὰρ
688 2720 703 2775 θ
726 2716 852 2798 παρέχων

78 2799 125 2859 καί
137 2799 170 2861 sd
183 2802 339 2882 χαρίσματα
350 2804 397 2862 καί
411 2803 444 2863 τά
457 2804 540 2886 μυρία
557 2805 642 2873 διδοὺς
652 2807 754 2886 άγαθίι,
770 2811 852 2869 ὁΠα-

80 2892 208 2972 ράιιλητος
221 2885 263 2965 ῆν.
275 2898 367 2955 Ταῦτα
378 2895 429 2976 γάρ
441 2896 544 2968 πάγια,
555 2897 646 2978 prole,
659 2901 757 2982 ἐνεργεῖ
770 2900 852 2960 ἓνκαὶ

907 2435 976 2496 tium
989 2437 1199 2497 consolationem
1211 2450 1238 2496 et
1257 2436 1411 2497 doctrinam
1423 2437 1552 2519 optimam
1568 2461 1575 2492 ε
1590 2456 1653 2496 nem

908 2528 955 2606 qui
965 2541 993 2589 et
1002 2526 1074 2592 dona
1085 2529 1133 2589 illa
1141 2543 1170 2589 et
1180 2529 1286 2599 infinita
1299 2529 1368 2589 bona
1379 2528 1557 2608 largidsatur,
1570 2528 1654 2587 Para·

907 2620 991 2681 cletus
1004 2635 1071 2683 erat.
1091 2624 1164 2681 Hoec
1177 2625 1255 2681 enim
1273 2625 1382 2694 omnia,
1400 2620 1501 2699 inquit,
1516 2631 1654 2701 operatur

907 2733 983 2772 ιιιιικς
1007 2725 1036 2772 et
1052 2715 1129 2774 idem
1148 2714 1282 2793 Spiritus.
1304 2712 1342 2772 Et
1362 2713 1538 2773 institutionis
1555 2725 1653 2773 nostrae

908 2804 1049 2864 causehoc
1058 2804 1099 2880 sit,
1114 2819 1194 2884 atque
1204 2818 1233 2864 ut
1246 2802 1480 2885 Spiritusdilectio
1489 2803 1652 2879 declaretur,

908 2896 956 2974 qui
969 2917 1000 2956 eo
1017 2917 1102 2976 usque
1116 2895 1290 2976 indulgentiae
1304 2893 1440 2975 procedat.
1453 2893 1574 2974 Indeque
1587 2914 1651 2955 eve-

78 2985 109 3045 τδ
117 2987 180 3046 αύτὸ
192 2989 314 3064 Πνεῦμα.
330 2988 384 3047 Καὶ
393 2992 440 3059 τῆς
449 2989 582 3069 ἡμετέρας
590 2990 751 3058 παιδεύσεως
760 2992 852 3071 ἕνεκεν
906 2987 996 3046 niebat
1004 3001 1034 3046 ut
1042 2988 1075 3066 is,
1086 2988 1132 3067 qui
1141 2987 1311 3069 precabattu,
1321 2985 1509 3064 exaudiretur,
1516 2985 1581 3065 quia
1591 3007 1653 3046 ora·

78 3083 155 3137 τοῦτο
165 3078 280 3157 γίνεται,
297 3079 343 3137 καί
356 3085 402 3139 τοῦ
419 3082 554 3160 δειχθῆναι
567 3087 613 3142 τοῦ
627 3079 781 3161 Πνεύματος
804 3084 853 3158 τήν
905 3078 944 3137 tio
961 3078 1109 3140 secundum
1128 3081 1217 3141 Deum
1233 3078 1415 3139 emittebatur.
1430 3077 1529 3139 Viden'
1545 3078 1653 3158 quantis

79 3169 196 3246 ἀγάπην,
207 3169 247 3229 ὅτι
262 3170 344 3251 μέχρι
355 3168 477 3231 τοσούτου
491 3173 705 3251 συγκαταύαίνει.
714 3175 795 3236 Ὅθεν
806 3177 852 3235 atel
906 3190 951 3231 eos
963 3169 1058 3232 doceat
1071 3193 1191 3233 amorem
1203 3192 1269 3251 erga
1281 3171 1344 3230 illos
1358 3191 1455 3246 suum,
1469 3169 1654 3249 honoremque

79 3259 110 3318 τὸ
123 3261 263 3321 ἀκούεσθαι
275 3263 374 3340 ἐγίνετο
385 3267 424 3344 τῷ
433 3265 586 3345 εὐχομένω,
599 3265 643 3325 tit
656 3266 687 3327 τὸ
699 3265 769 3327 και-δι
783 3269 853 3328 Θεὸν
906 3264 973 3346 ipsis
982 3265 1163 3328 exhibitum?

78 3350 197 3430 γίνεσθαι
209 3354 258 3427 τήν
272 3355 363 3435 εὐχήν.
378 3354 461 3438 Ὁρᾷς
478 3358 510 3415 δι’
534 3355 602 3417 ὅσων
618 3360 711 3427 αὐτοὺς
733 3361 853 3421 παιδεύει
869 3367 889 3415 Ε

78 3442 128 3514 τὴν
141 3442 208 3525 ὑπὲρ
232 3450 316 3505 αὐτῶν
335 3448 441 3526 ἀγάπην
459 3449 505 3509 καί
525 3448 573 3522 τήν
587 3449 669 3529 τιμήν
682 3451 729 3525 τήν
742 3452 851 3532 γινομέ-

79 3559 128 3606 νην
143 3539 179 3603 είς
193 3537 300 3613 αύτούς;
1552 3596 1553 3600 ,

121 3630 146 3686 Τ
149 3628 158 3685 ί
170 3628 221 3709 γὰρ
236 3634 283 3690 ούιι
295 3631 402 3705 ἐποίησε
418 3636 451 3692 δι’
466 3638 539 3712 ἡμᾶς
551 3632 564 3694 δ
575 3632 657 3712 Θεάς;
670 3639 793 3721 Φοσρςὸρ
806 3641 852 3701 τὸ,
946 3627 975 3690 8.
990 3627 1067 3702 Quid
1080 3628 1151 3688 enim
1165 3649 1217 3689 nott
1230 3650 1282 3711 pro
1293 3629 1371 3689 nobis
1384 3629 1448 3689 lecit
1460 3630 1534 3692 Deus
1545 3629 1560 3689 ί)
1571 3631 1652 3690 lllun·

78 3719 178 3798 κόσμον
197 3723 230 3780 δι’
248 3729 335 3801 ἡμᾶς,
349 3725 413 3784 ’καί
432 3725 569 3806 άρθαρτον·
582 3728 691 3802 ἐποίησε
712 3733 744 3790 δι’
764 3737 850 3809 ἡμᾶς·
905 3718 1182 3804 dumcorruptibilem
1193 3736 1304 3804 propter
1315 3744 1371 3798 uos,
1384 3723 1652 3804 etincorruptihilen

77 3818 233 3885 κακωθῆναι
248 3815 307 3883 τοὺς
319 3818 456 3898 προρήτας
472 3817 641 3899 συνεχώρησε
659 3823 693 3880 δι’
710 3829 797 3901 ἡμᾶς,
816 3829 853 3891 εἰς
905 3829 1017 3895 propter
1032 3836 1080 3875 nos
1100 3815 1184 3892 secit3
1204 3814 1275 3874 male
1293 3815 1364 3873 affici
1381 3815 1526 3896 prophetas
1543 3830 1654 3899 propter

79 3905 267 3986 αἰχμαλωσίαν
287 3909 389 3989 ἔπεμψε
401 3911 435 3968 δι’
449 3916 536 3989 ἡμᾶς,
559 3915 595 3978 εἰς
617 3912 728 3990 κάμινον
751 3920 851 3996 ἀφῆκεν
907 3927 954 3966 nos
967 3907 1090 3987 permisit
1103 3930 1111 3982 ς
1125 3906 1153 3966 iu
1167 3906 1353 3987 captivitatem
1367 3921 1476 3987 propter
1490 3926 1542 3968 nor
1553 3908 1628 3970 misit
1641 3933 1652 3985 ς

78 4001 205 4074 ἐμπεσεῖν
222 4003 254 4059 δι’
277 4006 364 4079 ἡμᾶς,
378 4001 410 4059 τὰ
432 4003 513 4082 μυρία
533 4006 673 4081 ὑπομεῖναι
693 4007 773 4068 κακά,
796 4009 852 4068 Καὶ
906 4002 934 4061 in
948 4002 1082 4061 fornacem
1102 4013 1213 4082 propter
1226 4021 1275 4060 nos
1293 4000 1413 4081 permisit
1428 4000 1554 4077 incidere,
1571 4016 1653 4081 atque

78 4090 217 4170 προρήτας
230 4090 257 4152 δὲ
272 4093 305 4150 δι’
315 4098 386 4170 ἡμᾶς
400 4092 493 4162 αὐτούς
503 4094 680 4171 ἐποίησε,καῖ
691 4100 852 4168 ἀποστῶους
906 4096 981 4156 mille
1000 4096 1092 4155 subire
1111 4095 1192 4156 mala.
1226 4094 1375 4176 Prophetas
1395 4095 1457 4154 illos
1477 4110 1588 4178 propter
1603 4117 1652 4157 nos

79 4183 115 4240 δι’
131 4187 218 4260 ἡμᾶς·
234 4186 278 4243 τὸν
298 4188 433 4264 Μονογενῆ
456 4187 491 4246 δι’
510 4194 582 4264 ἡμᾶς
602 4187 783 4271 ἐξέδωκατδν
795 4193 851 4254 διά-
905 4189 979 4265 fecit,
990 4203 1018 4248 et
1034 4190 1168 4270 apostolos
1184 4187 1249 4248 item
1262 4202 1372 4269 propter
1386 4209 1457 4266 nos,
1474 4190 1653 4269 Unigenitum

79 4275 158 4335 δολον
173 4277 207 4334 δι’
220 4281 292 4355 ἡμᾶς
298 4279 417 4346 κολάζει·
431 4281 552 4340 ἐκάθισεν
565 4287 635 4359 ἡμᾶς
646 4285 674 4342 lv
685 4283 851 4365 δεξιᾷῶνει-
905 4298 1017 4365 propter
1028 4304 1076 4343 nos
1087 4282 1213 4359 tradidit,
1226 4281 1366 4342 diabolum
1379 4297 1490 4365 propter
1504 4283 1651 4364 nospuni13
1673 4284 1685 4305 ''

79 4365 157 4439 δίσθη
173 4370 206 4428 δι’
226 4376 311 4447 ἡμᾶς·
326 4374 362 4430 Oi
381 4372 525 4450 ὀνειδισμοὶ
544 4374 609 4451 γάρ,
626 4375 706 4455 ρησὶ,
720 4366 773 4435 τῶν
785 4379 852 4438 ὀνει-
860 4415 898 4455 ,37
906 4397 954 4436 nos
971 4376 999 4434 ἰιι
1018 4375 1129 4435 dextera
1145 4373 1237 4434 sedere
1253 4375 1357 4452 voluit3
1379 4375 1525 4455 opprobria
1535 4390 1653 4457 propter

79 4458 202 4525 διζύντων
216 4486 245 4522 σε
263 4461 389 4522 ἐπέπεσον
413 4465 454 4521 ἐπ’
470 4463 527 4541 ἐμέ.
549 4464 618 4525 Ἀλλ’
632 4466 703 4545 ὅμως
719 4466 787 4545 μετὰ
806 4494 851 4530 το-
870 4470 890 4517 A
906 4489 954 4527 nos
964 4488 1058 4548 passus
1068 4481 1108 4526 cst
1122 4488 1129 4523 ι
1143 4487 1206 4525 nam
1219 4464 1257 4523 ait
1272 4489 1278 4522 ι
1294 4467 1456 4546 opprobria
1469 4470 1651 4542 exprobrare·
1661 4481 1729 4526 Psat.
1747 4477 1787 4526 68.

79 4556 164 4609 σαῦτα
188 4554 380 4632 ἀρισταμένους
406 4558 477 4632 ἡμᾶς
504 4560 551 4616 οὐκ
579 4559 695 4638 άρίησιν,
722 4559 791 4621 ἀλλά
806 4561 851 4622 καί
907 4562 978 4620 tium
995 4562 1050 4619 tibi
1063 4560 1232 4618 ceciderunt
1247 4577 1334 4636 super
1345 4579 1398 4618 me.
1414 4560 1540 4621 Attamen
1553 4578 1601 4617 nos
1615 4558 1652 4617 ab
1665 4557 1701 4589 ¹⁰·

78 4647 229 4722 παρακαλεῖ
249 4646 340 4720 πάλιν,
366 4645 412 4705 καὶ
426 4646 529 4730 ἑτάρους
548 4652 743 4731 παρασκευάζει
760 4677 852 4733 παρα.
906 4651 965 4732 ipso
981 4664 1041 4731 post
1053 4662 1092 4708 tot
1106 4647 1400 4727 tantaquedelicientes
1414 4670 1467 4709 non
1481 4648 1591 4726 deserit,
1605 4647 1653 4708 sed

78 4738 170 4793 καλεῖν
194 4737 261 4816 ύπὲρ
284 4742 371 4816 ἡμῶν,
386 4738 430 4796 ἵνα
451 4743 516 4816 ἡμῖν
537 4742 701 4822 χαρίσηται·
718 4741 782 4824 ὅπερ
809 4745 853 4806 ἐπὶ
906 4764 955 4803 uos
963 4764 1071 4802 rursum
1085 4743 1219 4817 hortatur,
1230 4755 1256 4801 et
1265 4741 1333 4799 alios
1344 4754 1432 4820 parat,
1450 4741 1497 4819 qui
1510 4762 1560 4820 pro
1574 4739 1667 4822 nobis¹

78 4833 125 4885 τοῦ
134 4829 269 4898 Μωϋσέως
279 4830 378 4909 γέγονε.
387 4831 440 4889 Καὶ
454 4830 604 4913 γλρέκείνιρ
621 4835 789 4916 ρησῖν,Ἄρες
797 4862 853 4916 με,
906 4835 1081 4910 intercedant,
1100 4849 1130 4893 ut
1144 4835 1223 4894 nobis
1237 4834 1352 4913 gratiam
1365 4833 1497 4911 largiatur
1512 4856 1519 4890 ι
1536 4832 1610 4912 quod
1623 4832 1652 4892 in

79 4918 126 4978 καλ
140 4918 268 5000 ἐξαλείψει
280 4920 386 4989 αὐτούς·
407 4921 451 4980 ῖνα
465 4923 542 4982 αὐτὸν
555 4925 658 5005 ἐμῦάλῃ
674 4929 710 4993 εῖς
724 4926 772 5000 τήν
787 4928 854 5011 ὑπὲρ
906 4930 1002 5010 Moyse
1018 4928 1118 4987 lactum
1130 4940 1177 4996 est,
1198 4925 1245 4986 llli
1259 4946 1373 5002 namque
1388 4924 1426 4983 ait
1437 4949 1443 4981 ι
1454 4927 1580 4985 Dimitte
1593 4946 1650 5002 me,
1660 4955 1738 5000 leod.
1752 4954 1791 5002 32,

80 5011 186 5070 ἐκείναιν
194 5012 341 5093 ἱκετηρίαν·
354 5015 399 5073 καὶ
411 5014 492 5073 νῦντὸ
500 5014 639 5075 rededi-otei
662 5016 714 5077 Διδι
722 5025 798 5079 τοῦτο
808 5021 853 5080 καί
906 5033 935 5081 et
948 5020 1049 5081 delebo
1061 5039 1109 5080 eos
1124 5042 1133 5097 3
1148 5031 1178 5077 ut
1190 5017 1272 5077 illum
1284 5015 1429 5077 adduceret
1443 5016 1479 5078 ad
1487 5016 1652 5098 precandum
1663 5027 1700 5063 ¹0·

117 5219 127 5241 ¹
144 5203 191 5268 [t.
204 5206 301 5254 omittit
317 5205 456 5273 copulam]
959 5261 960 5266 ,
1150 5248 1153 5253 -

267 5305 401 5343 rou.rx.
943 5368 945 5373 Ι
1455 5289 1493 5348 ῖ5
