3728 5978
236 426 306 472 202
584 433 615 480 S.
643 430 779 480 JOANNIS
805 427 990 478 CHRYSOST·
1019 429 1178 477 tuentur.
1205 429 1478 478 consummor.

274 551 304 608 5.
327 549 398 612 Hinc
411 551 536 628 declarat,
544 555 634 635 ipsum
646 555 793 616 Verbuma
804 554 861 613 Deo
874 549 975 615 Judaeis
991 557 1009 605 E
1067 554 1202 613 Ἐντεῦθεν
1212 552 1359 628 δείκνυσιν,
1374 552 1415 613 ἀει
1429 545 1502 620 obeo<
1514 553 1568 613 ἀπδ
1583 553 1656 614 Θεοῦ
1665 553 1793 623 Ἰουδαίοις

234 642 324 722 primo
337 643 448 703 missum
463 646 554 705 fuisse.
569 646 675 705 Deinde
687 645 722 703 ab
738 645 782 719 iis,
797 666 856 722 quae
871 664 919 724 per
933 656 974 701 to·
1026 649 1130 723 πρῶτον
1152 645 1325 706 ἀπέσταλται.
1346 634 1414 705 Eira
1435 647 1480 724 ἀφ’
1495 635 1532 703 ῶν
1552 644 1716 728 κατώρθωσε
1740 649 1794 706 καθ’

234 748 290 794 tam
302 738 318 796 J
322 736 425 795 udaeam
436 739 532 816 effecit,
542 739 593 798 hoc
601 739 774 814 demonstret,
786 737 879 796 dicens
894 759 901 792 :
919 738 975 795 Vos
1025 734 1088 807 δλης
1101 741 1149 808 τῆς
1163 735 1291 805 Ἰουδαίας
1313 743 1390 797 τοῦτο
1403 735 1636 811 συναποδείκνυσι,
1650 737 1698 797 καί
1714 736 1793 816 λέγει*
1809 736 1812 744 ’

234 833 314 888 scitis
329 831 409 910 quod
419 832 590 911 factumest
603 836 727 891 verbum
741 852 795 910 per
808 834 975 888 universam
1025 826 1118 905 Ὑμεῖς
1128 829 1216 889 οἴδατε
1229 828 1259 888 τδ
1276 830 1412 909 γενόμενον
1426 833 1500 910 ῥῆμα
1511 830 1571 888 καθ’
1582 827 1647 902 ὅλης
1663 833 1713 900 τῆς
1730 829 1793 889 Ἰου-

232 921 369 978 Judoearn
379 945 389 976 .·
399 934 425 980 et
440 922 515 1000 quod
528 937 567 982 est
582 922 717 1000 mirabile,
728 926 869 1002 incipiens
883 942 902 978 a
915 920 975 979 Gu-
1028 919 1119 988 δαίας·
1134 921 1179 979 καὶ
1192 922 1223 982 τδ
1245 921 1410 1000 θαυμαστὸν,
1426 920 1570 1003 ἀρξάμενον
1585 921 1639 982 ἀπδ
1653 927 1704 994 τῆς
1716 923 1793 980 Γαλι·

233 1010 323 1082 diua,
331 1025 397 1091 post
408 1016 565 1094 baptisma,
573 1016 652 1097 quod
656 1015 827 1095 predicavit
833 1014 975 1073 Ioannes.
1026 1011 1118 1086 λαῖας,
1130 1012 1199 1091 μετάι
1209 1015 1240 1074 τὸ
1251 1014 1408 1094 βάπτισμα,
1421 1013 1436 1074 δ
1449 1012 1570 1097 ἐκήρυξεν
1584 1011 1720 1085 Ἰωάννης.
1732 1015 1794 1094 Πρύ

232 1102 325 1163 Primo
338 1103 465 1183 loquutus
475 1122 514 1166 cst
523 1107 558 1167 de
571 1108 628 1188 ejus
640 1107 767 1189 praeclaro
781 1126 868 1185 opere,
878 1116 905 1163 et
913 1118 976 1163 tunc
1026 1127 1100 1186 τερον
1109 1096 1180 1165 εἶπεν
1192 1111 1271 1167 αὐτοῦ
1282 1105 1313 1165 τδ
1324 1106 1495 1187 κατόρθωμα,
1509 1105 1555 1165 καὶ
1565 1103 1627 1164 τότε
1639 1108 1731 1185 θαῤῥεῐ
1740 1104 1793 1187 περί

231 1193 267 1254 de
279 1196 336 1276 ejus
353 1197 439 1277 patria
456 1199 570 1259 fidenter
584 1199 713 1278 loquitur.
727 1200 830 1259 Iesum
843 1219 863 1256 a
875 1198 976 1256 Naza-
1027 1201 1075 1269 τῆς
1094 1200 1172 1258 αὐτοῦ
1181 1197 1305 1280 πατρίδος
1314 1200 1408 1258 εἰπεῖν.
1421 1197 1525 1269 Ἰησοῦν
1536 1196 1581 1256 τ’σν
1600 1197 1656 1256 ἀπὸ
1669 1195 1793 1276 Ναζαρέθ.

232 1288 307 1347 retia.
320 1288 360 1347 lta
378 1289 480 1350 sciebat
496 1291 582 1374 ipsam
598 1292 714 1374 patriam
732 1289 894 1350 offendiculo
908 1308 975 1347 csse.
1029 1288 1121 1357 Οὕτως
1133 1289 1209 1371 ᾔδει,
1221 1289 1262 1351 δτι
1273 1289 1446 1362 σκάνδαλονὴ
1459 1289 1563 1371 πατρίς.
1575 1287 1624 1357 Ὡς
1637 1288 1742 1371 ἔχρισεν
1752 1292 1796 1348 σῦ-

237 1383 387 1460 Quomodo
395 1391 479 1445 unxit
488 1408 553 1445 eum
560 1389 640 1446 Deus
647 1386 755 1465 Spiritu
764 1395 868 1444 sancto
879 1396 907 1442 et
916 1386 978 1441 vir·
1029 1381 1098 1442 τδνδ
1111 1381 1179 1448 Θεδς
1193 1381 1408 1463 Πνεύματιᾶγῖῳ
1424 1382 1470 1441 καῖ
1483 1381 1602 1462 δυνάμει.
1619 1381 1710 1440 Πάλιν
1718 1403 1796 1440 κατα-

233 1477 412 1535 tutc.Iterum
420 1479 570 1560 probatNe
578 1479 637 1558 quis
646 1479 718 1538 enim
727 1477 837 1552 diceret,
845 1475 979 1535 undenam
985 1527 1022 1567 m
1030 1473 1121 1547 σκευή.
1135 1472 1194 1534 Ἵνα
1206 1474 1258 1555 γάρ
1274 1475 1311 1553 μή
1324 1498 1365 1542 τις
1382 1474 1460 1555 εἴπῃ,
1472 1473 1608 1536 καλπύθεν
1621 1473 1797 1547 τοῦτοδῆλον,

233 1566 286 1627 boc
303 1569 475 1630 manifestum
496 1572 552 1630 est?
573 1569 714 1653 subjungit
731 1593 737 1625 :
754 1570 811 1647 Qui
826 1581 977 1648 pertrans·
995 1585 1015 1630 Α
1030 1566 1123 1649 ἐπάγει
1132 1566 1225 1648 λέγων·
1237 1566 1290 1635 Ὅς
1299 1569 1402 1641 διῆλθεν
1412 1568 1554 1648 εὐεργετῶν
1564 1567 1610 1627 καλ
1620 1563 1797 1643 ίώμενοςπάν-

234 1665 288 1721 ivit
303 1664 513 1744 benefaciendo
526 1679 555 1725 et
565 1665 700 1724 sanando
716 1683 815 1721 omnes
832 1681 980 1741 oppressos
1030 1683 1078 1728 τας
1087 1658 1147 1728 τυῖις
1156 1660 1460 1739 καταδυναστευομένους
1475 1646 1797 1719 θπδτοῦδιαθύλωῶῖττ

234 1773 255 1812 α
269 1755 400 1814 diabolo.
418 1756 523 1815 Deinde
536 1777 599 1815 cum
614 1754 705 1831 bonis,
721 1775 782 1832 quae
795 1765 919 1832 operatus
929 1767 978 1832 est,
1032 1752 1100 1830 μετδι
1111 1756 1164 1812 τῶν
1174 1756 1279 1832 ἀγαθῶν
1290 1744 1326 1813 ῶν
1337 1751 1460 1826 ἐποίησε,
1474 1751 1590 1811 δείκνυσι
1599 1749 1648 1810 καλ
1661 1747 1711 1821 ebs
1725 1745 1796 1807 διίεσ-

234 1845 350 1904 ostendit
360 1859 459 1924 quanta
468 1846 557 1907 virtus
569 1848 627 1926 ejus
637 1859 704 1904 esset
714 1868 721 1900 ι
733 1865 795 1902 cum
804 1843 876 1902 enirn
885 1842 980 1902 diabo-
1032 1867 1087 1922 μιν,
1098 1843 1138 1905 ὅτι
1149 1844 1250 1918 πολλή·
1272 1847 1334 1904 δταν
1348 1843 1401 1926 γάρ
1414 1849 1459 1904 τοῦ
1476 1842 1599 1904 διαύύλου
1620 1840 1796 1924 περιγῖνηται,

169 2013 171 2016 ⁴
234 1935 293 1994 lum
309 1937 488 2016 superaverit,
510 1937 645 2017 ingentem
662 1934 738 1995 illam
759 1934 842 1993 tuisse
860 1948 976 2015 oportet.
1030 1936 1115 2009 πολλή
1127 1935 1166 2004 τίς
1181 1938 1239 1996 ἐστι
1252 1935 1297 1995 καί
1312 1936 1424 2015 μεγάλη.
1438 1936 1492 1995 Καῖ
1502 1941 1519 2008 ἡ
1529 1934 1618 2007 αἰτία,
1629 1932 1698 1995 Ὅτι
1708 1936 1724 1992 δ
1735 1932 1797 2000 este

235 2026 370 2108 Adjicitur
383 2049 473 2103 causa,
492 2030 638 2107 Quoniam
656 2030 737 2086 Deus
755 2040 819 2086 erat
833 2047 899 2086 cum
914 2028 977 2088 ttto.
1028 2017 1061 2099 ἦν
1077 2027 1134 2105 μετ’
1147 2030 1242 2101 αὐτοῦ,
1254 2030 1343 2109 φησίν.
1359 2028 1411 2088 Διά
1428 2032 1505 2086 τοῦτο
1522 2026 1569 2086 καῖ
1581 2025 1707 2086 Ἰουδαῖοι
1721 2022 1795 2091 οὗτος

84 2131 189 2179 λοιπε.
200 2143 223 2177 τ.
234 2117 298 2178 ideo
313 2133 338 2178 et
349 2119 439 2180 Judaei
452 2120 491 2179 ita
504 2120 630 2179 dicebaut
643 2143 649 2176 :
661 2120 783 2192 Scimus,
801 2123 941 2200 quoniam
957 2143 977 2179 a
1027 2117 1132 2200 ἔλεγον·
1153 2120 1283 2201 Οἴδαμεν,
1296 2120 1338 2182 ὅτι
1360 2120 1413 2180 ἀπὸ
1432 2124 1478 2181 τοῦ
1491 2121 1562 2180 Θεοῦ
1578 2117 1709 2190 ἐλήλυθας
1732 2115 1795 2176 tut

149 2260 152 2265 .
233 2212 298 2270 Deo
311 2216 421 2272 uenisti
440 2217 595 2294 magister:
609 2232 693 2271 nemo
711 2215 789 2270 enim
807 2224 901 2291 potest
913 2213 976 2273 tue
1028 2217 1136 2282 οκαλος·
1151 2215 1243 2290 οὐδεὶς,Ι
1255 2214 1307 2296 γὰρ
1323 2218 1407 2273 ταῦτα
1419 2212 1454 2272 τὰ
1470 2218 1570 2290 σημεῖα
1586 2208 1697 2270 δύναται
1707 2215 1796 2282 ποιεῖν,

232 2306 318 2383 siguo
332 2306 444 2385 facere,
456 2309 513 2364 nisi
527 2307 608 2364 Deus
616 2305 712 2385 suerit
725 2323 791 2361 cum
805 2322 847 2363 ec.
862 2302 975 2380 Deinde,
1027 2305 1058 2366 διν
1076 2298 1146 2387 μιλῇ
1165 2311 1179 2367 ὃ
1197 2306 1266 2374 Θεδς
1286 2310 1343 2385 μετ’
1359 2309 1448 2366 αὐτοῦ.
1468 2295 1551 2376 Εἶτα,
1570 2301 1616 2363 δτε
1636 2299 1741 2381 ἔδειξεν,
1759 2299 1796 2361 δτι

232 2409 375 2478 postquam
388 2399 503 2459 ostendit
516 2420 578 2458 eum
589 2399 670 2457 aDeo
683 2396 796 2455 missum
809 2395 901 2475 fuisse,
913 2412 977 2459 tuuc
1027 2398 1080 2458 ἀπδ
1093 2401 1164 2459 Θεοῦ
1179 2398 1357 2473 ἀπέσταλται,
1372 2397 1432 2458 τότε
1444 2396 1529 2478 λέγει,
1543 2395 1585 2457 ὅτι
1607 2392 1738 2476 ἀνῃρέθη,
1757 2391 1794 2451 ἴνα

231 2487 309 2547 addit
329 2511 390 2550 eum
410 2489 683 2565 interfecturnsuisse,
699 2487 813 2568 nequid
827 2488 976 2549 absurdum
1027 2491 1102 2569 μήτι
1116 2492 1212 2552 ἄτοπον
1227 2497 1386 2572 φαντασθῇς.
1400 2489 1482 2572 Ὁρᾷς
1496 2482 1794 2567 αῦτοῖιςοῦδαμοῦκμί·
1835 2494 1840 2503 ”

231 2579 398 2659 imagineris.
411 2581 512 2646 Viden'
527 2582 589 2641 illos
610 2602 745 2660 nusquam
766 2581 900 2642 occultare
913 2605 975 2642 cru·
991 2607 1010 2657 Β
1026 2605 1139 2651 πτοντας
1149 2583 1193 2643 τδν
1205 2582 1328 2665 σταυρδν,
1350 2579 1420 2642 ἀλλδι
1431 2577 1499 2659 μετὰ
1514 2580 1567 2638 τῶν
1581 2577 1670 2638 ἀλλων
1683 2574 1794 2642 τιθέντα

230 2695 297 2749 cem,
314 2676 369 2736 imo
385 2692 411 2737 et
429 2676 540 2738 modum
560 2677 642 2737 etiam
660 2697 724 2736 cum
745 2675 806 2735 aliis
828 2677 975 2738 addentes?
1026 2677 1072 2736 καῖ
1087 2675 1130 2737 τδν
1144 2675 1315 2758 τρόπονςὍν
1329 2675 1377 2735 καῖ
1392 2676 1508 2746 ἀνεῖλον,
1525 2671 1606 2754 φησὶ,
1618 2671 1793 2753 κρεμάσαντες

233 2769 323 2846 Quem
332 2771 510 2848 occiderunt,
519 2769 618 2849 iuquit,
626 2770 833 2850 suspendentes
843 2774 875 2828 in
885 2772 973 2852 ligno.
1025 2769 1091 2829 ’ἐπὶ
1109 2769 1197 2839 ξύλου.
1217 2769 1271 2829 Καὶ
1291 2767 1386 2828 ἔδωκεν
1401 2765 1479 2826 αθτδν
1495 2769 1599 2847 ἐμφανῆ
1613 2762 1749 2845 γενέσθαι,
1767 2765 1794 2822 σθ

229 2861 271 2918 Et
286 2862 462 2922 dedititium
473 2863 750 2946 mamfestumficri,
766 2883 824 2920 non
836 2868 916 2921 omni
925 2885 974 2944 po
1024 2861 1105 2922 παντὶ
1123 2866 1161 2944 τῷ
1177 2864 1250 2942 λαῷ,
1270 2860 1340 2920 ἀλλά
1363 2858 1477 2940 μάρτυσι
1493 2865 1548 2925 τοῖς
1560 2878 1793 2938 προκεχειροτονη-

227 2952 308 3029 pulo,
323 2954 376 3012 sed
393 2957 513 3014 testibus
535 2955 742 3034 preordinatis
760 2975 780 3013 a
799 2956 863 3014 Deo
881 2959 973 3016 nobis.
1025 2953 1111 3033 μένοις
1133 2953 1184 3013 ὑπὸ
1205 2959 1252 3013 τοῦ
1271 2954 1343 3014 Θεοῦ
1366 2957 1440 3031 ἡμῖν.
1454 2944 1548 3011 Καίτοι
1568 2972 1598 3030 γε
1613 2946 1692 3016 αὐτὸς
1708 2944 1794 3015 αι’ποθς

228 3046 312 3122 Atqui
338 3044 396 3126 ipse
408 3045 471 3106 illos
490 3047 583 3126 elegit3
597 3044 645 3106 sed
664 3045 736 3104 illud
757 3046 888 3106 adscribit
907 3050 973 3108 Deo.
1025 3046 1172 3121 ἐξελέξατο,
1186 3044 1255 3106 ἀλλὰ
1269 3045 1316 3105 καλ
1335 3050 1411 3104 τοῦτο
1427 3041 1565 3115 ἀνατίθησι
1585 3042 1626 3120 τῷ
1647 3041 1723 3120 Θεῷ.
1735 3041 1794 3106 Τοῖς

228 3136 451 3212 Proeordinatis‚
462 3137 560 3215 inquit.
575 3137 647 3198 Vide
666 3136 739 3197 unde
755 3138 976 3199 resurrectionem
1024 3136 1346 3221 προκεχειροτονημένοις,
1371 3134 1461 3216 φησίν.
1475 3132 1550 3214 Ὅρα
1568 3130 1650 3192 πύθεν
1672 3129 1722 3204 ebs
1736 3129 1794 3190 ἀνί·

228 3228 975 3309 probet,acomedendo.Curresurgensnuliumsignum
1025 3231 1291 3312 ατασινβεύαιοῦται·
1306 3229 1358 3289 ἀπὸ
1370 3232 1415 3287 τοῦ
1426 3234 1529 3308 φαγεῖν.
1543 3222 1597 3284 Διά
1615 3222 1642 3282 τί
1665 3221 1695 3282 δὲ
1716 3222 1792 3300 μηδὲν

227 3321 301 3398 fecit,
312 3322 359 3381 sed
377 3322 492 3383 comedit
504 3336 530 3382 et
545 3322 634 3381 bibit?
651 3322 722 3394 Quia
740 3324 800 3405 ipse
815 3324 974 3385 resurrectio
1025 3324 1140 3392 ἀναστδις
1160 3323 1268 3397 ἐποίησε
1282 3329 1401 3400 σημεῖον,
1413 3321 1473 3379 ἀλλ’
1485 3318 1566 3398 ἔφαγε
1576 3315 1623 3377 καὶ
1632 3313 1793 3390 ἐπιοιςὍτι

227 3438 276 3496 per
288 3437 317 3475 se
330 3437 459 3497 maguum
474 3431 531 3476 erat
547 3416 656 3496 signum
674 3440 680 3473 :
699 3417 782 3497 hujus
792 3439 856 3479 vero
868 3417 975 3478 nullum
1024 3419 1069 3477 καῖ
1088 3415 1155 3489 αύπλ
1170 3421 1187 3488 ἡ
1203 3415 1345 3482 ἀνάστασις
1364 3417 1414 3472 καθ
1430 3409 1526 3483 icus-b
1538 3407 1608 3487 μέγα
1623 3416 1736 3486 σημεῖον
1748 3398 1792 3480 ἦν·

227 3512 316 3590 majus
325 3525 514 3590 argumentum
528 3524 594 3585 erat,
607 3532 689 3590 quem
701 3510 774 3589 quod
788 3511 937 3571 comederet
947 3526 973 3571 et
1023 3511 1119 3584 ταύτης
1131 3509 1159 3571 δὲ
1173 3508 1245 3569 οὐδὲν
1258 3506 1340 3575 οὕτως
1353 3509 1391 3573 εἴς
1406 3500 1536 3570 ἀπόδειξιν
1550 3505 1648 3580 μεῖζον,
1661 3504 1699 3569 ὣς
1709 3500 1739 3560 τδ
1748 3523 1795 3581 φα·

195 3618 197 3622 ”
226 3602 339 3662 biberet.
354 3603 528 3684 Testificari,
538 3602 635 3680 iuquit.
651 3601 703 3660 Hic
716 3602 873 3661 terribiliter
885 3602 973 3681 loqui·
987 3615 1006 3663 C
1022 3612 1077 3682 γεῖν
1093 3602 1137 3663 καῖ
1151 3611 1230 3662 πιεῖν.
1244 3596 1480 3678 Διαμαρτύρασθαι
1489 3639 1497 3667 ,
1507 3591 1596 3675 φησίν.
1607 3591 1742 3653 Ἐνταῦθα
1751 3591 1793 3652 καῖ

226 3707 280 3770 tur,
298 3716 331 3755 ne
355 3708 463 3776 possent
486 3694 522 3754 ad
542 3693 722 3774 ignorantiam
744 3695 896 3773 coningere.
917 3697 973 3756 Nec
1022 3685 1289 3776 φούερῶςεῖπεν,ίνα
1315 3688 1352 3769 μὴ
1376 3688 1472 3770 ἔχωσιν
1490 3689 1527 3754 εἰς
1544 3685 1651 3763 ἄγνοιαν
1678 3708 1794 3764 καταφυ·

224 3789 297 3848 dixit
311 3812 318 3845 :
332 3790 393 3870 lpse
404 3802 442 3847 est
455 3787 540 3846 Filius
551 3786 615 3861 Dei;
630 3785 678 3846 sed
691 3785 765 3864 qnod
776 3786 894 3845 maxime
910 3788 972 3848 ilios
1023 3796 1086 3869 γεῑν.
1102 3786 1155 3848 Καὶ
1171 3788 1219 3847 υθκ
1228 3775 1310 3858 εἴπεν,
1323 3782 1365 3843 δτι
1379 3778 1455 3849 αὐτύς
1470 3781 1541 3838 ἐστιν
1553 3776 1640 3842 biti<
1651 3780 1700 3834 τοῦ
1712 3779 1795 3852 Θεοῦ,

226 3881 340 3940 terrebat
352 3905 358 3938 :
371 3884 437 3961 Ipse
446 3893 499 3954 cst,
515 3884 566 3960 qui
576 3882 752 3938 constitutus
765 3892 808 3938 est
818 3901 838 3938 a
851 3880 971 3961 Deoju-
1023 3881 1082 3940 ἀλλ’
1098 3882 1112 3941 δ
1128 3878 1243 3958 μαλιστα
1255 3875 1345 3943 αὐτοῦς
1359 3874 1465 3956 ἐφδάει,
1480 3872 1520 3932 ὅτι
1535 3868 1612 3937 αὐτός
1625 3870 1700 3928 ἐστιν
1713 3872 1795 3950 ὁώρυ

224 3975 281 4032 dex
292 3977 427 4032 virorum
442 3985 469 4031 et
486 3985 675 4031 mortuorum.
685 3968 755 4028 Hinc
770 3969 892 4049 sequitur
902 3973 971 4031 vali·
1023 3973 1116 4052 σμένος
1129 3973 1179 4035 teet
1192 3975 1262 4032 Θεοῦ
1282 3967 1373 4052 κριπλς
1387 3965 1491 4036 ζώντων
1502 3963 1548 4024 καῖ
1560 3965 1671 4043 νεκρῶν.
1694 3951 1762 4021 Eira
1776 3966 1795 4035 ἡ

223 4066 288 4125 dum
312 4080 502 4146 argumentum
515 4088 530 4124 a
545 4064 684 4147 prophetis
698 4088 705 4121 ι
721 4063 762 4123 illi
780 4064 853 4123 enim
869 4064 898 4124 in
913 4088 970 4125 ma·
1021 4065 1099 4149 κυρία
1116 4064 1316 4137 ι’κατασκευιλὴ
1337 4062 1391 4123 ἀπδ
1409 4064 1462 4120 τῶν
1490 4059 1648 4138 προφητῶν·
1677 4056 1795 4135 μεγάλην

222 4179 275 4236 gna
289 4159 484 4217 existimatione
504 4171 586 4217 erant.
602 4159 681 4216 Huic
702 4176 801 4215 omnes
821 4160 969 4238 prophete
1021 4158 1074 4239 γδρ
1088 4150 1158 4240 εἴχον
1173 4157 1248 4226 δόξαν
1262 4159 1365 4216 ἐκεῖνοι.
1385 4151 1481 4233 Τούτῳ
1497 4149 1593 4217 πάντες
1614 4152 1639 4207 οἴ
1660 4154 1795 4228 προφῆται

222 4252 420 4307 testimonium
428 4250 590 4327 perbibent.
599 4248 747 4325 Postquam
758 4247 855 4306 timore
867 4250 970 4328 percul·
1022 4256 1209 4333 μαρτυροῦσιν.
1218 4249 1287 4310 Ὅτε
1310 4252 1348 4328 τῷ
1369 4245 1443 4327 otoo
1456 4241 1611 4314 κατέσεισε,
1627 4239 1690 4301 τότε
1704 4241 1795 4321 ἐπάγει

221 4338 266 4408 sit,
281 4351 345 4396 tunc
367 4338 474 4396 veniam
487 4337 603 4408 inducit,
617 4358 669 4397 nun
682 4338 718 4396 ab
735 4337 794 4410 illo,
810 4338 857 4397 sed
874 4362 888 4397 a
903 4361 968 4420 pro-
1020 4343 1067 4415 τὴν
1081 4340 1260 4423 συγχώρησιν,
1273 4341 1303 4399 οὔ
1314 4341 1377 4420 παρ’
1385 4340 1464 4397 αὐτοῦ
1470 4333 1711 4412 λεγομένην,ἀλλδ
1724 4333 1796 4416 παρδ

219 4429 430 4511 pbetisdictam.
447 4429 482 4488 Et
491 4429 564 4508 quod
574 4430 692 4489 terribile
700 4432 808 4507 erat,ab
819 4431 867 4491 illo
872 4455 882 4510 3
895 4435 967 4511 quud
1020 4439 1072 4494 τῶν
1083 4438 1235 4516 προφητῶν.
1262 4431 1315 4492 Καὶ
1330 4431 1361 4491 τδ
1376 4427 1423 4508 μέν
1442 4426 1562 4508 φούτρδν,
1577 4427 1642 4506 παρ’
1659 4427 1753 4484 αὐτοῦ·
1766 4423 1796 4484 sb

219 4538 311 4583 autem
329 4522 432 4595 mitius,
449 4522 618 4602 apropbetis
640 4523 870 4603 proficiscebatur.
880 4528 968 4600 Quot·
1020 4525 1118 4605 ἥμερον
1133 4523 1174 4597 δὲ,
1200 4520 1253 4581 ἀπδ
1274 4524 1327 4578 τῶν
1343 4520 1495 4600 προφητῶν.
1508 4513 1590 4575 Ὅσοι
1606 4517 1655 4585 τῆς
1680 4512 1796 4594 ἀφέσεως

217 4633 283 4697 quot
293 4618 361 4676 banc
384 4615 568 4675 remissionem
582 4615 739 4693 consequuti
749 4616 822 4690 estis,
837 4631 967 4696 quotquot
982 4628 1001 4676 u
1020 4618 1126 4699 ἐτύχετε
1138 4615 1251 4688 ταύτης,
1268 4613 1324 4673 ὅσοι
1337 4614 1386 4682 τῆς
1400 4609 1513 4676 πίστεως
1527 4603 1727 4681 κατηξιώθητε,
1742 4629 1794 4683 μα·

219 4712 302 4782 fidem
317 4711 389 4770 nocti
407 4709 471 4769 estis
478 4733 487 4786 3
502 4730 565 4767 cum
578 4707 643 4767 doni
661 4709 876 4789 magnitudinem
888 4711 965 4771 didi-
1020 4711 1106 4778 θόντες
1118 4712 1166 4780 τῆς
1178 4704 1314 4786 δωρεᾶςτδ
1325 4705 1445 4783 μέγεθος,
1454 4701 1618 4780 παρακαλῶ,
1628 4697 1796 4758 σπουδάσατε

218 4806 322 4879 ceritis,
344 4805 468 4878 obsecro,
489 4801 551 4860 date
570 4824 695 4882 operam,
717 4823 749 4861 ne
766 4804 965 4866 Benesactorem
1019 4804 1057 4884 μὴ
1072 4802 1178 4885 ὑθρίσαι
1191 4804 1226 4868 εἴς
1235 4799 1279 4859 τὸν
1289 4796 1434 4879 εὐεργέτην.
1446 4791 1596 4872 Ἐτύχομεν
1606 4790 1659 4872 γδρ
1669 4790 1797 4871 ἀρίστοις,

217 4897 377 4956 contumelia
389 4894 526 4955 officiatis.
541 4893 737 4954 Remissionem
747 4916 863 4974 namque
874 4919 964 4957 conse·
1017 4901 1066 4978 οὐχ
1090 4897 1133 4955 ἴνα
1156 4893 1258 4975 χείρους
1271 4890 1421 4973 γενώμεθα,
1437 4885 1496 4947 ἀλλ’
1508 4884 1553 4944 ἴνα
1567 4882 1690 4963 ἀμείνους
1703 4885 1793 4961 πολλῶ

215 4991 293 5068 qnuti
307 5012 409 5065 sumus,
422 5010 475 5049 non
494 5002 524 5047 ut
539 4986 683 5047 deteriores
697 4988 857 5069 efficiamur,
872 4992 918 5052 sed
933 5007 962 5050 ut
1015 4992 1059 5050 noi
1091 4988 1217 5067 βελτίους.
1241 4983 1341 5058 Μηδεὶς
1363 4980 1448 5041 τοίνυν
1471 4978 1546 5057 εἴπῃ,
1566 4976 1608 5037 ὅτι
1621 4979 1635 5035 ύ
1649 4974 1718 5041 Θεὸς
1728 4979 1792 5052 ἡμῖν

245 5206 256 5228 ¹¹
269 5188 314 5238 Alii
328 5199 363 5244 ἐπὶ
373 5199 443 5252 ξύλον.
1045 5194 1057 5231 t
1070 5190 1130 5256 [Sic
1143 5185 1248 5240 Codices
1259 5201 1355 5238 omnes.
1368 5181 1436 5233 Editi
1446 5186 1573 5238 κατασκευὴ
1586 5184 1624 5230 κεί
1636 5176 1713 5240 &tbi
