3728 5978
482 455 516 502 m
544 446 630 503 seru
657 448 898 501 uuossoooouu
923 450 1041 502 noum.
1068 455 1163 504 xnus.
1523 428 1592 502 563

112 587 147 648 ῖος
174 578 221 639 καλ
245 576 391 658 Τιμόθεος,
414 576 529 638 Ἀσιανολ
554 576 582 636 u
605 576 723 658 Τυχικδς
749 572 795 632 καλ
852 574 1154 637 Τίιαεταίοιιῖοσκεῖαικ
1163 595 1235 637 uero
1246 575 1594 639 AristarobusetSeoun·

112 693 165 747 μσς.
177 660 262 730 oleo:
272 669 457 751 προελθόντες,
471 669 562 748 έμενον
575 674 647 749 ἡμᾶς
658 671 684 728 έν
699 665 796 748 Τρωά·
848 668 904 727 clus
919 682 948 730 et
969 669 1065 749 Gap'us
1080 672 1222 732 Derboeus
1241 683 1271 730 el
1292 672 1469 750 Timotheus,
1482 670 1596 732 Asiani

111 761 168 822 έλιν
183 762 309 821 διιύκεται
327 761 380 821 berb
393 761 537 836 Ἰουδαίων,
559 762 605 822 καλ
625 761 733 842 ἔρχεται
760 761 797 826 είς
850 780 923 819 vero
940 762 1086 837 Tyolsious
1101 774 1130 822 et
1146 763 1327 843 Tmpbimus.
1339 763 1367 823 5.
1382 765 1426 822 Hi
1437 784 1504 824 eum
1519 785 1594 844 proe·

111 853 198 913 ίονίαν.
221 856 286 921 Πῶς
315 853 343 913 δέ
371 854 415 915 ιθν
440 854 570 933 Τιμόθεον
597 848 797 913 Θεσσαλονικέα
849 855 1011 925 cessissent,
1024 873 1078 914 nos
1090 867 1295 936 exspectarunt
1309 859 1341 914 in
1354 856 1476 916 Troade.
1488 857 1595 916 Rursus

111 944 169 1012 ;οιἰ
177 951 254 1005 τοῦτο
264 945 348 1026 λέγει·
359 944 444 1018 ἀλλὰ,
456 945 612 1028 προέλαύον,
626 943 715 1024 ρησλν,
726 933 797 1002 οὗτοι
814 949 833 996 C
849 933 1082 1025 persequutionem
1095 947 1223 1028 potitura
1238 947 1352 1025 Judaeis,
1365 961 1392 1008 et
1405 947 1480 1010 venit
1493 947 1521 1008 io
1534 950 1596 1007 ida·

111 1060 133 1110 us
155 1037 274 1120 Τρωάδα
298 1040 528 1119 προοδοποιοῦντες
549 1039 629 1117 αὐτῷ.
649 1035 746 1114 Ήμεῖς
770 1032 798 1093 ii
850 1035 999 1100 cedouiom.
1012 1037 1158 1111 Quomodo
1178 1053 1268 1100 autem
1283 1040 1458 1100 Timotheum
1479 1040 1596 1100 Thessa-

111 1126 217 1207 ιύσαμιν
235 1129 304 1208 μετδι
316 1129 364 1197 τδς
374 1130 476 1212 ἡμέρας
489 1133 542 1188 τῶν
556 1127 661 1207 ἀζύμων
676 1125 729 1185 oieb
742 1127 798 1186 Φι-
850 1127 1012 1190 lonieeusem
1029 1130 1118 1191 diois?
1131 1131 1254 1192 Nonhoo
1270 1131 1349 1208 dieit;
1364 1133 1421 1207 sed,
1434 1133 1481 1212 Hi,
1493 1131 1593 1211 inquit,

111 1244 139 1298 u,
157 1219 203 1281 καί
224 1220 339 1300 ἤλθομεν
360 1221 425 1298 πρὸς
442 1220 535 1287 αὐτοὺς
561 1222 597 1288 είς
617 1217 666 1290 τὴν
681 1216 798 1301 Τρωάδα
850 1236 1040 1300 praeesse-om
1065 1224 1094 1284 in
1115 1223 1272 1304 Troadem,
1295 1225 1370 1286 viam
1394 1225 1436 1284 illi
1457 1238 1592 1307 parantes.

122 1317 231 1396 ἡμερῶν
250 1314 345 1388 πέντε,
364 1306 396 1375 o't'
406 1313 575 1395 διετρίψαμεν
596 1309 699 1392 ἡμέρας
718 1307 797 1369 imd-
849 1314 880 1373 6.
896 1315 1039 1376 Nosoem
1051 1321 1255 1400 navigavimus
1263 1319 1593 1400 postdiesAzymorum

110 1405 156 1489 γδρ
174 1407 224 1476 τὰς
246 1405 338 1488 ῖορτδς
361 1406 421 1485 έμολ
442 1407 514 1466 δοκεῖ
539 1404 694 1473 σπουδάζειν
718 1401 797 1462 αὑτὸν
849 1426 870 1465 a
893 1408 1051 1490 Philippis,
1067 1423 1097 1470 et
1114 1414 1250 1471 uenimus
1269 1413 1312 1470 acl
1326 1432 1375 1472 eos
1398 1412 1543 1471 Troadem
1560 1415 1594 1470 in

118 1502 146 1560 lu
160 1507 219 1568 ταῖς
232 1499 361 1579 μεγάλαις
373 1499 491 1559 πολεσιν.
511 1496 576 1557 unt
592 1495 738 1557 Φιλίππων
753 1496 796 1553 lu·
847 1499 950 1560 diebus
966 1504 1112 1581 quinque,
1132 1504 1184 1561 ubi
1205 1503 1350 1563 demorati
1368 1523 1468 1564 sumus
1489 1505 1592 1563 diebus

114 1590 177 1652 luia
189 1590 304 1651 eduardo
322 1590 353 1649 td
374 1591 553 1669 δεσμωτήριον
568 1587 682 1668 ἐγένετο.
696 1586 795 1669 Τρίτον
847 1601 964 1671 sepiem.
973 1593 1045 1652 Nem
1052 1591 1162 1654 videtur
1173 1593 1242 1654 mssxi
1253 1593 1333 1654 illum
1343 1593 1401 1655 dies
1414 1595 1495 1656 festos
1505 1608 1592 1656 mus·

110 1707 143 1744 το
156 1686 193 1752 είς
207 1682 375 1744 Μακεδονίαν
392 1683 540 1755 ἐπανῆλθε,
559 1682 606 1742 καὶ
623 1679 710 1741 πολλὰ
727 1703 795 1759 μαρ-
847 1681 921 1762 igere
942 1685 1080 1746 meavisse
1102 1686 1130 1745 in
1150 1686 1256 1766 magnis
1274 1686 1399 1747 urbibus.
1415 1691 1438 1747 Α
1456 1686 1593 1768 Philippis

110 1775 378 1849 τοῖςΦιλιττττησίοις·
391 1775 432 1835 διδ
444 1773 656 1854 καὶίνδεατρίύει
668 1777 733 1833 lusi·
746 1772 794 1832 Ἐν
848 1775 972 1856 naviget,
995 1777 1043 1836 ubi
1062 1798 1105 1838 res
1124 1776 1172 1837 illa
1190 1777 1262 1838 eirea
1282 1798 1415 1838 carcerem
1436 1778 1593 1859 contigerat.

119 1878 170 1949 μιᾷ
184 1871 238 1928 τῶν
251 1868 405 1940 σαύέάτων,
420 1864 589 1946 συνηγμένων
605 1869 682 1943 ἡμῶν
698 1864 795 1925 κλάσαι
849 1867 943 1928 Tertio
957 1881 1047 1928 autem
1059 1869 1121 1930 viee
1133 1869 1161 1929 in
1176 1869 1362 1930 Macedoniam
1379 1870 1469 1946 venit,
1483 1884 1509 1931 et
1523 1872 1594 1931 mul·

110 1962 254 2028 ,δΠαῦλος
267 1960 397 2041 διελέγετο
410 1962 498 2026 αὐτοῖς
508 1960 611 2039 μελλων
627 1958 729 2028 ίξιέναι·
743 1981 795 2018 πα·
811 1975 831 2022 υ
848 1975 908 2022 tum
927 1962 1087 2022 testificetur
1099 1961 1135 2022 de
1149 1962 1372 2045 Philippensibus
1377 1986 1387 2042 3
1404 1961 1518 2044 ideoque
1537 1964 1595 2025 illio

109 2050 124 2113 l
143 2076 174 2112 τι
191 2051 236 2112 τδν
256 2052 333 2131 λύγον
352 2051 432 2132 μέχρι
452 2049 631 2130 μεσονυκτίου.
647 2049 720 2130 Ὅρα
739 2052 796 2117 πῶς
849 2052 1014 2114 demoratur.
1037 2056 1068 2113 7.
1094 2055 1163 2114 lina
1182 2067 1281 2114 autem
1301 2057 1509 2128 sabbatorum,
1527 2055 1595 2116 eum

109 2169 113 2204 ι
134 2144 257 2228 πάρεργα
286 2137 319 2218 ἦν
345 2150 391 2204 τοῦ
416 2142 595 2225 κηρύγματος.
621 2141 795 2214 Πεντηκοατλ
849 2146 1136 2206 convenissemusad
1143 2146 1346 2227 frangendum
1353 2147 1595 2226 panem,Paulus

109 2227 188 2309 ’μκαλ
206 2237 320 2317 κυριακὴ
336 2228 385 2310 ἦν·
398 2236 450 2296 bii
467 2236 512 2295 καί
531 2235 612 2316 μέχρι
625 2231 796 2313 μεσονυκτίου
849 2237 1100 2317 disputabateum
1120 2241 1163 2297 eis
1173 2239 1378 2321 profuturus,-
1389 2243 1595 2321 protraxitque

109 2327 263 2388 ιδασκαλίαν
287 2327 411 2389 έκτείνει·
434 2327 503 2387 οὕτω
524 2331 572 2398 τῆς
595 2330 648 2385 τῶν
670 2328 796 2403 μαθητῶν
848 2347 1010 2389 sermonem
1020 2333 1154 2410 usquein
1168 2330 1295 2390 mediam
1307 2342 1432 2390 noctem.
1448 2330 1521 2393 Vide
1530 2352 1595 2411 quo·
1666 2370 1748 2415 omnia

109 2418 156 2488 νίας
175 2420 277 2501 ίρίετο,
291 2420 333 2482 δτι
352 2419 411 2481 οὐδὲ
433 2421 481 2493 τὴν
508 2419 590 2479 νύκτα
613 2417 705 2498 ίσίγα,
727 2417 796 2478 ἀλλὰ
848 2419 1029 2482 modoomnio
1042 2420 1267 2502 posthabemtur
1280 2421 1475 2504 predicationi.
1492 2425 1591 2484 Peme-
1603 2434 1747 2506 ηγεαιοιιισ.

109 2514 198 2572 εδλλον
212 2511 357 2592 διελέγετο,
369 2513 416 2572 άτε
429 2510 542 2592 ἡσυχίας
552 2511 640 2584 ούσης.
654 2509 729 2592 Ὅρα
738 2512 796 2577 πῶς
849 2528 921 2575 ooste
929 2526 995 2574 mne
1007 2527 1075 2590 erat,
1088 2527 1114 2574 et
1126 2513 1185 2575 dies
1201 2514 1358 2591 Dominica3
1372 2514 1420 2574 ille
1433 2536 1499 2577 vem
1509 2495 1747 2601 ιυηυοζζγγξῗζζὴ·

108 2604 171 2665 αλλὰ
181 2604 328 2686 διελέγετο,
344 2606 390 2665 καὶ
405 2605 471 2686 παρ’
486 2605 561 2665 αίτδν
573 2610 619 2664 τοῦ
632 2603 737 2663 δείπνων
750 2601 795 2662 ete
849 2607 884 2667 ad
895 2607 982 2667 nouis
994 2605 1141 2667 dimidium
1155 2628 1304 2668 sermonem
1313 2608 1462 2689 protraxi&
1473 2610 1540 2670 odeo
1550 2609 1596 2669 di·

108 2721 126 2758 ι.
140 2695 220 2757 ’tut
233 2698 391 2780 συνετάραξε
405 2698 454 2772 τὴν
468 2697 560 2777 ίορτὴν
579 2701 594 2756 δ
613 2696 751 2770 διάύολος,
765 2696 795 2755 ού
849 2699 1016 2782 scipulorum
1029 2697 1143 2758 salutem
1155 2697 1291 2779 cupiebat,
1305 2711 1380 2758 utne
1393 2712 1473 2759 noem
1485 2700 1596 2780 quidem

108 2813 200 2872 τχυαε,
220 2789 352 2870 βαπτίσας
365 2791 410 2852 τδν
424 2791 556 2872 ἀκροατὴν
569 2789 643 2870 ύπνιρ
656 2788 703 2849 καί
716 2811 795 2847 κατε·
848 2804 948 2852 taceret
954 2790 1041 2870 ;·imo
1061 2803 1125 2850 tuno
1148 2791 1236 2872 magis
1258 2790 1409 2866 dissereret,
1423 2791 1497 2870 quod
1520 2792 1597 2871 quies

108 2906 134 2942 o.
158 2881 211 2943 Καὶ
243 2882 315 2950 ὅπως
346 2882 501 2962 συμύαίνει,
531 2883 698 2962 ἡρμήνευαεν
729 2883 796 2940 tne-
850 2897 915 2943 tune
933 2895 1011 2943 esset.
1025 2881 1100 2944 Vide
1116 2902 1199 2962 quem
1218 2881 1336 2942 multum
1353 2881 1504 2963 dissereret,
1516 2884 1598 2944 etiem

108 2998 132 3034 ι·
152 2965 241 3034 'neos
260 2974 288 3036 bl
309 2975 447 3053 λαμπάδες
468 2975 557 3035 ίκαναλ
574 2979 601 3036 έν
612 2977 651 3054 τῷ
666 2971 796 3053 ὑπερῴῳ,
814 2989 834 3038 E
851 2990 911 3060 post
932 2975 1023 3059 ipsum
1045 2997 1126 3038 ooenae
1148 2989 1265 3057 tempus.
1283 2975 1338 3038 Sed
1359 2976 1458 3038 festum
1475 2977 1597 3038 turbavit

108 3088 141 3125 αν
154 3065 322 3146 ουνηγμένοι.
340 3066 496 3145 Καθήμενος
515 3065 544 3126 δέ
563 3091 603 3134 τις
617 3066 721 3133 νεανίας
740 3063 798 3125 δνύ-
849 3068 985 3147 diabolus,
999 3088 1049 3129 neo
1063 3081 1152 3128 umen
1164 3065 1318 3149 prevaluit,
1328 3087 1391 3128 eom
1404 3067 1555 3129 auditorem
1567 3069 1597 3130 in

108 3155 225 3238 Εύινχος
237 3156 282 3216 snt
296 3161 344 3229 τῆς
362 3156 479 3237 θυρίδος,
498 3157 710 3239 καταφερόμενος
723 3154 797 3236 ύπνεμ
849 3181 976 3224 somnum
993 3159 1122 3220 demtisit
1140 3171 1167 3218 et
1181 3156 1380 3240 deJeeittquod
1394 3170 1425 3217 ut
1439 3160 1595 3241 eontigerit,

109 3249 316 3327 ,διαλεγομένου
329 3255 375 3309 τοῦ
388 3249 496 3311 Παύλου
508 3250 552 3310 tet
568 3253 668 3319 πλεῖον,
686 3270 797 3308 κατενε-
848 3255 889 3316 εἰς
897 3266 1003 3314 enarrat
1015 3250 1166 3334 pergendo:
1176 3249 1207 3312 8.
1223 3251 1322 3311 Erant
1335 3263 1433 3311 autem
1446 3252 1598 3333 lampades

107 3339 160 3401 bnt
172 3345 218 3400 τοῦ
229 3339 311 3401 ὕπνου
323 3341 415 3401 ἔπεσεν
430 3341 484 3401 άπὸ
494 3347 539 3401 τοῦ
553 3340 690 3423 τριστέγου
704 3340 796 3413 κάτω,
849 3349 973 3428 copiosoe
991 3349 1025 3404 in
1042 3342 1204 3414 coenaculo,
1219 3345 1269 3402 ubi
1287 3361 1405 3402 namus
1419 3348 1596 3425 congregati.

107 3437 152 3512 ρθη
167 3433 265 3514 νεκρός.
284 3432 474 3501 Καταύδςδέὸ
488 3435 594 3501 Παῦλος
613 3430 740 3492 ἐπέπεσεν
753 3429 797 3491 ἐπ’
849 3439 878 3498 9,
892 3438 1001 3498 &dens
1024 3448 1122 3495 autem
1145 3435 1266 3516 qnidam
1287 3435 1459 3496 adolescens
1479 3439 1598 3496 nomine

107 3572 114 3600 ι
127 3524 173 3586 καί
184 3525 388 3605 συμπῑρῑδαὸὼν
403 3524 489 3596 “issiu
501 3516 557 3584 εἷπῑ
567 3549 573 3563 ·
585 3523 623 3604 μδ
638 3524 796 3606 instituit·
849 3535 1008 3610 Eutyobus
1025 3551 1113 3612 super
1127 3532 1309 3612 fenestram,
1331 3551 1398 3590 oum
1421 3544 1598 3613 mergeretur

124 3616 196 3699 ψιχὴ
219 3621 298 3678 αὐτοῦ
322 3620 349 3677 ἓν
367 3621 440 3698 αὐτῷ
453 3620 534 3677 ἔστιν.
549 3616 662 3684 'dusiis
681 3615 725 3689 il,
749 3616 796 3677 καί
848 3641 952 3683 somno
969 3623 1071 3703 gravi,
1092 3620 1260 3699 disputante
1283 3618 1336 3677 diu
1353 3620 1471 3692 Paulo,
1491 3621 1598 3682 duotm

107 3709 218 3789 τάρτον
236 3710 282 3769 καί
299 3709 474 3787 γευσάμενος,
489 3711 528 3788 ἐρ’
549 3709 639 3769 ίκανύν
654 3732 683 3768 τε
697 3707 795 3787 θμιλτί·
848 3731 951 3772 somno
968 3711 1073 3771 cecidit
1089 3711 1126 3768 de
1146 3713 1232 3768 tertio
1243 3710 1394 3769 eoenaaulo
1409 3712 1553 3788 deorm,
1569 3726 1599 3773 et

106 3799 174 3883 ίχρις
192 3805 288 3881 αὐγῆς,
312 3801 394 3869 ούτως
417 3800 532 3872 ἐξῆλθεν.
552 3801 673 3882 ’Πγαγον
696 3801 723 3860 δὲ
750 3802 795 3861 τὸν
849 3807 982 3866 subiatas
1000 3816 1044 3865 est
1069 3816 1210 3863 mortuus.
1231 3805 1279 3863 to.
1303 3805 1377 3863 Cum
1401 3807 1597 3867 descendisset

106 3896 221 3966 ιζῶντα,
232 3893 277 3952 καλ
287 3892 508 3972 ’παρεκλήθησαν
522 3896 551 3953 οὗ
561 3893 682 3975 μετρίοις.
692 3892 750 3952 ele
766 3893 796 3953 δέ
804 3857 841 3959 idi
849 3895 975 3968 Paulus,
986 3895 1119 3953 incubuit
1134 3911 1221 3971 super
1232 3911 1309 3963 eum,
1326 3904 1356 3950 et
1365 3894 1536 3973 complexus
1545 3896 1595 3953 di-

106 3982 243 4064 θθέατρον,
257 3983 327 4051 ὅπως
345 3976 378 4056 ἦν
391 3985 646 4066 συγκεκροτημένον·
662 3985 796 4065 συνηγμέ-
849 3990 895 4046 xit
905 4009 915 4043 ε
926 3986 1028 4047 Nolite
1047 3987 1177 4055 turbari,·
1192 3987 1295 4044 anima
1312 3988 1389 4044 enim
1403 3989 1466 4067 ejus
1483 3989 1515 4044 in
1532 3990 1597 4067 ipso

106 4074 143 4155 dp
157 4080 209 4134 τῶν
222 4081 357 4155 μαθητῶν,
377 4075 458 4156 φησί·
480 4075 524 4135 καὶ
543 4075 574 4135 τδ
598 4086 706 4155 σημεῖον
725 4069 794 4136 οἷον·
850 4080 958 4139 estll.
969 4077 1143 4137 Ascendens
1156 4088 1265 4147 autem,
1265 4077 1474 4157 frangensque
1484 4098 1595 4158 panem

106 4164 190 4248 υρίδος
202 4166 271 4250 γάρ,
284 4166 373 4247 φησίν,
394 4166 523 4241 ἐκάθητο,
535 4168 580 4226 καλ
597 4169 663 4247 ἀωρί
674 4173 727 4227 τῶν
746 4194 795 4229 νυ·
850 4183 878 4230 et
883 4182 1017 4252 gustans,
1028 4168 1338 4251 satisquealloquutus
1346 4189 1439 4251 usque
1448 4174 1481 4229 in
1491 4172 1598 4250 lucem,

124 4259 256 4325 Τοσοῦτος
272 4250 304 4331 ἦν
318 4261 332 4315 b
347 4257 425 4323 πόθος
442 4262 489 4329 τῆς
505 4258 664 4339 ἀκροάσεως.
679 4261 795 4341 diopet-
849 4267 892 4323 sie
907 4263 1058 4343 profectus
1076 4263 1186 4320 estid.
1198 4261 1399 4323 Addstxerunt
1411 4277 1510 4324 autem
1525 4286 1598 4346 pue·

106 4371 112 4404 ι
131 4353 209 4426 ἡμεῖς
230 4348 297 4428 μηδὲ
316 4350 343 4406 έν
363 4347 451 4429 ἡμέρη
468 4356 544 4408 τοῦτο
557 4356 698 4419 ποιοῦντες.
715 4352 795 4412 Ἀλλά
850 4375 915 4414 rum
934 4358 1093 4425 viventem,
1108 4365 1137 4412 et
1152 4353 1299 4413 consolati
1309 4367 1379 4414 sunt
1392 4376 1453 4415 non
1463 4361 1595 4418 minime.

105 4462 131 4508 ος
150 4440 295 4519 διελέγετο,
317 4441 396 4520 φησί,
417 4441 485 4501 τότε.
501 4442 538 4500 Τί
555 4442 652 4522 λέγεις
674 4443 728 4503 Καὶ
750 4452 793 4505 νῦν
850 4443 931 4522 Vide,
940 4464 1041 4525 quaeso,
1055 4443 1200 4520 theatmm,
1214 4456 1246 4503 ut
1259 4458 1398 4505 mentum
1407 4447 1492 4509 eoacti
1505 4473 1512 4506 ι
1524 4450 1597 4511 Con-

105 4553 130 4600 ος
144 4531 307 4612 διαλέγεται,
320 4533 460 4611 μᾶλλονδὲ
475 4532 532 4593 οὐδὲ
543 4533 603 4593 τότε
616 4537 723 4603 Παῦλος
736 4535 794 4597 οὐδὲ
850 4537 967 4618 gregatis
978 4536 1050 4597 enim
1064 4535 1218 4618 discipulis,
1231 4535 1319 4616 inquit
1327 4561 1337 4614 ρ
1352 4551 1378 4597 et
1393 4539 1502 4619 signum
1517 4543 1598 4620 quale

105 4621 324 4704 ἰλλύδΧριστδς,
345 4623 391 4683 καί
408 4625 491 4692 οὐδεὶς
512 4626 608 4686 α’κούει.
629 4628 700 4709 Οὐχί
723 4628 795 4711 θυρίς
849 4631 930 4692 suerit
945 4629 1098 4713 perpende:
1111 4629 1139 4689 in
1158 4630 1271 4690 fenestra
1290 4651 1406 4709 nomque
1419 4632 1539 4711 sedebat,
1553 4635 1596 4694 in-

105 4722 143 4791 iu,
158 4718 188 4776 ού
202 4725 294 4791 πεῖνα,
308 4720 357 4797 οὐχ
371 4715 450 4784 ύπνος
464 4720 579 4799 ίνοχλεῖ,
595 4720 640 4779 καὶ
653 4720 726 4800 ὅμως
746 4725 794 4782 οθκ
849 4724 919 4805 quit,
935 4736 961 4784 et
971 4721 1131 4803 intempesta
1142 4735 1227 4784 noete.
1240 4723 1361 4782 Tantum
1374 4736 1430 4782 emt
1439 4724 1596 4786 auditorum

105 4831 162 4888 μεν·
175 4811 205 4869 ού
219 4808 384 4890 στενοχωρία
396 4809 492 4883 τύπου,
503 4814 551 4870 οὐκ
561 4811 627 4871 άλλο
640 4815 692 4871 τῶν
705 4814 794 4876 τοιού-
848 4817 1020 4880 desiderium.
1032 4815 1231 4878 subeamus
1249 4837 1310 4897 nos,
1327 4814 1376 4896 qui
1396 4839 1482 4897 nemu
1502 4819 1530 4880 in
1550 4821 1596 4882 die

105 4899 172 4961 itin
187 4900 241 4962 Καὶ
253 4899 284 4960 τὸ
300 4901 332 4974 δὴ
348 4902 509 4980 θαυμαστὸν,
526 4903 567 4962 ύτι
584 4903 672 4964 καίτοι
691 4906 794 4975 νεανίας
810 4934 829 4980 B
849 4908 902 4968 hoe
914 4905 1038 4967 iacimus·
1049 4903 1104 4965 Sed
1119 4903 1231 4979 Paulus,
1242 4903 1358 4982 inquies,
1369 4916 1435 4963 tuno
1447 4903 1595 4968 disserelm

106 4991 170 5061 ςῶν
187 4996 235 5053 ούκ
249 4985 281 5065 ἦν
294 4992 427 5075 ῥᾴθυμος,
441 4994 485 5051 nai
497 4994 570 5076 ὕπνῳ
585 4998 796 5078 καταφερόμενος
849 4999 924 5074 Quid
944 4998 1033 5059 dicis?
1049 4999 1127 5058 Nunc
1153 5017 1260 5076 quinque
1284 4997 1384 5057 Paulus
1405 4997 1525 5078 disserii;
1539 5001 1594 5064 imo

104 5182 129 5236 iii
143 5192 278 5255 παρεκλήθη
290 5196 342 5253 μέν.
352 5188 425 5254 [δῖοι
439 5192 484 5241 οῖον
494 5190 632 5255 recepimus
642 5208 655 5242 e
667 5193 695 5243 B.
707 5203 731 5243 et
744 5191 847 5244 Souilio.
861 5194 892 5244 In
904 5189 1003 5244 euterio
1018 5188 1109 5255 deest]
