3728 5978
1312 312 1327 341 d

91 409 162 508 398
422 431 451 479 s.
479 429 618 479 Josuurs
644 425 826 477 euersosr.
855 422 1012 472 incurso.
1040 420 1312 472 cousmnrruom

91 558 166 622 Vide
178 571 208 616 ut
220 577 276 616 rem
286 555 401 616 extollit.
421 559 500 635 Quia
515 561 582 631 eris,
593 555 693 635 inquit,
705 557 785 613 testis
797 553 833 610 il·
888 547 981 617 δώσεις
994 547 1043 620 τὴν
1061 549 1133 631 dbis,
1144 546 1252 622 καὶτῆν
1266 547 1412 629 ἀκρόασιν,
1426 537 1466 607 ὧν
1483 570 1514 607 τι
1535 546 1653 629 ίιύρακας

93 651 160 710 lius.
176 648 240 707 Ideo
254 667 317 725 ergo
331 667 383 705 non
397 646 495 729 prodes
508 647 599 706 visum
613 661 639 707 et
655 645 789 716 auditum,
804 664 834 702 eu
888 633 924 702 ὧν
945 665 974 700 τε
987 641 1118 713 ἤκουσας·
1133 640 1168 700 δι’
1181 639 1313 721 ἑκατέρων
1326 643 1382 700 τῶν
1397 639 1549 713 αἰσθήσεων
1562 642 1577 670 *
1587 640 1657 701 αιίτδν

93 761 258 823 nempe-qun
269 739 364 798 vidisti
377 753 403 798 et
414 739 516 799 audisti
532 763 538 796 :
552 760 601 819 per
612 753 758 816 utrumque
771 757 831 795 sen·
887 740 1034 794 πιστοῦται.
1051 731 1105 792 Καί
1123 740 1169 792 νῦν
1191 731 1218 791 τί
1237 710 1354 811 μῦλὲιςς
1370 730 1497 799 Ἀναστάς
1521 732 1659 812 βάπτισαι,

92 856 153 894 sum
166 833 243 892 illum
256 833 343 893 fidum
358 833 432 893 facit.
442 837 490 894 16.
504 835 545 893 Et
557 853 636 892 nunc
650 834 722 914 quid
734 851 832 889 moru-
888 825 934 885 καί
950 825 1096 886 ἀπόλουσαι
1110 824 1158 892 τὰς
1176 823 1383 907 ἁμαρτίαςσοι,
1398 823 1625 905 ἐπικαλεσάμενος
1633 825 1659 884 τό

91 928 329 1005 ristbxsurgeet
340 929 498 1005 baptizare,
509 938 537 983 et
546 925 634 983 ablue
640 937 761 1005 peccata
771 937 833 999 tua,
888 916 972 997 ὄνομα
990 920 1079 977 αὐτοῦ.

91 1022 228 1076 invocato
237 1021 356 1075 nomine
364 1021 465 1097 ipsius.

130 1110 160 1167 5.
183 1108 300 1168 Hierem
311 1129 438 1188 magnam
453 1110 581 1188 loquitur.
596 1107 831 1181 Nouenimdixit,
928 1108 1060 1169 Ἐνταῦθα
1082 1105 1151 1186 μίγα
1175 1104 1325 1188 ίρθὲγξατο.
1339 1104 1447 1189 Οθγδρ
1471 1094 1556 1178 ε’ίπεν,
1575 1104 1660 1171 oleri
1691 1152 1696 1166 .

90 1202 122 1260 ln
137 1199 244 1260 nomine
257 1201 315 1281 ejus
326 1200 473 1280 bnptimre,
484 1200 543 1278 scd,
557 1204 701 1261 invocato
716 1203 833 1258 nomine
887 1200 970 1277 ὄνομα
996 1202 1075 1259 αὐτοῦ
1099 1196 1244 1278 βάπτισαι·
1265 1200 1336 1270 ἀλλ’,
1351 1195 1600 1274 Ἐπικαλεσάμτνσς
1618 1196 1660 1254 ‘eb

92 1294 211 1352 Christi.
222 1289 280 1351 Hoc
297 1304 386 1351 autem
404 1292 532 1367 declarat,
546 1292 627 1352 illum
644 1313 700 1351 esse
715 1293 804 1350 Deum
822 1313 876 1384 τω,
886 1292 970 1370 ὄνομα
983 1297 1029 1350 τοῦ
1045 1292 1171 1371 Χριστοῦ.
1186 1289 1280 1372 Τούτῳ
1302 1289 1331 1350 δδ
1350 1289 1497 1355 δεικνύντος
1520 1287 1594 1348 dcclv
1615 1289 1660 1347 αθ·

43 1385 44 1388 '
91 1407 176 1465 neque
200 1385 285 1444 alium
302 1384 365 1444 licet
382 1386 525 1463 invocare,
539 1386 591 1445 nisi
611 1388 708 1446 Deum.
728 1383 832 1445 Deinde
848 1402 869 1448 tt
886 1383 930 1444 τδν
954 1382 1024 1444 Θεὸν
1043 1382 1120 1442 όντσι·
1136 1385 1166 1442 σθ
1190 1383 1243 1464 γὰρ
1260 1382 1297 1442 ἔνι
1320 1380 1409 1461 ἔτερόν
1422 1405 1484 1441 τινα
1506 1380 1659 1441 ἐπικαλέσα-

92 1476 209 1536 ostendit
221 1494 250 1537 ετ
265 1498 319 1536 non
336 1498 392 1536 esse
409 1491 531 1536 ooactmn
546 1476 614 1535 dnm
624 1476 693 1536 dicit
707 1500 714 1532 ε
730 1477 834 1535 Domi·
887 1482 962 1550 σθαι,
978 1479 1001 1536 ιθ
1015 1475 1052 1555 μὴ
1066 1477 1110 1536 τὸν
1124 1477 1202 1537 Θιόν.
1218 1465 1286 1535 Εἶτα
1298 1474 1415 1534 δείκνυσι
1433 1472 1481 1532 καί
1503 1472 1599 1532 ἑαυτὸν
1616 1474 1659 1532 ούκ

92 1589 147 1628 nus
160 1569 238 1627 dixit
257 1569 299 1629 ad
315 1590 382 1627 me.-
399 1570 480 1627 Vade
493 1573 526 1626 ιἰι
540 1570 733 1639 Damascum,
749 1579 779 1625 et
793 1569 834 1625 ibi
886 1568 1085 1648 ἀναγκασθέντα
1099 1568 1132 1626 δι’
1155 1559 1191 1626 ὧν
1207 1563 1376 1646 λέγει.“Οδί
1401 1564 1501 1647 Κύριος
1521 1553 1581 1624 ein
1601 1565 1661 1643 πρός

10 1706 22 1717 .
92 1662 205 1719 dicetur
216 1663 278 1735 tibi,
294 1661 367 1740 quid
380 1671 408 1717 te
421 1660 672 1741 oporteutsocere.
687 1657 767 1717 Nihil
777 1656 834 1716 sinc
889 1684 939 1740 ρκ·
953 1659 1064 1741 πορεύω
1082 1662 1120 1727 τίς
1139 1657 1294 1738 Δαμασκόν,
1313 1660 1393 1717 κάκεῖ
1415 1678 1459 1717 σοι
1478 1654 1659 1728 λαληθήσεται

91 1750 254 1826 testimonio,
269 1749 318 1809 sed
336 1749 454 1809 civitatis
472 1749 554 1809 totius
573 1749 756 1809 testimonium
770 1769 834 1829 pro-
854 1798 858 1810 .
888 1755 916 1814 τί
938 1778 968 1815 οε
988 1755 1027 1814 διῐ
1049 1757 1170 1826 ποιῆσαν,
1191 1751 1275 1813 Οὐδὲν
1293 1750 1455 1832 ἀμάρτυρον,
1473 1747 1546 1811 ἀλλὰ
1564 1749 1660 1816 πόλεως

92 1844 221 1924 fertque
234 1842 316 1902 etium
329 1842 434 1901 viderat
450 1863 512 1901 eum
528 1863 610 1902 manu
629 1842 751 1903 ductum.
763 1841 835 1903 Vide
889 1843 1032 1925 ὁλοκλήρου
1047 1840 1193 1925 μαρτυρίαν
1207 1840 1335 1924 παράγει,
1348 1839 1410 1921 ἥγε
1431 1839 1478 1901 καί
1497 1830 1567 1901 εἶδεν
1586 1842 1660 1902 αὐτόν

93 1933 175 1994 etium
194 1933 363 2014 prophetiam
383 1953 526 2012 egressam,
538 1954 620 2011 quam
630 1931 747 2004 audivit,
758 1954 786 1992 se
799 1947 835 1993 te-
889 1934 1145 2018 χειραγωγούμινον.
1161 1932 1235 2014 Ὅρα
1249 1931 1277 1993 dl
1292 1932 1338 1992 καί
1349 1930 1397 2005 τλν
1410 1932 1576 2015 προφητείαν
1592 1931 1659 2002 ἐξελ-

93 2042 160 2087 stem
172 2027 229 2086 iore
241 2025 360 2087 Domini.
371 2028 474 2087 Revera
484 2025 555 2086 enim
566 2026 641 2084 testis
650 2025 725 2085 illius
735 2026 798 2098 tuit,
810 2040 836 2086 ct
890 2032 999 2097 θοῦσαν,
1010 2025 1042 2097 ἣν
1056 2025 1153 2098 ἤκουσε
1173 2025 1295 2107 μάρτυρα
1313 2023 1391 2083 αὐτόν
1406 2023 1513 2084 ἔσεσθαι
1535 2030 1585 2084 τοῦ
1604 2026 1660 2086 Κυ-

93 2121 199 2200 quulem
212 2142 269 2180 esse
283 2121 431 2202 oportebat,
445 2134 471 2180 et
484 2121 611 2202 operibus
627 2134 653 2180 et
667 2122 765 2182 verbis.
779 2123 835 2181 Ta·
892 2117 959 2201 ρίου.
976 2117 1087 2197 Μοίραις
1097 2117 1149 2199 γὰρ
1158 2116 1239 2184 ὄντως
1252 2119 1332 2175 αὐτοῦ
1346 2114 1446 2195 γέγονε,
1456 2115 1505 2176 καί
1515 2115 1618 2201 μάρτυς
1627 2121 1661 2187 όνς

93 2213 132 2273 les
142 2227 168 2273 et
180 2234 229 2272 nos
242 2227 346 2294 oportet
358 2235 414 2272 esse
428 2225 515 2285 testes,
527 2235 576 2272 nec
585 2213 700 2294 prodere
715 2236 757 2288 ea,
774 2237 834 2293 quse
890 2211 953 2292 χρὴ,
964 2209 1010 2270 καί
1023 2210 1057 2269 δι’
1069 2200 1105 2268 ὧν
1120 2207 1226 2290 ἔπραξε,
1237 2208 1282 2268 καί
1295 2208 1329 2266 δι’
1342 2199 1378 2267 ὧν
1390 2199 1456 2269 tim·
1468 2207 1661 2277 Τθῑώτοκκαὶ

93 2304 171 2364 nobis
180 2304 332 2364 concredita
343 2319 417 2379 sunt,
429 2326 481 2364 non
495 2319 600 2364 tantum
612 2305 682 2365 circa
695 2306 833 2385 dogmata,
891 2310 962 2382 ἡμᾶς
975 2294 1041 2363 εἶναι
1055 2302 1108 2386 χρὴ
1126 2302 1271 2385 μάρτυρας,
1285 2301 1331 2363 καὶ
1347 2301 1385 2382 μὴ
1400 2303 1572 2384 προδιδόναι,
1584 2304 1661 2366 θάνε-

93 2394 140 2461 sed
150 2396 231 2454 etiam
246 2395 316 2454 circa
330 2396 424 2457 vitum.
435 2396 507 2456 Vide
516 2397 603 2456 enim:
614 2398 689 2476 quod
696 2398 795 2458 viderit
809 2413 835 2458 et
852 2411 870 2458 B
890 2394 1078 2475 πιστεύθημιν·
1090 2398 1120 2455 οὐ
1131 2395 1192 2475 περὶ
1203 2394 1342 2476 δογμάτων
1353 2394 1424 2472 λέγω
1436 2395 1526 2472 μόνον,
1541 2397 1610 2456 ἀλλὰ
1618 2398 1661 2458 καί

93 2484 218 2560 audierit,
230 2499 342 2545 testatur
355 2487 480 2546 omnibus
493 2488 660 2566 hominibus,
675 2504 701 2549 et
717 2489 786 2548 nihil
802 2489 836 2549 il·
891 2489 952 2568 περὶ
964 2488 1030 2568 βίου.
1044 2486 1118 2570 Ὅρα
1130 2489 1195 2570 γάρ·
1207 2486 1249 2546 δτι
1263 2476 1339 2557 εἶδεν,
1352 2484 1393 2545 ότι
1404 2485 1517 2560 ἤκουσε,
1535 2500 1661 2572 μαρτυρεῖ

93 2578 152 2638 lum
166 2579 314 2660 prohibuit.
330 2579 365 2639 Et
377 2601 426 2641 nos
440 2579 595 2641 audivimus
606 2581 679 2663 quod
695 2582 731 2642 sit
745 2604 836 2643 resur·
889 2591 971 2643 πᾶσιν
981 2578 1136 2660 ἀνθρώποις,
1147 2574 1493 2639 καλώδίναῦτδνίκύλοσε.
1504 2580 1661 2660 Καὶ·ἡμιῑς

92 2669 177 2729 rectio
189 2685 215 2730 et
229 2669 304 2749 quod
317 2671 455 2731 innumera
469 2673 539 2732 bona
550 2697 557 2731 ι
569 2695 633 2753 ergo
646 2673 773 2736 debemus
785 2676 836 2737 hoe
889 2671 1050 2752 ἠκούσαμεν,
1058 2670 1100 2733 ότι
1110 2670 1181 2730 ἔστιν
1195 2671 1337 2737 ἀνάστασις
1346 2671 1393 2730 καὶ
1402 2669 1486 2752 μυρία
1495 2672 1660 2749 όγαθάψθκ-

93 2763 219 2823 omnibus
229 2762 385 2824 hominibus
395 2765 541 2826 testificari.
552 2767 634 2846 Atqui
649 2769 835 2848 testificamur,
889 2771 934 2828 οῦν
943 2765 1081 2847 ὀφείλομεν
1088 2768 1166 2824 τοῦτο
1173 2768 1343 2845 μαρτυρῆσαι
1351 2772 1432 2823 πᾶσιν
1443 2763 1603 2842 ἀνθρώποις.
1610 2766 1662 2825 Καὶ

93 2856 208 2935 inquies,
222 2870 250 2916 et
262 2855 405 2918 credimus.
420 2858 573 2931 Quomodo,
586 2861 719 2920 contraria
732 2861 835 2921 facien·
891 2857 943 2938 μὴν
955 2864 1147 2945 μαρτυροῦμεν,
1158 2854 1233 2935 μησί,
1246 2855 1292 2914 καλ
1302 2853 1473 2933 πιστεύομεν.
1485 2857 1661 2929 Πῶςτάναν-

94 2949 153 3008 tes?
166 2948 228 3022 Dic,
239 2969 342 3027 quaeso,
352 2949 419 3007 mihi
430 2950 468 3009 :si
482 2950 581 3028 quisse
593 2950 694 3011 diceret
705 2953 837 3023 Christia-
889 2950 934 3010 τία
943 2948 1112 3032 πράττοντεςς
1125 2945 1194 3009 Εἰπὲ
1205 2947 1237 3020 δή
1252 2971 1310 3026 μοι·
1321 2947 1347 3006 εί
1353 2972 1392 3015 τις
1401 2947 1495 3008 ἑαυτὸν
1507 2948 1586 3028 ἔλεγε
1600 2950 1660 3031 Xpr

30 3047 32 3051 ’
94 3059 170 3110 uum,
186 3037 285 3098 deinde
302 3039 429 3098 deficiens
443 3055 547 3120 saperet
561 3042 687 3120 Judnioa,
701 3066 734 3102 an
754 3046 834 3104 suffi-
890 3043 1004 3116 στιανδι,
1018 3033 1074 3101 εἶτα
1089 3039 1206 3107 ἀποστάς
1223 3037 1257 3098 τά
1269 3037 1403 3100 Ἰουδαϊκὰ
1417 3039 1539 3120 ἐρρόνει,
1553 3041 1606 3126 ἄρα
1615 3042 1661 3124 sip·

93 3144 164 3189 ceret
173 3131 226 3190 boc
239 3130 439 3190 testimonium?
451 3135 626 3213 Nuptaqnam
636 3159 642 3191 :
652 3157 715 3195 nam
724 3158 759 3196 ex
772 3159 836 3218 ope·

93 3220 171 3280 ribus
183 3221 367 3281 testimonium
386 3238 543 3301 quaererent.
557 3227 598 3284 lta
614 3240 710 3301 etuos,
726 3228 837 3290 sidion-
888 3227 971 3306 ἔργων
981 3225 1029 3300 τὴν
1045 3223 1192 3308 μαρτυρίαν
1203 3222 1310 3296 ἐζήτουν
1324 3222 1365 3283 σίν.
1377 3222 1458 3283 Oileos
1473 3224 1565 3298 δὴκαὶ
1577 3234 1660 3305 ἡμεῖς,

94 3335 154 3373 mus
174 3337 229 3374 esse
243 3314 462 3373 resurrectionem
473 3328 499 3375 et
514 3316 652 3376 innumera
666 3319 745 3392 bona,
760 3321 835 3381 dein·
890 3321 912 3378 εἰ
926 3318 1037 3397 λέγομεν
1051 3317 1092 3378 ότι
1106 3316 1247 3384 ἀνάστασίς
1262 3318 1319 3376 ἐστι
1332 3316 1377 3375 καί
1390 3315 1471 3397 μυρία
1490 3319 1596 3398 ἀγαθὰ,
1607 3312 1660 3380 εἶτα

93 3407 180 3484 deque
191 3407 238 3464 itta
249 3420 461 3482 contemnamus,
473 3421 498 3465 et
508 3412 612 3466 terrena
622 3424 763 3487 sectemur,
775 3414 836 3492 quis
852 3428 871 3475 (3
889 3418 1100 3492 καταφρονοῦμεν
1115 3414 1209 3482 αθτιῦν,
1224 3408 1269 3467 καί
1282 3408 1317 3469 τά
1332 3412 1443 3468 ἐνταῦθα
1456 3408 1661 3492 *προτιμῦμεκ

93 3498 201 3558 credet?
219 3519 272 3557 nou
290 3497 362 3556 enim
384 3497 426 3573 iis,
441 3519 502 3576 quae
518 3498 645 3575 dicimus,
659 3501 705 3560 sod
720 3503 764 3576 iis,
776 3527 835 3583 quae
889 3503 929 3573 τίς
943 3509 1007 3582 ἡμῖν
1021 3500 1268 3582 πιστεύσει;οθγθιρ
1278 3490 1316 3567 οἷς
1328 3501 1450 3580 λέγομεν,
1459 3493 1568 3571 ιἰλλόῐς
1579 3506 1661 3586 πράτ-

93 3592 220 3667 facimus,
243 3589 384 3650 attendunt
400 3609 499 3651 omncs.
526 3593 617 3649 Testis
636 3597 709 3664 eris,
734 3593 833 3676 inquit,
889 3619 969 3674 τομεν
984 3594 1158 3677 προσέχουσιν
1173 3592 1295 3658 άπαντες.
1310 3591 1420 3673 Μάρτυς
1431 3593 1495 3672 ἔσῃ,
1506 3595 1587 3675 ρτρί,
1598 3598 1661 3678 πρὸς

94 3686 175 3764 apud
188 3704 286 3743 omnes
302 3685 446 3751 homiuem
457 3704 510 3741 non
522 3683 596 3763 apud
606 3684 766 3746 domesticos
777 3703 836 3747 tan·
889 3687 990 3753 πάντας
1011 3686 1177 3765 ἀνθρώπους·
1193 3685 1252 3764 οὐχὶ
1274 3684 1339 3764 πρὸς
1361 3683 1419 3752 τοὺς
1436 3686 1549 3755 οἰκείους
1574 3689 1660 3767 μόνον,

93 3791 162 3854 tum,
173 3775 220 3836 sed
239 3776 320 3835 etium
338 3774 413 3855 apud
434 3773 574 3847 infidelem
590 3776 698 3836 testium
712 3778 783 3838 enim
797 3796 836 3840 est
890 3779 958 3845 άλλδι
968 3778 1013 3838 καί
1028 3776 1092 3860 πρὸς
1107 3775 1168 3844 τοὺς
1180 3775 1318 3843 ἀπίστους·
1333 3780 1357 3835 οί
1372 3776 1425 3858 γάρ
1439 3777 1572 3860 μάρτυρες
1585 3782 1661 3842 τοῦτο’

92 3869 261 3952 persuadere,
276 3890 328 3928 non
351 3866 507 3941 scientibus,
527 3868 572 3926 sod
591 3870 778 3932 nescientibus.
791 3873 836 3932 Si·
890 3875 966 3944 εἰσιν,
977 3867 1035 3948 οὐχί
1052 3867 1111 3934 robe
1126 3867 1226 3935 εἰδότας
1246 3866 1389 3942 πείθουσιν,
1400 3869 1470 3928 ἀλλὰ
1486 3867 1548 3938 τούς
1566 3872 1613 3931 οθκ
1623 3875 1660 3933 εί-

94 3984 155 4023 mus
169 3961 224 4022 srdc
234 3961 313 4040 digni
332 3973 418 4019 testes.
431 3959 574 4030 Quomodo
590 3961 657 4021 tales
674 3962 793 4022 orimus?
811 3968 834 4023 Α
890 3961 975 4029 δότας.
992 3957 1135 4038 Γενώμεθα
1157 3957 1303 4026 ἀξιόπιστοι
1317 3958 1454 4042 μάρτυρες.
1470 3963 1536 4031 Πῶς
1557 3963 1586 4024 δὲ
1598 3966 1659 4025 306.

92 4057 157 4117 vitn.
168 4054 371 4116 insidiabuntur
389 4053 430 4111 illi
453 4051 557 4127 Judaei3
573 4053 735 4114 insidiantur
756 4057 835 4116 nobis
891 4059 958 4132 μεθα
982 4050 1128 4120 ἀξιόπιστοι
1135 4073 1144 4125 ;
1163 4050 1229 4108 Ἀπδ
1248 4057 1294 4110 τοῦ
1315 4049 1381 4130 βίου.
1401 4049 1548 4115 Ἐπὲθεντο
1570 4054 1659 4135 ίκείνιρ

91 4149 174 4208 animi
195 4149 322 4221 allectus,
345 4146 470 4226 jubentes
493 4146 618 4224 abjurare
642 4146 833 4208 testimonium.
889 4146 1027 4206 Ἰουδαῖοι·
1045 4140 1205 4202 ἐπιτίθενται
1224 4148 1289 4219 ἡμῖν
1302 4142 1336 4203 ed
1351 4143 1422 4216 πάθη
1445 4146 1589 4207 κελεύοντα
1602 4148 1657 4218 ἔξο-

90 4240 146 4299 sed
157 4258 190 4298 ne
205 4240 435 4318 obtemperemus:
450 4250 527 4295 testes
540 4259 634 4295 sumus
647 4260 662 4295 a
677 4239 735 4297 Deo
749 4239 834 4300 missi.
890 4237 1022 4316 μόσασθαι
1035 4233 1083 4307 τὴν
1098 4233 1253 4314 μαρτυρίαν.
1263 4233 1342 4295 Ἀλλά
1358 4236 1395 4314 μί,
1411 4237 1584 4316 πειθώμεθα·
1595 4241 1659 4323 μάρ·

91 4331 234 4393 Judicatur
254 4329 327 4412 apud
341 4330 462 4387 homiues
477 4327 609 4406 quosdam
622 4330 696 4388 Deus
709 4350 762 4389 non
780 4352 836 4390 csse
888 4328 963 4408 τυρός
974 4331 1052 4404 ἐσμεν
1062 4324 1136 4405 παρδι
1144 4330 1189 4385 τοῦ
1198 4328 1268 4385 Θεοῦ
1274 4327 1442 4407 πεμφθέντες.
1451 4328 1579 4412 Κρίνετσιι
1588 4333 1660 4412 παρὰ

93 4427 167 4483 Deus
179 4446 185 4478 τ
198 4421 273 4481 misit
285 4440 344 4493 nos,
359 4421 405 4498 qui
423 4418 476 4477 sibi
494 4420 676 4479 testificemur.
694 4421 870 4483 Testificc·tt
890 4418 1036 4501 ἀνθρώποις
1054 4416 1122 4476 τισίν
1141 4416 1253 4487 teau,
1268 4416 1308 4476 ὅτι
1329 4422 1376 4478 οθκ
1396 4418 1453 4479 ἔστι
1472 4422 1561 4490 Θιός·
1579 4423 1660 4503 lmp-

93 4539 155 4576 mur
167 4536 230 4594 ergo
241 4528 266 4573 et
277 4503 487 4594 persuadeamus
497 4511 717 4571 contendentibus
729 4537 736 4570 ι
748 4514 771 4572 si
783 4536 836 4574 non
889 4516 937 4594 ψεν
952 4516 1024 4589 ἡμᾶς
1039 4509 1257 4590 μαρτυρήσοντας
1279 4513 1359 4591 αύτῷ.
1379 4514 1604 4594 Μαρτυρήσιομιν
1617 4520 1661 4577 καὶ

92 4608 277 4679 testificemur,
291 4603 400 4661 illorum
419 4603 517 4662 erroris
532 4625 579 4662 nos
593 4604 621 4662 iu
637 4624 717 4662 carisa
730 4625 833 4664 sumus.
889 4605 1023 4682 πείσωμεν
1038 4600 1098 4670 τοθς
1108 4602 1273 4672 δικάζοντας·
1284 4603 1314 4660 διν
1330 4601 1367 4680 μί,
1382 4606 1607 4686 μαρτυρήσομεν,
1617 4611 1660 4669 χοὶ

92 4704 123 4764 Si
140 4717 230 4763 autem
248 4700 276 4758 in
290 4700 348 4758 soro
362 4697 498 4779 judiciali,
509 4698 556 4757 ubi
570 4721 612 4758 res
626 4699 766 4759 seculares
782 4714 835 4759 tra·
890 4702 937 4768 τῆς
951 4695 1055 4756 ἐκείνων
1079 4693 1181 4765 πλάνης
1192 4700 1270 4773 ἡμεῖς
1289 4698 1369 4772 ἐσμεν
1384 4695 1474 4757 αἴτιοι.
1488 4701 1524 4758 Εἰ
1538 4700 1566 4760 δὲ
1580 4705 1608 4761 ἐν
1621 4703 1659 4761 δι-

126 4907 136 4932 ’
150 4906 236 4970 [αὐτοῦ
248 4899 326 4951 Editi.
341 4905 408 4951 αὑτὸν
421 4895 503 4947 Codd.
515 4914 613 4952 ornnes.
623 4897 700 4949 Paulo
713 4911 771 4948 unte
783 4897 849 4965 lege·
898 4896 976 4947 alteru
989 4893 1095 4947 lectione
1106 4901 1178 4963 τούτῳ
1190 4896 1340 4949 mutandum
1354 4897 1379 4947 iu
1390 4901 1480 4964 τοῦτο]

90 4982 163 5032 batur
182 4989 218 5034 καὶ
230 4989 338 5041 ἤκουσας,
349 4987 438 5026 contro
457 4992 532 5041 quum
551 4973 645 5026 habent
657 4977 790 5041 Commel,
802 4979 849 5030 Sa·
931 4991 942 5014 ν
961 4974 1028 5026 Alius
1037 4985 1100 5043 ἡμεῖς
1110 4984 1272 5046 μαρτυροῦμον
1282 4985 1326 5030 ὅτι.

90 5061 132 5112 sil.
146 5072 172 5111 et
182 5057 276 5117 Cod‹t.‚
287 5072 394 5123 quorum
408 5057 436 5104 t.
446 5057 474 5104 B.
483 5056 512 5104 C.
522 5059 552 5106 ὧν
564 5078 589 5108 τε
598 5060 665 5114 εἶδες.
675 5065 747 5128 μησὶν,
761 5062 790 5108 ὧν
804 5058 850 5123 τε]
933 5056 944 5083 '¹
964 5056 1130 5124 [προτιμῶμιν
1147 5071 1194 5120 pro
1212 5070 1315 5122 τιμῶμεν
1331 5054 1483 5108 adscivimus
1501 5074 1515 5107 c
1534 5057 1618 5111 codd,
1634 5071 1657 5111 οι

125 5155 135 5176 τ
148 5136 218 5187 Idem
231 5135 295 5185 Cod.
309 5134 433 5198 [A.B.C.]
446 5141 472 5185 τὸ
483 5140 555 5198 ὄνομα
567 5140 635 5186 αὐτοῦ
645 5134 753 5204 [Χριστοῦ
765 5138 792 5186 Α,
805 5136 848 5200 C.]
897 5137 987 5204 sirit]

89 5224 193 5272 δείκνυεν
209 5222 275 5270 αὐτόν
294 5222 342 5269 θεὸν
359 5219 426 5279 loru,
444 5208 556 5278 brevius,
571 5211 615 5264 sed
633 5212 704 5264 boue.
721 5215 810 5279 [Certe
824 5218 848 5267 iu
