3728 5978
1629 460 1700 551 8ιέ

130 608 220 688 γέλισν
240 612 286 667 τοῦ
305 609 375 668 Θεοῦ
398 609 425 666 ἐν
440 607 520 667 παντὶ
533 608 634 690 κόσμῳ.
648 613 734 670 Τοῦτο
754 609 786 683 δὴ
804 610 850 671 καλ
864 613 908 672 ἐν·
961 609 1147 690 evangelium
1163 609 1222 668 Dei
1239 610 1271 665 in
1289 615 1347 665 toto
1359 604 1477 664 mundo.
1490 603 1549 664 Hoc
1561 602 1641 666 etium
1658 604 1704 665 ltio

130 706 220 760 ταῦθα
235 710 306 760 ποιεῖ
324 699 368 760 ἐπὶ
386 703 434 770 τῆς
452 701 637 779 ἐλεημοσύνης.
665 702 724 827 liudb
735 701 829 762 σκόπει
853 707 910 770 πῶς
961 702 1025 762 iacit
1036 702 1070 761 de
1080 701 1247 782 eleemosyna
1256 699 1377 779 loquens.
1392 697 1428 757 Et
1443 695 1578 779 perpende
1591 717 1704 779 quomo·

134 789 346 876 μεγαλοπρεπῶς
373 802 431 860 ταῖς
454 793 696 877 λέξεσικέχρηται·
710 791 760 856 bou
748 793 824 876 ’γὰρ
836 785 908 868 circs,
962 793 1150 874 domagniliee
1163 791 1445 852 dictionibusntatnr:
1461 789 1599 851 nonenim
1612 789 1703 851 dixit·

134 886 282 996 πρρεύομαι
308 885 486 964 ἐλεημοσύνην
514 887 599 967 eropi
588 910 668 970 ρω.ν,
699 886 782 959 ἀλλὰ,
809 889 908 948 Διαιιο-
963 879 1514 964 Proficiscereleemosynamdeferensped,
1516 882 1704 942 Ministrans
1774 893 1856 938 Paulus

135 982 198 1038 νῶν.
224 980 259 1038 Εἰ
283 978 309 1039 δὲ
334 981 439 1048 Παῦλος
461 982 593 1050 διακονεῖ,
620 978 739 1052 ἐννόησον
765 979 896 1052 ἠτλίκον
896 978 1081 1058 l'oQuod
1059 1002 1083 1041 st
1098 980 1200 1039 Paulus
1213 978 1358 1052 ministrat,
1371 976 1594 1081 cogitaquanta
1585 997 1628 1037 res
1643 975 1702 1048 liat,
1715 958 1857 1069 ‘l‘jffi

136 1069 294 1149 γενόμενον,
307 1070 435 1129 &eti
403 1094 451 1142 της
460 1070 615 1150 οἰκουμένης
628 1071 784 1138 διδάσκαλος
795 1071 911 1132 καταδέ-
963 1097 1025 1136 cum
1038 1072 1111 1134 orbis
1124 1071 1218 1132 doctor
1229 1068 1401 1130 deserendam
1420 1068 1528 1150 accipit,
1543 1081 1570 1128 et
1583 1054 1656 1149 quod
1670 1067 1707 1128 ad

137 1188 222 1244 χηται
254 1161 438 1241 ἀποκομίζειν,
465 1163 509 1222 καὶ
532 1161 635 1239 μέλλων
658 1166 695 1230 είς
717 1160 826 1241 Ῥώμην
844 1166 912 1224 ἀπο-
963 1168 1097 1226 Romanos
1108 1163 1336 1246 peregrinaturus,
1346 1174 1373 1221 et
1384 1159 1457 1241 quod
1471 1160 1532 1219 illos
1545 1150 1630 1241 usq'ue
1640 1157 1708 1220 udeo

140 1258 244 1333 δημεῖν,
272 1254 317 1314 καὶ
343 1253 424 1324 οὕτως
447 1255 539 1323 αὐτοὺς
562 1259 705 1328 ἐπιποθῶν,
717 1261 794 1316 τοῦτο
812 1255 911 1316 ἐκείνω
962 1259 1054 1321 videre
1063 1257 1229 1334 desiderans,
1242 1256 1295 1314 hoc
1306 1254 1348 1314 illi
1357 1254 1489 1335 praeierat.
1503 1254 1709 1314 probaverunt

139 1357 266 1429 προτιμᾷ.
293 1347 450 1420 Ηύδόκησαν
483 1347 534 1428 γὰρ
557 1346 710 1407 Μακεδονία
735 1347 780 1406 καλ
800 1345 894 1427 Ἀχαία
901 1393 910 1426 ,
962 1356 1041 1412 enim
1052 1350 1230 1410 Macedonia
1248 1360 1277 1408 et
1294 1347 1427 1418 Achaia,
1439 1343 1467 1403 id
1478 1357 1528 1420 est,
1540 1343 1708 1427 approbave-

138 1439 286 1524 τουτέστιν,
302 1439 472 1518 ἐδοκίμασαν,
491 1440 670 1519 ἐπεθύμησαν,
691 1439 828 1501 κοινωνίαν
843 1440 911 1502 τινοί.
964 1458 1028 1505 runt
1052 1457 1080 1503 et
1102 1435 1620 1516 desideraumt,communicationem
1647 1436 1708 1496 att-

140 1534 229 1594 lledu
242 1534 290 1592 οὐκ
314 1523 384 1592 εἶπεν
408 1531 596 1613 ἐλεημοσύνην,
609 1531 678 1594 ἀλλὰ
699 1533 853 1594 Κοινωνίαν.
872 1535 913 1595 Τὸ
965 1557 1064 1619 quom.
1077 1536 1183 1594 Rursus
1196 1554 1249 1593 nou
1260 1530 1331 1591 dixit
1343 1531 1551 1610 eleemosynam,
1564 1526 1613 1588 sed
1624 1527 1710 1588 Com·

140 1624 184 1702 δέ,
198 1625 348 1706 Τινᾶοὖχ
362 1625 452 1691 ἅπλῶς
465 1624 590 1698 τέθεικεν,
603 1623 716 1684 ἀλλ’ἵνα
730 1623 841 1704 pellois]
855 1625 913 1686 τού-
965 1632 1204 1689 municationem.
1222 1625 1296 1686 Illud
1314 1638 1401 1683 autem
1406 1623 1636 1703 ,aliquam,uou
1653 1620 1711 1680 sine

140 1739 201 1783 τους
211 1718 318 1776 ὐνειδ
292 1724 319 1787 <s
283 1743 353 1777 ιιιι.
375 1717 467 1777 Καὶ’
442 1738 488 1776 ουκ
506 1708 562 1776 εἶπε
553 1718 695 1791 ·νᾶπλο”ις,
710 1718 746 1785 εἰς
764 1715 824 1785 τους
837 1740 912 1776 πτω-
964 1740 1044 1779 eausa
1055 1717 1155 1799 posuit,
1162 1713 1589 1794 sedueuidereturboscarpere
1603 1707 1712 1771 Necdi·

141 1808 222 1890 χούς,
241 1812 310 1879 ἀλλ’,
334 1812 382 1877 Εἷς
403 1808 463 1877 τους
484 1809 613 1923 ριτωχοὺς
630 1812 682 1868 τῶν
701 1809 798 1889 ἁγίων·
818 1810 912 1882 διπλῆν
965 1809 1009 1870 xit
1032 1809 1204 1891 simpliciter,
1227 1808 1258 1867 lu
1282 1826 1423 1887 pauperes,
1438 1803 1497 1882 sed,
1513 1807 1551 1861 In
1567 1822 1712 1901 ppuperes

141 1906 224 1961 ποιῶν
237 1901 332 1975 τλν’
301 1926 434 1975 συστασιν,
449 1926 494 1962 και
484 1901 581 2053 *plu
567 1901 620 1962 απο
638 1907 685 1975 τῆς
700 1903 794 1982 ἀρετῆς
808 1901 892 1963 καὶ
865 1925 913 1974 την
965 1917 1151 1974 σαιισιοιιιιιι,ι
1165 1900 1303 1984 duplicem
1323 1899 1424 1959 faciens
1438 1849 1709 1970 commendationem,

143 1993 197 2054 ἀπὸ
207 1998 254 2066 τῆς
268 1993 370 2061 πενίας.
386 1992 506 2053 {telonei
520 1992 604 2074 τούτῳ
618 1993 746 2076 μόνονήρ
747 1993 915 2068 κέσύη,ὐλλ’
967 1995 1135 2055 etavirtute
1153 2008 1206 2055 eta
1222 2006 1385 2075 paupertate.
1400 1992 1493 2070 Neque
1514 1989 1566 2050 hoc
1587 1989 1651 2049 satis
1671 1986 1713 2047 illi

142 2086 286 2167 ἐπήγαγεν,
299 2084 340 2146 ὅτι
356 2086 423 2166 'Ope
427 2085 465 2145 ιλέ
453 2110 509 2146 ται
531 2084 605 2146 είσίν.
629 2075 697 2145 Eleu
725 2084 838 2146 delituunt
859 2089 916 2154 πῶς
932 2097 952 2144 Ι)
968 2088 1019 2147 suit
1020 2085 1409 2169 οεύισύγυσιιηῦσύιιοισι
1421 2095 1500 2144 sunt
1508 2078 1614 2142 Deinde
1625 2093 1713 2140 osten

142 2178 284 2258 ὀρειλέται.
303 2177 378 2239 nt
350 2204 401 2260 γαρ
388 2189 468 2257 ρτοῖς
481 2184 668 2255 πνευματικοῖς
681 2177 899 2251 ἐκοινώνησανύ
868 2205 916 2240 οι-
970 2183 1021 2259 dit,
1029 2180 1196 2286 quomodo
1175 2193 1229 2240 suu
1241 2179 1385 2241 debitores.
1391 2178 1471 2239 Nam
1481 2199 1505 2236 σι
1500 2175 1715 2258 spirituqlium

143 2276 206 2341 τῶν,
222 2270 302 2351 quel,
318 2270 351 2330 cir
366 2272 440 2345 ἔθνη,
452 2271 585 2352 ὀρείλουσι
607 2269 652 2329 καὶ
674 2273 701 2329 ἐν
714 2278 768 2338 τοῖς
782 2278 917 2353 σαρκικοῖς
971 2282 1110 2358 ipsorum,
1126 2273 1226 2353 inquit,
1240 2283 1388 2333 consortes
1398 2269 1498 2351 suctu
1510 2281 1580 2330 sunt
1602 2281 1712 2350 gentes,

143 2365 330 2445 λειτουργῆσαι
346 2367 444 2432 αὐτοῖς·
458 2362 496 2422 Ὃ
507 2361 534 2421 δὲ
549 2361 635 2440 λέγει,
648 2359 725 2422 τοῦτό
737 2363 810 2421 ἐστι·
830 2363 864 2421 δι’
874 2364 920 2420 eo·
948 2380 954 2391 ¹
971 2367 1077 2431 deberit
1094 2373 1183 2428 etium
1204 2371 1237 2426 ιἰι
1257 2366 1428 2427 carnalibus
1451 2366 1619 2424 ministrare
1632 2366 1713 2443 ipsis.

144 2453 205 2522 τοὺς
217 2447 293 2528 ἦλθεν
305 2459 319 2513 ὅ
329 2455 457 2537 Χριστὸς,
468 2457 554 2521 αὐτοῖς
568 2445 600 2527 ἦν
616 2454 722 2514 ἅπαντα
733 2452 918 2534 ἐπηγγελμένα
970 2461 1063 2539 idest,
1087 2473 1198 2543 propter
1210 2459 1283 2540 ipsos
1303 2457 1377 2519 veuit
1397 2455 1536 2532 Christus;
1552 2453 1669 2535 illisqui
1682 2452 1717 2513 e'x

145 2556 223 2616 τοῖσε
212 2547 238 2616 ἒξ
250 2546 346 2606 ’δ’ίον
318 2572 392 2622 etue,
403 2545 696 2627 ἓίαῦτῶνδΧριστόι·
690 2543 750 2605 ’διὸ
762 2546 807 2606 καὶ
821 2543 919 2625 ἔλεγεν,
971 2551 1073 2617 Judaeis
1086 2551 1261 2619 oantomnia
1276 2550 1407 2632 promissa
1421 2548 1541 2625 fuerant,
1553 2567 1588 2607 ex
1600 2545 1668 2628 ipsis
1679 2560 1719 2607 est

143 2638 251 2698 '⁰Ex
215 2663 267 2697 τιον
280 2638 377 2699 lond
351 2662 413 2698 αιιυν
434 2639 536 2710 ἐστλνὴ
558 2636 689 2720 σωτηρία
682 2640 801 2697 ἐκεῖθεν
813 2641 838 2697 ol
852 2634 920 2696 απύ·
973 2644 1113 2707 Christus:
1107 2641 1186 2705 ·ideo
1208 2641 1335 2702 dicebat:
1329 2641 1396 2699 Ἐκ
1410 2639 1523 2698 Judoeis
1546 2650 1590 2698 est
1612 2637 1717 2705 salus·
1711 2639 1795 2686 doun
1801 2637 1823 2696 d
1830 2650 1860 2684 an

144 2734 249 2808 στῦλοι,
266 2727 919 2813 &⁵30⁵t0lop0olt102231230olet&tolentino-
973 2726 1719 2816 mdesuntapostolt,tudeprophete,1udebouaomote.

145 2816 306 2884 Τούτων
275 2847 320 2883 ουν
344 2823 466 2883 ἁπάντων
484 2822 653 2896 ἐκοινώνησεν
674 2828 691 2895 ἡ
713 2818 863 2900 οἰκουμένη.
886 2821 949 2880 El
973 2827 1177 2908 Horum1guur
1189 2825 1311 2886 omnium
1323 2843 1432 2883 consors
1445 2821 1499 2880 fuit
1513 2821 1596 2882 orbis
1605 2811 1639 2881 Si
1654 2838 1721 2902 ergo

145 2917 230 2977 τοίνυν
244 2920 271 2976 ἐν
285 2925 339 2984 τοῖς
352 2914 467 2995 μείζοσιν
481 2915 686 3029 ἐκοινωνήσατε,
702 2914 784 2995 ρησλ,
802 2912 903 2973 xci*
867 2936 920 2973 των
938 2918 982 2965 Ε
974 2944 1003 2982 m
1017 2917 1200 3003 majoribus,
1192 2917 1291 2996 iuquit,
1306 2914 1453 2998 participes
1465 2913 1568 3016 fuistis,
1582 2927 1608 2972 et
1629 2912 1652 2973 si
1666 2933 1720 2973 coe·

147 3011 313 3070 δείπνων”
277 3034 330 3069 των
346 3009 454 3076 ἐκείνοις
477 3007 734 3090 παρεσκευασμένων
747 3009 822 3086 ὐμεῖς
836 3006 921 3065 είσιλ-
975 3035 1072 3075 narum
1068 3012 1142 3073 illis
1153 3023 1311 3092 paratarum
1320 3029 1370 3066 vos
1380 3005 1495 3086 ingressi
1513 3018 1649 3066 consortes
1663 3005 1720 3066 fui.

147 3102 234 3170 θόντες
257 3100 428 3175 &otioloom
447 3104 498 3158 τῶν
515 3099 695 3181 προκειμένων
717 3097 787 3158 κατὰ
807 3096 855 3170 ι’λι
875 3100 922 3157 τοῦ
973 3105 1033 3179 stis,
1047 3103 1194 3164 secuudum
1205 3099 1338 3179 evangelii
1352 3092 1721 3180 parabolamdebetisetiam

624 488 658 536 lN
685 487 792 537 nn1sn.
820 486 867 536 Al)
892 487 976 536 ROM·
1003 487 1122 567 uonttn.
1150 485 1235 534 ΧΧΧ.

147 3194 298 3274 εὐαγγελίου
317 3191 487 3275 παραύολήν·
509 3190 625 3272 ὀφείλετε
650 3191 695 3250 καλ
718 3195 771 3250 τῶν
786 3191 920 3272 σαρκικῶν

147 3291 306 3359 κοινωνῆσαι
320 3286 365 3345 καὶ
375 3285 534 3361 μεταδοῦναι
543 3289 639 3349 αὐτοῖς.
654 3281 707 3343 Καὶ
720 3285 767 3343 οὐκ
780 3272 853 3356 εἶπε,
865 3304 922 3341 κοι-

148 3383 279 3452 νωνῆσαι,
299 3378 368 3440 ἀλλὰ
383 3381 592 3459 Δειτουργῆσαι·
607 3378 634 3435 ἐν
649 3374 721 3444 τοίξει
735 3373 862 3436 διακόνων
876 3377 923 3435 αὐ·

149 3471 208 3539 τούς
223 3470 367 3546 καθιστὰς,
379 3471 423 3529 καλ
437 3471 489 3529 τῶν
505 3469 642 3549 βασιλεῦσι
664 3466 807 3527 τελούντων
818 3465 921 3548 φόρους

148 3563 202 3625 Καὶ
212 3568 259 3624 οὐκ
271 3554 351 3638 εἶπεν,
364 3563 391 3620 ἐν
402 3570 456 3629 τοῖς
471 3568 606 3642 σαρκικοῖς
627 3563 712 3638 ὐμῶν,
723 3559 815 3642 ὥσπερ
828 3561 854 3619 ἐν
868 3568 922 3627 τοῖς

147 3663 335 3736 πνευματικοῖς
349 3657 449 3714 αὐτῶν·
464 3653 498 3712 cir
509 3652 558 3732 μέν
565 3654 617 3734 γλ
630 3651 799 3731 πνευματικλ
806 3652 922 3727 ἐκείνων,

148 3749 209 3809 rud
195 3748 223 3809 δέ
236 3747 391 3829 σαρκικύ’
366 3770 395 3806 οο
408 3744 507 3806 τούτων
523 3744 620 3823 μόνων,
632 3742 700 3804 ἀλλὰ
713 3742 839 3806 κοινλ’
801 3767 921 3804 παντων

975 3197 1092 3259 earnalia
1103 3192 1301 3258 communicare
1314 3206 1340 3251 et
1352 3188 1455 3251 tradere
1466 3189 1629 3270 illis.Neque
1638 3188 1722 3269 dixit,

975 3287 1194 3359 Communium,
1205 3284 1253 3346 sed
1274 3284 1459 3355 Ministrare,
1474 3281 1537 3342 illos
1551 3282 1580 3342 in
1592 3281 1722 3343 diacono·

975 3405 1038 3443 rum
1052 3379 1147 3442 ordine
1170 3376 1349 3449 constituens,
1372 3394 1519 3452 eorumque
1542 3374 1589 3455 qui
1612 3373 1723 3479 regibus

975 3475 1078 3535 tributa
1087 3470 1218 3555 pendunt.
1221 3470 1313 3548 Neque
1321 3466 1421 3542 dixit,
1414 3487 1441 3525 ιιι
1453 3464 1607 3527 carnalibus
1616 3465 1723 3542 vestris,

976 3585 1006 3630 ut
1026 3569 1145 3646 dixerat,
1162 3567 1194 3627 lu
1209 3562 1430 3647 spiritualibus
1421 3583 1557 3644 ipsorum:
1551 3560 1726 3648 spiritualia

975 3664 1077 3745 quippe
1096 3661 1217 3742 ipsorum
1231 3670 1321 3732 eraut,
1340 3654 1457 3717 carnalia
1480 3675 1544 3714 vero
1557 3675 1611 3714 uou
1624 3655 1725 3714 honam

976 3770 1083 3816 tautum
1105 3767 1183 3830 sunt,
1198 3749 1246 3812 sed
1267 3747 1420 3826 communia
1435 3747 1582 3808 omuibus·
1575 3747 1725 3830 pecunias

148 3842 183 3901 τὰ
204 3841 256 3921 pop
277 3838 404 3920 λίηματα
426 3837 531 3898 παντων
551 3835 686 3897 iulium
700 3826 781 3911 ‘im’
797 3835 905 3916 up
869 3859 921 3894 των
930 3873 968 3913 ιιι
977 3849 1050 3910 euim
1062 3847 1184 3908 omnium
1192 3843 1275 3925 jussit
1288 3864 1355 3916 esse,
1370 3863 1456 3921 neque
1468 3839 1666 3923 possidentium
1679 3862 1724 3901 eas

150 3931 317 4010 sextuplum
331 3931 417 4009 μόνον
431 3919 563 3990 Τοῦτο
534 3952 578 3987 ουν
596 3927 765 4004 ἐπιτελέσας,
779 3929 826 3989 xel
837 3951 923 4010 σφρα·
909 3932 960 3975 -Ᾰ
977 3955 1091 4002 tautum.
1104 3941 1152 4000 λθ
1165 3939 1231 3998 Hoc
1249 3939 1340 4016 egitur
1352 3954 1418 3993 cum
1432 3952 1681 4006 consummavero,
1695 3945 1725 3991 et

149 4024 291 4103 γισοίμινος
305 4026 391 4091 αὐτοῖς
411 4023 456 4082 τὸν
480 4043 581 4100 καρπον
603 4025 711 4079 τοῦτον·
724 4018 903 4091 τουτέστιν,
889 4042 925 4084 ως
978 4039 1169 4116 obsigmpero
1189 4034 1230 4089 εἰς
1244 4029 1378 4110 fructum
1396 4026 1500 4096 hunc
1494 4023 1567 4083 hoe
1580 4038 1620 4084 051
1622 4025 1724 4106 quasi

150 4121 186 4185 εἷς
207 4114 333 4196 βασιλικὰ
353 4125 461 4193 ταμιεῖα
476 4110 709 4190 ἐναπούέμενος,(
696 4136 731 4178 ως
745 4113 772 4171 ἐν
783 4111 872 4193 σἰσύλιρ
880 4106 926 4170 καλ

150 4212 262 4288 ἀσφαλεῖ
279 4232 362 4290 χωρ
323 4206 390 4289 ρίω·
414 4205 460 4265 καὶ
474 4208 521 4266 οὐκ
547 4195 630 4278 εἶπεν,
651 4202 841 4282 ἐλεημοσύνην,
856 4200 925 4265 elul

148 4301 240 4374 ποίλιν,
256 4302 311 4365 Τὸν
326 4299 442 4381 καρπόν·
458 4297 558 4364 δεικνὺς
572 4294 806 4378 κερδαίνοντας
766 4319 826 4365 τους
839 4295 925 4377 παρέ-

148 4419 254 4474 χοντας.
278 4392 469 4470 Ἀπελεύσομοιι
489 4393 522 4450 δι’
536 4395 610 4469 ὑμῶν
623 4392 659 4456 εἰς
673 4388 822 4450 ’Σπανίαν
835 4390 924 4450 Ποίλιν

149 4487 283 4565 μέμνηται
293 4490 341 4558 τῆς
354 4482 504 4635 Σιιανίδας,δ
506 4481 640 4551 δεικνυς
615 4503 646 4540 το
660 4482 752 4543 αοκνον
764 4506 810 4542 και
799 4481 853 4543 τὸ
863 4482 924 4563 περὶ

148 4579 302 4646 ἐκείνουςθε
305 4565 453 4661 ρ.0’ίδμύν
490 4574 617 4649 δέ,ἐ8τι
604 4574 745 4658 ἐρχόμενος
758 4598 824 4655 προς
838 4579 923 4654 ὑμᾶς,

148 4673 176 4730 έν
196 4669 359 4752 πληρώματι
378 4667 497 4748 εὐλογίας
513 4690 558 4727 του
579 4666 732 4747 εὐαγγελίου
747 4690 793 4728 του
776 4669 924 4748 ’Χριστου

148 4763 298 4843 ἐλεύσομαι.
313 4761 350 4821 Τί
364 4763 444 4832 ἐστιν,
456 4759 503 4820 Ἐν
517 4759 607 4830 πλη’
576 4784 678 4874 ρωματι
698 4759 832 4840 εὐλογίαςς
844 4758 924 4820 Ἤτοι

147 4880 180 4914 πε
184 4857 226 4936 pl·
220 4855 367 4981 χρημάτων
379 4854 469 4935 φησὶν,
485 4851 627 4935 ἢπερλ’
589 4876 696 4911 παντων
708 4853 845 4921 duleis*
809 4878 863 4913 των
877 4875 926 4912 κα·

980 4129 1007 4188 iu
1022 4128 1096 4207 regia
1111 4121 1240 4206 penuaria
1254 4119 1415 4200 deposuero,
1435 4116 1512 4196 quasi
1527 4115 1553 4175 in
1565 4130 1625 4185 tuto
1639 4131 1666 4177 et
1679 4139 1722 4178 se·

979 4241 1045 4280 euro
1065 4219 1136 4278 locu.
1154 4217 1210 4275 Nec
1223 4212 1307 4286 dixit,
1321 4210 1544 4291 Eleemosyuam,
1555 4206 1607 4269 sed
1619 4230 1723 4285 rursus,

979 4318 1139 4386 Fructum,
1133 4304 1294 4369 ·osteudens
1316 4304 1425 4363 lucrum
1442 4301 1567 4379 accedere
1584 4301 1724 4385 largitori

978 4406 1040 4469 bus.
1056 4407 1116 4464 Per
1125 4422 1179 4462 uos
1192 4397 1386 4481 proficiscar
1376 4417 1408 4453 ιιι
1419 4397 1607 4474 Hispaniam.
1618 4395 1725 4456 Rursus

978 4496 1137 4581 Hispaniam
1152 4503 1292 4567 memorat,
1312 4486 1454 4547 osteudens
1469 4507 1550 4567 quam
1569 4487 1685 4568 impiger
1698 4500 1725 4548 et

977 4611 1059 4671 quam
1073 4584 1196 4657 iervidus
1207 4594 1274 4642 esset
1288 4600 1351 4660 erga
1362 4578 1510 4659 Hispanos.
1524 4579 1573 4639 29.
1586 4577 1653 4639 Scio
1672 4599 1725 4637 au

979 4698 1047 4756 tem,
1059 4680 1139 4764 quod
1148 4679 1272 4737 veniens
1285 4673 1327 4732 ad
1338 4691 1404 4744 vos,
1421 4674 1454 4729 in
1471 4668 1657 4751 plerutudine
1678 4671 1724 4729 be-

980 4774 1153 4836 nedictionis
1168 4765 1315 4848 evangelii
1326 4764 1437 4824 otrico·
1444 4765 1576 4821 ueniam.
1586 4757 1662 4833 Quid
1673 4773 1724 4837 est,

979 4851 1723 4959 InplenitudiuebenedietionisWeIdepecuniislo·

149 4964 242 5037 repo
211 4958 336 5018 ωυᾶτων
351 4956 482 5036 Εὗλογίαν
502 4954 568 5037 γὰρ,
583 4959 618 5021 ὥς
632 4953 667 5013 τὰ
678 4953 775 5028 πολλὰ
792 4954 840 5029 τὴν
855 4958 927 5029 ἐλεη-
943 4969 962 5015 u
980 4974 1113 5040 quuur,
1096 4951 1309 5033 elsrmphcuer
1318 4946 1353 5008 de
1365 4945 1490 5007 omurbus
1500 4945 1579 5007 bonus
1587 4945 1724 5028 operibus

153 5058 266 5133 αοσύνην
281 5057 357 5118 εἴωθε
381 5057 512 5138 λέγειν’
499 5082 534 5125 ως
552 5055 615 5118 ὅταν
628 5055 708 5137 etp,
728 5055 775 5124 Ὡς
797 5057 928 5138 εὐλογίαν,
982 5049 1199 5114 Benedictiouem
1220 5042 1291 5103 euim
1313 5053 1343 5099 ut
1366 5038 1516 5120 plurimum
1543 5037 1724 5120 elemosynam

188 5244 199 5281 λ
219 5248 225 5297 l
237 5245 263 5292 d.
277 5249 324 5296 etet
336 5253 421 5316 γὰρ...
436 5248 603 5310 ἐλεημοσύναι-ί

1003 5255 1013 5280 ⁸
1031 5236 1118 5290 Codex
1130 5251 1193 5284 uuus
1209 5246 1306 5296 semper
1323 5227 1427 5289 ὶυιςανίαν
1443 5223 1528 5277 ίιαίισι.
