3728 5978
557 517 591 563 ru
617 514 724 563 nersr.
752 511 799 559 nu
825 510 908 559 nou.
936 508 1056 557 noun.
1083 507 1143 555 xx.
1174 547 1177 553 .
1237 534 1239 538 -
1364 546 1368 558 ,
1563 484 1632 576 733

66 641 114 696 οὐκ
128 637 278 717 ἀνθρωπος·
292 636 336 696 καὶ
347 637 425 704 άλλος
435 636 527 710 πάλιν,
535 637 582 710 Μὴ
593 637 733 711 δυνήσεται
743 641 757 697 θ
770 634 839 702 Θεὸς

67 734 154 788 σῶσαι
168 734 249 805 ὑμᾶς,
262 728 280 800 ἢ
295 727 427 796 ἐξελέσθαι
437 731 467 787 έκ
484 733 536 788 τῶν
561 734 659 809 χειρῶν
682 750 748 805 μου,
765 725 838 786 καλὸ

67 820 213 898 Αἰγύπτιος
227 819 264 891 δέ,
278 821 338 879 Οὐκ
355 809 412 879 οἶδα
425 820 470 879 τὸν
486 819 591 899 Κύριον,
605 819 652 878 καλ
670 819 714 878 τὸν
728 815 839 896 Ἰσραὴλ

66 914 115 970 οὐκ
136 909 322 978 ἐξαποστελῶ·
337 911 382 969 καλ
404 916 418 970 θ
440 911 514 994 παρὰ
536 915 575 992 τῷ
601 910 723 990 προφήτῃ
749 910 837 989 ἄφρων

66 1002 184 1070 τοιοῦτός
204 1027 243 1071 τις
259 1003 329 1074 έστί,
350 1002 435 1082 λέγων
455 1006 529 1083 έντῇ
552 1004 650 1085 καρδίσρ
670 1003 764 1075 αὐτοῦ,
781 1002 839 1059 Ota

67 1096 126 1153 έστι
139 1093 226 1160 Θεός·
242 1095 316 1153 καὶὸ
336 1095 403 1154 Κάϊν
426 1095 467 1169 δέ,
481 1095 529 1168 Μὴ
544 1094 627 1176 φύλαξ
646 1093 699 1175 ἐγώ
718 1096 774 1171 ιίμι
793 1096 839 1152 τοῦ

894 654 946 710 quc
954 630 1086 690 harmarus
1094 628 1151 688 ait:
1166 629 1230 709 Ego
1248 649 1311 688 sum
1326 630 1446 706 deus,et
1462 647 1520 687 ιιοιι
1531 630 1632 695 homo.-

893 722 1016 801 alinsque
1031 746 1038 779 ε
1055 724 1135 782 Num
1146 724 1252 801 poterit
1271 722 1351 780 Deus
1363 741 1481 781 servare
1498 710 1565 799 vos,
1581 733 1706 795 autmari.
1717 736 1787 801 σιμ·

893 819 1002 896 cripere
1024 816 1214 873 demonibus
1236 815 1369 871 meisiet
1388 810 1546 894 AEgyptius,
1566 815 1784 872 Nonsrodhm.

894 911 963 965 novi
983 907 1156 975 Dominum,
1181 916 1209 963 ct
1230 905 1371 963 Israelem
1396 925 1456 961 non
1474 904 1632 964 dimittam.

893 994 1164 1077 lnsipiensqueapud
1179 994 1337 1075 prophetam
1351 994 1413 1054 talis
1426 1007 1476 1070 est,
1490 994 1558 1054 dum
1569 993 1638 1054 dicit
1687 1045 1690 1048 Α

894 1091 922 1150 in
946 1089 1027 1152 corde
1050 1112 1119 1166 suo,
1136 1092 1205 1149 Non
1223 1103 1266 1150 est
1282 1091 1384 1154 Densa
1409 1103 1435 1148 ct
1458 1089 1786 1157 Cainzlllummar..3,1.

68 1188 182 1264 ἀδελφοῦ
204 1209 270 1264 μους
290 1185 356 1266 Ἄρα
382 1185 419 1264 μὴ
437 1186 546 1246 δύνασαι
568 1188 710 1266 διαγνῶναι
730 1183 839 1264 πότερον
848 1234 885 1273 m
896 1199 992 1245 custos
1004 1187 1113 1267 fratris
1134 1186 1192 1242 mei
1209 1203 1272 1242 sum
1287 1189 1363 1263 ego?
1381 1184 1422 1241 An
1436 1182 1522 1263 possis
1539 1202 1638 1262 cogno·
1649 1193 1772 1254 σηοως.

69 1277 302 1355 ἀπονενοημένων,
316 1277 334 1349 ἢ
346 1281 442 1359 μωρῶν
456 1277 490 1336 cl
502 1279 625 1359 ῥήματος
639 1281 652 1350 i,
664 1276 715 1359 γὰρ
730 1276 840 1337 ἀπόνοια
858 1288 878 1335 Α
896 1298 968 1338 scere
978 1276 1240 1358 arrogantiumnean
1252 1274 1396 1334 stultorum
1406 1275 1572 1336 sintverha?
1585 1279 1637 1335 Ar-

69 1377 118 1441 τῆς
133 1370 295 1448 συμμετρίας
307 1369 471 1430 ἐκπίπτουσα
481 1372 527 1430 καί
538 1371 591 1431 ἀπὸ
601 1377 646 1431 τοῦ
658 1375 702 1430 νοῦ
714 1367 840 1448 γινομένη

70 1464 184 1538 (διὸκαὶ
202 1463 312 1523 ἀπόνοια
324 1463 456 1543 λέγεται),
470 1465 516 1523 καί
531 1463 635 1544 μωροὺς
656 1461 705 1522 καλ
715 1462 842 1530 ἀλαζόνας

70 1554 218 1636 ἐργάζεται.
228 1554 299 1613 ’Καὶ
310 1557 333 1614 εί
349 1554 418 1636 ἀρχὴ
427 1555 522 1634 σοφίας
533 1555 613 1637 φόόος
625 1553 740 1634 Κυρίου,
751 1557 842 1614 σιἰιιοῦν

72 1644 143 1725 ἀρχὴ
162 1645 263 1725 μωρίας
277 1646 308 1705 τδ
322 1644 359 1723 μὴ
374 1645 470 1705 εἰδέναι
483 1647 527 1706 τδν
547 1645 652 1725 Κόριον.
667 1647 702 1705 Εἰ
713 1644 799 1704 τοίνυν
812 1643 843 1704 τὸ

72 1737 169 1795 εἰδέναι
181 1735 277 1816 σοφία,
288 1737 318 1795 τδ
332 1735 369 1814 μὴ
385 1737 480 1796 εἰδέναι
495 1737 599 1817 μωρία,
610 1737 641 1796 τὸ
651 1735 679 1796 δέ
698 1735 736 1814 μὴ
748 1736 845 1798 εἰδέναι

73 1829 99 1896 ἐξ
113 1828 292 1909 ὑπερηφανίας
305 1828 405 1908 γίνεται
426 1828 512 1909 (ἀρχὴ
533 1829 585 1908 γὰρ
596 1827 798 1909 Ι’ὑπερηφανίας
815 1827 846 1887 τδ

73 1920 110 1997 μὴ
134 1919 231 1979 εἰδέναι
251 1921 295 1979 τὸν
310 1919 439 2001 Κύριον),
463 1920 548 1999 ἀραὴ
573 1918 739 2000 ὑπερηφανία
757 1918 846 1999 μωρία

73 2012 184 2091 ἐσχάτη.
199 2014 323 2080 Τοιοῦτος
341 2005 374 2084 ἦν
388 2012 433 2071 καί
457 2018 471 2072 θ
492 2011 603 2086 Ναάδιλ,
620 2014 643 2071 εί
661 2010 759 2090 καὶμὴ
780 2012 846 2093 πρδς

73 2104 156 2176 Θεὸν,
171 2104 240 2164 ἀλλὰ
253 2104 318 2186 πρδς
334 2104 485 2184 ἄνθρωπον,
499 2104 526 2173 έξ
542 2102 665 2170 ἀπονοίας
681 2103 790 2175 ἀνόητος
802 2128 846 2184 γε·

895 1372 1018 1450 rogantia
1041 1370 1115 1430 enim
1136 1391 1152 1429 a
1168 1368 1353 1429 moderatione
1365 1383 1391 1427 et
1406 1391 1422 1427 a
1444 1383 1533 1429 mente
1550 1368 1637 1427 delle-

897 1475 969 1522 ctens
983 1460 1074 1538 (unde
1087 1482 1194 1541 qnoque
1206 1460 1323 1519 amentia
1343 1459 1474 1536 dicitnr),
1498 1472 1524 1519 et
1542 1460 1639 1520 stultos

898 1565 924 1611 et
939 1567 1095 1635 arrogantes
1114 1552 1207 1613 efficit.
1223 1551 1260 1611 Et
1279 1552 1301 1611 si
1320 1551 1485 1633 principium
1502 1551 1787 1633 sapientiaeProv.9.1o.

895 1647 931 1704 sit
944 1645 1026 1705 timor
1039 1644 1167 1721 Domini;
1185 1643 1293 1702 initium
1306 1664 1370 1722 ergo
1385 1643 1506 1703 stultitiae
1521 1643 1573 1703 erit
1586 1665 1640 1704 non
1743 1702 1745 1707 ι

896 1759 973 1798 nosse
988 1736 1145 1797 Dominum.
1162 1735 1193 1796 si
1213 1734 1297 1812 igitur
1308 1755 1466 1814 cognoscere
1478 1748 1519 1796 est
1531 1735 1640 1816 sapien-

896 1830 943 1907 tia,
957 1850 1010 1889 non
1021 1849 1191 1909 cognoscere,
1203 1826 1318 1887 stultitia
1325 1850 1335 1904 ς
1346 1840 1372 1886 ει
1382 1826 1406 1885 si
1419 1847 1471 1886 non
1483 1847 1642 1906 cognoscere

897 1942 932 1982 ex
951 1921 1078 2003 superbia
1095 1920 1182 1980 oritur
1204 1917 1329 1994 (initium
1345 1919 1417 1977 cuim
1436 1918 1569 1999 superbire
1602 1932 1642 1980 est

899 2035 951 2074 non
975 2032 1134 2095 cognoscere
1155 2011 1410 2091 Dominum):ergo
1433 2012 1570 2093 superbia,
1593 2033 1642 2073 ex-

898 2121 983 2169 trema
1004 2121 1043 2167 est
1060 2105 1223 2188 insipientia.
1249 2104 1325 2163 Talis
1342 2119 1399 2163 erat
1426 2118 1454 2168 et,
1469 2105 1576 2186 Nabal,
1593 2107 1644 2166 etsi

73 2193 174 2272 γονῶτ·
187 2197 245 2254 ἀλλ’
261 2193 372 2275 ὕστερον
387 2197 499 2256 ἀπέθανε
515 2199 553 2274 τῷ
568 2194 629 2254 δίει.
643 2192 730 2254 Ὅταν
742 2193 794 2273 γάρ
806 2219 847 2263 τις
864 2201 882 2248 Β
899 2221 952 2260 non
968 2221 1032 2281 erga
1046 2202 1146 2278 Deum,
1165 2211 1194 2259 at
1207 2217 1269 2278 erga
1287 2197 1424 2257 hominem
1438 2219 1473 2257 ex
1490 2198 1644 2278 arrogantia

75 2286 176 2367 ἐκπέσῃ
188 2293 234 2347 τοῦ
256 2286 352 2368 μέτρου
366 2291 413 2359 τῆς
431 2287 596 2368 φρονήσεως,
611 2287 657 2346 καλ
677 2285 761 2354 δειλδς
780 2290 847 2365 θμοῦ

75 2379 122 2437 καὶ
144 2377 238 2456 θρασὺς
252 2379 367 2457 γίνεται,
388 2382 436 2448 τῆς
457 2382 545 2459 ψυχῆς
563 2382 687 2445 ἀσθενοῦς
700 2377 847 2457 γινομένης.

76 2469 205 2548 Καθάπερ
217 2469 267 2549 γάρ
280 2469 311 2529 τδ
325 2474 417 2547 σῶμα,
431 2469 493 2529 ὅταν
504 2470 552 2542 τὴν
567 2470 716 2552 σύμμετρον
729 2468 846 2550 ἀπολέσῃ

75 2573 184 2645 κρᾶσιν,
199 2560 333 2642 γινόμενον
357 2561 517 2643 δόσκρατον,
538 2572 619 2622 πᾶσιν
643 2561 780 2622 ἁλίσκεται
793 2569 848 2629 τοῖς

75 2656 206 2716 πάθεσιν·
221 2653 289 2714 οὕτω
310 2653 356 2713 καί
371 2658 387 2725 ἡ
407 2653 497 2735 ψυχὴ,
517 2654 621 2715 ἐπειδὰν
639 2653 670 2713 τδ
684 2651 848 2734 μεγαλοφυές

77 2746 194 2826 ἀπολέσῃ
215 2746 259 2804 καὶ
271 2746 301 2805 τδ
311 2755 539 2825 ταπεινοφρονεῖν,
553 2745 605 2814 έξιν
625 2743 754 2824 δεξαμένη
768 2744 848 2805 οτινὰ

77 2838 245 2911 ἀσθενῆ,καλ
265 2836 338 2908 δειλὴ
352 2837 398 2896 καλ
417 2842 526 2918 θρασεῖα
546 2837 591 2896 καὶ
610 2835 719 2908 ἀνόητος
734 2836 848 2915 γίνεται,

76 2931 123 2990 καί
146 2928 242 3002 ἑαυτὴν
264 2928 387 3007 ἀγνοήσει
408 2928 508 2988 λοιπόν.
525 2926 560 2988 Ὁ
580 2926 607 2988 δέ
623 2927 716 2988 έαυτδν
732 2930 848 3007 ἀγναῦν,

77 3027 133 3089 πῶς
145 3022 179 3082 τά
190 3021 256 3101 ὑπὲρ
267 3021 358 3081 ἑαυτὸν
370 3020 483 3092 εἷσεταις
499 3020 626 3102 Καθάπερ
637 3019 689 3099 γάρ
698 3023 712 3078 δ
722 3019 849 3100 φρενίτιδι

77 3113 267 3194 κατεχόμενος,
284 3112 347 3173 ὅταν
364 3113 456 3172 ἑαυτὸν
468 3112 599 3192 ἀγνοήσῃ,
611 3111 669 3172 οὐδὲ
679 3112 714 3173 τά
733 3111 785 3192 πρδ
796 3115 849 3172 τῶν

900 2293 999 2352 stultns
1011 2292 1121 2351 effectus
1135 2315 1141 2348 :
1154 2291 1202 2351 sod
1216 2304 1350 2372 postremo
1364 2312 1398 2349 ex
1411 2289 1508 2349 timore
1520 2304 1646 2349 mortuus

900 2397 950 2443 est.
968 2385 1039 2443 Cum
1052 2382 1124 2442 enim
1138 2383 1199 2461 quis
1217 2403 1251 2442 cx
1264 2402 1388 2441 mensura
1404 2379 1553 2461 prudentia
1566 2380 1644 2439 exci-

900 2473 952 2552 dit,
972 2488 999 2533 et
1014 2472 1230 2549 timidusgsimnl
1251 2487 1277 2533 et
1289 2471 1382 2532 audax
1396 2471 1530 2550 redditur,
1553 2472 1644 2532 animo

901 2566 1006 2631 scilicet,
1030 2567 1088 2647 jam
1116 2565 1280 2625 infirmante.
1296 2609 1299 2616 .
1314 2563 1553 2638 Quemadmodum
1572 2564 1644 2624 enim

902 2679 1000 2739 corpus
1030 2678 1093 2718 cum
1115 2671 1291 2738 temperatam
1313 2656 1460 2716 humorum
1491 2677 1648 2728 mensuram

901 2750 1013 2827 amittit,
1036 2749 1139 2809 morbis
1162 2749 1288 2809 omnibus
1309 2761 1349 2808 est
1370 2748 1536 2808 obnoxium:
1556 2749 1596 2818 sic
1619 2742 1668 2808 σι’

903 2842 991 2902 anima
1002 2863 1066 2902 curn
1077 2841 1325 2921 magnanimitatem
1334 2841 1417 2901 simul
1427 2854 1453 2899 et
1463 2840 1653 2901 humilitatem
1725 2892 1728 2897 ι

903 2935 1033 3009 amiserit,
1040 2934 1166 2993 habitum
1175 2932 1319 3012 quemdam
1327 2933 1460 3014 accipiens
1469 2933 1645 3008 imbecillum,

904 3026 1003 3088 timida
1017 3025 1099 3086 simul
1122 3039 1148 3085 et
1170 3023 1261 3084 audax
1285 3039 1366 3103 atquo
1387 3023 1516 3106 insipiens
1545 3025 1645 3103 evadit,

904 3133 984 3198 atque
1002 3118 1120 3199 seipsam
1135 3117 1263 3198 deinceps
1277 3116 1421 3197 ignorabit.
1438 3117 1494 3201 Qui
1520 3139 1585 3179 sero
1608 3139 1648 3177 sc·

77 3206 166 3264 ποδῶν
178 3196 245 3264 οἶδε·
256 3206 302 3264 καὶ
311 3205 453 3285 ὀφθαλμὸς,
463 3203 525 3264 ὅταν
538 3205 615 3272 αὐτὸς
624 3208 751 3284 πηρωθῇ,
761 3203 849 3263 πάντα
867 3215 886 3265 C
903 3212 993 3294 ipsum
1003 3211 1120 3291 ignorat,
1129 3208 1271 3289 ,quomodo
1284 3210 1343 3288 illa,
1359 3231 1418 3289 quae
1433 3231 1513 3290 snpra
1526 3231 1555 3269 se
1569 3224 1645 3287 suut,
1724 3284 1730 3304 Ι

78 3307 169 3358 σκοτοῖ
184 3296 218 3355 τά
231 3296 312 3356 λοιπδι
335 3295 423 3374 μέλη·
437 3294 505 3356 οὕτω
527 3295 572 3354 καὶ
592 3294 636 3354 ἐπὶ
655 3300 704 3367 τῆς
726 3295 850 3363 ἀπονοίας

79 3387 229 3466 συμόαίνει.
244 3387 292 3448 Διὸ
306 3388 351 3447 καὶ
365 3389 417 3445 τῶν
435 3386 599 3465 μαινομένων
613 3386 679 3445 εἰσλν
695 3384 850 3469 ἀθλιώτεροι

78 3472 166 3553 οῦτοι,
178 3479 224 3538 καλ
235 3484 287 3539 τῶν
298 3478 374 3559 φύσει
388 3481 492 3556 μωρῶν.
510 3478 563 3538 Καὶ
574 3476 626 3559 γὰρ
636 3478 733 3556 δμοίως
750 3478 851 3547 τούτοις

78 3571 181 3650 γέλοιτα
194 3579 308 3646 κινοῦσι,
322 3572 367 3630 καὶ
380 3569 477 3649 ὁμοίοις
488 3570 594 3638 ἐκείνοις
606 3571 670 3631 εἰσίν
683 3572 772 3643 ἀηδεῖς
785 3595 791 3607 ·
804 3571 850 3631 καί

79 3664 234 3736 έξεοτηκασι
256 3663 303 3740 μέν
323 3662 415 3743 ὥσπερ
435 3666 545 3733 ἐκεῖνοι,
565 3665 623 3723 ἀλλ’
643 3664 691 3723 οὐκ
717 3664 849 3725 έλεοῦνται

78 3758 169 3837 ὥσπερ
192 3759 301 3816 ἐκεῖνοι·
315 3761 513 3836 παραφρονοῦσι
532 3755 560 3816 δέ
580 3753 670 3836 ὥσπερ
689 3746 775 3829 οῦτοι,
789 3758 848 3816 ἀλλ’

79 3851 109 3907 ὀὗ
127 3847 351 3926 συγγινώσκονται
364 3846 455 3927 ὥσπερ
468 3838 553 3916 οῦτοι,
566 3846 634 3906 ἀλλὰ
649 3855 786 3924 μισοῦνται
802 3847 851 3925 μό·

79 3963 139 3998 νον·
152 3940 197 3998 καὶ
210 3939 244 3998 τά
258 3938 435 4016 ἐλαττώματα
449 3937 581 4016 ἑκατέροιν
595 3937 716 4017 ἔχοντες,
727 3942 776 4009 τῆς
787 3962 851 4017 συγ-

80 4031 187 4109 γνώμης
202 4030 330 4112 ἑκατέροιν
346 4028 514 4110 ἐστέρηνται,
527 4031 574 4087 οὖκ
590 4029 643 4087 ἀπὸ
658 4031 711 4087 τῶν
724 4029 850 4109 ῥημάτων

82 4123 178 4200 μόνον,
189 4122 258 4182 ἀλλά
269 4122 314 4181 καί
326 4121 379 4181 ἀπὸ
389 4125 442 4180 τῶν
456 4120 602 4201 σχημάτων
616 4118 688 4186 ὄντες
702 4119 850 4198 καταγέλα·
871 4167 874 4172 .

81 4239 147 4274 στοι,
162 4215 198 4273 Τί
211 4215 279 4294 γὰρ,
292 4213 350 4273 εἰπέ
368 4235 426 4292 μοι,
440 4213 484 4273 τὸν
500 4211 598 4292 αὐχένα
613 4210 768 4284 ἀνατείνειςς
781 4211 808 4272 τί
823 4210 851 4272 δέ

904 3302 1068 3384 cognoscet?
1088 3303 1166 3363 Sicut
1181 3301 1253 3360 enim
1266 3302 1300 3379 is,
1323 3302 1369 3381 qui
1383 3300 1508 3381 phrenesi
1522 3300 1646 3361 detentus

904 3409 953 3472 cst,
977 3416 1040 3453 cum
1062 3393 1182 3474 seipsum
1206 3392 1321 3471 ignoret,
1347 3413 1433 3470 neque
1452 3414 1483 3451 ea
1505 3414 1565 3471 quae
1585 3405 1648 3452 ante

903 3486 986 3567 pedes
997 3487 1058 3566 ejus
1066 3496 1129 3543 sunt
1140 3483 1244 3543 noverit
1251 3507 1261 3561 ς
1276 3496 1301 3542 ει
1311 3484 1406 3543 oculus
1420 3504 1482 3543 enm
1497 3497 1646 3543 excecatus

903 3578 996 3654 fuerit,
1018 3589 1113 3636 caetera
1127 3575 1248 3635 membra
1268 3575 1393 3635 obscurat
1407 3600 1413 3632 ε
1428 3576 1466 3635 sie
1483 3590 1510 3636 et
1526 3576 1553 3635 in
1567 3597 1648 3640 arro-

905 3670 996 3752 gantia
1008 3667 1221 3748 contingit.ldeo
1232 3682 1389 3747 arrogantes
1398 3668 1568 3747 furentibus,
1577 3682 1603 3728 et
1612 3669 1650 3727 iis

904 3765 1152 3844 quiexnaturasna
1161 3759 1237 3820 stulti
1251 3774 1323 3836 snut,
1332 3761 1484 3820 miseriores
1494 3776 1565 3820 sunt.
1574 3762 1644 3821 Nam

905 3853 1016 3936 perinde
1034 3867 1116 3930 atque
1133 3850 1174 3910 illi
1195 3850 1281 3910 risum
1300 3863 1418 3926 movent,
1440 3850 1551 3931 perinde
1569 3865 1649 3930 atque

905 3947 947 4005 illi
969 3939 1112 4026 injucundi
1134 3956 1160 4001 et
1172 3955 1290 4000 amentes
1309 3955 1383 4016 sunt,
1405 3941 1452 4000 sed
1470 3962 1522 4000 non
1537 3941 1648 4022 perinde

905 4050 987 4115 atque
997 4035 1039 4094 itti
1053 4033 1251 4099 miserationem
1262 4047 1443 4107 commovent,
1458 4032 1648 4112 insaniuntque

906 4145 994 4190 tamen
1010 4143 1039 4188 ut
1059 4127 1113 4207 illi,
1135 4148 1185 4187 nec
1200 4125 1306 4186 veniam
1325 4125 1471 4206 impetrant
1485 4139 1514 4184 ut
1527 4125 1580 4199 illi,
1600 4125 1646 4187 sod

906 4222 968 4282 odio
980 4221 1115 4281 habentur
1125 4243 1132 4277 ι
1141 4234 1168 4280 et
1178 4240 1240 4279 eum
1253 4231 1428 4296 utrorumque
1440 4217 1508 4280 vitia
1521 4217 1647 4294 habeant,

83 4308 196 4384 βαδίζεις
207 4308 248 4365 ἔπ’
262 4306 351 4387 ἄκρων
369 4304 469 4383 ὅνῦχων
481 4327 489 4375 ;
503 4303 529 4362 τί
547 4303 595 4369 τὰς
616 4305 695 4381 ὀφρῦς
716 4306 852 4383 &mitt
869 4318 889 4365 ί)
906 4311 985 4394 v'cnia
996 4327 1083 4371 tamen
1097 4325 1275 4388 utrorumque
1287 4308 1441 4389 privantur,
1460 4308 1528 4389 dum
1544 4331 1598 4371 non
1613 4331 1649 4371 ex
1717 4352 1719 4356 ι

82 4398 108 4455 τί
120 4399 151 4455 τὸ
162 4401 255 4468 στῆθος
270 4406 368 4476 φυσᾷςς
385 4396 474 4476 Τρίχα
490 4400 518 4455 οὐ
532 4396 639 4455 δύνασαι
660 4399 771 4468 ποιῆσαι
790 4397 852 4455 λευ-

82 4488 132 4559 κὴν
146 4488 163 4559 ἢ
178 4488 314 4566 μέλαιναν,
325 4489 371 4546 καί
381 4491 417 4556 ὡς
432 4488 537 4547 πάντων
549 4491 653 4566 κρατῶν
660 4533 668 4560 ,
681 4486 763 4553 οὕτως
774 4490 853 4568 ἀερο-

84 4580 186 4650 tarem
200 4579 280 4658 Τάχα
295 4579 402 4638 έῦοόλου
416 4602 457 4637 σοι
475 4579 520 4638 καὶ
537 4579 622 4658 πτερά
658 4583 719 4637 ῦναι
730 4619 739 4649 ,
752 4578 795 4637 ίνα
815 4578 853 4654 μὴ

84 4670 194 4749 βαδίζῃς
204 4670 247 4728 ἒπλ
257 4676 305 4742 τῆς
318 4675 367 4748 γῆς
378 4694 384 4707 ·
399 4670 471 4749 τάχα
484 4669 530 4728 καί
541 4668 618 4748 τέρας
629 4602 697 4729 clim
708 4671 853 4747 ἀπιθυμεῖς.

82 4772 138 4828 Νῦν
151 4768 203 4849 γάρ
217 4770 276 4848 οὐχί
289 4768 367 4848 τέρας
381 4770 476 4830 σαοτδν
490 4768 646 4842 πεποίηκας,
660 4769 795 4850 άνθρωπος
805 4767 854 4847 μέν

82 4868 130 4943 διν,
145 4869 277 4929 πέτασθαι
289 4868 316 4928 δέ
327 4872 467 4949 ἐπιχειρῶν
477 4892 485 4942 ;
501 4870 601 4947 μᾶλλον
615 4867 642 4927 δέ
654 4866 700 4928 κοιλ
710 4867 853 4947 πετόμενος

117 5066 127 5087 ·
145 5050 203 5113 [καὶ
214 5058 258 5118 γὰρ
269 5059 331 5119 ἀρχή
343 5051 372 5101 Α.
384 5059 409 5098 et
421 5063 500 5115 marg.
512 5046 602 5112 saell]

906 4405 997 4465 verbis
1011 4417 1127 4481 tantum,
1140 4402 1188 4463 sod
1201 4402 1282 4461 etiam
1295 4424 1330 4461 cx
1340 4401 1435 4460 habitu
1450 4402 1560 4462 ridiculi
1573 4418 1646 4463 sunt.

907 4497 982 4569 Quid
995 4497 1090 4577 igitur,
1107 4512 1207 4574 quaeso,
1221 4494 1352 4555 cervicem
1365 4494 1467 4574 erigis?
1479 4495 1547 4574 quid
1560 4510 1649 4555 extre·

908 4590 960 4649 mis
981 4589 1081 4671 pedum
1104 4588 1242 4669 unguibus
1263 4586 1390 4646 incedis?
1413 4585 1480 4666 quid
1506 4587 1650 4668 supercilia

907 4682 1037 4741 extollis?
1053 4680 1120 4760 qnid
1133 4693 1227 4762 pectus
1240 4680 1336 4739 inflas?
1350 4680 1487 4764 Capillum
1501 4701 1554 4741 non
1574 4692 1649 4760 potes

907 4775 951 4834 vel
970 4774 1064 4834 album
1080 4773 1124 4834 vel
1144 4773 1252 4853 nigrum
1270 4773 1366 4849 facere,
1386 4787 1412 4832 et
1429 4771 1505 4832 acsi
1524 4771 1650 4832 omnrlrus

908 4867 1062 4949 imperares,
1075 4880 1101 4926 et
1111 4866 1187 4946 quasi
1199 4866 1225 4924 in
1236 4886 1296 4924 aere
1305 4863 1424 4924 incedis?
1435 4865 1535 4923 Forsan
1546 4866 1650 4946 optares

893 5045 1033 5113 spernenda
1049 5045 1157 5098 videtur.
1171 5046 1333 5110 [Recepimus
1344 5062 1398 5095 eam
1418 5048 1442 5096 in
1455 5057 1566 5109 textum,
1580 5063 1650 5098 corn·

119 5131 131 5167 h
149 5126 244 5193 [savit.
257 5128 324 5193 conj.
336 5132 476 5197 ὑπερηφανία
493 5136 540 5179 τοῦ.
551 5125 632 5190 Supra
652 5123 681 5174 Α.
695 5133 761 5179 τοῦτο
780 5129 803 5176 δὲ
819 5132 845 5178 τδ
895 5124 1028 5190 probatam
1047 5123 1081 5173 ab
1099 5126 1127 5173 Α.
1141 5121 1282 5189 Legebauu
1296 5131 1395 5182 ἀσθενής.
1415 5124 1471 5174 Mox
1484 5124 1514 5178 A.
1527 5135 1553 5174 et
1569 5142 1649 5194 marg.

85 5216 119 5273 μὴ
132 5207 232 5271 εἰδέναι]
268 5260 270 5263 ,

119 5300 129 5322 0
146 5283 233 5337 Codex
251 5300 314 5335 uuus
333 5307 382 5338 τινα
399 5290 492 5343 artem,
504 5288 541 5335 καί
552 5285 627 5347 δειλὴ,
639 5297 695 5349 qua
704 5279 779 5334 lectio
792 5299 844 5335 non

894 5203 971 5259 Sav'tl.
985 5204 1080 5270 symes]
