3728 5978
544 517 578 566 in
605 517 714 567 nnrsr.
743 515 789 563 sn
814 514 898 564 non.
927 514 1045 564 nonin
1073 514 1147 567 xor.
1557 517 1627 596 719

58 641 259 724 παραπτώματι
273 647 290 715 η
306 641 425 721 σωτηρία
436 649 489 708 τοῖς
502 639 611 712 ίθνεσιν,
624 638 684 701 aar
695 641 726 700 τὸ
741 638 831 720 παρά-
882 637 1004 712 accessit,
1013 657 1100 716 neque
1111 636 1243 697 delictum
1251 657 1343 699 eorum
1352 637 1457 704 divitie
1470 653 1533 703 tunt
1547 662 1628 703 mun·

59 758 159 812 πτωμα
181 738 268 793 αὐτῶν
284 735 396 800 πλοῦτος
416 731 530 811 κόσμοι,
545 730 604 792 nott
618 731 751 793 διθτοῦτο
764 729 830 790 ἐσώ-
883 727 924 805 di,
940 747 1025 807 neque
1038 727 1099 787 ideo
1117 749 1165 790 nos
1179 730 1279 792 servati
1296 731 1486 811 sumus,q1iod
1501 731 1543 799 ilii
1559 733 1628 814 lapsi

58 831 142 902 θημεν
159 824 250 898 ἐπειδὴ
260 823 371 898 ,ίπεσον,
390 823 460 883 ἀλλά
472 822 632 883 τούναντίον.
647 821 701 883 Καί
714 821 831 882 δείκνυσι
847 840 866 890 c
884 820 936 880 sint
946 819 1107 897 ;sedcontra
1117 821 1629 908 omninotttqueostenditpraecipusm

58 915 261 997 προηγουμένην
276 915 323 974 καὶ
340 916 389 989 τὴν
410 919 447 982 τίς
462 913 496 974 τὸ
513 916 574 985 ἔθνη
593 913 727 994 πρόνοιαν,
740 916 765 973 τί
784 911 830 972 καλ
885 932 948 971 νοτε
960 932 1016 971 esse
1026 912 1102 972 illam
1116 934 1178 993 erga
1192 920 1282 994 gentes
1295 916 1511 997 providentiam,
1522 918 1629 979 etiamsi

59 1007 131 1064 δοκεῖ
149 1006 244 1087 ἑτέρως
259 1007 434 1086 σχηματίζειν
448 1006 482 1066 τὸ
495 1006 636 1088 εἷρημίνα·
657 1005 703 1065 καὶ
722 1003 782 1066 όλον
800 1005 832 1065 τὸ
884 1024 988 1082 eaquae
998 1003 1072 1063 dicta
1085 1019 1149 1065 sunt
1161 1004 1238 1065 aliud
1249 1006 1409 1068 adumbrate
1422 1008 1572 1090 significare
1587 1010 1630 1071 vi·

57 1097 157 1177 χωρίον
174 1100 207 1157 δι’
228 1099 382 1165 ἀντιθέσεως
403 1096 519 1177 ὑφαίνει,
542 1098 633 1157 ἑαυτὸν
654 1097 830 1157 ἀπαλλάττων
883 1093 1164 1174 deantur=totunque
1182 1095 1273 1155 locum
1286 1119 1335 1178 per
1353 1099 1530 1179 objectionem
1549 1101 1628 1172 texit,

58 1194 107 1260 τῆς
121 1187 191 1249 κατὰ
205 1190 253 1262 τὸν
265 1189 409 1269 ἀπέχθειαν
419 1189 557 1264 ὑπωρίας,
572 1191 618 1249 καί
638 1190 831 1270 εάπαράδεκτον
885 1205 942 1243 sese
953 1184 989 1243 ab
1002 1185 1151 1245 inimicitiae
1160 1186 1313 1268 suspicione
1325 1189 1454 1264 liberans,
1469 1204 1496 1252 et
1506 1205 1628 1273 accepta·

58 1283 143 1340 πυιῶν
155 1279 299 1360 τὸνλόγον.
314 1283 419 1347 Καλῶς.
427 1280 560 1361 ’En-,ime
569 1282 600 1341 τὸ
611 1282 762 1362 εἰρημένον·
774 1271 832 1339 ε’ίτα
884 1279 967 1339 bilem
982 1279 1095 1340 reddens
1106 1285 1323 1344 sermoneij.
1333 1283 1516 1360 Bene.de
1524 1284 1630 1347 dictum

58 1370 106 1431 καί
117 1371 192 1452 φοόεῖ
202 1372 283 1431 πάλιν
298 1371 398 1449 λόγων·
411 1375 454 1452 Τῇ
465 1372 576 1455 άπιοτίρ
587 1373 791 1444 ἐξεκλάσθησαν,
799 1370 831 1432 σθ
884 1385 923 1433 est
937 1372 1030 1432 laudat
1042 1397 1049 1431 τ
1061 1373 1159 1433 deinde
1173 1387 1252 1434 terret
1270 1375 1369 1453 denuo,
1382 1377 1491 1438 dicens:
1508 1381 1570 1440 Per
1581 1384 1628 1439 in·

60 1463 131 1541 δίτῇ
146 1462 234 1522 πίστει
248 1463 452 1544 ἐνεκεντρίσθης.
464 1464 532 1524 Ἰδοὺ
540 1465 620 1524 πάλιν
629 1462 734 1545 θέτερον
745 1466 831 1523 αὐτῶν
884 1465 1086 1525 credulitatem
1098 1467 1193 1547 fracti
1203 1479 1294 1540 sunt;
1307 1480 1338 1527 tu
1352 1489 1424 1528 vero
1427 1469 1491 1550 fide
1503 1474 1630 1531 insertm

59 1556 202 1635 ἐγκώμιον,
212 1555 257 1615 καί
268 1555 373 1614 ἐκείνων
387 1556 541 1636 κατηγορία.
556 1554 636 1617 Ἀλλά
648 1555 730 1615 πάλιν
744 1557 831 1615 αὐτῶν
883 1575 923 1614 es.
934 1554 1004 1615 Ecce
1014 1577 1109 1615 rursus
1122 1554 1197 1615 aliud
1211 1558 1353 1636 gentilium
1361 1560 1524 1634 encomium,
1540 1575 1567 1622 et
1580 1562 1630 1623 Ju-

59 1646 236 1707 καταστέλλει
255 1648 286 1707 τὸ
303 1647 432 1727 φύσημα,
457 1648 564 1726 ἐπάγων
586 1647 632 1708 καί
657 1646 754 1728 λόγοιν·
781 1646 830 1720 Μὴ
883 1645 1003 1706 daeorum
1019 1647 1163 1707 accusatio.
1178 1648 1232 1708 Sed
1245 1671 1338 1710 rursus
1349 1651 1460 1710 illoram
1470 1653 1569 1714 fictum
1582 1653 1630 1713 de·

59 1737 253 1819 θψηλοφρόνει,
266 1739 335 1799 ἀλλά
346 1740 436 1819 φοόοῦ.
451 1741 492 1799 Οὐ
502 1739 553 1820 γάρ
564 1738 666 1820 φάσεως
676 1739 707 1799 τὸ
718 1738 831 1820 πρᾶγμά
850 1759 868 1806 ς)
883 1737 1028 1817 primitae
1036 1739 1177 1819 subjungit
1184 1742 1265 1799 :Nou
1271 1743 1365 1801 atrum
1373 1747 1541 1824 sapere,sed
1551 1750 1629 1806 time.

59 1831 143 1902 ἐστιν,
154 1829 222 1889 ἀλλὰ
233 1830 346 1897 πίστεως
360 1832 405 1890 καὶ
416 1831 548 1899 ἀπιστίας.
565 1831 618 1891 Καὶ
630 1833 701 1891 δοκεῖ
715 1831 763 1910 μίν
776 1832 830 1891 πά·
882 1829 942 1888 Non
956 1827 1028 1888 enim
1042 1843 1146 1888 nature
1159 1832 1297 1910 negotium
1307 1846 1356 1908 est,
1370 1834 1417 1894 sed
1431 1834 1532 1896 fidei'et
1545 1836 1631 1911 inere·

58 1923 102 1978 λιν
119 1919 297 1999 ἐπιστομίζειν
311 1922 356 1980 τὸν
370 1920 397 1990 ἐξ
409 1924 500 1995 ἐθνῶν,
522 1921 682 1983 attenuat
700 1924 745 1983 τὸν
761 1922 831 1983 'iou-
883 1918 1016 1982 dulitetis.
1028 1919 1147 1983 Videtur
1158 1923 1271 2000 quidem
1285 1945 1378 1985 rursus
1390 1927 1525 1989 refrenare
1540 1929 1631 2009 genti·

60 2013 144 2084 ὃαῖον,
157 2011 198 2071 ότι
209 2013 288 2072 οὐδεῐ
303 2019 395 2093 τῇεῆς
406 2013 508 2094 φάσεως
521 2014 661 2096 συγγενείφ
674 2015 831 2097 προσέχειν·
883 2008 956 2089 lem3
975 2013 1022 2073 sed
1040 2012 1119 2073 docet
1133 2014 1271 2093 Judaeum,
1292 2036 1344 2076 non
1365 2016 1559 2080 attendendum
1575 2040 1632 2081 esse

60 2101 101 2160 διὸ
114 2102 160 2161 καί
169 2103 277 2183 ἐπάγει,
290 2107 337 2177 Μὴ
356 2105 541 2187 θμηλοφρόνει.
556 2106 610 2166 Καί
623 2107 671 2165 οὐκ
690 2096 764 2178 εἷπε,
780 2128 832 2164 τα·
884 2103 1001 2163 naturali
1021 2106 1194 2184 cognationi:
1210 2122 1373 2189 quapropter
1388 2109 1545 2192 subjungit:
1560 2114 1634 2173 Noli

58 2201 171 2270 πεινοῦ,
185 2196 270 2270 ἀλλά,
285 2197 390 2257 Φοόοῦ·
405 2203 423 2271 ἡ
438 2198 491 2280 γάρ
507 2199 619 2257 ἀπόνοια
638 2196 832 2278 καταφρόνησιν
884 2198 980 2257 cltum
990 2219 1101 2278 sapere.
1113 2202 1172 2260 Non
1186 2201 1268 2274 dixit,
1280 2201 1401 2261 Humilis
1414 2216 1470 2263 esto
1484 2226 1492 2262 τ
1506 2205 1566 2281 sed,
1585 2209 1633 2267 Ti·

64 2291 170 2366 ἐμποιεῖ
184 2290 229 2349 καί
240 2288 380 2371 ῥᾳθυμίαν.
394 2282 464 2350 Eira
478 2289 582 2369 μέλλων
594 2292 767 2372 ἐκτραγῳὸεῖν
788 2293 834 2350 αθ·
885 2309 949 2348 rne:
959 2309 1022 2348 natu
1029 2291 1182 2372 arrogantia
1194 2305 1358 2352 contemtum
1369 2294 1439 2374 parit
1448 2308 1474 2354 et
1483 2295 1631 2376 ignaviam.
1719 2301 1721 2304 ⁴

63 2384 118 2439 τῶν
127 2381 176 2453 τὸν
187 2379 333 2463 συμφορὰν,
347 2381 415 2442 ὥστε
427 2382 651 2463 ἀνεπαχθέστερον
666 2387 777 2455 ποιῆσαι
789 2385 835 2444 τὸν
886 2378 990 2439 Deinde
1001 2380 1112 2441 illorum
1126 2383 1307 2444 calamitatem
1321 2385 1633 2470 tragicedeseriptunrs,

63 2471 153 2549 λόγον,
168 2476 195 2532 ἐν
208 2473 280 2542 τάξει
299 2478 348 2545 τῆς
369 2473 435 2554 πρὸς
456 2476 553 2534 ἐκεῖνον
572 2473 750 2553 ἐπιτιμήσεως
773 2477 835 2537 αὐτὸ
885 2485 916 2532 ut
930 2473 1098 2533 tolerabilius
1107 2476 1292 2556 loquatur,ac
1300 2479 1324 2538 si
1334 2481 1461 2560 gentilem
1475 2482 1635 2565 increparet,

63 2564 169 2635 τίθησιν
182 2565 250 2625 οθτω
259 2566 360 2646 λέγων·
375 2569 409 2628 Εἰ
424 2566 475 2647 γάρ
490 2572 504 2627 ὁ
517 2567 585 2635 Θεὸς
602 2571 655 2626 τῶν
670 2567 739 2627 κατὰ
757 2567 835 2647 φύσιν
885 2563 937 2623 hoe
950 2578 1029 2645 pacto
1041 2567 1173 2646 loquitur.
1190 2571 1240 2628 at.
1251 2570 1283 2630 Si
1294 2575 1371 2630 enirn
1385 2574 1468 2633 Deris
1483 2577 1636 2635 naturali·

64 2656 168 2715 κλάδων
181 2661 228 2717 οὐκ
240 2658 378 2738 ἐφείσατο·
393 2658 439 2718 καλ
457 2662 506 2719 οὐκ
517 2648 600 2732 εἶπεν,
612 2658 671 2717 οὐδθ
686 2662 732 2717 σοῦ
747 2657 835 2739 φείσε-
886 2660 939 2716 bus
953 2662 1048 2718 ramis
1070 2679 1131 2718 non
1151 2666 1281 2740 pepercit
1288 2687 1300 2733 ,·
1313 2683 1362 2723 nec
1378 2664 1497 2745 addidit,
1512 2668 1569 2727 Nec
1582 2667 1635 2728 triti

63 2770 127 2821 ται,
141 2749 226 2822 ἀλλὰ,
238 2749 284 2822 Μή
298 2772 355 2816 πως
366 2749 424 2810 nott
435 2756 481 2810 σοῦ
495 2749 633 2830 φείσηται·
652 2748 833 2827 θπυτεμνόμε·
850 2765 870 2814 Ε
885 2761 994 2829 parcet:
1010 2749 1067 2826 scd,
1079 2753 1218 2834 Nesorte
1235 2773 1287 2812 nec
1307 2758 1361 2814 oti
1372 2769 1497 2836 parcat:
1514 2758 1636 2820 breviter

64 2864 108 2906 νος
121 2847 167 2900 τοῦ
180 2841 258 2921 λόγου
276 2842 305 2902 τὸ
325 2842 456 2924 φορτικὸν,
471 2843 516 2902 καί
533 2845 615 2903 ποιῶν
635 2840 774 2920 ἐναγώνιον
789 2842 834 2902 τὸν
885 2840 1065 2900 transvertam
1077 2839 1107 2899 id
1116 2841 1342 2920 quodonerosnm
1353 2859 1451 2922 eratet
1464 2846 1573 2908 fidelem
1587 2855 1634 2909 at-'

62 2935 157 2994 πιστὸν
171 2924 252 3009 εἶναι,
262 2934 397 3002 κάκείνους
411 2935 599 3016 ἐφελκόμενος,
614 2933 660 2993 καί
672 2932 777 3003 τούτους
788 2957 836 2994 κα·
884 2943 988 2989 tentum
1001 2930 1202 3011 sollicitumque
1215 2934 1343 3011 reddeus3
1361 2936 1471 2998 Judaeos
1484 2940 1632 3020 attrahens,

58 3024 223 3085 ’ταστέλλωκ
235 3025 290 3086 'tte
300 3018 343 3086 οόν
356 3025 526 3106 χρηστότητα
537 3025 583 3085 καί
596 3025 744 3105 ἀποτομίαν
754 3028 833 3086 Θεοῦ.
884 3035 911 3081 et
927 3021 1039 3101 gentiles
1050 3024 1206 3104 reprimens.
1221 3029 1271 3085 λθ.
1289 3029 1363 3087 Vide
1385 3049 1453 3109 ergo
1473 3033 1634 3092 bonitatem

63 3114 130 3174 Ἐπί
140 3114 188 3194 Ιυέν
197 3115 257 3185 τεὸς
266 3116 413 3190 πεσόντας,
429 3116 593 3195 ἀποτομίαν·
605 3117 651 3176 ἐπὶ
666 3118 693 3178 δί
708 3116 755 3193 πὸ,
766 3141 834 3198 χρη-
884 3123 914 3170 et
926 3117 1111 3173 severitatem
1123 3117 1182 3175 Dei
1194 3139 1204 3172 .·
1216 3120 1249 3174 t'n
1258 3137 1307 3177 eos
1323 3120 1452 3199 quidem,
1462 3125 1515 3201 qui
1524 3122 1633 3182 cecide·

63 3208 194 3282 οτότητα,
209 3207 253 3269 ἐὸν
265 3208 401 3287 ἐπιμείνης
412 3213 447 3288 τῇ
460 3206 638 3290 χρηστότητι,
658 3208 716 3268 treet
736 3208 781 3268 καί
801 3206 833 3270 σθ
885 3215 965 3275 runt,
986 3207 1194 3277 severitatem
1217 3210 1249 3266 in
1272 3220 1301 3268 te
1309 3223 1409 3269 autem
1422 3213 1593 3290 bonitatem,
1608 3219 1634 3275 si

65 3300 212 3381 ἐκκοπήσῃ.
225 3299 279 3361 Καί
289 3307 336 3360 οὐκ
350 3290 432 3374 εἶπεν,
446 3299 486 3359 tae
496 3292 540 3361 οὖν
553 3302 712 3380 κατόρθωμα
726 3300 780 3372 σὸν,
795 3301 834 3360 ίδι
885 3299 1028 3355 manseris
1042 3300 1075 3355 in
1085 3300 1217 3358 bonitate
1229 3322 1238 3356 .·
1251 3300 1387 3381 alioquin
1396 3315 1425 3361 et
1439 3315 1471 3363 tet
1480 3307 1632 3369 excideris.

64 3383 109 3452 οὖν
128 3392 219 3460 πόνους
238 3391 313 3468 σοὺς,
336 3391 405 3452 άλλὸι
419 3395 490 3452 Θεοῦ
509 3390 717 3472 φιλανθρωπίαν,
735 3391 834 3460 δεικνὺς
885 3387 946 3445 Non
963 3384 1055 3445 dixitt
1071 3387 1145 3449 Vide
1156 3388 1240 3468 igitur
1251 3391 1355 3451 bonum
1374 3412 1443 3473 opus
1463 3407 1552 3473 tuum,
1567 3394 1634 3458 vide

62 3483 208 3544 ότιτὸπᾶν
220 3488 268 3556 τῆς
278 3484 386 3566 χάριτος
397 3489 444 3556 τῆς
457 3484 556 3542 ἄνωθεν
570 3483 660 3562 γέγονε
668 3482 734 3557 ,καί
746 3508 834 3563 παρα·
884 3475 990 3535 latim&
1011 3489 1091 3553 111085
1117 3478 1174 3553 sed,
1190 3480 1240 3538 Dei
1261 3481 1468 3562 benignitatem,
1491 3486 1632 3549 ostendens

64 3575 198 3643 σκευάζων
211 3577 326 3658 τρέμειν.
346 3575 381 3635 Ἡ
394 3577 446 3657 γὸρ
459 3574 580 3641 ὑπόθεσις
592 3578 641 3646 τῆς
659 3574 833 3656 καυχήσεως,
886 3578 971 3627 totum
986 3589 1021 3628 ex
1036 3589 1151 3649 superna
1164 3571 1251 3650 gratia
1265 3573 1367 3633 iactum
1380 3596 1447 3653 esse,
1462 3575 1498 3637 ad
1511 3591 1633 3640 tranen.

63 3667 132 3741 αὕτη
154 3692 184 3727 σε
201 3677 272 3727 ποιεῖ
291 3667 443 3727 δεδοικέναι,
464 3666 543 3726 Ἐπεί
563 3666 616 3746 γὰρ)
633 3668 749 3748 χρηστὸς
773 3656 952 3752 mpimdum
981 3658 1120 3721 indimid-
1145 3662 1191 3724 Ob
1209 3665 1346 3744 jiciflniiae
1370 3666 1441 3726 enim
1466 3671 1632 3732 occidionem
1700 3660 1704 3671 ·

62 3759 93 3820 σὲ
107 3760 211 3838 γέγονεν
222 3763 236 3818 ὁ
249 3760 399 3832 Δεσπότης,
412 3758 456 3817 διὸ
467 3763 545 3818 τοῦτο
557 3759 653 3837 φοόοῦ·
667 3760 698 3816 od
708 3756 761 3838 γάρ
775 3758 834 3818 ιἰκί-
851 3769 872 3816 Α
887 3751 981 3811 timere
992 3752 1083 3812 debes.
1094 3754 1167 3825 Quia
1178 3756 1249 3814 enim
1260 3755 1394 3837 benignus
1406 3780 1469 3838 erga
1480 3774 1508 3821 te
1519 3763 1632 3824 iuitDo·

61 3850 131 3923 οητά
150 3874 191 3910 σοι
209 3851 282 3929 μέρος
300 3850 334 3911 τὰ
349 3849 452 3927 ἀγαθὰ,
471 3848 517 3909 ἐὰν
531 3853 663 3928 ῥᾳθυμῇς·
682 3847 774 3930 ὥσπερ
789 3841 833 3909 οὗν
887 3843 1150 3919 minus,ideotime:
1164 3849 1333 3925 nequeenim
1344 3848 1494 3911 immobilia
1506 3853 1556 3912 tibi
1569 3870 1634 3917 sunt

61 3941 122 4002 οὐδὲ
135 3943 242 4010 ἐκείνοις
264 3941 298 4003 τὸ
314 3942 400 4016 κακά,
415 3942 460 4002 ἐὸν
476 3940 688 4020 μεταόάλωνται.
708 3942 762 4013 Καὶ
781 3942 834 4024 γάρ
886 3934 956 3994 bona
967 3934 1030 4009 illa,
1045 3935 1068 3995 si
1082 3936 1181 4017 ignave
1193 3951 1220 3997 te
1228 3957 1322 4016 μεττερ
1333 3953 1362 3998 ut
1377 3961 1426 4000 nec
1439 3942 1495 4002 iltis
1507 3944 1578 4004 mala
1586 3991 1596 4024 ,
1609 3946 1634 4006 si

62 4034 111 4110 σὺ,
124 4036 213 4117 φησὶν,
227 4035 273 4094 ἐὰν
289 4034 326 4113 μὴ
341 4035 479 4114 {mpetum
500 4036 533 4111 τῇ
554 4031 660 4106 πίστει,
683 4032 833 4112 ἐκκοπήσῃ·
885 4026 982 4084 mutati
991 4027 1100 4086 suerint.
1114 4028 1184 4086 Nam
1197 4042 1224 4088 et
1238 4043 1277 4103 tu,
1292 4029 1392 4109 inquit,
1403 4033 1455 4092 nisi
1465 4037 1633 4099 mansoain

61 4126 117 4186 Καὶ
141 4131 235 4188 ἐκεῖνοι
253 4126 294 4201 δὲ,
310 4126 355 4204 ἐὸν
373 4124 410 4203 μὴ
426 4127 580 4202 ἀπιμείνωσι
593 4127 627 4203 τῇ
642 4123 754 4204 ἀπιστίᾳ
762 4170 771 4198 ,
790 4128 832 4204 ἐγ·
885 4120 950 4196 fide,
964 4121 1106 4181 excideris.
1119 4125 1169 4182 23.
1182 4123 1235 4182 Ιίίί
1246 4137 1343 4184 aretem
1358 4130 1386 4185 si
1399 4147 1459 4186 non
1469 4136 1634 4193 manserint

60 4219 304 4299 κεντρισθήσονται.
326 4221 367 4279 Οὐ
389 4217 440 4298 γὰρ
460 4221 474 4275 ὁ
491 4215 560 4282 Θεὸς
582 4213 676 4284 αὐτοὸς
701 4215 832 4297 ίὶἐκοψιν,
886 4217 918 4271 in
934 4214 1151 4290 incredulitate,
1172 4219 1347 4278 inserentur.
1361 4220 1456 4298 Neque
1473 4221 1545 4281 enim
1559 4225 1633 4285 Deus

59 4313 121 4372 ἀλλ’
143 4311 218 4372 αὐτοὶ
240 4311 444 4384 ἐξεκλάσθησαν,
463 4307 525 4368 ’καί
546 4306 649 4368 ἔπεσον.
672 4307 726 4368 Καὶ
744 4312 833 4376 καλῶς
885 4303 946 4364 iilos
959 4304 1073 4382 excidit,
1090 4305 1136 4365 sed
1149 4306 1201 4388 ipsi
1215 4307 1368 4368 sanctisunt
1382 4324 1409 4371 et
1421 4312 1633 4378 oecideruntrte

60 4394 145 4476 εἶπεν,
165 4403 395 4476 Ἐξεκλάσθησαν·
414 4399 537 4461 οὐδέποτε
557 4399 610 4480 γάρ
633 4398 715 4468 οὕτως
741 4399 832 4468 αθταὸς
885 4396 953 4456 benc
966 4395 1050 4474 dixit,
1060 4399 1166 4457 Fraett'
1174 4411 1243 4458 sunt
1256 4420 1265 4455 .·
1278 4419 1426 4480 numquam
1436 4403 1508 4463 enim
1521 4405 1559 4466 ita
1570 4407 1632 4468 illos

60 4493 185 4569 ἐξίόαλτ,
200 4495 286 4555 καίτοι
300 4494 387 4554 πολλά
400 4492 528 4561 πολλάκις
543 4492 740 4574 ἡμαρτηκότας.
755 4483 832 4561 Ε’ίδες
884 4487 974 4568 θίθθίῇ
987 4488 1035 4548 etsi
1055 4510 1126 4570 saepc
1146 4501 1172 4548 et
1190 4489 1309 4551 multum
1327 4496 1507 4574 peccaverint.
1530 4498 1630 4562 Viden’

59 4585 123 4644 ὅσοι
136 4589 184 4656 τῆς
194 4586 371 4667 προαιρέσεως
389 4585 419 4644 τὸ
438 4590 530 4663 κῦρος,
544 4583 616 4655 πόα-η
629 4588 678 4656 τῆς
690 4583 799 4665 γνώμης
813 4589 830 4657 ἡ
884 4593 983 4660 quanta
994 4580 1030 4640 sit
1042 4580 1122 4640 liberi
1136 4581 1240 4641 arbitrii
1250 4584 1500 4659 facultastQuann
1511 4592 1596 4651 animi
1604 4606 1631 4652 et

58 4675 165 4744 ἐξουσία
170 4701 179 4750 3
189 4678 274 4739 Οὐδὲν
286 4678 338 4757 γάρ
351 4676 450 4738 τούτων
464 4674 598 4747 ἀκίνητον,
612 4675 671 4735 οὔτε
680 4674 711 4736 τὸ
724 4675 769 4736 σὸν
783 4700 831 4737 κα·
850 4681 868 4730 Β
885 4673 1033 4735 voluntatis
1046 4673 1187 4755 potentia?
1200 4675 1277 4736 Nihil
1292 4677 1364 4738 enim
1378 4678 1477 4741 horum
1490 4681 1631 4743 immobile

57 4770 115 4843 λὸν,
130 4768 189 4827 οὔτε
208 4770 239 4828 τὸ
254 4769 354 4828 ἐκείνου
372 4766 463 4827 κακόν.
487 4756 563 4833 Eiet<
587 4769 644 4834 πῶς
665 4766 712 4826 καί
735 4770 832 4828 ἐκεῖνον
884 4779 934 4838 est,
960 4786 1008 4825 nec
1027 4765 1127 4825 bonum
1149 4779 1226 4826 tuum
1241 4787 1288 4828 nec
1308 4769 1384 4829 illius
1404 4771 1516 4832 maium.
1530 4772 1629 4836 Viden’

57 4859 277 4938 ἀπογινώσκοντα
293 4858 435 4931 ἀνέστησε,
457 4857 502 4915 καί
516 4862 607 4920 τοῦτον
621 4860 767 4937 θαρροῦντα
779 4881 830 4917 κα·
884 4855 1020 4936 quomodo
1031 4870 1057 4917 et
1074 4857 1155 4917 ilium
1170 4857 1355 4939 desperantem
1373 4863 1502 4943 erexerit,
1519 4877 1546 4924 et
1557 4865 1630 4926 hunc

57 4953 189 5026 πέστειλε,
200 4952 278 5024 Mire
288 4951 340 5032 γὸρ
350 4950 381 5009 σθ
394 4948 542 5026 ἀποτομίαν
557 4948 669 5024 ἀκούων,
684 4948 830 5028 ἀπαγορεό·
887 4946 1013 5008 fidentem
1033 4948 1212 5028 represserit?
1228 4951 1320 5028 Neque
1336 4971 1399 5032 ergo
1415 4966 1446 5013 tu
1462 4955 1631 5018 severitatem

91 5169 109 5227 lt
125 5159 192 5212 Editi
211 5170 288 5229 ἕτερον
308 5168 426 5227 ίγκείμισν,
445 5157 538 5210 omisso
557 5165 638 5220 αὐτῶν,
651 5175 705 5227 qua
722 5176 771 5213 Vox
789 5162 815 5212 in
905 5155 1013 5209 'Codex
1027 5174 1089 5209 unus
1102 5157 1156 5222 [R]
1168 5163 1347 5212 καίκπτίπεοσν.

57 5245 118 5295 Mss.
130 5241 294 5293 interseritur.
308 5239 394 5306 [Abest
405 5236 437 5289 ab
447 5238 488 5302 λ]
