3728 5978
546 515 580 564 tn
606 514 713 564 nrisr.
744 513 789 562 no
815 509 898 561 nou.
927 514 1046 563 nomn.
1074 512 1174 563 xum.
1569 487 1636 585 703

65 644 101 707 σθ
116 645 238 720 ἐκλήθης,
255 647 285 706 τό
298 645 368 713 ἔθνος
384 644 499 719 ἐκλήθης
516 645 665 726 ἐπήγαγεν,
681 647 740 706 Οθκ
761 642 835 705 ἀπώ·
888 637 1639 723 tovocatusiuisti,populumdicisfuissevocatumhub-

65 765 134 802 σατο
155 741 272 800 τὸνλαόν
295 743 392 809 αὑτοῦ,
415 738 442 798 όν
463 737 594 817 προέγνω.
610 737 725 797 ’Ὦσανελ
739 736 837 814 ἔλεγεν,
889 733 1161 815 diditeNonrepulit
1167 734 1306 815 populum
1314 752 1496 814 suum,quem
1503 744 1574 792 aute
1586 751 1639 799 coe

64 832 123 913 ἐγω
133 836 191 912 μετ’
202 835 266 910 ἐμοῦ
281 830 451 913 τρισχιλίους,
464 828 519 910 ίχω
532 829 769 912 πεντακωριλίους,
783 827 837 908 ἔχω
887 832 1079 907 guentanae
1085 826 1107 887 si
1113 821 1639 902 diceret,tdecumhabcotermille,quin·

65 923 185 1003 μυρίους.
194 926 219 982 'l'
223 923 231 980 i
245 913 304 997 ούν;
317 922 405 989 όλαὸς
418 925 454 989 τίς
466 919 627 1001 τρισχιλίους
635 920 680 979 καί
690 942 836 979 πεντακισ-
889 918 967 996 quies
975 918 1061 996 mille,
1071 932 1096 977 et
1102 917 1192 981 decies
1200 916 1286 975 mille.
1296 914 1371 989 Quid
1377 913 1541 995 ergoianitt
1549 915 1638 976 tribus

63 1015 169 1094 χιλίους
178 1015 223 1074 καί
235 1014 343 1096 μυρίους
354 1014 478 1095 περιέστη
494 1015 525 1074 τὸ
538 1013 645 1094 σπέρμα
656 1015 741 1072 ἐκεῖνο
756 1013 787 1072 τὸ
797 1037 838 1091 μι·
852 1022 871 1071 C
890 1009 1020 1081 millibus,
1030 1009 1173 1088 quinquies
1179 1008 1310 1083 millibus,
1318 1006 1406 1067 decies
1413 1006 1546 1082 millibus,
1552 1005 1639 1067 consi·

65 1106 197 1184 μούμενον
214 1106 248 1166 τόν
260 1107 346 1190 ἄστρα
364 1112 409 1164 τοῦ
429 1110 539 1187 ούρανοῦ
550 1111 588 1187 τῷ
605 1106 720 1179 πλήθει,
729 1106 775 1164 καί
787 1104 836 1178 τήν
889 1116 940 1162 stet
953 1123 1042 1162 semen
1054 1101 1134 1174 illud,
1144 1100 1218 1182 quod
1227 1100 1320 1161 stellas
1332 1101 1390 1160 caeli
1403 1114 1545 1160 etarenam
1554 1098 1639 1160 maris

64 1199 157 1276 ἄμμον
169 1198 217 1272 τήν
231 1197 390 1270 θαλαττίους
404 1197 449 1257 καὶ
470 1196 552 1264 οὕτως
571 1205 643 1276 ἡμᾶς
664 1202 769 1278 ἀπατῷς
792 1197 838 1259 καί
889 1215 1001 1255 nomem
1008 1195 1187 1274 aeqtrabat?et
1195 1195 1234 1254 sic
1245 1215 1292 1254 nos
1300 1193 1404 1275 decipis
1412 1192 1636 1268 etcireumvenis‚

61 1289 230 1370 παραλογίζῃ
240 1336 247 1360 ‚
259 1290 304 1349 τόν
317 1290 379 1349 λαὸν
393 1288 498 1348 ἅπαντα
511 1290 607 1350 σαυτὸν
617 1288 707 1361 τιθεὶς,
721 1289 767 1348 καί
778 1288 838 1355 τοθς
889 1309 951 1348 cum
971 1290 1085 1370 teipsum
1099 1304 1124 1350 et
1139 1311 1248 1371 pauoos,
1262 1289 1308 1369 qui
1322 1303 1412 1348 tecum
1427 1301 1501 1365 sunt,
1516 1307 1567 1369 pro
1581 1300 1638 1347 toto

64 1381 169 1459 ὀλίγους
188 1381 247 1447 τοθς
266 1381 334 1459 μετὰ
355 1385 401 1441 σοῦ
411 1404 419 1452 ;
431 1380 477 1439 καί
492 1390 580 1449 κεναῖς
600 1385 672 1460 ἡμᾶς
684 1379 838 1460 ’ἐφύσησας
888 1381 990 1461 populo
1001 1382 1094 1462 ponis3
1109 1396 1135 1442 et
1151 1403 1221 1441 vana
1235 1401 1283 1440 nos
1296 1379 1397 1440 inflasti
1406 1400 1466 1461 spe,
1478 1378 1638 1460 promissio·

64 1472 157 1532 ἐλπίσι
170 1471 217 1544 τήν
233 1471 392 1551 ἐπαγγελίαν
405 1476 597 1555 πεπληρῶσθαι
614 1473 715 1554 λέγων,
730 1472 837 1531 πόντων
889 1492 950 1530 nem
960 1472 1099 1553 impletam
1112 1494 1168 1534 esne
1178 1473 1283 1550 dicens,
1293 1493 1356 1533 cum
1366 1492 1459 1532 omnes
1469 1491 1538 1553 pene
1547 1470 1636 1552 perie-

65 1563 266 1643 ἀπολλυμένων,
278 1565 323 1624 καί
334 1568 370 1631 εἷς
384 1564 486 1644 ὀλίγους
501 1570 549 1637 τῆς
566 1562 697 1644 σωτηρίας
707 1565 837 1645 περιστό·
890 1565 944 1623 rint
959 1577 986 1623 et
1000 1563 1036 1624 ad
1050 1585 1149 1646 paucos
1163 1566 1236 1626 salus
1248 1564 1418 1647 pervenerit?
1433 1564 1497 1623 Haec
1505 1562 1635 1645 jactantia

65 1679 133 1728 σης;
144 1656 253 1734 Κόμπος
266 1665 349 1716 ταῦτα
362 1657 407 1715 καί
421 1664 513 1738 τῦφος,
532 1656 576 1715 καὶ
594 1658 642 1715 ούκ
656 1657 837 1737 ἀναοχοίμεθα
889 1668 915 1713 et
928 1656 1012 1716 fastus
1023 1670 1105 1715 sunt:
1121 1678 1207 1736 noque
1220 1656 1277 1716 hec
1288 1656 1453 1738 sophismata
1462 1656 1532 1714 serre
1542 1676 1637 1736 possu-

64 1751 121 1805 τῶν
133 1748 304 1826 σοφισμάτων
316 1747 425 1807 τούτων.
441 1748 488 1807 'iv’
503 1738 547 1807 ούν
563 1747 600 1827 μή
613 1755 697 1809 ταῦτα
710 1749 835 1826 λέγωσιν,
889 1769 959 1807 mus.
975 1749 1016 1808 Ne
1035 1748 1126 1827 itaque
1143 1749 1191 1808 itta
1211 1748 1340 1825 dicerent,
1354 1748 1419 1808 vide
1432 1747 1568 1828 quomodo
1587 1769 1636 1828 per

62 1835 116 1916 όρα
129 1840 185 1904 πῶς
196 1837 239 1898 διδ
252 1843 305 1898 τῶν
319 1839 378 1912 ἑξῆς
388 1838 437 1912 τήν
451 1839 526 1900 λύσιν
541 1840 651 1920 ἐπύγει,
662 1840 711 1914 τήν
727 1839 775 1919 μέν
788 1843 836 1899 ἀν·
888 1839 1024 1919 sequentia
1037 1840 1198 1900 solutionem
1211 1840 1321 1919 afferat,
1336 1840 1513 1921 objectionem
1525 1838 1636 1918 quidem

62 1930 163 1991 τίθεσιν
173 1932 202 1989 οὗ
216 1931 277 2005 θείς,
287 1932 340 2012 πρό
348 1932 376 1992 δέ
385 1937 433 2004 τῆς
441 1933 596 2001 ἀντιθέσεως
607 1934 656 2005 τήν
670 1933 745 1994 λύσιν
756 1936 836 2004 αὐτῆς
889 1953 942 1991 non
960 1953 1072 2014 ponens,
1091 1931 1152 2010 sed,
1169 1933 1340 2009 antediem,
1355 1932 1516 1992 solutionem
1530 1932 1589 2014 ejus
1601 1953 1637 1993 ex

64 2023 121 2082 ἀπδ
130 2025 245 2090 παλαιᾶς
259 2022 375 2103 ἱστορίας
388 2025 602 2093 κατασκευάζων.
613 2024 671 2102 ΙΤίς
691 2015 735 2084 odo
759 2025 777 2096 ἡ
792 2024 837 2084 tc
850 2030 870 2076 Ι)
891 2027 973 2086 veteri
985 2025 1100 2086 historia
1114 2025 1264 2086 adstruens.
1272 2029 1404 2101 Quanam
1415 2039 1454 2085 est
1465 2026 1550 2106 igitur
1562 2026 1637 2085 solu-

64 2117 191 2187 σιςςΟὐκ
206 2115 293 2175 οἴδατε
308 2118 335 2174 ἐν
350 2115 439 2196 Ἠλίᾳ,
454 2116 528 2197 φησί,
541 2116 568 2174 τί
590 2114 661 2194 λέγει
683 2121 700 2190 ή
723 2115 836 2197 Γραφή;
888 2116 1015 2176 tio?An
1037 2121 1154 2177 nescitis
1168 2123 1200 2176 in
1213 2120 1285 2177 Elia
1297 2119 1369 2197 quid
1378 2120 1451 2176 dicit
1462 2117 1637 2206 Scriptura-t

63 2208 102 2273 ώς
117 2205 268 2286 ἐντυγγόνει
277 2210 315 2286 τῷ
326 2210 390 2290 Θεῷ
401 2208 470 2268 κατὰ
478 2213 523 2267 τοῦ
534 2207 661 2287 ’ίσραήλς
675 2206 766 2287 Κύριε,
778 2207 837 2277 τοθς
889 2209 1034 2288 quomodo
1055 2209 1220 2288 interpellet
1239 2211 1336 2267 Deum
1354 2210 1505 2269 adversus·
1517 2209 1635 2269 Israel?

62 2299 203 2379 προφήτας
218 2321 263 2359 σω
279 2298 448 2373 ἀπέκτειναν,
460 2298 494 2358 τό
508 2298 681 2377 θυσιαστήμά
696 2322 743 2359 σου
756 2299 837 2359 κατί·
888 2303 916 2360 5.
927 2301 1065 2371 Domine,
1077 2301 1235 2379 propbetas
1249 2300 1506 2372 tuos-occiderunt,
1522 2301 1636 2358 altaria

64 2393 190 2470 σκαψαν·
206 2392 279 2469 κάγὼ
292 2389 449 2469 ὑπελείφθην
471 2391 565 2469 μόνος,
590 2390 636 2451 καί
657 2395 763 2466 ζητοῦσι
787 2391 835 2464 τήν
889 2405 942 2452 tua
956 2392 1168 2474 suffoderunt:
1181 2403 1210 2451 et
1223 2413 1276 2473 ego
1289 2391 1408 2453 relictus
1421 2413 1486 2452 sum
1499 2393 1590 2471 solus,
1605 2405 1634 2453 et
1643 2408 1666 2456 ³.
1676 2407 1785 2484 σεεμς.

63 2482 155 2563 ψαρήν
170 2506 227 2561 μου.
239 2482 318 2541 ’Ant
332 2481 358 2541 τί
370 2482 441 2561 λέγει
456 2485 527 2563 αύτῷ
537 2487 551 2542 ό
563 2483 835 2564 χρηματισμόςγίία·
891 2496 1028 2564 querunt
1039 2486 1172 2542 animam
1186 2504 1292 2542 meam.
1309 2485 1339 2544 ό.
1355 2484 1413 2544 Sed
1422 2486 1502 2565 quid
1513 2484 1586 2545 dicit
1606 2486 1635 2544 ei
1646 2484 1682 2519 ¹⁰·

63 2572 172 2634 πέλιπον
191 2576 298 2654 ἐμαυτῷ
316 2574 530 2655 ἑπτακισχιλίους
549 2575 661 2657 ἄνδρας,
679 2574 773 2645 οἵτινες
787 2579 836 2637 οὐκ
887 2575 1020 2633 divinum
1031 2581 1223 2654 respomum?
1233 2575 1351 2656 Reliqui
1363 2576 1438 2635 mitt
1447 2588 1555 2657 septem
1568 2579 1635 2638 mil·

64 2667 190 2746 ἔκαμψαν
203 2665 264 2746 γόνυ
278 2671 311 2746 τῇ
326 2666 412 2725 Βάαλ.
434 2665 528 2736 Οὕτως
546 2658 590 2755 σύμ
610 2668 656 2728 καί
678 2671 704 2729 ἐν
729 2673 768 2749 τῷ
791 2675 836 2730 νῦν
888 2667 941 2738 lia,
951 2669 1072 2747 quinon
1082 2679 1279 2725 curvaverunt
1290 2686 1367 2746 genu
1379 2668 1635 2745 amelinam-iio
1658 2670 1662 2680 '

64 2762 150 2839 καιρῷ
169 2762 270 2835 λεῖμμα
289 2762 349 2818 κατ’
369 2759 479 2840 ἐκλογήν
496 2761 605 2841 χάριτος
624 2761 737 2841 γέγονεν.
751 2760 790 2822 Ὃ
807 2762 835 2822 δέ
888 2763 979 2840 igitur
997 2772 1025 2819 et
1043 2763 1076 2818 in
1097 2761 1152 2818 hoc
1172 2772 1300 2840 tempore
1320 2761 1454 2840 reliquie
1475 2763 1635 2823 secundum

63 2849 137 2928 λέγει
145 2895 153 2924 ,
168 2849 285 2909 τοιοῦτόν
299 2853 386 2910 ἐστιν·
400 2854 447 2911 ούκ
459 2850 587 2911 ἀπώσατο
600 2857 614 2912 δ
625 2852 694 2921 Θεθς
703 2855 748 2914 τὸν
758 2853 835 2914 λαόν·
851 2876 871 2925 p,
888 2852 1059 2911 electionem
1071 2855 1176 2931 gratim
1180 2853 1319 2934 suerum.
1335 2854 1373 2910 Ac
1392 2851 1416 2910 si
1432 2851 1534 2912 diceret
1549 2876 1556 2911 ε
1573 2856 1634 2916 Non

10 2932 12 3015 ζ
64 2944 89 2999 εἰ
108 2939 159 3020 γὰρ
174 2938 317 3015 ἀπώσατο,
331 2941 424 3002 οὐδένα
447 2942 479 3002 ἂν
500 2941 605 3012 ἐδέξατο
618 2968 624 2981 ·
637 2947 660 3004 εί
678 2944 706 3005 tt
730 2945 837 3014 ἐδέξατο
888 2943 989 3024 repulit
1002 2945 1078 3002 Deus
1088 2943 1240 3025 populum:
1256 2943 1280 3002 si
1294 2943 1366 3003 enim
1379 2944 1535 3026 repulisset,
1551 2947 1635 3007 nemi-

10 3022 12 3031 *
63 3056 151 3106 τινας,
166 3036 213 3091 οθκ
226 3032 362 3094 ἀπώσατο.
381 3034 435 3094 Καί
451 3034 520 3112 μήν,
534 3035 629 3116 φησίν,
645 3039 669 3095 εί
694 3036 732 3115 μή
756 3037 835 3096 ἀπώ-
888 3057 949 3095 nem
970 3036 1147 3118 suscepissct3
1161 3036 1184 3095 si
1201 3057 1267 3097 vcro
1281 3035 1412 3116 quosdam
1432 3036 1560 3114 suscepit,
1580 3058 1634 3099 non

10 3193 12 3201 y
63 3148 148 3201 σατο,
170 3125 272 3192 πάντας
293 3127 325 3186 ἂν
345 3126 459 3195 ἐδέξατο.
483 3129 625 3206 Οὐδαμῶς.
647 3127 700 3189 Καί
719 3129 772 3213 γὰρ
791 3129 836 3190 ἐπί
887 3128 995 3209 repulit.
1007 3132 1100 3206 Atqui,
1114 3128 1230 3208 inquies,
1241 3129 1293 3187 nisi
1308 3129 1464 3210 repulisset,
1474 3150 1566 3191 omnes
1575 3151 1634 3192 sus·

10 3214 12 3222 '
63 3215 146 3275 Ἠλία
160 3218 186 3275 ἐν
201 3218 409 3299 ἑπτακισχιλίοις
421 3217 546 3299 περιέστη
568 3219 601 3279 τίν
622 3225 670 3294 τῆς
693 3222 836 3302 σωτηρίας,
888 3220 1009 3301 cepisset.
1025 3221 1223 3298 Nequaquam:
1244 3241 1308 3279 nam
1319 3219 1389 3279 Ftiae
1402 3233 1522 3302 tempore
1542 3221 1569 3281 in
1588 3243 1634 3282 se-
1708 3295 1717 3309 .

10 3291 12 3386 f
63 3309 111 3369 καὶ
124 3315 168 3368 ν’ὔν
183 3309 410 3379 δέείκδςπολλοδς
423 3301 836 3383 εἶναιτοθςπεπιστευκότας.Εί
887 3326 960 3393 ptem
971 3311 1092 3370 millibus
1103 3310 1306 3391 salusconeiusa
1315 3325 1402 3388 est3et
1413 3311 1636 3374 nuncverisimiie

10 3398 11 3402 ’
63 3400 93 3460 δὲ
108 3404 226 3482 ἀγνοεῖτε
239 3408 328 3482 ὑμεῖς,
343 3404 493 3482 θαυμαστὸν
506 3404 594 3477 οὐδὲν,
611 3404 668 3465 ἐπεί
681 3405 726 3465 καὶ
741 3412 836 3490 όπρο-
888 3418 927 3463 est
940 3404 1040 3464 multos
1053 3404 1298 3484 essequicredunt.
1309 3404 1423 3476 Quodsi
1433 3405 1462 3464 id
1472 3405 1635 3486 vosignora-

61 3494 149 3574 φύν-ος
159 3497 286 3568 ἐκεῖνος,θ
298 3501 418 3563 τοσοῦτος
428 3494 474 3554 καὶ
483 3497 635 3568 τηλικοῦτος
646 3496 723 3579 ἀνήρ,
731 3498 835 3580 ἠγνόει·
868 3491 934 3572 tis,
951 3498 1021 3557 nihil
1039 3497 1150 3575 mirum,
1170 3496 1279 3576 quando
1299 3512 1325 3557 et
1344 3498 1475 3579 pmpheta
1496 3498 1552 3572 ille,
1572 3499 1636 3559 talis

62 3589 124 3645 ἀλλ’
143 3589 157 3644 ό
175 3586 243 3653 Θεδς
257 3586 387 3666 ᾠκονόμει
400 3586 434 3648 τό
457 3590 565 3662 ἑαυτοῦ,
579 3589 625 3648 καί
641 3596 688 3651 τοῦ
700 3588 836 3673 προφήτου
887 3604 1030 3668 tantusque
1039 3589 1093 3664 vir,
1103 3589 1245 3669 ignorabat
1250 3612 1259 3667 3
1272 3589 1321 3649 sed
1331 3591 1415 3661 Deus,
1426 3589 1485 3671 ipso
1499 3589 1637 3671 ignorante

61 3681 227 3757 ἀγνοοῦντος,
243 3678 344 3737 Σκόπει
354 3679 381 3739 δέ
396 3684 474 3740 αὐτοῦ
491 3680 609 3753 σύνεσιν,
620 3685 677 3750 πῶς
691 3683 718 3741 ἐν
732 3686 770 3763 τῷ
784 3706 834 3742 κα·
887 3682 1035 3764 propheta,
1054 3704 1096 3742 res
1118 3703 1180 3741 suas
1193 3681 1374 3763 dispensabat.
1391 3682 1531 3763 Perpende
1544 3696 1635 3742 autem

37 3799 39 3801 ¹
59 3768 233 3837 τασκευοίζειν
246 3769 277 3829 τὸ
292 3771 479 3852 προκείμενον,
493 3773 672 3841 λανθανόντως
684 3773 733 3847 τήν
752 3797 835 3845 κατη-
888 3773 1004 3854 apostoli
1023 3772 1208 3854 prudentiam,
1228 3771 1364 3851 quomodo
1383 3771 1449 3841 dum
1465 3773 1635 3855 propositum

59 3860 155 3939 γορίαν
171 3861 258 3919 αθτῶν
275 3860 354 3930 αύξει.
366 3864 418 3922 Διά
431 3862 483 3946 γάρ
498 3869 576 3923 τοῦτο
587 3865 632 3923 καί
648 3864 736 3938 πόσης
747 3864 833 3943 ἑμνή-
888 3887 968 3925 suum
991 3867 1102 3946 probat,
1124 3865 1283 3927 Judaeorum
1305 3865 1502 3925 accusationem
1522 3865 1636 3925 latenter

60 3959 114 4025 σθη
137 3955 185 4022 τῆς
213 3952 372 4033 μαρτυρίας,
402 3953 446 4013 ίνα
469 3959 555 4015 αὐτῶν
585 3954 756 4034 ἐκπομτεύση
785 3955 834 4028 τήν
842 4009 878 4047 m
888 3970 992 4036 augeat.
1002 3954 1119 4034 Ideoque
1129 3955 1292 4015 totumillud
1302 3954 1486 4016 testimonium
1495 3968 1634 4032 memorat,

61 4044 269 4125 ἀγνωμοσύνην,
283 4047 329 4104 καί
343 4045 413 4125 δείξῃ
433 4046 564 4115 τοιούτους
579 4048 676 4107 ἄνωθεν
691 4047 776 4114 ὄντας.
801 4051 834 4109 Et
851 4064 871 4110 Α
889 4062 920 4107 ut
934 4047 1045 4107 illorum
1059 4046 1195 4127 ingratum
1209 4047 1331 4105 animum
1341 4046 1432 4127 palam
1446 4045 1536 4120 saciat,
1545 4059 1634 4105 osten·

61 4138 115 4218 γδιρ
131 4136 169 4215 μή
188 4141 265 4196 τοῦτο
280 4139 385 4213 ἤθελεν,
400 4141 458 4197 ἀλλ’
471 4139 498 4199 ἓν
512 4139 589 4217 μόνον
604 4140 686 4210 δεῖξαι
705 4141 834 4203 ἐσπούδα-
888 4139 988 4219 datque
1009 4139 1071 4198 iilos
1082 4140 1140 4220 jam
1157 4137 1223 4196 olim
1237 4138 1303 4197 tales
1316 4137 1407 4198 [uisse.
1423 4137 1482 4197 Nisi
1496 4137 1569 4197 enim
1581 4137 1635 4199 hoc

60 4234 122 4303 ζεν,
137 4229 178 4288 ότι
193 4233 219 4288 ἐν
235 4239 288 4297 τοῖς
300 4229 396 4309 ὀλίγοις
408 4235 422 4290 ό
435 4231 507 4304 λαός,
521 4223 594 4292 εἶπεν
610 4231 657 4307 ἂν,
676 4233 717 4294 ότι
732 4234 777 4294 καί
789 4234 834 4294 ἐπί
887 4231 1026 4304 voluisset,
1042 4230 1186 4290 sedunum
1197 4245 1301 4290 tantum
1315 4243 1463 4290 monstrare
1475 4230 1633 4304 studuisset,

60 4320 145 4381 Ἠλία
165 4321 360 4403 ἑπτακισχίλιοι
380 4323 591 4404 ὑπελείφθησαν·
607 4325 663 4385 νυνὶ
685 4325 712 4386 δέ
736 4327 834 4386 ἀνωθεν
887 4324 959 4405 quod
974 4325 1002 4383 in
1011 4323 1105 4405 paucis
1114 4325 1321 4406 comprehensus
1329 4336 1398 4383 esset
1412 4323 1539 4406 populus,
1547 4319 1636 4385 dixis·

60 4413 238 4491 ἀναγινώσκει
257 4414 306 4486 τήν
326 4415 472 4498 μαρτυρίαν
489 4418 604 4477 ἅπασαν.
621 4421 766 4500 Πανταχοῢ
783 4418 834 4499 γθρ
887 4433 928 4479 set
938 4417 1121 4497 utiqueetiom
1128 4417 1196 4478 Eliae
1206 4431 1432 4500 temporeseptem
1443 4417 1635 4479 mitteretictos

61 4505 210 4567 ἐσπούδακε
224 4506 306 4573 δεῖξαι
320 4508 391 4568 οὐδὲν
408 4507 476 4576 ξένον
487 4509 648 4581 ποιήσαντας
658 4510 702 4571 ἐπί
712 4516 757 4570 τοῦ
770 4513 835 4593 Χρι-
888 4513 988 4572 fuisse:
1002 4534 1074 4574 nuuc
1087 4525 1176 4571 autem
1187 4533 1202 4570 a
1209 4511 1344 4594 principio
1354 4510 1635 4582 testimoniumtotum

61 4602 126 4658 στοῦ
140 4597 248 4656 καὶτῶν
261 4599 431 4673 ἀποστολων,
449 4601 517 4661 ἀλλά
531 4600 564 4660 τὰ
579 4601 738 4675 συνήθηκαλ
752 4626 834 4682 μεμε·
889 4605 965 4683 tegit.
990 4605 1100 4684 Ubique
1113 4602 1194 4663 enim
1205 4600 1343 4664 ostendere
1365 4602 1472 4679 studet‚'
1481 4603 1552 4664 nihil
1573 4604 1634 4664 illos

60 4689 203 4768 λετημένα.
219 4689 277 4748 Ἵνα
289 4689 341 4773 γδιφ
355 4690 392 4769 μή
404 4690 531 4771 λέγωσιν,
545 4691 586 4752 ότι
599 4698 634 4761 ὡς
646 4694 744 4753 πλόνον
763 4693 835 4753 ύνεί-
889 4696 952 4757 novi
966 4696 1036 4756 circa
1051 4696 1192 4756 Christum
1210 4707 1236 4754 et
1254 4692 1389 4776 apostolos
1399 4695 1502 4775 secisse,
1513 4692 1561 4754 sed
1574 4716 1634 4773 quae

60 4785 142 4856 λομεν
156 4779 200 4839 τὸν
212 4781 343 4861 Χριστόν,
359 4781 405 4842 καί
419 4787 454 4850 ὡς
467 4786 620 4850 ἀπατεῶνας
631 4786 760 4864 διώκομεν
775 4785 836 4852 τοὺς
890 4802 1084 4852 εοιιεωενοταυν
1096 4803 1122 4849 et
1136 4785 1259 4848 meditati
1270 4801 1355 4847 erant.
1366 4789 1408 4847 Ne
1418 4786 1536 4848 dicerent
1549 4787 1632 4862 enim,

61 4872 239 4950 ἀποστολους,
253 4874 368 4955 παράγει
389 4875 437 4947 τήν
458 4876 605 4958 μαρτυρίαν
624 4876 673 4949 τήν
691 4878 834 4958 λέγουσαν·
890 4880 1029 4941 Christum
1038 4893 1068 4943 ut
1079 4879 1249 4961 deceptorem
1266 4876 1425 4952 occidimus,
1436 4890 1462 4937 et
1473 4891 1504 4937 ut
1519 4877 1635 4940 iraudu-

62 4963 157 5044 Κύριε,
171 4965 231 5031 τοὺς
244 4967 382 5046 προφήτας
396 4991 441 5027 σου
457 4967 627 5041 ἀπέκτειναν,
638 4969 684 5027 καί
699 4969 733 5029 τό
747 4974 836 5029 θυσια-
890 4972 973 5032 lentos
982 4971 1168 5053 persequimur
1180 4969 1315 5051 apostolos
1323 4969 1443 5050 3proiert
1451 4967 1635 5047 testimonium

63 5055 162 5137 στήριό
172 5082 216 5117 σου
232 5060 413 5139 κατέσκαψαν.
433 5050 513 5133 Eira,
530 5059 602 5149 ὥστε
615 5059 653 5138 μή
667 5065 778 5133 ποιῆσαι
792 5061 836 5120 τὸν
854 5080 873 5125 n
891 5064 963 5145 quod
986 5064 1087 5124 dicitur
1099 5089 1107 5124 ε
1119 5065 1258 5134 Domine,
1274 5063 1432 5142 prophetas
1445 5074 1509 5124 tuos
1522 5065 1635 5127 occide·

61 5149 140 5227 λόγον
156 5151 278 5231 ἐπαχθῆ,
293 5151 385 5233 ἑτέραν
400 5156 433 5231 τῇ
455 5154 502 5222 τῆς
517 5143 663 5235 μαρτυρίας
683 5160 833 5235 παραγωγῇ
894 5150 1007 5237 runt,et
1018 5159 1193 5217 altariatttu
1212 5156 1411 5238 suffoderunt.
1425 5147 1636 5221 andensu'-
1662 5210 1688 5225 ,.

61 5240 227 5320 περιτίθησιν
244 5242 338 5301 αἰτίαν.
356 5245 397 5301 Οὐ
410 5242 462 5324 γάρ
476 5248 511 5312 ὡς
531 5247 733 5327 προηγουμένως
748 5248 833 5308 αὐτῶν
894 5269 938 5308 mo
958 5264 1085 5308 onerosus
1109 5257 1186 5322 osset,
1205 5245 1317 5306 alteram
1343 5242 1460 5308 adducto
1482 5245 1632 5313 ittiimit

97 5403 107 5426 ⁸
127 5386 214 5443 Metel.
228 5387 291 5439 maie
303 5403 370 5458 φυσᾷς
383 5397 462 5446 ἐλπίσι.
