<?xml version="1.0" encoding="UTF-8"?>
<!DOCTYPE html PUBLIC "-//W3C//DTD XHTML 1.0 Transitional//EN"
    "http://www.w3.org/TR/xhtml1/DTD/xhtml1-transitional.dtd">
<html xmlns="http://www.w3.org/1999/xhtml" xml:lang="en" lang="en">
 <head>
  <title>
</title>
<meta http-equiv="Content-Type" content="text/html;charset=utf-8" />
  <meta name='ocr-system' content='tesseract 3.04.00' />
  <meta name='ocr-capabilities' content='ocr_page ocr_carea ocr_par ocr_line ocrx_word'/>
</head>
<body>
  <div class='ocr_page' id='page_1' title='image "./sanctipatrisnos01chrygoog_0616.png"; bbox 0 0 3728 5978; ppageno 0'>
   <div class='ocr_carea' id='block_1_1' title="bbox 555 478 1623 577">
    <p class='ocr_par' dir='ltr' id='par_1_1' title="bbox 555 478 1623 577">
     <span class='ocr_line' id='line_1_1' title="bbox 555 478 1623 577; baseline 0.005 -31"><span class='ocrx_word' id='word_1_1' title='bbox 555 495 724 546; x_wconf 83' lang='lat' dir='ltr'>1unn1sn.</span> <span class='ocrx_word' id='word_1_2' title='bbox 752 491 799 541; x_wconf 74' lang='lat' dir='ltr'>nn</span> <span class='ocrx_word' id='word_1_3' title='bbox 826 494 909 542; x_wconf 81' lang='lat' dir='ltr'>nou.</span> <span class='ocrx_word' id='word_1_4' title='bbox 938 494 1057 544; x_wconf 77' lang='lat' dir='ltr'>unuin.</span> <span class='ocrx_word' id='word_1_5' title='bbox 1084 485 1126 546; x_wconf 69' lang='lat' dir='ltr'>x:</span> <span class='ocrx_word' id='word_1_6' title='bbox 1326 526 1331 535; x_wconf 82' lang='lat'><em>-</em></span> <span class='ocrx_word' id='word_1_7' title='bbox 1560 478 1623 577; x_wconf 78' lang='lat'>571</span> 
     </span>
    </p>
   </div>
   <div class='ocr_carea' id='block_1_2' title="bbox 58 613 1784 5057">
    <p class='ocr_par' dir='ltr' id='par_1_2' title="bbox 58 613 1784 5057">
     <span class='ocr_line' id='line_1_2' title="bbox 60 613 1635 707; baseline 0.002 -24"><span class='ocrx_word' id='word_1_8' title='bbox 60 646 140 692; x_wconf 85' lang='grc' dir='ltr'>σεως·</span> <span class='ocrx_word' id='word_1_9' title='bbox 166 613 219 682; x_wconf 73' lang='grc' dir='ltr'>οἷον</span> <span class='ocrx_word' id='word_1_10' title='bbox 242 623 286 683; x_wconf 83' lang='grc' dir='ltr'>τὸν</span> <span class='ocrx_word' id='word_1_11' title='bbox 308 622 351 682; x_wconf 81' lang='grc' dir='ltr'>ἐπὶ</span> <span class='ocrx_word' id='word_1_12' title='bbox 370 621 467 694; x_wconf 49' lang='lat' dir='ltr'>diei,</span> <span class='ocrx_word' id='word_1_13' title='bbox 487 622 531 681; x_wconf 82' lang='grc' dir='ltr'>τὸν</span> <span class='ocrx_word' id='word_1_14' title='bbox 555 621 600 681; x_wconf 84' lang='grc' dir='ltr'>ἰπλ</span> <span class='ocrx_word' id='word_1_15' title='bbox 624 622 703 693; x_wconf 80' lang='grc' dir='ltr'>Νῶε,</span> <span class='ocrx_word' id='word_1_16' title='bbox 724 618 769 679; x_wconf 88' lang='grc' dir='ltr'>τθν</span> <span class='ocrx_word' id='word_1_17' title='bbox 788 617 833 677; x_wconf 73' lang='grc' dir='ltr'>δαί</span> <span class='ocrx_word' id='word_1_18' title='bbox 888 615 966 693; x_wconf 80' lang='lat' dir='ltr'>Abel,</span> <span class='ocrx_word' id='word_1_19' title='bbox 986 619 1045 678; x_wconf 87' lang='lat' dir='ltr'>Noe</span> <span class='ocrx_word' id='word_1_20' title='bbox 1061 633 1089 679; x_wconf 84' lang='lat' dir='ltr'>et</span> <span class='ocrx_word' id='word_1_21' title='bbox 1109 620 1247 681; x_wconf 79' lang='lat' dir='ltr'>Abraham</span> <span class='ocrx_word' id='word_1_22' title='bbox 1266 622 1403 702; x_wconf 81' lang='lat' dir='ltr'>vixerunt,</span> <span class='ocrx_word' id='word_1_23' title='bbox 1416 624 1502 686; x_wconf 85' lang='lat' dir='ltr'>donec</span> <span class='ocrx_word' id='word_1_24' title='bbox 1521 628 1635 707; x_wconf 71' lang='lat' dir='ltr'>Moyses·</span> 
     </span>
     <span class='ocr_line' id='line_1_3' title="bbox 59 701 1630 798; baseline 0.005 -29"><span class='ocrx_word' id='word_1_25' title='bbox 59 717 197 797; x_wconf 66' lang='grc' dir='ltr'>Ἅὸραὰμ,</span> <span class='ocrx_word' id='word_1_26' title='bbox 218 717 263 775; x_wconf 76' lang='grc' dir='ltr'>τὸν</span> <span class='ocrx_word' id='word_1_27' title='bbox 282 715 332 782; x_wconf 74' lang='grc' dir='ltr'>ἕως</span> <span class='ocrx_word' id='word_1_28' title='bbox 352 716 396 774; x_wconf 83' lang='grc' dir='ltr'>ὅτε</span> <span class='ocrx_word' id='word_1_29' title='bbox 418 718 536 786; x_wconf 77' lang='grc' dir='ltr'>Μωϋσῆς</span> <span class='ocrx_word' id='word_1_30' title='bbox 551 713 685 794; x_wconf 77' lang='grc' dir='ltr'>ἐγεννήθη.</span> <span class='ocrx_word' id='word_1_31' title='bbox 699 711 770 771; x_wconf 87' lang='grc' dir='ltr'>Ποία</span> <span class='ocrx_word' id='word_1_32' title='bbox 788 701 832 769; x_wconf 81' lang='grc' dir='ltr'>οόν</span> <span class='ocrx_word' id='word_1_33' title='bbox 887 721 966 769; x_wconf 85' lang='lat' dir='ltr'>natus</span> <span class='ocrx_word' id='word_1_34' title='bbox 979 724 1027 771; x_wconf 89' lang='lat' dir='ltr'>est.</span> <span class='ocrx_word' id='word_1_35' title='bbox 1042 711 1123 784; x_wconf 90' lang='lat' dir='ltr'>Quod</span> <span class='ocrx_word' id='word_1_36' title='bbox 1144 734 1208 794; x_wconf 78' lang='lat' dir='ltr'>engo</span> <span class='ocrx_word' id='word_1_37' title='bbox 1225 728 1288 775; x_wconf 88' lang='lat' dir='ltr'>tuno</span> <span class='ocrx_word' id='word_1_38' title='bbox 1302 731 1359 777; x_wconf 79' lang='lat' dir='ltr'>erat</span> <span class='ocrx_word' id='word_1_39' title='bbox 1379 719 1540 798; x_wconf 78' lang='lat' dir='ltr'>peecatum?</span> <span class='ocrx_word' id='word_1_40' title='bbox 1558 719 1630 792; x_wconf 86' lang='lat' dir='ltr'>Qni-</span> 
     </span>
     <span class='ocr_line' id='line_1_4' title="bbox 60 801 1631 891; baseline 0.003 -25"><span class='ocrx_word' id='word_1_41' title='bbox 60 810 120 869; x_wconf 83' lang='grc' dir='ltr'>τάτε</span> <span class='ocrx_word' id='word_1_42' title='bbox 141 801 174 881; x_wconf 73' lang='grc' dir='ltr'>ἦν</span> <span class='ocrx_word' id='word_1_43' title='bbox 194 814 212 880; x_wconf 81' lang='grc' dir='ltr'>ἡ</span> <span class='ocrx_word' id='word_1_44' title='bbox 233 806 369 887; x_wconf 70' lang='grc' dir='ltr'>ἁμαρτίας</span> <span class='ocrx_word' id='word_1_45' title='bbox 389 807 468 876; x_wconf 83' lang='grc' dir='ltr'>Τινίς</span> <span class='ocrx_word' id='word_1_46' title='bbox 483 830 548 887; x_wconf 84' lang='grc' dir='ltr'>ρασι</span> <span class='ocrx_word' id='word_1_47' title='bbox 566 806 615 878; x_wconf 80' lang='grc' dir='ltr'>τλν</span> <span class='ocrx_word' id='word_1_48' title='bbox 632 808 659 864; x_wconf 86' lang='grc' dir='ltr'>ἰν</span> <span class='ocrx_word' id='word_1_49' title='bbox 678 802 832 884; x_wconf 79' lang='grc' dir='ltr'>παραδείσῳ</span> <span class='ocrx_word' id='word_1_50' title='bbox 886 801 949 862; x_wconf 79' lang='lat' dir='ltr'>dnm</span> <span class='ocrx_word' id='word_1_51' title='bbox 960 804 1064 881; x_wconf 89' lang='lat' dir='ltr'>dicunt,</span> <span class='ocrx_word' id='word_1_52' title='bbox 1076 806 1146 865; x_wconf 89' lang='lat' dir='ltr'>illud</span> <span class='ocrx_word' id='word_1_53' title='bbox 1159 806 1233 886; x_wconf 89' lang='lat' dir='ltr'>quod</span> <span class='ocrx_word' id='word_1_54' title='bbox 1248 809 1275 868; x_wconf 93' lang='lat' dir='ltr'>in</span> <span class='ocrx_word' id='word_1_55' title='bbox 1287 809 1413 891; x_wconf 81' lang='lat' dir='ltr'>paradiso</span> <span class='ocrx_word' id='word_1_56' title='bbox 1426 809 1577 871; x_wconf 81' lang='lat' dir='ltr'>admissum</span> <span class='ocrx_word' id='word_1_57' title='bbox 1590 824 1631 872; x_wconf 87' lang='lat' dir='ltr'>est</span> 
     </span>
     <span class='ocr_line' id='line_1_5' title="bbox 60 891 1628 982; baseline 0.001 -22"><span class='ocrx_word' id='word_1_58' title='bbox 60 903 147 980; x_wconf 84' lang='grc' dir='ltr'>λέγειν</span> <span class='ocrx_word' id='word_1_59' title='bbox 164 898 255 960; x_wconf 83' lang='grc' dir='ltr'>αὐτόν·</span> <span class='ocrx_word' id='word_1_60' title='bbox 271 899 376 959; x_wconf 79' lang='grc' dir='ltr'>οὐδέπω</span> <span class='ocrx_word' id='word_1_61' title='bbox 397 899 449 980; x_wconf 79' lang='grc' dir='ltr'>γὰρ</span> <span class='ocrx_word' id='word_1_62' title='bbox 471 891 504 971; x_wconf 77' lang='grc' dir='ltr'>ἦν</span> <span class='ocrx_word' id='word_1_63' title='bbox 519 902 643 970; x_wconf 78' lang='grc' dir='ltr'><strong>λυθεῖσα,</strong></span> <span class='ocrx_word' id='word_1_64' title='bbox 658 895 748 977; x_wconf 81' lang='grc' dir='ltr'>φησίν,</span> <span class='ocrx_word' id='word_1_65' title='bbox 763 893 1034 974; x_wconf 62' lang='lat' dir='ltr'>diidmsignitioari</span> <span class='ocrx_word' id='word_1_66' title='bbox 1053 920 1059 954; x_wconf 79' lang='grc' dir='ltr'>ι</span> <span class='ocrx_word' id='word_1_67' title='bbox 1077 898 1199 958; x_wconf 90' lang='lat' dir='ltr'>nondum</span> <span class='ocrx_word' id='word_1_68' title='bbox 1220 901 1293 959; x_wconf 89' lang='lat' dir='ltr'>enim</span> <span class='ocrx_word' id='word_1_69' title='bbox 1304 916 1360 961; x_wconf 82' lang='lat' dir='ltr'>erat</span> <span class='ocrx_word' id='word_1_70' title='bbox 1380 903 1511 979; x_wconf 86' lang='lat' dir='ltr'>solutum,</span> <span class='ocrx_word' id='word_1_71' title='bbox 1529 901 1628 982; x_wconf 80' lang='lat' dir='ltr'>inquit,</span> 
     </span>
     <span class='ocr_line' id='line_1_6' title="bbox 61 987 1630 1074; baseline 0.001 -22"><span class='ocrx_word' id='word_1_72' title='bbox 61 993 107 1052; x_wconf 85' lang='grc' dir='ltr'>καί</span> <span class='ocrx_word' id='word_1_73' title='bbox 123 994 195 1066; x_wconf 79' lang='grc' dir='ltr'>ἤνθει</span> <span class='ocrx_word' id='word_1_74' title='bbox 212 996 292 1066; x_wconf 75' lang='grc' dir='ltr'>αὐτῆς</span> <span class='ocrx_word' id='word_1_75' title='bbox 305 991 445 1074; x_wconf 86' lang='grc' dir='ltr'>θκαρπός·</span> <span class='ocrx_word' id='word_1_76' title='bbox 458 993 502 1052; x_wconf 88' lang='grc' dir='ltr'>τὸν</span> <span class='ocrx_word' id='word_1_77' title='bbox 517 991 569 1073; x_wconf 86' lang='grc' dir='ltr'>γθρ</span> <span class='ocrx_word' id='word_1_78' title='bbox 583 989 668 1051; x_wconf 87' lang='grc' dir='ltr'>κοινθν</span> <span class='ocrx_word' id='word_1_79' title='bbox 682 989 769 1062; x_wconf 73' lang='grc' dir='ltr'>ἐκείνη</span> <span class='ocrx_word' id='word_1_80' title='bbox 783 987 830 1046; x_wconf 88' lang='grc' dir='ltr'>θά-</span> <span class='ocrx_word' id='word_1_81' title='bbox 849 989 870 1035; x_wconf 73' lang='lat' dir='ltr'>A</span> <span class='ocrx_word' id='word_1_82' title='bbox 886 987 934 1046; x_wconf 84' lang='lat' dir='ltr'>sed</span> <span class='ocrx_word' id='word_1_83' title='bbox 946 989 1005 1068; x_wconf 88' lang='lat' dir='ltr'>ejus</span> <span class='ocrx_word' id='word_1_84' title='bbox 1019 989 1124 1050; x_wconf 83' lang='lat' dir='ltr'>fructus</span> <span class='ocrx_word' id='word_1_85' title='bbox 1136 991 1250 1052; x_wconf 81' lang='lat' dir='ltr'>florebat</span> <span class='ocrx_word' id='word_1_86' title='bbox 1266 1017 1273 1050; x_wconf 91' lang='lat'><strong>:</strong></span> <span class='ocrx_word' id='word_1_87' title='bbox 1287 1015 1350 1053; x_wconf 82' lang='lat' dir='ltr'>nem</span> <span class='ocrx_word' id='word_1_88' title='bbox 1362 1015 1533 1055; x_wconf 87' lang='lat' dir='ltr'>communem</span> <span class='ocrx_word' id='word_1_89' title='bbox 1553 993 1630 1054; x_wconf 79' lang='lat' dir='ltr'>illam</span> 
     </span>
     <span class='ocr_line' id='line_1_7' title="bbox 61 1071 1631 1167; baseline 0.001 -24"><span class='ocrx_word' id='word_1_90' title='bbox 61 1109 139 1145; x_wconf 90' lang='grc' dir='ltr'>νατον</span> <span class='ocrx_word' id='word_1_91' title='bbox 158 1086 277 1166; x_wconf 78' lang='grc' dir='ltr'>ἤνεγκεν,</span> <span class='ocrx_word' id='word_1_92' title='bbox 301 1085 329 1153; x_wconf 83' lang='grc' dir='ltr'>ὃς</span> <span class='ocrx_word' id='word_1_93' title='bbox 342 1086 448 1166; x_wconf 85' lang='grc' dir='ltr'>ἐκράτει</span> <span class='ocrx_word' id='word_1_94' title='bbox 463 1084 508 1144; x_wconf 80' lang='grc' dir='ltr'>καὶ</span> <span class='ocrx_word' id='word_1_95' title='bbox 527 1083 670 1163; x_wconf 85' lang='grc' dir='ltr'>ἐτυράννει.</span> <span class='ocrx_word' id='word_1_96' title='bbox 692 1081 772 1148; x_wconf 88' lang='grc' dir='ltr'>Τίνος</span> <span class='ocrx_word' id='word_1_97' title='bbox 787 1071 832 1140; x_wconf 67' lang='lat' dir='ltr'>ode</span> <span class='ocrx_word' id='word_1_98' title='bbox 887 1092 1000 1139; x_wconf 84' lang='lat' dir='ltr'>mortem</span> <span class='ocrx_word' id='word_1_99' title='bbox 1014 1081 1123 1159; x_wconf 83' lang='lat' dir='ltr'>attulit,</span> <span class='ocrx_word' id='word_1_100' title='bbox 1135 1105 1197 1161; x_wconf 76' lang='lat' dir='ltr'>qun</span> <span class='ocrx_word' id='word_1_101' title='bbox 1210 1083 1403 1145; x_wconf 75' lang='lat' dir='ltr'><strong>dominabatur</strong></span> <span class='ocrx_word' id='word_1_102' title='bbox 1415 1100 1441 1144; x_wconf 91' lang='lat' dir='ltr'>et</span> <span class='ocrx_word' id='word_1_103' title='bbox 1456 1085 1631 1167; x_wconf 76' lang='lat' dir='ltr'><strong>tyrannidem</strong></span> 
     </span>
     <span class='ocr_line' id='line_1_8' title="bbox 61 1170 1633 1260; baseline 0.001 -24"><span class='ocrx_word' id='word_1_104' title='bbox 61 1177 148 1236; x_wconf 76' lang='grc' dir='ltr'>ὄνεκεν</span> <span class='ocrx_word' id='word_1_105' title='bbox 165 1179 273 1258; x_wconf 80' lang='grc' dir='ltr'>ἐπάγει,</span> <span class='ocrx_word' id='word_1_106' title='bbox 293 1176 422 1257; x_wconf 83' lang='grc' dir='ltr'>Ἁμαρτία</span> <span class='ocrx_word' id='word_1_107' title='bbox 435 1178 462 1236; x_wconf 85' lang='grc' dir='ltr'>δὲ</span> <span class='ocrx_word' id='word_1_108' title='bbox 479 1179 526 1236; x_wconf 85' lang='grc' dir='ltr'>οὐκ</span> <span class='ocrx_word' id='word_1_109' title='bbox 538 1178 694 1254; x_wconf 82' lang='grc' dir='ltr'>ἰλλογεῖται,</span> <span class='ocrx_word' id='word_1_110' title='bbox 709 1170 747 1251; x_wconf 82' lang='grc' dir='ltr'>μὴ</span> <span class='ocrx_word' id='word_1_111' title='bbox 759 1173 832 1238; x_wconf 81' lang='grc' dir='ltr'>ὄντος</span> <span class='ocrx_word' id='word_1_112' title='bbox 886 1175 1035 1234; x_wconf 81' lang='lat' dir='ltr'>exercebat.</span> <span class='ocrx_word' id='word_1_113' title='bbox 1051 1179 1179 1257; x_wconf 77' lang='lat' dir='ltr'>Curergo</span> <span class='ocrx_word' id='word_1_114' title='bbox 1193 1178 1343 1260; x_wconf 82' lang='lat' dir='ltr'>subjungit,</span> <span class='ocrx_word' id='word_1_115' title='bbox 1358 1183 1517 1240; x_wconf 81' lang='lat' dir='ltr'><strong><em>Peccatum</em></strong></span> <span class='ocrx_word' id='word_1_116' title='bbox 1530 1193 1633 1241; x_wconf 70' lang='lat' dir='ltr'>anetem</span> 
     </span>
     <span class='ocr_line' id='line_1_9' title="bbox 61 1263 1683 1352; baseline 0.001 -24"><span class='ocrx_word' id='word_1_117' title='bbox 61 1269 156 1348; x_wconf 74' lang='grc' dir='ltr'>νόμους</span> <span class='ocrx_word' id='word_1_118' title='bbox 166 1269 212 1338; x_wconf 73' lang='lat' dir='ltr'>‘Et</span> <span class='ocrx_word' id='word_1_119' title='bbox 218 1269 373 1335; x_wconf 79' lang='grc' dir='ltr'>ἀντιθέσεως</span> <span class='ocrx_word' id='word_1_120' title='bbox 383 1273 435 1327; x_wconf 82' lang='grc' dir='ltr'>τῶν</span> <span class='ocrx_word' id='word_1_121' title='bbox 444 1267 587 1340; x_wconf 76' lang='grc' dir='ltr'>Ἰουδαίων,</span> <span class='ocrx_word' id='word_1_122' title='bbox 598 1265 687 1347; x_wconf 80' lang='grc' dir='ltr'>φησίν,</span> <span class='ocrx_word' id='word_1_123' title='bbox 696 1267 721 1324; x_wconf 88' lang='grc' dir='ltr'>οί</span> <span class='ocrx_word' id='word_1_124' title='bbox 728 1263 833 1341; x_wconf 76' lang='grc' dir='ltr'>τδιὴμί·</span> <span class='ocrx_word' id='word_1_125' title='bbox 888 1283 947 1322; x_wconf 86' lang='lat' dir='ltr'>uon</span> <span class='ocrx_word' id='word_1_126' title='bbox 957 1269 1126 1346; x_wconf 78' lang='lat' dir='ltr'><em>imputatur,</em></span> <span class='ocrx_word' id='word_1_127' title='bbox 1140 1290 1207 1328; x_wconf 86' lang='lat' dir='ltr'>eum</span> <span class='ocrx_word' id='word_1_128' title='bbox 1218 1285 1332 1331; x_wconf 84' lang='lat' dir='ltr'>nonest</span> <span class='ocrx_word' id='word_1_129' title='bbox 1344 1273 1411 1331; x_wconf 77' lang='lat' dir='ltr'>lex?</span> <span class='ocrx_word' id='word_1_130' title='bbox 1422 1273 1467 1333; x_wconf 81' lang='lat' dir='ltr'>Ex</span> <span class='ocrx_word' id='word_1_131' title='bbox 1481 1271 1634 1352; x_wconf 81' lang='lat' dir='ltr'>objectione</span> <span class='ocrx_word' id='word_1_132' title='bbox 1680 1263 1683 1268; x_wconf 44' lang='lat'><strong><em>¹</em></strong></span> 
     </span>
     <span class='ocr_line' id='line_1_10' title="bbox 61 1356 1630 1446; baseline 0.001 -22"><span class='ocrx_word' id='word_1_133' title='bbox 61 1390 126 1446; x_wconf 86' lang='grc' dir='ltr'>τερα</span> <span class='ocrx_word' id='word_1_134' title='bbox 149 1365 282 1445; x_wconf 82' lang='grc' dir='ltr'>εἰρηκότες</span> <span class='ocrx_word' id='word_1_135' title='bbox 300 1370 378 1424; x_wconf 91' lang='grc' dir='ltr'>τοῦτο</span> <span class='ocrx_word' id='word_1_136' title='bbox 396 1364 473 1424; x_wconf 83' lang='grc' dir='ltr'>αὐτὸν</span> <span class='ocrx_word' id='word_1_137' title='bbox 489 1361 634 1422; x_wconf 81' lang='grc' dir='ltr'>τεθεικέναι</span> <span class='ocrx_word' id='word_1_138' title='bbox 648 1361 778 1439; x_wconf 78' lang='grc' dir='ltr'>λέγονται,</span> <span class='ocrx_word' id='word_1_139' title='bbox 792 1362 832 1419; x_wconf 81' lang='grc' dir='ltr'>ὄτι</span> <span class='ocrx_word' id='word_1_140' title='bbox 886 1356 1055 1431; x_wconf 82' lang='lat' dir='ltr'>Jndaeorum,</span> <span class='ocrx_word' id='word_1_141' title='bbox 1067 1360 1163 1439; x_wconf 87' lang='lat' dir='ltr'>inquit,</span> <span class='ocrx_word' id='word_1_142' title='bbox 1175 1361 1196 1421; x_wconf 90' lang='lat' dir='ltr'>ii</span> <span class='ocrx_word' id='word_1_143' title='bbox 1206 1363 1252 1440; x_wconf 92' lang='lat' dir='ltr'>qni</span> <span class='ocrx_word' id='word_1_144' title='bbox 1264 1364 1405 1423; x_wconf 85' lang='lat' dir='ltr'>nobiscnm</span> <span class='ocrx_word' id='word_1_145' title='bbox 1419 1364 1542 1424; x_wconf 78' lang='lat' dir='ltr'>sentiunt</span> <span class='ocrx_word' id='word_1_146' title='bbox 1548 1377 1575 1424; x_wconf 83' lang='lat' dir='ltr'>et</span> <span class='ocrx_word' id='word_1_147' title='bbox 1585 1365 1630 1425; x_wconf 56' lang='lat' dir='ltr'><strong>&gt;lo-</strong></span> 
     </span>
     <span class='ocr_line' id='line_1_11' title="bbox 62 1451 1634 1538; baseline 0.001 -22"><span class='ocrx_word' id='word_1_148' title='bbox 62 1463 86 1517; x_wconf 87' lang='grc' dir='ltr'>εἰ</span> <span class='ocrx_word' id='word_1_149' title='bbox 108 1458 145 1536; x_wconf 74' lang='grc' dir='ltr'>μὴ</span> <span class='ocrx_word' id='word_1_150' title='bbox 170 1460 239 1518; x_wconf 89' lang='grc' dir='ltr'>ἔστιν</span> <span class='ocrx_word' id='word_1_151' title='bbox 257 1457 375 1538; x_wconf 84' lang='grc' dir='ltr'>ἁμαρτία</span> <span class='ocrx_word' id='word_1_152' title='bbox 397 1457 479 1537; x_wconf 81' lang='grc' dir='ltr'>χωρίς</span> <span class='ocrx_word' id='word_1_153' title='bbox 496 1456 578 1534; x_wconf 86' lang='grc' dir='ltr'>νόμου</span> <span class='ocrx_word' id='word_1_154' title='bbox 589 1499 596 1528; x_wconf 88' lang='grc'>,</span> <span class='ocrx_word' id='word_1_155' title='bbox 618 1456 675 1521; x_wconf 85' lang='grc' dir='ltr'>πῶς</span> <span class='ocrx_word' id='word_1_156' title='bbox 692 1457 706 1513; x_wconf 88' lang='grc' dir='ltr'>θ</span> <span class='ocrx_word' id='word_1_157' title='bbox 723 1452 833 1519; x_wconf 88' lang='grc' dir='ltr'>θάνατος</span> <span class='ocrx_word' id='word_1_158' title='bbox 887 1463 1019 1528; x_wconf 88' lang='lat' dir='ltr'>quuntur,</span> <span class='ocrx_word' id='word_1_159' title='bbox 1035 1451 1087 1510; x_wconf 88' lang='lat' dir='ltr'>hoc</span> <span class='ocrx_word' id='word_1_160' title='bbox 1098 1452 1186 1532; x_wconf 87' lang='lat' dir='ltr'>ipsum</span> <span class='ocrx_word' id='word_1_161' title='bbox 1196 1454 1318 1534; x_wconf 87' lang='lat' dir='ltr'>posuisse</span> <span class='ocrx_word' id='word_1_162' title='bbox 1329 1453 1424 1515; x_wconf 86' lang='lat' dir='ltr'>dicunt</span> <span class='ocrx_word' id='word_1_163' title='bbox 1441 1480 1448 1514; x_wconf 88' lang='lat'>:</span> <span class='ocrx_word' id='word_1_164' title='bbox 1460 1457 1564 1536; x_wconf 89' lang='lat' dir='ltr'>quodsi</span> <span class='ocrx_word' id='word_1_165' title='bbox 1577 1477 1634 1517; x_wconf 87' lang='lat' dir='ltr'><strong>non·</strong></span> 
     </span>
     <span class='ocr_line' id='line_1_12' title="bbox 62 1544 1636 1630; baseline 0.002 -22"><span class='ocrx_word' id='word_1_166' title='bbox 62 1552 188 1624; x_wconf 80' lang='grc' dir='ltr'>ἀνήλισκε</span> <span class='ocrx_word' id='word_1_167' title='bbox 202 1550 304 1618; x_wconf 80' lang='grc' dir='ltr'>πάντας</span> <span class='ocrx_word' id='word_1_168' title='bbox 319 1547 380 1617; x_wconf 79' lang='grc' dir='ltr'>τοὺς</span> <span class='ocrx_word' id='word_1_169' title='bbox 395 1547 447 1630; x_wconf 87' lang='grc' dir='ltr'>πρδ</span> <span class='ocrx_word' id='word_1_170' title='bbox 458 1554 505 1608; x_wconf 91' lang='grc' dir='ltr'>τοῦ</span> <span class='ocrx_word' id='word_1_171' title='bbox 515 1547 612 1626; x_wconf 72' lang='grc' dir='ltr'>νόμους</span> <span class='ocrx_word' id='word_1_172' title='bbox 625 1545 706 1624; x_wconf 81' lang='grc' dir='ltr'>Ἐμοί</span> <span class='ocrx_word' id='word_1_173' title='bbox 719 1545 747 1606; x_wconf 77' lang='grc' dir='ltr'>δὲ</span> <span class='ocrx_word' id='word_1_174' title='bbox 762 1546 833 1604; x_wconf 78' lang='grc' dir='ltr'>δοκεῖ</span> <span class='ocrx_word' id='word_1_175' title='bbox 887 1544 922 1605; x_wconf 81' lang='lat' dir='ltr'>sit</span> <span class='ocrx_word' id='word_1_176' title='bbox 937 1558 1075 1625; x_wconf 79' lang='lat' dir='ltr'>peccatum</span> <span class='ocrx_word' id='word_1_177' title='bbox 1083 1545 1142 1605; x_wconf 89' lang='lat' dir='ltr'>sine</span> <span class='ocrx_word' id='word_1_178' title='bbox 1152 1546 1222 1627; x_wconf 80' lang='lat' dir='ltr'>lege,</span> <span class='ocrx_word' id='word_1_179' title='bbox 1234 1546 1369 1626; x_wconf 88' lang='lat' dir='ltr'>quomodo</span> <span class='ocrx_word' id='word_1_180' title='bbox 1380 1571 1453 1610; x_wconf 85' lang='lat' dir='ltr'>mors</span> <span class='ocrx_word' id='word_1_181' title='bbox 1467 1571 1570 1625; x_wconf 86' lang='lat' dir='ltr'>omnes,</span> <span class='ocrx_word' id='word_1_182' title='bbox 1582 1552 1636 1630; x_wconf 53' lang='lat' dir='ltr'>quir</span> 
     </span>
     <span class='ocr_line' id='line_1_13' title="bbox 61 1633 1642 1722; baseline 0.003 -21"><span class='ocrx_word' id='word_1_183' title='bbox 61 1643 92 1702; x_wconf 88' lang='grc' dir='ltr'>τδ</span> <span class='ocrx_word' id='word_1_184' title='bbox 115 1642 292 1722; x_wconf 71' lang='grc' dir='ltr'>λεχθήσεσθαι</span> <span class='ocrx_word' id='word_1_185' title='bbox 308 1642 403 1720; x_wconf 90' lang='grc' dir='ltr'>με’λλον</span> <span class='ocrx_word' id='word_1_186' title='bbox 420 1638 496 1720; x_wconf 88' lang='grc' dir='ltr'>λόγον</span> <span class='ocrx_word' id='word_1_187' title='bbox 518 1640 588 1719; x_wconf 82' lang='grc' dir='ltr'>ἔχειν</span> <span class='ocrx_word' id='word_1_188' title='bbox 611 1633 721 1717; x_wconf 73' lang='grc' dir='ltr'>μᾶλλον,</span> <span class='ocrx_word' id='word_1_189' title='bbox 736 1637 782 1698; x_wconf 76' lang='grc' dir='ltr'>καί</span> <span class='ocrx_word' id='word_1_190' title='bbox 798 1642 832 1718; x_wconf 84' lang='grc' dir='ltr'>τῇ</span> <span class='ocrx_word' id='word_1_191' title='bbox 887 1650 949 1696; x_wconf 85' lang='lat' dir='ltr'>ante</span> <span class='ocrx_word' id='word_1_192' title='bbox 962 1635 1050 1716; x_wconf 79' lang='lat' dir='ltr'>legem</span> <span class='ocrx_word' id='word_1_193' title='bbox 1066 1650 1149 1713; x_wconf 67' lang='lat' dir='ltr'>nant,</span> <span class='ocrx_word' id='word_1_194' title='bbox 1164 1638 1315 1698; x_wconf 79' lang='lat' dir='ltr'>absumsit?</span> <span class='ocrx_word' id='word_1_195' title='bbox 1331 1641 1402 1700; x_wconf 84' lang='lat' dir='ltr'><strong>Mihi</strong></span> <span class='ocrx_word' id='word_1_196' title='bbox 1418 1656 1508 1702; x_wconf 79' lang='lat' dir='ltr'>nutem</span> <span class='ocrx_word' id='word_1_197' title='bbox 1521 1642 1642 1706; x_wconf 52' lang='lat' dir='ltr'>videtui*⁴</span> 
     </span>
     <span class='ocr_line' id='line_1_14' title="bbox 62 1726 1634 1813; baseline 0.001 -21"><span class='ocrx_word' id='word_1_198' title='bbox 62 1737 225 1813; x_wconf 83' lang='grc' dir='ltr'>ἀποστολικῇ</span> <span class='ocrx_word' id='word_1_199' title='bbox 249 1733 404 1812; x_wconf 78' lang='grc' dir='ltr'>συμόαίνειν</span> <span class='ocrx_word' id='word_1_200' title='bbox 420 1732 531 1812; x_wconf 72' lang='grc' dir='ltr'>διανοίᾳ.</span> <span class='ocrx_word' id='word_1_201' title='bbox 550 1731 588 1792; x_wconf 90' lang='grc' dir='ltr'>Τί</span> <span class='ocrx_word' id='word_1_202' title='bbox 608 1729 636 1790; x_wconf 83' lang='grc' dir='ltr'>δί</span> <span class='ocrx_word' id='word_1_203' title='bbox 655 1729 734 1790; x_wconf 89' lang='grc' dir='ltr'>τοῦτό</span> <span class='ocrx_word' id='word_1_204' title='bbox 747 1732 834 1804; x_wconf 75' lang='grc' dir='ltr'>ἐστινς</span> <span class='ocrx_word' id='word_1_205' title='bbox 851 1740 870 1787; x_wconf 88' lang='lat' dir='ltr'><strong>n</strong></span> <span class='ocrx_word' id='word_1_206' title='bbox 888 1727 928 1805; x_wconf 90' lang='lat' dir='ltr'>id,</span> <span class='ocrx_word' id='word_1_207' title='bbox 943 1728 1017 1808; x_wconf 90' lang='lat' dir='ltr'>quod</span> <span class='ocrx_word' id='word_1_208' title='bbox 1033 1726 1134 1788; x_wconf 87' lang='lat' dir='ltr'>dicturi</span> <span class='ocrx_word' id='word_1_209' title='bbox 1147 1751 1252 1806; x_wconf 88' lang='lat' dir='ltr'>sumus,</span> <span class='ocrx_word' id='word_1_210' title='bbox 1270 1731 1366 1791; x_wconf 83' lang='lat' dir='ltr'>rationi</span> <span class='ocrx_word' id='word_1_211' title='bbox 1377 1735 1473 1812; x_wconf 80' lang='lat' dir='ltr'>’magis</span> <span class='ocrx_word' id='word_1_212' title='bbox 1493 1749 1634 1795; x_wconf 82' lang='lat' dir='ltr'>consenta-</span> 
     </span>
     <span class='ocr_line' id='line_1_15' title="bbox 62 1815 1633 1908; baseline 0 -22"><span class='ocrx_word' id='word_1_213' title='bbox 62 1826 174 1901; x_wconf 83' lang='grc' dir='ltr'>Εἰπὼν,</span> <span class='ocrx_word' id='word_1_214' title='bbox 187 1827 228 1887; x_wconf 86' lang='grc' dir='ltr'>ὄτι</span> <span class='ocrx_word' id='word_1_215' title='bbox 246 1826 308 1908; x_wconf 70' lang='grc' dir='ltr'>ὄγρι</span> <span class='ocrx_word' id='word_1_216' title='bbox 321 1824 403 1901; x_wconf 82' lang='grc' dir='ltr'>νόμου</span> <span class='ocrx_word' id='word_1_217' title='bbox 415 1824 534 1906; x_wconf 83' lang='grc' dir='ltr'>ἁμαρτία</span> <span class='ocrx_word' id='word_1_218' title='bbox 545 1815 577 1896; x_wconf 70' lang='grc' dir='ltr'>ἦν</span> <span class='ocrx_word' id='word_1_219' title='bbox 592 1825 619 1882; x_wconf 85' lang='grc' dir='ltr'>ἰν</span> <span class='ocrx_word' id='word_1_220' title='bbox 633 1821 741 1903; x_wconf 82' lang='grc' dir='ltr'>κόσμῳ,</span> <span class='ocrx_word' id='word_1_221' title='bbox 756 1820 835 1882; x_wconf 83' lang='grc' dir='ltr'>τοῦτό</span> <span class='ocrx_word' id='word_1_222' title='bbox 889 1842 970 1881; x_wconf 87' lang='lat' dir='ltr'>neum</span> <span class='ocrx_word' id='word_1_223' title='bbox 987 1842 1054 1897; x_wconf 89' lang='lat' dir='ltr'>esse,</span> <span class='ocrx_word' id='word_1_224' title='bbox 1076 1835 1101 1881; x_wconf 91' lang='lat' dir='ltr'>et</span> <span class='ocrx_word' id='word_1_225' title='bbox 1121 1842 1184 1881; x_wconf 85' lang='lat' dir='ltr'>oum</span> <span class='ocrx_word' id='word_1_226' title='bbox 1204 1824 1350 1903; x_wconf 77' lang='lat' dir='ltr'>apostolica</span> <span class='ocrx_word' id='word_1_227' title='bbox 1369 1840 1458 1884; x_wconf 88' lang='lat' dir='ltr'>mento</span> <span class='ocrx_word' id='word_1_228' title='bbox 1471 1828 1633 1887; x_wconf 84' lang='lat' dir='ltr'>consentire.-</span> 
     </span>
     <span class='ocr_line' id='line_1_16' title="bbox 62 1912 1636 2000; baseline 0.001 -22"><span class='ocrx_word' id='word_1_229' title='bbox 62 1944 107 1997; x_wconf 86' lang='grc' dir='ltr'>μοι</span> <span class='ocrx_word' id='word_1_230' title='bbox 120 1922 190 1979; x_wconf 83' lang='grc' dir='ltr'>δοκεῖ</span> <span class='ocrx_word' id='word_1_231' title='bbox 205 1918 308 1997; x_wconf 81' lang='grc' dir='ltr'>λέγειν,</span> <span class='ocrx_word' id='word_1_232' title='bbox 322 1919 364 1979; x_wconf 89' lang='grc' dir='ltr'>ὄτι</span> <span class='ocrx_word' id='word_1_233' title='bbox 379 1923 424 1978; x_wconf 86' lang='grc' dir='ltr'>τοῦ</span> <span class='ocrx_word' id='word_1_234' title='bbox 440 1916 520 1995; x_wconf 86' lang='grc' dir='ltr'>νόμου</span> <span class='ocrx_word' id='word_1_235' title='bbox 534 1916 667 1989; x_wconf 81' lang='grc' dir='ltr'>δοθέντος,</span> <span class='ocrx_word' id='word_1_236' title='bbox 681 1920 698 1988; x_wconf 78' lang='grc' dir='ltr'><strong>ἡ</strong></span> <span class='ocrx_word' id='word_1_237' title='bbox 714 1913 833 1996; x_wconf 77' lang='grc' dir='ltr'>ἁμαρτία</span> <span class='ocrx_word' id='word_1_238' title='bbox 889 1912 966 1988; x_wconf 85' lang='lat' dir='ltr'>Quid</span> <span class='ocrx_word' id='word_1_239' title='bbox 984 1912 1055 1972; x_wconf 86' lang='lat' dir='ltr'>illud</span> <span class='ocrx_word' id='word_1_240' title='bbox 1074 1913 1132 1972; x_wconf 79' lang='lat' dir='ltr'>esti</span> <span class='ocrx_word' id='word_1_241' title='bbox 1155 1914 1224 1973; x_wconf 87' lang='lat' dir='ltr'>Cum</span> <span class='ocrx_word' id='word_1_242' title='bbox 1242 1915 1365 1994; x_wconf 79' lang='lat' dir='ltr'>dixisset,</span> <span class='ocrx_word' id='word_1_243' title='bbox 1387 1938 1471 1996; x_wconf 88' lang='lat' dir='ltr'>usque</span> <span class='ocrx_word' id='word_1_244' title='bbox 1486 1918 1522 1978; x_wconf 78' lang='lat' dir='ltr'>ad</span> <span class='ocrx_word' id='word_1_245' title='bbox 1544 1920 1636 2000; x_wconf 74' lang='lat' dir='ltr'>legent</span> 
     </span>
     <span class='ocr_line' id='line_1_17' title="bbox 61 2005 1632 2093; baseline 0.001 -24"><span class='ocrx_word' id='word_1_246' title='bbox 61 2011 167 2093; x_wconf 79' lang='grc' dir='ltr'>ἐκράτει</span> <span class='ocrx_word' id='word_1_247' title='bbox 180 2018 196 2084; x_wconf 81' lang='grc' dir='ltr'>ἡ</span> <span class='ocrx_word' id='word_1_248' title='bbox 210 2015 296 2083; x_wconf 76' lang='grc' dir='ltr'>ἰκτῆς</span> <span class='ocrx_word' id='word_1_249' title='bbox 309 2011 504 2091; x_wconf 73' lang='grc' dir='ltr'>παραῦάσειυς,</span> <span class='ocrx_word' id='word_1_250' title='bbox 523 2009 569 2069; x_wconf 85' lang='grc' dir='ltr'>καί</span> <span class='ocrx_word' id='word_1_251' title='bbox 584 2007 703 2082; x_wconf 57' lang='lat' dir='ltr'>inepto</span> <span class='ocrx_word' id='word_1_252' title='bbox 718 2008 833 2088; x_wconf 73' lang='grc' dir='ltr'>ἐκράτει,</span> <span class='ocrx_word' id='word_1_253' title='bbox 886 2018 1026 2085; x_wconf 69' lang='lat' dir='ltr'>peccatum</span> <span class='ocrx_word' id='word_1_254' title='bbox 1047 2005 1129 2065; x_wconf 83' lang='lat' dir='ltr'>fuisse</span> <span class='ocrx_word' id='word_1_255' title='bbox 1142 2005 1171 2066; x_wconf 88' lang='lat' dir='ltr'>in</span> <span class='ocrx_word' id='word_1_256' title='bbox 1190 2005 1302 2082; x_wconf 88' lang='lat' dir='ltr'>mundo,</span> <span class='ocrx_word' id='word_1_257' title='bbox 1318 2009 1370 2068; x_wconf 90' lang='lat' dir='ltr'>hoc</span> <span class='ocrx_word' id='word_1_258' title='bbox 1382 2009 1452 2069; x_wconf 88' lang='lat' dir='ltr'>mihi</span> <span class='ocrx_word' id='word_1_259' title='bbox 1463 2010 1573 2071; x_wconf 85' lang='lat' dir='ltr'>videtur</span> <span class='ocrx_word' id='word_1_260' title='bbox 1587 2011 1632 2072; x_wconf 90' lang='lat' dir='ltr'>di·</span> 
     </span>
     <span class='ocr_line' id='line_1_18' title="bbox 62 2094 1635 2183; baseline 0.001 -21"><span class='ocrx_word' id='word_1_261' title='bbox 62 2104 111 2171; x_wconf 77' lang='grc' dir='ltr'>ἔως</span> <span class='ocrx_word' id='word_1_262' title='bbox 120 2105 165 2163; x_wconf 78' lang='grc' dir='ltr'>καὶ</span> <span class='ocrx_word' id='word_1_263' title='bbox 176 2103 254 2182; x_wconf 89' lang='grc' dir='ltr'>νόμος</span> <span class='ocrx_word' id='word_1_264' title='bbox 267 2095 316 2176; x_wconf 68' lang='grc' dir='ltr'>ἦν·</span> <span class='ocrx_word' id='word_1_265' title='bbox 331 2103 390 2163; x_wconf 77' lang='grc' dir='ltr'>οὐδὲ</span> <span class='ocrx_word' id='word_1_266' title='bbox 405 2103 456 2183; x_wconf 78' lang='grc' dir='ltr'>γὰρ</span> <span class='ocrx_word' id='word_1_267' title='bbox 474 2101 603 2162; x_wconf 79' lang='grc' dir='ltr'>’δύναται</span> <span class='ocrx_word' id='word_1_268' title='bbox 618 2103 763 2172; x_wconf 60' lang='grc' dir='ltr'>συστῆναι,</span> <span class='ocrx_word' id='word_1_269' title='bbox 784 2125 834 2181; x_wconf 86' lang='grc' dir='ltr'>ρη-</span> <span class='ocrx_word' id='word_1_270' title='bbox 888 2117 957 2173; x_wconf 83' lang='lat' dir='ltr'>cere,</span> <span class='ocrx_word' id='word_1_271' title='bbox 971 2094 1045 2174; x_wconf 92' lang='lat' dir='ltr'>quod</span> <span class='ocrx_word' id='word_1_272' title='bbox 1058 2109 1119 2177; x_wconf 89' lang='lat' dir='ltr'>post</span> <span class='ocrx_word' id='word_1_273' title='bbox 1133 2096 1225 2156; x_wconf 80' lang='lat' dir='ltr'>datam</span> <span class='ocrx_word' id='word_1_274' title='bbox 1241 2098 1328 2178; x_wconf 76' lang='lat' dir='ltr'>legem</span> <span class='ocrx_word' id='word_1_275' title='bbox 1344 2115 1483 2180; x_wconf 79' lang='lat' dir='ltr'>peccatum</span> <span class='ocrx_word' id='word_1_276' title='bbox 1494 2123 1528 2162; x_wconf 83' lang='lat' dir='ltr'>ex</span> <span class='ocrx_word' id='word_1_277' title='bbox 1541 2116 1635 2163; x_wconf 49' lang='lat' dir='ltr'>trans*</span> 
     </span>
     <span class='ocr_line' id='line_1_19' title="bbox 61 2188 1632 2278; baseline 0.001 -24"><span class='ocrx_word' id='word_1_278' title='bbox 61 2199 113 2270; x_wconf 83' lang='grc' dir='ltr'>σλν,</span> <span class='ocrx_word' id='word_1_279' title='bbox 139 2199 275 2278; x_wconf 85' lang='grc' dir='ltr'>ἁμαρτία,</span> <span class='ocrx_word' id='word_1_280' title='bbox 302 2196 339 2275; x_wconf 74' lang='grc' dir='ltr'>μὴ</span> <span class='ocrx_word' id='word_1_281' title='bbox 362 2197 435 2264; x_wconf 80' lang='grc' dir='ltr'>ὄντος</span> <span class='ocrx_word' id='word_1_282' title='bbox 454 2196 543 2275; x_wconf 83' lang='grc' dir='ltr'>νόμου.</span> <span class='ocrx_word' id='word_1_283' title='bbox 571 2198 605 2255; x_wconf 79' lang='grc' dir='ltr'>Εἰ</span> <span class='ocrx_word' id='word_1_284' title='bbox 627 2195 712 2255; x_wconf 78' lang='grc' dir='ltr'>τοίνυν</span> <span class='ocrx_word' id='word_1_285' title='bbox 728 2192 792 2267; x_wconf 74' lang='grc' dir='ltr'>αὕτη</span> <span class='ocrx_word' id='word_1_286' title='bbox 814 2197 831 2265; x_wconf 80' lang='grc' dir='ltr'>ἡ</span> <span class='ocrx_word' id='word_1_287' title='bbox 888 2189 1120 2267; x_wconf 70' lang='lat' dir='ltr'>goessioneortum</span> <span class='ocrx_word' id='word_1_288' title='bbox 1137 2188 1307 2251; x_wconf 78' lang='lat' dir='ltr'>dominatum</span> <span class='ocrx_word' id='word_1_289' title='bbox 1322 2192 1368 2271; x_wconf 86' lang='lat' dir='ltr'>sit,</span> <span class='ocrx_word' id='word_1_290' title='bbox 1384 2207 1410 2251; x_wconf 86' lang='lat' dir='ltr'>et</span> <span class='ocrx_word' id='word_1_291' title='bbox 1424 2193 1528 2253; x_wconf 85' lang='lat' dir='ltr'>tamdiu</span> <span class='ocrx_word' id='word_1_292' title='bbox 1541 2195 1632 2256; x_wconf 83' lang='lat' dir='ltr'>domi·</span> 
     </span>
     <span class='ocr_line' id='line_1_20' title="bbox 60 2279 1643 2370; baseline 0.007 -34"><span class='ocrx_word' id='word_1_293' title='bbox 60 2291 197 2370; x_wconf 60' lang='grc' dir='ltr'>ἁμαρτία,</span> <span class='ocrx_word' id='word_1_294' title='bbox 214 2290 294 2370; x_wconf 58' lang='grc' dir='ltr'>φησι,</span> <span class='ocrx_word' id='word_1_295' title='bbox 301 2336 309 2364; x_wconf 78' lang='lat'><strong>›</strong></span> <span class='ocrx_word' id='word_1_296' title='bbox 330 2292 360 2348; x_wconf 66' lang='grc' dir='ltr'>ἐκ</span> <span class='ocrx_word' id='word_1_297' title='bbox 377 2293 426 2355; x_wconf 64' lang='grc' dir='ltr'>τῆς</span> <span class='ocrx_word' id='word_1_298' title='bbox 442 2296 488 2348; x_wconf 59' lang='grc' dir='ltr'>τοῦ</span> <span class='ocrx_word' id='word_1_299' title='bbox 505 2287 585 2365; x_wconf 68' lang='grc' dir='ltr'>νόμου</span> <span class='ocrx_word' id='word_1_300' title='bbox 599 2286 776 2369; x_wconf 65' lang='grc' dir='ltr'>παραθέσεως</span> <span class='ocrx_word' id='word_1_301' title='bbox 788 2285 832 2345; x_wconf 70' lang='grc' dir='ltr'>τὸν</span> <span class='ocrx_word' id='word_1_302' title='bbox 887 2294 980 2339; x_wconf 80' lang='grc' dir='ltr'>υειῑυυι</span> <span class='ocrx_word' id='word_1_303' title='bbox 990 2281 1036 2356; x_wconf 88' lang='lat' dir='ltr'>sit,</span> <span class='ocrx_word' id='word_1_304' title='bbox 1050 2279 1136 2341; x_wconf 87' lang='lat' dir='ltr'>donee</span> <span class='ocrx_word' id='word_1_305' title='bbox 1146 2282 1190 2341; x_wconf 82' lang='lat' dir='ltr'>lex</span> <span class='ocrx_word' id='word_1_306' title='bbox 1199 2297 1267 2342; x_wconf 89' lang='lat' dir='ltr'>esset</span> <span class='ocrx_word' id='word_1_307' title='bbox 1283 2307 1291 2341; x_wconf 82' lang='grc' dir='ltr'>ε</span> <span class='ocrx_word' id='word_1_308' title='bbox 1306 2305 1392 2364; x_wconf 87' lang='lat' dir='ltr'>neque</span> <span class='ocrx_word' id='word_1_309' title='bbox 1402 2285 1474 2345; x_wconf 88' lang='lat' dir='ltr'>enim</span> <span class='ocrx_word' id='word_1_310' title='bbox 1489 2288 1643 2348; x_wconf 83' lang='lat' dir='ltr'>consistere</span> 
     </span>
     <span class='ocr_line' id='line_1_21' title="bbox 60 2374 1635 2462; baseline -0.001 -22"><span class='ocrx_word' id='word_1_311' title='bbox 60 2383 171 2442; x_wconf 87' lang='grc' dir='ltr'>θάνατον</span> <span class='ocrx_word' id='word_1_312' title='bbox 186 2382 286 2452; x_wconf 85' lang='grc' dir='ltr'>ἔτικτε,</span> <span class='ocrx_word' id='word_1_313' title='bbox 298 2387 356 2449; x_wconf 83' lang='grc' dir='ltr'>πῶς</span> <span class='ocrx_word' id='word_1_314' title='bbox 365 2386 389 2442; x_wconf 78' lang='lat' dir='ltr'>oi</span> <span class='ocrx_word' id='word_1_315' title='bbox 399 2382 451 2462; x_wconf 81' lang='grc' dir='ltr'>πρὸ</span> <span class='ocrx_word' id='word_1_316' title='bbox 462 2388 508 2441; x_wconf 90' lang='grc' dir='ltr'>τοῦ</span> <span class='ocrx_word' id='word_1_317' title='bbox 521 2381 602 2459; x_wconf 84' lang='grc' dir='ltr'>νόμου</span> <span class='ocrx_word' id='word_1_318' title='bbox 613 2380 708 2447; x_wconf 84' lang='grc' dir='ltr'>πάντες</span> <span class='ocrx_word' id='word_1_319' title='bbox 717 2378 831 2452; x_wconf 78' lang='grc' dir='ltr'>ἀπέθνη-</span> <span class='ocrx_word' id='word_1_320' title='bbox 887 2386 1138 2455; x_wconf 76' lang='lat' dir='ltr'>potestpeecatum,</span> <span class='ocrx_word' id='word_1_321' title='bbox 1153 2374 1251 2453; x_wconf 85' lang='lat' dir='ltr'>inquit,</span> <span class='ocrx_word' id='word_1_322' title='bbox 1261 2397 1324 2436; x_wconf 86' lang='lat' dir='ltr'>cum</span> <span class='ocrx_word' id='word_1_323' title='bbox 1336 2377 1381 2437; x_wconf 83' lang='lat' dir='ltr'>lex</span> <span class='ocrx_word' id='word_1_324' title='bbox 1395 2399 1447 2438; x_wconf 91' lang='lat' dir='ltr'>non</span> <span class='ocrx_word' id='word_1_325' title='bbox 1459 2392 1508 2439; x_wconf 83' lang='lat' dir='ltr'>est:</span> <span class='ocrx_word' id='word_1_326' title='bbox 1519 2379 1549 2441; x_wconf 87' lang='lat' dir='ltr'>Si</span> <span class='ocrx_word' id='word_1_327' title='bbox 1560 2401 1635 2462; x_wconf 83' lang='lat' dir='ltr'>ergo,</span> 
     </span>
     <span class='ocr_line' id='line_1_22' title="bbox 60 2466 1639 2555; baseline 0.003 -27"><span class='ocrx_word' id='word_1_328' title='bbox 60 2499 143 2549; x_wconf 74' lang='grc' dir='ltr'>σκον;</span> <span class='ocrx_word' id='word_1_329' title='bbox 160 2477 195 2534; x_wconf 81' lang='grc' dir='ltr'>Εἰ</span> <span class='ocrx_word' id='word_1_330' title='bbox 209 2478 261 2554; x_wconf 73' lang='grc' dir='ltr'>γὰρ</span> <span class='ocrx_word' id='word_1_331' title='bbox 275 2473 302 2542; x_wconf 79' lang='grc' dir='ltr'>ἐξ</span> <span class='ocrx_word' id='word_1_332' title='bbox 314 2474 472 2555; x_wconf 85' lang='grc' dir='ltr'>άμαρτίαςθ</span> <span class='ocrx_word' id='word_1_333' title='bbox 486 2472 595 2539; x_wconf 87' lang='grc' dir='ltr'>θάνατος</span> <span class='ocrx_word' id='word_1_334' title='bbox 612 2471 661 2543; x_wconf 73' lang='grc' dir='ltr'>τὴν</span> <span class='ocrx_word' id='word_1_335' title='bbox 674 2472 746 2551; x_wconf 81' lang='grc' dir='ltr'>ῥίζαν</span> <span class='ocrx_word' id='word_1_336' title='bbox 760 2469 832 2552; x_wconf 72' lang='grc' dir='ltr'>ἔσχε,</span> <span class='ocrx_word' id='word_1_337' title='bbox 887 2466 1001 2545; x_wconf 86' lang='lat' dir='ltr'>inquies,</span> <span class='ocrx_word' id='word_1_338' title='bbox 1007 2466 1059 2526; x_wconf 90' lang='lat' dir='ltr'>hoc</span> <span class='ocrx_word' id='word_1_339' title='bbox 1070 2480 1251 2548; x_wconf 83' lang='lat' dir='ltr'>peccatumex</span> <span class='ocrx_word' id='word_1_340' title='bbox 1263 2468 1330 2550; x_wconf 84' lang='lat' dir='ltr'>legis</span> <span class='ocrx_word' id='word_1_341' title='bbox 1339 2471 1548 2550; x_wconf 76' lang='lat' dir='ltr'>transgressione</span> <span class='ocrx_word' id='word_1_342' title='bbox 1559 2493 1639 2532; x_wconf 86' lang='lat' dir='ltr'><strong>mor·-</strong></span> 
     </span>
     <span class='ocr_line' id='line_1_23' title="bbox 59 2557 1632 2644; baseline 0.001 -23"><span class='ocrx_word' id='word_1_343' title='bbox 59 2566 141 2644; x_wconf 83' lang='grc' dir='ltr'>νόμου</span> <span class='ocrx_word' id='word_1_344' title='bbox 156 2565 184 2625; x_wconf 75' lang='grc' dir='ltr'>δὲ</span> <span class='ocrx_word' id='word_1_345' title='bbox 198 2568 246 2624; x_wconf 83' lang='grc' dir='ltr'>οὐκ</span> <span class='ocrx_word' id='word_1_346' title='bbox 264 2567 337 2633; x_wconf 86' lang='grc' dir='ltr'>ὄντος</span> <span class='ocrx_word' id='word_1_347' title='bbox 355 2571 372 2636; x_wconf 81' lang='grc' dir='ltr'><strong>ἡ</strong></span> <span class='ocrx_word' id='word_1_348' title='bbox 394 2563 513 2644; x_wconf 81' lang='grc' dir='ltr'>ἁμαρτία</span> <span class='ocrx_word' id='word_1_349' title='bbox 527 2569 575 2624; x_wconf 79' lang='grc' dir='ltr'>οὐκ</span> <span class='ocrx_word' id='word_1_350' title='bbox 588 2566 753 2643; x_wconf 77' lang='grc' dir='ltr'>ἐλλο-γοῑταε,</span> <span class='ocrx_word' id='word_1_351' title='bbox 776 2569 833 2630; x_wconf 80' lang='grc' dir='ltr'>πῶς</span> <span class='ocrx_word' id='word_1_352' title='bbox 887 2571 942 2617; x_wconf 65' lang='lat' dir='ltr'>lem</span> <span class='ocrx_word' id='word_1_353' title='bbox 960 2559 1078 2640; x_wconf 73' lang='lat' dir='ltr'>peperit,</span> <span class='ocrx_word' id='word_1_354' title='bbox 1098 2557 1301 2639; x_wconf 80' lang='lat' dir='ltr'>qu0m⁰d0q11i</span> <span class='ocrx_word' id='word_1_355' title='bbox 1320 2576 1382 2621; x_wconf 82' lang='lat' dir='ltr'>ante</span> <span class='ocrx_word' id='word_1_356' title='bbox 1402 2560 1489 2644; x_wconf 77' lang='lat' dir='ltr'>legent</span> <span class='ocrx_word' id='word_1_357' title='bbox 1509 2564 1632 2641; x_wconf 85' lang='lat' dir='ltr'>fuerunt,</span> 
     </span>
     <span class='ocr_line' id='line_1_24' title="bbox 58 2650 1632 2738; baseline 0.003 -24"><span class='ocrx_word' id='word_1_358' title='bbox 58 2664 73 2717; x_wconf 77' lang='grc' dir='ltr'>ὁ</span> <span class='ocrx_word' id='word_1_359' title='bbox 90 2658 199 2724; x_wconf 84' lang='grc' dir='ltr'>θάνατος</span> <span class='ocrx_word' id='word_1_360' title='bbox 223 2657 344 2738; x_wconf 73' lang='grc' dir='ltr'>ἐκράτει,</span> <span class='ocrx_word' id='word_1_361' title='bbox 370 2657 451 2716; x_wconf 87' lang='grc' dir='ltr'>Ὅθεν</span> <span class='ocrx_word' id='word_1_362' title='bbox 477 2659 575 2729; x_wconf 79' lang='grc' dir='ltr'>δῆλον,</span> <span class='ocrx_word' id='word_1_363' title='bbox 601 2654 642 2715; x_wconf 90' lang='grc' dir='ltr'>ὄτι</span> <span class='ocrx_word' id='word_1_364' title='bbox 661 2659 709 2736; x_wconf 77' lang='grc' dir='ltr'>οὐχ</span> <span class='ocrx_word' id='word_1_365' title='bbox 729 2652 795 2730; x_wconf 77' lang='grc' dir='ltr'>αῦτη</span> <span class='ocrx_word' id='word_1_366' title='bbox 815 2660 831 2728; x_wconf 74' lang='grc' dir='ltr'>ἡ</span> <span class='ocrx_word' id='word_1_367' title='bbox 852 2728 856 2737; x_wconf 34' lang='grc' dir='ltr'><strong><em>Ι</em></strong></span> <span class='ocrx_word' id='word_1_368' title='bbox 887 2671 979 2710; x_wconf 83' lang='lat' dir='ltr'>omnes</span> <span class='ocrx_word' id='word_1_369' title='bbox 989 2650 1090 2711; x_wconf 82' lang='lat' dir='ltr'>mortui</span> <span class='ocrx_word' id='word_1_370' title='bbox 1103 2653 1185 2710; x_wconf 80' lang='lat' dir='ltr'>sunt?</span> <span class='ocrx_word' id='word_1_371' title='bbox 1200 2652 1359 2715; x_wconf 80' lang='lat' dir='ltr'>Sienimex</span> <span class='ocrx_word' id='word_1_372' title='bbox 1373 2670 1567 2737; x_wconf 76' lang='lat' dir='ltr'>pecoetomors</span> <span class='ocrx_word' id='word_1_373' title='bbox 1586 2679 1632 2718; x_wconf 82' lang='lat' dir='ltr'>rn-</span> 
     </span>
     <span class='ocr_line' id='line_1_25' title="bbox 59 2745 1637 2832; baseline 0.002 -24"><span class='ocrx_word' id='word_1_374' title='bbox 59 2749 208 2830; x_wconf 77' lang='grc' dir='ltr'>ἇμαρτίαή</span> <span class='ocrx_word' id='word_1_375' title='bbox 225 2755 273 2822; x_wconf 72' lang='grc' dir='ltr'>τῆς</span> <span class='ocrx_word' id='word_1_376' title='bbox 287 2756 332 2808; x_wconf 88' lang='grc' dir='ltr'>τοῦ</span> <span class='ocrx_word' id='word_1_377' title='bbox 345 2750 425 2828; x_wconf 87' lang='grc' dir='ltr'>νόμου</span> <span class='ocrx_word' id='word_1_378' title='bbox 437 2750 628 2831; x_wconf 77' lang='grc' dir='ltr'>παραίίάσεως,</span> <span class='ocrx_word' id='word_1_379' title='bbox 644 2749 702 2807; x_wconf 79' lang='grc' dir='ltr'>ἀλλ’</span> <span class='ocrx_word' id='word_1_380' title='bbox 716 2747 831 2820; x_wconf 78' lang='grc' dir='ltr'>ἐκείνηή</span> <span class='ocrx_word' id='word_1_381' title='bbox 848 2755 869 2804; x_wconf 84' lang='lat' dir='ltr'>C</span> <span class='ocrx_word' id='word_1_382' title='bbox 887 2745 976 2805; x_wconf 88' lang='lat' dir='ltr'>dicem</span> <span class='ocrx_word' id='word_1_383' title='bbox 993 2746 1106 2825; x_wconf 81' lang='lat' dir='ltr'>habuit,</span> <span class='ocrx_word' id='word_1_384' title='bbox 1121 2759 1148 2805; x_wconf 91' lang='lat' dir='ltr'>et</span> <span class='ocrx_word' id='word_1_385' title='bbox 1168 2746 1191 2805; x_wconf 88' lang='lat' dir='ltr'>si</span> <span class='ocrx_word' id='word_1_386' title='bbox 1210 2766 1264 2806; x_wconf 89' lang='lat' dir='ltr'>non</span> <span class='ocrx_word' id='word_1_387' title='bbox 1281 2762 1404 2809; x_wconf 77' lang='lat' dir='ltr'>exstante</span> <span class='ocrx_word' id='word_1_388' title='bbox 1422 2749 1481 2829; x_wconf 78' lang='lat' dir='ltr'>iege</span> <span class='ocrx_word' id='word_1_389' title='bbox 1490 2766 1637 2832; x_wconf 75' lang='lat' dir='ltr'>&#39;peceatum</span> 
     </span>
     <span class='ocr_line' id='line_1_26' title="bbox 60 2835 1643 2926; baseline 0.001 -24"><span class='ocrx_word' id='word_1_390' title='bbox 60 2848 109 2914; x_wconf 69' lang='grc' dir='ltr'>τῆς</span> <span class='ocrx_word' id='word_1_391' title='bbox 119 2851 164 2902; x_wconf 87' lang='grc' dir='ltr'>τοῦ</span> <span class='ocrx_word' id='word_1_392' title='bbox 178 2843 264 2918; x_wconf 65' lang='lat' dir='ltr'>‘stup</span> <span class='ocrx_word' id='word_1_393' title='bbox 279 2848 435 2926; x_wconf 74' lang='grc' dir='ltr'>παρακοῆς,</span> <span class='ocrx_word' id='word_1_394' title='bbox 451 2842 517 2915; x_wconf 82' lang='grc' dir='ltr'>αῦτη</span> <span class='ocrx_word' id='word_1_395' title='bbox 529 2835 561 2914; x_wconf 74' lang='grc' dir='ltr'>ἧν</span> <span class='ocrx_word' id='word_1_396' title='bbox 574 2846 590 2913; x_wconf 82' lang='grc' dir='ltr'>ἡ</span> <span class='ocrx_word' id='word_1_397' title='bbox 603 2842 691 2901; x_wconf 87' lang='grc' dir='ltr'>πάντα</span> <span class='ocrx_word' id='word_1_398' title='bbox 703 2845 832 2919; x_wconf 86' lang='grc' dir='ltr'>λυμαινο-</span> <span class='ocrx_word' id='word_1_399' title='bbox 888 2860 941 2898; x_wconf 80' lang='grc' dir='ltr'>που</span> <span class='ocrx_word' id='word_1_400' title='bbox 950 2839 1643 2920; x_wconf 70' lang='lat' dir='ltr'>imputetur,quomodomorsdominubuturiUnde·¹</span> 
     </span>
     <span class='ocr_line' id='line_1_27' title="bbox 62 2931 1634 3016; baseline 0.001 -21"><span class='ocrx_word' id='word_1_401' title='bbox 62 2936 139 3013; x_wconf 82' lang='grc' dir='ltr'>μένη.</span> <span class='ocrx_word' id='word_1_402' title='bbox 163 2937 216 2995; x_wconf 78' lang='grc' dir='ltr'>Καὶ</span> <span class='ocrx_word' id='word_1_403' title='bbox 238 2936 277 3002; x_wconf 92' lang='grc' dir='ltr'>τίς</span> <span class='ocrx_word' id='word_1_404' title='bbox 297 2940 314 3006; x_wconf 80' lang='grc' dir='ltr'><strong>ἡ</strong></span> <span class='ocrx_word' id='word_1_405' title='bbox 335 2935 427 2995; x_wconf 79' lang='grc' dir='ltr'>τούτου</span> <span class='ocrx_word' id='word_1_406' title='bbox 445 2932 577 3002; x_wconf 75' lang='grc' dir='ltr'>ἀπόδειξις</span> <span class='ocrx_word' id='word_1_407' title='bbox 588 2959 596 3008; x_wconf 89' lang='lat'>;</span> <span class='ocrx_word' id='word_1_408' title='bbox 608 2934 649 2993; x_wconf 86' lang='grc' dir='ltr'>Τθ</span> <span class='ocrx_word' id='word_1_409' title='bbox 665 2932 711 2992; x_wconf 86' lang='grc' dir='ltr'>καί</span> <span class='ocrx_word' id='word_1_410' title='bbox 723 2934 776 3012; x_wconf 86' lang='grc' dir='ltr'>πρδ</span> <span class='ocrx_word' id='word_1_411' title='bbox 788 2940 834 2992; x_wconf 87' lang='grc' dir='ltr'>τοῦ</span> <span class='ocrx_word' id='word_1_412' title='bbox 888 2931 978 3012; x_wconf 77' lang='lat' dir='ltr'>palam</span> <span class='ocrx_word' id='word_1_413' title='bbox 986 2944 1096 3010; x_wconf 89' lang='lat' dir='ltr'>est,non</span> <span class='ocrx_word' id='word_1_414' title='bbox 1107 2944 1247 3012; x_wconf 78' lang='lat' dir='ltr'>peccatum</span> <span class='ocrx_word' id='word_1_415' title='bbox 1255 2931 1335 3010; x_wconf 83' lang='lat' dir='ltr'>iilud,</span> <span class='ocrx_word' id='word_1_416' title='bbox 1343 2932 1417 3012; x_wconf 92' lang='lat' dir='ltr'>quod</span> <span class='ocrx_word' id='word_1_417' title='bbox 1426 2948 1465 2994; x_wconf 89' lang='lat' dir='ltr'>est</span> <span class='ocrx_word' id='word_1_418' title='bbox 1472 2935 1540 3016; x_wconf 83' lang='lat' dir='ltr'>legis</span> <span class='ocrx_word' id='word_1_419' title='bbox 1550 2949 1634 2996; x_wconf 78' lang='lat' dir='ltr'>trans-</span> 
     </span>
     <span class='ocr_line' id='line_1_28' title="bbox 61 3015 1633 3109; baseline 0.004 -25"><span class='ocrx_word' id='word_1_420' title='bbox 61 3027 144 3105; x_wconf 88' lang='grc' dir='ltr'>νόμοο</span> <span class='ocrx_word' id='word_1_421' title='bbox 157 3015 259 3095; x_wconf 79' lang='grc' dir='ltr'>πάντας</span> <span class='ocrx_word' id='word_1_422' title='bbox 275 3028 458 3100; x_wconf 70' lang='grc' dir='ltr'>ἀποθνήσκειν.</span> <span class='ocrx_word' id='word_1_423' title='bbox 481 3025 657 3086; x_wconf 56' lang='lat' dir='ltr'>’Estiones</span> <span class='ocrx_word' id='word_1_424' title='bbox 668 3024 719 3104; x_wconf 73' lang='grc' dir='ltr'>γάρ</span> <span class='ocrx_word' id='word_1_425' title='bbox 731 3024 834 3104; x_wconf 81' lang='grc' dir='ltr'>θθάνα·</span> <span class='ocrx_word' id='word_1_426' title='bbox 888 3024 998 3104; x_wconf 82' lang='lat' dir='ltr'>gressio,</span> <span class='ocrx_word' id='word_1_427' title='bbox 1011 3022 1058 3083; x_wconf 88' lang='lat' dir='ltr'>sed</span> <span class='ocrx_word' id='word_1_428' title='bbox 1072 3023 1143 3083; x_wconf 91' lang='lat' dir='ltr'>illud</span> <span class='ocrx_word' id='word_1_429' title='bbox 1158 3023 1254 3085; x_wconf 76' lang='lat' dir='ltr'>Adnmi</span> <span class='ocrx_word' id='word_1_430' title='bbox 1273 3041 1411 3105; x_wconf 75' lang='lat' dir='ltr'>peccatum</span> <span class='ocrx_word' id='word_1_431' title='bbox 1430 3027 1633 3109; x_wconf 76' lang='lat' dir='ltr'>inobedientiae,</span> 
     </span>
     <span class='ocr_line' id='line_1_29' title="bbox 62 3116 1641 3203; baseline 0.003 -25"><span class='ocrx_word' id='word_1_432' title='bbox 62 3144 125 3194; x_wconf 87' lang='grc' dir='ltr'>τος,</span> <span class='ocrx_word' id='word_1_433' title='bbox 147 3120 244 3200; x_wconf 77' lang='grc' dir='ltr'>φησὶν,</span> <span class='ocrx_word' id='word_1_434' title='bbox 263 3120 316 3180; x_wconf 82' lang='grc' dir='ltr'>άπὸ</span> <span class='ocrx_word' id='word_1_435' title='bbox 337 3118 421 3198; x_wconf 67' lang='grc' dir='ltr'>Ἀδάμ</span> <span class='ocrx_word' id='word_1_436' title='bbox 445 3118 524 3199; x_wconf 79' lang='grc' dir='ltr'>μέχρι</span> <span class='ocrx_word' id='word_1_437' title='bbox 547 3116 702 3190; x_wconf 80' lang='grc' dir='ltr'>Μωῦσίως,</span> <span class='ocrx_word' id='word_1_438' title='bbox 724 3117 770 3176; x_wconf 84' lang='grc' dir='ltr'>καὶ</span> <span class='ocrx_word' id='word_1_439' title='bbox 790 3116 835 3176; x_wconf 66' lang='lat' dir='ltr'>tut</span> <span class='ocrx_word' id='word_1_440' title='bbox 886 3118 1034 3199; x_wconf 88' lang='lat' dir='ltr'>ipsummet</span> <span class='ocrx_word' id='word_1_441' title='bbox 1047 3117 1130 3178; x_wconf 83' lang='lat' dir='ltr'>fuisse</span> <span class='ocrx_word' id='word_1_442' title='bbox 1137 3117 1212 3197; x_wconf 87' lang='lat' dir='ltr'>quod</span> <span class='ocrx_word' id='word_1_443' title='bbox 1222 3119 1312 3179; x_wconf 84' lang='lat' dir='ltr'>omnia</span> <span class='ocrx_word' id='word_1_444' title='bbox 1321 3120 1451 3201; x_wconf 87' lang='lat' dir='ltr'>perdidit.</span> <span class='ocrx_word' id='word_1_445' title='bbox 1462 3122 1498 3182; x_wconf 84' lang='lat' dir='ltr'>Et</span> <span class='ocrx_word' id='word_1_446' title='bbox 1509 3145 1641 3203; x_wconf 79' lang='lat' dir='ltr'>quaenam·</span> 
     </span>
     <span class='ocr_line' id='line_1_30' title="bbox 63 3208 1639 3295; baseline 0.004 -25"><span class='ocrx_word' id='word_1_447' title='bbox 63 3211 124 3278; x_wconf 82' lang='grc' dir='ltr'>τοὺς</span> <span class='ocrx_word' id='word_1_448' title='bbox 147 3211 185 3288; x_wconf 81' lang='grc' dir='ltr'>μὴ</span> <span class='ocrx_word' id='word_1_449' title='bbox 202 3212 415 3291; x_wconf 70' lang='grc' dir='ltr'>ἁμαρτήσαντας.</span> <span class='ocrx_word' id='word_1_450' title='bbox 440 3213 504 3277; x_wconf 87' lang='grc' dir='ltr'>Πῶς</span> <span class='ocrx_word' id='word_1_451' title='bbox 523 3210 708 3289; x_wconf 75' lang='grc' dir='ltr'>ἐβασίλευσεν,</span> <span class='ocrx_word' id='word_1_452' title='bbox 728 3208 775 3268; x_wconf 83' lang='grc' dir='ltr'>Ἐν</span> <span class='ocrx_word' id='word_1_453' title='bbox 796 3210 835 3287; x_wconf 84' lang='grc' dir='ltr'>τῷ</span> <span class='ocrx_word' id='word_1_454' title='bbox 887 3210 971 3292; x_wconf 81' lang='lat' dir='ltr'>hujus</span> <span class='ocrx_word' id='word_1_455' title='bbox 989 3209 1028 3270; x_wconf 77' lang='lat' dir='ltr'>nei</span> <span class='ocrx_word' id='word_1_456' title='bbox 1046 3210 1171 3291; x_wconf 76' lang='lat' dir='ltr'>probatio</span> <span class='ocrx_word' id='word_1_457' title='bbox 1185 3210 1245 3271; x_wconf 80' lang='lat' dir='ltr'>est?</span> <span class='ocrx_word' id='word_1_458' title='bbox 1264 3210 1345 3288; x_wconf 93' lang='lat' dir='ltr'>Quod</span> <span class='ocrx_word' id='word_1_459' title='bbox 1359 3227 1421 3274; x_wconf 79' lang='lat' dir='ltr'>ente</span> <span class='ocrx_word' id='word_1_460' title='bbox 1437 3215 1525 3295; x_wconf 79' lang='lat' dir='ltr'>legem</span> <span class='ocrx_word' id='word_1_461' title='bbox 1541 3237 1639 3279; x_wconf 81' lang='lat' dir='ltr'>ornnes·</span> 
     </span>
     <span class='ocr_line' id='line_1_31' title="bbox 62 3290 1642 3388; baseline 0.004 -27"><span class='ocrx_word' id='word_1_462' title='bbox 62 3302 214 3381; x_wconf 78' lang='grc' dir='ltr'>ὁμοιώματι</span> <span class='ocrx_word' id='word_1_463' title='bbox 227 3310 275 3376; x_wconf 83' lang='grc' dir='ltr'>τῆς</span> <span class='ocrx_word' id='word_1_464' title='bbox 287 3303 463 3384; x_wconf 78' lang='grc' dir='ltr'>παραὸάσεευς</span> <span class='ocrx_word' id='word_1_465' title='bbox 477 3303 575 3381; x_wconf 75' lang='grc' dir='ltr'>Ἀδάμ,</span> <span class='ocrx_word' id='word_1_466' title='bbox 588 3303 615 3370; x_wconf 86' lang='grc' dir='ltr'>ὄς</span> <span class='ocrx_word' id='word_1_467' title='bbox 627 3305 684 3362; x_wconf 77' lang='grc' dir='ltr'>ἔστι</span> <span class='ocrx_word' id='word_1_468' title='bbox 696 3299 777 3369; x_wconf 77' lang='grc' dir='ltr'>τύπος</span> <span class='ocrx_word' id='word_1_469' title='bbox 789 3305 836 3360; x_wconf 75' lang='grc' dir='ltr'>τοῦ</span> <span class='ocrx_word' id='word_1_470' title='bbox 887 3316 1063 3362; x_wconf 82' lang='lat' dir='ltr'>morerentur.</span> <span class='ocrx_word' id='word_1_471' title='bbox 1075 3305 1122 3363; x_wconf 77' lang='grc' dir='ltr'>ίό.</span> <span class='ocrx_word' id='word_1_472' title='bbox 1135 3306 1280 3386; x_wconf 74' lang='lat' dir='ltr'>Regnavit</span> <span class='ocrx_word' id='word_1_473' title='bbox 1290 3290 1367 3363; x_wconf 84' lang='lat' dir='ltr'>enim</span> <span class='ocrx_word' id='word_1_474' title='bbox 1379 3327 1467 3382; x_wconf 84' lang='lat' dir='ltr'>mors,</span> <span class='ocrx_word' id='word_1_475' title='bbox 1477 3307 1577 3388; x_wconf 80' lang='lat' dir='ltr'>inquit,</span> <span class='ocrx_word' id='word_1_476' title='bbox 1594 3313 1642 3372; x_wconf 74' lang='lat' dir='ltr'>aiu</span> 
     </span>
     <span class='ocr_line' id='line_1_32' title="bbox 64 3393 1644 3482; baseline 0.005 -29"><span class='ocrx_word' id='word_1_477' title='bbox 64 3395 215 3473; x_wconf 77' lang='grc' dir='ltr'>μέλλοντος.</span> <span class='ocrx_word' id='word_1_478' title='bbox 250 3396 302 3455; x_wconf 78' lang='grc' dir='ltr'>Διὰ</span> <span class='ocrx_word' id='word_1_479' title='bbox 318 3395 370 3475; x_wconf 76' lang='grc' dir='ltr'>γὰρ</span> <span class='ocrx_word' id='word_1_480' title='bbox 392 3404 468 3456; x_wconf 82' lang='grc' dir='ltr'>τοῦτο</span> <span class='ocrx_word' id='word_1_481' title='bbox 489 3396 534 3454; x_wconf 81' lang='grc' dir='ltr'>καλ</span> <span class='ocrx_word' id='word_1_482' title='bbox 553 3395 633 3463; x_wconf 81' lang='grc' dir='ltr'>τύπος</span> <span class='ocrx_word' id='word_1_483' title='bbox 657 3393 727 3454; x_wconf 77' lang='grc' dir='ltr'>ἐστίν</span> <span class='ocrx_word' id='word_1_484' title='bbox 747 3393 835 3464; x_wconf 80' lang='grc' dir='ltr'>Ἰησοῦ</span> <span class='ocrx_word' id='word_1_485' title='bbox 889 3396 991 3455; x_wconf 76' lang='lat' dir='ltr'>Adam</span> <span class='ocrx_word' id='word_1_486' title='bbox 1003 3399 1290 3479; x_wconf 77' lang='lat' dir='ltr'>usqueadMoysem</span> <span class='ocrx_word' id='word_1_487' title='bbox 1302 3400 1392 3457; x_wconf 86' lang='lat' dir='ltr'>etiam</span> <span class='ocrx_word' id='word_1_488' title='bbox 1402 3402 1435 3457; x_wconf 84' lang='lat' dir='ltr'>in</span> <span class='ocrx_word' id='word_1_489' title='bbox 1445 3420 1502 3477; x_wconf 85' lang='lat' dir='ltr'>eos,</span> <span class='ocrx_word' id='word_1_490' title='bbox 1514 3406 1567 3482; x_wconf 80' lang='lat' dir='ltr'>qui</span> <span class='ocrx_word' id='word_1_491' title='bbox 1575 3422 1644 3461; x_wconf 72' lang='lat' dir='ltr'><strong>non»</strong></span> 
     </span>
     <span class='ocr_line' id='line_1_33' title="bbox 64 3483 1635 3569; baseline 0.004 -22"><span class='ocrx_word' id='word_1_492' title='bbox 64 3490 181 3567; x_wconf 81' lang='grc' dir='ltr'>Χριστοῦ</span> <span class='ocrx_word' id='word_1_493' title='bbox 199 3487 319 3567; x_wconf 79' lang='grc' dir='ltr'>θἈδάμ.</span> <span class='ocrx_word' id='word_1_494' title='bbox 342 3491 406 3557; x_wconf 84' lang='grc' dir='ltr'>Πῶς</span> <span class='ocrx_word' id='word_1_495' title='bbox 423 3488 518 3562; x_wconf 85' lang='grc' dir='ltr'>τύπος,</span> <span class='ocrx_word' id='word_1_496' title='bbox 538 3488 631 3569; x_wconf 74' lang='grc' dir='ltr'>ρησίνς</span> <span class='ocrx_word' id='word_1_497' title='bbox 648 3483 836 3566; x_wconf 82' lang='grc' dir='ltr'>Ὅτι,ώσπερ</span> <span class='ocrx_word' id='word_1_498' title='bbox 886 3501 1091 3568; x_wconf 81' lang='lat' dir='ltr'>peceaverunt.</span> <span class='ocrx_word' id='word_1_499' title='bbox 1115 3488 1261 3561; x_wconf 87' lang='lat' dir='ltr'><strong>Quomodo</strong></span> <span class='ocrx_word' id='word_1_500' title='bbox 1281 3489 1424 3568; x_wconf 75' lang='lat' dir='ltr'>regnavit?</span> <span class='ocrx_word' id='word_1_501' title='bbox 1440 3495 1484 3550; x_wconf 84' lang='lat' dir='ltr'>In.</span> <span class='ocrx_word' id='word_1_502' title='bbox 1496 3493 1635 3553; x_wconf 76' lang='lat' dir='ltr'>similitu·</span> 
     </span>
     <span class='ocr_line' id='line_1_34' title="bbox 64 3579 1644 3667; baseline 0.003 -26"><span class='ocrx_word' id='word_1_503' title='bbox 64 3586 163 3648; x_wconf 82' lang='grc' dir='ltr'>ἐκεῖνος</span> <span class='ocrx_word' id='word_1_504' title='bbox 176 3590 229 3649; x_wconf 85' lang='grc' dir='ltr'>τοῖς</span> <span class='ocrx_word' id='word_1_505' title='bbox 241 3581 267 3650; x_wconf 82' lang='grc' dir='ltr'>ἐξ</span> <span class='ocrx_word' id='word_1_506' title='bbox 278 3585 365 3652; x_wconf 80' lang='grc' dir='ltr'>αὐτοῦ,</span> <span class='ocrx_word' id='word_1_507' title='bbox 380 3582 467 3641; x_wconf 87' lang='grc' dir='ltr'>καίτοι</span> <span class='ocrx_word' id='word_1_508' title='bbox 483 3606 512 3661; x_wconf 92' lang='grc' dir='ltr'>γε</span> <span class='ocrx_word' id='word_1_509' title='bbox 529 3582 566 3657; x_wconf 80' lang='grc' dir='ltr'>μὴ</span> <span class='ocrx_word' id='word_1_510' title='bbox 581 3587 706 3660; x_wconf 80' lang='grc' dir='ltr'>φαγοῦσιν</span> <span class='ocrx_word' id='word_1_511' title='bbox 725 3579 778 3639; x_wconf 80' lang='grc' dir='ltr'>ἀπὸ</span> <span class='ocrx_word' id='word_1_512' title='bbox 790 3585 836 3640; x_wconf 88' lang='grc' dir='ltr'>τοῦ</span> <span class='ocrx_word' id='word_1_513' title='bbox 889 3582 989 3640; x_wconf 80' lang='lat' dir='ltr'>dinem</span> <span class='ocrx_word' id='word_1_514' title='bbox 1008 3583 1266 3661; x_wconf 72' lang='lat' dir='ltr'>prevaricationis</span> <span class='ocrx_word' id='word_1_515' title='bbox 1286 3579 1381 3659; x_wconf 64' lang='lat' dir='ltr'>Aue,</span> <span class='ocrx_word' id='word_1_516' title='bbox 1405 3587 1457 3664; x_wconf 86' lang='lat' dir='ltr'>qui</span> <span class='ocrx_word' id='word_1_517' title='bbox 1481 3597 1524 3644; x_wconf 87' lang='lat' dir='ltr'>est</span> <span class='ocrx_word' id='word_1_518' title='bbox 1526 3585 1644 3667; x_wconf 70' lang='lat' dir='ltr'>sigum·</span> 
     </span>
     <span class='ocr_line' id='line_1_35' title="bbox 65 3672 1634 3757; baseline 0.004 -27"><span class='ocrx_word' id='word_1_519' title='bbox 65 3672 153 3743; x_wconf 79' lang='grc' dir='ltr'>ξύλου,</span> <span class='ocrx_word' id='word_1_520' title='bbox 163 3673 267 3753; x_wconf 79' lang='grc' dir='ltr'>γέγονεν</span> <span class='ocrx_word' id='word_1_521' title='bbox 280 3674 362 3740; x_wconf 83' lang='grc' dir='ltr'>αἴτιος</span> <span class='ocrx_word' id='word_1_522' title='bbox 374 3673 484 3732; x_wconf 88' lang='grc' dir='ltr'>θανάτου</span> <span class='ocrx_word' id='word_1_523' title='bbox 497 3678 543 3732; x_wconf 88' lang='grc' dir='ltr'>τοῦ</span> <span class='ocrx_word' id='word_1_524' title='bbox 555 3673 599 3732; x_wconf 80' lang='grc' dir='ltr'>διδ</span> <span class='ocrx_word' id='word_1_525' title='bbox 609 3672 657 3744; x_wconf 73' lang='grc' dir='ltr'>τὴν</span> <span class='ocrx_word' id='word_1_526' title='bbox 669 3675 767 3751; x_wconf 83' lang='grc' dir='ltr'>βρῶσιν</span> <span class='ocrx_word' id='word_1_527' title='bbox 778 3673 835 3730; x_wconf 87' lang='grc' dir='ltr'>εἰσ·</span> <span class='ocrx_word' id='word_1_528' title='bbox 880 3677 994 3757; x_wconf 81' lang='lat' dir='ltr'>futuri.</span> <span class='ocrx_word' id='word_1_529' title='bbox 1007 3674 1071 3734; x_wconf 85' lang='lat' dir='ltr'>ldeo</span> <span class='ocrx_word' id='word_1_530' title='bbox 1084 3674 1156 3734; x_wconf 87' lang='lat' dir='ltr'>enim</span> <span class='ocrx_word' id='word_1_531' title='bbox 1170 3687 1252 3756; x_wconf 85' lang='lat' dir='ltr'>typus</span> <span class='ocrx_word' id='word_1_532' title='bbox 1262 3687 1301 3734; x_wconf 89' lang='lat' dir='ltr'>est</span> <span class='ocrx_word' id='word_1_533' title='bbox 1319 3674 1422 3734; x_wconf 83' lang='lat' dir='ltr'>Christi</span> <span class='ocrx_word' id='word_1_534' title='bbox 1440 3675 1538 3736; x_wconf 74' lang='lat' dir='ltr'><strong>Adam.</strong></span> <span class='ocrx_word' id='word_1_535' title='bbox 1553 3681 1634 3752; x_wconf 89' lang='lat' dir='ltr'>Quo-</span> 
     </span>
     <span class='ocr_line' id='line_1_36' title="bbox 66 3765 1633 3850; baseline 0.006 -27"><span class='ocrx_word' id='word_1_536' title='bbox 66 3765 208 3845; x_wconf 80' lang='grc' dir='ltr'>αχθέντος·</span> <span class='ocrx_word' id='word_1_537' title='bbox 228 3765 297 3825; x_wconf 82' lang='grc' dir='ltr'>οότω</span> <span class='ocrx_word' id='word_1_538' title='bbox 309 3766 355 3824; x_wconf 83' lang='grc' dir='ltr'>καί</span> <span class='ocrx_word' id='word_1_539' title='bbox 373 3771 387 3825; x_wconf 87' lang='grc' dir='ltr'>θ</span> <span class='ocrx_word' id='word_1_540' title='bbox 400 3766 515 3848; x_wconf 82' lang='grc' dir='ltr'>Χριστὸς</span> <span class='ocrx_word' id='word_1_541' title='bbox 529 3775 583 3834; x_wconf 89' lang='grc' dir='ltr'>τοῖς</span> <span class='ocrx_word' id='word_1_542' title='bbox 599 3765 625 3834; x_wconf 79' lang='grc' dir='ltr'>ἐξ</span> <span class='ocrx_word' id='word_1_543' title='bbox 640 3768 736 3839; x_wconf 84' lang='grc' dir='ltr'>αὐτοῦ,</span> <span class='ocrx_word' id='word_1_544' title='bbox 750 3765 837 3823; x_wconf 88' lang='grc' dir='ltr'>καίτοι</span> <span class='ocrx_word' id='word_1_545' title='bbox 855 3779 873 3826; x_wconf 90' lang='lat' dir='ltr'><strong>n</strong></span> <span class='ocrx_word' id='word_1_546' title='bbox 889 3769 980 3845; x_wconf 91' lang='lat' dir='ltr'>modo,</span> <span class='ocrx_word' id='word_1_547' title='bbox 992 3769 1107 3848; x_wconf 85' lang='lat' dir='ltr'>inquies,</span> <span class='ocrx_word' id='word_1_548' title='bbox 1124 3767 1229 3850; x_wconf 80' lang='lat' dir='ltr'>typus?</span> <span class='ocrx_word' id='word_1_549' title='bbox 1240 3768 1322 3843; x_wconf 82' lang='lat' dir='ltr'>Quin·</span> <span class='ocrx_word' id='word_1_550' title='bbox 1331 3769 1402 3828; x_wconf 87' lang='lat' dir='ltr'>siout</span> <span class='ocrx_word' id='word_1_551' title='bbox 1415 3770 1462 3829; x_wconf 86' lang='lat' dir='ltr'>ille</span> <span class='ocrx_word' id='word_1_552' title='bbox 1473 3791 1506 3829; x_wconf 89' lang='lat' dir='ltr'>ex</span> <span class='ocrx_word' id='word_1_553' title='bbox 1519 3791 1547 3832; x_wconf 90' lang='lat' dir='ltr'>se</span> <span class='ocrx_word' id='word_1_554' title='bbox 1556 3773 1633 3846; x_wconf 86' lang='lat' dir='ltr'>ortis,</span> 
     </span>
     <span class='ocr_line' id='line_1_37' title="bbox 64 3857 1635 3941; baseline 0.006 -25"><span class='ocrx_word' id='word_1_555' title='bbox 64 3881 97 3931; x_wconf 89' lang='grc' dir='ltr'>γε</span> <span class='ocrx_word' id='word_1_556' title='bbox 110 3859 139 3915; x_wconf 84' lang='grc' dir='ltr'>οὗ</span> <span class='ocrx_word' id='word_1_557' title='bbox 152 3858 409 3938; x_wconf 77' lang='grc' dir='ltr'>δικαιοπραγήσασι,</span> <span class='ocrx_word' id='word_1_558' title='bbox 427 3857 516 3938; x_wconf 83' lang='grc' dir='ltr'>γε’γονε</span> <span class='ocrx_word' id='word_1_559' title='bbox 527 3858 649 3941; x_wconf 74' lang='grc' dir='ltr'>πρόξενος</span> <span class='ocrx_word' id='word_1_560' title='bbox 659 3857 842 3930; x_wconf 60' lang='lat' dir='ltr'>intentius·</span> <span class='ocrx_word' id='word_1_561' title='bbox 889 3861 953 3921; x_wconf 82' lang='lat' dir='ltr'>licet</span> <span class='ocrx_word' id='word_1_562' title='bbox 966 3883 1020 3920; x_wconf 89' lang='lat' dir='ltr'>non</span> <span class='ocrx_word' id='word_1_563' title='bbox 1036 3860 1207 3921; x_wconf 79' lang='lat' dir='ltr'>oomedorint</span> <span class='ocrx_word' id='word_1_564' title='bbox 1221 3860 1256 3919; x_wconf 86' lang='lat' dir='ltr'>de</span> <span class='ocrx_word' id='word_1_565' title='bbox 1277 3861 1360 3940; x_wconf 76' lang='lat' dir='ltr'>ligno,</span> <span class='ocrx_word' id='word_1_566' title='bbox 1374 3881 1454 3920; x_wconf 74' lang='lat' dir='ltr'>causa</span> <span class='ocrx_word' id='word_1_567' title='bbox 1470 3863 1523 3921; x_wconf 81' lang='lat' dir='ltr'>fuit</span> <span class='ocrx_word' id='word_1_568' title='bbox 1538 3865 1635 3925; x_wconf 81' lang='lat' dir='ltr'>mortis</span> 
     </span>
     <span class='ocr_line' id='line_1_38' title="bbox 64 3947 1635 4034; baseline 0.008 -30"><span class='ocrx_word' id='word_1_569' title='bbox 64 3949 99 4020; x_wconf 73' lang='grc' dir='ltr'>ἣν</span> <span class='ocrx_word' id='word_1_570' title='bbox 111 3947 154 4006; x_wconf 77' lang='grc' dir='ltr'>διὰ</span> <span class='ocrx_word' id='word_1_571' title='bbox 166 3955 211 4009; x_wconf 90' lang='grc' dir='ltr'>τοῦ</span> <span class='ocrx_word' id='word_1_572' title='bbox 231 3955 344 4031; x_wconf 87' lang='grc' dir='ltr'>σταυροῦ</span> <span class='ocrx_word' id='word_1_573' title='bbox 355 3961 436 4009; x_wconf 81' lang='grc' dir='ltr'>πᾶσιν</span> <span class='ocrx_word' id='word_1_574' title='bbox 446 3956 512 4029; x_wconf 75' lang='grc' dir='ltr'>ἡμῖν</span> <span class='ocrx_word' id='word_1_575' title='bbox 530 3950 684 4032; x_wconf 79' lang='grc' dir='ltr'>ἐχαρίσατο.</span> <span class='ocrx_word' id='word_1_576' title='bbox 698 3947 751 4009; x_wconf 73' lang='lat' dir='ltr'>did</span> <span class='ocrx_word' id='word_1_577' title='bbox 762 3954 838 4009; x_wconf 91' lang='grc' dir='ltr'>τοῦτο</span> <span class='ocrx_word' id='word_1_578' title='bbox 890 3954 1040 4034; x_wconf 84' lang='lat' dir='ltr'>percibum</span> <span class='ocrx_word' id='word_1_579' title='bbox 1050 3951 1253 4012; x_wconf 82' lang='lat' dir='ltr'>illumindnctn</span> <span class='ocrx_word' id='word_1_580' title='bbox 1264 3975 1273 4009; x_wconf 78' lang='grc' dir='ltr'>ε</span> <span class='ocrx_word' id='word_1_581' title='bbox 1283 3952 1319 4010; x_wconf 74' lang='lat' dir='ltr'>ita</span> <span class='ocrx_word' id='word_1_582' title='bbox 1329 3950 1488 4014; x_wconf 79' lang='lat' dir='ltr'>etChnistus</span> <span class='ocrx_word' id='word_1_583' title='bbox 1496 3953 1561 4032; x_wconf 89' lang='lat' dir='ltr'>suis,</span> <span class='ocrx_word' id='word_1_584' title='bbox 1573 3956 1635 4016; x_wconf 85' lang='lat' dir='ltr'>iicet</span> 
     </span>
     <span class='ocr_line' id='line_1_39' title="bbox 65 4038 1635 4128; baseline 0.002 -21"><span class='ocrx_word' id='word_1_585' title='bbox 65 4039 123 4096; x_wconf 73' lang='grc' dir='ltr'>ἅνω</span> <span class='ocrx_word' id='word_1_586' title='bbox 134 4038 259 4100; x_wconf 53' lang='lat' dir='ltr'>tuition</span> <span class='ocrx_word' id='word_1_587' title='bbox 269 4049 314 4101; x_wconf 77' lang='grc' dir='ltr'>τοῦ</span> <span class='ocrx_word' id='word_1_588' title='bbox 326 4041 381 4109; x_wconf 67' lang='grc' dir='ltr'>ἑνὸς</span> <span class='ocrx_word' id='word_1_589' title='bbox 393 4040 501 4122; x_wconf 62' lang='grc' dir='ltr'>ἔχεται,</span> <span class='ocrx_word' id='word_1_590' title='bbox 512 4042 557 4101; x_wconf 69' lang='grc' dir='ltr'>καὶ</span> <span class='ocrx_word' id='word_1_591' title='bbox 566 4044 680 4122; x_wconf 70' lang='grc' dir='ltr'>οννοχῶς</span> <span class='ocrx_word' id='word_1_592' title='bbox 693 4039 791 4100; x_wconf 67' lang='grc' dir='ltr'>ιτοῦτο</span> <span class='ocrx_word' id='word_1_593' title='bbox 801 4043 837 4106; x_wconf 74' lang='grc' dir='ltr'>τίς</span> <span class='ocrx_word' id='word_1_594' title='bbox 891 4067 943 4106; x_wconf 92' lang='lat' dir='ltr'>non</span> <span class='ocrx_word' id='word_1_595' title='bbox 954 4047 1028 4128; x_wconf 84' lang='lat' dir='ltr'>juste</span> <span class='ocrx_word' id='word_1_596' title='bbox 1043 4044 1159 4126; x_wconf 79' lang='lat' dir='ltr'>egerint,</span> <span class='ocrx_word' id='word_1_597' title='bbox 1176 4045 1288 4126; x_wconf 71' lang='lat' dir='ltr'>justitie</span> <span class='ocrx_word' id='word_1_598' title='bbox 1303 4045 1461 4106; x_wconf 83' lang='lat' dir='ltr'>conciliator</span> <span class='ocrx_word' id='word_1_599' title='bbox 1472 4047 1536 4126; x_wconf 80' lang='lat' dir='ltr'>t‘uit,</span> <span class='ocrx_word' id='word_1_600' title='bbox 1552 4071 1635 4128; x_wconf 84' lang='lat' dir='ltr'>quam</span> 
     </span>
     <span class='ocr_line' id='line_1_40' title="bbox 67 4130 1637 4224; baseline 0.003 -25"><span class='ocrx_word' id='word_1_601' title='bbox 67 4130 149 4207; x_wconf 69' lang='grc' dir='ltr'>μαὀον</span> <span class='ocrx_word' id='word_1_602' title='bbox 171 4132 262 4213; x_wconf 68' lang='lat' dir='ltr'>pipo,</span> <span class='ocrx_word' id='word_1_603' title='bbox 286 4131 384 4210; x_wconf 68' lang='grc' dir='ltr'>λέγων·</span> <span class='ocrx_word' id='word_1_604' title='bbox 408 4131 516 4215; x_wconf 70' lang='grc' dir='ltr'>Ὥσπερ</span> <span class='ocrx_word' id='word_1_605' title='bbox 536 4135 569 4192; x_wconf 72' lang='grc' dir='ltr'>δι’</span> <span class='ocrx_word' id='word_1_606' title='bbox 593 4132 648 4201; x_wconf 66' lang='lat' dir='ltr'>tit&lt;</span> <span class='ocrx_word' id='word_1_607' title='bbox 668 4130 837 4212; x_wconf 70' lang='grc' dir='ltr'>ἅνθρῶποοὴ</span> <span class='ocrx_word' id='word_1_608' title='bbox 890 4159 938 4221; x_wconf 82' lang='lat' dir='ltr'>per</span> <span class='ocrx_word' id='word_1_609' title='bbox 946 4158 1053 4198; x_wconf 77' lang='lat' dir='ltr'>enicem</span> <span class='ocrx_word' id='word_1_610' title='bbox 1062 4137 1139 4196; x_wconf 89' lang='lat' dir='ltr'>nobis</span> <span class='ocrx_word' id='word_1_611' title='bbox 1149 4136 1275 4195; x_wconf 87' lang='lat' dir='ltr'>omnibus</span> <span class='ocrx_word' id='word_1_612' title='bbox 1285 4136 1398 4217; x_wconf 76' lang='lat' dir='ltr'>largitus</span> <span class='ocrx_word' id='word_1_613' title='bbox 1407 4152 1455 4200; x_wconf 84' lang='lat' dir='ltr'>est.</span> <span class='ocrx_word' id='word_1_614' title='bbox 1464 4142 1637 4224; x_wconf 83' lang='lat' dir='ltr'>Quapropter</span> 
     </span>
     <span class='ocr_line' id='line_1_41' title="bbox 66 4222 1636 4316; baseline 0.01 -35"><span class='ocrx_word' id='word_1_615' title='bbox 66 4223 187 4304; x_wconf 81' lang='grc' dir='ltr'>ἁμαρτία</span> <span class='ocrx_word' id='word_1_616' title='bbox 206 4225 242 4292; x_wconf 83' lang='grc' dir='ltr'>εἰς</span> <span class='ocrx_word' id='word_1_617' title='bbox 260 4225 304 4284; x_wconf 82' lang='grc' dir='ltr'>τὸν</span> <span class='ocrx_word' id='word_1_618' title='bbox 325 4224 425 4303; x_wconf 84' lang='grc' dir='ltr'>κόσμον</span> <span class='ocrx_word' id='word_1_619' title='bbox 446 4228 562 4296; x_wconf 84' lang='grc' dir='ltr'>εἰσῆλθε·</span> <span class='ocrx_word' id='word_1_620' title='bbox 579 4224 639 4299; x_wconf 79' lang='grc' dir='ltr'>καί,</span> <span class='ocrx_word' id='word_1_621' title='bbox 657 4222 774 4304; x_wconf 65' lang='grc' dir='ltr'>οἸῐντῷ</span> <span class='ocrx_word' id='word_1_622' title='bbox 792 4229 838 4283; x_wconf 83' lang='grc' dir='ltr'>τοῦ</span> <span class='ocrx_word' id='word_1_623' title='bbox 891 4253 996 4313; x_wconf 83' lang='lat' dir='ltr'>semper</span> <span class='ocrx_word' id='word_1_624' title='bbox 1009 4244 1036 4290; x_wconf 92' lang='lat' dir='ltr'>et</span> <span class='ocrx_word' id='word_1_625' title='bbox 1057 4229 1161 4309; x_wconf 89' lang='lat' dir='ltr'>ubique</span> <span class='ocrx_word' id='word_1_626' title='bbox 1173 4228 1239 4288; x_wconf 88' lang='lat' dir='ltr'>huic</span> <span class='ocrx_word' id='word_1_627' title='bbox 1261 4229 1298 4288; x_wconf 89' lang='lat' dir='ltr'>rei</span> <span class='ocrx_word' id='word_1_628' title='bbox 1318 4229 1427 4304; x_wconf 88' lang='lat' dir='ltr'>insistit,</span> <span class='ocrx_word' id='word_1_629' title='bbox 1440 4233 1636 4316; x_wconf 14' lang='lat' dir='ltr'>ettsreqnentes</span> 
     </span>
     <span class='ocr_line' id='line_1_42' title="bbox 66 4315 1635 4404; baseline 0.003 -22"><span class='ocrx_word' id='word_1_630' title='bbox 66 4316 123 4382; x_wconf 79' lang='grc' dir='ltr'>ἑνὸς</span> <span class='ocrx_word' id='word_1_631' title='bbox 138 4316 336 4398; x_wconf 80' lang='grc' dir='ltr'>παραπτώματι</span> <span class='ocrx_word' id='word_1_632' title='bbox 350 4323 374 4378; x_wconf 81' lang='grc' dir='ltr'>οἱ</span> <span class='ocrx_word' id='word_1_633' title='bbox 387 4318 481 4378; x_wconf 78' lang='grc' dir='ltr'>πολλοὶ</span> <span class='ocrx_word' id='word_1_634' title='bbox 492 4317 620 4378; x_wconf 80' lang='grc' dir='ltr'>ἀπέθανον</span> <span class='ocrx_word' id='word_1_635' title='bbox 630 4342 636 4355; x_wconf 92' lang='grc'>·</span> <span class='ocrx_word' id='word_1_636' title='bbox 648 4315 710 4389; x_wconf 75' lang='grc' dir='ltr'>καί,</span> <span class='ocrx_word' id='word_1_637' title='bbox 730 4319 792 4396; x_wconf 68' lang='grc' dir='ltr'>Οὐχ</span> <span class='ocrx_word' id='word_1_638' title='bbox 801 4318 837 4383; x_wconf 73' lang='grc' dir='ltr'>ὥς</span> <span class='ocrx_word' id='word_1_639' title='bbox 890 4323 979 4384; x_wconf 85' lang='lat' dir='ltr'>hocin</span> <span class='ocrx_word' id='word_1_640' title='bbox 990 4322 1110 4382; x_wconf 88' lang='lat' dir='ltr'>medinm</span> <span class='ocrx_word' id='word_1_641' title='bbox 1122 4320 1244 4395; x_wconf 82' lang='lat' dir='ltr'>adducit,</span> <span class='ocrx_word' id='word_1_642' title='bbox 1254 4321 1347 4381; x_wconf 86' lang='lat' dir='ltr'>dicens</span> <span class='ocrx_word' id='word_1_643' title='bbox 1363 4345 1369 4379; x_wconf 90' lang='lat'><strong>:</strong></span> <span class='ocrx_word' id='word_1_644' title='bbox 1384 4323 1464 4382; x_wconf 86' lang='lat' dir='ltr'>Sicut</span> <span class='ocrx_word' id='word_1_645' title='bbox 1477 4344 1635 4404; x_wconf 85' lang='lat' dir='ltr'>perunum</span> 
     </span>
     <span class='ocr_line' id='line_1_43' title="bbox 67 4410 1633 4493; baseline 0.003 -17"><span class='ocrx_word' id='word_1_646' title='bbox 67 4411 101 4467; x_wconf 75' lang='grc' dir='ltr'>δι’</span> <span class='ocrx_word' id='word_1_647' title='bbox 116 4410 171 4476; x_wconf 69' lang='grc' dir='ltr'>ἑνὸς</span> <span class='ocrx_word' id='word_1_648' title='bbox 189 4410 406 4491; x_wconf 60' lang='grc' dir='ltr'>ἇμαρτίορντοςι</span> <span class='ocrx_word' id='word_1_649' title='bbox 422 4411 452 4470; x_wconf 68' lang='grc' dir='ltr'>τὸ</span> <span class='ocrx_word' id='word_1_650' title='bbox 466 4410 591 4491; x_wconf 69' lang='grc' dir='ltr'>δώρημα·</span> <span class='ocrx_word' id='word_1_651' title='bbox 606 4411 670 4483; x_wconf 70' lang='grc' dir='ltr'>καιίι</span> <span class='ocrx_word' id='word_1_652' title='bbox 694 4410 735 4470; x_wconf 62' lang='grc' dir='ltr'>Τὸ</span> <span class='ocrx_word' id='word_1_653' title='bbox 753 4410 838 4491; x_wconf 71' lang='grc' dir='ltr'>αρίμ(ι</span> <span class='ocrx_word' id='word_1_654' title='bbox 891 4419 1040 4476; x_wconf 80' lang='lat' dir='ltr'>hominem</span> <span class='ocrx_word' id='word_1_655' title='bbox 1051 4434 1129 4474; x_wconf 85' lang='lat' dir='ltr'>mors</span> <span class='ocrx_word' id='word_1_656' title='bbox 1143 4417 1267 4472; x_wconf 77' lang='lat' dir='ltr'>intravit</span> <span class='ocrx_word' id='word_1_657' title='bbox 1280 4416 1312 4471; x_wconf 84' lang='lat' dir='ltr'>in</span> <span class='ocrx_word' id='word_1_658' title='bbox 1321 4415 1477 4491; x_wconf 63' lang='lat' dir='ltr'>mundum</span> <span class='ocrx_word' id='word_1_659' title='bbox 1489 4429 1524 4493; x_wconf 87' lang='lat' dir='ltr'>et,</span> <span class='ocrx_word' id='word_1_660' title='bbox 1540 4421 1633 4481; x_wconf 83' lang='lat' dir='ltr'>Unius</span> 
     </span>
     <span class='ocr_line' id='line_1_44' title="bbox 66 4500 1784 4594; baseline 0.004 -25"><span class='ocrx_word' id='word_1_661' title='bbox 66 4500 95 4569; x_wconf 72' lang='grc' dir='ltr'>ἐξ</span> <span class='ocrx_word' id='word_1_662' title='bbox 109 4502 163 4570; x_wconf 74' lang='grc' dir='ltr'>ἑνὸς</span> <span class='ocrx_word' id='word_1_663' title='bbox 176 4506 212 4569; x_wconf 78' lang='grc' dir='ltr'>εἷς</span> <span class='ocrx_word' id='word_1_664' title='bbox 222 4503 376 4584; x_wconf 77' lang='grc' dir='ltr'>κατάκριμα</span> <span class='ocrx_word' id='word_1_665' title='bbox 388 4527 396 4541; x_wconf 84' lang='grc'><em>·</em></span> <span class='ocrx_word' id='word_1_666' title='bbox 407 4503 453 4564; x_wconf 83' lang='grc' dir='ltr'>καί</span> <span class='ocrx_word' id='word_1_667' title='bbox 466 4506 556 4575; x_wconf 84' lang='grc' dir='ltr'>πάλιν,</span> <span class='ocrx_word' id='word_1_668' title='bbox 570 4506 605 4564; x_wconf 78' lang='lat' dir='ltr'>Ei</span> <span class='ocrx_word' id='word_1_669' title='bbox 616 4503 667 4584; x_wconf 74' lang='grc' dir='ltr'>γάρ</span> <span class='ocrx_word' id='word_1_670' title='bbox 678 4506 716 4584; x_wconf 84' lang='grc' dir='ltr'>τῷ</span> <span class='ocrx_word' id='word_1_671' title='bbox 726 4510 772 4562; x_wconf 87' lang='grc' dir='ltr'>τοῦ</span> <span class='ocrx_word' id='word_1_672' title='bbox 783 4502 838 4568; x_wconf 80' lang='grc' dir='ltr'>ἑνὸς</span> <span class='ocrx_word' id='word_1_673' title='bbox 888 4522 1010 4590; x_wconf 83' lang='lat' dir='ltr'>peceato</span> <span class='ocrx_word' id='word_1_674' title='bbox 1028 4508 1116 4566; x_wconf 85' lang='lat' dir='ltr'>multi</span> <span class='ocrx_word' id='word_1_675' title='bbox 1137 4509 1244 4566; x_wconf 84' lang='lat' dir='ltr'>mortui</span> <span class='ocrx_word' id='word_1_676' title='bbox 1258 4519 1346 4578; x_wconf 84' lang='lat' dir='ltr'>sunt·,</span> <span class='ocrx_word' id='word_1_677' title='bbox 1359 4520 1386 4566; x_wconf 87' lang='lat' dir='ltr'>et</span> <span class='ocrx_word' id='word_1_678' title='bbox 1394 4552 1403 4583; x_wconf 92' lang='lat'>,</span> <span class='ocrx_word' id='word_1_679' title='bbox 1416 4509 1485 4567; x_wconf 83' lang='lat' dir='ltr'>Non</span> <span class='ocrx_word' id='word_1_680' title='bbox 1498 4514 1633 4594; x_wconf 85' lang='lat' dir='ltr'>sieutper</span> <span class='ocrx_word' id='word_1_681' title='bbox 1646 4531 1709 4577; x_wconf 80' lang='lat' dir='ltr'><strong>nom.</strong></span> <span class='ocrx_word' id='word_1_682' title='bbox 1718 4531 1784 4580; x_wconf 55' lang='lat' dir='ltr'>ons.</span> 
     </span>
     <span class='ocr_line' id='line_1_45' title="bbox 66 4593 1783 4687; baseline 0.008 -34"><span class='ocrx_word' id='word_1_683' title='bbox 66 4594 266 4676; x_wconf 84' lang='grc' dir='ltr'>παραπτώματι</span> <span class='ocrx_word' id='word_1_684' title='bbox 279 4600 293 4654; x_wconf 83' lang='grc' dir='ltr'>θ</span> <span class='ocrx_word' id='word_1_685' title='bbox 305 4597 415 4662; x_wconf 88' lang='grc' dir='ltr'>θάνατος</span> <span class='ocrx_word' id='word_1_686' title='bbox 424 4596 578 4658; x_wconf 79' lang='grc' dir='ltr'>ἰόασίλευσε</span> <span class='ocrx_word' id='word_1_687' title='bbox 590 4596 633 4656; x_wconf 80' lang='grc' dir='ltr'>διδ</span> <span class='ocrx_word' id='word_1_688' title='bbox 644 4603 689 4656; x_wconf 89' lang='grc' dir='ltr'>τοῦ</span> <span class='ocrx_word' id='word_1_689' title='bbox 701 4595 770 4662; x_wconf 77' lang='grc' dir='ltr'>ἑνός·</span> <span class='ocrx_word' id='word_1_690' title='bbox 781 4593 837 4668; x_wconf 83' lang='grc' dir='ltr'>καί,</span> <span class='ocrx_word' id='word_1_691' title='bbox 891 4621 981 4661; x_wconf 79' lang='lat' dir='ltr'>unum</span> <span class='ocrx_word' id='word_1_692' title='bbox 986 4612 1179 4681; x_wconf 82' lang='lat' dir='ltr'>peccatorem,</span> <span class='ocrx_word' id='word_1_693' title='bbox 1190 4603 1234 4656; x_wconf 84' lang='lat' dir='ltr'>ita</span> <span class='ocrx_word' id='word_1_694' title='bbox 1247 4600 1355 4658; x_wconf 84' lang='lat' dir='ltr'>donum</span> <span class='ocrx_word' id='word_1_695' title='bbox 1362 4621 1372 4676; x_wconf 78' lang='lat'><em>3</em></span> <span class='ocrx_word' id='word_1_696' title='bbox 1385 4615 1421 4671; x_wconf 87' lang='lat' dir='ltr'>et,</span> <span class='ocrx_word' id='word_1_697' title='bbox 1434 4600 1586 4664; x_wconf 69' lang='lat' dir='ltr'>Iudicium</span> <span class='ocrx_word' id='word_1_698' title='bbox 1595 4628 1702 4684; x_wconf 42' lang='lat' dir='ltr'>erm-d·</span> <span class='ocrx_word' id='word_1_699' title='bbox 1712 4639 1735 4686; x_wconf 77' lang='lat'>5¹</span> <span class='ocrx_word' id='word_1_700' title='bbox 1747 4640 1783 4687; x_wconf 54' lang='grc'>,6,</span> 
     </span>
     <span class='ocr_line' id='line_1_46' title="bbox 65 4676 1688 4774; baseline 0.01 -30"><span class='ocrx_word' id='word_1_701' title='bbox 65 4676 135 4767; x_wconf 70' lang='grc' dir='ltr'>Ἆρα</span> <span class='ocrx_word' id='word_1_702' title='bbox 158 4679 201 4745; x_wconf 71' lang='grc' dir='ltr'>οὖν</span> <span class='ocrx_word' id='word_1_703' title='bbox 228 4691 264 4754; x_wconf 86' lang='grc' dir='ltr'>ὡς</span> <span class='ocrx_word' id='word_1_704' title='bbox 290 4689 323 4745; x_wconf 84' lang='grc' dir='ltr'>δι’</span> <span class='ocrx_word' id='word_1_705' title='bbox 347 4688 402 4755; x_wconf 80' lang='grc' dir='ltr'>ἑνὸς</span> <span class='ocrx_word' id='word_1_706' title='bbox 425 4687 657 4767; x_wconf 77' lang='grc' dir='ltr'>παραπτώματος·</span> <span class='ocrx_word' id='word_1_707' title='bbox 682 4687 728 4746; x_wconf 72' lang='grc' dir='ltr'>καί</span> <span class='ocrx_word' id='word_1_708' title='bbox 746 4687 836 4755; x_wconf 67' lang='grc' dir='ltr'>πάλαι</span> <span class='ocrx_word' id='word_1_709' title='bbox 890 4717 949 4756; x_wconf 84' lang='lat' dir='ltr'>uno</span> <span class='ocrx_word' id='word_1_710' title='bbox 973 4698 1005 4752; x_wconf 84' lang='lat' dir='ltr'>in</span> <span class='ocrx_word' id='word_1_711' title='bbox 1020 4693 1295 4753; x_wconf 74' lang='lat' dir='ltr'>condemnationem</span> <span class='ocrx_word' id='word_1_712' title='bbox 1302 4714 1311 4769; x_wconf 78' lang='lat'><em>3</em></span> <span class='ocrx_word' id='word_1_713' title='bbox 1330 4707 1357 4752; x_wconf 81' lang='lat' dir='ltr'>ot</span> <span class='ocrx_word' id='word_1_714' title='bbox 1377 4715 1483 4774; x_wconf 85' lang='lat' dir='ltr'>rursus,</span> <span class='ocrx_word' id='word_1_715' title='bbox 1502 4699 1534 4759; x_wconf 85' lang='lat' dir='ltr'>Si</span> <span class='ocrx_word' id='word_1_716' title='bbox 1552 4705 1631 4760; x_wconf 84' lang='lat' dir='ltr'>euim</span> <span class='ocrx_word' id='word_1_717' title='bbox 1639 4715 1688 4761; x_wconf 67' lang='grc' dir='ltr'>μίν·</span> 
     </span>
     <span class='ocr_line' id='line_1_47' title="bbox 64 4775 1631 4871; baseline 0.004 -24"><span class='ocrx_word' id='word_1_718' title='bbox 64 4775 176 4860; x_wconf 69' lang='grc' dir='ltr'>Ὥσπερ</span> <span class='ocrx_word' id='word_1_719' title='bbox 199 4777 241 4839; x_wconf 64' lang='grc' dir='ltr'>διὰ</span> <span class='ocrx_word' id='word_1_720' title='bbox 262 4782 309 4849; x_wconf 68' lang='grc' dir='ltr'>τῆς</span> <span class='ocrx_word' id='word_1_721' title='bbox 323 4785 462 4859; x_wconf 78' lang='grc' dir='ltr'>παρακοῆς</span> <span class='ocrx_word' id='word_1_722' title='bbox 473 4787 520 4840; x_wconf 86' lang='grc' dir='ltr'>τοῦ</span> <span class='ocrx_word' id='word_1_723' title='bbox 531 4781 586 4847; x_wconf 84' lang='grc' dir='ltr'>ἑνὸς</span> <span class='ocrx_word' id='word_1_724' title='bbox 599 4779 736 4858; x_wconf 68' lang='grc' dir='ltr'>ἂνθρίοποο</span> <span class='ocrx_word' id='word_1_725' title='bbox 750 4780 837 4860; x_wconf 77' lang='grc' dir='ltr'>ἆμαρ</span> <span class='ocrx_word' id='word_1_726' title='bbox 854 4797 872 4844; x_wconf 81' lang='lat' dir='ltr'>E</span> <span class='ocrx_word' id='word_1_727' title='bbox 888 4810 941 4871; x_wconf 87' lang='lat' dir='ltr'>per</span> <span class='ocrx_word' id='word_1_728' title='bbox 954 4790 1040 4847; x_wconf 84' lang='lat' dir='ltr'>unius</span> <span class='ocrx_word' id='word_1_729' title='bbox 1054 4787 1193 4844; x_wconf 83' lang='lat' dir='ltr'>delictum</span> <span class='ocrx_word' id='word_1_730' title='bbox 1214 4805 1292 4845; x_wconf 85' lang='lat' dir='ltr'>mors</span> <span class='ocrx_word' id='word_1_731' title='bbox 1306 4793 1441 4867; x_wconf 77' lang='lat' dir='ltr'>regnavit</span> <span class='ocrx_word' id='word_1_732' title='bbox 1454 4812 1507 4869; x_wconf 88' lang='lat' dir='ltr'>per</span> <span class='ocrx_word' id='word_1_733' title='bbox 1524 4812 1631 4870; x_wconf 71' lang='grc' dir='ltr'>κακίας</span> 
     </span>
     <span class='ocr_line' id='line_1_48' title="bbox 64 4870 1631 4963; baseline 0.01 -32"><span class='ocrx_word' id='word_1_734' title='bbox 64 4872 146 4931; x_wconf 84' lang='grc' dir='ltr'>τωλοὶ</span> <span class='ocrx_word' id='word_1_735' title='bbox 168 4875 368 4947; x_wconf 87' lang='grc' dir='ltr'>κατεστάθησαν</span> <span class='ocrx_word' id='word_1_736' title='bbox 390 4878 415 4933; x_wconf 91' lang='grc' dir='ltr'>οί</span> <span class='ocrx_word' id='word_1_737' title='bbox 435 4873 544 4932; x_wconf 87' lang='grc' dir='ltr'>πολλοί·</span> <span class='ocrx_word' id='word_1_738' title='bbox 568 4873 614 4931; x_wconf 85' lang='grc' dir='ltr'>καί</span> <span class='ocrx_word' id='word_1_739' title='bbox 628 4875 675 4932; x_wconf 82' lang='grc' dir='ltr'>οῦκ</span> <span class='ocrx_word' id='word_1_740' title='bbox 694 4870 838 4952; x_wconf 83' lang='grc' dir='ltr'>ὄρίσταται</span> <span class='ocrx_word' id='word_1_741' title='bbox 880 4895 931 4953; x_wconf 84' lang='lat' dir='ltr'>et,</span> <span class='ocrx_word' id='word_1_742' title='bbox 950 4883 1056 4960; x_wconf 75' lang='lat' dir='ltr'>Itaque</span> <span class='ocrx_word' id='word_1_743' title='bbox 1073 4880 1099 4936; x_wconf 86' lang='lat' dir='ltr'>si</span> <span class='ocrx_word' id='word_1_744' title='bbox 1118 4897 1172 4955; x_wconf 85' lang='lat' dir='ltr'>per</span> <span class='ocrx_word' id='word_1_745' title='bbox 1191 4881 1280 4935; x_wconf 82' lang='lat' dir='ltr'>unius</span> <span class='ocrx_word' id='word_1_746' title='bbox 1300 4877 1454 4955; x_wconf 80' lang='lat' dir='ltr'>delictum3</span> <span class='ocrx_word' id='word_1_747' title='bbox 1471 4896 1497 4942; x_wconf 87' lang='lat' dir='ltr'>ot</span> <span class='ocrx_word' id='word_1_748' title='bbox 1512 4905 1631 4963; x_wconf 85' lang='lat' dir='ltr'>rursum,</span> 
     </span>
     <span class='ocr_line' id='line_1_49' title="bbox 65 4969 1634 5057; baseline 0.006 -27"><span class='ocrx_word' id='word_1_749' title='bbox 65 4978 113 5032; x_wconf 88' lang='grc' dir='ltr'>τοῦ</span> <span class='ocrx_word' id='word_1_750' title='bbox 128 4974 201 5045; x_wconf 84' lang='grc' dir='ltr'>ἑνδς,</span> <span class='ocrx_word' id='word_1_751' title='bbox 225 4973 257 5032; x_wconf 79' lang='grc' dir='ltr'>ἵν’</span> <span class='ocrx_word' id='word_1_752' title='bbox 280 4973 341 5033; x_wconf 82' lang='grc' dir='ltr'>ὅταν</span> <span class='ocrx_word' id='word_1_753' title='bbox 355 4975 419 5052; x_wconf 83' lang='grc' dir='ltr'>λέγῃ</span> <span class='ocrx_word' id='word_1_754' title='bbox 441 4996 482 5031; x_wconf 90' lang='grc' dir='ltr'>σοι</span> <span class='ocrx_word' id='word_1_755' title='bbox 496 4977 510 5031; x_wconf 85' lang='grc' dir='ltr'>θ</span> <span class='ocrx_word' id='word_1_756' title='bbox 530 4973 667 5046; x_wconf 87' lang='grc' dir='ltr'>Ἰουδαῖος,</span> <span class='ocrx_word' id='word_1_757' title='bbox 689 4975 759 5045; x_wconf 83' lang='grc' dir='ltr'>πῶς,</span> <span class='ocrx_word' id='word_1_758' title='bbox 783 4970 839 5038; x_wconf 85' lang='grc' dir='ltr'>ίνδς</span> <span class='ocrx_word' id='word_1_759' title='bbox 891 4975 971 5034; x_wconf 83' lang='lat' dir='ltr'>Siout</span> <span class='ocrx_word' id='word_1_760' title='bbox 982 4992 1036 5052; x_wconf 79' lang='lat' dir='ltr'>per</span> <span class='ocrx_word' id='word_1_761' title='bbox 1047 4971 1275 5028; x_wconf 80' lang='lat' dir='ltr'>inobedientiam</span> <span class='ocrx_word' id='word_1_762' title='bbox 1289 4969 1376 5029; x_wconf 84' lang='lat' dir='ltr'>unius</span> <span class='ocrx_word' id='word_1_763' title='bbox 1389 4973 1517 5035; x_wconf 74' lang='lat' dir='ltr'>hominis</span> <span class='ocrx_word' id='word_1_764' title='bbox 1527 4997 1634 5057; x_wconf 70' lang='grc' dir='ltr'>μασσα-</span> 
     </span>
    </p>
   </div>
   <div class='ocr_carea' id='block_1_3' title="bbox 67 5065 1635 5156">
    <p class='ocr_par' dir='ltr' id='par_1_3' title="bbox 67 5065 1635 5156">
     <span class='ocr_line' id='line_1_50' title="bbox 67 5065 1635 5156; baseline 0.003 -24"><span class='ocrx_word' id='word_1_765' title='bbox 67 5073 282 5156; x_wconf 84' lang='grc' dir='ltr'>κατορθώσαντος</span> <span class='ocrx_word' id='word_1_766' title='bbox 306 5081 352 5134; x_wconf 89' lang='grc' dir='ltr'>τοῦ</span> <span class='ocrx_word' id='word_1_767' title='bbox 374 5076 509 5154; x_wconf 85' lang='grc' dir='ltr'>Χριστοῦ,</span> <span class='ocrx_word' id='word_1_768' title='bbox 533 5078 549 5145; x_wconf 83' lang='grc' dir='ltr'>ἡ</span> <span class='ocrx_word' id='word_1_769' title='bbox 572 5072 712 5152; x_wconf 81' lang='grc' dir='ltr'>οἰκουμένη</span> <span class='ocrx_word' id='word_1_770' title='bbox 733 5071 837 5148; x_wconf 71' lang='grc' dir='ltr'>ἐσώθης</span> <span class='ocrx_word' id='word_1_771' title='bbox 885 5086 960 5131; x_wconf 85' lang='lat' dir='ltr'>tores</span> <span class='ocrx_word' id='word_1_772' title='bbox 974 5069 1077 5152; x_wconf 78' lang='lat' dir='ltr'>essenti</span> <span class='ocrx_word' id='word_1_773' title='bbox 1093 5077 1161 5124; x_wconf 83' lang='lat' dir='ltr'>sunt</span> <span class='ocrx_word' id='word_1_774' title='bbox 1178 5065 1286 5123; x_wconf 75' lang='lat' dir='ltr'>mititi:</span> <span class='ocrx_word' id='word_1_775' title='bbox 1303 5085 1387 5144; x_wconf 88' lang='lat' dir='ltr'>neque</span> <span class='ocrx_word' id='word_1_776' title='bbox 1404 5068 1439 5126; x_wconf 82' lang='lat' dir='ltr'>ab</span> <span class='ocrx_word' id='word_1_777' title='bbox 1455 5069 1506 5130; x_wconf 91' lang='lat' dir='ltr'>hoc</span> <span class='ocrx_word' id='word_1_778' title='bbox 1520 5094 1573 5134; x_wconf 91' lang='lat' dir='ltr'>uno</span> <span class='ocrx_word' id='word_1_779' title='bbox 1586 5073 1635 5137; x_wconf 90' lang='lat' dir='ltr'>de·</span> 
     </span>
    </p>
   </div>
   <div class='ocr_carea' id='block_1_4' title="bbox 102 5191 1573 5380">
    <p class='ocr_par' dir='ltr' id='par_1_4' title="bbox 102 5191 1573 5380">
     <span class='ocr_line' id='line_1_51' title="bbox 102 5191 1573 5304; baseline -0.022 -5"><span class='ocrx_word' id='word_1_780' title='bbox 102 5251 113 5273; x_wconf 72' lang='lat'>&#39;¹</span> <span class='ocrx_word' id='word_1_781' title='bbox 133 5235 171 5298; x_wconf 75' lang='lat' dir='ltr'>[A,</span> <span class='ocrx_word' id='word_1_782' title='bbox 185 5238 269 5287; x_wconf 53' lang='grc' dir='ltr'>δίαρμα</span> <span class='ocrx_word' id='word_1_783' title='bbox 279 5232 328 5301; x_wconf 61' lang='grc' dir='ltr'>οἶν-ί</span> <span class='ocrx_word' id='word_1_784' title='bbox 909 5245 920 5267; x_wconf 70' lang='grc' dir='ltr'>ο</span> <span class='ocrx_word' id='word_1_785' title='bbox 930 5216 1026 5304; x_wconf 74' lang='lat' dir='ltr'>Mosei.</span> <span class='ocrx_word' id='word_1_786' title='bbox 1040 5223 1105 5275; x_wconf 83' lang='lat' dir='ltr'>mnie</span> <span class='ocrx_word' id='word_1_787' title='bbox 1118 5231 1137 5275; x_wconf 78' lang='grc' dir='ltr'>ιι</span> <span class='ocrx_word' id='word_1_788' title='bbox 1146 5236 1177 5289; x_wconf 76' lang='grc' dir='ltr'>τῷ</span> <span class='ocrx_word' id='word_1_789' title='bbox 1189 5231 1229 5276; x_wconf 79' lang='grc' dir='ltr'>τοῦ</span> <span class='ocrx_word' id='word_1_790' title='bbox 1240 5228 1295 5282; x_wconf 59' lang='lat' dir='ltr'>tite.</span> <span class='ocrx_word' id='word_1_791' title='bbox 1309 5221 1445 5289; x_wconf 79' lang='lat' dir='ltr'>[similiter.</span> <span class='ocrx_word' id='word_1_792' title='bbox 1457 5229 1485 5281; x_wconf 75' lang='grc' dir='ltr'>Α,</span> <span class='ocrx_word' id='word_1_793' title='bbox 1496 5191 1528 5293; x_wconf 54' lang='grc' dir='ltr'>ιι</span> <span class='ocrx_word' id='word_1_794' title='bbox 1541 5230 1573 5268; x_wconf 67' lang='grc' dir='ltr'>τι.</span> 
     </span>
     <span class='ocr_line' id='line_1_52' title="bbox 102 5300 1512 5380; baseline -0.027 -1"><span class='ocrx_word' id='word_1_795' title='bbox 102 5314 115 5350; x_wconf 60' lang='lat' dir='ltr'>b</span> <span class='ocrx_word' id='word_1_796' title='bbox 134 5310 173 5378; x_wconf 74' lang='lat' dir='ltr'>[A.</span> <span class='ocrx_word' id='word_1_797' title='bbox 187 5321 214 5365; x_wconf 59' lang='grc' dir='ltr'>το</span> <span class='ocrx_word' id='word_1_798' title='bbox 226 5310 303 5380; x_wconf 62' lang='grc' dir='ltr'>οὗτοί</span> <span class='ocrx_word' id='word_1_799' title='bbox 880 5320 921 5358; x_wconf 87' lang='lat' dir='ltr'>tus</span> <span class='ocrx_word' id='word_1_800' title='bbox 931 5305 1024 5373; x_wconf 77' lang='lat' dir='ltr'>legeret</span> <span class='ocrx_word' id='word_1_801' title='bbox 1038 5303 1189 5368; x_wconf 69' lang='lat' dir='ltr'>interpres]</span> <span class='ocrx_word' id='word_1_802' title='bbox 1504 5300 1512 5309; x_wconf 76' lang='lat'>⁸</span> 
     </span>
    </p>
   </div>
   <div class='ocr_carea' id='block_1_5' title="bbox 0 0 1877 5978">
    <p class='ocr_par' dir='ltr' id='par_1_5' title="bbox 0 0 1877 5978">
     <span class='ocr_line' id='line_1_53' title="bbox 0 0 1877 5978; baseline 0 0"><span class='ocrx_word' id='word_1_803' title='bbox 0 0 1877 5978; x_wconf 95' lang='lat' dir='ltr'> </span> 
     </span>
    </p>
   </div>
  </div>
 </body>
</html>
