3728 5978
233 405 307 503 674
602 427 631 473 s.
660 414 1195 475 ronnur'scnnusosr.nncu1m.
1224 426 1503 477 consrsnrrnoo.

234 551 380 633 imperium
393 549 435 608 illi
448 548 570 611 debitum
584 548 725 629 acciperet.
740 546 817 621 Quid
829 546 919 622 enim,
938 546 980 605 in·
1032 572 1087 624 νου,
1097 550 1189 623 ιίςτὴν
1199 553 1251 610 τῶν
1262 550 1363 630 ἀτίμων
1375 549 1523 624 διάληθείη
1535 549 1629 624 ταἜιν,
1639 549 1689 610 καί
1697 552 1808 614 ἀντ’ἐκιί-

233 646 322 725 quies,
331 645 421 704 dicere
430 643 624 726 possisiQuod
638 644 711 703 lilius
721 643 849 723 indignus
858 643 914 702 sit?
923 641 978 702 Sed
1031 666 1076 702 νου
1087 643 1229 710 κατάδικος
1238 643 1374 725 άιθρωπος
1384 644 1429 702 καὶ
1440 643 1551 724 μυρίων
1560 641 1656 722 γάμων
1667 645 1766 718 κακῶν,
1776 648 1808 704 ἐκ·

235 738 281 798 luc
293 738 375 797 etnam
385 751 411 797 et
419 736 507 796 multo
515 758 602 818 magus
610 736 738 818 indignus
748 750 795 796 est.
801 736 977 816 Igituropor·
1032 736 1137 809 άληθεὶς
1146 759 1191 797 του
1174 738 1342 815 δεσμωτη
1345 735 1383 795 lou
1391 735 1459 808 ,τὴν
1472 735 1569 816 ἀρχὴν
1579 734 1724 807 luders-le
1737 690 1810 818 bizim

234 829 309 889 tebet
322 842 369 888 aut
382 829 464 888 simul
476 849 568 910 poenas
589 828 670 904 dar·,e
683 843 730 888 aut
746 828 827 889 simul
840 828 976 888 honorari.
1030 827 1227 909 προσήκουσαν.
1221 827 1277 889 Τί
1286 826 1377 908 γδρδν
1388 826 1463 908 ἔχοις
1475 830 1567 887 εἰπειν
1578 849 1683 906 φησιν
1689 802 1812 888 ''otred-

236 920 305 988 ΤιΙσ
315 920 493 1001 quidpiam
470 942 540 980 circa
556 936 646 1001 gentes
660 934 687 979 et
701 941 770 980 cirea
781 920 892 982 ludaeos
906 921 977 980 acci·
1031 918 1188 993 ξιοςθυίδς,
1197 919 1328 981 Αλλδκαι
1339 909 1413 988 οὗτος
1422 918 1545 993 ἀνάξιος,
1551 941 1590 976 κα
1590 918 1811 1000 δπολλῷμιλλα

234 1011 310 1106 dit3‘
301 1034 357 1073 nmo
371 1012 451 1092 longe
466 1012 628 1073 mirabilius.
652 1015 722 1073 Nam
735 1014 808 1093 qnod
821 1035 913 1074 omnes
930 1014 976 1074 iu·
1030 1013 1133 1073 Ουκουν
1142 1011 1218 1085 ἔδιιῆ
1228 1018 1293 1090 θμου
1300 1010 1381 1079 κολα
1381 1018 1460 1072 εσθαι
1461 1012 1579 1090 ἢὸμσι
1587 1016 1735 1089 τιμᾶσθαι
1740 1015 1813 1074 Τοισῖ

234 1059 312 1186 digiti
337 1117 440 1182 essent,
464 1126 546 1186 supra
569 1104 716 1164 declaravit
741 1105 843 1164 Paulus
865 1107 977 1181 dicens,
1030 1103 1154 1176 τονδάτι
1167 1127 1213 1163 και
1202 1103 1320 1163 ”’ἐπὶ
1284 1125 1337 1161 των
1347 1101 1474 1162 ἐθνων
1440 1125 1558 1182 γεγυνε
1571 1125 1622 1161 και
1610 1101 1736 1162 ”’ἕπὶ
1700 1126 1752 1161 των
1763 1104 1813 1164 ’ίαν

84 1203 143 1251 Itum
145 1202 224 1252 ..³23
236 1200 344 1258 Omnes
356 1219 435 1256 emm
455 1209 660 1277 peccaverunt,
673 1210 702 1256 et
713 1201 869 1276 privantur
880 1198 977 1278 glorio
1030 1195 1126 1270 δαίων,
1133 1195 1277 1275 καὶπολλω
1288 1218 1380 1255 τουτου
1388 1193 1627 1276 παραδοξότερον.
1644 1193 1814 1279 Ὀτιμδνγλρ

235 1292 311 1349 Dei:
324 1289 397 1368 quod
415 1302 504 1347 autem
516 1309 616 1349 novum
630 1302 680 1368 est,
693 1310 755 1348 eum
766 1289 872 1368 indigni
885 1310 977 1350 omnes
1030 1288 1146 1357 ἅπαντες
1155 1289 1265 1363 ἀναξισι,
1281 1290 1411 1362 ἐδήλωσεν
1426 1291 1455 1348 ἐν
1471 1298 1534 1355 τοῖς
1551 1288 1725 1371 εἰρημένοις,
1741 1291 1814 1362 εἰκών,

233 1394 335 1460 essem,
348 1394 438 1462 gentes
460 1372 522 1441 solae
535 1395 646 1443 servata
657 1395 730 1441 sunt.
749 1383 813 1440 Post
825 1381 883 1440 lraec
895 1381 978 1441 aliam
1031 1381 1136 1450 Πάντες
1151 1380 1203 1464 γὰρ
1216 1381 1353 1461 ἥμαρτον,
1370 1382 1414 1442 καί
1429 1386 1619 1464 ὑστεροῦνται
1633 1386 1688 1454 τῆς
1702 1380 1814 1455 isicem]

123 1548 128 1557 Ι
234 1474 317 1535 etiam
339 1475 512 1553 quaestionem
535 1474 596 1553 quis
610 1475 725 1535 moverit
740 1474 893 1535 dieenszsi
914 1496 976 1556 pro·
994 1481 1013 1530 Ε
1031 1476 1117 1535 Θεοῦ·
1130 1473 1201 1535 etet
1215 1473 1319 1548 καινὸν,
1332 1474 1373 1534 δτι
1386 1476 1497 1535 πάντων
1526 1474 1656 1544 ἀναξίων
1680 1475 1815 1548 desumi

235 1566 390 1627 missionem
404 1588 456 1626 non
471 1566 632 1648 impleturus
642 1581 699 1627 erat
712 1568 798 1645 Deus,
809 1589 858 1627 cur
875 1569 978 1650 pmmi-
1032 1565 1093 1640 ἔθνη
1108 1565 1221 1640 διεσώθη
1235 1565 1311 1645 μόνα.
1324 1564 1402 1626 Meet
1412 1564 1441 1627 dl
1452 1566 1562 1626 τούτων
1578 1567 1632 1626 καὶ
1644 1566 1738 1649 ἕτερον
1750 1568 1777 1627 άν
1787 1594 1816 1636 τις

235 1658 291 1723 sit?
306 1659 435 1732 Homines
461 1659 574 1740 quippe,
588 1659 635 1738 qui
653 1659 775 1719 futurum
794 1681 846 1719 uon
867 1673 977 1738 nonunt,
1030 1660 1200 1741 διαπορήσειε
1217 1661 1318 1735 πάλιν,
1337 1658 1431 1740 φησίν·
1447 1663 1470 1720 εἶ
1493 1659 1555 1743 γὰρ
1584 1661 1629 1740 μὴ
1652 1660 1752 1739 ἔμελλε
1761 1666 1816 1735 πλε,-

235 1773 305 1834 ιαρε
318 1750 436 1832 decepti,
452 1751 571 1830 indignis
584 1750 654 1810 dona
666 1752 842 1832 pollicentur:
854 1752 901 1831 qui
915 1773 979 1814 vero
1034 1757 1094 1831 ροῦν
1111 1754 1198 1819 αὐτοῖς
1218 1751 1267 1818 τὰς
1281 1750 1439 1832 θπσσχέσεις
1453 1752 1575 1825 θΘεδς,
1585 1751 1667 1820 τίνος
1689 1752 1773 1813 ἕνεκεν
1783 1756 1817 1813 ια’.

121 1878 124 1883 ,
234 1857 263 1903 et
272 1845 415 1925 presentia
430 1856 456 1902 et
473 1843 564 1901 sutrim
576 1841 718 1923 praevidet,
730 1857 756 1902 et
769 1843 816 1922 qui
830 1844 901 1903 clare
913 1843 979 1904 scie·
1032 1846 1199 1925 θπισχνιῖτος
1213 1841 1360 1927 Ἄνθρωποι
1373 1842 1421 1922 μὲν
1436 1843 1490 1925 γδρ
1507 1846 1535 1902 σί
1552 1845 1586 1903 τδ
1601 1844 1710 1923 μέλλον
1721 1847 1816 1925 paulelli

235 1934 284 1994 bat
292 1933 355 1996 illos
364 1956 392 1994 se
403 1933 542 2015 promissis
553 1934 607 1993 illis
615 1933 740 2014 indignos
751 1934 904 1995 reddituros
914 1957 979 2012 esse,
1031 1958 1090 2011 τες,
1103 1934 1232 2004 πολλάκις
1252 1936 1441 2014 ἀπατώμενοι,
1462 1935 1513 1995 καὶ
1537 1945 1600 2004 τοῖς
1619 1940 1676 1997 αὗκ
1690 1937 1768 2006 ἀξίοις
1782 1941 1817 2005 τἰς

236 2038 264 2085 et
276 2023 338 2084 ideo
352 2025 421 2086 nihil
444 2025 639 2107 promissorum
661 2039 824 2107 recepturos,
848 2048 896 2086 cur
914 2047 979 2108 pro-
1033 2029 1118 2087 αὐτῶν
1142 2027 1234 2087 λαθεῖν
1256 2026 1356 2106 δωρεὰς
1378 2027 1628 2108 ἐπαγγέλλονται·
1647 2033 1664 2088 θ
1688 2031 1717 2089 δὲ
1736 2031 1777 2090 καὶ
1793 2034 1817 2089 τί

237 2119 330 2181 misit?
420 2128 424 2143 ‘
640 2186 642 2191 ,
1032 2117 1152 2201 παρόντα
1165 2117 1257 2178 καὶτδ
1270 2119 1402 2196 μέλλοντα
1421 2119 1581 2201 προειδὼς,
1596 2121 1651 2180 καὶ
1666 2126 1757 2202 σαρδις
1772 2126 1815 2181 ln·

815 2238 818 2245 ·
1033 2210 1179 2289 στάμινος,
1196 2209 1237 2270 δτι
1259 2208 1383 2278 ἀναξίους
1406 2210 1523 2279 ἑαυτοὺς
1546 2214 1760 2286 καταστήσωσι
1777 2218 1814 2272 uis

1033 2300 1219 2383 ὑποσχέσεων,
1234 2302 1280 2362 καί
1295 2301 1339 2360 διὰ
1349 2308 1426 2361 τοῦτο
1438 2301 1518 2361 οὐδὲν
1531 2302 1683 2383 λήψονται
1696 2310 1747 2364 τῶν
1760 2309 1813 2385 cipis

1035 2392 1138 2473 μένων,
1154 2393 1223 2463 τίνος
1238 2393 1325 2454 ίνικεν
1335 2393 1380 2453 καὶ
1390 2393 1617 2474 ἐπαγγέλλεταις

277 2495 305 2556 5.
315 2495 465 2570 ⁴Quomodo
483 2495 542 2555 haec
564 2494 647 2555 solvit
666 2493 786 2556 Paulus?
810 2492 980 2555 ostendendo
1075 2496 1138 2562 Πῶς
1151 2486 1196 2553 σύν
1218 2493 1285 2553 atet
1302 2493 1393 2553 ἔλυσεν
1409 2498 1423 2553 ὁ
1441 2496 1577 2570 Παῦλοςς
1593 2495 1669 2557 Ἀπδ
1688 2504 1734 2558 τοῦ
1754 2499 1814 2566 defin

236 2585 305 2666 quid
319 2586 354 2647 sit
368 2586 460 2663 lsrael,
474 2588 518 2648 eui
532 2587 697 2668 promiserat.
712 2590 770 2648 Hoc
784 2587 853 2646 enim
868 2586 980 2647 demon·
1033 2585 1074 2654 τίς
1087 2588 1183 2646 ἐστινὸ
1196 2585 1316 2668 Ἰσραὴλ,
1328 2576 1509 2667 ᾧθπίσχετσ.
1520 2586 1640 2648 Τούτου
1652 2589 1709 2671 γάρ
1723 2591 1814 2671 &qno

235 2692 329 2756 strato,
339 2678 408 2738 rllud
417 2701 525 2761 quoque
535 2678 722 2739 declarabatur
722 2701 838 2760 ,nempe
849 2680 979 2761 promissa
989 2735 1026 2774 m
1035 2702 1092 2753 τος
1116 2679 1163 2739 καί
1186 2681 1269 2737 ἐκεῖνο
1294 2678 1553 2754 συναποδέδεικται,
1578 2681 1618 2740 τδ
1642 2685 1814 2763 metipsos

235 2792 327 2833 omnia
337 2772 446 2853 impleta
454 2772 547 2831 finisse
561 2772 618 2831 Hoc
628 2793 699 2831 emm
709 2771 978 2831 declaransdrcebat
999 2767 1082 2838 ιτδις
1096 2768 1255 2851 δπαγγελιας
1267 2767 1381 2835 ἁπάσας
1394 2763 1536 2852 Οπερῗ
1500 2795 1550 2832 ουν
1567 2775 1777 2854 δηλωνίλιγτι,
1785 2778 1814 2834 (λ’

235 2868 308 2949 Non
322 2867 396 2925 ειιίιιι
410 2885 522 2936 omnes,
548 2868 600 2944 qui
614 2887 651 2924 ex
669 2863 774 2936 lsrael,
792 2877 861 2928 sunt
874 2866 978 2924 Israel
1034 2859 1139 2941 γὰρ’
1100 2884 1198 2928 παντες
1209 2863 1233 2919 ol
1252 2858 1280 2927 ἐξ
1293 2859 1417 2939 ’λ,ίσραλ
1366 2853 1512 2932 illudens
1534 2862 1673 2946 Ἰσραήλ
1687 2865 1740 2925 Διὰ
1758 2888 1815 2924 τισι

235 2956 300 3017 Ideo
319 2978 373 3016 non
394 2956 489 3017 Jacobi
511 2977 608 3015 nomen
631 2955 767 3036 apposnit,
790 2955 837 3014 sod
852 2955 978 3031 Israelis,
1034 2954 1092 3018 οὐδὲ
1114 2954 1212 3015 τδτου
1236 2952 1335 3014 Ἰακὼ6
1364 2953 1447 3034 ὄνομα
1471 2956 1605 3033 τέθεικε,
1643 2958 1763 3019 ἀλλὰ
1739 2981 1768 3018 το
1784 2965 1815 3018 τσῖ

236 3046 310 3127 qnod
319 3061 346 3106 et
352 3048 419 3127 Justr
434 3068 485 3105 vrrs
496 3061 522 3105 et
533 3068 641 3128 supemn
634 3045 715 3106 dont
729 3060 796 3119 erat
810 3059 890 3124 atque
899 3060 979 3106 ettam
1034 3045 1161 3126 ’,Ισραὴλ
1174 3045 1269 3125 δπερά
1272 3036 1397 3125 ριιῆςῆν
1383 3052 1464 3105 veut
1481 3048 1599 3109 δικαίου
1614 3051 1815 3123 ulmeam

236 3128 394 3242 symbolum
411 3152 467 3197 erat
485 3137 559 3216 quod
576 3140 664 3198 Deum
682 3137 804 3198 vidisset
826 3137 945 3216 Atqui,
937 3159 981 3196 ru-
1035 3139 1136 3220 δωρεάς
1157 3136 1203 3197 καὶ
1222 3142 1268 3195 τοῦ
1290 3136 1360 3198 Θεδν
1379 3137 1531 3219 ἑωρακέναι
1559 3141 1720 3220 σύμύολσν.
1741 3142 1814 3202 lium

236 3230 325 3310 quies,
355 3251 446 3289 omncs
462 3243 651 3310 peccaverunt,
663 3237 707 3288 et
729 3229 872 3310 privantur
894 3229 981 3307 gloria
1035 3229 1124 3308 φησίν,
1138 3226 1230 3288 δυ’
1192 3251 1289 3295 παντες
1301 3227 1439 3308 ἥααρτον
1453 3230 1525 3288 καλ
1514 3241 1704 3314 υστερουνται
1723 3239 1767 3305 τῆς
1782 3235 1815 3291 δι’·

237 3321 300 3382 Dei.
318 3321 375 3382 Si
367 3322 452 3401 igitur
467 3334 760 3401 onmespeccaverunt,
780 3341 829 3379 eur
848 3320 1003 3380 aliisalvi
1036 3322 1081 3392 ξης
1094 3344 1140 3380 του
1122 3323 1235 3381 Oeno
1256 3313 1342 3381 El
1312 3346 1355 3381 ουν
1377 3322 1474 3390 πάντες
1497 3321 1650 3405 ἥμαρτον,
1668 3332 1761 3395 πῶςσὶ
1781 3328 1814 3406 μὲν

145 3442 220 3486 orm
221 3416 320 3493 ,ίὶιιιιι,
334 3415 381 3473 alii
395 3415 527 3494 pereunt?
543 3416 614 3486 Quia
630 3435 681 3473 non
694 3414 981 3475 omncsaeccderevo-
1036 3412 1190 3487 ἐσώθησαν,
1205 3438 1230 3473 οι
1220 3412 1272 3473 ’δὲ
1290 3412 1441 3487 δπωλσντος
1455 3413 1526 3474 Ὅτι
1544 3417 1589 3495 μὴ
1605 3420 1734 3488 πάντες
1725 3422 1815 3501 προσώ

86 3513 189 3549 murm
190 3506 220 3546 ’θ
213 3461 357 3566 'luertint
372 3510 441 3566 Nam
457 3506 530 3586 quod
543 3506 577 3564 ad
592 3506 671 3564 1llum
684 3518 793 3585 spectat
808 3526 900 3565 omnes
912 3506 982 3566 salvi
1038 3511 1091 3566 θεῖν
1107 3504 1340 3578 ἦάουλήθησαν·
1325 3530 1361 3572 ως
1381 3504 1411 3565 τό
1431 3529 1462 3586 γε
1483 3510 1571 3568 αὐτου
1590 3511 1679 3593 μέρος
1705 3512 1814 3583 διεσώθη·

87 3581 132 3609 ⁰⁰⁰
97 3641 196 3672 cecum
155 3580 304 3671 ffifacti
323 3612 404 3658 sunt:
418 3620 480 3658 nam
494 3620 585 3657 omnes
604 3610 667 3656 sunt
687 3597 783 3657 vocati.
808 3601 914 3659 Verum
930 3599 983 3658 hoc
1039 3621 1087 3658 σαν
1110 3597 1252 3664 ἅπαντες·
1275 3598 1319 3656 καὶ
1343 3597 1394 3677 γὰρ
1417 3598 1579 3673 ἐκληθησαν
1605 3605 1737 3673 ἅπαντες.
1757 3604 1815 3664 'Alli
1858 3650 1860 3657 .

239 3691 288 3752 ulle
299 3708 356 3752 nou
371 3704 459 3772 pontt,
474 3689 526 3750 ‘sed
546 3712 581 3749 ex
599 3688 749 3748 abundanti
762 3688 832 3748 illud
845 3689 935 3764 solvit
958 3705 984 3750 et
1038 3688 1104 3758 ίως
1115 3712 1191 3748 τουτο
1202 3712 1231 3748 ου
1220 3688 1365 3762 τίθτσιν
1379 3692 1437 3748 ἀλλ’
1451 3692 1483 3749 ἐκ
1501 3695 1673 3775 περιουσίας
1660 3696 1814 3764 αθτδλίει,

239 3805 275 3844 ex
291 3783 353 3843 aliis
368 3782 509 3864 exemplis,
525 3782 607 3841 aliam
626 3776 801 3860 questionem
820 3781 847 3839 in
864 3780 983 3841 inedium
1038 3782 1085 3842 seul
1116 3785 1146 3842 ἐκ
1169 3781 1394 3861 παραδειγμάτων
1417 3782 1533 3863 ἑτέρων,
1563 3787 1638 3846 ἄλλο
1664 3789 1805 3868 ζιτημαῚ
1788 3812 1814 3851 ις

238 3875 386 3959 adducens,
400 3890 437 3940 et.
451 3875 519 3933 sicut
533 3875 560 3933 in
575 3872 796 3955 praecedentibus,
810 3873 982 3951 questionem
1039 3875 1118 3952 μέσον
1136 3875 1224 3954 ἄγων,
1242 3874 1289 3932 καί
1304 3875 1426 3955 καθάπερ
1445 3877 1473 3934 ἐν
1487 3886 1544 3944 τοῖς
1571 3878 1732 3962 ἔμπροσθεν
1744 3882 1814 3940 ἕλικι

239 3969 385 4030 maximam
409 3968 492 4029 solvit
518 3988 567 4049 per
590 3966 672 4026 sliam
694 3966 878 4044 questionem
911 3965 983 4041 Quia
1002 3980 1020 4027 Β
1039 3967 1151 4046 ἀπορίαν
1166 3965 1294 4044 μεγίστην
1315 3968 1349 4025 δι’
1371 3967 1483 4046 ἀπορίας
1510 3970 1622 4052 ἐτέρας.
1645 3973 1761 4045 Ἐπειδὴ
1776 3973 1814 4051 pi?

237 4061 310 4122 enim
331 4061 512 4141 querebatur,
533 4058 669 4159 quomodo
693 4058 801 4117 Christo
819 4057 981 4138 justificato,
1038 4061 1167 4133 ἐζητεῖτο,
1189 4061 1260 4130 πῶς,
1281 4081 1327 4118 του
1349 4059 1466 4137 Χριστου
1493 4063 1712 4141 δικαιωθέντος,
1737 4066 1814 4129 πάντα

237 4172 329 4210 omnes
340 4149 484 4208 eamdem
473 4148 607 4228 justitiam
622 4145 713 4227 adepti
725 4160 799 4223 sunt,
823 4144 922 4205 Adami
943 4146 982 4205 fa-
1037 4151 1195 4222 ἀπήλαυσαν
1208 4153 1232 4209 οί
1246 4148 1380 4210 λοιποί
1346 4173 1393 4220 της
1410 4151 1585 4226 δικαιοσύνης
1605 4157 1733 4231 ἐκείνης,
1744 4159 1814 4217 elmi

85 4259 139 4306 110„
138 4259 227 4307 ...5ιο
238 4255 312 4301 ctum
323 4242 442 4316 ruduxrt,
453 4240 558 4298 diceus
566 4239 597 4299 St
605 4258 777 4296 emmunrus
786 4238 896 4296 delicto
905 4258 981 4298 mors
1036 4241 1120 4320 Ἀδδιμ
1133 4241 1330 4322 παρεισήγαγε,
1344 4240 1447 4321 λέγων·
1464 4245 1499 4303 Et
1512 4243 1625 4329 γὰρ
1586 4271 1629 4306 τω
1647 4251 1815 4318 τοῧένδςαα

237 4338 383 4415 regnavit,
405 4333 497 4391 multo
513 4335 607 4411 nitigis
622 4351 671 4411 ριιι
667 4331 902 4389 abundantiam
913 4352 981 4410 gra-
1036 4332 1196 4413 ραπιώματι
1213 4338 1227 4392 ὁ
1244 4334 1355 4402 θάνατος
1374 4333 1481 4394 essens
1470 4359 1548 4410 «υσε,
1570 4306 1673 4421 πολλῶ
1692 4345 1815 4420 pomerei

238 4432 302 4487 tioe
307 4437 491 4505 acceperunt,
514 4427 547 4482 in
562 4428 629 4482 uita
648 4425 822 4502 regnabunt.
843 4422 924 4497 Quod
946 4421 982 4482 ad
1035 4425 1083 4498 τλι
1101 4425 1307 4505 sepientes*
1273 4449 1322 4496 της
1341 4425 1449 4506 γαριτος
1461 4427 1613 4502 λαθόντες
1631 4437 1663 4493 ἐν
1678 4437 1736 4514 ζωῇ
1754 4438 1815 4513 βασι

237 4518 374 4580 aldamum
387 4529 488 4598 spectat
501 4536 553 4574 non
568 4515 660 4590 solvit,
676 4512 723 4572 sed
737 4513 810 4592 quod
824 4515 858 4573 ab
874 4515 982 4575 sealla
1034 4517 1164 4578 λεύσουσι.
1185 4516 1339 4595 linteones
1352 4514 1540 4596 τουἈδδιμοῦ
1564 4522 1648 4596 λύει,
1663 4525 1815 4587 τδδὲαθτω

237 4626 296 4673 tum
309 4609 444 4672 cstsolvit
460 4629 495 4667 ex
511 4607 570 4684 illo,
587 4606 767 4711 ostenditque,
786 4605 982 4686 magistationi
1034 4607 1090 4669 λυει
1102 4611 1132 4668 ἐκ
1146 4607 1252 4681 τουτου
1268 4607 1313 4667 καί
1327 4608 1473 4684 δείκνυσιν
1488 4609 1533 4671 ὅτι
1548 4613 1634 4692 λόγον
1651 4616 1815 4697 ἔγειπλσίσνι

236 4718 396 4789 competere,
420 4701 525 4788 quod'
517 4722 551 4774 rs,
572 4699 619 4778 qui
639 4721 688 4779 pro
703 4698 768 4779 ipsis
788 4713 911 4759 mortuus
931 4715 981 4777 et,
1034 4701 1119 4762 τδτὸν
1132 4700 1240 4780 ὑπδρ’
1211 4706 1296 4760 αυτῶν
1310 4655 1475 4761 άποθανόντά
1493 4702 1623 4771 ἐξουσίαν
1640 4708 1673 4790 ἔγ
1676 4735 1716 4770 ειν
1731 4713 1814 4778 αιάιῖα

236 4812 394 4889 potestatem
407 4817 435 4855 nn
450 4790 512 4854 illos
527 4793 562 4852 ad
576 4792 686 4851 libitum
700 4791 806 4851 habeat.
823 4794 893 4851 Nam
907 4747 983 4872 quod
1035 4797 1070 4860 ὡς
1086 4792 1117 4852 δν
1132 4792 1207 4873 θέλῃ.
1222 4794 1263 4854 Τὸ
1279 4792 1326 4872 μὲν
1339 4792 1392 4907 γάρ
1411 4795 1499 4856 ἐνσς
1485 4799 1708 4911 αμαρτήσαντος
1729 4805 1815 4865 πάντας

237 4912 290 4952 uuo
312 4903 438 4973 peccante
462 4908 553 4946 omnes
574 4884 733 4967 puniantur,
758 4906 811 4944 nou
834 4884 982 4946 adrnodum
1033 4883 1204 4959 κολάζεσθαι,
1228 4888 1257 4944 σθ
1285 4884 1386 4966 σρόδρα
1407 4887 1478 4947 δοκεῖ
1495 4889 1573 4948 κατὰ
1599 4893 1739 4973 λόγον’
1710 4920 1764 4974 γινε
1754 4901 1814 4955 sla·

236 4983 335 5043 rationi
353 4993 561 5043 consentaneum
582 5000 638 5038 esse
657 4976 751 5036 multis
769 4977 896 5036 videtur:
890 4978 980 5057 quod
1032 4987 1086 5044 τοῖς
1102 4979 1224 5044 πολλοῖς·
1237 4975 1268 5035 τδ
1289 4975 1317 5036 δὲ
1338 4977 1393 5045 ἐνὸς
1409 4979 1640 5062 κατορθώσαντος
1666 4989 1797 5054 πάνσςςῖ

234 5070 831 5151 autemunomorienteomnesjustisrccntur,
844 5070 980 5130 etmtioni
997 5092 1016 5141 c
1033 5074 1185 5142 καισῦσθαι,
1201 5091 1247 5128 και
1235 5068 1339 5149 λογον
1353 5069 1438 5150 ἔχοι
1425 5093 1456 5127 αν
1471 5074 1599 5150 μᾶλλον,
1624 5078 1676 5137 καὶ
1700 5085 1740 5160 τῷ
1761 5011 1814 5139 &ii

235 5163 322 5243 magis
342 5176 547 5222 consentaneum
568 5174 617 5235 cst,
640 5172 666 5218 ct
688 5161 746 5218 Deo
765 5159 977 5219 conuenientius
1031 5160 1257 5242 πρεπωδέστερον.
1281 5159 1351 5221 ”Αλλ
1376 5160 1497 5241 ὄμνυς’
1471 5186 1519 5223 ουκ
1551 5166 1701 5229 ἔλυσεν
1687 5182 1769 5232 εκεῖνσ
1790 5167 1814 5227 :i

137 5266 143 5275 “
235 5261 360 5316 Attamen
382 5254 459 5314 illam
481 5252 657 5333 quaestionem
678 5272 731 5311 uon
762 5251 864 5315 solvit·
880 5267 978 5332 quanto
1033 5254 1230 5335 ἀπορούμενον·
1224 5251 1299 5334 dep
1318 5253 1371 5336 γάρ
1387 5253 1575 5341 δσαρίστερυν
1596 5261 1697 5344 ίμενε,
1712 5266 1814 5346 mles
