3728 5978
94 406 164 497 732
433 425 462 473 S.
490 425 629 474 loannis
655 422 837 473 CHRYSOST·
867 421 1023 472 ancittae.
1052 422 1320 472 consnaurtn'or.

90 550 191 624 έυεετε,
198 545 402 627 temperantiam
410 546 517 607 vocavit
525 545 716 608 humilitatem.
727 543 877 644 Quem-⁶2¹
888 546 1137 626 ταπεινοφροσύνην.
1153 544 1277 626 Ἓιιύστῳ
1300 547 1336 612 ὡς
1356 543 1457 609 δΘεδς
1482 539 1593 622 ἐμέρισε
1616 542 1660 619 με’·

91 641 250 701 admodum
264 642 424 719 unicuique
438 660 604 700 mensuram
616 640 693 721 fidei
708 641 834 718 partitus
887 659 948 717 τρον
962 636 1085 705 πύστεως.
1099 635 1211 708 Ἐπειδὴ
1226 633 1277 715 γὰρ
1289 639 1341 694 τῶν
1355 633 1574 715 χαρισμάτωνή
1599 634 1662 699 δόσις

91 748 136 796 est
159 737 252 795 Deus.
277 732 349 805 Quia
369 734 441 793 enim
474 735 571 795 collata
591 735 663 796 dona
683 734 784 795 multos
805 733 833 791 in
884 725 999 797 ’πολλούς
1017 729 1054 796 tl<
1072 727 1197 788 θπθνονον
1220 731 1304 808 ἐπῆρε
1325 726 1371 785 καλ
1394 724 1474 805 πορθ
1496 724 1601 791 τούτοις
1622 725 1663 784 ul

92 825 273 908 arrogantiam
309 827 460 886 extulerant
486 841 512 886 et
528 826 601 908 apud
627 827 692 887 istos
711 841 738 886 et
760 826 834 906 apud
889 820 962 899 παρὰ
977 820 1133 899 Κορινθίοις,
1146 819 1196 898 θρα
1209 823 1265 884 πῶς
1278 817 1327 891 τήν
1343 817 1431 878 αἰτίαν
1448 823 1496 878 τῶ
1516 816 1663 892 vwo'tfflts

93 918 262 998 Corinthios,
275 918 341 980 ride
352 917 487 998 quomodo
509 917 598 977 morbi
622 936 729 977 causam
743 914 834 994 palam
889 909 971 983 δήλην
982 918 1068 979 ποιεῖ,
1087 908 1214 968 καὶκατὰ
1231 909 1324 991 μικρὸν
1335 907 1474 989 ὑποσύρει.
1493 906 1592 966 Εἰπὼν
1604 907 1662 986 γλρ,

91 1008 173 1070 faciat
181 1053 191 1087 ,
204 1023 230 1070 et
249 1011 382 1092 paulatim
402 1008 534 1069 detrahat.
550 1009 620 1068 Cum
635 1006 749 1067 dixisset
763 1004 834 1064 euim
887 1000 928 1061 δτι
939 1002 979 1061 δεῖ
991 1011 1093 1083 φρονεῖν
1108 1004 1144 1068 εἰς
1154 1001 1184 1061 τὸ
1197 1010 1356 1081 σωφρονεῖν,
1370 1000 1530 1080 ἐπήγαγεν·
1542 998 1664 1078 ‘Esdram

93 1113 215 1182 oportere
236 1123 349 1183 sapere,
362 1114 392 1160 ut
416 1121 467 1181 par
494 1113 532 1160 est
548 1120 663 1180 sapere,
682 1095 834 1178 subjunxit,
888 1096 924 1161 ὡς
937 1097 951 1152 ὁ
964 1094 1033 1161 Oete
1052 1093 1159 1174 ἐμέρισε
1172 1092 1268 1173 μέτρον
1291 1092 1422 1166 πύστεως,
1445 1091 1541 1152 πύστιν
1556 1092 1664 1149 ἐνταῦθα

97 1190 833 1272 UtunicuiquemensuramfideipartitusestDeus,
887 1183 918 1244 τδ
931 1184 1053 1264 χάρισμα
1066 1187 1165 1245 καλῶν.
1185 1182 1278 1246 Εἰπὼν
1292 1181 1333 1257 δὲ,
1347 1183 1388 1243 δτι
1409 1182 1537 1262 ἐμέρισε,
1557 1180 1605 1242 καὶ
1623 1181 1664 1240 τόν

92 1280 175 1342 fidem
188 1281 349 1342 hiedonum
362 1302 471 1343 rorans.
489 1282 559 1340 Cum
572 1280 646 1341 dixit
656 1292 746 1339 autem
755 1281 832 1338 Par·
885 1275 994 1337 ἔλαττον
1019 1276 1143 1356 εἰληφότα
1166 1274 1388 1356 παρεμυθήσατο,
1411 1273 1529 1335 καὶτὸν
1555 1272 1665 1351 μείζονος

93 1376 164 1432 titus
173 1386 227 1449 est,
237 1395 299 1433 eum
311 1373 359 1452 qui
369 1373 460 1434 minus
470 1386 607 1454 acceperat
616 1371 768 1432 oonsolatus
780 1383 830 1441 est,
859 1426 863 1435 ,
887 1367 1074 1428 ἀπολαύσαντα
1098 1366 1273 1427 κατέστειλαν.
1295 1368 1330 1426 El
1346 1364 1399 1446 γὰρ
1418 1369 1434 1425 ὁ
1454 1364 1530 1432 Θεὸς
1551 1364 1665 1444 ἐμέρισε,

95 1461 834 1546 eumquequiplusaoceperat,depressitsienimDeus
850 1467 869 1514 B
886 1457 932 1517 καλ
946 1456 984 1538 μή
999 1458 1044 1518 σδν
1056 1459 1086 1519 τδ
1097 1457 1268 1539 κατόρθωμα,
1278 1460 1305 1516 τί
1319 1457 1388 1537 μέγα
1401 1465 1527 1537 φρονεῑς;

92 1554 210 1634 partitus
215 1571 265 1631 est,
276 1577 323 1617 noo
332 1571 410 1616 tuum
417 1555 469 1616 hoe
474 1577 585 1633 munus,
591 1575 639 1615 cur
651 1555 738 1615 altum
746 1554 834 1634 sapis?

21 1700 25 1707 .
131 1648 160 1708 ύ.
173 1647 203 1707 Si
216 1646 278 1726 quis
291 1668 356 1708 vero
365 1647 439 1708 dicat
452 1647 498 1706 hie
511 1646 595 1706 fidem
608 1667 661 1706 non
676 1645 766 1707 vocari
781 1645 833 1705 do·
928 1657 963 1716 Et
976 1655 1006 1717 δέ
1017 1679 1057 1724 μς
1069 1654 1118 1727 τὴν
1127 1654 1216 1715 μνη-μγ
1230 1656 1343 1713 ενταῦθα
1358 1653 1395 1727 μὴ
1412 1653 1445 1712 τὸ
1457 1653 1588 1733 χάρισμα
1602 1653 1664 1711 ομ.

91 1759 158 1798 num
172 1760 221 1800 seu
240 1737 385 1815 charisma,
405 1740 458 1797 hoc
475 1758 585 1798 rursum
606 1738 692 1817 magis
719 1737 834 1798 ostendit
889 1769 931 1827 φμ
950 1748 1102 1821 χαλᾶσθαι,
1117 1746 1162 1806 καὶ
1185 1751 1263 1804 τοῦτο
1281 1745 1362 1804 πάλιν
1384 1744 1517 1822 μειζόνως
1539 1744 1664 1804 δείκνυσιν

91 1829 183 1910 ipsum
194 1843 348 1908 arrogantes
360 1828 521 1909 deprimere.
537 1831 608 1890 Nam
621 1830 644 1888 si
668 1828 735 1888 doni
754 1848 834 1888 θθθθθ
890 1839 968 1900 αύτδν
989 1842 1163 1899 ταπεινοῦντα
1181 1835 1240 1905 τούς
1256 1835 1392 1906 ἀλαζόνας.
1407 1836 1442 1895 Ei
1455 1834 1514 1914 γὰρ
1528 1839 1575 1893 τῶ
1586 1833 1665 1914 χαρί-

92 1920 127 1982 sit
146 1919 295 2001 fides,·per
319 1941 401 1999 φαίνω
420 1919 554 1986 miracula
572 1933 736 2001 patrantur,
760 1934 787 1980 ot
810 1920 834 1981 Sl
890 1952 989 2009 σματος
1002 1928 1114 2001 αῐτιονή
1128 1926 1232 2001 πύστις,
1246 1926 1305 1987 καθ’
1318 1927 1351 1999 ἣν
1366 1925 1400 1986 rh
1415 1926 1545 2003 θαύματα
1559 1924 1666 2005 γίνεται,

90 2010 190 2072 λοοέ
217 2013 274 2072 Deo
297 2025 356 2086 est,
381 2010 518 2071 undenam
538 2012 624 2071 altum
648 2012 741 2092 sapis?
762 2012 833 2074 Nam
889 2019 935 2080 καλ
953 2018 1119 2101 ταῦταπαρδ
1136 2025 1183 2079 τοῦ
1197 2017 1370 2092 Θεοῦ,πόθεν
1391 2016 1462 2094 μέγα
1484 2025 1607 2097 φρονεῐες
1625 2017 1667 2074 καὶ

90 2102 144 2164 uisi
169 2101 300 2180 venisset,
327 2123 377 2163 neo
403 2103 560 2163 incarnatus
579 2103 687 2180 suisset,
715 2124 782 2181 φατε,
798 2103 834 2162 ad
888 2111 953 2190 γὰρ,
968 2114 991 2172 εἰ
1005 2110 1043 2191 μὴ
1064 2110 1237 2192 παρεγένετο,
1253 2107 1495 2188 μηδδέσαρκώθη,
1511 2109 1569 2166 οὐδ’
1587 2107 1619 2166 διν
1636 2106 1667 2165 τύ

90 2193 175 2256 fldem
196 2209 319 2277 spectant
345 2215 398 2254 non
429 2195 614 2256 invaluissent.
642 2196 738 2274 ltaque
769 2197 834 2258 hine
889 2203 1064 2274 τῆςπύσσεως
1079 2203 1275 2284 προεχώρησεν.
1290 2200 1374 2260 Ὦστε
1387 2199 1479 2260 πάντα
1499 2200 1603 2258 ἐκεῖθεν
1624 2198 1668 2271 τήν

91 2290 182 2350 omnia
200 2290 271 2350 bona
291 2289 402 2349 initium
422 2288 531 2349 hahent.
549 2290 579 2350 Si
594 2302 686 2348 autem
703 2289 762 2370 ipse
776 2288 832 2369 det,
890 2294 975 2376 ἀρχὴν
986 2295 1043 2376 ἔχει
1054 2294 1088 2354 τὰ
1100 2293 1195 2373 ἀγαθέ.
1215 2294 1251 2354 nt
1264 2291 1293 2351 δὲ
1306 2292 1382 2361 αὐτὸς
1404 2292 1531 2364 δίδωσιν,
1545 2282 1604 2350 οἶδε
1616 2295 1669 2358 πῶς

89 2379 166 2444 novit
187 2393 258 2440 certe
282 2400 337 2458 quo
359 2393 438 2461 pacto
461 2379 629 2439 distribuat:
645 2399 737 2438 ornnes
762 2381 835 2441 onim
891 2387 1010 2467 μερίζει·
1030 2387 1132 2454 πύντας
1152 2385 1207 2466 γὰρ
1232 2385 1309 2453 αὐτὸς
1331 2385 1454 2462 ἐποίησε,
1487 2384 1536 2444 καλ
1564 2383 1669 2443 πόντων

90 2473 149 2554 θΡθθ
169 2473 249 2551 stell>
270 2471 446 2549 ⁰¹ffll¹¹¹¹¹q1¹0
464 2471 565 2552 Ρθῐθθθΐ
590 2491 683 2530 cusam
702 2470 779 2550 gerit·
796 2476 836 2531 Αθ
889 2478 1117 2557 δμοίννςειήδεται.
1131 2478 1185 2539 Kal
1199 2476 1290 2558 ὥσπερ
1304 2477 1335 2537 πθ
1348 2479 1436 2537 δοῦναι
1448 2477 1506 2535 ἀπὸ
1516 2479 1668 2559 φιλανθρω·

92 2561 320 2643 quemadmodum
341 2560 417 2640 quod
436 2560 553 2641 dederit,
569 2561 600 2622 id
616 2582 651 2621 ex
669 2561 837 2641 benignitate
890 2570 953 2638 πίας
964 2569 1081 2650 γέγονεν,
1096 2571 1165 2630 οὕτω
1176 2567 1223 2630 καλ
1234 2568 1316 2628 πόσον
1329 2570 1428 2628 δοῦναι.
1442 2566 1552 2647 Ούγᾶρ
1565 2565 1600 2639 δή
1612 2567 1671 2646 περὶ

91 2657 193 2716 dmum
205 2668 253 2731 ost,
263 2653 335 2714 itaet
345 2653 419 2732 quod
432 2667 539 2714 tantum
551 2652 667 2713 dederit.
690 2653 751 2713 Non
764 2653 836 2713 euim
889 2661 921 2720 τὸ
930 2661 1071 2742 κεφάλαιον
1087 2661 1280 2740 ἐπιδειξάμενος
1293 2659 1341 2733 τήν
1356 2659 1522 2738 αἰγαύόεητα,
1536 2659 1606 2739 ύπερ
1617 2661 1671 2719 ἐστὶ

91 2745 139 2827 qui
154 2745 298 2808 insumma
311 2758 365 2804 tota
374 2745 524 2805 honitatem
536 2766 615 2804 suam
625 2744 834 2824 demonstrarit,
852 2768 871 2818 c
890 2753 920 2813 ιο
934 2754 1023 2813 δοῦναι
1034 2752 1068 2812 τὰ
1079 2752 1251 2834 χαρίσματα,
1263 2756 1290 2812 ἐν
1301 2756 1340 2831 τῷ
1352 2751 1440 2830 μέτρῳ
1450 2774 1483 2810 σε
1494 2750 1671 2830 θηροδιδόνπι

90 2837 139 2897 illa
152 2836 256 2906 scilicet
266 2836 338 2896 dona
353 2835 504 2916 largiendo,
517 2836 546 2896 in
560 2856 685 2896 mensura
698 2849 724 2896 te
737 2835 835 2917 prodi·
889 2843 1007 2922 ἔμελλον,
1016 2847 1051 2907 Et
1063 2843 1111 2923 μὲν
1125 2842 1178 2924 γὰρ
1189 2843 1319 2922 ἀτιμάσαι
1328 2841 1460 2914 ἕεσύλετο,
1473 2844 1531 2902 οὐδ’
1544 2843 1579 2900 ἂν
1590 2842 1671 2901 ἔδωκε

91 2942 169 2990 turus
176 2942 241 2990 erat.
248 2927 278 2990 Si
283 2927 357 2989 enim
365 2943 391 2989 te
399 2929 560 2990 inhonorare
571 2928 750 3004 ratumenna
759 2931 836 3012 prin·
889 2934 938 3008 τήν
951 2935 1056 3018 ἀρχήν·
1071 2936 1095 2994 sl
1110 2933 1138 2995 δὲ
1151 2939 1238 2996 σῶσαι
1255 2934 1301 2994 καλ
1315 2937 1428 3012 τιμῆσαι
1448 2934 1606 2994 ἐσπούδακε
1619 2933 1672 3008 (διδ

92 3019 195 3101 cipiunt
205 3020 315 3100 quidem
327 3021 439 3081 illorum
446 3020 581 3082 dedisset:
595 3021 637 3083 sin
647 3043 729 3104 porro
738 3035 766 3082 te
779 3044 835 3084 ser·
889 3027 941 3110 γὰρ
961 3032 1038 3088 τοῦτο
1060 3026 1107 3088 καλ
1133 3026 1308 3105 παρεγένετο,
1329 3024 1374 3084 ειαλ
1395 3031 1516 3085 τοσαῦτα
1540 3023 1672 3103 διένειμεν

93 3135 157 3175 rare
170 3128 198 3175 et
212 3113 346 3176 honorare
358 3115 465 3175 studuit
479 3117 562 3197 (ideo
574 3139 693 3195 namque
710 3118 796 3194 venit,
810 3133 838 3178 et
890 3118 1003 3197 nnat·
1017 3113 1086 3184 τένος
1098 3115 1185 3176 ἕνεκεν
1197 3115 1295 3196 θορυύῇ
1310 3114 1356 3174 καλ
1365 3116 1487 3197 ταράττῃ
1503 3116 1551 3175 καλ
1563 3120 1604 3185 εἰς
1617 3142 1676 3196 μω·

92 3217 133 3265 tot
147 3203 405 3288 hona'distrihuit):
420 3226 469 3265 eur
482 3205 599 3266 turbaris
607 3228 639 3267 ae
651 3207 837 3284 tumultuaris,
890 3207 949 3289 ρίαν
963 3208 1147 3288 ἀποκέχρησαι
1164 3211 1198 3286 τῇ
1219 3206 1360 3288 φρονήσει,
1380 3207 1509 3285 μειζόνως
1525 3214 1575 3267 τῶ
1597 3210 1671 3290 φύσει

35 3289 38 3292 .
93 3311 174 3377 atque
184 3296 332 3381 prudentia
345 3311 392 3357 tua
403 3298 440 3358 ad
454 3298 597 3359 stultitiam
610 3300 739 3377 abuteris,
751 3300 837 3380 magis
890 3298 1007 3360 τοιούτου
1022 3298 1206 3380 καταισχύνων
1224 3300 1335 3372 σαυτόν;
1350 3300 1391 3364 Τὸ
1403 3300 1450 3376 μέν
1472 3299 1527 3380 γὰρ
1541 3302 1602 3360 ἀπὸ
1620 3300 1671 3381 φύ-

94 3402 121 3448 te
133 3388 322 3464 dehonestans,
335 3411 417 3467 quam
428 3389 451 3448 is
462 3388 511 3468 qui
524 3411 559 3449 ex
571 3403 666 3449 natura
679 3412 728 3449 sua
737 3392 838 3451 stultus
892 3414 957 3458 σεως
972 3392 1091 3470 γενέσθαι
1105 3391 1208 3473 μωρὸν,
1222 3394 1269 3450 οὐκ
1284 3391 1423 3470 ἔγκλημα·
1438 3392 1470 3450 τδ
1491 3391 1520 3451 δὲ
1541 3393 1592 3452 διὰ
1610 3417 1672 3473 φρο-

96 3480 156 3539 est?
167 3480 237 3539 Nam
250 3501 285 3538 ex
299 3493 396 3539 natura
407 3480 521 3539 stultum
535 3501 601 3554 esse,
619 3501 672 3540 non
689 3481 770 3562 eulpa
780 3496 835 3560 est,
891 3482 991 3554 νήσεως
1001 3481 1122 3562 γενέσθαι
1134 3482 1232 3565 μωρὸν,
1242 3481 1287 3541 καλ
1297 3482 1453 3562 συγγνώμης
1464 3482 1615 3563 ἐπέρηται
1629 3486 1672 3543 καὶ

96 3572 305 3634 exnimiarero
323 3572 466 3653 prudentia
488 3574 602 3632 stultum
620 3574 692 3652 fieri,
716 3574 746 3635 id
759 3576 838 3636 venia
894 3573 1000 3650 μείζονα
1023 3574 1096 3653 φέρει
1112 3573 1161 3645 τήν
1185 3573 1304 3634 κόλασιν.
1327 3577 1450 3633 Τοιαῦται
1471 3577 1496 3634 οἱ
1518 3575 1566 3635 ἐπὶ
1595 3576 1672 3655 σοφίη

96 3679 169 3725 caret
182 3678 209 3724 et
236 3666 327 3747 majus
344 3666 423 3724 affert
437 3664 610 3746 supplicium.
625 3666 707 3725 Tales
729 3680 792 3726 sunt
808 3667 838 3745 ii,
856 3675 875 3723 D
894 3667 963 3744 μέγα
973 3665 1126 3747 φρονούντές
1143 3669 1211 3738 εἶσι,
1226 3665 1272 3725 καλ
1291 3669 1328 3733 εἷς
1345 3666 1470 3726 ἀπόνοιαν
1491 3666 1673 3744 ἐμπίπτοντες

96 3759 179 3841 quiin
193 3760 377 3842 sapientiasua
385 3759 471 3819 altum
482 3759 601 3842 sapiunt,
617 3774 643 3820 et
651 3761 680 3820 in
691 3775 839 3823 extremam
892 3757 941 3830 τήν
965 3757 1092 3837 ἐσχάτην.
1117 3755 1201 3817 Ούδὲν
1222 3756 1275 3838 γὰρ
1294 3757 1362 3817 ούτω
1382 3758 1470 3836 μωρὸν
1495 3761 1532 3825 ὡς
1560 3758 1672 3818 ἀπόνοια

25 3883 88 3929 gig„
97 3851 219 3913 incidunt
227 3851 423 3933 arrogantiam:
437 3851 506 3910 nihil
516 3851 589 3910 enim
606 3852 645 3911 ita
656 3853 769 3914 stultum
778 3854 839 3915 red.
894 3856 973 3908 ποιεῖ.
986 3848 1035 3908 Διὸ
1046 3847 1092 3907 καλ
1105 3852 1119 3906 ό
1130 3847 1269 3930 προφήτης
1278 3848 1361 3916 οὕτως
1373 3848 1462 3907 ἐκάλει
1474 3848 1520 3908 τὸν
1533 3849 1673 3931 βᾶρόαρον

6 3949 88 3999 rutrum
98 3945 141 4007 dit
152 3959 183 4005 ut
195 3945 357 4025 arrogantia.
371 3942 475 4003 Idciroo
489 3943 620 4024 propheta
642 3945 681 4004 sic
692 3945 840 4008 barbarum
893 3939 993 4018 λέγων,
1005 3938 1042 4000 Ὁ
1056 3938 1083 3999 δὲ
1097 3939 1185 4021 μωρὸς
1205 3940 1282 4021 μωρὰ
1295 3941 1415 4012 λαλήσει.
1427 3939 1488 3999 Ἵνα
1503 3940 1531 3998 δὲ
1548 3943 1599 4001 καὶ
1623 3945 1675 4003 ἀπὸ

1 4016 80 4118 ⁸1„ss
81 4019 89 4054 ⁸
97 4037 213 4101 rooahat
230 4060 236 4093 :
253 4037 365 4097 Stultus
389 4048 486 4095 antem
510 4036 605 4095 stulta
627 4037 772 4117 loquetur.
801 4041 841 4099 Ut
893 4037 946 4092 τῶν
961 4032 1087 4114 ῥημάτων
1102 4035 1187 4092 αὐτῶν
1203 4033 1380 4111 μύθῃςοιῦτοθ
1394 4031 1442 4105 τὴν
1453 4033 1672 4114 sopiendam·

13 4134 188 4190 sno-autem
202 4149 237 4188 ex
257 4129 315 4208 ejus
335 4126 425 4188 verbis
446 4126 534 4207 ipsius
556 4127 701 4187 stultitiam
723 4128 838 4209 otiisnas,
894 4148 940 4184 σον
948 4123 978 4184 ’τύ
991 4147 1091 4204 φησιν·
1107 4123 1217 4183 ’neam
1230 4128 1283 4183 τῶν
1295 4125 1399 4204 ἄστρων
1412 4128 1458 4182 τοῦ
1472 4128 1591 4204 ούρανοῦ
1602 4127 1675 4199 θήσω

1 4261 10 4301 ¹.
20 4253 57 4319 ,4
98 4219 163 4280 audi
176 4216 244 4298 quid
254 4218 327 4276 dicat
340 4241 346 4275 ι
357 4218 452 4296 Supra
463 4229 546 4275 astra
558 4219 626 4276 ooeli
635 4205 747 4298 portam
760 4223 840 4281 thro·
894 4219 939 4278 τδν
953 4215 1042 4298 θρόνον
1054 4238 1104 4293 μου
1112 4257 1120 4287 ,
1135 4215 1180 4275 καλ
1192 4216 1287 4293 ἔσομαι
1300 4215 1389 4294 ὅμοιος
1403 4219 1442 4295 τῷ
1460 4213 1600 4297 Ὑψύστῳ.
1615 4221 1674 4278 Κα-

100 4332 171 4371 num
184 4328 290 4381 meum,
306 4320 333 4366 et
345 4327 394 4366 ero
405 4307 512 4366 similis
524 4307 557 4365 A
559 4307 690 4368 ltissr‘mo.
707 4311 841 4391 Compre·
894 4308 1096 4387 τοιλήψομαιτῇ
1113 4305 1185 4389 χειρέ
1201 4330 1251 4386 μου
1264 4307 1313 4381 τήν
1331 4306 1488 4385 οἰκουμένην
1501 4311 1538 4374 ὡς
1553 4310 1677 4383 νοσσιὰν,

1 4375 87 4483 '‘¹⁰¹¹fl'
99 4400 229 4462 tendam
244 4417 334 4455 manu
344 4417 409 4455 mea
423 4399 519 4455 orbem
530 4408 563 4455 ut
575 4398 675 4456 nidum
683 4443 693 4470 ,
706 4412 735 4458 et
743 4412 775 4458 ut
784 4420 842 4460 ova
898 4399 943 4458 καὶ
955 4399 1229 4477 ὥςιιαταλελειμμένα
1240 4397 1281 4458 ὠδι
1295 4400 1361 4480 ἀρῶ.
1375 4398 1483 4457 Τούτων
1497 4389 1542 4458 σύν
1554 4405 1613 4459 τῶν
1634 4408 1681 4482 ρη-

99 4488 241 4550 derelicta
252 4485 400 4564 auferam.
415 4482 467 4542 His
480 4483 572 4561 itaque
585 4484 676 4544 verbis
689 4485 759 4563 quid
775 4488 842 4547 stul·
899 4492 990 4568 μάτων
1000 4489 1026 4549 τύ
1037 4489 1186 4570 μωρότερον
1196 4489 1290 4568 γένοιτ’
1303 4490 1350 4558 ύν;
1364 4490 1417 4548 Καὶ
1433 4489 1534 4561 ἑιιύσπη
1552 4491 1584 4552 δὲ
1596 4518 1682 4572 μεγα-

100 4583 156 4643 tius
172 4576 274 4640 fuerit?
294 4575 408 4657 Singula
426 4595 507 4656 porro
528 4576 665 4656 jactantia
683 4578 767 4638 verba
790 4579 843 4640 hoo
898 4581 1010 4664 ληγυρύα
1022 4588 1098 4642 τοῦτο
1112 4580 1205 4648 εύθέως
1216 4583 1360 4640 ἐπισπᾶται
1375 4580 1407 4640 τὸ
1418 4581 1526 4648 ὄνειδος.
1539 4584 1604 4642 Κᾶν
1619 4587 1684 4644 ἔκα-

100 4672 154 4733 sibi
168 4667 345 4753 opprobrium
367 4665 515 4727 attrahunt.
536 4665 574 4725 Et
593 4666 617 4725 si
636 4667 720 4726 verba
738 4668 843 4748 singula
860 4693 879 4742 E
900 4698 960 4734 στον
976 4679 1050 4755 ῥῆμα
1063 4676 1116 4733 τῶν
1131 4673 1346 4751 ἀπονενοημένων
1359 4675 1397 4739 εἰς
1416 4672 1498 4749 μέσον
1519 4676 1637 4754 ἀγάγω,
1654 4682 1684 4736 ού

100 4764 245 4828 shrltorum
267 4761 296 4820 in
313 4759 436 4820 medium
457 4755 601 4851 adducam,
614 4757 771 4837 d'guosuere
791 4781 844 4822 non
900 4767 998 4845 δυνήσῃ
1011 4768 1154 4844 διαγνῶναι
1169 4765 1278 4846 πότερον
1287 4764 1497 4841 ἀπονενοημένου
1509 4765 1528 4836 ἢ
1541 4775 1642 4849 μωροῦ
1650 4770 1685 4828 τὰ

101 4857 211 4939 poteris,
224 4854 340 4915 verbane
352 4849 501 4931 arrogantis
512 4850 566 4910 sint
579 4871 613 4909 an
628 4849 779 4932 insipientis
790 4855 843 4914 :ita
900 4859 1026 4938 ῥήματα·
1041 4855 1122 4924 οὕτως
1138 4854 1165 4915 έν
1182 4860 1239 4916 ἔστι
1250 4856 1323 4916 rouel
1337 4855 1367 4916 τδ
1383 4856 1541 4935 ἐλάττωμα.
1558 4859 1618 4920 Καὶ
1631 4861 1685 4940 γθρ

101 4969 186 5017 umam
200 4946 324 5024 idemque
334 4944 386 5005 hoc
397 4943 494 5006 uitium
510 4956 557 5003 est.
570 4941 678 5009 Etenim
692 4943 763 5004 alius
775 4967 843 5025 quo·
900 4949 986 5029 ἔτερος
1001 4948 1133 5029 βύρύαρος
1156 4947 1235 5009 πολιν
1256 4948 1349 5029 φησὶν,
1365 4945 1438 5026 Ἐγώ
1454 4950 1512 5026 εἰμι
1532 4949 1612 5026 θεὸς,
1640 4955 1686 5012 καὶ

134 5123 145 5148 ι
162 5106 220 5154 λύοι.
235 5111 306 5169 λέγει,
316 5103 405 5154 Morel.
418 5104 500 5154 minus
512 5115 579 5154 recte
592 5111 659 5168 λέγει.
909 5113 991 5164 δοῦναι.

134 5187 291 5256 tepentem
310 5181 387 5236 nutri.
409 5181 481 5233 Unus
502 5197 562 5234 rero
582 5179 669 5235 Codex
686 5181 724 5249 [et
742 5183 785 5250 h]
804 5206 861 5255 προ·
