3728 5978
457 810 618 873 nonnum
639 807 728 868 xili.
980 807 1000 855 C
1298 804 1433 864 ΟΜΙΑΙΑ
1449 800 1505 881 μί’.

220 998 292 1058 Cro.
307 997 386 1058 XIX.
398 1018 426 1059 v.
436 1001 485 1058 91.
496 1000 552 1061 His
563 1007 663 1056 autem
673 993 806 1074 expletis,
816 994 968 1073 proposuit
1017 988 1065 1056 tt<
1078 985 1106 1050 δλ
1120 986 1261 1070 ἐπληρώθη
1275 991 1370 1061 ταῦτα,
1383 985 1456 1047 ἔθετο
1468 991 1483 1047 θ
1494 989 1602 1057 Παῦλος
1614 991 1641 1050 ἐν
1652 989 1692 1069 τῷ
1705 988 1789 1049 Πνεί·

260 1091 376 1150 Patulus
394 1093 427 1148 in
446 1090 570 1169 Spiritu,
594 1090 722 1146 transita
743 1085 923 1143 Macedonia
938 1095 967 1141 et
1057 1103 1133 1159 ματι,
1147 1078 1254 1139 διελθὼν
1273 1079 1322 1151 τὴν
1341 1078 1507 1140 Μακεδονίαν
1525 1081 1570 1139 καί
1589 1079 1721 1162 Ἀχαίαν,
1739 1106 1789 1141 πο-

260 1183 383 1243 Achaia
391 1187 435 1241 ire
441 1181 670 1255 lerosolymam,
677 1177 966 1257 diceremPostqunm
1060 1173 1180 1257 ρεύεαθαι
1194 1174 1231 1239 εἰς
1245 1171 1436 1251 Ἰερουσαλὴμ,
1451 1170 1549 1245 εἰπὼν,
1563 1172 1604 1232 ὅτι
1617 1173 1686 1252 μετὰ
1699 1173 1732 1234 τδ
1744 1197 1788 1252 γε·

257 1276 345 1354 suero
358 1277 410 1348 ibi,
420 1284 533 1352 oportet
546 1291 592 1328 me
605 1283 633 1328 et
645 1271 770 1328 Romam
783 1269 896 1326 nidere.
917 1270 967 1327 ΜΠ.
1058 1264 1148 1324 νέαθαι
1162 1287 1196 1342 με
1207 1265 1279 1337 ἐκεῖ,
1293 1265 1331 1322 δεῖ
1346 1288 1379 1343 με
1393 1262 1438 1322 καὶ
1449 1262 1559 1342 Ῥώμην
1573 1266 1646 1325 ἰδεῖν.
1656 1267 1789 1326 ’ἀποστεί-

261 1369 386 1425 Mittens
398 1379 498 1424 autem
507 1369 539 1422 in
555 1363 764 1422 Macedoniam
776 1363 848 1421 duos
861 1382 899 1420 en
914 1364 969 1418 mi·
1059 1357 1107 1425 λος
1128 1357 1156 1416 δὲ
1178 1360 1215 1424 εἰς
1228 1355 1275 1429 τὴν
1289 1355 1455 1416 Μακεδονίαν
1470 1357 1516 1416 δύο
1532 1360 1584 1416 τῶν
1600 1357 1789 1417 διακονούντων

236 1488 240 1495 ·
263 1461 457 1517 nistrantihus
475 1459 532 1516 stoi
557 1455 740 1512 Timotheum
763 1466 791 1512 et
812 1455 965 1524 Erosium,
1059 1452 1147 1530 αὐτῷ,
1162 1448 1292 1526 Τιμόθεον
1308 1449 1354 1507 καί
1369 1447 1511 1531 Ἔραστον,
1525 1450 1602 1518 αι’πδς
1614 1449 1715 1532 ἐπίσχε
1727 1453 1790 1533 χρό-

262 1553 323 1631 ipse
336 1553 479 1609 remansit
492 1549 533 1607 ad
543 1560 655 1626 tempus
665 1549 697 1604 in
708 1546 795 1605 Asia.
812 1547 861 1604 25.
871 1547 969 1602 Facta
1058 1565 1101 1602 ναν
1124 1544 1160 1610 εἰς
1177 1540 1227 1613 την
1244 1540 1341 1600 Ἀσίαν.
1364 1540 1487 1618 Ἐγένετο
1507 1541 1535 1602 δδ
1550 1541 1620 1601 κατὰ
1636 1542 1681 1601 τδν
1696 1545 1788 1626 καιρὸν

262 1655 306 1702 est
317 1656 417 1701 autem
428 1643 482 1700 illo
496 1653 624 1719 tempore
635 1640 764 1698 turbatio
775 1657 835 1697 non
844 1638 970 1696 minima
1059 1639 1157 1696 ἐκεῖνον
1172 1634 1287 1716 τάραχος
1300 1636 1346 1694 οὐκ
1358 1632 1445 1713 ὀλίγος
1457 1633 1519 1712 περὶ
1532 1638 1580 1705 τῆς
1594 1634 1662 1694 θδοῦ.

263 1737 300 1795 de
315 1740 379 1796 oia.
905 1733 913 1751 ⁸

265 1922 293 1977 1.
308 1918 379 1979 Satis
400 1931 520 1978 moratus
543 1917 571 1978 in
590 1918 639 1978 illa
661 1915 780 1994 civitate,
792 1915 853 1977 vult
872 1915 971 1975 iterum
1062 1914 1171 1984 Ἱκανῶς
1191 1912 1358 1994 ἐνδιατρίψας
1370 1917 1404 1994 τῇ
1418 1911 1495 1973 πόλει
1515 1912 1638 1995 βυίλεται
1653 1919 1791 1995 μεταστῇ·

224 2010 279 2070 alio
293 2011 410 2091 migrare
422 2034 429 2068 ι
441 2011 501 2070 ἰᾶτο
515 2010 599 2070 mittit
610 2009 786 2069 Timotheum
798 2022 825 2068 et
845 2007 973 2068 Emstum
988 2016 1009 2064 Ι)
1023 2032 1067 2069 ναι
1093 2008 1182 2068 πάλιν.
1213 2007 1261 2067 Διδ
1280 2006 1325 2066 καὶ
1349 2006 1450 2086 πέμπει
1473 2006 1518 2066 τδν
1537 2008 1667 2086 Τιμόθεον
1685 2009 1792 2070 καὶτὸν

223 2103 253 2164 in
268 2103 465 2178 Macedoniam,
477 2104 537 2184 ipse
550 2125 615 2165 vero
626 2115 716 2162 manet
725 2100 839 2183 Ephesi.
853 2100 975 2172 Quomo·
1023 2100 1155 2179 Ἔραστον
1166 2102 1203 2166 εἷς
1213 2097 1390 2173 Μακεδονίαν,
1405 2097 1482 2186 αὐτὸς
1496 2098 1606 2178 δὲμίνει
1617 2103 1655 2167 εἰς
1667 2099 1791 2182 Ἔρεσον.

224 2193 262 2269 do
276 2209 377 2272 nutem,
389 2195 466 2255 initio
479 2195 572 2255 volens
585 2194 613 2253 in
623 2193 733 2275 Syriam
744 2192 830 2270 abire,
842 2191 870 2250 in
882 2194 974 2251 Μεοα-
1025 2195 1088 2260 Πῶς
1108 2191 1135 2251 δὲ
1157 2191 1184 2261 ἐξ
1203 2195 1288 2272 ἀρχῆς
1313 2189 1435 2268 ἐλόμενος
1460 2190 1500 2258 εἰς
1515 2190 1614 2274 Συρίαν
1637 2190 1792 2263 θάπελθεῖν,

225 2288 336 2356 doniam
351 2283 515 2349 reuertitur?
524 2290 562 2349 Ut
576 2286 697 2348 ostendat
713 2306 742 2345 se
761 2307 814 2344 non
831 2285 922 2345 omnia
939 2303 975 2344 cx
1023 2285 1104 2347 πάλιν
1118 2288 1154 2352 εἰς
1163 2283 1329 2343 Μακεδονίαν
1342 2282 1515 2363 ὑποστρέφει,
1528 2281 1694 2354 heinrichus
1705 2285 1794 2345 πάντα

225 2381 338 2462 propria
365 2381 465 2441 virtute
487 2382 581 2440 fucere.
609 2382 672 2440 Jam
693 2376 837 2459 prophetat
862 2375 972 2435 dicens:
1023 2379 1072 2436 οθκ
1085 2375 1170 2456 οἰκείᾳ
1192 2373 1301 2452 δυνάμει
1320 2373 1460 2457 ἔτραπεν.
1480 2372 1552 2448 ’Πδη
1574 2376 1734 2456 προφητεύει
1750 2377 1794 2436 λέ-

228 2475 349 2553 Oportet
359 2494 405 2531 me
416 2485 444 2531 et
457 2474 581 2530 Romam
590 2471 701 2528 uidere.
713 2469 772 2526 Hoc
787 2488 851 2527 vero
861 2467 973 2526 sortasse
1022 2492 1085 2548 γων,
1097 2472 1145 2527 Δεῖ
1161 2490 1195 2545 με
1206 2466 1252 2525 καὶ
1266 2465 1377 2543 Ῥώμην
1395 2468 1467 2526 ἰδεῖν.
1485 2469 1572 2528 Τοῦτο
1584 2467 1612 2527 δὲ
1626 2458 1717 2542 εἶπεν,
1731 2467 1793 2535 ίσιυς

227 2563 304 2640 dicit,
311 2577 342 2623 ut
353 2563 505 2623 consoletur
513 2583 567 2641 cos,
574 2575 606 2620 ut
614 2558 663 2639 qui
673 2577 725 2619 non
736 2572 841 2618 maneat
849 2557 970 2637 quidem,
1022 2559 1258 2640 παραμυθούμενος
1275 2556 1387 2632 αὐτοὺς,
1407 2562 1442 2627 ὡς
1455 2564 1502 2619 οὐκ
1518 2559 1670 2639 ἀπομίνων,
1685 2563 1746 2621 ἀλλ’
1758 2567 1793 2629 ὡς

226 2655 275 2717 scd
288 2669 382 2716 rursus
396 2654 504 2714 vicinus
515 2674 609 2714 eorum
618 2652 726 2711 futurus
735 2651 780 2727 sit,
791 2664 816 2710 et
831 2651 971 2731 prophetia
1022 2652 1103 2715 πάλιν
1117 2650 1249 2732 ἐγγυτέρω
1262 2651 1397 2730 γινόμενος
1410 2655 1513 2726 αὐτῶν,
1537 2652 1581 2712 καλ
1593 2654 1735 2713 διανιστῶν
1747 2654 1794 2722 τδις

227 2747 426 2828 discipulomm
445 2746 550 2805 animos
562 2743 672 2804 excitet.
686 2742 760 2809 Hinc,
770 2741 840 2800 mihi
862 2742 973 2803 videtur
1020 2744 1108 2826 ψυχάς
1117 2749 1169 2804 τῶν
1183 2747 1307 2822 μαθητῶν
1318 2749 1352 2824 τῇ
1364 2744 1520 2825 προφητείᾳ.
1542 2736 1679 2806 ’Ennio
1691 2767 1737 2824 μοι
1748 2747 1793 2805 δο-

227 2839 329 2922 Ephcsi
349 2837 498 2898 Corinthiis
521 2836 638 2896 scrihere
657 2856 689 2894 ac
705 2833 896 2894 dicerezltoto
918 2855 972 2895 uos
1022 2848 1063 2898 κεῖ
1077 2836 1186 2917 γράφειν
1200 2836 1346 2916 Κορινθίοις
1361 2837 1415 2896 ἀπὸ
1426 2834 1557 2916 Ἐρέσου,
1575 2836 1621 2895 καλ
1637 2838 1740 2918 λέγειν,
1754 2839 1794 2897 ὅτι

227 2937 365 3012 ignorare
379 2932 415 2990 de
428 2931 619 2989 tribulatione
633 2940 743 2998 nostra,
756 2948 822 3007 quse
830 2929 919 3008 sacta
930 2941 974 2989 est
989 2929 1007 2977 Β
1023 2931 1064 2989 Οθ
1078 2927 1146 2988 θέλω
1158 2931 1226 3006 ὑμᾶς
1243 2932 1345 3005 ἀγνοεῖν
1357 2925 1423 3005 ὑπὲρ
1436 2931 1483 2998 τῆς
1497 2926 1608 3008 θλίψεως
1619 2932 1668 2999 τῆς
1685 2929 1795 3008 γενομέ-

227 3029 259 3084 in
270 3024 360 3083 Asia.
372 3023 444 3097 Quia
456 3021 528 3080 enim
537 3020 696 3102 promiserat
707 3041 735 3080 se
745 3019 907 3079 Corinthum
918 3042 974 3080 esse
1023 3045 1070 3093 νης
1091 3026 1157 3099 ἡμῖν
1176 3023 1203 3079 ἐν
1222 3024 1256 3092 τῆ
1270 3018 1354 3101 Ἀσίομ
1376 3017 1487 3091 Ἐπειδὴ
1502 3017 1553 3100 γὰρ
1567 3019 1747 3099 ἐπηγγέλλετο
1761 3025 1796 3088 εἰς

170 3134 173 3144 ’
226 3129 370 3175 venturum
377 3112 474 3192 ,quod
491 3133 580 3171 moras
600 3111 714 3170 traxerit
735 3133 791 3170 sese
815 3124 929 3191 purgat,
948 3125 975 3170 et
1025 3112 1151 3192 Κόρινθον
1166 3114 1304 3184 ἀπελθεῖν,
1329 3112 1499 3190 ἀπολογεῖται
1523 3109 1569 3169 ἅτε
1591 3110 1732 3190 βραδύνας,
1751 3114 1796 3171 καὶ

226 3206 400 3265 tentationem
421 3218 565 3278 memorat,
583 3225 643 3283 qum
664 3203 832 3262 Demetrium
855 3217 976 3284 spectant
1024 3204 1095 3284 λίγει
1105 3205 1150 3265 τδν
1162 3203 1310 3284 πειρασμὸν
1324 3202 1425 3274 λοιπὸν,
1439 3201 1473 3262 rh
1487 3201 1556 3261 κατά
1571 3202 1727 3283 Δημήτριον
1740 3207 1797 3276 διη-

227 3318 363 3357 enarrans.
377 3297 456 3354 Hunc
470 3295 541 3355 enim
555 3295 711 3355 subindicat
724 3316 786 3353 cum
800 3294 867 3354 dicit
880 3295 976 3353 turba·
1025 3296 1158 3376 γοάμενος.
1180 3298 1280 3356 Τοῦτον
1294 3295 1346 3376 γάρ
1357 3294 1509 3368 αἰνίττεται,
1520 3295 1637 3376 τάραχον
1650 3299 1699 3356 οὒκ
1710 3297 1796 3375 ὀλίγον

229 3389 331 3449 tionem
347 3410 400 3448 non
414 3388 556 3446 minimam
573 3386 607 3446 dc
627 3387 682 3448 vie.
697 3389 803 3446 Rursus
815 3387 975 3468 periculum,
1026 3389 1106 3450 εἰπὼν
1118 3388 1180 3469 περὶ
1192 3394 1240 3460 τῆς
1251 3391 1311 3447 ὁδοῦ
1326 3391 1490 3468 γεγενῆσθαι.
1507 3389 1594 3445 Πάλιν
1606 3388 1734 3463 κίνδυνος,
1747 3392 1797 3450 πά·

228 3502 323 3540 missus
354 3478 483 3538 turbatio.
507 3478 607 3539 Viden’
630 3500 712 3557 quam
736 3478 771 3537 sit
795 3479 977 3561 conspicuus?
1026 3485 1068 3542 λιν
1079 3483 1206 3563 τάραχος.
1231 3481 1314 3561 Ὁρᾷς
1333 3480 1381 3552 τὴν
1403 3481 1593 3558 εὐδοκίμησιν,
1609 3481 1734 3559 Ἐγίνετο
1745 3508 1796 3554 οη-

229 3573 313 3631 Facta
337 3585 399 3630 sunt
420 3570 497 3649 signa
510 3569 699 3650 dupliciazilli
722 3591 787 3631 vero
812 3571 978 3631 contradico·
1029 3584 1092 3654 μεῖοι
1125 3576 1221 3634 διπλᾶ·
1243 3577 1268 3635 oi
1294 3572 1322 3631 δὲ
1347 3572 1493 3653 ἀντελεγον.
1523 3571 1602 3632 Οὕτω
1624 3572 1668 3633 διά
1692 3574 1797 3633 πάντων

228 3665 303 3723 hunt.
318 3663 364 3723 Sic
377 3685 425 3744 per
440 3666 529 3722 omnin
544 3685 586 3722 res
599 3677 787 3723 contexuntur.
801 3666 851 3723 θί.
870 3667 977 3724 Deme·
1028 3666 1164 3748 θραίνεται
1179 3666 1213 3726 τδι
1224 3664 1378 3745 πράγματα.
1400 3664 1553 3745 Δημήτριος
1565 3665 1616 3745 γάρ
1628 3688 1668 3732 τις
1679 3664 1799 3743 ὀνόματι,

231 3760 390 3816 triuseniin
400 3757 519 3835 quidam
530 3760 977 3840 nomine,argentarius,saciens
1028 3757 1217 3839 ἀργυροκόπος,
1231 3762 1314 3818 ποιῶν
1329 3756 1407 3823 ναοδς
1420 3761 1547 3837 ἀργυροῦς
1560 3756 1729 3836 Ἀρτέμιδος,
1744 3781 1797 3815 πα-

230 3850 305 3908 oedes
324 3862 479 3930 argenteas
500 3852 617 3925 Diana,
633 3853 794 3929 proestahat
814 3850 978 3931 artificibus
984 3897 1021 3935 m
1031 3850 1132 3933 ρείχετο
1144 3861 1198 3918 τοῖς
1216 3849 1347 3930 τεχνίταις
1361 3849 1485 3930 ἐργασίαν
1499 3852 1547 3908 οὐκ
1557 3849 1658 3926 ὀλίγην.
1683 3849 1739 3916 Οὓς
1756 3849 1800 3908 καὶ

230 3961 290 3999 non
302 3941 452 3998 modicum
464 3953 618 4021 quaestum.
633 3941 681 4000 25.
697 3942 776 4019 Quos
799 3963 976 4019 convocans,
994 3952 1014 3997 Α
1029 3943 1208 4025 συναθροίσας,
1225 3944 1270 4002 καλ
1284 3941 1483 4022 ἐπισυναγαγδιν
1499 3941 1559 4010 τοὺς
1572 3942 1633 4023 περὶ
1646 3941 1800 4002 τὰτοιαῦτα

230 4046 258 4092 et
283 4054 332 4092 eos
354 4036 406 4113 {pici
429 4030 596 4113 hujusmodi
617 4045 704 4091 erant
729 4034 862 4114 opifices,
880 4036 977 4092 dixit.-
1030 4034 1151 4115 ἐργάτας,
1168 4027 1375 4114 εἶπενᾶνδρες,
1390 4033 1542 4108 ἐπίστασθε,
1555 4032 1596 4093 ὅτι
1606 4037 1637 4093 ἐκ
1647 4034 1802 4104 ταύτηςτῆς

232 4129 306 4199 Viri,
319 4131 398 4186 scitis
419 4129 492 4206 pisia
501 4147 536 4184 er
549 4127 604 4184 hoc
615 4126 743 4205 artificio
752 4139 795 4184 est
806 4129 888 4185 nohis
900 4146 979 4206 quie·
1030 4128 1154 4211 ἐργασίας
1178 4134 1195 4201 ἡ
1221 4128 1329 4208 εὐπορία
1352 4132 1429 4205 ἡμῶν
1448 4129 1521 4186 ἐστι·
1549 4126 1595 4186 καὶ
1617 4131 1740 4209 θεωρεῖτε
1758 4127 1802 4185 καὶ

230 4232 293 4277 stus
306 4243 312 4275 ι
324 4223 372 4278 96.
387 4230 415 4275 et
427 4219 534 4276 videtis
548 4230 577 4274 et
590 4219 711 4288 auditis,
726 4222 797 4297 quia
813 4239 871 4275 non
883 4219 979 4276 solum
1030 4219 1146 4294 ἀκούετε,
1159 4219 1201 4280 ὅτι
1221 4223 1250 4279 οὗ
1264 4218 1343 4298 μόνον
1359 4217 1479 4298 Ἐρέσου,
1500 4219 1570 4278 ἀλλά
1581 4219 1627 4277 καλ
1642 4219 1737 4297 σχεδὸν
1750 4217 1803 4276 πά-

231 4313 353 4390 Ephesi,
367 4311 419 4368 sed
428 4312 591 4391 etiamsere
601 4314 690 4368 totius
700 4310 796 4384 Λεία,
806 4312 921 4370 Paulus
931 4313 980 4369 hic
1031 4337 1079 4386 οης
1097 4318 1145 4384 τῆς
1161 4311 1248 4381 Ἀσίας
1268 4318 1282 4371 δ
1303 4314 1410 4377 Παῦλος
1433 4304 1507 4377 οὗτος
1526 4311 1621 4377 πείσας
1642 4310 1802 4387 μετέστησεν

231 4403 360 4462 suadens
374 4406 480 4460 avertit
495 4404 610 4459 turham
626 4403 760 4474 multam,
780 4403 880 4463 dicens
891 4427 900 4460 .·
911 4406 981 4462 Non
1031 4407 1108 4486 ὄχλον
1131 4403 1219 4464 ἱκανὸν
1231 4451 1239 4478 ,
1261 4404 1355 4484 λέγων,
1369 4401 1410 4462 δτι
1425 4407 1471 4462 οὐκ
1486 4402 1537 4463 είσὶ
1548 4401 1601 4462 θεολ
1612 4406 1637 4462 οί
1651 4399 1696 4462 διδι
1708 4406 1803 4482 χειρῶν

128 4555 132 4565 ‚
231 4506 300 4554 sunt
314 4494 431 4574 diique·
446 4496 580 4552 manibus
597 4495 834 4575 hnmanisfiunt.
850 4497 981 4557 97.Non
1032 4495 1176 4579 ἀνθρώπων
1201 4495 1341 4575 γινόμενοι.
1369 4497 1409 4553 Οὐ
1433 4493 1511 4572 μόνον
1527 4493 1555 4554 δὲ
1571 4500 1648 4554 τοῦτο
1661 4493 1804 4552 κινδυνεύει

232 4588 328 4646 mlum
343 4600 442 4645 ‘'mei’‘
454 4589 516 4645 3⁸oess
527 4587 747 4665 periclitabitur
760 4592 843 4648 nohis
852 4613 934 4670 pars,
946 4615 982 4652 ne
1032 4596 1096 4668 ἡμῖν
1116 4589 1146 4649 τὸ
1160 4589 1238 4668 μέρος
1251 4591 1288 4656 εἷς
1302 4585 1451 4664 ἀπελεγμὸν
1466 4588 1560 4659 ἐλθεῖν,
1576 4584 1644 4644 ἀλλά
1655 4585 1703 4644 καὶ
1714 4586 1745 4644 τὸ
1759 4591 1805 4655 τῆς

233 4683 266 4737 in
282 4680 517 4759 ω’ίίῑίίαίῖθηθή
540 4682 661 4750 venial,
679 4679 731 4738 sed
753 4693 780 4738 et
807 4704 843 4740 ne
866 4705 981 4765 magnoe
1034 4682 1152 4762 μεγάλης
1171 4688 1230 4749 θεᾶς
1251 4680 1319 4759 ἱερὸν
1335 4678 1486 4761 Ἀρτέμιδος
1499 4680 1536 4744 εἰς
1547 4676 1620 4735 οὐδὲν
1641 4679 1806 4757 λογισθῆναι,

232 4775 294 4832 dese
314 4774 423 4831 Diana
454 4772 594 4851 templum
617 4794 672 4852 pro
697 4776 791 4833 nihilo
816 4791 978 4856 reputetur,
1035 4775 1140 4854 μέλλειν
1153 4771 1180 4832 δὲ
1195 4773 1240 4831 καὶ
1252 4776 1433 4851 καθαιρεῖσθαι
1443 4770 1492 4841 τὴν
1507 4769 1702 4849 μεγαλειότητα
1715 4771 1804 4838 αὐτῆς,

1359 4868 1376 4934 ἡ
1397 4885 1537 4940 οικουμενη
1560 4859 1676 4921 σείεται.
1706 4863 1806 4927 Ποιῶν,

233 4970 260 5015 et
276 4960 353 5016 oriris
367 4957 448 5016 colit.
469 4959 608 5028 Faciens,
625 4955 723 5034 inquit,
735 4960 810 5019 ades
826 4973 981 5039 argenteas
999 4975 1017 5021 Β
1036 4960 1111 5039 ρησλ,
1126 4956 1203 5025 ναοὺς
1221 4961 1347 5039 ἀργυροῦς
1362 4954 1521 5036 Ἀρτέμιδος.
1542 4953 1595 5013 Καί
1613 4955 1669 5019 πῶς
1681 4953 1719 5012 ἔνι
1732 4953 1807 5015 ναοὺς

269 5179 280 5214 ¹¹
299 5176 385 5228 hlorci.
398 5184 509 5241 irritu-1,
523 5186 552 5240 τίς
564 5183 711 5233 Μακεδονίαν.
