3742 5970
237 502 310 553 210

235 631 318 687 tavit
327 644 418 707 aqua,
425 645 481 687 tros
492 636 591 686 autem
601 627 824 708 baptizabimini
832 627 865 682 ia
873 621 981 703 Spiritu

581 503 611 551 S.
637 500 780 552 JOANMS
806 496 998 548 cuntsost.
1028 498 1188 549 ancittae.
1217 499 1489 550 constituantur.

1036 648 1120 703 γονεν,
1140 627 1200 685 ἀλλ’
1220 628 1286 709 ὅπερ
1299 635 1433 708 προεῖπεν.
1444 624 1514 683 Ἀλλ’
1530 627 1578 684 οθκ
1592 623 1647 683 ἔδει
1668 623 1814 703 βαπτίσαιι

237 718 530 799 sanctaltaquenibil
542 714 898 795 noriacciditsedidqnod
911 736 982 796 prae-
999 725 1018 771 1)
1037 718 1120 798 ρησί·
1135 718 1283 800 ἀπήρτιστο
1305 718 1357 798 γὰρ
1377 717 1408 775 τὸ
1430 716 1571 795 βάπτισμα
1589 724 1637 776 τοῦ
1656 716 1815 794 Πνεύματος

237 810 354 871 dixerat.
369 812 466 871 Atrion
480 811 629 891 oportebat,
639 811 755 891 inpie,
765 808 899 891 baptizari
913 830 920 864 ε
932 806 981 865 ba·

237 902 339 985 ptisana
351 902 424 961 enim
433 903 582 984 perfectum
589 914 658 982 erat,
669 923 732 963 eum
745 900 864 983 Spiritus
876 912 983 958 sanetus

238 994 268 1055 in
283 994 346 1055 illos
358 993 504 1055 descendit.
517 995 582 1055 ldco
597 1015 650 1056 non
663 993 742 1072 dicit,
751 993 824 1056 tusi
835 992 897 1051 illos
907 990 983 1071 prius

238 1084 385 1168 baptimri3
397 1086 445 1146 sed
454 1085 522 1166 quid
530 1087 544 1146 ἐ
553 1089 708 1169 Numquid
714 1107 824 1167 aquam
831 1086 984 1165 probibere

239 1184 306 1261 quis
314 1192 420 1259 potest,
435 1192 466 1239 ut
482 1200 543 1239 aaa
557 1183 743 1260 baptizentur
757 1181 808 1238 bi?
820 1178 884 1236 hine
893 1189 982 1235 osten-

238 1272 317 1347 dens,
333 1293 361 1331 se
380 1292 430 1331 suo
451 1285 526 1330 motu
540 1272 610 1331 nibil
624 1272 725 1331 fecisse.
741 1268 823 1345 Qnod
838 1268 923 1349 igitur
936 1287 985 1326 nos

239 1363 416 1440 habebamus,
429 1362 471 1423 illi
485 1376 655 1445 aeceperunt.
667 1364 714 1422 17.
727 1363 758 1422 Si
770 1382 838 1442 ergo
852 1361 986 1419 eamdem

238 1461 369 1538 gratiam
381 1456 463 1515 dedit
474 1458 567 1529 Deus,
581 1456 680 1535 inquit,
691 1460 767 1516 sicut
779 1468 809 1513 et
827 1457 922 1525 nobis,
935 1455 986 1534 qtri

239 1553 415 1611 credidimus
425 1554 457 1609 ia
466 1551 626 1610 Dominum
631 1553 750 1611 Jesrtm:
760 1570 811 1630 ego
818 1553 884 1630 quis
892 1568 983 1619 uam,

1037 812 1124 877 αι’ποῖς
1138 808 1360 877 ἐπιπεπτωκότος.
1375 808 1428 868 Διὸ
1440 813 1518 868 τοῦτο
1532 810 1562 866 οὗ
1581 807 1669 887 λέγει,
1685 806 1815 867 ἐκέλευσα

1038 902 1164 984 πρότερον
1187 901 1281 969 αὐτοὺς
1305 905 1499 982 βαπτισθῆναι·
1523 899 1591 960 tut
1614 899 1660 973 τίς
1680 897 1759 969 Μήτι
1783 896 1814 957 τὸ

1038 992 1108 1073 ὕδωρ
1123 996 1240 1054 κωλῦσαι
1259 992 1369 1053 δύναταί
1382 1017 1423 1059 τις
1436 997 1482 1050 τοῦ
1497 990 1534 1069 μὴ
1553 994 1735 1071 βαπτισθῆναι
1750 989 1814 1050 ταί-

1039 1109 1115 1159 τους;
1140 1089 1171 1145 ἐκ
1193 1087 1285 1147 τούτου
1311 1084 1410 1151 δεικνὸς
1437 1084 1529 1144 ἑαυτὸν
1556 1082 1629 1143 οὐδὲν
1651 1082 1813 1154 ποιήσαντα.

1038 1176 1129 1257 Ὅπερ
1146 1178 1231 1238 τοίνυν
1253 1178 1408 1257 ἐσχήκαμεν
1425 1181 1516 1252 ἡμεῖς,
1539 1174 1633 1235 ἔλαθον
1652 1177 1760 1235 ἐκεῖνοι.
1780 1176 1815 1234 Ei

1039 1259 1083 1328 σύν
1096 1270 1145 1342 τὴν
1167 1269 1227 1343 ίσην
1242 1268 1351 1349 δωρεὸν,
1372 1268 1461 1349 φησίν,
1480 1268 1576 1326 ἔδωκεν
1595 1268 1684 1334 αὐτοῖς
1698 1271 1715 1327 ὁ
1728 1267 1817 1341 Θεὸς,

1039 1366 1076 1432 ὡς
1093 1364 1137 1422 καί
1159 1369 1224 1442 ἡμῖν
1247 1362 1420 1422 πιστεύσασιν
1439 1360 1484 1419 ἐπὶ
1508 1359 1553 1418 τὸν
1579 1359 1677 1441 Κύριον
1701 1358 1816 1431 Ἰησοῦν,

1041 1455 1094 1534 ἐγὼ
1113 1455 1152 1523 τίς
1169 1455 1242 1533 ἤμην
1262 1455 1370 1523 δυνατὸς
1382 1457 1501 1514 κωλῦσαι
1525 1452 1569 1511 τὸν
1591 1449 1775 1526 026230'122
1787 1456 1816 1512 ἐκ

1040 1546 1191 1626 περιουσίας
1213 1550 1299 1606 αὐτῶν
1317 1544 1438 1627 ἐμφράξῃ
1457 1543 1492 1603 τὸ
1514 1544 1651 1622 στύματα,
1673 1542 1720 1603 ut
1741 1548 1817 1603 τοῦτο

241 1648 293 1725 qui
302 1664 417 1724 possem
432 1646 587 1723 probibere
598 1645 715 1701 Deum?
728 1644 767 1701 Ut
783 1662 818 1701 ex
838 1638 986 1699 abundanti
1004 1647 1023 1694 Ε
1040 1637 1206 1718 προσέθηκε,
1221 1636 1280 1709 Τὴν
1293 1636 1353 1709 ίσην
1369 1635 1478 1718 δωρεάν.
1493 1635 1590 1718 Ὁρᾷς,
1604 1640 1663 1701 πῶς
1675 1637 1724 1695 οὐκ
1741 1634 1817 1715 ἀφίη-

240 1734 351 1794 iiionnn
368 1755 416 1793 ora
436 1736 601 1808 obstrueret,
623 1732 685 1792 ideo
705 1730 822 1807 addidit,
841 1731 987 1790 Eamdem
1041 1754 1082 1790 σιν
1103 1729 1194 1797 αθτοδς
1218 1730 1325 1790 ἔλαττον
1345 1729 1415 1809 ἔχειν
1436 1728 1628 1794 πιστεύσαντας
1648 1727 1736 1800 άπαξς
1759 1726 1815 1800 Τὴν

238 1830 380 1908 gratiam.
406 1824 523 1903 Viden’,
542 1824 679 1903 quomodo
701 1845 755 1883 non
781 1821 903 1905 permisit
926 1821 988 1881 illos
1041 1821 1101 1895 ίσην
1115 1821 1214 1903 δωρεδν
1228 1822 1323 1883 ἔδωκεν
1341 1823 1429 1888 αὐτοῖς
1443 1820 1553 1894 θΘεὸς,
1573 1824 1609 1889 ὡς
1623 1821 1670 1879 καί
1682 1826 1752 1897 ἡμῖν
1770 1842 1816 1879 πι-

241 1915 334 1977 minus
357 1915 474 1992 habere,
496 1916 543 1994 qui
567 1915 649 1974 semel
678 1913 871 1974 credidissent?
891 1915 988 1973 Parem
1041 1914 1180 1973 στεύσασιν
1194 1912 1239 1973 ἐπὶ
1256 1912 1302 1971 τὸν
1315 1912 1425 1992 Κύριον·
1441 1911 1511 1971 ὥστε
1525 1913 1601 1979 αὐτὸς
1624 1910 1749 1991 καθαίρει
1768 1914 1816 1973 ari-

241 2007 358 2089 gratiam
375 2006 450 2066 dedit
470 2007 526 2066 illis
546 2009 630 2082 Dens,
643 2006 751 2086 qualem
766 2005 853 2081 nohis,
864 2004 910 2085 qui
927 2026 987 2064 cre-
1040 2005 1108 2074 τούς.
1126 2006 1179 2066 Καὶ
1199 2010 1229 2065 οὐ
1246 2004 1331 2087 λέγει,
1352 2009 1428 2083 ὑμῖν·
1449 2004 1519 2078 ἀλλ’,
1538 2004 1630 2083 Ἡμῖν,
1643 2004 1757 2064 λεαίνων
1772 2006 1817 2065 καί

241 2098 364 2160 didimus
382 2100 411 2159 in
429 2096 701 2178 Dominum2itaque
719 2099 775 2181 ipse
795 2111 894 2180 purgat
912 2097 985 2157 iilos.
1041 2098 1125 2178 ταύτῃ
1147 2098 1192 2158 τὸν
1214 2098 1302 2177 λόγον.
1331 2096 1368 2157 Τί
1394 2094 1481 2156 τοίνυν
1509 2095 1728 2168 ἀναξιοπαθεῖτε,
1754 2095 1815 2155 ὅταν

242 2193 337 2272 Neque
354 2190 432 2268 dicit,
449 2192 549 2269 Vobis,
564 2191 621 2266 sed,
636 2194 740 2268 Naba,
755 2190 820 2251 hine
838 2190 918 2250 etiam
932 2209 987 2248 ser·
1041 2196 1119 2268 ἡμεῖς
1147 2189 1240 2258 αὐτοὺς
1267 2188 1405 2256 κοινωνοὺς
1431 2188 1564 2268 λέγωμενς
1590 2188 1763 2255 Ἀκούσαντες
1788 2188 1816 2249 ii

243 2305 350 2343 monem
361 2282 497 2363 mitigans.
506 2281 582 2355 Quid
591 2304 655 2363 ergo
665 2282 854 2363 indignamini,
865 2304 929 2343 eum
939 2304 988 2343 nos
1042 2290 1142 2356 ταῦτα,
1159 2282 1308 2363 ἡσύχασαν,
1323 2280 1373 2340 καθ
1388 2280 1513 2349 ἐδόξασαν
1526 2281 1570 2341 τὸν
1584 2281 1665 2355 Θεὸν,
1678 2281 1815 2360 λέγοντες·

244 2375 316 2456 ipsos
327 2374 473 2456 participes
486 2373 630 2435 dieamus?
645 2375 692 2436 18.
704 2378 761 2436 His
773 2376 893 2448 auditis,
907 2380 988 2457 quie·
1043 2374 1095 2455 dpu
1108 2398 1139 2453 γε
1152 2374 1199 2433 καὶ
1213 2381 1267 2441 τοῖς
1280 2372 1380 2433 ἔθνεσιν
1393 2378 1408 2432 δ
1421 2373 1490 2440 θεὸς
1501 2371 1550 2446 τὴν
1563 2372 1707 2450 μετάνοιαν
1721 2372 1817 2433 teum

246 2482 367 2547 verum,
386 2481 416 2527 et
438 2469 681 2550 glorificaverunt
701 2471 816 2539 Deum,
835 2470 964 2528 dicentes
976 2492 986 2525 .·
997 2466 1169 2553 1,γείςζωηκ
1180 2464 1277 2546 Ὁρᾷς,
1291 2468 1347 2532 πῶς
1359 2465 1413 2524 ἀπὸ
1422 2469 1470 2537 τῆς
1479 2462 1644 2546 δημηγορίας
1652 2471 1700 2523 τοῦ
1713 2464 1816 2547 Πέτραν

243 2564 341 2641 Igitur
351 2554 382 2619 et
391 2563 525 2641 gentibus
541 2564 745 2640 penitentiam
759 2562 839 2620 dedit
852 2563 933 2620 Deus
948 2563 1026 2620 aaa
1043 2558 1073 2619 τὸ
1086 2570 1139 2621 πᾶν
1153 2558 1244 2640 γέγονε
1256 2561 1345 2627 καλῶς
1358 2558 1565 2635 άπαγγειλαντος
1586 2559 1620 2618 τά
1639 2560 1816 2640 γεγενημένας

244 2656 352 2713 vitam.
362 2650 464 2713 Viden'
479 2649 616 2729 quomodo
630 2672 666 2711 ex
683 2652 809 2711 concione
822 2651 893 2712 Petri
904 2666 990 2711 totum

244 2743 346 2803 [amum
356 2741 402 2822 ait,
416 2741 465 2821 qui
476 2763 517 2817 ea,
529 2763 591 2821 quae
600 2742 669 2802 iacta
683 2744 799 2817 fuerant,
814 2758 886 2803 recte
896 2765 989 2803 narra-

244 2832 334 2895 verit?
342 2831 407 2893 Ideo
418 2832 639 2914 glorificaverunt
649 2836 747 2913 Deunn
757 2832 831 2913 qnod
841 2835 922 2894 etiam
933 2834 989 2895 iliis

244 2924 429 3008 poenitentiam
438 2925 544 2986 dederit
556 2949 563 2984 ι
576 2926 614 2986 ita
623 2926 760 2987 humiliati
771 2942 833 2987 sunt
842 2927 925 2987 abbis
934 2949 989 2987 ser·

245 3019 382 3079 monibus.
390 3018 463 3079 Hine
474 3034 567 3101 aperta
580 3019 691 3080 demum
702 3021 827 3101 gentibus
837 3023 920 3101 janna
928 3022 988 3081 init.

245 3110 312 3187 sed,
329 3112 352 3169 si
371 3109 469 3192 placet,
488 3111 626 3191 superiora
651 3126 811 3194 repetamus.
833 3115 894 3173 Non
908 3113 990 3191 dixit,

246 3202 421 3283 Disceptabat
435 3205 541 3279 Petrus,
558 3203 614 3279 sed,
633 3206 690 3282 Qui
708 3218 793 3264 erant
812 3227 849 3265 ee
868 3210 991 3265 eircum-

245 3296 358 3354 cisione
372 3318 379 3351 ι
394 3295 523 3374 quoniam
541 3296 598 3377 ipse
616 3296 725 3375 sciebat,
740 3298 813 3376 quod
832 3299 989 3379 parabatur.

246 3387 331 3466 Atqui
345 3387 418 3448 illud
428 3390 567 3471 oportebat
581 3389 685 3467 mirari,
693 3390 828 3470 quomodo
841 3406 868 3451 et
879 3392 921 3451 illi
933 3413 991 3452 cre·

1044 2651 1092 2711 Διδ
1109 2652 1155 2710 καλ
1176 2649 1294 2720 ἐδόξαζον
1314 2650 1358 2710 τὸν
1383 2650 1463 2724 Θεὸν,
1477 2650 1518 2710 ὅτι
1537 2648 1586 2722 τὴν
1608 2650 1817 2728 pandeamini

1044 2746 1132 2812 αὐτοῖς
1145 2744 1255 2803 ἔδωκεν·
1269 2741 1351 2809 οὕτως
1359 2741 1573 2815 ἐταπεινώθησαν
1585 2743 1640 2803 ἀπὸ
1650 2742 1753 2803 τούτων
1765 2748 1816 2805 τῶν

1043 2836 1137 2915 λύγων.
1145 2836 1279 2895 Ἐντεῦθεν
1291 2833 1411 2915 ἀνεῴχθη
1421 2839 1439 2906 i,
1451 2833 1516 2916 θύρα
1526 2834 1592 2915 πρὸς
1602 2834 1637 2894 τὸ
1645 2836 1708 2909 ἔθνη
1719 2835 1815 2899 λοιπόν.

1043 2929 1155 3007 Ὶδωμεν
1167 2927 1194 2989 δέ
1204 2973 1212 3002 ,
1222 2930 1245 2987 εἶ
1256 2930 1341 2998 δοκεῖ,
1357 2927 1453 2987 άνωθεν
1466 2925 1499 2986 τὸ
1511 2925 1649 3008 εἰρημένα.
1660 2930 1724 2987 oar
1737 2918 1815 3001 εἶπεν,

1043 3019 1084 3081 ὅτι
1106 3019 1223 3102 διεκρίθη
1243 3019 1360 3100 Πέτρος,
1377 3021 1447 3093 ἀλλ’,
1465 3021 1501 3078 Oi
1521 3021 1552 3078 ἐκ
1573 3024 1737 3100 περιτομῆς·
1760 3019 1816 3081 ἐπιδ

1044 3113 1121 3181 αὐτὸς
1147 3112 1205 3185 ἤδει
1225 3113 1256 3173 τὸ
1281 3112 1550 3189 κατασκευαζόμενον.
1575 3111 1629 3172 Καί
1653 3110 1708 3190 μὴν
1735 3116 1816 3173 ἐκεῖνο

1044 3209 1125 3289 ἐχρῆν
1139 3180 1287 3285 θαυμάσαι,
1301 3209 1358 3273 πῶς
1368 3204 1412 3264 καὶ
1423 3204 1497 3264 αὐτοὶ
1507 3201 1674 3264 ἐπίστευσαν.
1687 3202 1758 3265 Ὅτι
1769 3202 1815 3281 μίν

1044 3290 1088 3358 σύν
1103 3300 1227 3373 ἤκουσαν,
1241 3298 1282 3358 ὅτι
1295 3296 1462 3369 ἐπίστευσαν,
1476 3296 1548 3357 ούδέν
1565 3296 1677 3356 ἔπαθον·
1693 3298 1753 3356 ἀλλ’
1770 3295 1812 3357 δτι

1045 3397 1059 3452 θ
1071 3392 1139 3459 Θεὸς
1155 3390 1298 3472 ἐχαρίσατο
1320 3389 1350 3449 τὸ
1364 3391 1488 3466 Πνεῦμα,
1507 3387 1550 3447 ὅτι
1564 3391 1578 3447 θ
1592 3388 1696 3469 Πέτρος
1710 3388 1812 3458 ἐξιτίθιι

244 3480 387 3541 didissent.
400 3481 516 3553 Quando
533 3483 617 3562 igitur
638 3483 793 3559 andierunt,
807 3484 881 3562 quod
897 3484 989 3545 eredi-
1044 3484 1093 3558 τὴν
1106 3490 1198 3545 ἑαυτοῦ
1210 3481 1451 3561 έκστασιν,λε’γων·
1463 3486 1477 3540 ὁ
1490 3481 1559 3548 Θεὸς
1571 3480 1653 3550 tenti
1661 3506 1709 3560 μοι
1719 3482 1815 3560 μηδίνι

245 3575 356 3650 dissent,
373 3575 442 3635 nihil
460 3576 533 3656 passi
552 3590 629 3655 sunt,
639 3576 686 3637 sed
704 3599 767 3638 eum
786 3580 860 3638 Deus
876 3578 1026 3660 largitusb
1045 3576 1162 3647 κοινὸνῆ
1178 3574 1325 3655 ἀκάθαρτον
1339 3573 1426 3652 λέγειν
1444 3573 1589 3654 ἄνθρωπον.
1606 3571 1705 3641 Οὕτως
1721 3576 1814 3634 dttdtt

245 3680 286 3726 est
298 3667 441 3747 Spiritum,
455 3667 563 3747 qnando
577 3669 673 3729 Petrus
694 3670 845 3752 exponebat
858 3671 992 3732 visionem
1043 3669 1102 3750 ᾔδει
1115 3676 1198 3729 τοῦτο
1214 3668 1262 3727 Διδ
1277 3667 1322 3725 καί
1341 3666 1583 3747 προκατασκευάζει
1596 3665 1657 3726 ’τὸν
1677 3665 1755 3746 λύγον
1773 3666 1815 3728 τ’σι

246 3780 334 3833 suam,
348 3757 441 3818 dicens
456 3782 463 3815 ι
478 3760 552 3820 Dens
568 3760 685 3821 ostendit
698 3761 777 3839 mihi,
792 3783 825 3821 ne
839 3784 921 3841 quem
935 3762 992 3822 ho-
1044 3763 1111 3845 θπέρ
1121 3766 1173 3822 τῶν
1188 3766 1277 3835 ἐθνῶν,
1292 3759 1404 3833 δεικνὺς,
1418 3758 1459 3818 bu
1473 3760 1530 3821 οὐδὲ
1542 3759 1603 3834 ἔθνη
1617 3762 1710 3822 λοιπὸν
1723 3755 1757 3835 ἤν
1771 3766 1816 3835 τῆς

246 3852 347 3911 minem
361 3851 478 3912 dicerem
494 3874 665 3914 communem
681 3855 725 3915 vel
745 3855 929 3916 immundum.
945 3856 992 3917 sic
1044 3856 1158 3924 πίστεως
1170 3852 1394 3936 παραγενομένης.
1417 3852 1501 3912 Οὐδὲν
1516 3853 1666 3930 θαυμαστὸν
1681 3854 1777 3929 τοίνυν,
1791 3858 1812 3915 d

245 3944 294 4003 ille
307 3945 365 4024 jam
385 3958 461 4004 antea
478 3944 529 4005 boc
548 3946 657 4007 sciebat.
671 3946 777 4007 ideirco
794 3969 845 4029 pro
865 3947 992 4027 gentibus
1044 3949 1097 4029 πρὸ
1116 3954 1162 4007 τοῦ
1184 3946 1366 4025 βαπτίσματος
1387 3946 1417 4005 τὸ
1439 3947 1552 4023 Πνεῦμα
1568 3946 1685 4006 ἔλαθον·
1710 3947 1756 4007 καί
1778 3950 1816 4028 ἐφ’

246 4058 395 4097 sermonem
412 4038 587 4120 praeparavit,
599 4039 740 4100 ostendens
757 4040 818 4100 illas
833 4041 993 4102 adveniente
1044 4046 1120 4118 ἡμῶν
1143 4045 1221 4099 τοῦτο
1242 4038 1356 4118 γέγονεν.
1371 4039 1503 4096 Ἐνταῦθα
1523 4037 1653 4098 δείκνυσιν
1667 4044 1683 4099 θ
1701 4039 1816 4120 Πέτρος,

246 4130 302 4190 fide
323 4151 377 4190 non
400 4131 519 4212 amplius
540 4145 631 4211 gentes
651 4133 767 4193 futuras.
789 4135 867 4194 Nihil
890 4136 992 4196 mirum
1044 4132 1234 4199 δτιοῦδέὡςοὶ
1247 4129 1335 4190 λοιποὶ
1347 4128 1556 4203 ἐβαπτίσθησαν,
1568 4129 1638 4189 ἀλλὰ
1651 4132 1745 4212 πολλῷ
1759 4129 1816 4209 βίλ·

245 4243 320 4302 ergo,
334 4223 357 4281 si
375 4237 436 4282 ante
455 4223 591 4305 baptisma
608 4225 744 4306 Spiritum
756 4226 908 4307 acceperint
921 4252 926 4285 :
940 4249 989 4288 no·
1044 4250 1107 4287 τιον.
1121 4226 1173 4287 Διὸ
1185 4223 1300 4284 τοῦτοδὲ
1317 4220 1398 4288 ούτως
1413 4223 1444 4280 ἐκ
1460 4222 1613 4301 περιουσίας
1623 4225 1815 4301 οἰκονομεῖται,

246 4331 301 4376 stro
312 4338 417 4396 proque
433 4331 553 4398 tempore
568 4319 619 4377 hoe
633 4321 732 4378 sactum
746 4334 794 4379 est.
806 4322 858 4380 liic
874 4322 992 4383 ostendit
1043 4319 1086 4379 ίνα
1101 4320 1182 4396 μηδὲν
1195 4317 1276 4398 ἔχωσι
1288 4315 1384 4395 λέγειν,
1405 4312 1474 4373 ἀλλὰ
1486 4313 1535 4372 κδιν
1548 4313 1632 4382 οὕτως
1643 4313 1717 4382 ἴσους
1730 4316 1815 4381 αὐτοῖς

246 4410 351 4484 Petrus,
364 4407 437 4487 qnod
451 4408 493 4467 illi
509 4430 562 4468 non
575 4410 645 4469 sicut
658 4410 706 4469 alii
719 4411 848 4491 baptirati
862 4411 927 4485 sint,
942 4411 992 4472 sed
1043 4412 1191 4490 νομίσωσι.
1208 4409 1259 4469 Καὶ
1285 4407 1426 4487 ἠρώτησαν
1451 4405 1539 4478 αὐτὸν,
1559 4406 1650 4486 φησίν,
1674 4410 1817 4486 ἐπιμεῖναι.

246 4501 333 4559 multo
348 4500 453 4559 melius.
470 4498 533 4559 ldeo
555 4501 594 4560 sie
607 4522 642 4560 ex
660 4501 811 4561 abundanti
823 4524 881 4562 rem
899 4503 992 4585 dispo·
1043 4504 1142 4585 Ὁρᾶς,
1165 4508 1221 4569 πῶς
1242 4504 1290 4560 οὐκ
1305 4498 1407 4567 οἰκείως
1421 4498 1487 4579 πρὸς
1504 4499 1581 4559 αὐτὸν
1597 4497 1741 4574 διέκειντο,
1754 4490 1819 4567 εἶδες

246 4593 297 4671 nit,
313 4614 346 4652 ne
361 4591 430 4671 qnid
451 4593 540 4651 dicere
561 4592 732 4673 possint,sed
745 4607 776 4652 nt
790 4594 829 4654 sic
847 4594 898 4654 sibi
914 4618 992 4676 pares
1006 4610 1025 4657 G
1041 4597 1086 4657 τὸν
1100 4599 1188 4667 ζῆλον,
1203 4585 1254 4654 οἷον
1267 4582 1338 4673 εἶχον
1357 4590 1423 4670 ὑπὲρ
1440 4597 1486 4651 τοῦ
1499 4589 1593 4668 νόμου;
1608 4592 1649 4650 Οὐ
1670 4590 1702 4650 τὸ
1714 4590 1818 4669 ἀξίωμα

245 4686 363 4746 habeant
387 4684 459 4743 illos.
472 4687 514 4743 Et
529 4698 705 4765 rogaverunt
725 4686 821 4755 ilium,
841 4685 941 4766 inquit,
959 4702 993 4749 ut
1042 4690 1145 4769 Πέτρου
1160 4688 1317 4765 ᾐδέσθησαν,
1331 4688 1360 4744 οὖ
1375 4683 1410 4743 rb
1419 4682 1546 4762 γενόμενα
1559 4692 1676 4760 σημεῖα,
1688 4683 1820 4744 absbue·

246 4792 387 4841 maaeret.
401 4777 501 4840 Viden’
516 4776 651 4856 quomodo
673 4799 726 4838 non
740 4778 910 4839 familiariter
927 4802 991 4860 erga
1041 4781 1181 4863 τέρθωμα,
1194 4778 1254 4838 ὅσον
1267 4770 1299 4850 ἦν
1314 4779 1345 4837 ab
1365 4776 1488 4844 δέξασθαι
1500 4775 1545 4834 τδν
1564 4773 1658 4849 λόγον·
1680 4777 1742 4836 ἀλλ’
1754 4776 1819 4857 tete

244 4874 326 4933 illum
348 4871 438 4932 affecti
458 4870 565 4930 essent?
577 4868 667 4929 viden’
678 4884 808 4949 qnantum
832 4871 920 4931 zelum
940 4893 991 4953 pro
1041 4878 1093 4933 τῶν
1107 4876 1207 4953 μικρῶν
1223 4870 1328 4930 ἐκείνων
1343 4867 1510 4950 διεκρίνοντο.
1528 4864 1584 4926 ”tit
1594 4867 1647 4950 γὰρ
1662 4869 1749 4947 μηδὲν
1764 4866 1820 4929 ταί·

246 4966 305 5046 lege
315 4965 462 5025 haberent?
472 4958 532 5023 Non
542 4961 702 5041 dignitatem
712 4961 783 5022 Petri
797 4963 904 5024 reveriti
917 4979 990 5039 sum,
1041 4991 1093 5026 των
1104 4958 1147 5040 ἦν,
1158 4966 1206 5024 οὐκ
1218 4962 1295 5043 ἤρκει
1307 4962 1338 5021 τὸ
1352 4961 1521 5043 κατόρθωμα.
1537 4961 1606 5021 Ἀλλ’
1620 4964 1670 5021 οὐκ
1682 4964 1820 5041 ἀπολογεῖ-

246 5084 297 5121 non
310 5061 381 5121 edita
390 5061 476 5142 signa,
485 5080 538 5120 non
553 5072 658 5119 tanturn
673 5057 742 5118 illud
758 5061 918 5140 opns,qnod
928 5051 990 5121 sns-
1039 5081 1084 5118 ται
1098 5056 1165 5117 οὕτω
1182 5055 1295 5135 Πίερος·
1315 5052 1420 5120 συνετὸς
1431 5051 1484 5131 γὰρ
1498 5042 1544 5124 ἦν·
1565 5055 1665 5130 μᾶλλον
1683 5052 1711 5114 δὲ
1730 5057 1762 5114 οὗ
1774 5056 1821 5125 τῆς

277 5253 287 5276 e
301 5236 373 5287 Idem
390 5245 425 5290 ίυα
436 5247 545 5304 μειζόνως
557 5242 624 5291 αὐτὸν
636 5243 750 5307 ἐμφράξῃ·

277 5315 372 5366 'Idem
386 5325 425 5369 rin
436 5324 507 5382 λόγου.
522 5328 575 5371 ποῖα
588 5323 639 5375 tter,
652 5323 737 5377 λαιπὸν,
751 5321 789 5367 eiu
807 5323 839 5368 ίτι
857 5324 906 5375 iba-r,
922 5322 948 5375 ἦν
967 5330 1006 5377 τῆς

1056 5247 1158 5296 π’στεως.

1089 5320 1101 5354 ¹³
1114 5316 1184 5365 Unus
1197 5323 1215 5366 εί
1229 5323 1271 5381 γὰρ
1284 5319 1316 5377 pi,
1330 5315 1414 5363 τούτων
1427 5314 1487 5362 obito
1501 5313 1532 5367 ἦν.
