3728 5978
232 400 303 494 472
587 410 616 459 S.
644 407 784 459 testinis
810 404 989 455 cttutsosr.
1022 402 1176 452 suentes·
1207 400 1478 451 constantinus.

231 540 521 605 libertatefruerentur
535 558 541 591 :
556 533 609 594 hoc
623 532 703 593 etiam
713 530 837 591 dominos
853 528 974 590 institue·
1028 528 1073 588 καὶ
1096 524 1199 594 οἰκέτας
1232 525 1350 606 βελτίους
1374 523 1524 606 εἰργάζετο,
1560 521 1746 600 μανθάνοντας
1769 525 1803 588 ὡς

233 634 291 706 bat,
304 652 366 693 eum
376 628 559 700 edocerentur,
572 622 642 684 nihil
655 623 708 712 sibi
719 621 894 684 emolumenti
907 643 921 681 a
936 621 974 680 li·
1028 617 1101 678 οῦδὲν
1124 621 1154 679 ἐκ
1173 622 1221 690 τῆς
1235 617 1353 686 δουλείας
1365 613 1638 696 παραύλαῦήσονται,
1659 613 1709 685 την
1724 613 1803 679 ὄντος

233 720 420 794 bertateserri,
434 718 487 778 nisi
495 737 555 798 qua
573 714 656 775 iidem
673 714 829 796 spectabant
840 711 976 795 praecede·
1033 709 1180 793 ἐλευθερίαν
1193 709 1313 790 ἔχοντες·
1334 716 1411 769 τοῦτο
1429 707 1477 768 καί
1488 706 1547 775 τοῦς
1567 704 1701 773 δεσπότας
1722 730 1804 787 παρε-

234 828 303 877 ιυιιῑ.
322 813 412 892 Atque
422 824 453 871 ut
465 809 554 870 discas
568 806 684 868 Paulum
696 806 747 867 boc
760 806 912 883 facientem,
922 825 975 864 non
1033 801 1142 871 σκεύαζε
1162 801 1320 884 μετριάζειν,
1341 798 1544 879 παιδευομένους
1563 803 1601 866 ὡς
1619 796 1696 859 οῦδίν
1720 799 1804 864 αὐτοῖς

234 905 418 967 oonsusionem
439 902 585 977 inducere,
605 919 655 959 neo
673 898 762 958 omnia
783 898 909 975 miseere,
929 894 978 955 sed
1032 896 1124 977 ίρελος
1137 898 1184 966 τῆς
1194 894 1356 976 ἐλευθερίας,
1368 892 1400 953 δν
1415 892 1452 972 μὴ
1466 891 1501 952 τὰ
1517 897 1565 964 τῆς
1578 890 1697 956 πίστεως
1711 880 1804 971 {inpo-

234 997 366 1081 nptimam
383 993 583 1057 distinctionem
600 991 723 1067 novisse,
744 1012 796 1051 non
817 988 978 1072 simpliciter
1033 987 1174 1068 ηγούμενα.
1190 987 1243 1047 Καὶ
1253 985 1296 1046 ίνα
1308 987 1410 1066 μάθῃς,
1428 985 1507 1046 duod
1520 984 1650 1065 σύγχυσιν
1661 981 1805 1064 ἐργαζόμε·

235 1087 353 1172 seripsit‚
364 1087 500 1150 Omnibus
513 1084 561 1165 qui
574 1086 668 1145 llomae
683 1083 759 1161 estis;
778 1081 901 1142 seticum
916 1080 977 1139 dis·
1034 1102 1110 1159 μενος
1118 1084 1194 1138 τοῦτο
1208 1078 1291 1138 ἐποίει
1309 1076 1355 1137 καλ
1375 1076 1463 1137 πάντα
1477 1075 1585 1158 μιγνῦς,
1605 1075 1665 1135 ἀλλ’
1688 1064 1744 1133 olis
1763 1073 1805 1131 καὶ

235 1181 380 1254 tinctione,
403 1181 528 1240 Dilectis
548 1179 616 1236 Dei.
637 1177 700 1238 Haec
724 1177 798 1236 enim
816 1176 918 1257 optima
938 1187 978 1236 est
1033 1169 1160 1252 διαίρεσιν
1171 1168 1292 1250 ἀρίστην,
1304 1171 1355 1249 οἰχ
1365 1169 1456 1237 ἁπλῶς
1465 1165 1564 1249 ‘teti‘
1581 1175 1650 1227 πᾶσι
1668 1173 1727 1234 τοῖς
1737 1154 1807 1225 οῦσιν

235 1271 385 1346 distinctio,
399 1270 567 1350 ostenditque
580 1267 652 1330 unde
663 1268 700 1329 sit
711 1267 896 1330 sanctificatio.
1034 1265 1061 1322 ἰν
1082 1260 1192 1343 Ῥώμῃ,
1217 1261 1285 1321 ἀλλὰ
1309 1259 1379 1340 μετὰ
1398 1261 1549 1339 διορισμοῦ,
1568 1261 1635 1325 Τοῖς
1658 1259 1806 1334 syenna

1034 1359 1080 1413 τοῦ
1093 1356 1171 1414 Θεοῦ.
1185 1352 1259 1427 Adeo
1272 1352 1324 1433 γάρ
1337 1357 1355 1425 ἡ
1366 1351 1462 1434 ἀρίστη
1473 1350 1641 1433 οδιάκρισις,
1652 1351 1703 1409 καί
1711 1349 1807 1409 δείκνυ-

995 1464 1015 1512 Ε
1036 1469 1062 1506 σι
1074 1444 1179 1505 πύθενὸ
1192 1445 1331 1525 ύγιασμύς.

103 1585 130 1628 s„
160 1582 190 1628 tis
217 1606 229 1618 ,
278 1551 309 1610 l.
332 1546 413 1609 Unde
432 1566 496 1627 ergo
509 1558 550 1605 est
567 1540 768 1603 sanctificatio?
786 1540 977 1602 ndilectiono.
1075 1536 1163 1598 Πόθεν
1176 1528 1398 1618 οῦνδδγιασμύςς
1420 1535 1486 1595 ’nni
1505 1537 1554 1607 τῆς
1576 1533 1696 1615 ἀγάπης.
1719 1532 1807 1595 Εἰπὼν

87 1597 983 1713 1³0⁰:aii-cumdixtssetenim,Dtncrtsnumaddidiersoca-
1036 1628 1102 1711 γάρ,
1125 1628 1297 1710 Ἄγαπητυίε,
1324 1628 1385 1689 edre
1410 1627 1542 1707 ίπίταγεν
1567 1629 1686 1699 Κλητθῑς
1712 1625 1808 1707 diliis>

89 1716 144 1752 ¹²¹⁶·
240 1730 409 1802 deseretis,
420 1723 562 1785 ostendens
571 1723 646 1783 hune
658 1722 738 1783 nobis
750 1742 807 1782 esse
820 1721 921 1782 fontem
934 1721 982 1781 bo-
1037 1721 1142 1794 ‘dultin
1156 1721 1198 1783 dn
1209 1725 1324 1783 ἐντεῦθεν
1335 1725 1431 1802 ἡμῖνή
1447 1719 1521 1799 πηγή
1532 1721 1585 1779 τῶν
1602 1722 1712 1799 ἀγαθῶν
1726 1720 1808 1779 ἁπάν-

240 1838 339 1879 norum
359 1815 482 1876 omnium
510 1839 517 1873 ε
544 1827 648 1873 εοιιαιοε
671 1826 761 1872 autem
787 1826 866 1872 vocat
891 1812 985 1874 fideles
1038 1837 1105 1874 των·
1119 1813 1208 1894 ἁγίαις
1230 1815 1258 1877 δὲ
1281 1814 1342 1882 τοὺς
1361 1812 1469 1880 πιστολς
1492 1814 1568 1872 καλεῖ
1589 1812 1705 1879 πάντας.
1727 1811 1808 1890 Χάρις

225 1928 343 1991 ⁸omnes.
369 1908 476 1968 Gratia
495 1907 580 1966 nobis
611 1917 639 1965 et
657 1926 728 1986 ραα.
751 1906 776 1965 Ο
795 1903 984 1965 salutationem
1039 1910 1101 1985 ὑμῖν
1123 1907 1170 1968 καί
1188 1906 1288 1990 εἰρήνη.
1312 1903 1352 1966 Ὦ
1375 1904 1553 1987 προσηγορίας
1575 1903 1659 1984 μυρία
1685 1903 1809 1985 φερούσης

242 2000 382 2062 innumera
391 1999 461 2059 bona
471 1996 639 2058 atterentem!
652 1999 711 2058 lloc
720 1995 984 2078 Christusapostolos
1040 1998 1136 2079 ἀγαθά.
1155 2002 1241 2060 Τοῦτο
1260 1997 1455 2079 καλδΧριστδς
1473 2006 1527 2064 τοῖς
1544 1996 1704 2062 άποστολοις
1719 1995 1810 2062 εἰςτὰς

241 2093 271 2153 in
292 2091 386 2153 dumus
408 2090 537 2149 intrantes
558 2089 648 2171 primu
673 2087 849 2171 pronuntiare
870 2089 984 2149 verbum
1039 2091 1123 2160 οἰκίας
1146 2095 1255 2153 εἰσιοῦσι
1285 2093 1389 2173 πρῶτον
1413 2094 1504 2171 οδῆμοι
1537 2088 1648 2169 φάσκειν
1676 2086 1810 2148 ίπίταττε.

237 2183 317 2265 jubet
334 2209 341 2243 ι
356 2182 470 2262 ideoque
482 2181 583 2242 Paulus
596 2180 635 2242 sie
648 2181 749 2260 ubique
761 2179 906 2259 orditur,a
922 2202 984 2263 gra·
1040 2184 1093 2244 Διδ
1112 2189 1189 2245 τοῦτο
1211 2183 1256 2243 καί
1269 2188 1283 2242 δ
1297 2186 1404 2251 Παῦλος
1419 2186 1536 2242 ἐντεῦθεν
1558 2185 1699 2260 πανταχοῦ
1721 2205 1812 2261 προοι-

239 2274 386 2363 tia-nempe
399 2287 425 2334 et
434 2293 508 2353 pace.
522 2274 614 2353 Neque
627 2272 701 2334 enim
710 2273 835 2335 Christus
848 2273 985 2335 modicum
1041 2276 1180 2354 μιάζιται,
1194 2275 1248 2336 ἀπὸ
1260 2280 1307 2346 τῆς
1316 2274 1425 2356 χάριτος
1436 2274 1481 2334 καὶ
1493 2277 1540 2343 τῆς
1549 2272 1667 2354 εἰρήνης.
1678 2271 1753 2334 otti
1764 2272 1812 2354 γίρ

240 2362 474 2447 μῶείῑίνείἰιιω,
490 2363 537 2424 sed
549 2364 669 2441 varium,
679 2362 866 2424 omnimodum
878 2379 905 2425 et
923 2365 985 2425 diu·
1040 2369 1135 2451 μικρδν
1150 2366 1317 2428 κατίλυσενθ
1328 2366 1442 2447 Χριστὸς
1459 2366 1585 2444 πόλεμον,
1601 2364 1672 2424 ἀλλὰ
1691 2365 1738 2424 καί
1756 2391 1813 2426 πει·

240 2469 354 2519 tumum
364 2483 371 2530 ;
383 2455 465 2536 idque
478 2474 531 2516 non
549 2476 584 2516 ex
599 2455 739 2516 laboribus
755 2456 866 2531 nostris,
877 2456 924 2517 sod
936 2479 987 2539 per
1040 2460 1114 2521 κίλον
1127 2460 1172 2520 καί
1186 2460 1352 2522 παντοδαπὸν
1365 2458 1411 2519 καί
1419 2457 1534 2539 χρόνιον,
1547 2457 1594 2517 καὶ
1607 2462 1701 2517 τοῦτον
1717 2461 1767 2518 οῦκ
1785 2462 1814 2518 ἐκ

130 2619 143 2639 .
226 2542 357 2630 'gratiam
367 2568 454 2609 suam.
474 2546 611 2624 Quoniam
628 2546 715 2628 igitur
731 2545 842 2610 dilectio
856 2549 982 2628 gratiam,
1040 2557 1092 2613 τῶν
1111 2553 1247 2634 ἡμιτίρυνν
1268 2552 1365 2625 πόνων,
1384 2551 1452 2611 ἀλλὰ
1466 2549 1510 2610 διδ
1525 2555 1572 2622 τῆς
1595 2553 1676 2610 αἰετοῦ
1697 2550 1813 2631 χάριτος.

227 2639 327 2723 'gratia
340 2659 434 2721 paoem
453 2637 530 2698 dudit
544 2661 551 2696 τ
567 2637 618 2699 bac
632 2638 800 2700 salutationis
820 2639 906 2700 forma
919 2663 985 2723 pro-
1001 2670 1021 2714 Α
1040 2645 1119 2707 Ἐπεί
1138 2638 1211 2717 oduei
1228 2643 1276 2723 μὲν
1298 2644 1389 2722 ἀγάπη
1408 2641 1457 2716 τήν
1479 2640 1642 2723 χάριν,ήᾶ
1666 2644 1748 2723 χάρις
1767 2644 1813 2715 τήν

237 2729 305 2809 lata,
325 2743 451 2814 precatur
471 2751 585 2801 manere,
601 2743 730 2812 perpetua
751 2744 778 2791 et
803 2731 929 2808 immota,
953 2755 986 2795 ne
1041 2738 1148 2820 εἰρήνην
1170 2737 1337 2819 ἐδωρήσατο,
1356 2740 1392 2804 ὡς
1411 2739 1438 2795 ἐν
1456 2734 1529 2804 τάξει
1547 2734 1729 2817 προσηγορίας
1748 2737 1812 2795 uiri

238 2843 333 2885 rursus
344 2821 421 2883 aliud
437 2823 568 2883 excitetur
586 2821 701 2904 bellum,
718 2835 746 2885 et
758 2822 881 2886 datorem
897 2841 984 2906 rogat,
1041 2831 1109 2902 θεὶς,
1120 2830 1261 2911 ἐπεύχεται
1275 2826 1361 2907 μίνειν
1373 2829 1482 2898 διηνεκῆ
1493 2825 1539 2886 καί
1551 2826 1764 2901 οἰκίνητα,’άνστε
1776 2830 1811 2907 μή

239 2934 271 2974 ea
289 2912 370 2975 firma
383 2927 533 2989 conservet,
551 2912 595 2974 liis
608 2913 699 2976 verbis
711 2937 718 2972 ι
732 2915 841 2976 Gratia
859 2918 946 2977 vobis
959 2931 987 2978 et
1040 2923 1121 2983 πάλιν
1139 2921 1227 3003 ίτερον
1244 2923 1465 3000 ἀναῤῥιπισθῆναι
1484 2919 1616 2997 πολεμον·
1631 2918 1680 2978 καί
1693 2943 1812 3001 παρακα-

238 3025 300 3086 ραα
320 3026 341 3065 ιι
361 3006 426 3065 Deo
449 3007 543 3066 Patre
564 3017 679 3078 nostro,
707 3019 736 3067 et
763 3007 892 3067 Domino
913 3009 986 3070 Jesu
1039 3016 1081 3075 λεῖ
1093 3014 1138 3076 τδν
1150 3012 1296 3084 δεδωκάια,
1320 3011 1405 3092 πάγια
1418 3017 1503 3071 ταῦτα
1516 3012 1662 3092 διατηρεῖν,
1679 3012 1750 3071 oden
1772 3013 1812 3073 λε’·

241 3096 368 3157 Ciristo.
384 3098 454 3158 Eoee
472 3095 524 3158 ἰιοο
543 3096 603 3158 looo
623 3096 710 3172 iliud,
731 3120 768 3171 a,
790 3120 933 3161 commune
946 3116 986 3162 est
1039 3106 1208 3189 γιον-Χάρις
1220 3104 1338 3184 θμῑνκαί
1352 3103 1442 3184 εἰρήνη
1457 3102 1510 3164 ἀπὸ
1523 3106 1593 3164 Θεοῦ
1603 3104 1713 3183 Πατρδς
1726 3109 1810 3183 ἡμῶν,

240 3188 317 3249 Patri
329 3203 356 3250 et
367 3189 453 3268 Fili05
464 3188 539 3268 quod
549 3189 662 3271 perinde
680 3205 720 3251 est
733 3212 764 3252 ae
777 3191 800 3251 si
811 3192 928 3268 diceret,
942 3196 985 3256 Ex
1038 3198 1084 3259 καὶ
1098 3200 1196 3278 Κυρίου
1215 3197 1303 3268 Ἰησοῦ
1317 3198 1443 3276 Χριστοῦ.
1463 3193 1532 3254 Ἰδού
1552 3196 1667 3255 ίνταῦθα
1682 3191 1729 3270 ei,
1745 3198 1809 3259 ἀπὸ.

240 3302 303 3362 quo.
316 3284 409 3362 Neque
418 3283 490 3343 enim
500 3282 586 3361 dixit,
598 3283 694 3344 Gratia
706 3285 785 3345 robis
795 3300 822 3346 et
832 3308 887 3368 pax
898 3309 913 3346 a
926 3289 985 3348 Deo
1038 3290 1124 3352 κοινάν
1136 3293 1192 3352 ἐστι
1203 3287 1308 3369 Πατρδς
1324 3287 1370 3347 καί
1389 3287 1468 3359 ttae,
1483 3285 1547 3366 ὅπερ
1564 3287 1635 3347 ἐστίν
1650 3286 1708 3347 ίαον
1722 3289 1808 3368 τῷ,ἐξ

239 3376 319 3435 Patne
337 3395 387 3456 per
407 3372 556 3435 nominum
576 3387 698 3435 nostruin
718 3377 810 3437 Jesum
830 3377 983 3455 Christum
1038 3372 1077 3444 οῦ.
1099 3383 1140 3444 oe
1155 3382 1208 3462 γάρ
1221 3372 1295 3454 εἰπε,
1312 3379 1391 3460 χάρις
1413 3382 1475 3457 ῦμῑν
1496 3380 1542 3438 καί
1562 3378 1655 3457 εἰρήνη
1675 3380 1731 3439 eei
1744 3384 1808 3442 Θεοῦ

239 3463 305 3539 sed,
324 3464 356 3523 A
379 3467 444 3524 Deo
469 3466 561 3524 Patre
585 3478 615 3525 et
639 3466 768 3526 Domino
792 3482 891 3528 nostro
912 3472 983 3531 Iesu
1036 3476 1144 3556 Πατρδς
1157 3476 1201 3535 διὰ
1216 3481 1261 3534 τοῦ
1283 3471 1380 3554 Κυρίου
1400 3471 1578 3549 ήμῦνἸησοῦ
1591 3473 1725 3554 Χριστοῦ,
1741 3477 1806 3544 ἀλλ’,

242 3555 369 3617 Christo.
385 3558 466 3637 Papae
479 3568 611 3634 quantum
622 3558 711 3638 potuit
729 3560 782 3620 Ilei
791 3559 915 3622 dilectio!
928 3564 983 3624 lni·
1037 3565 1102 3628 Ἀπδ
1114 3570 1184 3629 Θεοῦ
1197 3567 1304 3646 Πατρδς
1315 3563 1361 3624 καί
1374 3563 1472 3646 Κυρίου
1486 3568 1562 3644 ἡμῶν
1579 3565 1668 3639 Ἰησοῦ
1684 3567 1804 3648 Χριστοῦ.

240 3646 457 3730 micietreprobi
472 3661 579 3730 repente
590 3649 675 3710 sancti
691 3664 716 3711 et
729 3650 781 3711 filii
799 3667 862 3713 sunt
880 3655 977 3718 effecti.
997 3666 1015 3713 B
1036 3659 1140 3735 Βαύαλ,
1151 3659 1232 3720 πόσον
1247 3658 1353 3738 ίοχυσεν
1369 3661 1386 3728 ἡ
1402 3665 1448 3718 τοῦ
1465 3660 1537 3718 Θεοῦ
1555 3657 1661 3738 ἀγάπη·
1681 3663 1706 3718 οἱ
1721 3661 1805 3738 ἐχθρά

240 3740 310 3800 Cum
329 3741 402 3802 enim
416 3745 521 3802 Patrem
536 3756 626 3820 vocat,
644 3743 715 3805 filios
730 3743 850 3826 indica13
868 3769 932 3808 cum
945 3751 981 3809 li-
1035 3752 1082 3812 καί
1094 3751 1259 3831 ήτιμονμίνοι
1277 3750 1346 3829 ἅγιοι
1367 3749 1412 3809 καί
1433 3749 1501 3809 'uloi
1519 3749 1657 3829 γεγύνασιν
1673 3749 1802 3832 ἐξαίφνης.

237 3830 289 3894 lios
310 3832 386 3911 dicit,
407 3854 514 3894 omnem
533 3833 667 3895 bonorum
686 3835 843 3898 thesaurum
866 3841 978 3902 revelat.
1033 3844 1122 3905 Ὅταν
1138 3844 1191 3927 γάρ
1208 3842 1311 3925 πατίρα
1322 3842 1440 3922 καλέσῃ,
1454 3842 1524 3910 oieb<
1539 3843 1688 3914 ἐδήλωσεν·
1702 3842 1765 3903 ὅταν
1779 3843 1803 3902 δὲ

236 3928 442 3988 Perseveremus
465 3928 536 3988 bono
559 3941 634 3989 tanto
658 3928 770 4011 diguam
793 3932 879 3997 vitam
902 3935 981 3996 exlri·
1034 3937 1104 4006 υίοῦς
1119 3937 1198 4018 tiit-p,
1212 3936 1317 3997 diretta
1328 3940 1380 3996 τῶν
1395 3939 1500 4015 ἀγαθῶν
1513 3936 1558 3995 τὸν
1571 3935 1703 4014 θησαυρὸν
1716 3937 1805 3997 ἀνεκά-

235 4019 340 4094 bentes,
349 4033 375 4080 et
383 4042 478 4101 pacem
487 4020 709 4102 sanctitatemque
716 4038 860 4086 servantes.
871 4027 979 4089 Ceterae
1032 4031 1108 4111 λυψε.
1118 4028 1247 4106 Μίνωμεν
1258 4028 1343 4089 τοίνυν
1354 4027 1428 4097 άζίαν
1439 4031 1486 4100 τῆς
1498 4028 1597 4108 δωρεᾶς
1608 4027 1659 4100 τήν
1672 4031 1803 4089 πολιτείαν

234 4113 336 4194 quippe
348 4111 494 4193 dignitates
511 4127 689 4196 temporaneae
700 4131 772 4193 sunt,
785 4139 817 4177 ac
833 4141 896 4180 cum
909 4143 979 4202 prae-
1034 4120 1242 4202 ἐνδεικνύμενοι,
1262 4120 1308 4181 καί
1326 4120 1375 4194 τήν
1399 4120 1504 4200 εἰρήνην
1525 4118 1570 4179 καί
1589 4119 1640 4192 τήν
1658 4121 1804 4200 άγαοούνην

235 4205 303 4264 senti
324 4208 380 4265 vita
401 4206 525 4284 avolant;
545 4207 660 4288 pecunia
678 4229 784 4290 quaque
799 4211 957 4275 venduntur
972 4242 978 4276 :
1034 4216 1225 4294 διατηροῦντες.
1239 4211 1283 4273 Ti
1294 4211 1342 4291 μὲν
1353 4212 1406 4295 γὰρ
1423 4212 1492 4272 ἄλλα
1504 4209 1644 4288 άξιιύματα
1657 4212 1805 4294 πρόσκαιρά

124 4345 153 4389 m
169 4347 226 4392 m
235 4293 309 4355 unde
322 4315 374 4354 non
391 4294 536 4375 dignitates
551 4297 613 4375 quis
625 4297 735 4376 dixerit,
749 4300 797 4361 sed
814 4301 979 4384 dignitatum
1032 4307 1064 4367 τί
1081 4311 1154 4381 ἰστι,
1178 4305 1224 4366 καί
1242 4309 1280 4386 τῷ
1301 4306 1414 4388 παρόντι
1436 4303 1649 4385 συγκαταλύεται
1671 4304 1744 4386 βίῳ,
1764 4307 1806 4364 καὶ

82 4423 131 4484 «γε.
154 4360 345 4485 {munumina
363 4398 480 4464 tantum,
492 4408 551 4465 quae
566 4387 594 4448 iu
609 4389 726 4450 restium
743 4393 941 4473 magnificentia
953 4412 978 4457 et
1033 4426 1053 4482 χ
1089 4399 1266 4480 perosioris
1281 4397 1384 4471 ὠνητά·
1406 4398 1465 4460 ὅθεν
1483 4397 1540 4458 etet
1560 4395 1727 4476 ”dissipare
1742 4399 1806 4458 αῦτίι

81 4486 120 4576 z:
146 4471 226 4580 “2⁸⁰1
234 4477 381 4538 satellitum
394 4476 548 4537 adulatione
563 4478 621 4539 rim
633 4478 743 4540 habent.
754 4484 811 4544 Hoc
822 4500 923 4566 autem,
937 4504 979 4549 ut·
1035 4517 1101 4552 εναι
1115 4493 1147 4553 άν
1159 4516 1199 4559 τις
1212 4490 1277 4573 ραίη
1289 4537 1296 4563 ,
1309 4492 1367 4550 ἀλλ’
1378 4490 1496 4568 ὀνόματα
1507 4488 1666 4567 ἀξιωμάτων
1681 4489 1770 4568 μόνον,
1782 4493 1806 4548 ἓν

80 4597 172 4668 propri·
186 4581 327 4651 &poten
348 4571 404 4629 Dee
427 4567 568 4647 collatum,
589 4568 692 4630 donum
713 4573 932 4639 sanctificationis
953 4595 978 4640 et
1033 4589 1066 4664 τῇ
1080 4588 1133 4644 τῶν
1146 4585 1260 4662 ίματίυιν
1273 4581 1475 4664 περιύολῇ,καί
1485 4586 1519 4662 τῇ
1533 4584 1586 4642 τῶν
1597 4581 1749 4663 δορυφόρων
1762 4607 1805 4642 κο·

80 4666 158 4713 ⁸⁰¹¹⁸¹·
231 4661 393 4745 adoptionis,
402 4673 547 4720 mortenon
556 4660 672 4738 tollitur3
682 4662 761 4724 sedet
770 4665 814 4726 hic
822 4669 977 4750 splendidos
1033 4677 1128 4757 λακείεγ
1142 4676 1190 4748 τήν
1213 4675 1324 4755 δύναμιν
1340 4675 1455 4756 ἔχοντα,
1466 4680 1543 4735 τοῦτο
1555 4672 1599 4747 δὲ,
1616 4675 1749 4755 άτεπαρδι
1763 4680 1805 4733 τοῦ

230 4755 324 4832 efficit,
339 4768 366 4814 et
381 4752 417 4812 ad
435 4751 554 4813 futuram
572 4753 657 4813 vitam
673 4757 814 4819 nobiseum
832 4762 975 4845 demigrat.
993 4779 1012 4826 C
1033 4770 1103 4829 Θεοῦ
1115 4767 1197 4841 δοθὲν,
1214 4767 1244 4827 ri
1263 4767 1346 4848 δῶρον
1360 4768 1390 4826 τὸ
1403 4769 1451 4837 τῆς
1464 4764 1614 4843 ἁγιωσύνης
1628 4766 1676 4826 καί
1691 4770 1740 4839 τῆς
1752 4771 1805 4826 uio·

229 4847 300 4907 Nam
315 4846 362 4927 qui
380 4845 553 4926 adoptionem
573 4861 671 4923 servat,
693 4864 718 4910 et
736 4853 975 4918 sanctificationem
1034 4859 1137 4938 θεσίας,
1158 4859 1218 4920 οὐδὲ
1234 4859 1339 4940 θανάτῳ
1350 4857 1538 4931 διακόπτεται,
1553 4857 1623 4917 ἀλλὰ
1641 4857 1687 4917 καί
1698 4862 1805 4919 ἐνταῦθα

261 5005 360 5058 νίίιίαω
372 5011 478 5077 διάκρισις
489 5014 503 5065 ἡ
514 5013 550 5059 καί
563 5011 663 5062 δίίκνθῦῑ·
672 5011 712 5076 [A.
721 5024 747 5064 θί
759 5016 926 5084 misterii·
935 5025 991 5074 διαί·
1072 5036 1083 5061 ⁸
1100 5018 1183 5070 Iidem
1194 5020 1237 5086 [et
1249 5018 1292 5088 A.]
1308 5027 1350 5072 υίοί
1367 5029 1498 5084 γεγόναμεν.
1518 5016 1591 5068 lnirtt
1607 5017 1686 5070 iidem
1699 5027 1805 5086 θησαυρὸν

225 5094 309 5154 θ’σίςί
322 5093 359 5137 ἀί
373 5085 406 5150 i.]
1038 5102 1168 5168 ἰξικάλυψι.
1178 5099 1212 5150 Et
1224 5115 1283 5150 mox
1295 5098 1365 5164 [cum
1377 5099 1420 5164 Δ.]
1433 5102 1614 5164 ἰπιδιικιύμενοι.

259 5162 273 5202 d
289 5163 331 5213 sic
344 5164 400 5213 Μ·
413 5176 489 5216 recle·
500 5163 570 5216 mill
584 5167 696 5223 3¹¹le
1071 5178 1085 5216 t>
1102 5175 1191 5235 liutei.
1204 5175 1272 5228 solus
1283 5181 1345 5231 αλδίν
1354 5185 1484 5243 ἀξιώματα.

258 5247 269 5272 ·
286 5237 366 5292 iidem
378 5241 414 5307 [et
426 5244 468 5308 Κ]
475 5249 542 5312 ῥῆμα
554 5247 633 5310 λεγειν.
