3728 5978
1565 522 1633 596 603

62 673 97 751 τῇ
111 672 184 733 λύσει
197 671 400 739 κατασκευάζειν
412 671 426 732 θ
441 670 573 749 βούλεται.
588 669 687 750 Διόπερ
697 669 756 729 οὐδὲ
769 692 834 751 προ-
889 668 969 728 bans:
980 682 1145 750 quapropter
1158 668 1318 728 solutionem
1334 689 1388 728 non
1406 668 1497 728 s'tatim
1517 667 1632 744 inducit,

63 766 216 843 ηγουμένως
229 763 328 842 εἰσάγει
338 762 386 835 τὴν
399 763 484 835 λύσιν,
498 763 557 822 ἀλλ’
572 762 598 831 ἐξ
614 761 779 842 ἀντιλογίας,
791 761 835 820 ίνα
889 759 936 820 sed
948 782 996 841 per
1017 759 1265 833 contradictionem,
1278 773 1308 818 ut
1321 780 1353 818 ex
1367 758 1509 829 solutionis
1520 760 1634 819 necessi-

63 862 96 936 τῇ
109 856 211 936 ἀνάγκη
224 859 272 926 τῆς
283 854 382 921 λύσεως
394 854 515 936 ἀφορμὴν
528 857 564 922 είς
574 855 604 914 τὸ
618 857 700 913 εἰπεῖν
712 853 729 912 ά
744 852 835 932 βουλε·
852 865 871 913 Ε
891 866 943 912 tate
952 852 1116 912 occasionem
1130 865 1221 932 optata
1233 850 1340 911 dicendi
1360 851 1481 932 arripiat,
1491 851 1634 929 minusque

554 546 587 595 m
615 544 722 595 uttan.
752 546 798 593 tn
825 545 908 594 ROB.
938 546 1056 596 ttonttu.
1086 547 1147 595 Χίί.

23 1017 24 1020 ¹
63 942 836 1026 cuticidtrmai'dveuqdiacepovcoriopfcitvttnrapopiuv.

64 1038 177 1110 Ἐπειδὴ
189 1037 240 1119 γδρ
257 1029 340 1110 εἶπεν,
356 1037 403 1097 Ἐν
416 1038 553 1108 καινότητι
565 1038 730 1116 πνεύματος,
744 1035 789 1095 καλ
808 1038 837 1094 οὗ

63 1130 223 1201 παλαιότητι
241 1130 415 1209 γράμματος,
438 1128 572 1208 ἐπήγαγε·
586 1129 622 1187 Τί
647 1117 691 1187 aiis
714 1130 836 1208 ίροδμεν;

62 1221 170 1301 όνόμος
188 1220 322 1300 άμαρτία;
337 1222 383 1294 Μὴ
398 1221 508 1300 γίνοιτο.
532 1220 586 1280 Καὶ
608 1219 660 1300 γάρ
679 1220 732 1301 πρὸ
745 1218 838 1279 τούτου

62 1305 96 1386 ἦν
110 1312 235 1394 εἰρηκὼς,
252 1314 292 1372 δτι
304 1314 348 1373 Τὰ
361 1313 510 1390 παθήματα
527 1315 579 1372 τῶν
597 1315 734 1391 ἁμαρτιῶν
747 1311 781 1369 nd
796 1309 839 1369 ded

63 1408 110 1461 τοῦ
137 1402 217 1480 νόμου
242 1405 378 1481 ἐνηργεῖτο
403 1408 429 1464 ἓν
453 1413 508 1472 τοῖς
529 1404 635 1482 μελεσιν
658 1406 751 1481 ἡμῶν·
778 1403 837 1475 καί,

64 1492 195 1576 Ἅμαρτία
216 1498 289 1571 ὑμῶν
312 1498 341 1555 οὗ
359 1494 504 1574 κυριεύσει·
519 1498 547 1555 οὗ
562 1494 596 1574 γά
637 1496 697 1554 ίστε
721 1493 772 1554 ὑπὸ
792 1493 838 1553 νύ-

68 1607 127 1661 μον,
146 1587 204 1643 ἀλλ’
231 1586 283 1644 ύπδ
303 1585 399 1665 χάριν·
426 1585 471 1645 καλ
498 1520 613 1660 &coi
638 1583 690 1664 γάρ
713 1589 761 1645 οὐκ
778 1585 839 1650 ,ἔστι

67 1675 161 1754 νόμος,
184 1676 242 1736 οὐδὲ
274 1677 441 1756 παράύασις·
467 1677 529 1752 καὶ,
556 1675 646 1756 Νόμος
672 1675 700 1738 δδ
727 1700 839 1758 παρεισ-

66 1771 156 1840 ῆλθεν,
178 1768 222 1827 ίνα
243 1767 377 1848 πλεονάσῃ
392 1769 422 1828 τὸ
442 1769 628 1847 παράπτωμα·
654 1769 714 1840 καί,
731 1767 766 1828 Ὁ
795 1767 839 1826 νό-

68 1882 116 1936 μος
141 1859 220 1938 ὀργὴν
247 1860 446 1939 κατεργάζεται.
471 1859 549 1918 Ἐπεί
576 1850 621 1919 οὖν
643 1867 727 1920 ταῦτα
752 1859 839 1918 πάντα

68 1950 152 2010 ίδόκει
171 1951 296 2022 διαόολὴν
320 1951 407 2032 ρίρειν
430 1954 468 2032 τῷ
489 1950 588 2031 νόμῳ,
602 1955 638 2018 ὡς
660 1950 839 2033 διορθούμενος

67 2039 115 2114 τὴν
136 2044 166 2099 ἐκ
187 2041 285 2101 τούτων
300 2041 435 2114 ὑπόνοιαν,
456 2042 545 2112 τίθησι
570 2041 615 2101 καλ
631 2041 772 2117 ἀντίθεσιν,
795 2041 841 2101 καί

890 967 1028 1004 onerosam
1041 944 1237 1003 accusationem
1250 943 1368 1003 inducat.
1383 942 1454 1022 Quia
1466 942 1538 1002 enim
1550 942 1633 1016 dixit,

890 1043 928 1097 In
944 1042 1074 1103 novitate
1091 1041 1219 1117 spiritus,
1238 1057 1296 1095 non
1310 1040 1343 1094 ia
1364 1048 1511 1094 uetustate
1528 1036 1631 1104 litera,

890 1129 1046 1210 subjungit:
1056 1132 1086 1188 t.
1102 1130 1179 1207 Quid
1188 1149 1255 1208 ergo
1264 1130 1392 1186 dicemus
1401 1134 1415 1185 i
1425 1129 1473 1185 lex
1482 1129 1635 1205 peccatum

891 1221 1062 1283 estidbsit.
1072 1221 1180 1280 Etenim
1190 1219 1266 1301 prius
1277 1219 1394 1296 dixerat,
1404 1223 1561 1279 Passiones
1568 1239 1635 1298 pec·
1691 1251 1692 1255 ,

891 1327 1035 1385 catorum,
1060 1333 1125 1393 quoe
1143 1332 1196 1391 per
1212 1313 1304 1392 legem
1324 1324 1419 1383 mant,
1437 1313 1637 1390 operabantur

892 1408 924 1462 in
938 1407 1074 1464 membris
1097 1407 1205 1463 nostris
1213 1430 1224 1474 ,·
1237 1417 1271 1480 ει,
1287 1406 1446 1462 Peccatum
1467 1405 1552 1461 nobis
1576 1423 1636 1459 non

892 1497 1108 1554 dominabitur.-
1122 1517 1180 1553 non
1194 1497 1354 1554 animastis
1368 1495 1505 1574 sublege,
1519 1494 1571 1552 sed
1581 1495 1634 1552 sub
1677 1559 1682 1567 ,

891 1590 989 1668 gratia
996 1613 1008 1659 ,·
1017 1599 1052 1663 et,
1068 1589 1158 1668 Cujus
1169 1608 1228 1645 non
1238 1599 1281 1645 est
1292 1587 1351 1657 lex,
1366 1606 1458 1665 neque
1470 1598 1635 1665 transgres-

892 1683 936 1739 sio
950 1681 1130 1756 est3et,1.cx
1143 1692 1241 1738 autem
1253 1681 1441 1750 subintravit,
1456 1690 1488 1736 ut
1501 1677 1637 1736 abunda·

892 1783 936 1830 ret
947 1772 1104 1839 delicturum
1120 1783 1154 1841 et,
1174 1772 1235 1828 Lex
1246 1773 1323 1827 iram
1338 1782 1483 1848 operatur.
1500 1767 1572 1839 Quia
1582 1767 1636 1846 igi-

893 1873 938 1919 tur
946 1860 1004 1920 haec
1016 1861 1106 1919 omnia
1120 1860 1206 1940 legem
1220 1858 1380 1918 calumniari
1390 1858 1560 1933 videbantur,
1572 1879 1637 1936 qua-

893 1952 916 2011 si
929 1952 998 2012 hanc
1011 1952 1191 2033 suspicionem
1205 1951 1352 2030 corrigens,
1368 1950 1545 2030 objectionem
1560 1952 1637 2030 ponit

893 2057 920 2103 ει
928 2045 981 2103 ait:
992 2046 1070 2123 Quid
1079 2051 1167 2124 ergo?
1178 2045 1226 2102 lex
1237 2057 1390 2123 peccatum
1401 2056 1443 2102 est
1454 2049 1467 2100 i
1477 2043 1574 2103 Absit.
1586 2045 1638 2100 λιι-

69 2155 145 2212 ρησι·
163 2132 200 2191 Τί
214 2124 273 2205 oiim
293 2137 307 2191 ό
331 2132 410 2211 νόμος
436 2132 572 2212 ἁμαρτίας
587 2132 634 2205 Μὴ
649 2132 760 2211 γίνοιτο.
782 2135 840 2213 Πρδ
856 2155 876 2200 Α
894 2149 1003 2214 tequam
1017 2134 1050 2194 ad
1063 2134 1248 2215 probationem
1259 2135 1357 2207 veniat,
1373 2133 1402 2192 id
1416 2133 1536 2214 respicit,
1551 2147 1639 2192 utatu-

68 2228 116 2294 τῆς
137 2228 303 2294 κατασκευῆς
319 2224 501 2304 ἀπηγόρευσε,
520 2224 564 2283 τδν
586 2224 716 2305 ἀκροατὴν
726 2225 841 2286 οίκειού·

69 2337 161 2392 μενος,
181 2315 226 2373 καλ
250 2315 295 2373 τὸν
311 2315 546 2394 σκανδαλιζόμενον
566 2314 726 2395 θεραπεύων.
742 2317 841 2377 Λοιπὸν

70 2407 123 2486 γάρ
137 2407 267 2477 ἀκούσας,
280 2407 398 2489 καὶπερὶ
419 2411 467 2477 τῆς
487 2408 627 2475 διαθέσεως
639 2409 718 2468 αὐτοῦ
737 2410 840 2489 πληρο-

70 2499 207 2577 φορηθεὶς,
228 2501 300 2570 ζητεῖ
316 2500 373 2576 μετ’
388 2500 466 2559 αὐτοῦ
486 2499 516 2558 τὸ
535 2501 625 2558 δοκοῦν
642 2489 708 2559 εἶναι
733 2505 840 2579 τίπορον,

70 2588 116 2646 καὶ
129 2591 180 2667 οὐχ
190 2587 330 2647 ὑποπτεύει
344 2588 388 2647 τόν
400 2589 511 2669 λέγοντα
521 2614 527 2627 ·
538 2590 579 2650 διδ
590 2590 635 2649 καλ
647 2589 696 2662 τὴν
711 2591 840 2650 ἀντίθεσιν

71 2678 213 2760 προλαύὼν
224 2678 345 2750 ’ἐκείνην
361 2680 485 2740 τέθεικεν.
499 2681 568 2741 Οὐδὲ
579 2681 631 2762 γόιρ
654 2672 728 2757 εἷπε,
747 2682 776 2741 τί
797 2674 841 2741 οὖν

70 2770 174 2848 εἴποιμι
181 2771 229 2844 ἄν,
241 2771 327 2844 άλλόι,
341 2773 377 2830 Τί
389 2775 497 2854 ἐροῦμεν
504 2797 512 2847 ;
524 2777 560 2840 ὡς
574 2776 670 2851 βουλῆς
678 2775 723 2833 καὶ
734 2773 841 2852 γνώμης

70 2863 263 2945 προκειμένης,
277 2864 322 2923 καὶ
337 2863 499 2936 Ἐκκλησίας
521 2870 609 2936 κοινῆς
629 2867 841 2945 σνγκεκροτημί·

69 2979 132 3027 νης,
146 2954 192 3012 καὶ
206 2958 235 3013 οὐ
249 2958 312 3034 παρ’
330 2959 424 3028 αὐτοῦ,
441 2955 509 3015 άλλδι
520 2955 592 3036 παρὰ
611 2960 658 3026 τῆς
671 2959 723 3015 τῶν
738 2959 843 3038 εἷρημί·

66 3070 119 3104 νων
132 3045 287 3114 ἀκολουθίας
300 3047 404 3118 καὶτῆς
416 3049 468 3104 τῶν
484 3046 649 3127 πραγμάτων
660 3046 783 3120 ἀληθείας
794 3052 842 3119 τῆς

894 2225 1009 2286 ditorem
1032 2227 1084 2286 sibi
1111 2226 1244 2296 conciliet,
1262 2240 1287 2284 et
1308 2227 1440 2285 offensum
1463 2239 1548 2284 curet.
1569 2227 1639 2284 Nam

895 2341 957 2378 cum
965 2319 1092 2394 audisset,
1105 2339 1137 2378 ac
1150 2318 1184 2377 dc
1204 2319 1302 2376 affectu
1323 2317 1409 2398 ipsius
1434 2317 1531 2376 certior
1551 2316 1638 2375 samus

893 2425 972 2488 esset,
999 2432 1060 2471 eum
1080 2410 1127 2469 illo
1147 2410 1244 2488 quaerit
1264 2408 1332 2487 qnid
1357 2408 1434 2467 dubii
1461 2408 1568 2484 inesset,
1589 2427 1638 2466 nec

893 2518 1045 2584 susspectum
1071 2502 1153 2562 habet
1185 2501 1319 2561 dicentem
1338 2524 1345 2558 ι
1366 2513 1530 2582 quapropter
1558 2499 1637 2580 obje-

893 2598 1008 2657 ctionem
1027 2597 1102 2658 illam
1125 2596 1201 2679 prius
1224 2594 1325 2653 attulit.
1344 2597 1436 2672 Neque
1460 2593 1532 2652 enim
1554 2592 1638 2669 dixit,

895 2688 973 2763 Quid
984 2708 1047 2768 ergo
1068 2687 1207 2748 dixerim?
1223 2684 1278 2761 sed,
1303 2687 1382 2763 Quid
1404 2687 1531 2743 dicemus
1541 2683 1597 2743 i'ac
1612 2685 1638 2742 si

894 2782 922 2840 in
932 2781 1043 2840 oonsilio
1052 2795 1078 2839 et
1090 2781 1116 2839 in
1127 2793 1196 2839 coetu
1213 2778 1338 2841 Ecclesiae
1349 2799 1403 2835 rem
1419 2789 1518 2856 ageret,
1525 2790 1550 2834 et
1561 2775 1638 2854 quasi

893 2872 1009 2953 objectio
1020 2871 1081 2947 illa,
1092 2888 1144 2929 non
1162 2870 1211 2927 abs
1229 2889 1265 2943 se,
1279 2867 1325 2926 sed
1339 2889 1354 2925 a
1368 2865 1504 2925 dictorum
1517 2865 1593 2941 serie,
1612 2879 1638 2925 et

893 2986 908 3023 a
924 2985 1015 3024 rerum
1026 2963 1139 3023 veritate
1154 2960 1284 3043 prodiret.
1301 2957 1383 3030 Quod
1395 2959 1467 3017 enim
1480 2957 1556 3016 litera
1568 2957 1637 3017 occi·

893 3055 952 3132 dat,
971 3067 997 3115 et
1009 3053 1082 3133 quod
1097 3053 1209 3136 spiritus
1223 3051 1357 3124 vivificet,
1370 3064 1395 3109 et
1406 3049 1457 3108 hoc
1470 3069 1547 3107 nemo
1558 3070 1638 3129 nega·

67 3135 224 3205 ἅντιθίτινιι
234 3138 368 3217 φανείσης·
382 3136 447 3197 Ὅτι
460 3137 507 3217 μὲν
517 3146 529 3171 ·
538 3137 590 3218 γὰρ
607 3140 638 3199 τδ
648 3139 761 3222 γράμμα
777 3142 842 3199 άπο-
856 3155 874 3201 u
893 3148 944 3222 bit,
953 3147 1053 3225 inquit,
1066 3147 1168 3205 clarum
1179 3158 1227 3220 est,
1239 3158 1369 3222 nemoque
1388 3140 1591 3201 contradixerit.
1607 3141 1637 3202 Si

67 3228 180 3302 κτείνει,
193 3229 275 3296 οὐδεὶς
289 3234 406 3309 ἀντερεῖ,
418 3230 498 3310 φησί,
512 3229 557 3288 καί
571 3229 610 3289 ίτι
621 3231 652 3290 τὸ
662 3237 766 3309 πνεῦμα
778 3233 841 3298 ζωο-
893 3260 956 3321 ergo
969 3239 1027 3298 haee
1039 3239 1067 3298 in
1080 3239 1200 3298 confesso
1211 3251 1283 3310 sunt,
1298 3234 1365 3313 quid
1376 3234 1497 3294 dicemus
1510 3233 1545 3293 de
1558 3232 1636 3312 lege?

67 3328 153 3391 ποιεῖ,
171 3320 216 3380 καλ
230 3327 307 3380 τοῦτο
321 3322 409 3395 δῆλον,
423 3322 469 3379 καί
481 3321 563 3389 οὐδεὶς
579 3321 610 3380 δν
628 3323 841 3403 ιριλονεικήσειεν.
893 3356 926 3394 an
946 3332 1021 3412 quod
1033 3334 1068 3393 511
1083 3332 1244 3414 peccatum?
1262 3330 1348 3389 Absir,
1362 3329 1444 3390 solve
1458 3327 1542 3408 igitur
1557 3327 1637 3386 diffi-

68 3412 200 3471 Είοοίίοί
222 3419 305 3473 οοῧοο
321 3414 532 3492 apotomae,
546 3414 571 3472 τί
594 3413 624 3473 ἂν
647 3414 766 3494 οίοοοιμον
782 3415 843 3497 περί
893 3427 1030 3486 cultatem.
1052 3425 1151 3487 Viden’
1165 3439 1195 3484 ut
1215 3444 1304 3484 secum
1326 3421 1512 3481 adversarium
1526 3433 1636 3498 statuat,

67 3511 116 3562 τοῦ
131 3503 226 3582 νίμοοῐ
241 3505 281 3564 ίοι
303 3506 436 3585 ἆμοοοίοι
451 3506 496 3578 Mi
511 3506 620 3586 γίνοιτο·
637 3501 778 3568 θ’ὖοονοίίν
794 3507 843 3580 τόν
894 3532 920 3578 et
933 3530 1050 3577 amttmta
1062 3515 1181 3576 doctoris
1202 3515 1343 3595 dignitate,
1358 3512 1392 3571 ad
1406 3511 1566 3571 solutionem
1588 3529 1639 3570 ve·-

69 3595 194 3675 ιίτιορίιιν·
210 3588 354 3664 mettii<
367 3598 424 3674 μετ’
440 3599 576 3658 αὖτοῧτθν
591 3597 722 3658 οίντίδιιιον
737 3600 842 3677 ἵστησι,
893 3609 1054 3681 ιιίειθΟιια
1068 3622 1107 3668 est
1121 3607 1167 3667 illa
1190 3606 1307 3667 solutio?
1321 3609 1466 3665 Peccatum
1488 3617 1560 3663 certe
1585 3623 1638 3662 non

69 3689 118 3746 καί
129 3687 214 3747 τὸτοῦ
229 3689 397 3757 διδάσκοντος
411 3690 515 3768 ἀξίωμα
528 3691 627 3762 λαθὼν,
643 3694 687 3752 ἐπὶ
706 3691 754 3765 τὴν
768 3693 844 3752 λύσιν
894 3715 944 3780 est,
958 3700 1056 3779 inquit,
1071 3703 1229 3760 Peccatum
1244 3713 1341 3758 autem
1355 3718 1414 3755 non
1429 3700 1636 3776 cognovissem,

68 3781 257 3861 ἔργεται;Τίς
280 3772 325 3840 οὖν
346 3787 363 3854 ἡ
384 3782 616 3862 λύσιςςἉμαρτία
637 3783 684 3862 μὲν
705 3788 753 3844 οὐκ
775 3785 844 3859 ἔστι,
897 3798 955 3853 nisi
975 3793 1144 3872 perlegam.
1168 3789 1241 3851 Vide
1264 3787 1421 3869 sapientiam
1445 3784 1583 3867 mandem.
1604 3784 1639 3844 l'd
1685 3848 1690 3854 ,

69 3872 161 3951 atate.
177 3871 320 3951 Ἁμοοοίον
339 3873 367 3932 δὲ
381 3877 427 3933 οίιιι
441 3873 471 3932 ἂν
488 3873 579 3954 iprae,
599 3878 622 3933 οί
642 3875 679 3952 μθ
698 3873 742 3933 διὰ
755 3876 844 3954 νόμον.
896 3886 971 3965 qnod
979 3886 1022 3944 lex
1029 3897 1138 3961 nonest,
1150 3903 1184 3942 ex
1195 3881 1346 3962 objectione
1355 3879 1454 3959 posuit,-
1467 3891 1497 3936 ut
1508 3878 1561 3937 hoc
1574 3877 1641 3936 sub·

68 3965 144 4044 Ὅριι
160 3965 252 4046 σοφίας
272 3967 402 4027 ἐπίτασιν.
417 3966 507 4049 Ὅπερ
526 3972 572 4027 οὐκ
587 3969 658 4028 ἔστιν
676 3975 691 4029 ό
712 3969 805 4047 νόμοι,
818 3969 844 4038 ἐξ
896 3980 961 4056 tato,
979 3992 1005 4037 ct
1024 3977 1076 4035 hoc
1103 3977 1131 4035 in
1144 3973 1234 4036 iudaei
1259 3970 1386 4052 gratiam,
1408 3968 1567 4051 persuadeat
1583 3970 1638 4049 illi,

69 4057 226 4125 ἀντιθέσεως
248 4058 372 4133 τέθεικεν,
387 4058 430 4118 iva
447 4064 560 4140 ἀναιρῶν
585 4066 675 4134 τοῦτο,
697 4061 842 4142 καὶταύτῃ
896 4070 970 4151 quod
989 4070 1079 4128 minus
1101 4082 1141 4127 est
1164 4065 1317 4125 admittere.
1334 4061 1409 4133 Quid
1430 4083 1493 4121 vcro
1515 4075 1555 4122 est
1569 4060 1640 4121 illud

68 4149 243 4229 χαριζόμενος
266 4156 303 4230 τῷ
327 4152 460 4234 Ἰουδαίῳ,
479 4153 558 4232 πείση
580 4153 611 4211 τὸ
635 4156 743 4214 ἔλαττον
765 4155 842 4214 αὐτόν
897 4164 1009 4223 minus?
1022 4160 1103 4237 Quod
1114 4164 1274 4220 Peccatum
1293 4177 1353 4215 nou
1364 4158 1571 4235 cognovissem,
1583 4159 1640 4214 uisi

68 4240 273 4308 καταδέξασθαι.
282 4242 319 4301 Τί
328 4243 356 4303 δι’
365 4247 421 4303 ἐστι
434 4245 464 4303 τό
478 4244 599 4318 ἔλαττον,
609 4244 676 4304 Ὅτι
686 4248 712 4304 Τ
713 4243 745 4316 ὴν
756 4248 842 4325 ἁμαρ-
895 4281 948 4341 pe,-
957 4260 1110 4340 legem-Ee
1120 4256 1395 4334 concupiscentiam,
1411 4249 1509 4328 inquit,
1521 4271 1580 4308 non
1592 4270 1640 4309 ω.

68 4332 132 4390 τίαν
152 4336 198 4392 οὐκ
214 4333 305 4412 ἔγνων,
321 4338 343 4392 εί
360 4334 397 4412 μὴ
414 4336 456 4394 διδι
477 4335 569 4413 νόμου.
587 4336 691 4409 Τήντε
711 4336 762 4418 γάρ
784 4341 842 4399 ἔπι·
860 4357 879 4405 c
896 4356 1070 4434 gnooissem,
1085 4354 1142 4409 nisi
1157 4349 1206 4408 lea·
1217 4345 1349 4418 dicisset,
1362 4347 1639 4423 Nonconcupisccs.

70 4423 168 4501 θνμίαν
188 4428 236 4483 οὐκ
256 4425 338 4504 ᾔδειν,
353 4426 441 4505 φησίν,
455 4430 478 4486 εί
496 4428 561 4505 μηδ
580 4428 658 4507 νόμος
674 4428 771 4509 ἔλεγεν,
785 4434 844 4491 Οίικ

70 4518 252 4595 ἐπιθυμήσεις.
280 4516 363 4599 Ὁρᾷς
385 4525 442 4586 πῶς
466 4520 534 4580 κατὰ
560 4522 653 4601 μικρὸν
682 4523 741 4601 σύγ-ἰ
766 4524 843 4600 μόνον

70 4609 219 4689 κατήγορον
243 4611 321 4669 αὐτὸν
341 4611 404 4670 ὄντα
420 4612 534 4672 δείκνυσι
549 4619 596 4684 τῆς
615 4614 763 4694 ἁμαρτίας,
775 4614 844 4674 ἄλλό

70 4703 118 4761 καλ
130 4701 219 4781 ἠρέμα
233 4704 491 4779 κατασκευαστικάν,
503 4707 531 4763 οὐ
543 4703 595 4783 μὴν
611 4705 685 4785 παρά
696 4705 745 4779 τὴν
757 4704 843 4766 αἰτίαν

70 4791 119 4864 τὴν
135 4796 227 4868 αὐτοῦ,
242 4793 395 4872 ἀλλδιπαρδι
408 4794 455 4866 τὴν
470 4800 521 4854 τῶν
538 4796 697 4874 ἀγνωμόνων
709 4797 843 4857 Ἰουδαίων

70 4885 213 4965 ἀποφαίνει
227 4891 304 4945 τοῦτο
324 4887 476 4963 σομύαῖνον.
489 4887 542 4946 Καὶ
555 4887 607 4968 γάρ
628 4889 673 4948 καλ
684 4889 844 4970 Μανιγαίων

70 4987 231 5048 ἐσπούδακεν
243 4988 375 5068 ἐμφράξαι
385 4988 419 5048 τόι
431 4987 550 5066 στόματα
564 4995 616 5048 τῶν
628 4990 844 5073 κατηγορούντων

71 5092 118 5146 τοῦ
132 5087 223 5164 νόμου.
236 5088 328 5148 Εἰπὼν
339 5088 401 5171 γάρ,
416 5089 456 5148 ότι
473 5089 531 5161 Τὴν
546 5088 679 5169 ἁμαρτίαν
693 5093 741 5150 οὐκ
754 5091 844 5171 ἔγνων,

107 5303 117 5323 ν
135 5287 144 5350 [
157 5288 186 5333 Α.
201 5295 227 5366 οι
237 5302 316 5352 marg.
329 5285 406 5336 Statii.
415 5292 621 5357 ἀνεπτχθεττίραν.
635 5290 643 5353 ]

108 5365 120 5388 ⁸
140 5368 153 5428 [
167 5365 194 5416 d.
206 5370 301 5426 dxtivtav,
312 5376 337 5414 ei
350 5381 407 5415 mox
420 5375 443 5420 τί
453 5368 490 5419 οὖν
502 5373 595 5435 δροῦμιν
609 5385 616 5432 3

898 4445 986 4506 Vides
1000 4442 1135 4523 quomodo
1152 4439 1283 4523 paulatim
1299 4459 1351 4497 non
1365 4436 1446 4496 modo
1460 4435 1547 4516 legem
1562 4457 1641 4494 accu-

897 4557 956 4595 sare
965 4549 1104 4617 peceatum
1113 4533 1196 4610 dicat,
1206 4529 1256 4592 sed
1267 4530 1348 4589 etiam
1361 4528 1431 4587 illud
1445 4529 1543 4588 sensim
1557 4529 1640 4586 intro·

896 4627 1013 4687 ducere?
1023 4648 1076 4686 non
1089 4639 1176 4683 tamen
1191 4622 1271 4703 culpa
1286 4643 1345 4697 sua,
1363 4621 1412 4683 sed
1424 4642 1458 4680 ex
1473 4620 1578 4699 ingrato
1592 4621 1643 4679 Ju-

897 4718 1018 4778 daeorum
1028 4717 1118 4777 animo
1124 4715 1153 4773 id
1167 4713 1273 4774 evenire
1284 4712 1460 4771 demonstrat.
1471 4710 1644 4770 EtenimMn·

899 4811 1063 4874 nichaeorum
1077 4807 1159 4867 etiam
1173 4828 1219 4865 ora
1226 4805 1353 4863 obturare
1366 4816 1476 4862 conatus
1487 4814 1536 4876 ast,
1550 4799 1645 4879 quile-

899 4924 960 4984 gem
978 4903 1144 4962 incusabant.
1165 4901 1235 4959 Cum
1251 4897 1365 4956 dixisset
1387 4895 1470 4968 enim,
1486 4897 1645 4953 Peccatum

901 5019 960 5056 uon
974 4999 1182 5075 cognovissem,
1202 4995 1260 5050 nisi
1271 5012 1325 5070 per
1346 4991 1454 5068 legem5
1468 4999 1496 5048 et
1509 4993 1644 5070 concupi·

899 5093 1041 5148 scantiam
1053 5088 1248 5159 nescivissem,
1257 5087 1313 5142 nisi
1322 5082 1369 5140 ier
1380 5081 1572 5159 diecret,Non
1580 5101 1645 5142 coa·

920 5302 931 5325 ι
949 5285 980 5335 Ιιι
993 5281 1078 5336 Μοτεί.
1091 5292 1135 5352 γάρ
1147 5280 1226 5332 deest.
