3728 5978
674 504 718 552 DE
743 504 942 555 nantaurli.

102 655 108 691 ι
122 628 249 710 ἐπράθην,
262 627 331 688 ἀλλά
348 626 392 687 διὰ
405 624 498 727 ρθόνου
520 627 566 686 καὶ
586 627 733 706 βασκανίας
747 631 787 688 iu·

102 709 159 768 τίαί.
172 707 257 775 Ὡςδέ
278 717 332 773 τοῖς
349 729 476 773 τοιούτοις
496 705 583 786 λόγοις
601 708 648 765 οὐκ
670 706 787 778 ἠδυνήθη

102 766 139 848 τάι
149 793 240 846 τοῦτον
259 787 323 864 πρδς
338 785 469 865 μοιχείαν,
482 785 540 845 οὐδὲ
553 791 691 887 γαυνῶσαι
707 789 787 845 αὐτοῦ

102 866 301 947 ωρροούνηντῇ
323 865 481 944 πολυλογία,
495 888 624 945 κατεσχεν
645 865 723 924 αὐτὸν
742 871 788 924 τοῦ

102 969 138 1006 ιιι·
156 952 170 1005 ό
187 946 214 1004 δὲ
238 945 435 1022 ἀποδυσάμενος
452 944 487 1001 τὰ
507 944 602 1022 ἱμάτια
624 948 702 1004 αὐτοῦ
719 943 788 1025 ἐξῄει

102 1026 127 1093 ς.
145 1015 221 1092 Εἶδες
235 1021 521 1101 ὑπομονήνςἘξῆλθεν
539 1027 553 1083 θ
575 1021 633 1104 σῶρ
674 1026 788 1095 νάθλη-

102 1104 170 1183 ἔγων,
184 1104 225 1162 ότι
234 1103 278 1162 διὰ
291 1103 335 1162 τὸν
350 1103 408 1182 όριν
423 1104 615 1181 ἐνεδυσάμεθα,
646 1103 674 1160 tt
687 1125 790 1184 τωρρο·

117 1182 300 1259 ἀποδυόμεθα·
320 1181 364 1239 διδ
379 1181 518 1259 παρακοήν
541 1180 685 1258 ἀδεξάμεθα
699 1181 729 1241 τὸ
740 1181 789 1241 κά·

102 1286 129 1335 ι,
144 1261 188 1320 διδ
203 1259 308 1332 ἐντολήν
321 1263 392 1320 Θεοῦ
409 1259 457 1332 τήν
474 1261 614 1361 λέγουσαν,
627 1263 668 1320 Οὐ
680 1258 789 1340 μοιχεύ·

1510 506 1577 580 9¹¹

842 649 907 688 nero
920 639 1019 689 exutos
1031 627 1198 688 vestimentis
1207 625 1263 686 sois
1280 625 1407 685 abscessit
1420 624 1516 687 nudus.
1531 629 1585 691 Vi·

842 707 909 766 disti
933 707 1114 788 patientiam?
1141 705 1218 765 Exiit
1240 719 1330 765 castus
1351 706 1451 766 athleta
1472 707 1583 782 dicens,

843 789 957 868 Propter
967 801 1115 867 serpentem
1125 785 1278 857 induimur,
1289 804 1338 864 per
1348 786 1495 844 castitatem
1508 785 1586 846 exui·

843 886 921 924 mur:
933 879 1043 946 propter
1056 864 1264 924 inobedientiam
1277 877 1462 942 tegumentum
1479 866 1587 946 accepi-

843 953 915 1015 mus,
929 959 1039 1026 propter
1050 943 1206 1003 mandatum
1223 942 1272 1002 Dei
1285 943 1377 1002 dicens
1389 967 1396 1000 ι
1408 946 1477 1003 Non
1496 946 1584 1005 αιίιιί·

846 1027 963 1099 terabis,
986 1024 1057 1083 illud
1073 1023 1245 1114 deponimus.
1270 1021 1306 1080 Et
1327 1023 1394 1081 exiit
1408 1021 1515 1099 nodns;
1530 1023 1590 1084 imo

843 1103 935 1183 potius
956 1103 1095 1161 Christum
1113 1103 1236 1161 indutus.
1260 1102 1391 1181 Spumam
1410 1115 1475 1160 tunc
1497 1101 1587 1162 emisit

841 1202 925 1257 mare,
941 1196 968 1240 et
980 1183 1087 1241 furebat
1120 1181 1232 1240 rocellas
1245 1181 1364 1240 excitare
1376 1181 1479 1258 volens,
1496 1195 1523 1240 ct
1538 1201 1585 1240 na·

841 1260 898 1319 vim
918 1282 980 1320 curn
1001 1262 1069 1322 viris
1086 1203 1248 1338 dimergere,
1263 1271 1354 1337 ,nequ‘c
1371 1259 1470 1341 potuit,
1492 1259 1539 1319 sed
1556 1261 1585 1320 in

104 1348 181 1400 τοῦτο
193 1339 380 1416 ἀποτιθέμεθα.
393 1340 446 1397 Καί
471 1339 541 1419 tipus
562 1340 672 1417 γυμνὸς,
688 1343 788 1417 μᾶλλον
798 1352 915 1412 mtanta
928 1355 980 1399 tcm
1030 1354 1083 1399 tate
1103 1341 1179 1419 quasi
1196 1340 1223 1398 in
1238 1339 1385 1416 tranquillo
1398 1339 1467 1397 mari
1481 1339 1520 1399 sic
1532 1360 1585 1399 na-

102 1419 229 1496 ἰεδυμένος
244 1419 288 1477 τὸν
302 1416 424 1496 Χριστόν.
434 1417 548 1499 Ἠρριζε
557 1418 647 1478 λοιπὸν
660 1424 677 1491 ἡ
688 1420 789 1478 θάλαο-
806 1430 827 1476 Α
842 1420 954 1498 rigabat
971 1420 1026 1479 ite.
1051 1421 1159 1493 Quanta
1176 1419 1272 1496 movit,
1292 1431 1318 1478 et
1333 1417 1406 1477 hunc
1420 1439 1472 1477 non
1492 1419 1587 1478 laesit?

102 1498 208 1577 μαίνετο
227 1496 274 1563 τδς
298 1494 438 1578 τρικυμίας
457 1503 556 1579 ἐγεῖραι
582 1499 744 1576 βουλομένη,
759 1498 790 1558 τδ

102 1601 120 1643 ις
144 1578 286 1656 αὔτανδρον
311 1577 519 1649 καταποντίσαι,
533 1577 578 1635 καὶ
599 1581 646 1636 ούκ
668 1578 788 1657 ἴσχυσεν,

110 1655 262 1732 έντοσαύτη
284 1657 351 1733 ζάλῃ
372 1659 408 1722 ὡς
431 1660 458 1715 ἐν
477 1656 580 1736 γαλήνῃ
605 1656 692 1716 έττλεε.
712 1657 790 1715 Πόσα

102 1758 138 1811 τε,
152 1736 197 1794 καὶ
206 1740 296 1793 τοῦτον
315 1738 361 1792 οὐκ
382 1733 494 1814 liberdum
510 1736 550 1794 Τδ
563 1738 661 1815 σκάρος
682 1736 788 1814 ἔτρεσε,

102 1837 122 1872 ιν
137 1814 231 1896 ρόρτον
242 1817 289 1873 οῦκ
302 1811 414 1880 ἐδέξατο.
430 1815 507 1873 Πόσα
522 1815 672 1895 ἐνῶγληοι,
689 1815 734 1873 καί
744 1815 789 1874 τὸν

105 1895 148 1974 ρδν
162 1897 209 1953 οὐκ
231 1892 354 1965 ἐσύλησε,
369 1893 470 1952 Λοιπδν
492 1883 727 2029 περιύλεγαμὲνη,
741 1894 788 1953 καὶ

102 1973 171 2031 κόθεν
193 1975 303 2052 εὑροῦσα
316 1970 364 2042 τήν
381 1976 475 2041 ἑαυτῆς
488 1976 605 2051 ’έπιθυμ
617 1996 657 2045 αν,
675 1975 787 2054 ἀργεται

102 2076 110 2109 ι
127 2059 307 2131 συκοραντείν,
321 2051 367 2108 καὶ
381 2056 420 2109 τῶ
431 2054 512 2123 αὐτῆς
532 2053 607 2133 ἀνδρὶ
618 2052 703 2130 λέγει·
719 2040 789 2111 Εἰσ-

102 2130 129 2197 άς
155 2154 200 2208 μοι
226 2122 277 2189 tlte
301 2131 385 2187 παῖδα
406 2111 533 2212 Ἔόραῖον
559 2131 697 2209 ἐμπαίζειν
731 2155 786 2206 μοι.

102 2234 150 2269 σεν
164 2214 275 2283 ἐκεῖνος,
289 2208 334 2267 καί
354 2209 478 2287 ἐξεκαύθη
493 2211 558 2290 πρὸς
571 2209 662 2291 ὀργήν,
676 2209 721 2268 καὶ
734 2208 789 2271 ttr-

102 2290 139 2348 τὸν
151 2293 187 2357 εἷς
200 2288 330 2369 φυλακήν.
343 2285 464 2366 Ἔπρεπε
486 2289 537 2427 γάρ
556 2299 611 2356 τοῖς
631 2294 657 2349 έν
676 2289 789 2350 σκότειό

103 2392 127 2442 ς,
141 2370 186 2428 καὶ
201 2379 254 2434 τοῖς
268 2370 295 2425 ἐν
307 2369 378 2447 λιμῶ
397 2390 486 2444 τηκομ
500 2389 552 2435 νοις
567 2369 712 2441 σιτοδότης.
724 2373 788 2427 Λοι-

102 2447 128 2507 αλ
141 2449 228 2526 ἕτερον
244 2447 357 2524 σκάμμα
373 2446 466 2506 θέασαί
480 2471 525 2525 μοι
540 2451 658 2508 ἐνταῦθα.
675 2449 789 2530 Ούμήρ·

102 2550 122 2604 ιρ
132 2531 202 2606 αὐτῷ
217 2532 233 2598 ἡ
244 2533 290 2585 τοῦ
304 2526 402 2605 πατρὸς
412 2526 549 2604 στέρησις,
560 2527 606 2588 καὶ
617 2532 633 2598 ή
649 2533 701 2587 τῶν
712 2527 788 2590 ἀδελ·

841 1500 975 1578 Scapbam
996 1499 1154 1579 perforavit,
1183 1511 1209 1556 ct
1226 1498 1359 1556 sarcinam
1381 1518 1434 1556 non
1459 1497 1583 1558 abstulit.

842 1578 916 1650 Quot
933 1579 1028 1638 turbas
1040 1579 1135 1657 {movit
1157 1591 1183 1636 et
1195 1576 1352 1635 thesaurum
1370 1597 1423 1634 non
1442 1575 1588 1656 abripuit?

843 1658 958 1715 Demum
973 1658 1020 1716 illa
1032 1657 1260 1737 circumspiciens,
1272 1669 1298 1714 ct
1309 1669 1430 1736 optatum
1444 1676 1496 1714 non
1511 1656 1587 1718 inre·

843 1735 926 1810 niens,
955 1736 1050 1817 incipit
1074 1735 1184 1793 demum
1206 1735 1381 1807 calumniam,
1404 1750 1430 1793 ct
1451 1735 1589 1796 virosuo‘

841 1813 930 1872 dicit:
943 1817 1093 1873 Ιαάιιτίειί
1106 1817 1179 1871 mibi
1194 1817 1251 1872 Ιιαο
1266 1834 1388 1903 puerum
1406 1817 1581 1890 Hebroeum,
1597 1823 1703 1884 θῶες.

841 1899 895 1973 qui
914 1894 1051 1952 illuderet
1070 1895 1153 1951 mini.
1175 1893 1288 1951 audivit
1302 1893 1349 1951 ille
1363 1906 1389 1950 ct
1405 1892 1444 1951 ira
1462 1893 1585 1955 incensus
1599 1898 1635 1946 ’7-

841 1985 889 2042 cst,
906 1972 1049 2053 ipsumque
1061 1973 1090 2031 in
1104 1990 1236 2030 carcerem
1251 1972 1339 2030 trusit.
1355 1974 1423 2030 Nam
1434 1972 1481 2049 qui
1499 1973 1528 2032 in
1542 1985 1585 2032 te·

841 2051 932 2111 nebris
945 2066 1032 2127 crant,
1051 2071 1118 2131 opus
1134 2050 1268 2109 habebant
1281 2051 1401 2122 lucerna,
1419 2065 1444 2109 ct
1457 2052 1504 2129 qui
1517 2052 1588 2114 lame

841 2130 1024 2208 tabescebant,
1040 2130 1167 2189 frumenti
1180 2130 1316 2208 largitore.
1333 2131 1383 2189 llic
1397 2130 1465 2189 mibi
1475 2130 1588 2192 demum
1619 2156 1622 2160 ⁴

840 2209 927 2267 alium
948 2230 1061 2288 agonem
1078 2209 1269 2289 contemplare.
1296 2212 1357 2268 Non
1378 2209 1444 2268 satis
1464 2224 1521 2268 erat
1538 2211 1585 2288 ei,

861 2288 914 2347 uod
936 2304 1011 2370 patre
1023 2289 1147 2370 privatus
1160 2302 1236 2360 esset,
1250 2288 1323 2367 quod
1337 2308 1352 2346 a
1366 2288 1496 2348 iratribus
1515 2290 1586 2349 insi·

841 2309 897 2427 liis
912 2369 1064 2450 appetitus,
1092 2367 1166 2445 quod
1182 2389 1198 2426 a
1214 2380 1285 2426 terra
1303 2389 1351 2426 sna
1367 2368 1490 2427 sublatus
1499 2390 1509 2445 ς
1540 2366 1588 2429 sod

841 2446 950 2507 additus
963 2462 1002 2507 cst
1015 2447 1135 2507 mulieris
1150 2447 1276 2524 insultus,
1301 2446 1393 2507 addita
1411 2448 1439 2506 iu
1453 2468 1587 2508 carcerem

842 2528 981 2608 conjectio.
1010 2529 1136 2602 Dcrnum,
1159 2526 1273 2606 dilecti,
1295 2527 1324 2586 in
1346 2546 1451 2586 carcerc
1467 2528 1585 2607 jacebat.

102 2606 232 2678 πιύυυλή,
246 2605 321 2675 καλή
337 2610 386 2676 τῆς
396 2612 445 2684 γῆς
458 2606 644 2688 ἀλλοτρίωοις,
661 2607 730 2667 ἀλλὰ
744 2608 790 2668 καί
841 2605 936 2687 lnjecti
948 2620 1011 2667 sunt
1023 2608 1050 2666 in
1065 2607 1153 2665 locum
1168 2606 1292 2666 eumdem
1305 2608 1429 2688 princeps
1445 2609 1586 2688 pincerna·
1598 2625 1737 2690 mapsa,

102 2686 141 2753 ιδς
155 2685 345 2757 ἐπανάστασις,
356 2686 401 2743 καί
419 2692 494 2756 ἡτοῦ
507 2687 696 2766 δεσμωτηρίου·
708 2689 790 2747 κατά-
807 2695 826 2745 Β
842 2706 904 2744 rum
922 2701 948 2746 ct
963 2687 1088 2767 princeps
1109 2707 1265 2764 coquorum.
1286 2687 1374 2744 Ambo
1392 2687 1495 2746 somnia
1512 2687 1587 2747 ride·

102 2789 126 2831 ις.
135 2765 244 2837 Λοιπὸν,
259 2765 407 2843 ἀγαπητοί,
418 2768 445 2823 ἐν
460 2767 633 2849 δεσμωτηρίῳ
644 2767 790 2829 κατέκειτο.

102 2843 140 2917 ήθη
155 2848 192 2910 εἰς
206 2847 251 2903 τὸν
271 2843 351 2903 τόπον
373 2848 451 2906 αὐτοῦ
476 2847 686 2927 όάρχιοινοχόος
708 2847 754 2907 καὶ
777 2853 791 2908 ό

104 2923 225 2990 ιτοποιύς.
247 2914 324 2983 Elios
347 2924 491 3005 ἀμρότεροι
510 2927 633 2999 ἐνύπνια,
658 2927 704 2986 καί
727 2949 791 2987 σκυ-

102 2996 157 3075 λήν
173 3004 206 3061 et
221 3003 320 3062 τούτοιν
334 3004 473 3083 πρόσωπα.
494 2997 571 3064 Εἷδεν
593 3006 686 3073 αὐτούς
704 3006 791 3066 όἸω·

104 3073 214 3142 neieina
228 3081 295 3163 πρδς
307 3082 414 3149 αὐτούς·
427 3083 471 3141 διά
484 3084 511 3141 τί
521 3084 555 3144 τὰ
569 3084 700 3163 πρόσωπα
717 3091 790 3162 ὑμῶν

102 3166 179 3233 ωπά;
200 3165 236 3221 Oi
250 3160 283 3222 ,δέ
305 3151 390 3221 εἷπον·
413 3164 531 3222 ἐνύπνιον
545 3163 658 3241 εἴδομεν,
681 3165 727 3223 καί
744 3168 791 3224 οὐκ

104 3241 236 3321 ὁκρίνων.
249 3240 329 3315 Λέγει
348 3242 413 3320 πρὸς
437 3241 546 3309 αύτούς·
562 3243 723 3323 διηγήσασθέ
745 3266 790 3304 μοι

102 3344 129 3387 ος
140 3325 214 3398 ὑμῶν
228 3318 254 3379 τί
278 3314 338 3381 εἶδε.
353 3320 390 3380 Τί
409 3321 508 3398 λέγεις,
523 3323 639 3402 Ἰωοήρ·
652 3323 706 3402 ἀρα
725 3298 791 3391 είδις

102 3405 171 3474 νίον;
185 3402 244 3459 oon
255 3400 343 3471 ἀπέόη
355 3401 441 3460 αὐτῶν
454 3402 485 3459 τδ
501 3401 583 3468 τέλος.
600 3403 675 3469 hta<
692 3402 788 3463 σαυτὸν

102 3481 154 3540 lico
168 3480 214 3539 καί
230 3480 341 3554 σελήνης
353 3479 590 3559 προσκυνούμενον,
601 3480 647 3540 καί
659 3480 714 3540 ἰδού
730 3485 790 3544 δοῦ-

102 3558 202 3640 τράθης·
218 3552 282 3628 εἶδες
301 3559 334 3619 τό
357 3560 496 3639 δράγματα
519 3566 571 3620 τῶν
595 3566 648 3620 σῶν
669 3563 789 3644 ἀδελφῶν

102 3641 242 3718 τραφέντα,
252 3640 297 3697 καί
306 3646 501 3720 προσκυνοῦντα
514 3640 544 3699 τδ
556 3640 600 3700 σὸν
613 3640 731 3720 δράγμα,
743 3642 788 3704 καὶ

101 3742 115 3776 ν
129 3722 168 3796 τῷ
189 3718 363 3798 δεομωτηρίω
382 3719 595 3779 κατακέκλεισαι.
613 3720 650 3780 Τί
664 3717 709 3781 οῦν
723 3727 787 3782 έπε-

102 3794 158 3856 ;κα“ι
171 3802 182 3828 ⁰
193 3794 243 3867 τήν
256 3802 309 3856 τῶν
325 3803 341 3857 ἀ
359 3799 388 3854 ελ
408 3803 444 3856 ῶν
461 3801 613 3879 συμροράν;
626 3799 652 3856 τί
664 3808 788 3862 τοσοῦτον

106 3878 166 3944 ,Οὐ
178 3874 320 3952 μαίνομαι,
336 3820 431 3956 φησίν·
445 3868 503 3934 οἶδα
515 3882 564 3947 τῆς
582 3883 716 3956 ὑπομονῆς
738 3903 787 3958 μου

842 2778 916 2844 runt,
941 2780 967 2824 et
990 2780 1090 2825 moestae
1108 2779 1183 2825 mant
1200 2767 1282 2824 iacies
1299 2786 1400 2824 eorum.
1425 2766 1505 2826 Vidit
1524 2767 1587 2827 illos

842 2844 941 2926 Josepb
953 2860 979 2904 et
990 2846 1062 2905 dixit
1072 2846 1111 2904 eis
1122 2868 1130 2902 r
1143 2846 1198 2904 Cur
1208 2845 1300 2904 vultus
1310 2845 1393 2903 vestri
1407 2846 1493 2904 moesti
1502 2846 1586 2906 sunt?

843 2925 1048 3005 Responderunt
1062 2924 1102 2982 illi
1114 2935 1123 2981 3
1137 2926 1279 2984 Somnium
1293 2924 1424 2992 vidimus,
1442 2939 1467 2983 et
1482 2936 1588 2985 nonest

841 3004 889 3081 qni
914 3004 1115 3085 interpretetur.
1148 3005 1264 3084 Reponit
1286 3004 1333 3062 ille
1355 3028 1362 3061 ι
1384 3005 1489 3063 llelerte
1517 3004 1587 3064 mihi

842 3096 954 3161 uterque
963 3083 1033 3162 qnid
1047 3082 1180 3143 videritis.
1194 3083 1269 3155 Quid
1284 3084 1333 3158 ais,
1351 3084 1470 3165 loseph?
1484 3104 1517 3142 an
1532 3104 1588 3144 non

842 3161 938 3221 vidisti
952 3164 1111 3223 somnium?
1134 3163 1235 3221 Horum
1251 3163 1313 3222 finis
1330 3164 1451 3222 nondum
1465 3162 1583 3223 advenit.

843 3242 946 3302 Vidisti
961 3257 987 3302 tc
1006 3243 1090 3302 asole
1103 3256 1130 3301 et
1143 3243 1207 3301 luna
1225 3242 1353 3318 adorari3
1377 3257 1404 3301 et
1416 3263 1476 3301 ecce
1492 3260 1588 3302 servus

841 3322 970 3381 venditus
989 3343 1018 3381 es
1036 3321 1152 3381 :vidisti
1170 3320 1324 3413 manipulos*
1343 3323 1459 3380 fratrum
1478 3335 1587 3382 tuorum

842 3421 984 3462 conversos
994 3416 1020 3460 et
1029 3400 1169 3461 adorantes
1180 3400 1349 3481 manipulum
1373 3415 1471 3478 tuum;
1486 3414 1511 3460 ct
1525 3422 1586 3463 coca

842 3480 870 3538 in
899 3501 1005 3540 carcere
1025 3480 1146 3539 inclusus
1165 3501 1203 3539 es.
1233 3479 1309 3550 Quid
1321 3501 1387 3539 ero
1411 3482 1585 3560 interrogas,

841 3556 908 3618 dnm
921 3562 1035 3620 fratrum
1051 3581 1131 3683 opera
1143 3572 1244 3618 tantam
1257 3561 1309 3619 fers
1323 3501 1524 3619 calamitatem?
1538 3580 1588 3620 cur

841 3652 945 3699 tantum
963 3640 1075 3698 insanis.
1103 3641 1163 3699 Non
1184 3639 1299 3712 insanio,
1320 3639 1427 3717 inquit,
1452 3640 1516 3699 novi
1535 3662 1585 3721 pa·

840 3719 940 3778 tientiae
951 3741 1016 3778 mccc
1030 3740 1167 3793 coronam,
1182 3719 1246 3777 novi
1260 3719 1388 3777 harumce
1401 3719 1584 3779 calamitatum

841 3798 965 3871 lucrum,
990 3799 1053 3857 novi
1076 3798 1163 3876 qualis
1180 3799 1230 3856 llos
1250 3799 1404 3856 moriturus
1423 3799 1459 3857 sit
1472 3821 1478 3854 :
1492 3801 1584 3858 Nemo
1594 3813 1737 3862 amimam.

841 3881 920 3936 enim
939 3890 1109 3948 coronatur,
1131 3881 1188 3934 nisi
1203 3881 1255 3955 qui
1268 3877 1395 3955 legitime
1409 3881 1562 3937 certaverit
1571 3902 1584 3948 ,-

102 3955 212 4035 τέρανον,
227 3946 285 4014 οἶδα
299 3957 329 4015 τὸ
346 3955 436 4030 κέρδος
456 3956 554 4013 τούτων
570 3959 622 4014 τῶν
636 3963 788 4038 συμφορῶν,
806 3965 826 4015 C
842 3978 873 4014 ac
884 3976 978 4014 rursus
989 3956 1081 4014 beatus
1095 3954 1206 4015 David:
1219 3957 1404 4033 Exspectans
1420 3961 1585 4034 exspectavi
1596 3975 1735 4039 mataps.

102 4024 141 4093 lou
159 4035 354 4112 &superuiueret
369 4034 460 4099 ἀνθος·
478 4034 571 4102 Οὐδεὶς
584 4034 636 4116 γδιρ
650 4044 790 4118 στεφανοῦ·

104 4111 135 4171 δν
148 4111 184 4190 μή
198 4113 317 4191 νομίμως
338 4113 455 4192 ἀθλήσῃ·
471 4114 517 4172 καί
531 4115 611 4173 πάλιν
630 4121 645 4175 ό
661 4118 790 4200 μακάριος

106 4191 195 4264 ,Ὑπο
219 4192 283 4271 ένων
300 4191 430 4269 ὑπέμεινα
445 4192 489 4251 τδν
514 4193 553 4253 Κύ
573 4217 620 4266 ιον,
640 4196 687 4255 καὶ
708 4220 796 4278 προσ·-

102 4295 149 4332 ιοι.
160 4273 184 4332 E
195 4273 236 4339 δες
250 4273 384 4350 ὑπομονὴν
397 4276 529 4346 ἀθλητοῦ,
551 4216 617 4341 sellie<
637 4275 788 4355 καρτερίαν,

102 4351 218 4432 ρρόνημα
236 4352 397 4424 ἀδούλωτον,
413 4343 479 4419 εἶδες
493 4353 613 4412 ἄπτωτον
629 4356 790 4434 ἀγωνιστὴν,

112 4454 157 4490 στε
178 4430 269 4502 ανίτην
290 4430 477 4509 σωφροσύνης,
500 4423 565 4499 εἶδες
586 4435 616 4494 τδ
636 4439 728 4494 πλοῖον
743 4440 792 4509 τῆς

102 4534 129 4584 ις,
140 4455 205 4577 siler
226 4509 257 4568 τδ
270 4510 397 4582 πηδάλιον
420 4515 473 4569 τῶν
491 4511 567 4586 νέων,
581 4504 647 4579 εἶδες
670 4516 714 4574 τὸν
736 4539 792 4595 χα-

110 4594 163 4647 τῶν
184 4587 366 4665 ἀκμαζόντων,
391 4579 455 4655 εἶδες
482 4590 526 4649 τδν
551 4592 713 4674 κυύερνήτην
737 4599 791 4655 τῶν

102 4690 126 4741 ν,
154 4658 220 4733 εἶδες
250 4671 328 4728 αὐτοῦ
351 4666 396 4727 τὸν
427 4671 530 4748 ἀγῶνα,
550 4663 614 4738 είδες
638 4677 717 4732 αὐτοῦ
740 4673 790 4748 τήν

102 4767 149 4818 ιιν,
164 4743 247 4805 Ὅσοι
268 4747 369 4806 τούτων
391 4748 477 4808 τοίνυν
502 4749 572 4823 νέοι,
592 4752 637 4810 τὸν
663 4753 790 4830 λογισμὸν

102 4823 189 4890 Ξασθε·
211 4829 346 4902 ὑπομονῆς
359 4828 411 4906 γάρ
425 4827 498 4887 οὐδέν
514 4830 690 4912 ἰσχυρότερον.
713 4831 791 4899 ‘Pila

102 4903 193 4962 πάντων
217 4909 271 4962 τῶν
290 4908 396 4984 ἀγαθῶν
415 4910 485 4967 ἐστιν
509 4910 679 4989 ήύπομονή,
700 4912 790 4992 μήτηρ

102 4982 163 5055 ιίας,
188 4982 285 5049 κλάδος
307 4985 479 5066 εὐφροσύνης,
499 4990 600 5067 καρπὸς
623 4991 789 5073 ἀμάραντος,

102 5087 114 5130 ς
141 5063 365 5144 ἀκαταμάχητος,
390 5062 472 5142 λιμήν
501 5068 669 5145 ἀχείμαστος.
697 5071 790 5131 Είδετι

102 5226 234 5291 inlapsum
245 5218 392 5271 addendum
404 5222 507 5289 conjicit
519 5221 609 5290 savit]

102 5297 175 5351 Savil.
185 5308 214 5353 ie·
228 5307 330 5363 lrintta,
344 5307 381 5354 καὶ
391 5302 451 5366 σῦκ]

846 4037 1014 4106 Dominum,
1037 4047 1065 4092 et
1079 4035 1205 4093 intendit
1217 4036 1299 4094 milti.
1312 4032 1415 4094 Vidisti
1429 4035 1587 4115 patientiam

842 4115 959 4189 arbletae,
982 4113 1077 4173 vidisti
1120 4112 1335 4190 ersevcrantiam,
1360 4112 1455 4173 vidisti
1477 4134 1587 4174 sensum

843 4215 897 4253 non
910 4193 1047 4269 servilem,
1063 4136 1158 4252 vidisti
1171 4206 1331 4252 certatorem
1342 4213 1393 4251 non
1409 4192 1524 4274 lapsum,
1537 4193 1585 4253 vi-

842 4273 909 4333 disti
930 4294 966 4332 ex
980 4273 1102 4332 castitate
1121 4285 1290 4348 coronatum,
1315 4271 1410 4332 vidisti
1432 4272 1587 4333 naviculam

844 4352 983 4426 castitatis,
999 4350 1094 4410 vidisti
1109 4352 1324 4431 gubernaculum
1333 4352 1477 4431 juvenum,
1492 4353 1588 4413 vidisti

844 4433 950 4491 irenum
962 4431 1113 4505 vivacium,
1128 4430 1221 4492 vidisti
1236 4432 1442 4511 gubernatorem
1459 4433 1588 4514 volupta-

844 4524 915 4589 tum,
935 4511 1031 4572 vidisti
1044 4512 1102 4592 ejus
1117 4524 1263 4589 certamen,
1277 4509 1373 4571 vidisti
1387 4512 1445 4603 ejus
1455 4513 1589 4603 agonem?

844 4592 985 4670 Quotquot
997 4608 1060 4670 ergo
1072 4592 1185 4671 juvenes
1198 4590 1271 4666 estis,
1291 4590 1343 4651 boc
1357 4591 1530 4651 ratiocinium
1543 4612 1589 4650 ac·

843 4671 926 4752 cipite
938 4670 1024 4731 :nibil
1045 4671 1116 4730 enim
1135 4669 1264 4751 patientia
1281 4670 1388 4729 fortius.
1409 4670 1501 4729 Radix
1516 4669 1588 4731 enim

843 4751 964 4810 omniurn
975 4750 1109 4810 bonorum
1120 4761 1160 4810 est
1170 4749 1308 4831 patientia,
1321 4763 1407 4808 mater
1419 4749 1535 4830 pietatis,
1545 4770 1590 4810 ra-

843 4851 904 4891 mus
914 4830 1026 4903 laetitiae,
1035 4831 1139 4888 fructus
1153 4830 1199 4906 qui
1214 4849 1266 4887 non
1281 4829 1515 4907 marcessit,turris
1524 4829 1589 4890 inex

841 4909 1008 4990 pugnabilis,
1021 4923 1114 4988 portus
1125 4929 1177 4967 non
1189 4909 1306 5000 agitatus
1321 4909 1460 4967 fluctibus.
1470 4908 1588 4970 Vidistis

843 5009 927 5067 quam
933 4989 1035 5049 bonum
1046 4987 1188 5046 obsonium
1198 5000 1233 5047 sit
1242 4988 1588 5068 patientialTranseamus,

841 5067 865 5130 si
876 5071 972 5151 placet,
979 5068 1014 5127 ad
1027 5067 1134 5127 beatam
1141 5067 1370 5143 Susannam5baec
1382 5090 1491 5150 quoque
1501 5069 1531 5130 in
1540 5091 1588 5152 pa
1598 5083 1659 5134 Dan.
1673 5087 1710 5140 τε.

858 5245 868 5269 ⁶
886 5227 896 5294 [
909 5226 951 5280 ld.
961 5236 990 5283 ἴε.
1004 5237 1046 5293 τήν
1057 5237 1121 5301 παρὰ
1131 5252 1152 5283 τ.
1168 5233 1204 5284 all.
1215 5254 1236 5282 ο.
1250 5228 1387 5298 ὑπομένων]
