3728 5978
209 411 280 484 558
560 440 589 487 s.
616 439 757 488 tonnuts
782 413 964 486 euersosr.
994 437 1151 488 inerter.
1183 439 1455 489 cousrnnrmor.

203 560 262 641 jatn
276 559 342 621 olim
357 560 511 620 damnatam
524 563 679 643 oportebat5
691 562 789 624 sivero
803 560 888 621 solida
903 559 953 637 sit,
1007 562 1038 634 δή
1053 561 1079 621 τί
1092 585 1157 622 ποτε
1170 565 1258 642 μεῖζον
1275 563 1373 643 λέγων,
1385 568 1463 623 τοῦτο
1481 563 1624 645 ἐπήγαγεν.
1636 564 1778 626 Ἀκούσαν·

207 674 260 713 non
274 667 330 713 tam
343 654 397 714 cito
411 654 470 713 tolli
480 669 576 735 potest.
591 658 661 714 Non
681 656 767 715 modo
782 667 895 726 autem,
911 653 953 711 iu·
1004 651 1086 722 τεςδέ
1101 654 1147 714 καὶ
1163 655 1300 734 γενόμενοι
1312 654 1423 735 πλήρεις
1435 660 1517 733 θυμοῦ
1530 655 1658 737 ἔκραζον·
1673 656 1779 737 μεγάλη

208 745 282 824 quit,
297 747 352 805 ltoe
363 747 550 826 periclitatur
564 749 654 808 nobis.
671 746 756 818 Quasi
777 745 845 825 qnid
865 745 952 825 majus
1004 743 1157 826 ἡἈρτεμις
1176 745 1319 828 Ἐφεσίων.
1343 746 1420 806 Κατδι
1441 747 1517 808 πάλιν
1541 747 1594 828 γάρ
1608 749 1696 817 αὐτοῖς
1709 739 1779 820 ἦσαν

207 835 300 896 dicens
307 882 317 914 ,
330 837 383 897 hoe
393 837 525 897 subdidit.
536 841 592 898 His
604 840 713 898 ouelitis
730 839 833 919 repleti
843 838 952 919 surore
1004 836 1067 897 θεοί.
1079 837 1133 897 Καὶ
1145 837 1214 898 σύτω
1225 836 1367 911 διέκειντο,
1379 842 1415 907 ὡς
1435 837 1479 897 διὰ
1489 843 1537 910 τῆς
1550 844 1638 920 φωνῆς
1651 838 1778 900 ἀνακτώ-

208 928 379 989 elamaltant
399 954 408 986 .-
430 932 545 1011 Mogna
566 933 670 989 Diona
691 932 893 1011 Ephesiorum.
919 929 951 988 ln
1004 951 1078 1006 μενοι
1092 928 1213 996 τδσέύας
1226 930 1321 1006 αὐτῆς,
1331 930 1378 990 καί
1388 929 1422 990 τά
1433 930 1597 1010 γεγενημένα
1608 929 1775 1000 ἀναλύοντες.

208 1019 323 1100 singulis
335 1021 407 1081 enim
421 1021 576 1083 civitatibus
589 1021 630 1081 dii
644 1022 749 1104 proprii
760 1035 844 1082 erant.
862 1025 900 1081 Ae
912 1021 952 1081 sie

207 1112 297 1172 affecti
311 1128 402 1188 erant,
417 1114 494 1193 quasi
505 1135 571 1173 voce
584 1135 632 1173 sua
645 1114 748 1173 cultum
762 1114 820 1195 ejus
831 1112 953 1173 restitue·

208 1218 283 1279 rent,
298 1218 400 1285 etque
414 1207 483 1266 lacta
499 1220 573 1266 erunt
586 1205 771 1265 dissolverent.

248 1300 277 1357 5.
297 1298 370 1360 Vide
387 1297 552 1358 inoonditnm
569 1298 686 1358 turbam.
710 1299 808 1358 Paulo
831 1310 949 1371 autem,
1043 1294 1117 1375 Ὅρα
1131 1296 1244 1356 άτακτον
1258 1299 1369 1370 πλῆθος.
1384 1299 1440 1357 Τοῦ
1453 1295 1481 1356 δὲ
1490 1296 1617 1371 Παύλου,
1628 1297 1704 1377 φησί,
1716 1301 1778 1378 βου-

207 1389 311 1468 inqnit,
325 1391 445 1451 uolente
458 1396 571 1450 intrare
590 1394 622 1449 in
633 1391 792 1471 populum,
809 1411 869 1449 non
881 1411 951 1470 per-
1003 1386 1114 1465 λομίνου
1134 1391 1256 1449 εἰσελθεῖν
1282 1393 1318 1457 είς
1336 1388 1380 1448 τὸν
1395 1391 1492 1466 δῆμον,
1511 1392 1558 1449 σῦκ
1576 1389 1636 1449 εἴων
1654 1391 1733 1450 αὐτὸν
1753 1395 1779 1451 σί

207 1482 349 1539 miserunt
362 1478 506 1558 &scipuli
522 1479 622 1538 Paulus
635 1478 719 1557 igitur
731 1477 836 1558 ingredi
844 1477 954 1537 volebat
1005 1477 1135 1556 μαθηταί.
1153 1478 1188 1539 Ὁ
1206 1478 1253 1558 μὲν
1265 1469 1310 1539 σύν
1326 1482 1431 1547 Παῦλος
1448 1479 1572 1541 ἐύούλετο
1590 1483 1714 1541 εἰσελθεῖν
1730 1482 1777 1555 δη-

209 1569 386 1629 eoneionandi
401 1591 481 1630 eausa
496 1594 503 1627 ι
519 1570 739 1650 persequutiones
757 1569 830 1628 enim
850 1567 885 1627 ad
903 1567 992 1656 du,²¹
1006 1573 1174 1652 μηγσρῆσαι·
1191 1570 1252 1639 τοὺς
1265 1571 1318 1652 γὰρ
1333 1572 1463 1651 διωγμοὺς
1476 1571 1625 1650 ἐλάμὸανεν
1646 1574 1684 1640 είς
1702 1574 1778 1633 διδα-

207 1662 320 1721 ctn'nrm
334 1663 473 1743 περιοίκοις
485 1661 531 1722 sed
544 1661 673 1743 discipuli
685 1683 738 1721 non
749 1660 949 1742 permittebant.
965 1671 986 1717 Α
1005 1661 1136 1722 σκαλίσιν·
1152 1665 1211 1723 ἀλλ’
1232 1667 1257 1723 ot
1274 1663 1391 1742 μαθηταί
1411 1665 1460 1722 οὐκ
1474 1663 1533 1723 εἴων
1554 1664 1640 1724 αὐτόν.
1663 1664 1779 1733 Σκάπει,

207 1752 346 1835 Perpendo
356 1767 456 1832 quanta
474 1775 536 1834 erga
557 1753 649 1835 ipsum
663 1775 768 1835 semper
784 1752 952 1834 providentia
1003 1753 1073 1834 πάσῃ
1083 1754 1145 1835 περί
1159 1755 1235 1815 αὐτὸν
1247 1754 1356 1836 προνοίᾳ
1367 1755 1513 1836 κέχρηνται
1523 1763 1670 1837 πανταχοῦ.
1685 1755 1740 1817 Καὶ
1750 1757 1779 1824 ἐξ

208 1860 328 1907 utantur.
340 1845 377 1905 Et
387 1847 423 1905 ab
433 1846 511 1906 initio
521 1847 611 1928 ipsum
623 1845 789 1921 eduxerunt,
803 1866 836 1905 ne
845 1846 952 1906 letalem
1004 1849 1090 1927 ἀρχῆς
1108 1847 1186 1907 σι’ύτδν
1207 1844 1350 1925 ἐξήγαγον,
1366 1846 1434 1908 ὥστε
1451 1847 1488 1926 μή
1502 1849 1563 1927 περὶ
1575 1847 1609 1907 τά
1621 1847 1715 1931 καίρια
1725 1850 1777 1907 λοι-

206 1937 338 2018 acciperet
357 1939 467 2018 plagam
489 1961 495 1995 :
518 1959 683 2016 quamquam
703 1936 856 2013 audierant,
880 1936 953 2016 quod
1005 1937 1059 1998 ύεῖν
1073 1937 1122 2011 τὴν
1133 1937 1255 2016 πληγήν·
1270 1937 1356 1998 καίτοι
1369 1963 1400 2019 γε
1411 1940 1538 2012 ήκουσαν,
1550 1939 1592 2000 ὅτι
1602 1941 1697 2000 δεῖκαὶ
1709 1938 1779 2000 Ῥεύ-

207 2043 339 2113 oporteret
355 2029 445 2110 ipsum
458 2032 573 2089 Romam
588 2029 698 2105 videre,
720 2042 836 2089 attamen
857 2029 951 2110 prohi—
1004 2054 1057 2109 μην
1075 2032 1155 2090 ἰδεῖν·
1169 2029 1243 2108 ὅμως
1258 2030 1412 2091 κωλύουσιν.
1424 2032 1607 2108 Οἰκονομικιῦς
1620 2031 1648 2091 δέ
1660 2054 1778 2112 προσγυ-

207 2121 279 2181 ltent.
298 2121 358 2180 Non
376 2119 433 2180 sine
445 2119 618 2201 providentie
635 2132 723 2180 autent
743 2119 951 2201 prenuntiavit,
1005 2122 1086 2204 ρεύει,
1108 2120 1152 2181 'ltu
1175 2121 1212 2200 μή
1235 2126 1275 2204 τῷ
1294 2122 1427 2204 γενομένῳ
1446 2124 1660 2204 ’θορυάηθιῦσιν
1683 2123 1779 2193 Ούτως

206 2232 240 2272 ne
254 2211 290 2272 de
302 2234 331 2272 re
345 2225 418 2292 gesta
432 2211 612 2271 turbarentur.
626 2212 667 2271 Ita
678 2211 892 2272 nolebnntillurn
901 2212 953 2272 ati-
1002 2213 1190 2296 σύδὶπάσχειν
1201 2240 1227 2274 τι
1242 2215 1320 2275 αὐτὸν
1340 2214 1485 2276 ἐάσύλσντσ.
1503 2216 1556 2275 Καὶ
1574 2219 1627 2275 τῶν
1641 2218 1778 2298 άσιαρχῶν

205 2301 272 2382 qnid
288 2303 353 2384 pati.
368 2305 409 2363 Et
422 2303 544 2383 quidem
557 2306 722 2384 principum
733 2302 817 2364 Asioe
824 2349 834 2377 ,
846 2303 949 2381 inquit,
1002 2302 1031 2363 δέ
1044 2327 1113 2372 τινες
1125 2306 1291 2385 παρεκάλουν
1305 2306 1398 2380 aurit,
1408 2306 1488 2387 φησί,
1503 2305 1540 2384 μή
1553 2307 1676 2366 εἰσελθεῖν
1693 2309 1731 2374 είς
1748 2308 1780 2367 τὸ

205 2398 350 2476 rogabant
360 2396 456 2473 illum,
469 2399 638 2454 reintraret
648 2399 681 2454 in
690 2398 846 2455 theatrum.
856 2396 951 2455 Proin·
1002 2395 1120 2480 θέατρον.
1132 2396 1240 2466 Είδύτες
1258 2402 1338 2459 αὐτοῦ
1357 2396 1407 2470 τήν
1423 2397 1585 2478 προθυμίαν,
1596 2398 1779 2479 παρεκάλουν·

206 2501 265 2547 tnnr
275 2488 333 2568 ejus
341 2486 464 2547 animum
473 2485 595 2547 videntes
601 2487 776 2574 obsecrabant
785 2486 865 2547 :adeo
870 2487 950 2547 illum
1002 2487 1072 2549 οὕτω
1084 2488 1181 2557 πάντες
1194 2490 1272 2551 αὐτὸν
1289 2490 1392 2571 ἐφίλουν
1407 2492 1431 2550 σί
1445 2488 1544 2551 πιστοί.
1563 2489 1616 2551 Καὶ
1635 2489 1706 2559 τίνος
1719 2491 1778 2551 ἐνε-

206 2581 300 2643 fideles
314 2602 406 2641 omnes
417 2580 554 2640 amabant.
570 2579 607 2640 Et
621 2602 681 2659 eur,
697 2579 816 2660 inquies,
832 2581 951 2640 Alexan·
1002 2604 1063 2650 κεν,
1076 2575 1171 2661 φησὶν,
1187 2581 1379 2662 θἈλέξανδρος
1392 2582 1515 2661 ἐβούλετο
1525 2583 1728 2661 ἅπσλογεῖσθαι;
1740 2583 1779 2661 μή

205 2670 256 2733 der
274 2672 364 2733 voluit
384 2673 515 2732 rationem
527 2671 656 2732 reddere?
673 2693 740 2732 num
756 2685 784 2732 et
797 2671 855 2754 ipse
871 2693 951 2732 reru·
967 2679 984 2725 B
1001 2671 1052 2752 γὰρ
1064 2673 1142 2740 αὐτὸς
1155 2673 1298 2747 ἐνεκλήθη,
1312 2672 1396 2733 Ὥστε
1407 2674 1498 2754 καιρὸν
1514 2677 1607 2754 εὑρεῖν,
1622 2674 1669 2734 καί
1683 2673 1716 2736 τδ
1726 2685 1779 2733 πᾶν

206 2766 335 2827 sabatur?
348 2767 387 2827 Ut
398 2766 509 2827 inventa
523 2765 723 2847 opportunitate
736 2778 823 2826 totum
835 2766 950 2825 subver-
1003 2762 1185 2845 καταστρέψαι
1198 2763 1244 2824 καί
1258 2768 1387 2825 ἐκκαῦσαι
1397 2771 1443 2824 τοῦ
1464 2764 1549 2844 δήμου
1564 2764 1609 2825 τὸν
1626 2763 1718 2845 θυμόν.
1729 2756 1780 2826 El-

206 2871 273 2919 teret
293 2871 320 2919 et
340 2858 434 2940 populi
455 2849 574 2929 surorern
599 2857 791 2938 exstingueret.
815 2856 948 2919 Vidistin’
1003 2855 1045 2922 δες
1067 2855 1149 2934 θυμὸν
1178 2856 1306 2928 ἄτακτον,
1342 2858 1438 2924 Καλῶς
1470 2857 1517 2915 καί
1545 2859 1740 2935 ἐπιτιμητικῶς
1765 2863 1780 2918 δ

208 2953 326 3011 furorem
336 2950 553 3010 tumultuosum?
569 2949 642 3010 Beue
656 2964 683 3011 et
703 2948 865 3031 increpantis
876 2971 951 3010 more
1003 2944 1189 3027 γραμματεὺς,
1206 2946 1256 3014 Τίς
1275 2945 1348 3022 ἔστι,
1366 2947 1462 3028 φησίν,
1488 2948 1516 3016 ὃς
1536 2951 1565 3008 οὗ
1583 2948 1709 3027 γινώσκει
1729 2948 1779 3021 τήν

207 3046 316 3107 scriba:
334 3049 406 3125 Quis
421 3059 477 3120 est,
496 3044 599 3124 inquit,
615 3050 668 3127 qui
683 3049 795 3105 neseiat
808 3047 950 3125 Epltesio-
1005 3036 1134 3119 Ἐφεσίων
1146 3038 1239 3112 olim
1252 3038 1334 3106 οὕτως
1344 3037 1424 3099 simitu
1437 3039 1498 3120 περὶ
1508 3030 1537 3098 οὗ
1549 3041 1689 3121 {rodoino
1698 3064 1705 3078 ·
1715 3041 1779 3101 ὡσεὶ

208 3160 273 3199 rum
287 3140 457 3198 civitatem?
477 3136 523 3198 Sic
538 3136 605 3196 dicit
615 3181 624 3213 ,
635 3135 673 3210 ¹de
687 3156 740 3215 quo
753 3135 898 3212 timebant,
921 3157 953 3195 nc
1004 3127 1108 3208 ἔλεγεν·
1123 3131 1153 3188 οὖ
1168 3130 1322 3210 θεραπεύετε
1336 3130 1431 3204 αύτήν;
1449 3131 1504 3191 Καί
1522 3135 1569 3192 οῦκ
1583 3122 1650 3203 εἷπε,
1671 3130 1712 3200 τίς
1726 3132 1779 3212 γάρ

208 3231 232 3290 si
243 3229 358 3306 diruet,
372 3231 468 3290 Nonne
477 3228 565 3288 colitis
576 3227 673 3287 illum?
683 3229 776 3306 Neque
785 3225 870 3303 dixit,
881 3228 953 3302 Quis
1005 3224 1087 3294 ἐστιν,
1099 3221 1126 3289 δς
1136 3225 1165 3282 σύ
1176 3221 1300 3302 γινώσκει
1312 3223 1360 3296 τήν
1373 3221 1515 3302 ’λρτεμιη
1529 3223 1597 3283 ἀλλὰ
1607 3266 1616 3294 ,
1627 3223 1686 3297 Τήν
1701 3224 1777 3284 πολιν

208 3320 317 3401 estqui
339 3341 393 3380 non
416 3318 522 3379 noverit
546 3317 682 3378 Dianam?
704 3318 769 3397 sed,
796 3319 953 3378 Civitatem
1005 3314 1054 3387 τήν
1069 3313 1217 3395 ἡμετέραν·
1233 3314 1384 3396 θεραπεύων
1401 3313 1501 3383 αὐτούς.
1514 3307 1777 3398 Ἀναντιῤῥήτωνυύν

209 3426 343 3491 nostram,
359 3411 422 3471 illos
437 3431 614 3491 compescens,
639 3411 714 3470 Cum
736 3431 803 3491 ergo
819 3414 865 3470 ltis
879 3430 952 3469 oon·
1005 3406 1102 3468 τούτων
1117 3408 1208 3480 ὄντων,
1224 3407 1280 3467 δέον
1292 3407 1363 3466 ἐστὶν
1375 3411 1443 3486 ὑμᾶς
1456 3405 1686 3485 κατεσταλμένους
1698 3408 1781 3490 ὑπάρ-

209 3507 316 3567 tradt‘oi
331 3525 390 3564 non
403 3508 513 3584 possit,
531 3515 643 3584 oportet
666 3522 720 3563 eos
743 3505 859 3563 sedatos
882 3523 951 3563 esse.
1007 3523 1073 3581 χειν.
1085 3503 1179 3560 Ταῦτα
1192 3500 1268 3571 δῆθεν
1283 3501 1403 3577 ἐγκαλεῖ,
1416 3499 1554 3580 μονονουχὶ
1565 3499 1668 3579 λέγων·
1682 3499 1711 3560 τί
1725 3500 1781 3559 τσί-

210 3597 306 3661 Deliis
318 3597 467 3678 redarguit,
480 3617 512 3656 ac
525 3597 548 3656 si
558 3595 659 3656 diceret
670 3619 677 3654 ε
689 3595 766 3668 Quid
778 3617 842 3677 ergo
853 3595 952 3675 quaeri·
970 3609 989 3656 c
1007 3616 1053 3653 νυν
1067 3597 1168 3665 ζητεῖτε
1182 3594 1218 3658 ὡς
1231 3590 1337 3663 ἀδήλων
1359 3592 1453 3664 ὄντων,
1473 3590 1602 3673 φανερὸν,
1619 3596 1687 3664 ὡςή
1707 3592 1782 3675 ύὸρις

209 3691 260 3767 tis,
278 3689 355 3770 quusi
369 3688 428 3748 hee
441 3687 541 3747 incerta
555 3688 661 3747 esseut?
680 3688 772 3768 palam
792 3701 846 3765 est,
860 3701 953 3748 contu·
1009 3686 1045 3751 εἷς
1067 3682 1117 3756 τήν
1145 3682 1201 3743 θεὸν
1230 3682 1368 3743 διαάαίνει.
1397 3682 1552 3763 Πρύσχημα
1573 3682 1623 3756 τήν
1645 3683 1781 3744 εύσίῦειαν

211 3782 319 3843 melium
332 3781 361 3841 in
371 3781 451 3841 deam
460 3780 537 3840 illam
550 3779 673 3840 transire.
684 3779 835 3860 Religionis
843 3779 954 3840 obtentu
1009 3776 1146 3836 ἔδούλοντο
1158 3783 1242 3835 ποιεῖν
1261 3781 1307 3834 τοῦ
1320 3778 1520 3854 χρηματισμοῦ.
1537 3766 1606 3835 Εἶτα
1623 3775 1714 3858 ἠρέμα
1731 3800 1781 3835 κα-

210 3875 317 3935 luerum
338 3894 419 3933 suurn
443 3873 554 3932 firmare
576 3871 712 3935 volebant.
738 3871 842 3931 Deinde
859 3872 955 3932 leniter
1009 3867 1138 3928 θάπτεται
1159 3867 1260 3939 αὐτῶν,
1279 3863 1396 3936 δεικνὺς,
1416 3865 1458 3926 ὅτι
1476 3865 1621 3945 ἀλογίστως
1644 3868 1782 3936 συνῆλθον.

210 3965 366 4048 perstringit
377 3986 435 4042 eos;
449 3963 589 4026 ostendens
600 3964 661 4025 illos
672 3965 771 4043 absque
782 3965 885 4023 ratione
894 3985 955 4024 con·
1009 3958 1062 4019 Καὶ
1076 3957 1174 4037 μηδὲν,
1194 3956 1274 4036 φησὶ,
1290 3955 1420 4038 προπετὲς
1436 3956 1572 4037 πράττειν·
1590 3956 1719 4031 Amin,
1741 3959 1782 4018 ὅτι

210 4060 324 4121 venisse.
338 4062 380 4119 Et
395 4060 488 4133 niltil,
504 4058 609 4138 inquit,
624 4072 729 4118 temere
743 4080 837 4139 agere.
854 4060 953 4118 Osteu·
1007 4054 1145 4131 προπετῶς
1163 4048 1292 4130 ἔπραξαν,
1305 4054 1382 4108 τῶτο
1401 4039 1481 4110 εἶπεν·
1502 4051 1536 4108 Εἰ
1555 4049 1604 4128 μὲν
1620 4042 1663 4110 οὖν
1683 4048 1782 4129 Δημή-

210 4150 276 4212 dens
297 4173 342 4211 eos
365 4150 517 4231 petulanter
530 4150 632 4231 egisse,
653 4149 705 4210 hoe
718 4149 800 4210 dixit.
826 4152 912 4228 Quod
929 4154 956 4209 si
1007 4165 1078 4223 τριοτ
1092 4142 1137 4201 καί
1151 4145 1175 4202 οἱ
1194 4139 1240 4201 σὺν
1257 4144 1328 4221 αὐτῷ
1345 4139 1509 4221 ἔχουσίτινα
1528 4141 1623 4221 λόγον,
1636 4141 1782 4201 ἀνθύπατοί

211 4243 378 4302 Dernetrius
392 4256 420 4301 et
434 4232 485 4324 qui
498 4262 564 4302 eum
578 4262 613 4300 eo
626 4256 709 4315 sunt,
726 4244 836 4300 tatem
851 4243 955 4302 adrer-
1008 4238 1067 4295 είσι.
1076 4233 1130 4294 Kal
1140 4237 1217 4292 τοῦτο
1229 4231 1302 4311 λέγει
1311 4234 1440 4310 ἐγκαλῶν,
1450 4232 1497 4293 καί
1507 4232 1608 4300 δεικνύς
1618 4233 1659 4294 άτι
1671 4237 1719 4294 οῦκ
1729 4234 1782 4294 ἔδει

211 4354 261 4394 sus
276 4335 406 4414 aliquem
419 4354 554 4410 oausam,
566 4334 754 4413 proconsules
766 4346 845 4392 sunt.
859 4332 895 4392 Et
903 4333 956 4393 hoe
1009 4328 1146 4385 ἰδιωτικῶν
1158 4322 1333 4404 ἐγκλημάτων
1348 4322 1434 4384 ἕνεκεν
1446 4324 1535 4398 ³201th
1545 4324 1688 4398 ἕκκλησίαν
1699 4335 1783 4387 ποιεῖ·

210 4423 292 4502 dicit,
308 4425 421 4505 culpans
433 4437 460 4482 et
472 4422 613 4483 ostendens
626 4445 680 4484 non
692 4437 814 4505 oportere
833 4424 954 4504 privato·
1009 4424 1077 4478 σθαι.
1103 4416 1157 4477 Καὶ
1182 4415 1233 4496 γὰρ
1257 4415 1459 4494 κινδυνεύομεν,
1480 4417 1575 4497 φησὶν,
1602 4418 1782 4496 ἐγκαλεῖσθαι.

210 4538 273 4579 rum
288 4517 435 4576 eriminum
445 4535 524 4574 cansa
534 4535 701 4574 communem
714 4515 773 4575 fieri
785 4530 955 4578 eonventum.
1008 4509 1103 4589 Τούτῳ
1121 4507 1222 4589 σφόδρα
1244 4506 1338 4576 αὐτοὺς
1359 4507 1528 4587 imolensem
1547 4509 1661 4576 Οὖδινδς
1682 4508 1782 4583 αἰτίαν,

212 4613 292 4671 Nam
302 4609 466 4690 perieulum
477 4619 531 4679 est,
545 4606 649 4685 inquit,
662 4628 699 4665 ne
710 4628 887 4667 accusemur.
899 4609 956 4669 Hac
972 4621 992 4667 n
1009 4601 1089 4681 φησί,
1103 4599 1282 4679 ὑπάρχοντος,
1293 4598 1355 4679 περὶ
1373 4590 1403 4659 οὗ
1417 4597 1581 4676 δυνησόμεθα
1601 4598 1680 4680 λύγον
1694 4601 1783 4660 δοῦναι

211 4725 239 4764 re
252 4702 313 4764 illos
326 4702 354 4762 in
367 4699 504 4780 angurias
518 4698 636 4780 conjicit.
652 4701 726 4760 Cum
738 4701 823 4759 natta
836 4705 876 4761 sit
886 4723 956 4761 cau·
1008 4699 1056 4766 τῆς
1070 4696 1217 4772 συστροφῆς
1228 4690 1417 4770 teitus-“0901
1428 4695 1485 4758 πῶς
1497 4695 1522 4751 οἱ
1532 4690 1638 4752 ἄπιστοι
1648 4691 1782 4774 φρονίμως

209 4818 254 4870 sa,
266 4795 370 4876 inquit,
382 4795 419 4853 de
432 4813 492 4873 qua
501 4795 644 4872 possimus
656 4793 743 4872 liujus
757 4795 898 4854 tumultus
909 4817 955 4855 ra.
1008 4785 1232 4864 Ι’άιτολογσῦνται,
1248 4787 1304 4851 πῶς
1324 4787 1448 4851 συνετῶς.
1469 4781 1562 4851 Ούτως
1575 4782 1668 4844 ledeos
1677 4784 1724 4843 τὸν
1737 4790 1782 4844 θυ-

209 4877 317 4948 donem
330 4887 459 4947 reddere.
479 4881 551 4946 Vide
572 4903 654 4961 quam
667 4881 812 4964 prudenter
826 4886 870 4945 rel
886 4885 952 4945 insi·
1008 4886 1066 4966 μάν.
1081 4885 1185 4966 Ὥσπερ
1200 4884 1251 4964 γάρ
1264 4883 1359 4966 ῥφδίως
1372 4884 1529 4956 ἐξάπτεται,
1542 4884 1611 4945 οὕτω
1621 4885 1667 4945 καλ
1686 4885 1782 4966 ῥᾳδίως

240 5091 251 5114 ·
271 5072 341 5126 ldem
355 5081 515 5148 θορυάηθῶσιν·
530 5079 582 5126 ἀλλ’
599 5078 667 5135 οὕτως
683 5082 776 5144 πάσχειν
787 5092 808 5130 τι
820 5081 887 5131 αύτθν
902 5083 967 5132 ttet—
1050 5078 1063 5118 Β
1081 5082 1244 5144 ἀπολογοῦνται
1256 5074 1327 5128 deest
1339 5076 1364 5128 in
1376 5073 1537 5143 quibusdum.

207 5161 269 5209 λετσ.
