3728 5978
508 472 552 519 DE
578 472 779 521 nntttsstottn
804 473 1043 523 PECCA‘PORUM·

1491 458 1566 550 sti

113 596 252 681 τιροδύξων
265 594 380 667 σκηνήν·
395 594 491 664 ἔδησαν
505 594 550 652 καλ
562 595 685 655 Ἰουδαῖοι
698 597 765 675 Χρι-
822 596 947 656 Christus
962 596 1021 676 ejus
1042 593 1223 655 insatiabilem
1237 608 1368 672 ventrem,
1383 618 1494 659 voraces
1511 602 1569 691 ejus

112 678 141 736 λ’
155 678 245 735 ἔλυσεν
257 678 343 734 αὐτῶν
356 673 468 754 Χριστὸς
482 673 526 731 τὸν
540 673 613 746 ναὸν,
629 673 768 754 κατέστρι-
821 674 926 751 dentes,
938 697 995 813 per
1014 674 1123 766 firmam
1143 689 1248 766 petram
1269 697 1347 736 suam
1369 698 1469 740 nervos
1481 678 1570 759 ipsius

112 763 146 816 ῶν
157 756 204 828 τήν
215 752 406 834 Ἰερουσαλήμ,
419 751 566 832 παρίλυσεν
578 757 665 813 αὐτῶν
677 754 710 813 ed
721 752 768 812 νύ-
821 754 920 815 lraetos

960 752 1075 831 issolvit,
1087 775 1146 834 ejus
1165 770 1296 815 amictum
1310 757 1450 831 contrivit,
1464 779 1571 818 comam

112 836 244 914 ἠκύρωσεν
269 836 355 892 αὐτῶν
384 831 431 898 τθς
459 832 619 913 περιτομθς,
650 832 768 893 διέλυσεν
821 832 943 906 demisit,
960 834 1064 893 luctum
1078 833 1256 913 etplanctum
1272 837 1573 897 aetcmumettenebm·
1658 865 1660 868 ’

112 916 150 981 τὰς
166 913 333 993 συναγωγδις,
345 911 500 992 ἀφήρπασεν
523 915 609 971 αὐτῶν
624 912 669 969 τδν
690 912 770 990 νόμον

112 1019 129 1061 ις
147 993 300 1075 προφήτας,
321 992 367 1052 καλ
389 990 482 1058 αὐτοὺς
501 989 601 1090 ἀργύρου
622 990 697 1064 δίκην
720 991 771 1051 ἀνὰ

823 934 885 974 sum
898 912 990 994 injecit
1000 913 1028 971 in
1039 934 1111 986 eum,
1127 913 1192 990 quia
1202 913 1290 974 illein
1307 915 1408 994 gaudio
1420 931 1573 977 versantem

823 992 971 1066 hominem,
985 992 1211 1083 impetratorum
1239 993 1344 1054 luctum
1362 994 1491 1055 deduxit.
1514 995 1573 1056 Ex·

112 1073 175 1133 ιολιν
187 1073 233 1131 καί
245 1071 335 1153 χώραν
350 1069 502 1147 δλίκμησεν.
529 1072 617 1143 Εδησε
636 1070 772 1130 καλθδιά-
824 1072 922 1132 stinxit
940 1075 998 1152 ejus
1022 1070 1193 1151 impudentes
1211 1073 1315 1148 oculos,
1337 1073 1441 1154 pudore
1456 1074 1574 1135 suffudit

112 1178 129 1210 ιν
144 1152 250 1230 Κύριον,
264 1151 308 1211 ἐπὶ
317 1150 361 1209 τὸν
375 1150 487 1288 stuppis
505 1150 583 1209 αὐτὸν
594 1149 771 1227 ἀνακομίσας,
785 1156 805 1202 D
824 1152 883 1231 ejus
897 1151 905 1209 i
944 1149 1106 1211 omiuiosum
1122 1151 1241 1228 vultum,
1253 1153 1340 1212 acutis
1359 1153 1473 1232 spiculis
1492 1155 1574 1214 illum

113 1230 202 1312 ρρηξεν
216 1233 295 1289 αὐτοῦ
306 1229 419 1310 Χριοτδς
457 1253 477 1301 Ιν
489 1227 653 1328 ἀχόρταστον
660 1227 772 1303 κοιλίαν,

112 1334 139 1368 εν
154 1313 232 1369 αὐτοῦ
247 1307 306 1376 τοθς
319 1309 501 1389 σαρκοφάγους
522 1307 688 1388 δοθντας,τῇ
714 1333 772 1368 στε-

115 1392 193 1448 αύτοῦ
206 1388 292 1471 πέτρη
309 1389 469 1466 συγκλείσας,
482 1387 630 1466 παρέλυσεν
642 1390 721 1447 αὐτοῦ
739 1386 773 1446 ed

119 1468 270 1551 συνέτριψεν
295 1471 374 1527 αὐτοῦ
396 1468 445 1539 τήν
466 1466 579 1540 στολήν,
605 1467 772 1527 κατέστειλαν

112 1549 137 1621 ήν
152 1548 248 1622 κόμην,
259 1551 352 1627 θρῆνον
362 1547 408 1607 καί
418 1546 511 1611 πένθος
522 1547 653 1606 σκοτεινὸν
664 1546 771 1627 ἐπέρρι-

113 1633 134 1707 ip
149 1627 267 1699 αἰώνιον,
281 1629 336 1684 ἀνθ’
357 1617 394 1684 διν
414 1625 458 1685 τὸν
477 1628 504 1684 ἐν
525 1635 598 1706 χαρᾷ
613 1629 716 1685 ἑστῶτα
729 1627 774 1685 ἄν·

129 1710 166 1772 εἰς
189 1707 281 1772 πένθος
299 1704 499 1786 ἁμαρτημάτων
516 1707 675 1783 κατήγαγεν.
694 1703 772 1772 Ἐξί-

116 1789 194 1844 αὐτοῦ
215 1784 274 1853 τοὺς
289 1788 403 1851 ἀναιδεῖς
422 1782 587 1863 ὀφθαλμοὺς,
610 1784 773 1863 κατῄσχυνεν

112 1865 231 1942 δαίτιμον
245 1862 396 1942 πρόσωπον,
417 1861 532 1930 ζιθύναις
553 1861 637 1930 ὀξέσιν
662 1865 773 1964 {liofgu-

112 1970 115 1992 ι
125 1945 211 2013 αὐτὸν,
218 1942 352 2022 τριστόμῳ
362 1941 479 2023 ῥομφαίᾳ
489 1942 677 2014 κατεκέντησαν
688 1945 775 2016 atros,

111 2046 169 2082 πισε
189 2023 237 2091 τὰς
250 2023 358 2086 ἐλπίδας
381 2025 477 2094 αὐτοῦ,
499 2018 653 2098 ἐξηρεύνησε
671 2020 719 2086 τδις
732 2045 776 2080 κε·

112 2126 157 2169 νας
168 2101 250 2170 δεξιὰς
264 2105 343 2160 αὐτοῦ
357 2101 482 2171 νοσσιάς,
497 2099 543 2159 καλ
558 2100 686 2177 ἐλίκμησε
696 2101 776 2160 παντί

115 2180 162 2250 τὰς
183 2182 293 2252 ἐνθήκας
315 2183 408 2239 αὐτοῦ·
431 2178 545 2259 ήδᾶφισε
563 2180 597 2238 τά
616 2181 709 2251 ἀνελεῆ
723 2184 776 2239 τῶν

112 2282 138 2320 ον
159 2261 237 2319 αὐτοῦ
255 2259 334 2320 τέκνα
348 2260 394 2318 καλ
409 2258 520 2337 ἔκγονα,
543 2258 691 2318 κατέκαυσε
712 2259 776 2339 πυρὶ

112 2363 127 2418 p
146 2338 179 2398 τδι
200 2338 375 2419 χειροποίητα
395 2341 475 2398 αὐτοῦ
498 2336 592 2409 ξόανα,
607 2336 656 2396 ἐύα
673 2339 776 2417 ἀθρωσε

112 2417 209 2495 ιωμνήν
236 2422 329 2487 αὐτοῦ,
343 2416 478 2497 ἀνέρρηξε
497 2416 531 2476 τδι
553 2362 674 2476 σκοτεινδ
698 2416 776 2477 αὐτού

824 1231 890 1290 oons
925 1231 956 1308 λ,
972 1230 1072 1311 triplici
1087 1230 1180 1310 gladio
1193 1233 1350 1311 perforavit,
1362 1254 1438 1313 spem
1453 1232 1573 1313 dissipa-

827 1310 879 1386 vit,
893 1323 1028 1370 scrutatus
1048 1323 1088 1368 est
1111 1311 1288 1372 absconditos
1308 1313 1383 1372 illius
1402 1311 1493 1385 nidos,
1506 1313 1571 1373 etin

824 1391 897 1448 omni
907 1403 987 1450 vento
996 1389 1086 1448 thecas
1096 1390 1154 1468 ejus
1165 1390 1309 1472 dispersim
1319 1392 1466 1474 prostravit
1475 1392 1573 1451 imma-

825 1490 872 1527 nes
888 1469 1042 1531 daemonum
1052 1470 1110 1528 e'us
1121 1469 1194 1528 filius
1206 1484 1233 1531 et
1244 1485 1362 1551 nepotes,
1377 1472 1433 1551 igni
1448 1472 1575 1532 combus—

825 1548 860 1606 sit
872 1492 1088 1628 inexstinguibili
1107 1550 1260 1610 manufacta
1285 1551 1343 1630 ejus
1359 1552 1442 1625 idola,
1453 1551 1480 1611 in
1490 1551 1574 1610 bara-

824 1627 919 1687 thrum
928 1629 1044 1707 conjecit
1050 1628 1147 1689 lectum
1155 1630 1222 1708 ejus,
1231 1630 1359 1711 penuaria
1368 1633 1426 1711 ejus
1434 1630 1575 1690 tenebrosa

826 1704 1039 1787 dirupitomnes
1046 1706 1142 1767 inferni
1152 1723 1243 1789 portas
1251 1710 1367 1790 aperuit,
1379 1724 1404 1769 et
1415 1708 1577 1771 solutisrin·

826 1786 876 1844 ctis
885 1786 1022 1860 omuibus,
1036 1806 1180 1864 secumque
1192 1789 1327 1863 assumtis,
1338 1791 1366 1848 in
1382 1790 1462 1849 caelos
1470 1787 1505 1847 ad
1519 1790 1575 1848 Pa·

828 1877 898 1923 trem
910 1879 940 1922 ut
949 1865 1027 1944 gigas
1034 1866 1164 1938 aseendit,
1173 1881 1203 1925 ut
1218 1867 1256 1937 ait
1268 1871 1399 1948 propbeta
1412 1869 1576 1928 :Exsulta-
1586 1887 1725 1940 Pramum.

829 1947 869 2002 bit
880 1957 911 2002 ut
925 1949 1009 2024 gigas
1019 1947 1244 2005 adcurrendam
1253 1952 1430 2007 viamsuant
1447 1970 1456 2002 .·
1469 1968 1488 2006 a
1498 1968 1573 2007 sum·
1586 1963 1609 2010 7·

829 2044 876 2080 mo
889 2025 962 2080 eoelo
980 2028 1105 2102 egressio
1122 2027 1194 2104 ejus,
1205 2039 1234 2084 et
1253 2047 1389 2086 occursus
1408 2029 1470 2104 ejus
1482 2046 1575 2106 usque

828 2103 870 2160 ad
882 2123 1027 2160 summum
1048 2104 1163 2175 crelam,
1181 2126 1234 2162 nee
1244 2118 1286 2164 est
1299 2110 1350 2185 qui
1365 2127 1396 2165 se
1411 2107 1574 2166 abscondat

829 2201 849 2239 a
870 2181 970 2240 calore
980 2184 1053 2261 ejus.
1070 2183 1244 2242 Esc'sultabit
1264 2197 1296 2242 ut
1306 2189 1390 2264 gigas
1404 2186 1446 2242 ad
1456 2205 1573 2243 curren·

830 2261 900 2319 dam
919 2264 1003 2318 viam
1014 2281 1107 2319 suam.
1122 2260 1292 2334 Exsultavit,
1305 2277 1335 2322 ut
1346 2262 1427 2322 modo
1440 2261 1573 2322 audieba-

824 2352 874 2399 tur
895 2338 923 2398 in
947 2338 1108 2429 Evangelio,
1128 2340 1165 2400 oh
1178 2340 1316 2401 inventam
1339 2363 1421 2401 unam
1437 2340 1573 2422 perditam

828 2439 917 2477 ouem.
933 2417 1054 2496 Reliquit
1068 2418 1140 2478 euim
1160 2420 1416 2499 nonagintanovem
1436 2441 1499 2481 ores
1519 2441 1573 2480 uon

112 2543 128 2570 ,‚
143 2496 288 2556 ἀνεπέτασε
298 2495 345 2563 τάς
359 2495 444 2564 πύλας
456 2503 502 2556 τοῦ
517 2497 594 2575 ᾅδου,
613 2497 659 2555 καὶ
674 2496 776 2565 πάντας
791 2527 809 2574 g
829 2511 962 2589 errantes,
974 2496 1005 2556 id
1020 2511 1073 2570 est,
1088 2498 1223 2578 angelicas
1236 2501 1363 2576 virtutes,
1378 2501 1407 2560 in
1422 2499 1571 2578 montibus,

113 2580 119 2599 ’
134 2581 212 2636 αὐτοῦ
222 2575 341 2643 δεθέντας
351 2575 431 2642 λύσας
441 2575 486 2635 καί
498 2579 554 2652 μεθ’
569 2579 662 2634 ἑαυτοῦ
676 2575 775 2651 λαθὼν,

112 2655 182 2722 κνοθς
203 2656 268 2735 πρδς
282 2655 326 2714 τὸν
345 2655 457 2735 Πατέρα
476 2659 511 2722 ὡς
529 2655 606 2734 γίγας
630 2654 776 2736 ἀνέδραμε,

112 2759 180 2810 ζιησιν
204 2739 218 2792 δ
242 2735 394 2814 προφήτης·
409 2734 611 2811 Ἀγαλλιάσεται
624 2738 674 2808 Ιὡς
719 2738 776 2814 ίγας

112 2841 117 2868 ι
131 2815 180 2885 τήν
197 2813 254 2873 δδὸν
269 2816 359 2872 αὐτοῦ·
376 2812 456 2893 ἄκρου
476 2821 523 2873 τοῦ
541 2815 678 2894 οὐρανοῦή
690 2759 776 2881 [lodus

112 2895 155 2953 καί
167 2893 198 2951 τὸ
209 2892 367 2970 κατοίντημα
382 2896 459 2951 αὐτοῦ
478 2891 528 2958 ἕως
542 2892 622 2975 ἀκρον
636 2899 681 2950 τοῦ
696 2897 776 2974 οὐρα-

112 2973 123 3031 λ
136 2972 266 3032 οὐκέστιν
283 2972 310 3039 δς
324 2971 539 3071 ἀποκρυύήσεται
553 2973 602 3044 τήν
615 2972 714 3052 θέρμην
728 2975 776 3031 αὖ·

112 3052 285 3129 γαλλιοίσεται
308 3054 344 3119 ὡς
372 3074 449 3130 γιγας
473 3053 580 3132 δραμεῖν
602 3052 661 3109 ὁδὸν
684 3053 774 3111 αὐτοῦ.

113 3133 218 3200 ιοίσατο,
232 3133 268 3198 ὡς
280 3131 376 3211 ἀρτίοις
388 3130 499 3202 ἠκούετο
513 3134 540 3190 ἐν
553 3134 592 3211 τῷ
608 3130 776 3211 Εὐαγγελίῳ,

120 3209 220 3292 εὕρεσιν
231 3215 276 3268 τοῦ
289 3208 455 3275 ἀπολωλότος
469 3208 525 3275 ένδς
537 3209 681 3288 προύσίτου.
694 3209 776 3269 Eleos

122 3289 366 3364 έννενηκονταεννέα
379 3288 501 3368 πρύύατα
515 3288 552 3366 μή
566 3288 775 3365 πεπλανημένα,

115 3395 142 3442 ι,
158 3368 205 3434 τὰς
224 3368 365 3447 ἀγγελικάς
376 3369 498 3443 δυνάμεις
519 3368 563 3426 ἐπί
580 3368 614 3427 td
637 3369 700 3448 ὄρη,
718 3390 777 3428 του-

828 2597 924 2657 nempe
941 2598 970 2637 m
986 2576 1077 2652 calis,
1088 2591 1114 2637 et
1129 2578 1204 2638 veuit
1222 2577 1257 2638 ad
1274 2593 1408 2639 errantem
1422 2601 1501 2639 ovem
1514 2579 1573 2638 cla-

828 2670 947 2716 mantem
956 2670 983 2716 et
989 2655 1122 2716 dicentem
1132 2661 1258 2717 :Erravi
1268 2663 1343 2718 sicut
1355 2663 1417 2719 ovis
1429 2679 1495 2739 pure
1503 2679 1573 2738 per·
1584 2665 1654 2712 Pmt.
1674 2665 1725 2714 ινθ.

828 2739 883 2794 iit:
903 2756 1000 2816 quere
1020 2757 1135 2795 servum
1154 2749 1245 2811 tuum,
1268 2742 1339 2818 quia
1356 2741 1501 2798 mandata
1523 2729 1641 2797 tua¹7⁶·

829 2835 889 2873 non
909 2835 975 2875 sum
996 2817 1113 2875 oblitus.
1134 2814 1297 2875 Haeaudita
1319 2816 1367 2877 ille
1384 2817 1499 2877 errantis
1516 2817 1576 2878 ovis

828 2914 903 2970 voce,
917 2893 1061 2955 inclinavit
1078 2894 1157 2954 caelos
1168 2907 1195 2954 et
1208 2893 1360 2970 deseendit,
1371 2909 1399 2957 et
1416 2896 1489 2956 veuit
1502 2917 1577 2974 quae·

828 2973 912 3039 situm
939 2994 1018 3034 ovem
1046 2988 1266 3053 errantemque
1290 2989 1394 3056 reporta
1417 2974 1574 3034 exsultavit.

828 3054 1003 3112 Exsultabit
1020 3058 1144 3134 utgigos
1155 3056 1197 3112 ad
1213 3056 1387 3114 currendam
1407 3059 1500 3116 viam.
1520 3055 1575 3114 Cu·

828 3131 914 3190 currit
924 3153 972 3212 per
982 3132 1080 3210 riama
1092 3133 1201 3192 oselisin
1215 3146 1313 3193 terram
1324 3133 1463 3193 exsultans
1477 3158 1484 3191 ι
1498 3134 1575 3194 deiu-

828 3209 863 3270 de
875 3233 891 3269 a
905 3225 977 3270 terra
997 3211 1025 3270 in
1045 3212 1144 3272 inferos
1169 3213 1298 3272 cucurrit
1318 3213 1380 3272 lllic
1393 3212 1488 3275 solutis
1508 3213 1573 3273 ani-

830 3289 927 3348 mabus
940 3290 1066 3350 omnibns
1076 3313 1092 3349 a
1104 3291 1212 3351 diabolo
1230 3291 1360 3365 detentis,
1374 3292 1510 3352 interram
1525 3313 1572 3352 eu·

830 3369 931 3444 currit3
945 3383 971 3428 et
989 3391 1083 3429 rursus
1094 3391 1109 3428 a
1121 3384 1192 3430 terra
1210 3371 1240 3430 iu
1259 3371 1339 3431 eaelus
1358 3370 1394 3430 ad
1417 3374 1525 3432 Patrem
1542 3386 1573 3430 ut

115 3447 158 3508 ἐπί
172 3445 231 3515 τοὺς
242 3446 374 3526 οὐρανοὺς,
389 3446 433 3505 καί
445 3441 525 3519 ήλθεν
535 3445 579 3506 ἐπὶ
592 3447 623 3506 τδ
633 3449 772 3520 πεπλανη-
784 3470 821 3512 ser
831 3448 907 3527 gigas
917 3448 1022 3508 insiliit·
1036 3450 1103 3508 Nec
1118 3463 1172 3521 est,
1185 3453 1277 3529 quise
1289 3452 1450 3511 abscondat
1462 3474 1482 3510 a
1492 3451 1573 3511 calo·
1584 3458 1653 3511 Prot.
1675 3460 1713 3510 nn.

112 3527 238 3608 τρόύατον
251 3526 281 3585 τδ
297 3529 365 3605 βοῶν
379 3526 424 3586 καὶ
437 3529 529 3604 λέγον·
551 3525 723 3599 Ἐπλανήθην
740 3531 778 3592 ὡς
793 3526 814 3572 Α
830 3549 863 3587 re
875 3531 947 3608 ejus.
965 3529 1035 3586 Cum
1044 3527 1274 3600 caloremgChristi
1289 3530 1380 3608 audis,
1397 3530 1485 3609 cogita
1495 3529 1609 3590 illumn-

112 3630 138 3665 ον
163 3605 314 3673 ἀπολωλός·
335 3605 447 3676 ζήτησον
470 3605 514 3664 τὸν
538 3605 627 3665 δοῦλόν
648 3629 712 3680 σου,
735 3604 777 3665 δτι

111 3685 173 3752 ολάς
192 3708 238 3743 σου
252 3686 298 3744 οὐκ
311 3684 488 3762 ἐπελαθόμην.
503 3688 560 3756 Τῆς
581 3684 634 3767 γάρ
654 3685 777 3757 τοιαύτης

112 3765 222 3830 ἀκούσας
236 3770 282 3822 τοῦ
296 3764 499 3841 πεπλανημένου
519 3764 653 3840 προύιίτου
676 3765 776 3824 ἔκλινεν

112 3871 131 3912 ις
143 3845 189 3903 καλ
201 3841 302 3915 καπίθη
315 3844 361 3902 καὶ
377 3835 441 3915 ήλθε
460 3846 573 3912 ζητῆσαι
591 3843 622 3902 τὸ
636 3844 774 3914 πεπλανη·

112 3923 238 4003 ιρόὸατον,
247 3922 293 3979 καλ
305 3921 416 3999 εὑρὼνή
452 3921 590 3980 λλιάσατο.
607 3921 778 3998 Ἀγαλλισίσε-

111 4003 186 4080 γίγας
198 4004 306 4082 δραμεῖν
317 4002 384 4059 ὁδόν.
395 3999 406 4019 '
418 4001 516 4082 ,δραμε
533 3999 580 4071 τήν
600 4005 646 4060 ἀπ’
661 4003 777 4080 οὐρανῶν

112 4083 181 4140 ’ὁδὸν
196 4083 348 4182 ἀγαλλιῶν·
363 4071 419 4139 εἶτα
433 4081 486 4139 ἀπὸ
496 4083 545 4156 γῆς
557 4079 600 4139 ἐπὶ
615 4080 649 4138 τὰ
663 4081 778 4176 ὑποχθό-

112 4184 190 4237 ιιμεν’
208 4183 265 4219 ειτα
279 4162 334 4218 ἐκεῖ
351 4160 438 4226 παίσας
454 4159 501 4224 τὰς
521 4158 572 4218 ὑπὸ
589 4165 634 4217 τοῦ
656 4161 779 4219 διαύολου

112 4241 186 4307 ιένας
200 4239 288 4319 puple
307 4238 402 4308 λύσας,
424 4241 461 4305 είς
483 4241 533 4338 γῆν
548 4238 715 4316 κατέδραμε,
733 4239 778 4297 καί

112 4318 160 4377 ἀπὸ
184 4325 232 4397 γῆς
250 4322 286 4385 εἰς
302 4317 425 4399 οὐρανοὺς
449 4341 516 4398 προς
536 4317 580 4376 τὀν
601 4317 724 4398 Πατέρα,
742 4321 779 4387 ὡς

113 4399 219 4470 νήλατο.
235 4398 287 4456 Καὶ
304 4401 351 4456 οὐκ
362 4397 442 4469 ἔστιν,
459 4398 487 4462 t<
504 4397 717 4475 ἀποκριθήσεται
730 4397 778 4470 τήν

122 4481 209 4537 αὐτοῦ.
223 4476 335 4556 Θέρμην
359 4477 460 4536 ἀκούων
480 4477 613 4555 Χριστοῦ,
627 4476 680 4535 νόει
701 4478 777 4538 sotto

115 4556 272 4628 maturrime.
289 4556 340 4614 Καὶ
354 4559 401 4615 οὐκ
421 4558 491 4616 ἔστιν
515 4556 543 4621 δς
565 4557 781 4636 ἀποκρυύήσεται

114 4660 166 4713 μην
178 4638 265 4694 αὐτοῦ.
275 4635 325 4698 Τίς
335 4635 386 4715 γδιρ
398 4640 436 4717 τῷ
449 4635 607 4716 ψυχροτάτῳ
619 4635 723 4695 θανάτω
739 4659 780 4696 να-

111 4740 127 4791 ς,
143 4715 356 4796 ἀποκρυύήσεται
366 4715 414 4786 τήν
428 4715 527 4795 θίρμην
542 4718 619 4774 αὐτοῦ
632 4721 677 4773 τοῦ
719 4715 780 4774 νεύ-

135 4793 179 4853 καλ
200 4793 259 4872 ούγλ
279 4792 375 4861 πάντες
395 4799 425 4853 έκ
446 4798 546 4873 νεκρῶν
568 4794 779 4868 &verricensem

829 3627 887 3666 esse
901 3607 984 3666 solem
998 3606 1121 3688 justitiae.
1141 3609 1197 3667 Neo
1217 3622 1266 3680 est,
1282 3610 1371 3688 quise
1393 3609 1542 3669 abscondat
1559 3631 1576 3669 a

832 3686 924 3745 colore
941 3687 1008 3767 ejus.
1034 3686 1104 3757 Quis
1125 3687 1197 3746 enim
1212 3687 1392 3768 fridigissima
1409 3703 1496 3748 morte
1514 3710 1577 3749 ene-

832 3778 911 3839 ctus,
927 3787 955 3824 se
977 3764 1125 3825 abscondat
1139 3787 1155 3824 a
1169 3768 1258 3826 calore
1280 3768 1367 3847 ipsius
1393 3768 1413 3826 S
1432 3767 1525 3845 iritus,
1549 3782 1577 3828 et

832 3864 920 3902 nonne
938 3864 1059 3903 omnesa
1078 3845 1192 3903 mortuis
1211 3849 1369 3924 resurgent?
1394 3790 1476 3905 Tinna
1499 3861 1577 3906 canet

832 3922 914 3993 enim,
924 3936 950 3981 et
958 3922 1059 3980 mortui
1070 3937 1210 4002 resurgent
1220 3924 1381 4006 incorrupti.
1395 3925 1500 3984 Deinde
1508 3925 1577 4003 quid

833 4015 872 4060 est
886 4000 957 4060 illud
981 4000 1054 4078 quod
1068 4002 1200 4092 sequitur,
1214 4002 1325 4065 dilecti?
1350 4003 1410 4064 Etsi
1435 4025 1521 4085 paura
1542 4026 1578 4064 ox

833 4081 927 4139 multis
940 4079 1093 4139 dixerimus
1108 4102 1136 4138 m
1156 4080 1246 4141 illud:
1261 4084 1456 4163 Quoeeumpue
1469 4085 1492 4142 δ’
1511 4105 1577 4144 ανσ-

833 4164 900 4219 ritis
917 4181 1003 4239 super
1018 4173 1138 4234 terram,
1153 4174 1239 4220 erum
1254 4163 1348 4241 ligata
1359 4177 1388 4222 et
1405 4167 1438 4221 in
1447 4105 1520 4222 οιύίο
1524 4187 1537 4234 ,·
1547 4177 1578 4224 et

854 4260 1023 4320 uaecumque
1043 4241 1189 4299 solveritis
1206 4255 1421 4321 superterram,
1434 4256 1519 4302 erunt
1530 4265 1577 4303 so·

833 4262 906 4377 ίιιεα·
918 4333 946 4377 σι
967 4323 1000 4376 in
1020 4320 1104 4390 coelo,
1128 4319 1156 4378 in
1171 4334 1323 4398 seqmnteu
1337 4343 1446 4383 versum
1459 4336 1577 4383 mentem

832 4399 1022 4457 transferamus
1037 4421 1043 4454 :
1060 4399 1161 4457 Amen
1180 4401 1247 4459 dico
1267 4405 1363 4474 uobis,
1381 4407 1452 4482 quia
1472 4406 1499 4462 si
1517 4404 1576 4462 duo
1589 4434 1674 4480 „mg
1690 4432 1727 4483 ,g

832 4499 869 4537 er
880 4480 966 4536 uobis
977 4483 1176 4537 consenserint
1188 4494 1288 4539 mutuo
1298 4482 1335 4541 de
1345 4487 1425 4541 omni
1435 4502 1577 4561 requam·
1590 4509 1626 4557 ¹9·

833 4578 957 4636 cumque
965 4561 1115 4636 petierint,
1133 4559 1253 4619 dabitur
1271 4561 1341 4621 illis.
1358 4561 1498 4620 Abraham
1513 4582 1577 4621 con·

834 4636 952 4695 sentiens
972 4657 1036 4695 eum
1051 4638 1118 4696 Sara
1133 4658 1219 4698 uxore
1238 4661 1296 4713 sua,
1312 4638 1359 4699 ssle
1372 4641 1408 4700 ad
1421 4640 1504 4700 boves
1516 4662 1578 4700 our·

834 4737 906 4790 reus,
928 4715 976 4775 illa
998 4737 1078 4796 panes
1100 4738 1230 4797 apparare
1244 4719 1382 4794 festinans,
1398 4740 1456 4778 rem
1470 4733 1580 4810 stupen-

834 4793 898 4853 dam
925 4795 952 4853 in
978 4810 1112 4855 senectute
1144 4797 1336 4876 impetrarunt,
1360 4820 1455 4880 nempe
1478 4799 1576 4859 filium.

112 4897 140 4973 μι
154 4875 220 4953 γὰρ,
232 4863 282 4974 ’καί
296 4879 320 4932 ot
334 4873 420 4952 νεκρολ
439 4871 625 4972 ἐγερθήσονται
639 4873 777 4973 ἀφθαρτοι.
798 4885 817 4931 B
834 4874 919 4965 Jacob
933 4874 1086 4965 patriarcha
1108 4896 1170 4934 cum
1192 4890 1278 4942 matre
1297 4893 1474 4951 consentiens,
1497 4878 1580 4939 bene·

112 4977 126 5012 ο
139 4955 198 5024 ἑξῆς
213 4977 251 5025 τι,
267 4952 401 5030 ἀγαπητοί
407 4978 414 5024 ;
436 4954 471 5010 ht
485 4952 531 5011 καί
545 4955 621 5030 ὀλιγοι
638 4977 691 5012 απο
710 4955 780 5012 πολ-

112 5032 221 5106 ιηκύτες,
236 5036 273 5098 εἷς
286 5033 332 5103 τὸ,
343 5031 418 5091 Ὅσα
432 5031 478 5090 etv
492 5030 590 5103 δήσητε
604 5032 648 5092 έπλ
662 5036 709 5102 τῆς
722 5039 781 5112 γῆς,

115 5113 222 5189 εδεμίνα
244 5117 270 5171 έν
285 5115 323 5191 τῷ
337 5113 456 5191 οὐρανῷ,
479 5110 525 5169 καί
546 5111 595 5171 ὅσα
617 5113 661 5171 tto
685 5111 782 5185 λύσητε

112 5197 192 5268 ιγῆς,
204 5191 278 5252 ἔσται
291 5190 422 5268 λελυμένα
443 5192 470 5248 έν
490 5194 528 5270 τῷ
544 5195 664 5272 οὐρανῷ,
685 5196 722 5258 είς
737 5191 781 5251 τὸν

113 5269 169 5350 ίχον
182 5272 226 5330 τδν
239 5277 298 5330 νοῦν
312 5275 388 5348 ήμῶν
400 5269 579 5351 ἔπιρρίψιομεν
591 5295 597 5307 ·
610 5270 692 5350 Ἀμήν
711 5269 782 5352 λίγα)

834 4952 961 5013 dictionis
972 4968 1075 5013 artemas
1100 4955 1218 5013 tinctum
1231 4957 1342 5039 aceepit.
1357 4960 1467 5039 Moyses
1480 4973 1507 5017 ct
1526 4961 1579 5018 Aa·

836 5055 884 5092 ron
909 5034 1101 5093 consentientes
1128 5048 1211 5094 totam
1234 5035 1386 5117 AEgyptum
1406 5036 1576 5117 expilarunt,

836 5112 1064 5192 chraeorumque
1096 5135 1161 5172 enus
1172 5114 1329 5175 liberarunt.
1339 5119 1417 5178 lesus
1432 5131 1457 5175 et
1475 5116 1578 5176 Chaleb

836 5193 1036 5268 eonsentientes,
1050 5134 1101 5252 soli
1114 5208 1213 5253 terram
1226 5195 1411 5276 promissionis
1421 5196 1449 5255 in
1460 5195 1576 5257 haeredi·

836 5285 918 5332 tatem
928 5286 1095 5353 acceperunt.
1104 5273 1213 5336 chora
1224 5294 1287 5335 cum
1300 5276 1402 5336 Baraco
1413 5277 1578 5338 consentiens
