3728 5978
485 448 518 494 m
548 430 633 494 ,νοτε
664 443 918 493 uoosroconuu.
948 444 1065 493 ειοιτιι.
1096 445 1213 496 κινιιι.
1560 429 1627 513 iol

60 570 120 630 τότε
140 569 286 649 προνομίαν
301 571 326 629 οἱ
340 570 488 648 ἀξιούμενοι
503 568 833 632 strationiceorum
884 566 961 626 daret
971 588 1086 648 poenam.
1106 570 1141 629 Et
1155 570 1220 630 vide
1232 594 1239 628 ι
1250 591 1303 631 non
1321 571 1627 654 simplicitorluquitur;

59 663 158 730 πάντες
176 661 269 722 τούτου
289 661 450 742 ἐτύγχανον·
467 663 520 722 ἀπὸ
539 662 591 744 γὰρ
610 663 744 743 Ἀδριανοῦ
767 683 832 741 ρασι
885 658 946 732 sed,
964 661 996 720 Si
1019 662 1087 720 licet
1099 666 1193 722 uobis.
1208 666 1270 723 Duo
1284 663 1412 739 crimina,
1437 678 1463 724 ct
1478 664 1555 743 ,ιγιιοιί
1572 667 1629 726 sine

59 754 162 821 πάντας
179 753 329 831 Ῥωμαίους
346 757 542 831 ὀνομασθῆναι,
562 755 593 814 τὸ
613 754 641 813 δὲ
657 754 770 814 παλαιὸν
784 755 833 830 οὐχ
848 764 867 809 Β
885 768 976 821 causa,
989 762 1016 808 ct
1029 749 1105 828 quod
1119 752 1256 812 Romanus
1264 752 1309 812 ille
1316 768 1392 813 essct.
1402 757 1531 833 Magnam
1542 754 1626 815 hobe-

59 845 144 911 ούτως
157 836 197 916 ἦν.
210 841 249 904 Ἢ
263 846 308 905 καί
322 844 457 922 Ῥωμαῖον
468 847 558 906 ἑαυτὸν
570 837 651 916 εἶπεν,
664 844 707 904 ίνα
719 844 832 925 διαρύγη
884 841 950 901 bmt
960 844 1165 922 prerogativam
1177 845 1223 924 qui
1237 846 1277 904 sic
1287 845 1468 925 dignabantur
1482 847 1627 927 appellasi3

59 935 110 1008 ’τὴν
123 936 266 1015 τιμωρίαν·
282 937 507 1018 εὐκαταφρόνητος
517 937 568 1018 γάρ
583 937 613 995 διν
625 938 727 1017 ἐγένετο
740 959 834 1013 μαστι-
884 953 970 1011 neque
983 935 1162 995 omniumhoc
1172 951 1229 995 crat
1239 938 1433 1017 privilegium
1447 939 1482 997 ab
1490 938 1628 998 Hadriano

59 1028 150 1108 χθείς·
163 1035 205 1087 νῦν
218 1029 245 1088 δὲ
260 1034 337 1089 τοῦτο
349 1028 439 1101 εἰπὼν,
454 1033 488 1096 εἷς
502 1030 610 1090 πλείονα
625 1027 717 1096 αὐτοὺς
731 1027 833 1105 έμθαίλ-
884 1024 956 1083 euim
974 1024 1069 1085 dicunt
1085 1047 1176 1086 omnes
1193 1031 1327 1088 Romanos
1344 1050 1400 1088 esse
1417 1028 1524 1108 ἀίοισα,
1542 1029 1629 1110 prisce

60 1123 103 1179 λει
118 1120 207 1202 ρύῦυν.
235 1123 268 1179 El
285 1121 312 1179 δέ
333 1120 484 1198 ἐμάστιξαν,
506 1123 551 1181 καὶ
574 1122 741 1203 παρέτρεψαν
756 1120 787 1178 ἀν
805 1120 835 1178 τὸ
884 1129 1040 1176 autemnon
1060 1116 1097 1175 ita
1111 1118 1206 1177 fuerat.
1219 1119 1268 1180 Vel
1284 1120 1365 1179 ctiam
1378 1117 1532 1179 Romanum
1545 1120 1629 1181 setll-

59 1221 192 1293 πρᾶγμα,
209 1211 227 1283 ἢ
247 1211 294 1271 καί
307 1212 463 1272 ἀπέκτειναν
478 1213 571 1272 αὐτόν·
587 1219 631 1272 νῦν
654 1212 681 1273 δέ
701 1217 752 1293 οὐχ
766 1212 834 1271 ούτω
884 1206 937 1280 xit,
951 1219 982 1264 ut
991 1227 1098 1287 poeuam
1109 1209 1238 1288 effugeret
1251 1233 1257 1266 :
1271 1210 1429 1269 contemtior
1439 1211 1510 1270 onim
1521 1209 1630 1271 futurus

60 1304 172 1383 γίνεται.
183 1301 257 1383 Ὅρα
271 1309 328 1372 πῶς
347 1309 361 1363 ὁ
378 1304 446 1372 Θεὸς
457 1313 588 1385 συγχωρεῖ
609 1306 654 1364 καί
665 1303 835 1386 ἀνθρωπίνως
884 1312 951 1370 crat,
969 1299 1155 1379 sissssagcllntus
1168 1301 1274 1378 suisset3
1286 1324 1357 1362 nunc
1369 1301 1460 1362 autent
1483 1303 1535 1362 hoc
1556 1303 1632 1364 dicto

60 1394 150 1454 nollit
163 1395 301 1474 γενέσθαι,
321 1397 366 1456 καὶ
388 1399 430 1456 ἐπ’
444 1396 529 1456 αύτῶν
545 1396 591 1456 καί
610 1402 663 1456 τῶν
677 1399 786 1455 λοιπῶν.
800 1394 835 1455 Ὁ
885 1391 1013 1472 majorem
1027 1392 1081 1451 illis
1095 1393 1191 1452 incutit
1201 1409 1312 1454 metum.
1321 1395 1351 1455 Si
1368 1395 1630 1476 verossagcllassent,

62 1486 91 1546 u
105 1488 245 1568 χιλίαρχος
266 1489 432 1570 ἀποκριθεὶς,
451 1488 494 1550 in
506 1491 613 1550 Πολλοῦ
631 1489 775 1571 κεφαλαίου
786 1486 835 1560 τὴν
885 1503 941 1540 rem
952 1484 1107 1543 totamtorte
1115 1480 1318 1562 subvertissent,
1331 1486 1375 1546 vel
1382 1488 1463 1546 etiam
1473 1486 1632 1548 occidissent

62 1578 199 1638 πολιτείαν
220 1579 319 1653 ταύτην
338 1580 504 1659 ἐκτησάμην,
521 1580 649 1641 δείκνυσιν
673 1585 837 1641 ὑποπτεῦσαι
885 1573 982 1649 illumj
996 1595 1069 1634 nunc
1078 1589 1230 1637 autemnon
1243 1578 1280 1637 ita
1294 1579 1393 1638 evcnit.
1408 1578 1482 1640 Vide
1494 1579 1632 1658 quomodo

62 1670 196 1750 πρόφασιν
204 1660 271 1731 εἶναι
280 1671 310 1731 τθ
321 1674 403 1732 εἰπεῖν
413 1675 504 1734 ἑαυτὸν
513 1672 648 1751 Ῥωμαῖον
658 1671 703 1732 τὸν
715 1673 837 1731 Παῦλον·
851 1675 869 1722 C
886 1669 959 1727 Deus
968 1669 1094 1728 concedat
1106 1670 1193 1728 multa
1203 1671 1323 1730 humano
1336 1693 1411 1730 moro
1424 1672 1495 1745 ficri,
1507 1686 1533 1732 et
1546 1673 1575 1731 in
1589 1672 1633 1731 his

63 1761 110 1820 καὶ
120 1761 185 1830 ίσως
194 1763 404 1825 τοῦτοὺιιίλαύεν
414 1765 519 1837 ἄειδε-ἠς
527 1766 665 1838 λιτότητος
674 1764 783 1824 Παύλου
790 1766 839 1834 τῆς
886 1771 912 1818 et
926 1759 954 1818 in
968 1758 1039 1819 aliis.
1051 1760 1191 1820 Tribunus
1201 1783 1266 1821 roro
1278 1763 1461 1843 respondens,
1477 1760 1543 1844 Ego
1555 1764 1633 1822 mui-

65 1854 233 1932 ραινομένης.
249 1855 373 1924 Ἀκούσας
394 1855 421 1914 δὲ
436 1862 451 1917 t
463 1856 671 1938 ἑκατόνταρχος,
688 1854 838 1937 προσελθὼν
887 1865 920 1912 ta
932 1872 1048 1911 summa
1058 1855 1231 1914 civilitatem
1244 1853 1416 1916 consecutus
1430 1876 1505 1929 sum,
1517 1855 1635 1916 ostendit

65 1946 247 2028 τῷχιλιοίρχῳ
257 1947 732 2029 ἀιτηγγειλε,λέγων·δρατίμε’ὶλεις
740 1956 838 2008 ποιεῖν·
887 1965 915 2002 se
937 1943 1089 2025 suspicari,
1114 1945 1230 2005 Paulum
1248 1967 1276 2006 se
1296 1948 1450 2008 Romanum
1472 1949 1633 2026 simulasse3

66 2042 81 2096 δ
102 2037 155 2119 γάρ
169 2039 305 2121 ἄνθρωπος
324 2031 399 2106 οὗτος
412 2040 546 2118 Ῥωμαῖός
559 2045 624 2103 ἐστι.
638 2040 796 2122 Προσελθὼν
810 2038 839 2099 ll
886 2048 912 2094 et
923 2035 960 2094 ita
971 2036 1041 2095 forte
1053 2036 1243 2118 suspicabatur
1257 2059 1293 2098 ex
1302 2039 1422 2119 uilitate,
1439 2061 1499 2119 quae
1509 2041 1538 2100 in
1550 2041 1636 2101 Paulo

65 2130 232 2211 θχιλίαρχος
253 2122 324 2191 εἶπεν
346 2136 417 2213 αὐτῷ
428 2156 434 2169 ·
446 2133 507 2212 λέγε
529 2156 593 2212 μοι,
607 2137 630 2193 εί
652 2132 683 2193 σθ
705 2133 840 2211 Ῥωμαῖος
889 2130 1045 2209 apparebat.
1060 2133 1108 2190 26.
1132 2133 1197 2210 Quo
1210 2135 1313 2192 audito
1328 2139 1476 2207 centurio,
1495 2138 1636 2195 accedens

67 2213 109 2295 είς
122 2221 157 2282 Ὁ
171 2223 199 2282 δὲ
212 2223 277 2303 lon,
293 2223 344 2284 ναί.
356 2224 496 2306 Ἀπεκρίθη
509 2230 522 2284 θ
539 2224 693 2340 χιλίαρχος·
712 2225 764 2304 ἐγὼ
775 2225 839 2283 πολ·
888 2222 931 2280 ud
943 2224 1094 2282 tribunum
1108 2228 1257 2284 nuntiavit
1267 2226 1323 2300 itti,
1336 2227 1436 2286 dicens
1451 2250 1461 2283 t
1479 2229 1552 2286 Vide
1565 2213 1649 2308 qiud.

66 2317 114 2375 λοῦ
128 2316 272 2397 κεραλαίαυ
293 2316 490 2389 τὴνπολιτείαν
510 2317 607 2390 ταύτην
624 2316 789 2396 ἐκτησάμην.
804 2315 839 2376 0
880 2314 1023 2394 sactunrs
1034 2336 1087 2375 es
1104 2318 1153 2376 lic
1171 2337 1249 2376 enun
1261 2320 1347 2377 homo
1358 2321 1508 2381 Romanus
1518 2335 1570 2382 est
1586 2323 1635 2381 ut.

68 2406 96 2466 ol
108 2408 215 2475 Πανλος
232 2432 327 2487 φησιν·
341 2408 394 2487 ίγω
406 2408 434 2469 δέ
451 2408 497 2468 καί
509 2408 679 2489 γεγέννημαι
694 2406 840 2478 Εὐθέωςδί
890 2401 1046 2463 Αοσσάαιιε
1060 2417 1159 2463 autem
1175 2409 1320 2480 tribunus,
1335 2409 1409 2466 dicit
1424 2407 1494 2467 illi:
1488 2411 1570 2468 D·ie
1583 2411 1638 2467 mi-

68 2499 223 2571 ιῑιιέσιησαν
237 2503 284 2559 ἀπ
304 2502 384 2562 αὐτοῦ
406 2504 430 2560 ol
452 2499 592 2578 μέλλοντες
604 2501 699 2570 ἀνετα
686 2505 738 2570 ζειν
753 2500 839 2561 αὐτόν.
890 2495 932 2566 ln,
943 2513 1014 2553 num
1025 2509 1056 2555 tu
1065 2498 1216 2559 Romanus
1229 2487 1445 2572 eleiritilie,
1458 2504 1570 2561 Etiam.
1584 2500 1635 2562 28.

68 2591 147 2651 Καίὸ
157 2591 298 2673 χιλίαρχος
320 2592 347 2653 δὲ
362 2592 479 2702 ἔρούηθη
502 2591 637 2671 ἐπιγνούς,
651 2592 693 2654 ὅτι
705 2592 840 2673 Ρωμαῖύς
890 2588 1051 2666 Respondit
1070 2592 1229 2649 tribunus.-
1242 2592 1307 2671 Ego
1326 2591 1421 2650 multa
1434 2612 1551 2651 summa
1563 2613 1637 2652 σιντ

67 2682 144 2754 ἐστι,
163 2680 209 2740 καί
228 2673 356 2754 δτιῆν’
327 2704 405 2740 αυτον
419 2679 538 2748 δεδεκώς.
550 2680 623 2759 Ἐγὼ
643 2680 779 2763 δί,ρησί,
793 2680 839 2741 καί
890 2678 1006 2737 litatem
1027 2679 1106 2738 lianc
1124 2695 1320 2762 consequutus
1332 2702 1407 2741 sum.
1429 2683 1544 2742 Paulus
1561 2705 1636 2742 vero

66 2772 237 2887 γεγέννημαι.
254 2770 320 2854 Ἄρα
340 2772 386 2832 καί
409 2797 560 2853 πατροςν
528 2763 560 2845 ἦν
576 2772 721 2851 Ῥωμαίου.
743 2772 780 2832 Τί
796 2765 840 2834 οῦν
855 2781 875 2827 Ι)
890 2773 958 2829 ait:
973 2771 1039 2850 Ego
1060 2782 1160 2830 autem
1173 2784 1202 2832 et
1218 2785 1306 2832 natus
1327 2793 1403 2833 sunt.
1424 2776 1473 2834 99.
1493 2776 1636 2834 Protinus

68 2866 123 2924 ἀπὸ
146 2865 238 2926 τούτου
262 2864 381 2945 γίνεται,
396 2864 488 2932 ίυσας
500 2864 650 2946 κατήγαγεν
675 2865 753 2926 αὐτὸν
777 2865 842 2946 πρὸς
890 2877 989 2923 autem
1009 2862 1205 2927 discesserunt
1227 2870 1265 2927 ab
1291 2868 1358 2945 illo,
1376 2872 1427 2950 qai
1445 2890 1512 2928 eum
1532 2873 1636 2929 torturi

67 2956 129 3024 τους
139 2956 292 3023 Ἰουδαίους.
303 2956 429 3024 (λίποις
404 2979 451 3017 ουκ
462 2948 496 3029 ἥν
512 2957 639 3037 ψευοος
615 2981 646 3017 το
658 2960 739 3017 είπειν
750 2957 841 3017 ἑαυτὸν
891 2969 984 3018 eram.
999 2959 1145 3018 Tribunus
1161 2980 1277 3041 quoquc
1293 2964 1401 3033 timuit,
1422 2975 1577 3043 postquam
1591 2982 1636 3021 re-

67 3048 214 3126 Ῥωμαῖον,
230 3047 269 3108 in
280 3049 326 3108 καί
338 3049 463 3108 ἀπώνατο
476 3052 522 3109 ἀπ
538 3052 615 3109 αιἐτου
598 3049 711 3118 ”λυθεὶς
730 3055 776 3109 τοῦ
795 3051 840 3110 δε·
891 3052 977 3108 scivit
988 3053 1061 3131 quia
1074 3052 1226 3110 Romanus
1235 3063 1319 3125 esset,
1331 3064 1359 3110 et
1372 3054 1453 3132 quoti
1465 3053 1551 3111 illum
1561 3054 1635 3112 attt-

67 3148 155 3218 σμοῦ·
177 3165 224 3201 και
236 3145 308 3216 πῶς,
330 3142 416 3202 ἄκαιε.
431 3144 474 3218 Τῇ
497 3140 524 3202 δὲ
544 3140 668 3222 ἐπαύριον
685 3143 841 3231 βουλόμτνρς
890 3156 996 3223 gasset.
1008 3145 1073 3225 Ego
1082 3158 1192 3223 autem,
1204 3144 1303 3225 inquit,
1316 3159 1345 3206 et
1356 3160 1443 3206 natus
1461 3168 1535 3209 snm.
1546 3147 1636 3228 Igitur

66 3237 167 3309 γνῶναι
193 3232 223 3291 τθ
246 3235 378 3313 ἀσραλίς,
401 3233 432 3293 τὸ
457 3233 484 3293 τί
508 3242 694 3314 κατηγορεῖται
715 3235 766 3295 inl
787 3241 840 3295 τῶν
891 3251 1012 3318 expatre
1032 3238 1153 3297 Romano
1166 3251 1232 3297 erat.
1248 3238 1324 3312 Quid
1340 3260 1404 3319 ergo
1423 3253 1514 3320 postea
1534 3238 1636 3300 factum

67 3323 222 3399 Ἰουδαίων,
245 3325 336 3386 ἔλυσεν
368 3327 455 3399 αύιθν,
486 3326 532 3386 καί
554 3325 674 3386 ἐκέλευσε
710 3330 841 3389 συνελθεῖν
891 3327 1092 3389 οσιθὸοίυίυτα
1103 3327 1352 3391 duxitadludaeos.
1366 3330 1504 3410 Ergonon
1517 3330 1636 3391 {alsodi
1663 3359 1664 3362 ¹

66 3421 127 3486 τοὺς
150 3423 299 3500 ἀρχιερεῖς,
322 3419 368 3478 καί
391 3429 444 3479 πᾶν
468 3420 498 3479 τὸ
526 3419 675 3500 συνέδριον·
697 3420 743 3480 καὶ
760 3446 841 3481 κατα-
891 3431 969 3477 xerat
983 3439 1012 3478 se
1031 3420 1182 3478 Romanum
1196 3419 1356 3495 essc‚'unde
1378 3419 1497 3481 lucratus
1509 3436 1560 3496 cst,
1575 3437 1637 3482 uta

66 3510 158 3590 γαγὼν
183 3511 228 3569 τὸν
248 3514 366 3582 Παῦλον,
391 3513 500 3583 ἔστησεν
527 3515 564 3579 εἰς
592 3512 693 3581 αύτούς.
709 3513 841 3583 Ἀτενίσας
890 3509 1008 3570 vinculis
1027 3508 1176 3583 solveretur
1187 3533 1197 3588 3
1209 3524 1235 3570 et
1255 3511 1391 3590 quomodo
1415 3513 1500 3591 audi:
1517 3516 1637 3574 50.Ρο-

66 3601 95 3660 δὲ
115 3604 222 3670 Παῦλος
235 3606 273 3685 τῷ
288 3603 412 3684 συνεδρίῳ
434 3596 514 3664 εἶπεν.
535 3605 633 3665 Οὐκέτι
657 3606 723 3686 πρὸς
736 3606 780 3666 τὸν
795 3631 841 3687 χι-
891 3615 970 3663 stera
980 3617 1080 3663 autem
1088 3607 1137 3663 die
1147 3604 1252 3663 voians
1266 3606 1518 3686 scirediligcntius
1529 3629 1589 3686 qua
1601 3609 1638 3668 de

65 3694 189 3776 λίαρχον,
206 3695 274 3755 ἀλλά
287 3695 353 3776 πρὸς
368 3697 398 3755 τδ
414 3698 513 3768 πλῆθος
528 3696 573 3755 καί
584 3697 628 3756 τὸν
647 3699 731 3777 δῆμον
753 3702 841 3759 πάντα
892 3714 984 3754 causa
1004 3708 1194 3755 accusaretur
1214 3717 1233 3754 a
1247 3697 1370 3769 Judoeis,
1390 3699 1479 3757 solvit
1496 3720 1561 3758 eum
1573 3745 1583 3773 ,
1609 3712 1638 3758 et

66 3786 229 3866 διαλέγεται.
243 3787 296 3846 Καὶ
309 3787 335 3845 τί
347 3811 424 3867 φησιν
433 3813 440 3860 ;
450 3787 555 3868 Ἄνδρες
569 3789 675 3869 ἀδελφοί
685 3834 693 3860 ,
705 3789 757 3870 ἐγὼ
767 3790 839 3870 πάσῃ
886 3788 977 3865 jussit
985 3788 1150 3847 swadotes
1163 3790 1318 3847 conuenire
1332 3801 1360 3846 et
1375 3793 1635 3869 omncconcilium,
1684 3854 1694 3871 γ

67 3878 216 3950 συνειδήσει
229 3881 313 3958 ἀγαθῇ
329 3878 520 3956 πεπολίτευμαι
534 3883 572 3960 τῷ
586 3883 649 3961 Θεῷ
666 3882 730 3962 ἄχρι
743 3882 841 3956 ταύτης
857 3878 875 3924 Ε
891 3891 919 3936 et
929 3881 1091 3956 producens
1102 3880 1232 3938 Paulum
1246 3884 1350 3939 statuit
1360 3885 1437 3940 inter
1453 3883 1529 3943 iilos.
1543 3886 1571 3942 1.
1587 3887 1704 3947 Itu-cio.
1714 3914 1787 3946 τκιιι.

25 4014 29 4022 .
66 3973 116 4040 τῆς
130 3968 240 4048 ἡμέρας
251 3970 291 4030 Ὃ
304 3969 390 4049 λέγει,
403 3970 480 4029 τοῦτό
496 3974 566 4030 ἐστιν
579 3995 585 4008 ·
598 3976 626 4030 οὗ
637 3971 743 4032 σύνοιδα
757 3977 840 4053 ἐμαα-
893 3972 1013 4030 tendens
1022 3983 1122 4030 autem
1134 3974 1166 4028 in
1173 3971 1330 4031 concilium
1339 3973 1464 4044 Paulus,
1478 3975 1562 4033 dixit.
1575 3976 1636 4035 Non

66 4065 146 4141 τῷτι
161 4061 295 4133 ἠδικηκὼς
307 4066 390 4140 ὑμᾶς,
408 4061 465 4121 οὐδὲ
481 4061 551 4130 ἄξιον
563 4067 615 4122 τῶν
627 4065 730 4143 δεσμῶν
743 4067 841 4127 τούτων
889 4064 948 4144 jam
972 4062 1133 4139 tribunum,
1150 4062 1198 4122 sed
1210 4076 1294 4122 totam
1315 4064 1520 4127 multitudinem
1540 4081 1566 4127 et
1586 4089 1637 4151 po-

67 4153 206 4234 προίττων.
221 4154 258 4216 Τί
282 4147 349 4216 oiri
363 4153 515 4237 ἀρχιερεύς,
527 4154 592 4215 Δέον
613 4161 790 4236 κατανυγῆναι
803 4161 841 4240 ἐφ’
892 4154 989 4235 pulum
1009 4154 1164 4232 alloquitur.
1179 4153 1216 4213 Et
1237 4153 1306 4233 quid
1326 4153 1417 4214 dicit?
1433 4160 1634 4241 VirisratreS,

66 4237 107 4312 οἷς
118 4248 154 4315 εἰς
164 4246 242 4327 χάριν
259 4250 346 4307 αὐτῶν
359 4247 456 4315 ἀδίκως
466 4245 584 4320 ἐδέδετο,
595 4253 609 4307 ὁ
621 4245 648 4308 δί
660 4247 705 4307 καί
716 4272 842 4332 ιιροσειτι-γ
892 4267 944 4327 ego
959 4250 1040 4306 omni
1065 4249 1247 4306 conscientia
1271 4248 1349 4306 bona
1364 4264 1554 4313 conversatus
1571 4274 1637 4314 sum

66 4338 174 4413 τίθησι,
186 4339 231 4399 καί
245 4339 346 4399 κελεύει
365 4339 509 4399 τύπτεσθαι
528 4338 645 4399 αύτόν·θ
662 4341 707 4400 καί
722 4343 800 4414 δῆλον
815 4341 842 4411 ἐξ
893 4353 963 4399 σιτία
981 4341 1078 4399 Deum
1092 4360 1183 4418 usque
1200 4343 1232 4398 in
1252 4341 1426 4401 hodiernum
1437 4345 1522 4403 diem.
1534 4344 1566 4405 ld
1587 4361 1636 4419 est,

67 4422 106 4489 ὧν
116 4431 268 4548 ίιπέγαγεν·
280 4430 313 4492 Ὁ
326 4431 354 4491 δὲ
366 4429 502 4545 ἀρχιερεύς
511 4430 629 4499 Ἀνανίας
640 4441 693 4501 τοῖς
704 4438 842 4513 παρεστῶ-
893 4435 954 4490 Non
962 4431 1030 4491 mihi
1039 4431 1160 4490 conscius
1168 4451 1230 4491 sum
1238 4431 1311 4511 quod
1322 4454 1371 4493 vos
1382 4434 1506 4511 luserim,
1516 4437 1560 4498 vel
1570 4438 1638 4518 quid

67 4546 111 4582 σιν
135 4523 212 4583 αὐτον
224 4522 404 4592 'iniretis‘
374 4547 480 4583 τυπτειν
497 4526 574 4582 αυτοῦ
593 4522 623 4581 τὸ
648 4524 742 4602 στόμα.
765 4525 843 4586 Καλαί
893 4523 937 4581 his
956 4522 1072 4583 vinculis
1085 4521 1199 4602 dignum
1212 4523 1328 4583 fecerim.
1343 4525 1493 4608 Quidergo
1512 4530 1637 4611 princeps

66 4639 115 4693 γε’
130 4615 431 4698 ἔπιεικὴςδάρχιερεύς.
451 4614 520 4675 Τότε
537 4618 672 4686 attento<
686 4619 751 4698 πρὸς
765 4619 841 4678 αὐτὸν
851 4614 1171 4720 ωσαεειιίοιυιιιθίλιιτι
1182 4630 1343 4696 oporuusset
1357 4639 1512 4701 compungi,
1523 4622 1638 4699 quodni

66 4699 143 4766 εἷπε
136 4707 264 4767 τύπτειν
279 4732 309 4767 σε
324 4707 416 4786 μελλει
436 4712 450 4767 θ
468 4706 586 4778 Geli„
572 4716 646 4789 τοῖχε
665 4733 805 4787 κεκονιαμε
806 4734 843 4770 νε.
860 4728 1016 4788 Αιμευτιιιιι
1030 4706 1145 4785 gratiam
1158 4708 1257 4788 thuste
1269 4707 1369 4788 ligatus
1388 4710 1491 4789 suisset,
1507 4712 1553 4770 ute
1562 4712 1638 4771 ahud

68 4800 123 4860 Καὶ
136 4799 296 4882 σθκοίθηκρ
297 4799 358 4860 ίνων
379 4824 413 4879 με
427 4800 531 4859 κατά
507 4824 551 4859 τον
564 4800 655 4880 νόμον,
670 4801 716 4860 καί
726 4824 845 4881 παρανο
896 4800 999 4882 adjicit,
1014 4799 1127 4880 etjubet
1141 4821 1203 4860 cum
1220 4801 1365 4874 verberari,
1381 4802 1488 4880 quod
1466 4825 1505 4864 stc
1519 4804 1638 4865 declara-

67 4917 128 4971 μων
139 4891 467 4969 κελευειςμετυιττεσθαι,
481 4893 516 4951 Οἱ
531 4891 740 4972 δὲπαρεστῶτες
754 4883 844 4954 εἶπον·
896 4907 942 4955 tur
956 4898 1001 4954 :u
1017 4896 1157 4973 Princeps
1179 4907 1277 4954 autem
1292 4897 1476 4956 sacerdotum
1498 4900 1640 4962 Ananias

103 5083 184 5148 ·[Δ.
200 5081 271 5133 B.C.
286 5089 410 5152 προσέταξε
423 5105 444 5135 τ.
459 5107 482 5135 α.
496 5091 523 5136 τὸ
536 5093 619 5150 στόμα·
635 5095 687 5137 τότε
706 5091 836 5151 ίῐΙαῦλος,
888 5085 1121 5154 vimuchgobutur
1132 5093 1198 5147 καλές
1210 5110 1234 5153 γε
1246 5095 1282 5141 καί
1295 5086 1376 5152 tamid
1386 5089 1454 5155 quod
1466 5089 1644 5146 reddiditEra·
1737 5077 1741 5084 Ι

67 5161 171 5211 omissis
194 5157 292 5221 mediis,
314 5162 446 5224 qumcD„
460 5161 584 5214 Commel.
605 5174 631 5213 ct
654 5160 732 5215 Savil.
755 5176 839 5214 muu-
888 5167 977 5230 smus]

219 5262 290 5300 Tou.
316 5263 355 5300 tx.
507 5258 511 5267 ·
1468 5253 1506 5312 98
