3728 5978
596 451 627 497 ru
656 451 743 500 scra
771 451 1036 500 arosrouoauu.
1065 452 1182 502 nonu.
1212 454 1283 504 xxi.
1392 521 1397 530 1
1633 430 1696 504 ιὸύ

128 571 280 632 ἐπέστειλαν
304 577 527 655 παρακαλοῦντες
547 575 584 653 μὴ
601 577 711 647 ὀκνῆσαι
725 578 834 637 διιλθεῑν
854 576 903 643 iore
957 595 1004 634 nec
1014 575 1062 636 illa
1072 590 1176 637 mortua
1187 594 1262 638 esset.
1278 581 1442 639 Autronios
1453 591 1551 637 autem
1562 579 1698 657 discipuli

129 667 214 722 αότιῗιν.
230 663 320 744 Ὅρα,
335 669 371 725 δι’
389 666 487 748 ίτίρων
505 667 640 745 πέμπουσι
655 669 701 727 καὶ
712 671 846 728 καλοῦσιν.
869 666 903 727 Ὁ
956 670 1096 726 miserunt
1121 684 1275 749 rogantes,
1301 693 1336 730 ue
1354 675 1545 751 pigritaretur
1573 674 1698 728 transire

130 755 283 815 όὲπείθιται
296 756 344 815 καλ
359 757 440 832 ἥκει,
462 757 599 838 οᾶχίίόριν
613 758 767 840 τὀπρᾶγμα
780 758 903 836 νομίζων,
956 760 997 816 ad
1012 779 1068 820 eos.
1089 759 1181 839 Vide,
1203 783 1252 843 per
1265 762 1332 822 alios
1351 763 1462 822 mittunt
1482 776 1508 820 et
1525 775 1632 822 vocant.
1648 761 1698 822 tlte

132 849 355 920 πιληθῆναι·
325 874 397 910 ουτω
412 850 611 931 μίγαίιθλῖψις
626 853 740 932 ἀγαθόν·
752 858 830 912 τοῦτο
843 875 902 932 συγ
955 872 1018 912 vero
1037 853 1203 936 obtemperat
1218 870 1244 915 et
1267 858 1358 933 veuit;
1380 877 1429 916 nec
1448 856 1616 917 contumelia
1640 855 1699 915 loco

135 940 282 1050 ιροτεῖτὰς
297 942 434 1023 ἡμετέρας
453 943 551 1024 ίωχοίς.
571 945 697 1023 Οὐδαμοῖ
714 944 825 1012 κοπιτὸς
839 949 902 1019 ἐκεῖ,
954 943 1035 1004 babet
1055 947 1130 1024 quod
1150 962 1278 1009 vocetur:
1290 950 1326 1009 ita
1348 970 1475 1030 maguum
1497 963 1537 1007 est
1559 948 1699 1038 tribulatio

137 1034 241 1109 αὶόαμου
264 1039 372 1115 θρῆνος.
402 1035 552 1103 Λούσαντες
572 1035 669 1108 abr-br,
694 1036 793 1151 φησὶν,
805 1036 904 1109 ἔθηκαν
954 1035 1057 1095 bonum
1067 1039 1164 1118 ,qood
1179 1041 1283 1100 animas
1303 1056 1407 1101 nostras
1418 1041 1533 1121 copulet
1545 1041 1644 1100 Nullus
1660 1041 1700 1100 ibi

140 1125 299 1205 ἐνύπερῴῳ·
320 1127 443 1188 τουτέστι
453 1127 707 1241 ,τθιέπίνεκρῷ’
669 1153 755 1187 παντα
767 1128 903 1201 ἐποίησαν
955 1128 1044 1188 luctus
1055 1131 1204 1211 ,plauctus
1220 1133 1320 1193 nullus.
1342 1136 1438 1212 Quam
1453 1154 1520 1191 cum
1536 1133 1696 1206 lavassent,

142 1216 254 1282 Ἀναστὰς
273 1217 304 1279 δὲ
325 1217 431 1298 Πέτρος
454 1221 697 1288 σονῆλθινάυτοῖς.
715 1218 769 1279 Καὶ
788 1218 902 1280 ἀνελθὼν
953 1237 1113 1301 posuerunt
1133 1229 1165 1282 ιἰι
1184 1227 1355 1294 οισιιοοιιίος
1376 1224 1406 1284 id
1428 1238 1467 1284 est
1479 1269 1487 1302 ‚
1508 1224 1597 1282 omnio
1614 1225 1700 1284 secere

145 1309 353 1390 ιἰςιὸύπερῷον,
368 1311 421 1377 θεὶς
431 1310 466 1370 τό
479 1308 577 1391 γόνατα
589 1311 772 1393 προσηύξατο,
784 1311 830 1371 καί
842 1315 900 1371 ἐπι·
953 1336 1014 1393 quae
1029 1330 1135 1391 mortuo
1152 1319 1344 1399 competebant.
1365 1321 1533 1397 Exsurgeus
1554 1338 1626 1377 vero
1641 1321 1700 1377 Pe-

146 1401 244 1480 ττρέίντς
265 1403 333 1485 πρὸς
349 1403 382 1463 τὸ
404 1406 484 1481 σῶμα
507 1394 596 1462 εἶπεν·
615 1403 743 1479 Ταόηθὰ,
764 1405 902 1476 ἀνάστηθι.
955 1420 1035 1479 trus,
1052 1413 1218 1469 venitatem
1236 1411 1308 1471 illis.
1333 1412 1456 1469 Etcum
1474 1412 1652 1470 ascendisset
1669 1415 1701 1468 ιἰι

148 1496 180 1552 (λθ
192 1495 275 1553 πάντα
289 1503 425 1574 συγχωρεῖ
438 1500 453 1555 θ
464 1496 532 1562 Θεὸς
548 1495 616 1574 μετὰ
628 1500 677 1567 τῆς
689 1499 770 1568 αὐτῆς
784 1496 904 1564 εὐκολίας
919 1505 938 1553 G
955 1503 1147 1574 coenaculum,
1159 1507 1261 1582 positis
1273 1507 1393 1583 genibus
1408 1506 1519 1575 oravit,
1536 1517 1563 1561 et
1578 1524 1700 1563 couver-

150 1584 294 1664 ιθόνμεῖα
307 1588 476 1671 ἐργάζεσθαι.
491 1590 578 1647 Τοῦτο
591 1586 619 1647 δὲ
634 1587 728 1657 critob<
738 1588 843 1669 ὠφέλει.
861 1591 902 1648 Οὐ
955 1612 1005 1651 sus
1025 1594 1066 1652 art
1092 1614 1195 1673 corpus
1222 1596 1319 1654 dixit:
1356 1594 1496 1664 rabitur,
1521 1614 1613 1674 surge.
1642 1597 1700 1653 Non
1730 1594 1733 1599 ⁹

150 1677 233 1758 γλρδὴ
257 1678 338 1756 μόνον
359 1683 408 1750 τῆς
429 1682 483 1738 τῶν
501 1680 590 1739 ἄλλων
606 1681 741 1761 ἐφρόντιζε
761 1679 903 1759 σωτηρίας,
955 1683 1046 1742 omnia
1062 1684 1194 1765 permittit
1208 1688 1281 1744 Deus
1302 1686 1378 1765 sigua
1398 1706 1459 1744 cum
1470 1684 1563 1745 eadem
1576 1687 1703 1746 facilitate

151 1771 203 1828 ont
223 1771 269 1830 καὶ
287 1777 337 1844 τῆς
351 1775 448 1832 αὐτῶν.
470 1771 505 1831 Ὁ
518 1777 624 1852 γοῦντῇ
637 1781 700 1851 σκιᾶ
711 1771 849 1838 τοσούτους
859 1777 902 1830 θε-
956 1773 1025 1833 ficri.
1040 1775 1098 1834 Hoc
1111 1790 1199 1835 autem
1214 1776 1269 1835 illis
1282 1777 1417 1857 proderat.
1438 1780 1498 1836 Nou
1515 1778 1703 1838 enimtantum

151 1864 269 1940 ματεύειν,
280 1872 326 1924 νῦν
349 1870 467 1924 τοσαῦτα
490 1863 557 1944 πρὸς
584 1865 614 1925 τὸ
633 1863 808 1936 ἐξαναστῆσαι
824 1872 903 1924 ποιεῖ.
955 1866 1071 1924 aliorum
1094 1868 1208 1926 salutem
1238 1868 1371 1945 curabat,
1398 1868 1546 1927 sedetiam
1570 1869 1700 1950 ipsorum.

149 1953 250 2016 butt
263 1955 331 2017 ὅπου
344 1955 418 2030 καὶὴ
432 1955 568 2023 πίστις
532 1980 585 2014 των
595 1978 756 2038 προσιοντων
770 1955 903 2036 συνήργει.
957 1957 1012 2028 Qui
1031 1978 1094 2038 ergo
1116 1960 1211 2018 umbra
1226 1981 1274 2018 sua
1291 1974 1329 2018 tot
1349 1913 1472 2019 liomines
1488 1959 1614 2035 curabat,
1632 1983 1703 2020 nrum

147 2039 289 2118 tm*
257 2071 303 2106 ουν
322 2047 432 2128 πρώτην
451 2047 546 2128 νεκρλν
560 2042 694 2121 ἀνίστησι,
710 2050 799 2108 καλῶν
812 2048 839 2117 ἐξ
848 2046 904 2108 ὀνο
958 2066 997 2111 tot
1012 2066 1140 2131 tantaque
1151 2052 1212 2111 facit
1224 2053 1261 2111 ad
1274 2053 1350 2112 illam
1369 2052 1549 2113 excitandam.
1564 2053 1702 2112 lntcrdun·

146 2164 225 2217 ματος·
249 2139 378 2214 ἡκαί”
358 2163 451 2222 ωσπερ
471 2141 498 2208 ίξ
520 2138 601 2199 ύπνω
621 2144 773 2221 ὶγιρθιῖσα,
800 2144 904 2220 πρῶτον
958 2143 1039 2203 etiam
1048 2143 1118 2203 fides
1131 2143 1315 2203 accedentium
1327 2137 1529 2247 cooperabatur
1546 2143 1622 2204 Hanc
1641 2167 1704 2225 ergo

145 2233 217 2303 ιίνοιξι
236 2233 299 2301 τοὺς
321 2231 486 2315 όφθαλμολς,
507 2223 565 2292 ε’ίτα
587 2233 660 2301 εὐθυς
682 2233 815 2292 ibooorr⁸
790 2257 834 2294 τον
850 2232 905 2292 Πί
957 2237 1075 2319 primam
1091 2250 1225 2296 mortuam
1239 2237 1367 2314 suscitat,
1384 2236 1492 2296 nomine
1511 2256 1628 2295 vocaus·
1620 2259 1704 2315 ‚quae

144 2350 191 2406 spor
214 2327 379 2401 ἀνειόθισε,
402 2327 448 2386 καί
462 2327 612 2386 τελευταῖον
626 2326 729 2386 ἀπὸ
696 2351 744 2398 της
757 2325 845 2407 χειρὸς
858 2331 906 2399 τῆς
957 2329 1035 2407 quasi
1054 2349 1089 2387 ex
1114 2350 1207 2389 somno
1227 2330 1432 2410 expergefacta,
1458 2328 1577 2410 primum
1600 2331 1705 2410 aporuit

144 2419 200 2498 ιφῆς
213 2426 380 2501 στεριῶται.
407 2418 446 2479 m
468 2416 498 2477 δί
522 2441 568 2496 μοι
584 2417 679 2478 σκόπει
699 2442 731 2478 το
718 2417 888 2498 κέρδος
847 2443 904 2486 πως
958 2422 1069 2500 oculos,
1100 2419 1199 2480 deinde
1221 2421 1312 2481 statim
1338 2420 1434 2481 videns
1459 2424 1591 2499 Petrum,
1617 2421 1704 2492 sedit,

144 2513 230 2586 πολιν,
245 2512 294 2571 καὶ
316 2512 362 2571 τὸν
380 2511 483 2591 καρπὸν
498 2511 528 2570 οὗ
541 2510 606 2591 πρὸς
619 2510 743 2579 ἐπίδειξιν
757 2511 828 2571 ὄντα.
854 2508 906 2569 Διὰ
924 2527 943 2574 b
958 2514 1148 2592 demumquea
1162 2528 1234 2573 tactu
1248 2535 1344 2573 manns
1355 2514 1488 2573 firmatur.
1503 2515 1548 2571 Tu
1561 2536 1626 2574 vero
1637 2515 1705 2574 mihi

144 2609 207 2664 τοῖτο
219 2609 283 2681 γαῖν
300 2604 349 2663 καί
363 2602 490 2664 ἐνιόόλλει
499 2602 601 2669 πάντας
614 2601 673 2674 ἔξω,
692 2603 737 2663 τὸν
748 2603 905 2663 διδάσκαλον
958 2608 1066 2666 lucrum
1088 2604 1246 2681 considera,
1269 2603 1404 2684 quomodo
1428 2605 1525 2663 iterum
1546 2606 1649 2664 finctus
1671 2606 1707 2664 sit

102 2729 105 2740 =
143 2700 180 2756 τόν
195 2695 282 2776 τούτῳ
294 2694 470 2774 μιμούμενος.
496 2694 580 2755 Ἔνθα
595 2695 647 2777 γὰρ
660 2693 777 2775 δάκρυα,
791 2702 905 2756 τοιοῦτον
959 2719 1012 2756 non
1026 2695 1062 2754 ad
1074 2696 1285 2755 ostentationem.
1311 2695 1374 2754 ldeo
1388 2716 1451 2754 sane
1464 2716 1557 2754 omnes
1571 2691 1644 2755 ‘foras
1657 2697 1705 2776 eji-

143 2788 276 2869 μιατιίριον
289 2791 321 2848 οὗ
336 2789 377 2847 δεῖ
388 2790 529 2848 τελεῖσθαι·
545 2790 645 2867 μᾶλλον
660 2786 697 2860 δὲ,
704 2786 766 2846 ἔνθα
774 2787 905 2865 θαύματα,
959 2789 996 2849 cit
1003 2834 1013 2862 ,
1029 2788 1058 2846 in
1070 2788 1122 2846 hoc
1135 2786 1296 2865 Magistrum
1310 2786 1439 2845 imitatus.
1460 2785 1515 2844 Ubi
1534 2787 1605 2844 enim
1615 2787 1705 2867 lacry-

142 2884 210 2943 ὠθεῖ
222 2881 328 2964 δόιιρια
337 2891 472 2962 παρεῖναι.
488 2880 639 2953 Ἀκούσατε,
651 2883 812 2962 παρακαλῶ,
826 2883 850 2940 τί
860 2880 906 2939 καί
959 2901 1011 2939 mae
1032 2892 1115 2956 sunt,
1139 2900 1192 2938 non
1206 2891 1312 2959 oportet
1329 2890 1434 2937 tantum
1448 2877 1608 2959 mysterium
1623 2879 1705 2959 perfi-

143 2974 303 3052 μὴτοιοῖπύν
320 2997 348 3033 τι
366 2973 484 3052 γίνεται,
499 2973 627 3034 ἀλλὰκαὶ
644 2977 791 3041 ίντοῖςνῦν
807 2983 908 3054 νεκροῖς
960 2972 1010 3049 ci;
1034 2971 1090 3031 imo
1119 2971 1166 3030 ubi
1193 2984 1255 3029 sunt
1290 2970 1435 3044 miracula,
1468 2991 1520 3029 non
1550 2969 1626 3030 decet
1650 2993 1705 3030 esse

142 3067 200 3146 μίγα
218 3070 335 3127 τελεῖται
350 3065 506 3146 μυστήριον.
522 3066 588 3127 Erat
602 3065 634 3138 δή
648 3089 702 3144 μοι,
716 3069 740 3125 τί
751 3065 906 3144 καθημέναν
958 3064 1101 3145 lacrymas.
1114 3060 1223 3138 Audite,
1232 3082 1331 3140 quaeso,
1346 3061 1395 3120 etsi
1408 3082 1460 3120 uon
1474 3060 1540 3141 quid
1553 3062 1705 3143 similejam

142 3158 503 3246 ηιανεπιμψενθβααιλιυς
509 3183 569 3218 τινα
578 3160 667 3218 καλων
679 3161 716 3226 εἰς
730 3157 906 3238 τὰβασιλεια,
959 3158 1027 3234 bat,
1042 3170 1131 3216 umen
1145 3176 1217 3215 nunc
1234 3155 1315 3213 etiam
1334 3153 1360 3212 in
1376 3153 1488 3213 mortuis
1502 3175 1631 3259 magnum
1642 3176 1703 3237 my-

142 3253 230 3311 bauo
249 3251 501 3330 ἔδεικαίθρηνεῖν;
516 3249 689 3330 ''Ayycbor
651 3276 691 3312 πα
693 3251 850 3331 ρεισινέξ’
825 3274 905 3332 ουρα-
958 3249 1070 3310 sterium
1092 3247 1242 3329 perficitur.
1269 3246 1321 3306 Dic
1343 3260 1433 3306 autem
1459 3247 1549 3305 mihi:
1576 3247 1599 3306 si
1626 3247 1704 3307 nobis
1850 3307 1854 3316 ,

142 3341 392 3420 ιυνόπισταλμενοι
402 3346 524 3403 κάκιιθεν
534 3343 652 3417 ἥκοντες
665 3347 729 3422 παρ’
743 3347 822 3404 αὐτοῦ
833 3367 905 3459 πεμ-
958 3340 1113 3402 sedentibus
1135 3343 1284 3421 imperator
1302 3339 1457 3419 quempiam
1480 3339 1508 3398 in
1530 3340 1631 3419 regiam
1654 3361 1741 3409 νυ·,,
1744 3300 1857 3410 22222,
1812 3314 1856 3347 ⁰⁰¹¹

144 3436 299 3512 φίόπιςτου
249 3434 450 3514 τοῦβασιλέως
463 3435 508 3495 τὸν
521 3434 659 3496 σύνδουλοι
673 3435 821 3495 καλέσαι“
797 3460 842 3495 τον
857 3439 905 3494 αύ-
922 3446 942 3493 E
958 3449 1038 3511 caret,
1055 3454 1089 3492 an
1104 3432 1224 3493 flendum
1234 3446 1260 3491 et
1273 3430 1423 3511 lugendum
1439 3432 1526 3490 esset?
1546 3432 1642 3511 Angeli
1654 3432 1766 3492 ιιύ-ωτι
1713 3382 1766 3473 ίίίλ
1777 3427 1826 3470 ¹¹¹¹
1786 3443 1855 3484 ⁰¹8¹·

144 3531 202 3585 αἰν·
196 3528 261 3588 wat
275 3526 310 3587 ab
328 3527 445 3598 κλαίεις;
466 3529 525 3586 Οὐκ
540 3516 611 3594 οἶδας
624 3517 677 3587 οἷον
692 3527 821 3608 μυστόρ
799 3551 835 3585 ιον
849 3531 906 3587 ἐστι
959 3541 1021 3586 sunt
1039 3526 1074 3585 de
1091 3525 1156 3585 caelo
1176 3524 1252 3584 missi
1265 3523 1412 3602 ,indeque
1425 3523 1576 3601 venientes,
1592 3524 1628 3583 ab
1644 3491 1736 3606 ipsodi
1761 3507 1838 3552 qum

143 3644 168 3680 το
176 3646 327 3699 γινομενον
354 3624 412 3688 πῶς
430 3643 538 3700 φρικτον
549 3622 594 3679 καί
605 3620 735 3702 φοόερὸν
757 3619 803 3679 καί
816 3618 905 3698 ὕμνων
959 3625 1032 3703 Rege
1065 3621 1159 3695 missi,
1187 3634 1218 3680 ut
1253 3641 1413 3681 conservum
1433 3640 1522 3680 suum
1545 3634 1661 3695 vocent,
1678 3636 1704 3681 et

144 3710 500 3792 ’ἆξωνόντωικαίχαρᾶςὶ
575 3751 581 3759 ¹
959 3730 989 3776 tu
1014 3715 1131 3797 ploras?
1156 3714 1250 3773 Nescis
1269 3713 1348 3795 quale
1370 3713 1405 3771 sit
1427 3712 1588 3794 mysterium
1615 3667 1701 3788 inid,

401 3844 405 3855 ·
959 3830 1041 3889 qnam
1053 3805 1243 3879 horrendum,
1267 3814 1349 3885 quam
1371 3804 1560 3882 tremendum,
1582 3826 1614 3865 ac
1640 3828 1704 3866 nero
1804 3855 1838 3898 ,Ι

959 3907 1071 3990 hymnis
1090 3906 1244 3986 gaudioque
1263 3905 1402 3986 dignum?

177 4007 269 4066 Βούλει
287 4012 392 4083 μαθεῖν,
411 4005 455 4064 ἵνα
471 4005 607 4085 είδῇς,ότι
619 4006 679 4085 οὐχὶ
691 4004 811 4084 δακρύων
822 4012 836 4066 ὁ
849 4032 906 4067 κα,
999 4001 1028 4060 ί.
1046 3999 1098 4061 Vis
1110 3998 1213 4057 discere
1223 3995 1275 4055 boc
1294 4017 1347 4056 non
1367 4018 1424 4057 esse
1441 4012 1546 4079 tempus
1569 4000 1703 4081 lacryma·
1801 4014 1804 4019 ’

143 4100 191 4178 μ’ς,
202 4103 260 4171 Τῆς
276 4100 409 4158 sueton
431 4096 523 4177 σοφίας
543 4096 666 4175 μέγιστόν
682 4101 739 4157 ἐστι
756 4103 834 4158 τοῦτο
854 4125 906 4179 μο-
960 4093 1039 4154 rum?
1051 4090 1104 4151 Dei
1118 4090 1253 4169 sapientia
1262 4089 1412 4149 maximum
1422 4091 1474 4150 hoc
1482 4105 1521 4151 cst
1532 4094 1703 4174 mysterium.

142 4190 249 4269 ττίριον.
263 4187 437 4269 Ὣτπιργόρ
451 4212 510 4248 τινα
520 4188 605 4247 οἰκίαν
621 4191 744 4269 ἀφιεῖσα,
757 4188 876 4269 πρόεισιν
890 4197 906 4264 ἡ
962 4185 1059 4245 Anima
1073 4183 1174 4264 quippe
1193 4203 1243 4242 ceu
1257 4181 1370 4241 domum
1393 4183 1550 4264 quampiam
1566 4184 1702 4262 deserens,

142 4282 206 4360 qu
219 4283 287 4364 πρὸς
306 4281 354 4340 τὸν
367 4283 462 4352 θαντῆς
484 4279 640 4360 ἐπειγομένη
655 4280 806 4354 Δεσπότην·
826 4280 858 4342 σὺ
880 4285 908 4344 δὲ
960 4277 1049 4360 pergit
1061 4277 1097 4335 ad
1109 4276 1258 4334 Dominum
1285 4296 1379 4352 suum;
1394 4289 1424 4336 tu
1435 4298 1502 4338 vcro
1526 4277 1623 4358 luges?
1645 4280 1703 4340 Hoc
1743 4332 1764 4358 ·.

142 4379 248 4446 πενθεῖς,
262 4376 371 4432 (λἰκοῦν
393 4372 439 4431 καί
459 4371 614 4450 τικτομένου
637 4378 683 4430 τοῦ
704 4374 810 4434 παιδίου
833 4383 909 4436 τοῦτο
960 4391 1025 4450 ergo
1037 4391 1100 4429 cum
1113 4389 1181 4449 puer
1196 4367 1316 4427 nascitur
1324 4369 1411 4428 {acere
1423 4382 1570 4449 oporteret:
1587 4393 1647 4431 nam
1659 4373 1704 4431 hic

144 4475 219 4525 ποιεῖν
232 4470 328 4547 ἐχρῆν·
345 4464 391 4524 καί
404 4464 456 4546 γὰρ
471 4470 548 4524 τοῦτο
560 4464 636 4531 τόκος
650 4463 721 4524 ἐστίν
735 4466 834 4526 ἐκείνου
848 4469 908 4547 βελ-
960 4479 1054 4547 partus
1067 4464 1115 4522 illo
1129 4463 1223 4523 melior
1248 4477 1296 4523 est.
1312 4464 1402 4544 Pergit
1415 4464 1487 4524 enim
1500 4466 1537 4526 ad
1560 4466 1643 4526 aliam
1662 4468 1703 4526 lu·

145 4556 613 4640 τίων.11ρόεισιγθρίφέτερον
574 4580 646 4637 φως,
660 4557 838 4618 ἀπολύεται
818 4583 908 4640 ωσπερ
960 4581 1027 4633 cem,
1042 4557 1158 4617 solvitur
1166 4578 1240 4634 quast
1251 4578 1285 4615 ex
1296 4557 1412 4617 vmculrs
1429 4559 1553 4633 carceris,
1578 4560 1654 4639 quasi
1669 4581 1704 4619 ει

148 4649 505 4732 θτύθεσμωτηρίουτινος,“
491 4674 527 4716 ως
545 4650 599 4709 ἀπὸ
613 4652 713 4729 ἀγωνος
733 4649 819 4719 ἔξεισι.
834 4653 905 4724 Ναί,
916 4671 1045 4754 magone
1058 4646 1176 4728 quodam
1190 4647 1335 4727 egreditur.
1359 4648 1495 4725 Etiam‚'
1487 4651 1603 4728 inquies,
1627 4650 1656 4709 id
1670 4650 1704 4711 de

150 4741 235 4818 ymb
255 4743 298 4803 ἐπὶ
318 4740 415 4819 μὴ’
378 4767 432 4802 των
450 4741 594 4818 ὥδοκίμων
616 4744 704 4809 καλως
716 4765 800 4800 ταυτα
814 4743 907 4823 λέγεις.
916 4713 1054 4825 Aprolus
1064 4739 1221 4800 rectedrcrs
1237 4740 1273 4799 Et
1293 4740 1362 4818 quid
1384 4742 1437 4800 hoc
1456 4741 1491 4800 ad
1510 4757 1576 4820 te,o
1600 4743 1704 4803 homo?

154 4833 199 4890 ta
206 4834 365 4916 τίπρὸςαὲ,
378 4835 516 4914 ἄνθρωπε,
529 4833 622 4914 συγίιρ
633 4832 691 4895 οὐδὲ
706 4835 749 4894 ἐπί
764 4834 909 4914 εὐδοκίμων
961 4850 990 4896 tu
1005 4834 1078 4894 enim
1099 4853 1162 4912 erga
1176 4831 1275 4912 probos
1284 4852 1337 4891 non
1349 4833 1401 4892 boc
1414 4854 1481 4913 agis
1492 4834 1545 4894 Dic
1554 4836 1703 4912 veromrhr

156 4929 313 4995 τωτοποιιῖς.
325 4927 393 4988 Etnt
406 4926 441 4998 δή
455 4949 520 5004 μοι,
532 4925 557 4984 τί
570 4950 615 4987 του
598 4926 732 4986 παιδίου
744 4932 911 5006 καταγνῶναι
963 4926 1070 5008 quidm
1094 4924 1209 5008 parvulo
1223 4924 1325 4986 intanto
1338 4926 1587 5007 reprehendendum
1600 4929 1705 4990 habes?

193 5215 200 5236 ι
211 5199 264 5252 ‚ttius
274 5218 348 5272 σημεῖα
363 5213 467 5259 ἐποίουν.
482 5208 548 5256 τοῦτο
561 5206 592 5255 δι.
985 5203 1080 5254 bttnm
1088 5199 1152 5253 God.
1165 5208 1225 5263 ἀξιον
1234 5208 1302 5261 ὄντως
1310 5208 1347 5254 καὶ
1360 5208 1432 5254 airon.
1516 5189 1520 5195 ⁸
