3728 5978
558 445 592 496 ιιι
619 448 725 497 misr.
755 447 800 495 un
828 446 907 495 nou.
935 445 1053 495 uomu.
1081 445 1141 496 uu.
1557 422 1622 495 θοι

64 577 157 646 ἅπλῶς
168 577 266 638 τέθεικε
276 576 320 636 τὸν
335 575 454 647 θάνατον,
468 572 537 634 ἀλλὰ
550 573 631 633 πάλιν
640 572 685 632 τδν
698 577 782 632 ταῦτα
792 568 879 670 ἐρῑχδ
890 585 1002 629 οιοιιοιιι
1011 570 1113 650 posuit,
1126 569 1172 630 sod
1183 590 1275 657 rursus
1287 589 1393 632 crucem
1405 569 1464 629 haeo
1477 581 1631 650 operantur

64 670 215 750 γασάμενον
237 669 282 727 τδν
304 667 416 746 σταυρὸν
429 665 570 746 εἰσήγαγε,
586 664 730 744 καὶταύτῃ
752 667 835 723 ποιῶν
890 659 1015 735 induxit,
1029 659 1079 719 bac
1100 661 1202 720 ratione
1222 682 1271 721 nos
1283 661 1415 721 obnoxios
1431 660 1556 722 reddens,
1569 666 1629 723 Non

65 770 140 840 ἡμᾶς
152 760 315 826 ὑπευθύνους.
329 761 369 818 Οὐ
380 758 431 839 γδιρ
442 761 542 830 ἁπλῶς,
556 755 738 835 ἀπηλλάγητε,
749 755 838 836 ρητίν,

68 855 153 928 ἀλλὰ,
165 854 216 914 Διά
224 859 270 912 τοῦ
282 851 394 912 θανάτου
405 857 449 910 τοῦ
463 851 625 910 δεσποτικοῦ.
638 847 839 919 Ἐθανατάιθητε

70 947 139 1030 γάρ,
152 946 231 1027 φησί,
246 948 284 1025 τῷ
298 944 371 1023 νόμῳ
388 942 432 1002 δεδι
445 949 491 1001 τοῦ
504 939 627 1019 σώματος
649 948 695 1002 τοῦ
715 943 840 1022 Χριστοῦ.

71 1043 131 1101 Οὐκ
151 1043 267 1099 ἐντεῦθεν
289 1037 316 1094 δέ
334 1034 479 1116 προτρέπει
492 1032 581 1110 μόνον,
595 1033 664 1093 ἀλλά
678 1033 723 1094 καλ
745 1036 775 1102 ἐκ
794 1037 842 1103 τῆς

71 1136 205 1213 ὑπεροχῆς
216 1135 261 1190 τοῦ
272 1130 392 1208 δευτέρου
405 1126 511 1206 ἀνδρός·
524 1127 564 1186 διδ
577 1126 622 1185 καί
634 1125 782 1206 ἐπήγαγεν·
793 1127 843 1192 Εἰς

70 1228 104 1286 τδ
110 1227 229 1304 γενέσθαι
238 1228 306 1301 ὑμᾶς
314 1221 396 1302 ἑτέρῳ
405 1224 459 1298 ,τῷ
470 1223 500 1278 ἐκ
509 1221 607 1299 νεκρῶν
619 1218 757 1299 ἐγερθέντι.
766 1208 843 1292 bita,

71 1317 118 1376 im
139 1316 175 1393 μή
195 1313 308 1392 λέγωσι,
333 1311 359 1370 τί
378 1300 432 1382 οῦν,
447 1311 477 1369 ἀν
494 1310 531 1388 μή
552 1309 708 1388 βουλώμεθα
730 1307 843 1389 δευτέρῳ

72 1412 201 1487 ὁμιλῆσαι
215 1406 304 1487 ἀνδρί;
317 1403 391 1484 δγδιρ
402 1402 481 1479 νόμος
492 1402 539 1474 τήν
550 1400 718 1484 χηρεύουσαν
733 1405 762 1461 οὐ
774 1410 844 1460 ποιεῖ

73 1500 125 1579 μέν
135 1491 201 1559 εἶναι
213 1494 357 1576 μοιχαλίδα
371 1494 501 1575 δευτέροις
514 1494 680 1571 δμιλήσασαν
692 1492 802 1574 γάμοις,
816 1493 845 1552 ού

890 751 963 810 euim
977 752 1145 832 simpliciter,
1161 754 1260 831 inquit,
1277 754 1396 813 Liberali
1410 755 1484 829 estis,
1499 753 1556 827 sod,
1573 758 1633 815 Per

892 858 1013 902 mortem
1032 847 1164 904 Domini.
1179 847 1355 926 Mortificati
1375 850 1452 905 euim
1470 850 1539 906 estis
1563 848 1631 927 legi,

892 935 999 1014 inquit,
1010 957 1063 1016 per
1076 959 1179 1017 corpus
1199 939 1318 999 emisit.
1332 941 1425 1017 Neque
1443 938 1507 998 bine
1529 952 1634 998 tantum

894 1028 1027 1104 bortatur,
1037 1028 1083 1088 sed
1096 1030 1177 1089 etiam
1188 1029 1326 1090 asecuudi
1336 1030 1389 1089 viri
1397 1030 1567 1090 excellentia:
1576 1028 1635 1088 ideo

896 1121 1050 1201 subjungit:
1065 1125 1104 1181 Ut
1114 1126 1178 1182 sitis
1191 1144 1247 1183 uos
1254 1125 1387 1200 alterius,
1402 1127 1453 1203 qui
1466 1145 1502 1182 er
1515 1127 1637 1184 mortuis

896 1217 1063 1273 resurrexit.
1075 1213 1180 1273 Deinde
1190 1235 1224 1273 ne
1235 1213 1336 1287 dicant,
1350 1213 1509 1296 Quidergo,
1522 1214 1546 1274 si
1555 1216 1638 1274 uolu-

897 1325 958 1364 mus
975 1326 1038 1365 cum
1051 1306 1133 1364 altero
1148 1306 1209 1365 viro
1224 1306 1365 1388 copulari?
1376 1306 1421 1366 lex
1440 1307 1512 1366 enim
1525 1307 1639 1368 viduam

898 1418 958 1476 quae
989 1395 1146 1476 conjugium
1169 1397 1259 1473 iterat,
1287 1396 1438 1457 adulteram
1464 1419 1517 1458 uon
1552 1399 1638 1471 lucit,

899 1507 1045 1554 nontamen
1069 1494 1165 1552 iterare
1191 1497 1261 1574 cogit
1281 1515 1336 1553 :ne
1366 1495 1452 1573 igitur
1463 1494 1516 1554 boo
1541 1494 1642 1572 dicant,

76 1593 130 1670 μὴν
145 1591 286 1670 ἀναγκάζει
299 1591 443 1666 ὁμιλῆσαι·
458 1586 491 1646 ἵν’
507 1576 551 1646 οῦν
575 1586 613 1665 μὴ
636 1591 712 1647 τοῦτο
729 1585 844 1665 λέγωσι,
863 1585 882 1632 Β
901 1584 1017 1645 ostendit
1037 1607 1073 1646 ex
1095 1587 1148 1657 iis,
1165 1607 1226 1665 qnae
1251 1587 1422 1668 accepimus,
1444 1607 1493 1646 nos
1519 1585 1549 1646 id
1573 1588 1644 1665 vdie

74 1683 205 1743 δείκνυσιν
219 1681 260 1742 ὅτι
274 1681 319 1740 καί
331 1685 362 1740 ἐκ
371 1685 423 1738 τῶν
436 1678 612 1757 ὑπηργμένων
623 1677 676 1748 ἤδη
688 1681 751 1755 ἡμῖν
768 1681 847 1756 ’βου-

75 1780 191 1849 ληθῆναι
215 1776 270 1833 δεῖ·
290 1773 354 1852 ὅπερ
376 1770 421 1831 καί
443 1773 560 1851 ἀλλαχοῦ
574 1769 732 1850 σαφέστερον
745 1769 847 1842 τίθησι,

76 1868 172 1945 λέγων,
188 1868 247 1925 Οὐκ
269 1862 328 1923 έστέ
354 1866 466 1922 ἑαυτῶν·
488 1862 545 1935 καί,
559 1864 649 1940 Τιμῆς
670 1860 848 1942 ἠγοράσθητε·

79 1960 143 2033 καί,
156 1957 203 2029 Μὴ
218 1958 320 2038 γίνεσθε
340 1957 426 2015 δοῦλοι
442 1954 601 2035 ἀνθρώπων·
624 1953 670 2013 καί
694 1953 786 2023 πάλιν,
804 1944 850 2019 Εἷς

79 2054 148 2134 ὑπὲρ
161 2053 267 2113 πάντων
285 2051 422 2120 ἀπέθανεν,
435 2048 478 2108 ίνα
491 2050 515 2107 οἱ
526 2051 621 2116 ζῶντες
633 2045 728 2124 μηκέτι
750 2043 852 2114 έαυτοῑς

82 2150 173 2219 ζῶσιν,
183 2143 252 2204 ἀλλά
264 2147 302 2222 τῷ
314 2140 380 2223 ὑπὲρ
395 2143 481 2200 αὐτῶν
500 2137 666 2199 ἀποθανόντι.
685 2140 771 2198 Τοῦτο
792 2146 852 2218 γοῦν

81 2237 129 2296 καί
143 2241 252 2296 ἐνταῦθα
265 2233 372 2312 ᾐνίξατο
391 2230 482 2300 εἰπὼν,
501 2229 552 2290 Aul
572 2238 617 2291 τοῦ
634 2229 765 2310 σώματος.
786 2222 854 2290 Εἶτα

82 2329 129 2387 καί
144 2327 285 2408 προτρέπει
300 2335 358 2393 ταῖς
379 2324 524 2404 κρείττοσιν
547 2322 652 2391 ἐλπίσι,
670 2322 773 2401 λέγων·
795 2321 855 2382 Ἵνα

83 2419 329 2500 καρπορορήσωμεν
342 2421 380 2496 τῷ
394 2418 466 2494 Θεῷ.
483 2413 553 2473 Τότε
570 2411 685 2495 μὲνγὰρ
703 2417 854 2493 ἐκαρπορο-

86 2521 154 2592 ρεῖτε
168 2515 206 2590 τῷ
221 2509 340 2590 θανάτῳ,
354 2506 435 2587 puel,
449 2511 494 2564 νῦν
519 2504 546 2563 δέ
568 2510 606 2585 τῷ
625 2509 697 2585 Θεῷ.
722 2505 789 2565 Ὅτε
805 2504 857 2586 γδρ

84 2594 152 2680 ἦμεν
163 2606 188 2661 έν
200 2605 232 2680 τῇ
246 2599 339 2680 σαρκί,
353 2598 387 2658 τά
398 2597 546 2674 παθήματα
554 2602 606 2656 τῶν
621 2598 758 2677 ἁμαρτιῶν
766 2597 801 2657 τά
813 2595 857 2656 διδ

900 1691 1052 1758 oportere:
1076 1677 1150 1756 quod
1177 1678 1242 1737 alibi
1271 1677 1371 1737 clarius
1407 1679 1508 1755 effert,
1530 1678 1644 1754 dicens,

902 1772 972 1831 Non
982 1773 1052 1830 estis
1058 1773 1138 1851 juris
1147 1774 1253 1840 vestri·
1266 1785 1308 1846 ot,
1325 1774 1426 1830 Pretio
1440 1776 1510 1831 emti
1521 1777 1590 1833 estis
1596 1797 1608 1843 ,·
1619 1787 1645 1833 et
1659 1808 1678 1839 ι.
1690 1789 1740 1834 cm.
1761 1787 1786 1835 6.

903 1861 1003 1920 Nolite
1020 1863 1092 1939 fieri
1101 1866 1178 1921 servi
1200 1864 1371 1934 homimem,-
1383 1876 1408 1933 et
1428 1885 1539 1941 rursus,
1564 1868 1645 1925 Unus
1658 1869 1787 1962 223²&ss

902 1973 956 2033 pro
971 1956 1107 2012 ominibus
1126 1967 1256 2014 mortuus
1269 1966 1322 2027 est,
1342 1965 1374 2013 ut
1387 1958 1439 2035 ριιί
1452 1959 1568 2034 vivunt,
1583 1960 1647 2037 jum
1658 1993 1681 2026 ι.
1701 1931 1755 2023 cir
1774 1947 1797 2019 δ.

907 2065 965 2103 nou
982 2048 1038 2104 sibi
1051 2048 1168 2117 vivant,
1184 2048 1237 2105 sed
1247 2047 1284 2117 ei,
1302 2051 1353 2126 qui
1365 2067 1418 2126 pro
1433 2052 1501 2127 ipsis
1516 2063 1648 2110 mortuus
1663 2042 1697 2087 ¹⁵·

908 2152 959 2197 est.
971 2138 1029 2197 lioc
1041 2158 1103 2216 ergo
1113 2138 1158 2197 bic
1169 2160 1274 2216 quoque
1284 2138 1465 2200 subindicavit
1473 2141 1576 2216 dicens,
1592 2146 1651 2204 Per

909 2231 1131 2311 corpus.l)ein‹ie
1146 2253 1194 2312 per
1210 2232 1347 2291 meliorem
1361 2254 1437 2314 spem
1456 2233 1591 2310 bortatur,
1604 2236 1649 2296 di-

909 2343 989 2383 cens:
1003 2325 1043 2382 Ut
1049 2323 1264 2404 fructificemus
1273 2326 1348 2383 Deo.
1364 2327 1443 2385 Tunc
1453 2327 1525 2386 enim
1537 2328 1653 2388 fructifi·
1696 2348 1699 2352 ·

910 2416 1013 2476 cebetis
1037 2416 1129 2490 morti,
1150 2417 1249 2495 inquit,
1264 2439 1336 2477 nuuc
1349 2432 1439 2478 autem
1451 2417 1520 2480 Deo.
1533 2421 1561 2482 5.
1578 2424 1653 2482 Cum

911 2515 988 2580 enim
1002 2530 1128 2569 essemus
1139 2509 1170 2568 iu
1184 2530 1285 2588 carim,
1296 2517 1447 2591 passiones
1455 2522 1653 2594 peecatorum,

912 2622 977 2682 quie
989 2622 1042 2680 per
1051 2601 1143 2681 legem
1154 2613 1249 2678 erant,
1269 2607 1466 2683 operabantur
1477 2609 1509 2663 iu
1520 2611 1656 2687 membris

85 2701 131 2754 τοῦ
144 2692 225 2770 νόμου
236 2695 370 2773 ἐνηργεῖτο
384 2694 410 2749 ἐν
425 2700 479 2757 τοῖς
494 2689 599 2768 μέλεσιν
610 2692 687 2769 ἡμῶν
701 2694 737 2756 εἰς
750 2691 780 2750 τδ
792 2714 856 2773 καρ-
874 2696 893 2743 C
914 2698 1021 2753 nostris
1030 2696 1071 2752 ad
1078 2695 1323 2774 fructificandum
1335 2702 1429 2758 morti.
1442 2697 1656 2781 Vidistiu’prio-

86 2789 238 2866 πορορῆσαι
251 2788 289 2864 τῷ
304 2782 418 2863 θανάτῳ.
432 2774 509 2848 nite<
518 2789 563 2842 τοῦ
577 2781 705 2863 προτέρου
722 2782 813 2864 ἀνδρδς
826 2781 857 2842 ὀδ

88 2879 191 2959 κέρδος,
205 2876 259 2937 Καὶ
272 2879 320 2935 οὐκ
332 2865 413 2945 εἶπεν,
425 2874 470 2934 ὅτε
481 2865 548 2951 ἦμεν
565 2878 592 2934 ἐν
602 2879 641 2954 τῷ
651 2872 742 2957 νόμῳ,
757 2897 857 2935 παντα-

88 2977 138 3053 χοῦ
151 2969 301 3050 φειδόμενος
320 2969 410 3026 δοῦναι
428 2970 567 3047 αἱρετικοῖς
585 2965 686 3038 λαόήν·
708 2968 777 3039 ἀλλ’,
790 2964 859 3027 Ὅτε

89 3056 157 3142 ἦμεν
172 3066 199 3122 ἐν
213 3066 246 3141 τῇ
261 3058 357 3140 σαρκί,
377 3057 510 3128 τουτέστι,
524 3066 581 3126 ταῖς
594 3067 720 3138 πονηραῖς
735 3058 859 3138 πράξεσι,

89 3159 129 3234 τῷ
141 3159 260 3234 σαρκικῷ
273 3152 331 3233 βίῳ.
344 3143 385 3213 Oti
395 3151 446 3231 γδρ
457 3149 534 3210 τοῦτό
548 3173 638 3230 φησιν,
651 3150 692 3209 ότι
702 3151 754 3232 πρδ
767 3149 859 3211 τούτοιν

92 3247 140 3328 μὲν
154 3250 181 3306 έν
192 3246 271 3325 σαρκί
285 3237 364 3317 ἦσαν,
374 3243 430 3302 νυνί
444 3242 471 3301 δὲ
486 3242 624 3320 ἀσώματοι
639 3241 774 3320 γενόμενοι
786 3265 862 3322 περι·

91 3340 183 3420 ήεσαν.
192 3342 279 3398 Τοῦτο
289 3336 316 3395 δέ
328 3335 420 3409 εἰπὼν,
433 3334 493 3394 ούτε
509 3336 591 3393 αἴτιον
604 3324 671 3392 εἷναί
684 3357 763 3414 φησιν
777 3335 861 3415 ἆμαρ-

93 3430 220 3508 τημάτων
230 3430 274 3488 τὸν
283 3427 373 3505 νόμον,
383 3426 442 3486 οὔτε
450 3426 615 3486 ἀπαλλάττει
625 3426 703 3485 αὐτὸν
711 3430 783 3505 ἀπεχ
784 3425 862 3493 θείας·

92 3522 241 3603 κατηγόρου
257 3519 309 3601 γδιρ
324 3519 396 3588 τάξιν
418 3522 507 3598 ἐπεῖχε
527 3526 636 3597 πικροῦ,
657 3522 815 3598 ἀπογυμνῶν
829 3517 862 3576 sd

913 2785 952 2844 ris
961 2778 1015 2846 uiri
1025 2784 1151 2844 lucrum?
1161 2784 1220 2843 Non
1234 2785 1318 2861 dixit,
1331 2788 1400 2871 Cum
1414 2808 1532 2848 essemus
1547 2790 1574 2850 in
1586 2791 1655 2870 lege,

915 2896 1020 2957 semper
1036 2896 1133 2936 cavens
1147 2896 1181 2935 ne
1193 2897 1285 2936 ansam
1295 2875 1341 2936 det
1350 2876 1484 2941 haereticis
1492 2904 1501 2958 ς
1510 2881 1568 2954 sed,
1584 2885 1657 2942 Cum

915 2990 1042 3031 essemus
1062 2973 1094 3027 in
1104 2988 1213 3038 carne,·
1225 2967 1254 3027 id
1267 2982 1317 3046 est,
1335 2969 1363 3028 in
1377 2970 1464 3044 mulis¹
1478 2972 1616 3053 operibus,
1630 2975 1658 3034 in

916 3062 1017 3122 carnali
1032 3060 1099 3122 vita.
1117 3061 1178 3119 Non
1198 3061 1269 3119 enim
1291 3061 1343 3121 hoo
1355 3061 1437 3138 dicit,
1451 3063 1525 3143 quod
1540 3066 1616 3147 prius
1629 3067 1658 3126 in

917 3176 996 3214 carne
1013 3153 1124 3225 suerint,
1140 3173 1212 3213 nuno
1231 3173 1295 3213 νετο
1317 3155 1468 3236 incorporei
1483 3158 1657 3219 circumeant.

918 3248 976 3307 Hoc
992 3247 1095 3323 dicem,
1112 3265 1165 3304 non
1185 3244 1273 3325 legem
1292 3262 1463 3328 peccatorum
1476 3270 1533 3309 esse
1553 3270 1661 3311 causam

917 3338 995 3414 dicit,
1007 3357 1093 3416 neque
1111 3347 1201 3396 tamen
1215 3337 1291 3397 iilam
1311 3338 1346 3397 ub
1363 3339 1427 3399 odio
1447 3340 1560 3401 liberat:
1571 3344 1659 3402 acerbi

918 3429 990 3489 euim
1003 3428 1164 3488 accusatoris
1177 3428 1298 3488 ordinem
1313 3443 1394 3507 tenet,
1409 3446 1514 3511 peecata
1529 3437 1659 3495 revelans.

919 3524 989 3583 Nam
1002 3522 1025 3580 si
1036 3521 1097 3600 quis
1110 3520 1144 3596 ei,
1155 3520 1201 3600 qui
1216 3521 1243 3579 iu
1258 3521 1333 3581 nullo
1345 3523 1407 3582 vult
1416 3544 1520 3604 parere,
1535 3526 1661 3586 mandata

95 3614 291 3695 ἁμαρτήματα·
310 3616 324 3670 θ
342 3611 393 3691 γδρ
407 3614 445 3690 τῷ
467 3610 548 3687 μηδὲν
563 3610 698 3670 πείθεσθαι
714 3609 863 3693 βουλομένῳ
882 3625 901 3672 n
920 3613 1090 3695 multiplicet,
1099 3612 1123 3672 is
1133 3627 1213 3692 auget
1222 3612 1360 3673 delictum.
1370 3613 1436 3674 ideo
1444 3637 1496 3676 nou
1506 3616 1588 3694 dixit,
1599 3620 1674 3678 Pas-⁴

94 3707 203 3767 πλείονα
227 3704 384 3776 ἐπιτάττων,
404 3703 541 3771 πλεονάζει
560 3701 590 3760 τδ
609 3701 791 3783 παράπτωμα.
812 3703 863 3762 dd
910 3702 1006 3768 'siones
1023 3719 1205 3788 peccatorum,
1220 3724 1281 3784 quae
1295 3707 1346 3766 sub
1362 3708 1421 3788 iege
1432 3710 1502 3769 iacta
1515 3725 1591 3789 suut3
1602 3712 1661 3786 sed,

95 3805 172 3859 τοῦτο
185 3801 232 3858 οὐκ
245 3787 320 3870 elme,
335 3795 368 3854 τδι
382 3795 527 3872 παθήματα
545 3799 596 3853 τῶν
615 3796 752 3874 ἁμαρτιῶν
766 3793 800 3853 τδι
813 3792 864 3853 oui
924 3801 994 3878 Quoe
1005 3821 1058 3879 per
1071 3801 1163 3879 legem
1172 3823 1185 3870 ;
1201 3818 1286 3877 neque
1298 3799 1412 3881 adjecit,
1425 3803 1507 3863 Facta
1524 3817 1587 3864 sum
1593 3827 1601 3879 ς
1615 3804 1662 3865 sed

95 3898 142 3952 τοῦ
153 3891 232 3969 νόμον
243 3888 383 3968 γινόμενα,
399 3886 482 3954 ἀλλὰ,
495 3884 538 3944 Τίς
550 3884 593 3943 δεδι
604 3892 649 3946 τοῦ
664 3885 763 3964 νόμου,
779 3885 825 3945 καί
837 3889 866 3946 οὗ

97 3981 261 4062 προσέθηκε,
276 3978 416 4059 γινόμενα,
432 3975 490 4035 ἀλλ’
505 3977 612 4050 ἁπλῶς,
628 3975 681 4036 Διά
700 3984 746 4036 τοῦ
762 3975 864 4054 νόμου,

98 4075 235 4146 τουτέστι,
246 4073 280 4132 τά
290 4073 332 4132 διδ
346 4078 392 4131 τοῦ
401 4069 481 4148 νόμου
496 4069 640 4150 φαινόμενοι
650 4068 668 4141 ἦ
679 4069 867 4151 γνωριζόμενα.

98 4158 183 4240 Εἶτα,
195 4164 239 4225 ίνα
249 4165 315 4243 μηδὲ
327 4170 374 4236 τῆς
387 4163 483 4244 σαρκδς
493 4163 664 4243 κατηγορήσῃ
674 4208 682 4238 ,
693 4166 741 4223 οῦκ
754 4154 836 4236 εἶπεν,
851 4162 868 4222 δ

104 4260 209 4339 ἐνήργει
223 4257 257 4316 td
280 4256 364 4334 μελη,
380 4253 437 4314 ἀλλ’
452 4253 637 4334 ἀἘνηργεῖτο
645 4256 672 4314 ἐν
691 4262 746 4322 τοῖς
764 4254 868 4331 μέλεσιν

100 4356 193 4429 ήμῶν·
206 4348 305 4415 δεικνύς
320 4347 445 4429 ἑτέρωθεν
461 4337 540 4407 οῦσον
554 4350 602 4417 τῆς
615 4346 743 4427 πονηρίας
762 4345 811 4417 τήν
825 4349 869 4427 ἀρ

100 4444 164 4524 χήν,
185 4442 238 4502 ἀπδ
253 4447 305 4501 τῶν
324 4439 495 4520 ἐνεργούντων
515 4440 661 4519 λογισμῶν,
681 4441 728 4498 οὐκ
744 4440 796 4498 άπδ
816 4444 869 4499 τῶν

102 4535 292 4616 ἐνεργουμένων
304 4535 401 4612 μελῶν.
414 4531 448 4591 ‘ll
463 4530 510 4610 μέν
520 4531 572 4613 γδιρ
580 4530 653 4612 ψυχὴ
663 4533 783 4611 τεχνίτου
798 4530 871 4600 τάξιν

921 3891 1088 3972 simpliciter,
1100 3894 1160 3949 Per
1171 3891 1273 3971 legem,
1283 3891 1310 3952 id
1321 3907 1369 3965 est,
1378 3915 1426 3973 per
1436 3895 1523 3975 legem
1532 3915 1663 3979 apparue-

921 3995 984 4042 runt
994 3995 1040 4040 aut
1050 3980 1183 4041 declarata
1196 3997 1267 4042 sunt.
1282 3982 1395 4061 Deinde,
1410 3999 1440 4045 ut
1453 4007 1486 4046 ne
1495 4009 1603 4048 carnem
1618 4011 1660 4050 ao·

922 4090 1037 4154 cusaret,
1051 4096 1104 4135 non
1117 4075 1200 4152 dixit,
1223 4077 1291 4148 Quae
1305 4076 1425 4138 membra
1438 4081 1583 4162 iaciebant,
1604 4082 1663 4161 sed,

926 4171 999 4248 Qum
1017 4171 1215 4249 operabantur
1233 4172 1265 4228 ιἰι
1281 4174 1416 4231 membris
1435 4177 1543 4235 nostris
1551 4199 1563 4246 ,·
1575 4189 1664 4236 osten·

922 4263 989 4322 dens
1009 4262 1120 4322 aliunde
1131 4263 1277 4343 proiectum
1291 4285 1347 4324 esse
1360 4265 1470 4327 malitiae
1488 4268 1664 4352 principium,

923 4377 939 4415 a
953 4355 1160 4435 cogitationibus
1172 4356 1354 4435 operantibus,
1367 4379 1420 4417 nou
1436 4381 1451 4418 a
1465 4362 1594 4422 membris
1604 4363 1666 4444 agi-

925 4447 996 4508 totis.
1007 4449 1103 4508 Anima
1114 4447 1215 4530 quippe
1222 4449 1335 4509 artificis
1342 4451 1463 4513 ordinem
1477 4456 1596 4534 tenebat,
1608 4479 1668 4518 car-

925 4539 968 4600 uis
982 4560 1046 4601 uero
1060 4555 1156 4599 natura
1168 4541 1287 4617 cithare,
1302 4557 1411 4623 cogente
1428 4546 1532 4607 artiiice
1541 4550 1667 4609 sonantis.

103 4631 206 4708 ἐπεῖχε,
218 4627 328 4706 κιθάρας
340 4624 367 4683 δὲ
377 4628 424 4694 τῆς
435 4624 555 4706 σαρκδςθ
570 4624 656 4703 φύσις,
669 4622 872 4702 οὕτωςῆχοῧσα,
889 4628 909 4676 Ε
926 4631 958 4693 Si
970 4632 1038 4711 quid
1046 4652 1109 4711 ergo
1119 4631 1251 4692 absonum
1267 4632 1381 4710 emittat,
1390 4634 1420 4694 id
1430 4657 1482 4696 uon
1496 4637 1549 4711 iili,
1562 4638 1608 4698 sed
1620 4660 1669 4698 ar·

101 4723 138 4787 ὡς
149 4720 296 4799 ἠνάγκαζεν
310 4723 324 4776 ὁ
337 4716 467 4797 τεχνίτης·
476 4718 578 4776 Οὐκοῦν
589 4719 618 4776 οὗ
631 4716 715 4797 ταύτῃ
725 4715 756 4774 τὸ
770 4715 874 4797 &nuxit
929 4725 997 4785 tilici
1007 4723 1198 4805 imputandum
1207 4740 1255 4787 est.
1266 4730 1295 4787 6.
1304 4730 1392 4788 Nunc
1403 4731 1614 4810 autem,inquit,
1622 4752 1669 4792 so·

104 4813 200 4889 μελος,
216 4811 274 4869 ἀλλ’
291 4809 377 4889 ἐκείνη
392 4809 443 4889 πρὸ
457 4807 553 4878 ταύτης
566 4808 700 4887 λογιστέον
719 4813 793 4886 ἡμῖν.
817 4811 873 4869 Νῦν
929 4817 985 4875 iuti
998 4837 1096 4875 sumus
1108 4837 1127 4874 a
1141 4817 1212 4896 lege.
1221 4817 1321 4879 Viden’
1328 4819 1463 4898 quomodo
1472 4821 1517 4882 bie
1529 4843 1635 4902 quoque
1643 4836 1670 4883 ot

105 4903 150 4977 δὲ,
165 4903 242 4984 φησί,
263 4901 468 4981 κατηργήθημεν
489 4900 600 4960 ἀπὸτοῦ
618 4900 707 4978 νόμον.
722 4899 805 4983 Ὁρᾷς
818 4905 874 4970 πῶς
930 4908 1004 4969 carni
1014 4922 1107 4991 parcat
1116 4922 1143 4969 et
1152 4909 1291 4988 legiiNou
1300 4911 1372 4971 euim
1381 4911 1563 4989 dixitSoluta
1571 4916 1671 4993 estin,

106 5005 186 5065 πάλιν
196 5008 308 5065 ἐνταῦθα
318 5007 365 5076 τῆς
372 5004 467 5084 σαρκὸς
479 5002 524 5063 καί
536 5008 581 5063 τοῦ
591 5001 671 5081 νόμου
682 5003 817 5083 ριίδεταιγ
834 5005 875 5065 Oi
931 5023 979 5062 neo
997 4999 1090 5061 Soluta
1110 5014 1149 5060 ost
1162 5021 1239 5079 raro,
1254 5001 1312 5075 scd,
1326 5005 1387 5063 Nos
1401 5005 1493 5064 soluti
1511 5027 1622 5068 sumus.
1634 5006 1672 5068 Et

143 5211 152 5235 ι
171 5197 263 5246 inuno
283 5195 377 5246 Codice
395 5212 440 5260 pro
457 5201 609 5261 βουληθῆναι,
621 5205 762 5246 correctum
775 5193 864 5264 iegitur
882 5199 1027 5255 δουλωθῆναι.

1488 5266 1536 5326 in.
