3728 5978
262 423 334 498 660
625 445 655 491 s.
682 441 823 493 corruis
848 442 1029 493 cuursosr.
1059 443 1216 494 anonim.
1243 445 1524 496 consummor.

262 570 328 649 ciro,
337 590 386 632 nec
394 558 481 629 occiso
489 579 603 643 motum,
617 565 665 626 sed
679 579 770 647 postea
788 566 927 647 pronubis
942 588 1004 648 pre·
1061 568 1208 629 ἐδικαίωσε.
1220 569 1271 652 Τίς
1285 561 1329 630 οὖν
1339 573 1412 648 ἡμᾶς
1425 564 1620 628 καταδικάσεε
1631 610 1641 640 ,
1653 572 1700 626 τοῦ
1711 567 1773 627 Θεοῦ
1783 591 1824 630 σεε

262 662 361 722 cante?
374 662 507 721 Christus
529 657 610 733 cnhn,
624 656 723 736 inquit,
738 661 790 738 qui
800 670 930 717 mortuus
949 669 1005 727 est;
1060 667 1214 742 ρανοῦντος,
1225 666 1271 720 τοῦ
1285 663 1402 743 Χριστοῦ
1424 662 1463 720 δι’
1483 666 1566 738 ἡμᾶς
1583 655 1747 738 omittes,
1756 661 1825 720 εωίιί

262 758 377 835 imoqur'
386 766 414 813 et
423 753 580 813 resurrexit
592 772 613 810 a
621 753 755 828 mortuis,
766 754 817 831 qui
828 763 870 810 est
882 751 924 810 ad
935 752 1005 809 dce-
1060 751 1204 834 σραγίντος
1217 753 1306 832 μόνον,
1317 754 1444 815 ἀλλὰκαὶ
1455 752 1531 832 μετά
1546 757 1642 812 ταῦτα
1655 752 1825 831 ἐνναίοντες

262 858 355 906 teram
362 848 430 919 Dei,
442 848 494 926 qui
504 848 594 904 etiam
604 843 758 902 intercedit
766 862 821 922 pro
835 845 927 902 nobis.
943 842 1005 902 Ete
1059 844 1127 928 θπέρ
1137 848 1214 925 ἡμῶν
1226 871 1234 921 ;
1248 847 1361 927 Χριστδς
1380 846 1455 928 γάρ,
1471 846 1573 927 φησίν,
1588 845 1605 903 θ
1619 841 1767 916 ἀποθανάνν,
1779 849 1825 921 pol-
1863 842 1864 862 ¹

260 936 375 1017 nimqui
385 935 412 996 in
436 935 546 1017 propria
567 933 698 1014 dignitate
709 932 846 1014 apparuit,
860 933 945 992 nostri
959 956 1005 994 cu·
1059 941 1105 999 λον
1118 939 1146 999 δὲ
1160 941 1231 1000 nel*
1242 941 1357 1025 ἐγερθεὶς
1367 943 1397 1001 ἐκ
1408 945 1528 1023 νεκρῶν,
1545 937 1578 1007 δς
1594 940 1672 998 ἐστιν
1685 937 1714 995 ἐν
1726 935 1788 1015 δεξιᾷ
1797 944 1825 997 τά

261 1049 320 1089 ram
332 1049 384 1089 nou
397 1027 533 1109 deposuit,
545 1026 594 1086 sed
605 1025 686 1085 etiam
696 1023 836 1084 intercedit
850 1024 1001 1104 pronubis,
1022 1036 1042 1082 D
1058 1034 1145 1104 Θεοῦ,
1159 1030 1187 1098 ὃς
1200 1030 1246 1090 καί
1260 1032 1412 1113 ἐντυγχάνει
1420 1031 1494 1112 θπέρ
1508 1034 1610 1108 ἡμῶν.
1625 1027 1685 1088 Καὶ
1695 1025 1745 1108 γάρ
1755 1028 1825 1099 ἐνθείς

260 1136 288 1182 et
296 1121 418 1182 eamdem
431 1120 570 1180 caritatem
583 1138 688 1199 semper
701 1130 799 1177 servat.
816 1118 909 1195 Neque
931 1117 1004 1177 enim
1058 1121 1157 1190 οἰκείας
1175 1122 1248 1191 ἀξίας
1268 1123 1372 1203 φανείς,
1398 1126 1428 1183 οὐ
1451 1122 1599 1183 κατέλυσε
1617 1119 1671 1194 τὴν
1690 1120 1757 1198 θτείρ
1775 1124 1825 1196 ἐμίν

261 1212 334 1274 carde
349 1226 489 1273 contentus
504 1211 567 1288 tuit,
581 1210 654 1289 quod
677 1221 765 1267 tamen
781 1208 881 1267 summi
904 1208 1005 1268 amoris
1057 1212 1192 1293 πρόνοιαν,
1216 1215 1284 1276 ent
1308 1216 1354 1275 καί
1367 1215 1532 1296 eruerem
1559 1212 1634 1294 θπέρ
1657 1213 1824 1291 alpheidis

261 1319 313 1385 est,
331 1306 483 1367 nonsolum
494 1325 555 1384 quae
567 1302 640 1362 adse
651 1300 784 1382 pertinent
796 1303 892 1371 lacere,
909 1302 956 1361 sed
978 1316 1004 1362 et
1057 1303 1105 1377 τὴν
1121 1304 1203 1378 αὐτὴν
1216 1309 1322 1384 ἀγάπην
1338 1308 1410 1386 μένει
1433 1307 1655 1386 διατηρῶν.οθ
1672 1303 1726 1387 γάρ
1739 1305 1822 1385 lerini

256 1397 348 1458 ‘alium
360 1396 395 1458 ad
407 1397 458 1456 hoe
471 1396 613 1456 advocare.
625 1392 683 1452 lloc
696 1393 769 1453 enim
778 1392 900 1453 iudicare
917 1394 1005 1454 voluit
1057 1398 1194 1479 τῇσραγῇ
1209 1398 1301 1477 μόνον·
1321 1399 1388 1482 ὅπερ
1408 1399 1547 1480 μεγίστω
1575 1396 1707 1476 μάλιστά
1725 1397 1776 1455 ἐστι
1787 1398 1823 1476 ,a-

207 1502 211 1513 '
260 1491 404 1576 pcrillud,
416 1490 602 1564 intercedere,
617 1487 776 1546 humaniore
790 1486 902 1566 loquens
922 1487 1004 1548 modo
1057 1511 1138 1569 τρου,
1156 1489 1237 1569 ziph
1252 1489 1329 1568 μόνον
1342 1490 1377 1551 τθι
1397 1494 1435 1559 είς
1450 1490 1537 1549 αὐτὸν
1553 1488 1666 1561 ἥκοντα
1682 1496 1771 1561 ποιεῖν,
1779 1490 1823 1548 bii

260 1597 288 1645 et
299 1581 465 1660 demissiore,
477 1595 507 1641 ut
516 1601 635 1655 amorem
649 1577 810 1639 ostenderet.
833 1582 904 1639 Nam
914 1580 1005 1640 exilio
1058 1580 1104 1642 καί
1117 1582 1205 1664 ίτερον
1223 1583 1288 1666 ὑπὲρ
1306 1584 1400 1645 τούτου
1415 1584 1612 1662 παρακαλεῖν.
1629 1583 1724 1641 Τοῦτο
1737 1579 1781 1661 γάρ
1794 1583 1823 1658 pi

261 1695 378 1757 qnoque,
393 1676 607 1754 Nonpepercit,
621 1670 674 1730 nisi
687 1670 739 1730 hoe
754 1691 832 1731 sensu
848 1671 1005 1753 accipiatur,
1056 1695 1100 1735 νον
1116 1675 1159 1735 διὰ
1173 1681 1235 1750 τοῦ,
1246 1675 1424 1758 ἐντυγχάνειν,
1437 1677 1571 1749 δηλῶσαι
1587 1671 1745 1747 ἐίίουλῆθη,
1754 1676 1822 1752 &Ape

262 1768 350 1828 multa
360 1782 504 1848 seqraemm
522 1763 648 1827 absurda.
663 1761 700 1825 Et
709 1762 842 1824 ut'discas
851 1764 903 1822 hoc
915 1765 1005 1845 ipsum
1056 1766 1201 1848 πινώτερον
1215 1768 1360 1850 διαλεχθείς
1371 1814 1379 1842 ,
1392 1768 1439 1828 καί
1460 1764 1822 1848 σογκαταῦατεκιίετεροε,ίνε

262 1876 330 1935 esse,
344 1856 640 1938 quodvultadstruere,
648 1876 710 1915 cum
719 1854 796 1935 prius
808 1854 931 1932 dixisset,
949 1859 1004 1916 Est
1057 1856 1105 1930 τὴν
1115 1859 1221 1939 ἀγάπην
1235 1861 1395 1934 ἐνδείξηται·
1412 1860 1472 1921 ἐπεί
1485 1860 1539 1920 καί
1556 1857 1590 1919 τὸ
1605 1905 1614 1933 ,
1633 1861 1701 1920 Oia
1716 1859 1823 1940 ἐρείσετ,

261 1953 295 2010 in
303 1952 435 2024 dextero,
451 1962 517 2009 tunc
534 1948 637 2026 intulit,
659 1949 816 2009 intersedit
835 1968 889 2027 pro
911 1951 1004 2027 nobis,
1055 1950 1102 2010 ἐάν
1116 1951 1154 2030 μὴ
1167 1952 1234 2031 μετά
1248 1952 1346 2026 ταύτης
1357 1952 1545 2031 ’ἐκλάάωμεν
1563 1957 1619 2026 τῆς
1635 1951 1753 2025 ἐννοίας,
1765 1953 1823 2011 eiiii

258 2042 323 2123 quia
335 2064 429 2126 parem
448 2041 578 2102 bonorem
591 2040 707 2101 ostendit
719 2053 746 2099 et
768 2039 959 2118 equalitatem,
973 2053 1004 2100 ut
1055 2042 1089 2102 τά
1104 2042 1191 2104 άτοπα
1202 2046 1303 2126 ἕψεται.
1323 2044 1378 2106 Καὶ
1391 2044 1434 2104 ίνα
1450 2044 1547 2125 μάθῃς
1554 2090 1564 2119 ,
1583 2047 1633 2105 ὅτι
1656 2043 1823 2117 ταῦτίέσιιηί
1863 2037 1864 2071 ί

258 2151 350 2221 postea
361 2139 420 2199 haec
429 2137 582 2199 intercessio
597 2158 651 2197 non
664 2134 776 2195 minoris
789 2135 941 2215 dignitatis,
954 2136 1003 2197 sed
1020 2145 1039 2192 Ε
1056 2135 1254 2197 κατασκευάσαι
1270 2136 1407 2217 βούλεται,
1420 2135 1560 2218 πρθτερον
1584 2135 1691 2212 einim,
1710 2136 1749 2196 ίτι
1760 2135 1823 2196 'nih

257 2230 358 2290 amoris
375 2230 459 2290 solius
478 2229 616 2290 videretur
631 2249 696 2288 esse.
714 2230 785 2288 Nam
797 2227 846 2308 qui
867 2227 924 2308 ipse
946 2228 1002 2290 vita
1056 2230 1083 2287 ἐν
1097 2227 1182 2310 δεξιᾷ,
1192 2226 1251 2289 τότε
1263 2229 1405 2309 ἐπήγαγεν,
1419 2229 1463 2290 ὅτι
1477 2229 1679 2310 Ἐντυγγάνει
1692 2227 1824 2310 θπίρὴρῖο,

257 2335 298 2383 est
308 2335 335 2384 et
346 2323 405 2383 lons
415 2323 551 2383 bonorum
570 2319 703 2398 omnium,
720 2319 841 2401 ejusdem
858 2333 940 2398 atque
950 2318 1002 2380 Pa·
1054 2317 1096 2380 ὅτι
1111 2318 1159 2392 τὴν
1173 2319 1313 2401 θμοειμίαν
1327 2320 1407 2391 ίδειξε
1422 2321 1468 2380 καί
1478 2321 1534 2395 τὴν
1552 2321 1697 2396 ἰσότητα,
1708 2321 1751 2380 ἵνα
1761 2321 1824 2381 >ab

256 2427 298 2475 ter
310 2413 460 2496 potestatis,
479 2413 526 2492 qni
543 2425 663 2471 mortuos
680 2411 790 2471 suscitat
812 2425 839 2471 et
866 2411 1000 2491 vivificat,
1054 2411 1085 2470 τὸ
1099 2412 1265 2493 ἐντυγχάνειν
1276 2415 1323 2472 οῦκ
1336 2412 1533 2488 ἐλαττώσεως,
1552 2417 1623 2474 ἀλλ’
1639 2415 1750 2495 άγάαης
1758 2414 1824 2495 prbr,-

257 2505 503 2586 oeteraqueomnia
518 2504 592 2578 lacit,
611 2502 747 2583 quomodo
759 2503 922 2585 precatione·
934 2524 1002 2585 opus
1054 2527 1099 2563 ται
1114 2504 1195 2580 μόνης
1217 2504 1255 2564 θν.
1269 2503 1303 2565 Ὁ
1323 2504 1375 2587 γάρ
1397 2505 1475 2573 αιίτθς
1501 2504 1562 2578 ζωὴ
1587 2505 1633 2564 ὢν
1657 2507 1706 2566 καί
1718 2506 1823 2586 πηγὴειπ

256 2596 356 2660 babeat
376 2588 414 2658 ut¹
427 2620 476 2660 nos
492 2592 626 2680 adjuvet?
645 2596 701 2669 Qui
722 2596 875 2679 desperatos
901 2609 927 2656 et
952 2597 1002 2655 da·
1055 2597 1160 2676 ἀγαθῶν
1184 2595 1320 2673 ἁπάντων,
1335 2597 1382 2658 καί
1403 2599 1461 2676 μετ’
1489 2597 1626 2668 ἐξουσίας
1652 2603 1704 2672 τῆς
1723 2602 1825 2676 «bairai

256 2704 362 2752 innatos
375 2711 411 2751 ex
422 2690 533 2773 propria
552 2688 671 2772 potentia
682 2709 698 2748 a
714 2688 934 2749 condemnatione
953 2688 1001 2748 illa
1055 2687 1162 2769 Πατρὶ,
1179 2688 1224 2749 καί
1247 2688 1352 2772 νεκροθς
1366 2689 1487 2771 ἐγείριιεν,
1504 2691 1556 2750 καὶ
1575 2695 1735 2767 ζωοποιῦεν,
1754 2693 1791 2752 καί
1802 2691 1824 2749 τί

252 2780 525 2864 liberavit,aojustos
538 2780 763 2861 filiosqueeffec'it
777 2794 803 2840 et
816 2779 1001 2862 adsupremos
1054 2778 1124 2839 ἄλλα
1146 2779 1234 2841 πάντα
1249 2787 1341 2855 ποιῶν,
1355 2786 1411 2850 πῶς
1432 2780 1463 2841 ἂν
1479 2782 1640 2853 ἐντεύξεως
1655 2785 1750 2860 ἐδεήθη
1769 2784 1823 2850 slei

255 2873 371 2937 bonores
379 2874 507 2951 adduxit,
526 2881 608 2954 alque
622 2895 653 2934 ea
675 2895 735 2954 quae
758 2872 880 2933 nondum
896 2886 1001 2954 sperata
1053 2869 1287 2953 ὠρελῆσαιήμῦςς
1300 2873 1334 2935 Ὁ
1349 2875 1580 2954 ἀπεγνωσμένους
1604 2878 1659 2938 καί
1677 2877 1822 2938 metas

225 3007 231 3013 ·
255 2968 371 3045 braant,
393 2968 429 3028 ad
447 2988 516 3050 opus
536 2966 647 3028 reduxit
665 2990 673 3024 ε
696 2965 834 3046 quomodo
858 2979 1000 3048 postquam
1055 2963 1165 3043 σμίνους
1175 2964 1202 3035 ἐξ
1216 2965 1312 3035 οἰκείας
1324 2965 1440 3035 ἐξουσίας
1453 2966 1503 3026 καὶ
1516 2972 1570 3041 τῆς
1585 2970 1742 3043 καταδίκης
1750 2968 1822 3036 latius

256 3065 347 3125 omnia
367 3064 524 3145 perfecerat,
539 3077 566 3122 et
586 3075 709 3123 naturam
729 3076 849 3123 nostram
862 3061 889 3121 in
902 3061 1001 3122 throno
1056 3056 1220 3128 ἀπαλλάξας,
1232 3057 1278 3118 καί
1292 3057 1406 3127 δικαίως
1413 3059 1459 3119 καί
1473 3057 1553 3127 elohe
1567 3061 1715 3136 ποιήσας,
1728 3061 1768 3121 καί
1778 3060 1821 3139 eph

256 3156 332 3237 regio
346 3156 517 3232 exhibuerat,
530 3155 567 3215 ad
580 3154 701 3215 faciliora
722 3155 922 3237 supplicatione
933 3174 1001 3235 opus
1055 3146 1102 3217 τθς
1122 3148 1250 3209 &territet
1267 3149 1347 3228 τῑμθς
1360 3149 1478 3231 citatior,
1495 3152 1545 3213 καί
1565 3153 1608 3214 τά
1625 3155 1760 3232 μηδέποτε
1771 3156 1821 3214 tn«.-

255 3248 385 3309 haberet?
406 3247 507 3310 Videu'
534 3245 670 3326 quomodo
697 3245 817 3324 undique
834 3241 1150 3325 ostendatur,5„ebirre
1164 3245 1200 3325 είς
1211 3242 1285 3325 ἔργον
1296 3242 1412 3323 ἀγαγὼν,
1422 3248 1479 3312 πῶς
1494 3245 1529 3304 ἂν
1542 3248 1624 3326 μετὰ
1639 3251 1673 3309 τὸ
1687 3251 1821 3330 amplior

256 3338 480 3421 supplicationem
494 3358 546 3396 non
571 3337 624 3396 alia
648 3337 683 3397 de
696 3358 776 3396 eausa
798 3334 1001 3412 dictaminisse,
1021 3332 1040 3377 A
1055 3336 1158 3410 πάντα,
1173 3334 1218 3395 καί
1233 3335 1281 3408 τὴν
1306 3335 1380 3416 φύσιν
1403 3335 1451 3409 τὴν
1475 3337 1627 3421 ἡμετέραν
1644 3341 1729 3411 δεῖξαι
1747 3339 1821 3398 tna

255 3453 339 3512 quam
351 3446 383 3491 ut
392 3433 482 3491 femor
491 3444 518 3489 et
529 3430 694 3491 vehementia
709 3431 768 3509 ejus
788 3450 851 3509 erga
867 3450 915 3489 nos
926 3451 1001 3489 amo·
1054 3428 1145 3507 θρόνου
1155 3434 1200 3487 τοῦ
1217 3430 1369 3508 βασιλικοῦ,
1384 3429 1448 3510 πρὸς
1470 3429 1507 3488 τὰ
1526 3432 1712 3514 εὐκολώτερα
1730 3431 1821 3510 ἐννηίκ

256 3525 295 3585 ris
307 3522 510 3584 ostenderetur?
533 3523 604 3581 Nam
618 3535 645 3580 et
665 3522 745 3580 Pater
759 3520 868 3580 videtur
881 3520 1002 3581 homiues
1054 3521 1150 3594 ἐδεῖτο,
1164 3519 1246 3600 Ὁρᾷς
1269 3523 1325 3585 πῶς
1336 3519 1502 3600 πανταχόθεν
1519 3522 1688 3599 δείκνυται,
1702 3524 1741 3583 δτι
1755 3523 1780 3581 ri
1792 3525 1821 3582 b

107 3652 131 3685 α.
145 3636 234 3687 σακε.
256 3615 404 3694 hortari,ut
418 3611 756 3673 cumillereconcilientur.
767 3615 846 3671 Nam
854 3635 907 3693 pro
918 3615 1002 3673 Cirri-
1054 3611 1191 3693 τυγγάνειν
1202 3613 1235 3671 δι’
1249 3610 1321 3671 οὐδὲν
1332 3610 1420 3691 ἕτερον
1433 3611 1552 3694 είρηκεν,
1566 3617 1635 3675 ἀλλ’
1651 3617 1697 3675 ίνα
1711 3617 1741 3675 τὸ
1753 3614 1820 3693 θερμὴ

106 3712 146 3748 ²⁰·
255 3723 302 3773 sto
313 3710 458 3790 legatione
465 3707 629 3788 fungimur,
642 3706 865 3786 tamquamDeo
876 3708 1001 3766 horton·
1054 3703 1099 3763 καὶ
1112 3705 1227 3783 άκμοίζον
1239 3709 1287 3776 τῆς
1300 3704 1360 3784 περὶ
1371 3708 1442 3781 ἡμᾶς
1455 3705 1570 3785 ἀγάπης
1583 3698 1822 3781 *ἐνδιιῇταιςέτσ

256 3817 286 3865 te
297 3824 351 3883 per
362 3821 425 3861 nos.
442 3803 567 3858 Attamen
583 3799 638 3856 Deo
650 3796 786 3873 hortante,
802 3808 828 3855 ct
843 3797 1001 3858 hominibus
1054 3797 1100 3857 καὶ
1112 3795 1356 3878 illerhppehsrer
1364 3797 1529 3875 παρακαλῶν
1538 3799 1821 3880 ἀνθρώπουςκαττδδε

255 3892 328 3976 apud
340 3892 462 3953 homines
475 3910 524 3971 pro
544 3886 652 3947 Christo
667 3886 800 3966 legatione
814 3888 999 3968 iungentibus,
1054 3894 1134 3969 γῆναι
1148 3892 1229 3970 αὐτῷ.
1241 3887 1326 3969 Ὑπὲρ
1340 3889 1391 3970 γδιρ
1400 3890 1520 3970 Χριστοῦ
1530 3893 1780 3971 πρεσῦειίσμιν,ὁς
1790 3894 1820 3949 αἱ

254 3986 326 4048 nihil
336 3984 468 4066 dignitate
478 3982 526 4041 illa
536 3993 608 4048 taum
631 3979 773 4060 indignum
787 3981 944 4061 cogitamus,
954 3982 1001 4043 sed
1054 3984 1125 4042 Θεοῦ
1134 3983 1349 4060 παρακαλοῦντος
1360 3981 1392 4038 δι’
1400 3980 1819 4061 ἡμῶνἈλλὊμυςκαίΘεῶτε

255 4099 343 4139 unum
357 4089 461 4137 tantum
474 4096 509 4133 ex
523 4071 555 4131 iis
571 4093 631 4151 quae
649 4092 730 4152 supra
744 4069 817 4131 dicta
836 4086 899 4130 sunt
923 4073 1001 4133 colli·
1055 4075 1238 4154 perniciosor,
1247 4072 1292 4132 καί
1302 4070 1545 4152 ἀνθρώπων“θπθρ
1555 4073 1688 4156 Χριστοῦ
1700 4077 1818 4159 aspecire

254 4171 354 4252 gimus,
367 4188 464 4249 nempe
476 4164 576 4224 amoris
589 4161 813 4242 magnitudinem.
838 4165 897 4224 Hoc
911 4163 1000 4244 ipsum
1054 4163 1140 4242 μένων
1154 4164 1219 4246 πρὸς
1226 4161 1388 4246 ἀνθρώπους,
1397 4162 1471 4223 sotto
1481 4164 1595 4234 ἀνάξιον
1603 4172 1818 4249 ἐννοοῦμενέντεῦ

254 4273 281 4318 et
290 4258 337 4318 hie
346 4257 485 4317 faciamus.
498 4254 529 4316 Si
543 4271 606 4333 ergo
621 4249 741 4330 Spiritus
760 4251 879 4331 postulat
892 4253 1000 4332 geniti·
1054 4262 1096 4317 θεν
1107 4260 1154 4329 τῆς
1165 4254 1238 4324 ἀξίας
1250 4255 1365 4331 ἐκείνης,
1378 4256 1473 4316 ilh‘b
1486 4257 1571 4336 μόνον
1586 4263 1621 4321 ἐκ
1632 4268 1689 4323 τῶν
1702 4262 1819 4346 είρηιιίιω

255 4350 309 4411 bus
321 4347 560 4424 inenarrabilibus,
576 4358 603 4404 et
626 4343 752 4402 Christus
772 4357 894 4403 mortuus
908 4359 958 4418 est,
974 4359 1000 4404 et
1053 4350 1177 4412 ἁπάνςων
1189 4349 1415 4430 συλλήμψῃ-ἐμ
1425 4353 1600 4431 &pappa-,4
1612 4356 1819 4417 3„p„„,jp,3.,

255 4439 398 4501 intercedit
410 4462 459 4521 pro
471 4439 557 4513 nobis,
567 4450 592 4495 et
603 4438 681 4495 Pater
694 4435 766 4495 Filio
779 4455 888 4495 suonon
904 4459 998 4519 peper-
1017 4446 1036 4493 B
1054 4441 1139 4518 theol
1148 4446 1257 4502 ἐνταῦθα
1265 4445 1435 4522 ποιῶμενΕί
1443 4435 1590 4506 τοίνυνκαὶ
1599 4448 1633 4508 τὸ
1642 4451 1758 4528 Πνεῦμα
1764 4454 1819 4508 trs:-

210 4583 213 4586 ,
255 4531 294 4594 cit
301 4546 411 4615 propter
424 4546 461 4610 te,
476 4545 503 4591 et
525 4529 605 4609 elegit
618 4542 655 4605 te,
670 4541 695 4586 ot
705 4527 865 4608 justificavit
885 4543 920 4608 te,
932 4531 1001 4610 quid
1054 4534 1206 4616 εντυγγάνει
1219 4543 1375 4614 στεναγμοῖς
1390 4537 1553 4608 άλαλητοῖς,
1566 4540 1618 4599 καί
1628 4547 1644 4601 ὁ
1655 4542 1772 4621 Χριστὸς
1781 4540 1822 4600 ἀεί·

254 4626 354 4688 deinde
367 4627 463 4688 times?
475 4624 543 4706 quid
555 4622 668 4700 tremis,
683 4635 757 4680 tanta
776 4622 864 4682 fruens
878 4625 999 4705 caritate,
1055 4632 1135 4701 θανε,
1155 4627 1201 4686 καί
1217 4627 1368 4708 ἐντογγάνει
1381 4627 1448 4708 ὑπὲρ
1461 4631 1555 4707 ἡμῶν,
1572 4631 1624 4692 καί
1645 4638 1661 4693 θ
1682 4635 1778 4714 Πατὴρ
1793 4637 1821 4690 τεῦ

253 4735 281 4784 et
293 4735 365 4784 tanta
374 4717 563 4805 providentia?
573 4717 637 4778 Ideo
647 4715 907 4798 postquammultam
914 4733 1000 4779 osteo-
1056 4719 1122 4780 ίδίου
1131 4720 1197 4781 tlon
1212 4721 1259 4781 οῦκ
1275 4719 1396 4802 ἐφείσατο
1409 4721 1453 4780 διὰ
1467 4721 1518 4797 el,
1532 4725 1586 4783 καί
1600 4726 1744 4800 ἐξαλάξαςά
1755 4753 1782 4788 σε
1795 4730 1824 4785 νεὶ

288 4940 296 4958 ·
312 4935 359 5001 [A.
370 4936 514 5004 ἐγερθεὶς,δς
525 4937 564 4983 καί
575 4937 634 4982 ἐστιν
645 4934 668 4980 ἐν
680 4927 715 4992 b]
1065 4951 1141 5001 quem
1153 4938 1311 4997 imbrificatur.
1325 4935 1365 4985 Ita
1377 4953 1403 5001 p.
1418 4935 1476 5000 597,
1490 4937 1523 5000 D,
1539 4941 1605 5007 693,
1620 4944 1652 5004 Δ,
1663 4955 1693 4995 et
1702 4962 1765 5011 sape
1775 4941 1825 4992 alili.

287 5028 299 5053 ⁸
316 5012 378 5078 [stc
390 5013 419 5062 A.
432 5003 700 5074 erSav11.Legebatm
711 5006 876 5078 ἐπιλάθωμαι]
1065 5009 1180 5063 Eandem
1189 5014 1335 5063 varietatem
1351 5024 1455 5078 prestat
1465 5011 1535 5066 eod.
1545 5018 1580 5067 Α.
1592 5036 1612 5086 p
1632 5023 1696 5088 sto,
1705 5024 1741 5088 B,
1754 5023 1825 5090 pert.

287 5099 296 5118 ⁰
312 5092 469 5158 [ἐπιδείξηται
480 5091 509 5138 A.
529 5084 582 5139 sid
591 5086 646 5136 Deo
656 5085 765 5153 gratim
776 5104 847 5137 errem
862 5098 888 5138 et
906 5086 1017 5140 benevo·
1066 5092 1097 5153 Ε,
1111 5088 1153 5140 ubi
1169 5089 1297 5160 legebatur
1309 5097 1407 5154 ἐνεδείξω
1419 5092 1430 5158 ]

253 5169 357 5222 lentiam
371 5167 490 5239 ριυιίσπιί
501 5164 644 5218 hominibus
655 5166 774 5218 convenit
787 5168 871 5234 potius
883 5171 1018 5231 Mittantur
1099 5186 1110 5210 ¹
1127 5169 1214 5222 hlorel.
1230 5168 1295 5222 male
1305 5175 1349 5227 θεεδ
1360 5180 1468 5243 πριστοῦ.
