3728 5978
559 463 592 510 ιιι
620 459 900 510 ιιιευιειιιοιιιιιι
926 463 1063 513 ιιιιυιιιι.
1085 467 1133 514 ιιι.
1562 452 1633 524 885

70 597 98 654 ἐν
113 592 367 674 θρήνῳ·θτήμερον
378 593 406 650 ἐν
416 590 503 674 τύριρ,
520 592 609 673 σύρων
619 589 842 672 ἐντάρῳ·δτή-
893 595 1002 672 quentia
1015 614 1049 652 ne
1063 614 1191 675 arrogans
1204 594 1249 657 sit.
1263 596 1333 671 Nam
1375 595 1634 660 uihodieinhono-

70 696 152 753 μερον
166 673 209 732 ἐπὶ
224 672 360 752 βήματος,
372 671 460 750 αύριον
475 672 519 732 ἐπὶ
531 673 685 751 μνήματος·
702 669 841 752 θτήμερον
893 693 923 732 ιο
933 686 1042 746 mucias
1050 674 1079 732 in
1094 688 1165 734 terra
1175 675 1242 752 erit;
1264 672 1341 754 quih
1381 676 1403 736 'e
1419 677 1448 736 in
1464 677 1560 759 gloria,
1575 700 1635 751 erae

69 752 234 834 στρατηγὸς,
254 751 343 833 αύριον
358 751 467 818 σποδός·
480 756 495 811 θ
514 752 629 835 τήμερον
641 749 781 829 λαμπρὸς,
796 749 843 809 αύ-
892 751 1041 831 inloeulo;
1057 757 1105 832 qui
1119 754 1203 815 hodie
1218 754 1247 815 in
1262 755 1342 831 solio,
1361 776 1422 832 eras
1436 756 1467 816 in
1484 757 1573 896 lqetuj
1586 759 1635 837 qui

70 855 127 911 ριον
139 831 237 901 πηλός·
253 835 267 890 ὁ
280 831 393 911 τήμερον
405 830 576 905 ἐπίόλεπτος,
591 829 680 912 αύριον
694 827 842 908 βδελυκτός·
892 830 975 890 hodie
988 830 1017 890 in
1038 833 1120 906 fastu,
1143 855 1202 910 eras
1216 835 1245 894 iu
1268 835 1392 916 sepulcro
1401 858 1410 911 ς
1431 836 1494 915 qni'
1517 836 1581 897 odie
1604 837 1634 898 in

69 911 210 990 θτήμερον
221 912 356 990 ἐαρσνὴς,
368 910 456 989 αύριον
468 912 584 989 άρανής·
596 910 734 989 θτήμερον
746 907 842 981 σοόῶν,
892 910 1034 986 tribunali,
1044 933 1103 972 eras
1113 913 1140 972 io
1153 927 1343 988 monomento;
1354 916 1402 992 qui
1420 914 1502 976 hodie
1515 915 1574 976 dux
1582 929 1633 986 est,

70 989 162 1070 αύριον
186 966 328 1089 σπάργανα
348 989 528 1070 περικείμενος
543 989 669 1069 ἐπιτάφιοι
680 988 727 1048 καλ
740 987 841 1065 δεσμά·
857 986 876 1034 Ε
892 1010 951 1050 eras
965 990 1106 1066 einiserit3
1121 991 1257 1071 quihotlie
1270 991 1441 1072 conspicuos,
1456 1001 1516 1054 eras
1525 994 1631 1071 lutum

69 1068 488 1151 δτήμερονευγλιυττος,αύριον
503 1067 776 1148 άρωνος·θτήμερον
791 1065 842 1127 tul
892 1069 973 1129 hodie
983 1069 1107 1150 insignia,
1133 1093 1192 1131 cras
1205 1071 1382 1131 exsecrationi
1404 1072 1530 1147 hebitne;
1551 1073 1634 1135 hodie
1731 1076 1734 1082 ’

69 1151 192 1208 κολάκων
208 1148 441 1228 δορυφορούμενος,
462 1147 552 1229 σύριον
565 1147 777 1219 ύπδσκωλήκων
791 1147 840 1204 δα·
864 1213 866 1217 ,
891 1148 1017 1227 illustris,
1030 1171 1088 1209 eras
1103 1149 1241 1231 dejectus;
1256 1150 1339 1211 hodie
1349 1165 1478 1211 terrorem
1486 1152 1631 1232 incutiens,

69 1226 241 1303 πανώμενος·
265 1233 280 1287 θ
299 1227 413 1309 τήμερον
436 1227 553 1302 εὐειδής,
574 1229 662 1308 αύριον
680 1224 843 1296 δυσειδής·ὁ
892 1248 950 1288 erae
999 1229 1060 1288 nnis
1078 1230 1275 1311 sepulcralibus
1293 1244 1320 1290 et
1330 1230 1506 1309 ligaminibus
1524 1232 1633 1294 involu-

69 1307 184 1388 τήμερον
204 1305 339 1386 ἐπαχθής,
359 1305 448 1387 αὔριον
468 1308 595 1387 είδεχθής.
619 1308 715 1373 Καλῶς
726 1304 842 1383 napta
892 1320 950 1384 εει,
963 1250 1046 1368 lidie
1058 1311 1259 1389 eloquenqeras
1272 1310 1329 1369 sine
1343 1309 1553 1388 loquela3hodie
1564 1311 1632 1373 adu·

69 1385 166 1466 σορδς,
186 1386 222 1446 Τί
244 1387 524 1466 ύπερηφανεύεταιιγῆ
545 1388 591 1446 καλ
612 1385 724 1459 σποδός,
747 1387 841 1444 Ταῦτα
890 1384 1023 1447 latoribus
1039 1389 1165 1470 stipatuS,
1181 1410 1263 1449 erasa
1278 1390 1559 1468 vermibusoormsus;
1581 1392 1632 1452 lto·

69 1467 155 1524 εἰδυῖα
173 1465 251 1525 Ἄννα
274 1470 292 1537 ή
307 1470 353 1523 τοῦ
367 1465 501 1546 προφήτου
517 1465 606 1567 μήτηρ
620 1464 751 1543 Σαμουὴλ
766 1466 842 1543 εῦχο·
890 1464 935 1525 die
948 1467 1090 1542 formosus,
1102 1491 1161 1528 eras
1173 1468 1315 1543 deformis;
1336 1468 1418 1528 hodie
1426 1490 1564 1546 onerosus,
1572 1492 1631 1531 erae

70 1544 137 1620 με’νη
152 1541 243 1624 ἔλεγε,
262 1544 307 1604 τὸν
324 1547 407 1603 παῖδα
424 1568 606 1646 προσρερουσα
617 1546 697 1624 Θεῷ·
711 1542 759 1614 Μὴ
776 1566 841 1603 καυ-
890 1544 1158 1608 horridus..Pulehre
1167 1547 1240 1607 dixit
1261 1547 1383 1628 Sapiens,
1407 1550 1487 1627 Quid
1500 1554 1781 1646 superbiegccp‚,0‚9,

68 1624 185 1703 χάσθωθ
197 1624 302 1705 ἰσχυρὸς
314 1625 341 1682 ἐν
352 1629 385 1702 τῇ
397 1627 467 1703 ἰσχυι
482 1627 577 1698 αὐτοῦ,
590 1623 635 1682 καὶ
647 1623 685 1700 μὴ
696 1622 840 1702 καυχάσθω
891 1637 970 1684 terra
984 1640 1013 1685 et
1027 1629 1126 1686 einis?
1143 1626 1207 1686 Hae
1220 1647 1283 1686 οιιιιι
1302 1627 1383 1686 sciret
1405 1633 1482 1688 nona
1496 1629 1631 1692 Samuelis

69 1708 83 1762 θ
98 1702 222 1770 πλούσιος
235 1706 262 1761 ἐν
278 1706 317 1782 τῷ
331 1702 438 1782 πλούτῳ
453 1706 549 1763 αὐτοῦ·
568 1705 626 1763 ἀλλ’
640 1705 667 1763 ἐν
679 1701 763 1781 τούτῳ
774 1724 840 1760 καυ-
889 1704 1025 1785 prophetae
1038 1719 1131 1780 mater,
1143 1727 1254 1788 precans
1266 1705 1373 1765 dicebat
1392 1699 1480 1767 filium
1495 1710 1631 1771 Deoolfe·

67 1780 161 1860 χάσθω
171 1787 185 1841 θ
194 1779 373 1862 καυχώμενος,
385 1785 412 1842 ἐν
425 1785 463 1862 τῷ
475 1792 572 1843 συνιεῑν
584 1781 630 1841 καλ
642 1779 781 1860 γινώσκειν
794 1779 840 1838 τὸν
889 1803 950 1842 rens
963 1806 970 1840 ι
982 1786 1028 1843 Ne
1049 1786 1192 1864 glorietur
1199 1787 1294 1866 sortis
1318 1787 1539 1866 infortitudine
1561 1810 1626 1864 sue,
1642 1811 1662 1844 ι.
1672 1800 1730 1858 tteg.
1742 1817 1765 1849 ε,

68 1861 176 1941 Κύριον.
201 1861 248 1934 Μὴ
266 1860 426 1940 καυχάσθω,
441 1860 530 1940 puolo,
543 1866 558 1922 θ
571 1859 664 1941 σοφός·
679 1859 774 1927 σποδὸς
786 1860 917 1942 γὰρτοτει
930 1864 1201 1943 ueglorieturdives
1214 1868 1246 1922 ιἰι
1257 1865 1368 1928 divitiis
1383 1869 1466 1936 suis;
1480 1867 1564 1927 sedin
1579 1869 1629 1930 hoe
1643 1866 1708 1909 '⁰³¹¹
1718 1864 1781 1913 θη·

67 1940 220 2018 γινόμενος,
236 1939 331 2020 άσοιρος
348 1939 458 2021 ύσοιρός.
474 1940 522 2012 Μή
536 1940 680 2021 καυχάσθω
693 1944 708 1999 θ
723 1940 838 2020 ίσχυρύς·
854 1943 874 1989 Α
889 1941 1020 2020 glorietur
1039 1943 1120 2021 isqui
1138 1943 1280 2022 gloriator,
1292 1942 1320 2001 in
1337 1944 1489 2022 cognitione
1504 1947 1627 2009 Domini.
1638 1940 1674 1974 ⁰⁰·

67 2019 209 2101 πηλὸςγδρ
221 2023 246 2080 ἐν
256 2021 331 2101 τάριρ
342 2021 446 2099 φανείς,
458 2019 486 2080 ὃν
496 2020 594 2100 τρόπον
605 2019 708 2100 χόρτος,
719 2019 839 2079 ἀπούάλ·
888 2022 935 2080 Ne
946 2022 1097 2102 glorietur,
1110 2022 1207 2101 inquit,
1220 2026 1337 2103 sapiens
1349 2047 1358 2079 .·
1373 2044 1436 2082 nam
1456 2025 1546 2104 pulvis
1564 2026 1630 2087 effe·

67 2101 109 2157 λει
122 2105 167 2159 τοῦ
181 2098 302 2178 σώματος
315 2099 346 2157 τδ
361 2099 445 2167 άνθος.
458 2098 505 2170 Μὴ
520 2100 666 2180 καυχάσθω
678 2102 693 2157 ὁ
704 2097 838 2164 πλούσιος·
889 2113 958 2173 etus,
972 2100 1100 2182 insipiens
1109 2115 1148 2160 est
1165 2101 1213 2180 qui
1230 2101 1336 2183 sapiens
1356 2117 1421 2161 erat.
1435 2105 1483 2162 Ne
1490 2106 1631 2185 glorietur

68 2177 194 2258 πάροικος
201 2179 252 2258 γὰρ
260 2169 334 2244 οὗτος
342 2184 388 2236 τοῦ
397 2176 510 2238 πλούτου
521 2179 567 2238 καί
580 2202 619 2237 πα
637 2176 778 2255 επίδημος,
790 2201 839 2236 κα·
879 2181 994 2260 sortis:
1008 2201 1071 2239 nam
1098 2201 1161 2239 eom
1186 2180 1213 2238 in
1234 2180 1358 2261 sepulcro
1379 2181 1469 2241 lutum
1493 2199 1630 2265 appareat,

68 2257 143 2325 θὼςθ
158 2258 264 2338 ψαλλων
276 2256 350 2335 ἐλεγε
360 2257 452 2317 Δαυίδ.
464 2256 551 2318 Ὅταν
564 2255 591 2316 δὲ
602 2202 683 2336 aliq,
698 2257 838 2337 θσορδς,θ
888 2258 1117 2337 quemadmodum
1137 2260 1249 2332 foenum,
1265 2259 1384 2339 eorporis
1404 2261 1498 2321 florem
1514 2262 1626 2328 emittit.

68 2337 190 2416 ἰσχυρὸς,
204 2338 369 2410 θπλούσιος,
383 2337 489 2397 πάντων
500 2336 548 2410 τήν
558 2341 590 2437 ὀρ
608 2335 638 2394 δν
652 2336 769 2416 ἐχάλασε
784 2342 837 2398 τιῦν
887 2340 934 2397 Ne
953 2340 1095 2428 glorietur
1118 2340 1200 2398 dives
1217 2363 1226 2395 .·
1241 2359 1304 2397 nam
1317 2338 1421 2398 advena
1437 2353 1462 2399 et
1469 2342 1628 2422 peregrinus

67 2415 218 2486 ήλπικότων
228 2416 330 2488 ἐπίτὴν
342 2422 387 2475 τοῦ
402 2361 669 2496 παρόντοςκλυδωνος
679 2414 838 2490 ἀδηλότητα
887 2416 993 2477 divinis
1006 2432 1055 2494 est,
1069 2431 1099 2477 ut
1111 2417 1203 2498 psallit
1223 2416 1324 2477 David.
1347 2419 1419 2478 Cum
1438 2433 1528 2479 antem
1545 2420 1625 2498 dicit,
1637 2430 1705 2474 Psat.
1721 2430 1760 2479 38.

68 2494 176 2554 Κλύδων
190 2495 241 2576 γδιρ
251 2499 287 2564 ὡς
300 2498 404 2568 ἀληθῶς
414 2496 448 2555 τδ
458 2496 577 2576 παρόντα
587 2495 633 2554 καὶ
644 2494 777 2572 θάλαττα,
791 2496 837 2555 καὶ
886 2496 1001 2587 sapiens,
1014 2496 1104 2566 sortis,
1121 2495 1206 2572 dives,
1226 2496 1348 2557 omnium
1368 2498 1511 2579 supercilia
1532 2500 1626 2583 depri-
1641 2493 1677 2540 ¹³·

65 2575 96 2634 τὸ
118 2574 230 2635 ἑκάστου
251 2574 334 2656 πέρας
355 2575 461 2646 ἄδηλον,
477 2579 513 2641 ὡς
532 2579 550 2646 ἡ
566 2583 646 2654 πεῖρα
663 2574 836 2644 διδάσκαλος·
886 2590 937 2635 mit
949 2598 1053 2650 eornm,
1065 2576 1112 2654 qui
1124 2576 1152 2635 in
1164 2577 1302 2658 prasentia
1317 2577 1415 2637 fluetus
1427 2578 1559 2639 incertum
1573 2594 1629 2641 ata·

66 2652 170 2714 ιἰλύδων
187 2654 222 2714 τά
241 2653 360 2736 παρόντα
376 2654 422 2714 καὶ
438 2654 571 2713 θάλαττα·
585 2654 630 2713 καί
647 2655 837 2728 άλλεπάλληλα
886 2668 946 2716 tum
956 2678 1031 2737 spem
1044 2670 1187 2736 reponunt.
1200 2657 1308 2715 Etenim
1321 2657 1628 2736 prasentialluetusve-
1707 2692 1710 2700 =

65 2733 172 2812 κύματα
186 2737 244 2792 καθ’
260 2733 373 2806 ἑκάστην
384 2739 431 2805 τῆς
444 2737 486 2814 ψυ-
499 2739 530 2806 ἥς
540 2732 588 2805 τήν
600 2733 681 2806 ζάλην
692 2732 836 2815 ἐγείροντα.
886 2749 987 2795 renunt
999 2749 1025 2795 et
1037 2756 1121 2811 mare,
1136 2756 1168 2794 ae
1182 2736 1313 2814 cujusque
1326 2735 1390 2795 linis
1402 2736 1519 2797 ineettus
1528 2753 1579 2817 est,
1596 2753 1626 2802 nt

10 2854 19 2885 ‚-
66 2812 121 2872 Τδν
135 2812 183 2890 μὲν
196 2812 248 2913 γδιρ
262 2814 305 2873 ἐπὶ
319 2818 401 2892 τιμῇ,
416 2814 460 2873 τδν
475 2759 503 2872 δέ
517 2813 561 2872 ἐπὶ
574 2812 643 2892 ζώνῃ
658 2822 741 2894 ρυσθ,
756 2814 836 2874 άλλον
887 2815 1051 2895 experientia
1065 2814 1143 2874 docet
1153 2837 1160 2871 ι
1170 2814 1339 2874 lluetnssunt
1352 2816 1494 2896 prasentia
1504 2830 1531 2877 et
1541 2839 1626 2896 mare,

10 2935 21 2965 :
65 2893 270 2952 talleoneum
285 2892 482 2974 ἐκτραχηλίζει,
498 2892 586 2973 ἕτερον
596 2891 702 2974 πλούτῳ
714 2873 732 2964 λ
743 2893 837 2953 κάλλει
885 2894 1086 2984 frequentesque
1097 2892 1227 2975 proeellas
1234 2908 1260 2952 et
1270 2907 1439 2975 tempestates
1453 2895 1550 2956 annua
1558 2919 1627 2977 quo-

66 2971 126 3051 ἄγει
143 2972 212 3032 κστδι
226 2979 358 3052 κρημνοῦ·
376 2971 477 3039 πάντας
488 2971 579 3047 δέ,ώς
590 2975 684 3043 εἰπεῖν,
698 2976 725 3032 ἐν
742 2975 834 3032 ἐπιθυ·
885 2973 953 3033 tidie
967 2974 1094 3034 excitant.
1123 2973 1201 3032 Hune
1224 2973 1296 3032 enim
1312 2994 1348 3033 ex
1360 2973 1470 3049 honore,
1484 2975 1564 3036 illum
1591 2998 1627 3038 ex

11 3096 22 3101 -
70 3051 143 3128 μίαις
164 3050 311 3129 πνεύματος
333 3055 369 3118 είς
391 3050 435 3111 τὸν
460 3056 512 3110 τῶν
534 3054 624 3110 παθῶν
644 3050 731 3123 ώθησι
747 3052 834 3132 βυθόν.
884 3052 974 3113 balteo
987 3054 1076 3129 inllat3
1086 3053 1159 3111 hune
1173 3052 1336 3133 expetentia
1349 3054 1487 3142 opprimit,
1497 3055 1626 3119 aliumex

10 3182 15 3203 ¹.
65 3129 146 3191 Ἀλλδι
156 3130 202 3200 σθ,
222 3129 318 3202 πιστέ,
333 3130 402 3190 κατά
415 3131 459 3189 τὸν
474 3129 629 3204 ἀπόστολον,
650 3131 772 3211 ἄνθρωπε
789 3138 835 3191 τοῦ
851 3139 869 3185 Β
883 3131 1040 3193 divitiisvel
1052 3154 1087 3192 ex
1100 3133 1186 3190 forma
1196 3131 1225 3191 in
1244 3130 1424 3213 precipitium
1439 3133 1496 3213 agit
1512 3157 1520 3192 ι
1534 3156 1627 3197 omnes

10 3254 19 3285 -,
64 3212 153 3284 Θεοῦ,
168 3217 245 3291 ρεῦγε
265 3215 311 3281 τῆς
329 3209 468 3288 ἐπιθυμίας
481 3209 515 3269 τὰ
528 3207 649 3287 κύματα,
665 3208 767 3270 ἐκκλινι
781 3216 833 3271 τῶν
874 3232 959 3285 ,νειο,
974 3226 1004 3272 ut
1019 3212 1169 3285 ludium,
1182 3233 1217 3271 ex
1230 3210 1342 3290 spiritus
1359 3214 1583 3295 eoncupiscentiia
1595 3215 1627 3275 in

10 3332 18 3363 ¹·
63 3296 111 3349 τοῦ
137 3289 193 3368 βίου
220 3288 371 3349 κλυδώνυιν·
393 3287 522 3371 άνώτερος
549 3289 576 3348 δὲ
600 3293 653 3350 τῶν
677 3295 780 3368 παθῶν,
797 3294 833 3359 ὡς
883 3291 1013 3351 vitiorum
1036 3290 1202 3372 profundum
1219 3289 1358 3350 demersit.
1382 3291 1438 3351 Sed
1457 3307 1499 3364 ιιι,
1523 3293 1626 3372 fidelis,

10 3410 13 3441 γ
63 3369 190 3446 κυμάτων
210 3368 365 3448 γενόμενος,
387 3367 452 3428 πλέε
471 3373 517 3427 τοῦ
538 3367 595 3444 βίου
614 3366 663 3440 τήν
684 3369 832 3444 θάλασσαν,
881 3370 1029 3430 seeundum
1050 3371 1211 3452 apostolum,
1231 3368 1312 3429 homo
1333 3368 1394 3445 Dei,
1410 3371 1475 3451 fuge
1496 3373 1627 3454 eoncupi-

63 3448 187 3530 σωτηρίῳ
205 3448 272 3528 ξυλιρ
291 3446 466 3525 ἐμπιστεύσας
486 3450 535 3517 τῆς
555 3449 641 3528 ψυχῆς
653 3448 683 3507 τδ
700 3447 831 3530 ἐρολκιον.
882 3450 989 3510 soentiae
999 3451 1106 3526 fluetus,
1119 3449 1325 3509 deelinaavitae
1336 3450 1545 3531 tempestatibus
1559 3477 1565 3510 ι
1582 3473 1629 3512 au-

63 3525 149 3595 Ἱστός
166 3550 207 3586 σοι
226 3526 337 3605 γινέσθω
352 3524 477 3606 σταυρὸς,
493 3525 595 3606 ἄγκυρα
613 3527 715 3603 πίστις,
730 3536 833 3608 σχοῖνος
882 3529 1077 3610 perimentem
1104 3528 1190 3604 vitiis,
1214 3543 1243 3587 ut
1267 3528 1404 3619 procellis,
1419 3531 1540 3605 effeetus,
1564 3531 1628 3593 nari

61 3607 153 3680 ἐλπὶς,
175 3605 253 3678 κώπη
275 3605 355 3685 εὐχή,
378 3604 466 3673 οἴακες
488 3605 558 3685 ὀρθοὶ
586 3607 726 3688 λογισμοὶ,
754 3608 831 3680 ὀθόνη
882 3609 977 3689 trajice
989 3609 1052 3670 vitae
1063 3628 1148 3682 mare,
1162 3609 1274 3668 salutari
1296 3608 1372 3686 ligno
1385 3610 1555 3670 committens
1563 3611 1628 3671 ani-

61 3687 192 3767 Χριστὸς,
212 3683 380 3765 ούριοδρόμον
397 3687 507 3763 Πνεῦμα
524 3685 554 3745 τδ
569 3684 655 3763 άγιον,
670 3687 833 3769 κυόερνήτιης
883 3709 933 3746 ma
950 3688 1089 3769 scapham.
1107 3687 1198 3747 Malus
1213 3687 1263 3745 tihi
1285 3708 1354 3746 crux
1373 3687 1419 3761 sit,
1435 3710 1531 3748 aneora
1546 3690 1626 3768 litim,

60 3769 139 3823 ὁτῶν
150 3764 217 3824 θλων
226 3765 333 3845 Πατήρ.
344 3763 390 3823 Ἂν
401 3763 469 3822 ούτω
480 3763 577 3844 πλέῃς,
588 3768 636 3824 οὐκ
645 3765 741 3838 ἄδηλόν
752 3789 794 3825 σοι
803 3768 834 3826 τὸ
883 3767 984 3826 rudens
998 3789 1068 3847 spes,
1086 3787 1176 3825 remus
1190 3767 1284 3839 oratio,
1294 3766 1476 3844 gubernacula
1491 3782 1569 3828 rectae
1582 3789 1629 3829 oo·

59 3850 110 3902 τοῦ
122 3844 178 3923 βίου
192 3842 379 3923 συμπέρασμα.
399 3841 523 3921 Οθτωγδι
549 3843 666 3910 πλεύσας
676 3847 738 3904 Νῶε
748 3844 834 3903 αἰόλα·
885 3845 1037 3924 gitationee,
1054 3844 1145 3904 velum
1162 3844 1294 3918 Christus,
1313 3843 1445 3904 secundus
1459 3847 1629 3929 ventosSpi-

61 3924 119 3991 ύιῦς
132 3924 162 3982 τὸ
175 3924 351 4000 οἰκουμενικὸν
367 3926 449 3982 ἐκεῖνο
469 3867 607 3981 διέπλευσε
622 3922 752 4002 πίλαγος·
765 3923 834 3984 οὕτω
885 3924 955 3984 ritus
969 3937 1086 3996 sanctus,
1102 3923 1265 4001 gubernator
1280 3922 1468 3982 universorum
1487 3925 1577 3985 Pater.
1597 3925 1628 3988 Si

60 4002 179 4068 πλεύσας
192 4001 312 4082 Ἀόραδμ
325 4006 377 4062 τῶν
394 4001 528 4081 πρωτείων
551 4001 702 4084 παρεχώρει
712 4005 751 4082 τῷ
760 4001 834 4077 Λώτ,
885 4003 922 4063 ita
937 4003 1056 4082 naviges,
1073 4021 1126 4060 non
1145 4000 1248 4061 esttibi
1267 4001 1384 4061 incertus
1399 4002 1461 4062 vitae
1474 4003 1606 4065 terminus
1621 4029 1629 4062 τ

59 4083 109 4142 καὶ
134 4086 184 4161 γῆν
204 4081 339 4158 ὠνόμαζεν
362 4082 464 4150 ἑαυτὸν,
489 4079 535 4139 καί
559 4080 650 4140 τούτου
674 4081 754 4164 χάριν
776 4081 834 4187 ἅμα
886 4083 927 4142 sio
940 4083 1011 4141 enim
1023 4082 1152 4160 navigans
1166 4082 1223 4141 Noe
1233 4080 1291 4140 sine
1306 4078 1407 4140 damno
1417 4081 1629 4167 universalepe·

61 4161 160 4221 Ἰσαδικ
180 4161 273 4240 ἔτυχεν
290 4151 326 4218 ὧν
347 4160 493 4234 ἐπόθησεν·
513 4159 583 4219 ούτω
601 4160 717 4228 πλιύσας
735 4160 835 4221 Ἰακωό
885 4162 963 4242 lagos
975 4161 1045 4221 illud
1062 4160 1167 4241 trajecit
1181 4183 1188 4217 ι
1200 4161 1239 4219 sie
1264 4160 1392 4239 navigans
1413 4161 1552 4223 Abraham
1572 4164 1631 4247 pei·

59 4241 197 4308 ἄπλαοτος
207 4240 340 4319 μεμένηκε
353 4240 398 4298 καί
411 4239 587 4319 ἀχείμαστος,
604 4238 684 4318 άρτον
698 4239 776 4319 μόνον
788 4240 833 4300 καί
886 4262 945 4301 maa
959 4243 1027 4301 Loto
1038 4239 1125 4315 cessit,
1137 4254 1163 4300 et
1176 4261 1204 4299 se
1217 4254 1318 4298 terram
1330 4239 1491 4321 appellarit;
1505 4254 1531 4301 et
1547 4241 1631 4325 hujus

59 4321 168 4398 ἱμάτιον
179 4319 253 4402 παρὰ
262 4323 341 4389 Θεοῦ,
351 4323 379 4378 ού
391 4318 503 4378 πλοῦτον
512 4322 593 4378 αἰτῶν
603 4343 609 4357 ·
620 4319 701 4400 οίγδιρ
712 4318 833 4380 σπεύδον·
886 4322 925 4380 rei
938 4321 1025 4414 qratia
1036 4321 1110 4379 Isaac
1128 4339 1189 4398 qua
1201 4319 1311 4458 optabat
1324 4335 1505 4399 consequutus
1517 4332 1557 4382 est
1571 4346 1579 4380 τ
1593 4321 1633 4384 tie

59 4425 105 4467 τες
114 4402 235 4459 πλουτεῖν
245 4398 421 4476 ἐμπίπτουσιν
435 4402 470 4466 είς
486 4398 645 4479 πειρασμόν.
657 4398 736 4459 Otto
749 4400 833 4460 πλεύ-
887 4421 1019 4480 navigans
1031 4398 1126 4476 Jacob,
1141 4399 1211 4480 simp
1225 4420 1260 4458 ex
1281 4399 1389 4474 mansit,
1405 4421 1454 4459 nee
1470 4420 1519 4460 exa
1540 4401 1631 4475 italus,

60 4503 111 4546 σας
122 4478 238 4559 Ἰωσὴφ,
252 4484 300 4550 τῆς
314 4480 456 4556 ἐπιβουλῆς
468 4477 514 4536 καί
525 4484 572 4550 τῆς
585 4479 680 4550 ἡδονῆς
692 4478 739 4552 τὴν
750 4480 832 4554 ζάλην
851 4500 870 4547 c
887 4501 984 4562 panem
1007 4479 1095 4539 solum
1110 4491 1137 4537 et
1156 4492 1270 4555 vestem,
1283 4499 1336 4539 non
1360 4478 1500 4541 divitiasa
1515 4421 1574 4542 lleo
1587 4503 1632 4564 pe·

60 4558 195 4638 διὲρυγεν·
206 4556 275 4617 ούτω
285 4557 400 4625 πλεύσας
412 4560 536 4630 Μωῦσῆς,
546 4561 650 4629 Ἰησοῦς
662 4582 691 4617 τε
702 4559 747 4618 καλ
757 4562 834 4620 ὅλοι·
887 4574 944 4620 tens
961 4581 1041 4620 :nam
1066 4558 1112 4637 qni
1127 4557 1226 4619 divites
1242 4579 1299 4617 esse
1316 4558 1434 4638 student,
1458 4559 1582 4620 incidunt
1602 4560 1632 4620 in

58 4639 169 4705 πθςτιῦν
180 4642 322 4718 προφητῶν
329 4638 407 4717 χορὸς
414 4636 459 4696 καὶ
467 4637 585 4712 δικαίων,
596 4641 631 4704 ὡς
641 4640 677 4705 εἰς
684 4638 766 4719 ὅρμον
776 4638 834 4700 ιἰκύ
885 4640 1066 4700 tentationem.
1086 4638 1133 4699 stc
1155 4637 1287 4716 navigans
1299 4639 1410 4719 loseph,
1432 4637 1592 4699 insidiatum
1607 4653 1634 4700 et

61 4741 172 4797 μαντον,
186 4719 212 4776 ἐν
226 4722 260 4796 τῇ
278 4723 324 4775 τοῦ
338 4721 498 4797 δημιουργοῦ
513 4716 594 4798 δεξιᾷ,
605 4717 726 4797 καθάπερ
736 4718 835 4801 σκάρος
884 4719 1034 4800 voluptatis
1048 4718 1193 4800 procellam
1203 4717 1318 4797 eflugit:
1333 4717 1373 4776 sie
1383 4717 1541 4797 navigantes
1549 4720 1635 4800 Moy-

58 4796 206 4875 πσιρέθεντο
217 4796 341 4863 ἑαυτούς·
352 4795 469 4855 Δικαίων
478 4795 539 4895 γὰρ,
550 4796 624 4877 quel,
633 4798 717 4878 ψυχαί
728 4799 755 4857 ἐν
764 4797 835 4879 χειρὶ
885 4819 935 4872 ses,
956 4801 1038 4861 Josoe
1059 4811 1086 4856 et
1111 4797 1233 4876 reliquus
1251 4818 1301 4876 pro
1321 4795 1447 4855 laurum
1462 4810 1488 4855 et
1496 4797 1633 4879 justorum

59 4881 143 4948 Θεοῦ,
159 4874 226 4954 μετδι
240 4880 286 4934 τοῦ
300 4878 376 4934 πλεῖν
394 4877 482 4940 καλῶς
498 4897 543 4935 τον
561 4875 642 4957 όρμον
657 4877 770 4956 ἐχόντων
785 4877 834 4951 τήν
886 4873 995 4953 chorus,
1032 4878 1091 4936 uani
1119 4877 1146 4935 in
1169 4890 1280 4957 portum
1300 4818 1428 4934 luctibus
1455 4896 1584 4954 vacuum,
1604 4877 1633 4936 in

60 4957 133 5015 θείαν
146 4955 241 5026 δεξιὰν,
252 4957 304 5012 τῶν
313 4954 473 5033 ὁμιλούντων
483 4958 556 5036 Θεῷ,
568 4956 612 5013 καὶ
622 4958 672 5034 γῆν
682 4956 728 5015 καὶ
740 4957 834 5017 σποδδν
886 4957 997 5017 Domini
1009 4899 1160 5028 (ienuam,
1174 4976 1223 5014 ceu
1234 4954 1344 5033 scapha,
1360 4975 1387 5013 se
1403 4969 1568 5036 receperunt.
1577 4957 1634 5016 Ju-

62 5035 212 5094 καλούντων
226 5035 343 5102 ἑαυτούς.
362 5034 443 5093 Ἀλλὰ
453 5033 518 5113 γὰρ,
538 5034 560 5092 n
571 5037 619 5104 τῆς
630 5035 834 5116 παραπληξίας,
886 5051 996 5097 storum
1009 5037 1081 5096 enim
1093 5040 1212 5105 anime,
1225 5033 1323 5113 inquit,
1335 5038 1367 5091 in
1379 5055 1470 5093 manu
1479 5036 1537 5094 Dei
1548 5049 1633 5096 sunt:

63 5115 86 5171 ιλ
116 5118 164 5184 τῆς
192 5119 245 5173 τῶν
291 5119 370 5196 ρενῶν
402 5113 560 5181 ἐκστάσεως·
591 5117 654 5194 Θεῷ
674 5114 726 5196 γδιρ
748 5119 836 5194 ὁμιλεῖ
905 5139 946 5176 ua
956 5131 1101 5197 postquam
1116 5129 1187 5174 reete
1200 5113 1396 5193 navigaverint,
1411 5127 1519 5194 portum
1533 5112 1633 5174 hahent

63 5192 200 5273 Ἀόραδιμ,
220 5139 309 5276 antip
330 5192 529 5275 κεχειροτόνητο
549 5197 638 5268 ἐθνῶν,
652 5196 701 5266 τῆς
719 5197 835 5274 ἐπαγγε-
886 5138 1009 5258 ύίνίιιοιιι
1029 5195 1169 5255 dexteram
1185 5217 1192 5249 ι
1207 5194 1255 5273 qui
1272 5207 1466 5252 conversantur
1486 5215 1549 5253 eum
1562 5196 1633 5267 Deo,

62 5272 122 5339 λίας
136 5272 298 5353 κληρονόμος
312 5274 481 5355 θπάροικος,
496 5278 532 5340 ὡς
546 5272 678 5353 πρόύατον
692 5274 837 5358 προσέφερε
886 5289 954 5336 etse
969 5287 1068 5336 terrain
1082 5288 1107 5334 et
1118 5274 1235 5334 cinerem
1253 5287 1357 5334 vocant.
1374 5272 1440 5352 sed,
1456 5287 1631 5355 ostuporem,
