<?xml version="1.0" encoding="UTF-8"?>
<!DOCTYPE html PUBLIC "-//W3C//DTD XHTML 1.0 Transitional//EN"
    "http://www.w3.org/TR/xhtml1/DTD/xhtml1-transitional.dtd">
<html xmlns="http://www.w3.org/1999/xhtml" xml:lang="en" lang="en">
 <head>
  <title>
</title>
<meta http-equiv="Content-Type" content="text/html;charset=utf-8" />
  <meta name='ocr-system' content='tesseract 3.04.00' />
  <meta name='ocr-capabilities' content='ocr_page ocr_carea ocr_par ocr_line ocrx_word'/>
</head>
<body>
  <div class='ocr_page' id='page_1' title='image "./sanctipatrisnos01chrygoog_0339.png"; bbox 0 0 3728 5978; ppageno 0'>
   <div class='ocr_carea' id='block_1_1' title="bbox 97 470 1362 560">
    <p class='ocr_par' dir='ltr' id='par_1_1' title="bbox 97 470 1362 560">
     <span class='ocr_line' id='line_1_1' title="bbox 97 470 1362 560; baseline 0.001 -20"><span class='ocrx_word' id='word_1_1' title='bbox 97 470 167 560; x_wconf 73' lang='lat'>3⁰4</span> <span class='ocrx_word' id='word_1_2' title='bbox 478 485 507 535; x_wconf 89' lang='lat' dir='ltr'>s.</span> <span class='ocrx_word' id='word_1_3' title='bbox 535 485 673 535; x_wconf 73' lang='lat' dir='ltr'><strong>tonnam</strong></span> <span class='ocrx_word' id='word_1_4' title='bbox 698 484 881 534; x_wconf 76' lang='lat' dir='ltr'><strong>euersosr.</strong></span> <span class='ocrx_word' id='word_1_5' title='bbox 911 486 1066 534; x_wconf 73' lang='lat' dir='ltr'><strong>tuemur.</strong></span> <span class='ocrx_word' id='word_1_6' title='bbox 1092 489 1362 541; x_wconf 78' lang='lat' dir='ltr'><strong>cousraumuor.</strong></span> 
     </span>
    </p>
   </div>
   <div class='ocr_carea' id='block_1_2' title="bbox 94 608 1535 857">
    <p class='ocr_par' dir='ltr' id='par_1_2' title="bbox 94 608 1535 857">
     <span class='ocr_line' id='line_1_2' title="bbox 94 608 1535 693; baseline 0.003 -20"><span class='ocrx_word' id='word_1_7' title='bbox 94 612 170 673; x_wconf 87' lang='lat' dir='ltr'><strong>Patri</strong></span> <span class='ocrx_word' id='word_1_8' title='bbox 190 623 218 671; x_wconf 86' lang='lat' dir='ltr'>et</span> <span class='ocrx_word' id='word_1_9' title='bbox 243 608 360 693; x_wconf 85' lang='lat' dir='ltr'><strong>Spiritui</strong></span> <span class='ocrx_word' id='word_1_10' title='bbox 378 622 472 669; x_wconf 69' lang='lat' dir='ltr'><strong>nancto</strong></span> <span class='ocrx_word' id='word_1_11' title='bbox 492 609 594 690; x_wconf 83' lang='lat' dir='ltr'><strong>gloria,</strong></span> <span class='ocrx_word' id='word_1_12' title='bbox 612 609 770 691; x_wconf 82' lang='lat' dir='ltr'><strong>imperium,</strong></span> <span class='ocrx_word' id='word_1_13' title='bbox 788 610 840 669; x_wconf 90' lang='lat' dir='ltr'>bo·</span> <span class='ocrx_word' id='word_1_14' title='bbox 895 609 976 689; x_wconf 76' lang='grc' dir='ltr'>τιμὴ,</span> <span class='ocrx_word' id='word_1_15' title='bbox 989 615 1035 671; x_wconf 73' lang='grc' dir='ltr'>νῦν</span> <span class='ocrx_word' id='word_1_16' title='bbox 1051 612 1096 671; x_wconf 86' lang='grc' dir='ltr'>καλ</span> <span class='ocrx_word' id='word_1_17' title='bbox 1111 613 1223 685; x_wconf 63' lang='lat' dir='ltr'><strong>&amp;timi</strong></span> <span class='ocrx_word' id='word_1_18' title='bbox 1238 618 1274 685; x_wconf 84' lang='grc' dir='ltr'>είς</span> <span class='ocrx_word' id='word_1_19' title='bbox 1292 617 1353 687; x_wconf 67' lang='lat' dir='ltr'><strong>robe</strong></span> <span class='ocrx_word' id='word_1_20' title='bbox 1372 620 1470 687; x_wconf 77' lang='grc' dir='ltr'>αίῶνας</span> <span class='ocrx_word' id='word_1_21' title='bbox 1485 623 1535 680; x_wconf 76' lang='grc' dir='ltr'>τῶν</span> 
     </span>
     <span class='ocr_line' id='line_1_3' title="bbox 95 700 989 784; baseline -0.003 -19"><span class='ocrx_word' id='word_1_22' title='bbox 95 726 163 779; x_wconf 90' lang='lat' dir='ltr'><strong>uor,</strong></span> <span class='ocrx_word' id='word_1_23' title='bbox 176 724 249 765; x_wconf 90' lang='lat' dir='ltr'><strong>nuuc</strong></span> <span class='ocrx_word' id='word_1_24' title='bbox 267 716 296 774; x_wconf 65' lang='lat' dir='ltr'>,et</span> <span class='ocrx_word' id='word_1_25' title='bbox 317 722 438 784; x_wconf 78' lang='lat' dir='ltr'>semper,</span> <span class='ocrx_word' id='word_1_26' title='bbox 451 714 479 761; x_wconf 88' lang='lat' dir='ltr'>et</span> <span class='ocrx_word' id='word_1_27' title='bbox 499 701 529 761; x_wconf 88' lang='lat' dir='ltr'><strong>in</strong></span> <span class='ocrx_word' id='word_1_28' title='bbox 552 701 651 762; x_wconf 71' lang='lat' dir='ltr'><strong>sacua</strong></span> <span class='ocrx_word' id='word_1_29' title='bbox 672 700 843 774; x_wconf 66' lang='lat' dir='ltr'><strong>saeuum.</strong></span> <span class='ocrx_word' id='word_1_30' title='bbox 890 701 989 782; x_wconf 60' lang='lat' dir='ltr'><strong>’butu</strong></span> 
     </span>
     <span class='ocr_line' id='line_1_4' title="bbox 96 799 192 857; baseline 0.031 -3"><span class='ocrx_word' id='word_1_31' title='bbox 96 799 192 857; x_wconf 82' lang='lat' dir='ltr'><strong>Amen.</strong></span> 
     </span>
    </p>
   </div>
   <div class='ocr_carea' id='block_1_3' title="bbox 101 982 1541 1027">
    <p class='ocr_par' dir='ltr' id='par_1_3' title="bbox 101 982 1541 1027">
     <span class='ocr_line' id='line_1_5' title="bbox 101 982 1541 1027; baseline 0.001 -10"><span class='ocrx_word' id='word_1_32' title='bbox 101 982 1541 1027; x_wconf 37' lang='lat' dir='ltr'><em>m</em></span> 
     </span>
    </p>
   </div>
   <div class='ocr_carea' id='block_1_4' title="bbox 307 1157 1384 1235">
    <p class='ocr_par' dir='ltr' id='par_1_4' title="bbox 307 1157 1384 1235">
     <span class='ocr_line' id='line_1_6' title="bbox 307 1157 1384 1235; baseline 0.006 -15"><span class='ocrx_word' id='word_1_33' title='bbox 307 1160 467 1222; x_wconf 69' lang='lat' dir='ltr'><strong>nonnula</strong></span> <span class='ocrx_word' id='word_1_34' title='bbox 487 1157 626 1223; x_wconf 78' lang='lat' dir='ltr'><strong>xxxvl.</strong></span> <span class='ocrx_word' id='word_1_35' title='bbox 1174 1166 1312 1226; x_wconf 79' lang='lat' dir='ltr'><strong>ottutut</strong></span> <span class='ocrx_word' id='word_1_36' title='bbox 1331 1157 1384 1235; x_wconf 67' lang='grc' dir='ltr'>λςί.</span> 
     </span>
    </p>
   </div>
   <div class='ocr_carea' id='block_1_5' title="bbox 96 1339 1541 1880">
    <p class='ocr_par' dir='ltr' id='par_1_5' title="bbox 96 1339 1541 1880">
     <span class='ocr_line' id='line_1_7' title="bbox 96 1339 1533 1423; baseline -0.001 -14"><span class='ocrx_word' id='word_1_37' title='bbox 96 1349 166 1409; x_wconf 77' lang='lat' dir='ltr'><strong>Can.</strong></span> <span class='ocrx_word' id='word_1_38' title='bbox 178 1348 296 1409; x_wconf 82' lang='lat' dir='ltr'><strong>XVLv.</strong></span> <span class='ocrx_word' id='word_1_39' title='bbox 305 1348 355 1408; x_wconf 73' lang='lat'>25.</span> <span class='ocrx_word' id='word_1_40' title='bbox 368 1348 472 1406; x_wconf 77' lang='lat' dir='ltr'><strong>Medio</strong></span> <span class='ocrx_word' id='word_1_41' title='bbox 481 1358 580 1405; x_wconf 83' lang='lat' dir='ltr'><strong>autem</strong></span> <span class='ocrx_word' id='word_1_42' title='bbox 589 1357 673 1404; x_wconf 88' lang='lat' dir='ltr'><strong>nocte</strong></span> <span class='ocrx_word' id='word_1_43' title='bbox 687 1340 801 1403; x_wconf 81' lang='lat' dir='ltr'><strong>Paulus</strong></span> <span class='ocrx_word' id='word_1_44' title='bbox 812 1352 841 1402; x_wconf 88' lang='lat' dir='ltr'>et</span> <span class='ocrx_word' id='word_1_45' title='bbox 893 1339 972 1401; x_wconf 79' lang='grc' dir='ltr'>Κατδ</span> <span class='ocrx_word' id='word_1_46' title='bbox 987 1340 1015 1402; x_wconf 83' lang='grc' dir='ltr'>δλ</span> <span class='ocrx_word' id='word_1_47' title='bbox 1030 1343 1061 1402; x_wconf 90' lang='grc' dir='ltr'>τδ</span> <span class='ocrx_word' id='word_1_48' title='bbox 1077 1344 1246 1423; x_wconf 73' lang='grc' dir='ltr'>μεσονύκτιον</span> <span class='ocrx_word' id='word_1_49' title='bbox 1261 1347 1369 1412; x_wconf 77' lang='grc' dir='ltr'>Παῦλος</span> <span class='ocrx_word' id='word_1_50' title='bbox 1392 1345 1439 1404; x_wconf 82' lang='grc' dir='ltr'>καλ</span> <span class='ocrx_word' id='word_1_51' title='bbox 1452 1347 1533 1416; x_wconf 86' lang='grc' dir='ltr'>Σίλας</span> 
     </span>
     <span class='ocr_line' id='line_1_8' title="bbox 133 1433 1541 1520; baseline -0.003 -20"><span class='ocrx_word' id='word_1_52' title='bbox 133 1441 213 1501; x_wconf 83' lang='lat' dir='ltr'><strong>Silus</strong></span> <span class='ocrx_word' id='word_1_53' title='bbox 235 1453 354 1499; x_wconf 83' lang='lat' dir='ltr'><strong>orantes</strong></span> <span class='ocrx_word' id='word_1_54' title='bbox 374 1439 539 1497; x_wconf 80' lang='lat' dir='ltr'><strong>laudabant</strong></span> <span class='ocrx_word' id='word_1_55' title='bbox 553 1438 650 1495; x_wconf 87' lang='lat' dir='ltr'><strong>Deum</strong></span> <span class='ocrx_word' id='word_1_56' title='bbox 658 1459 671 1505; x_wconf 73' lang='grc' dir='ltr'>ς</span> <span class='ocrx_word' id='word_1_57' title='bbox 687 1448 715 1494; x_wconf 86' lang='lat' dir='ltr'>et</span> <span class='ocrx_word' id='word_1_58' title='bbox 735 1436 876 1495; x_wconf 81' lang='lat' dir='ltr'><strong>audie-G</strong></span> <span class='ocrx_word' id='word_1_59' title='bbox 932 1433 1042 1513; x_wconf 85' lang='grc' dir='ltr'>χύμενοι</span> <span class='ocrx_word' id='word_1_60' title='bbox 1059 1435 1154 1514; x_wconf 79' lang='grc' dir='ltr'>ὕμνουν</span> <span class='ocrx_word' id='word_1_61' title='bbox 1175 1437 1220 1497; x_wconf 88' lang='grc' dir='ltr'>τδν</span> <span class='ocrx_word' id='word_1_62' title='bbox 1230 1436 1313 1498; x_wconf 72' lang='lat' dir='ltr'><strong>Ociu-</strong></span> <span class='ocrx_word' id='word_1_63' title='bbox 1330 1437 1376 1496; x_wconf 87' lang='grc' dir='ltr'>καλ</span> <span class='ocrx_word' id='word_1_64' title='bbox 1390 1439 1541 1520; x_wconf 77' lang='grc' dir='ltr'>διιηκροῶνι</span> 
     </span>
     <span class='ocr_line' id='line_1_9' title="bbox 136 1525 1541 1610; baseline 0 -19"><span class='ocrx_word' id='word_1_65' title='bbox 136 1535 209 1591; x_wconf 85' lang='lat' dir='ltr'><strong>baut</strong></span> <span class='ocrx_word' id='word_1_66' title='bbox 220 1552 268 1591; x_wconf 84' lang='lat' dir='ltr'><strong>eos</strong></span> <span class='ocrx_word' id='word_1_67' title='bbox 279 1534 385 1590; x_wconf 83' lang='lat' dir='ltr'><strong>uincti.</strong></span> <span class='ocrx_word' id='word_1_68' title='bbox 399 1532 447 1590; x_wconf 67' lang='lat'>26.</span> <span class='ocrx_word' id='word_1_69' title='bbox 456 1528 557 1589; x_wconf 80' lang='lat' dir='ltr'><strong>Subito</strong></span> <span class='ocrx_word' id='word_1_70' title='bbox 567 1549 639 1586; x_wconf 84' lang='lat' dir='ltr'><strong>uero</strong></span> <span class='ocrx_word' id='word_1_71' title='bbox 648 1540 734 1591; x_wconf 79' lang='lat' dir='ltr'><strong>terroe</strong></span> <span class='ocrx_word' id='word_1_72' title='bbox 746 1539 841 1585; x_wconf 82' lang='lat' dir='ltr'><strong>motus</strong></span> <span class='ocrx_word' id='word_1_73' title='bbox 932 1527 957 1584; x_wconf 79' lang='grc' dir='ltr'>οἱ</span> <span class='ocrx_word' id='word_1_74' title='bbox 970 1525 1082 1604; x_wconf 91' lang='grc' dir='ltr'>δέσμιοι.</span> <span class='ocrx_word' id='word_1_75' title='bbox 1090 1525 1177 1608; x_wconf 80' lang='grc' dir='ltr'>Ἄφνω</span> <span class='ocrx_word' id='word_1_76' title='bbox 1190 1527 1216 1589; x_wconf 83' lang='grc' dir='ltr'>δὲ</span> <span class='ocrx_word' id='word_1_77' title='bbox 1230 1528 1339 1607; x_wconf 80' lang='grc' dir='ltr'>σεισμὸς</span> <span class='ocrx_word' id='word_1_78' title='bbox 1352 1528 1456 1608; x_wconf 65' lang='grc' dir='ltr'>ἐγένετο</span> <span class='ocrx_word' id='word_1_79' title='bbox 1471 1529 1541 1610; x_wconf 83' lang='grc' dir='ltr'>μέγα</span> 
     </span>
     <span class='ocr_line' id='line_1_10' title="bbox 126 1618 1539 1706; baseline -0.001 -23"><span class='ocrx_word' id='word_1_80' title='bbox 126 1624 236 1706; x_wconf 82' lang='lat' dir='ltr'><strong>sactus</strong></span> <span class='ocrx_word' id='word_1_81' title='bbox 250 1635 292 1682; x_wconf 84' lang='lat' dir='ltr'>est</span> <span class='ocrx_word' id='word_1_82' title='bbox 312 1640 445 1702; x_wconf 82' lang='lat' dir='ltr'><strong>maguus,</strong></span> <span class='ocrx_word' id='word_1_83' title='bbox 460 1623 505 1678; x_wconf 85' lang='lat' dir='ltr'>ita</span> <span class='ocrx_word' id='word_1_84' title='bbox 519 1631 550 1678; x_wconf 87' lang='lat' dir='ltr'>ut</span> <span class='ocrx_word' id='word_1_85' title='bbox 565 1630 751 1678; x_wconf 79' lang='lat' dir='ltr'><strong>moverentur</strong></span> <span class='ocrx_word' id='word_1_86' title='bbox 761 1618 841 1698; x_wconf 77' lang='lat' dir='ltr'><strong>sun·</strong></span> <span class='ocrx_word' id='word_1_87' title='bbox 934 1618 1093 1691; x_wconf 81' lang='grc' dir='ltr'>σαλευθῆναι</span> <span class='ocrx_word' id='word_1_88' title='bbox 1108 1619 1141 1678; x_wconf 73' lang='lat' dir='ltr'>rb</span> <span class='ocrx_word' id='word_1_89' title='bbox 1160 1618 1270 1698; x_wconf 86' lang='grc' dir='ltr'>θεμέλια</span> <span class='ocrx_word' id='word_1_90' title='bbox 1289 1625 1335 1681; x_wconf 77' lang='grc' dir='ltr'>τῶ</span> <span class='ocrx_word' id='word_1_91' title='bbox 1356 1621 1539 1702; x_wconf 69' lang='grc' dir='ltr'>δεσμωτηρίου</span> 
     </span>
     <span class='ocr_line' id='line_1_11' title="bbox 134 1708 1541 1793; baseline -0.003 -16"><span class='ocrx_word' id='word_1_92' title='bbox 134 1717 275 1777; x_wconf 70' lang='lat' dir='ltr'><strong>tamenta</strong></span> <span class='ocrx_word' id='word_1_93' title='bbox 298 1715 445 1774; x_wconf 83' lang='lat' dir='ltr'><strong>carceris:</strong></span> <span class='ocrx_word' id='word_1_94' title='bbox 464 1724 493 1770; x_wconf 90' lang='lat' dir='ltr'>et</span> <span class='ocrx_word' id='word_1_95' title='bbox 515 1715 615 1771; x_wconf 86' lang='lat' dir='ltr'><strong>statim</strong></span> <span class='ocrx_word' id='word_1_96' title='bbox 643 1722 746 1792; x_wconf 81' lang='lat' dir='ltr'><strong>aperto</strong></span> <span class='ocrx_word' id='word_1_97' title='bbox 772 1721 842 1769; x_wconf 85' lang='lat' dir='ltr'><strong>suut</strong></span> <span class='ocrx_word' id='word_1_98' title='bbox 932 1708 1037 1790; x_wconf 83' lang='grc' dir='ltr'>χθησοίν</span> <span class='ocrx_word' id='word_1_99' title='bbox 1057 1733 1087 1770; x_wconf 89' lang='grc' dir='ltr'>τε</span> <span class='ocrx_word' id='word_1_100' title='bbox 1106 1715 1276 1793; x_wconf 75' lang='grc' dir='ltr'>παραχρῆμα</span> <span class='ocrx_word' id='word_1_101' title='bbox 1287 1718 1315 1772; x_wconf 87' lang='grc' dir='ltr'>αί</span> <span class='ocrx_word' id='word_1_102' title='bbox 1332 1710 1411 1792; x_wconf 86' lang='grc' dir='ltr'>θύραι</span> <span class='ocrx_word' id='word_1_103' title='bbox 1419 1722 1541 1789; x_wconf 60' lang='lat' dir='ltr'><strong>ortuum</strong></span> 
     </span>
     <span class='ocr_line' id='line_1_12' title="bbox 137 1799 1230 1880; baseline -0.007 -11"><span class='ocrx_word' id='word_1_104' title='bbox 137 1813 238 1869; x_wconf 82' lang='lat' dir='ltr'><strong>omniu</strong></span> <span class='ocrx_word' id='word_1_105' title='bbox 252 1811 336 1880; x_wconf 83' lang='lat' dir='ltr'><strong>ostio,</strong></span> <span class='ocrx_word' id='word_1_106' title='bbox 349 1819 378 1867; x_wconf 90' lang='lat' dir='ltr'>et</span> <span class='ocrx_word' id='word_1_107' title='bbox 391 1808 592 1866; x_wconf 77' lang='lat' dir='ltr'><strong>uniuersorum</strong></span> <span class='ocrx_word' id='word_1_108' title='bbox 603 1804 729 1864; x_wconf 74' lang='lat' dir='ltr'><strong>uincula</strong></span> <span class='ocrx_word' id='word_1_109' title='bbox 742 1802 841 1866; x_wconf 82' lang='lat' dir='ltr'><strong>soluta</strong></span> <span class='ocrx_word' id='word_1_110' title='bbox 932 1823 985 1861; x_wconf 90' lang='grc' dir='ltr'>των</span> <span class='ocrx_word' id='word_1_111' title='bbox 995 1799 1029 1861; x_wconf 82' lang='grc' dir='ltr'>τδ</span> <span class='ocrx_word' id='word_1_112' title='bbox 1042 1800 1128 1880; x_wconf 85' lang='grc' dir='ltr'>δεσμδ</span> <span class='ocrx_word' id='word_1_113' title='bbox 1140 1803 1230 1876; x_wconf 82' lang='grc' dir='ltr'>ἀνέθη.</span> 
     </span>
    </p>
   </div>
   <div class='ocr_carea' id='block_1_6' title="bbox 136 1912 214 1962">
    <p class='ocr_par' dir='ltr' id='par_1_6' title="bbox 136 1912 214 1962">
     <span class='ocr_line' id='line_1_13' title="bbox 136 1912 214 1962; baseline 0.013 -1"><span class='ocrx_word' id='word_1_114' title='bbox 136 1912 214 1962; x_wconf 87' lang='lat' dir='ltr'><strong>sunt.</strong></span> 
     </span>
    </p>
   </div>
   <div class='ocr_carea' id='block_1_7' title="bbox 86 2072 1541 5111">
    <p class='ocr_par' dir='ltr' id='par_1_7' title="bbox 86 2072 1541 5111">
     <span class='ocr_line' id='line_1_14' title="bbox 135 2072 1540 2165; baseline -0.003 -20"><span class='ocrx_word' id='word_1_115' title='bbox 135 2090 163 2146; x_wconf 84' lang='lat' dir='ltr'><strong>t.</strong></span> <span class='ocrx_word' id='word_1_116' title='bbox 179 2083 256 2158; x_wconf 84' lang='lat' dir='ltr'>Quid</span> <span class='ocrx_word' id='word_1_117' title='bbox 275 2083 320 2143; x_wconf 90' lang='lat' dir='ltr'><strong>his</strong></span> <span class='ocrx_word' id='word_1_118' title='bbox 333 2104 384 2165; x_wconf 83' lang='lat' dir='ltr'><strong>pur</strong></span> <span class='ocrx_word' id='word_1_119' title='bbox 397 2081 480 2142; x_wconf 83' lang='lat' dir='ltr'><strong>fuerit</strong></span> <span class='ocrx_word' id='word_1_120' title='bbox 490 2072 651 2141; x_wconf 80' lang='lat' dir='ltr'><strong>animabus?</strong></span> <span class='ocrx_word' id='word_1_121' title='bbox 669 2079 766 2161; x_wconf 82' lang='lat' dir='ltr'><strong>Virgis</strong></span> <span class='ocrx_word' id='word_1_122' title='bbox 779 2079 841 2139; x_wconf 71' lang='lat' dir='ltr'><strong>cusi</strong></span> <span class='ocrx_word' id='word_1_123' title='bbox 866 2145 869 2150; x_wconf 58' lang='grc'>,</span> <span class='ocrx_word' id='word_1_124' title='bbox 932 2077 970 2140; x_wconf 80' lang='grc' dir='ltr'>Τί</span> <span class='ocrx_word' id='word_1_125' title='bbox 981 2077 1082 2138; x_wconf 86' lang='grc' dir='ltr'>τούτων</span> <span class='ocrx_word' id='word_1_126' title='bbox 1102 2079 1158 2140; x_wconf 83' lang='grc' dir='ltr'>ῐσον</span> <span class='ocrx_word' id='word_1_127' title='bbox 1171 2078 1265 2160; x_wconf 81' lang='grc' dir='ltr'>γένοιτ’</span> <span class='ocrx_word' id='word_1_128' title='bbox 1286 2079 1317 2140; x_wconf 80' lang='grc' dir='ltr'>δν</span> <span class='ocrx_word' id='word_1_129' title='bbox 1331 2084 1385 2141; x_wconf 80' lang='grc' dir='ltr'>τῶν</span> <span class='ocrx_word' id='word_1_130' title='bbox 1404 2079 1540 2161; x_wconf 41' lang='lat' dir='ltr'><strong>tostire?</strong></span> 
     </span>
     <span class='ocr_line' id='line_1_15' title="bbox 95 2170 1541 2258; baseline -0.005 -20"><span class='ocrx_word' id='word_1_131' title='bbox 95 2178 194 2239; x_wconf 85' lang='lat' dir='ltr'><strong>multas</strong></span> <span class='ocrx_word' id='word_1_132' title='bbox 206 2176 300 2258; x_wconf 78' lang='lat' dir='ltr'>plagas</span> <span class='ocrx_word' id='word_1_133' title='bbox 310 2187 479 2255; x_wconf 85' lang='lat' dir='ltr'><strong>acceperant,</strong></span> <span class='ocrx_word' id='word_1_134' title='bbox 493 2171 671 2232; x_wconf 81' lang='lat' dir='ltr'><strong>contumelias</strong></span> <span class='ocrx_word' id='word_1_135' title='bbox 683 2185 709 2231; x_wconf 92' lang='lat' dir='ltr'>et</span> <span class='ocrx_word' id='word_1_136' title='bbox 720 2185 841 2232; x_wconf 80' lang='lat' dir='ltr'><strong>extrema</strong></span> <span class='ocrx_word' id='word_1_137' title='bbox 891 2176 994 2252; x_wconf 87' lang='grc' dir='ltr'>χθησαν</span> <span class='ocrx_word' id='word_1_138' title='bbox 1012 2174 1112 2240; x_wconf 79' lang='grc' dir='ltr'>πολλὰς</span> <span class='ocrx_word' id='word_1_139' title='bbox 1132 2172 1237 2251; x_wconf 85' lang='grc' dir='ltr'>πληγδς</span> <span class='ocrx_word' id='word_1_140' title='bbox 1257 2170 1396 2245; x_wconf 75' lang='grc' dir='ltr'>λαθόντες,</span> <span class='ocrx_word' id='word_1_141' title='bbox 1411 2171 1541 2255; x_wconf 77' lang='grc' dir='ltr'>θύρίσθησ</span> 
     </span>
     <span class='ocr_line' id='line_1_16' title="bbox 94 2256 1541 2350; baseline -0.002 -21"><span class='ocrx_word' id='word_1_142' title='bbox 94 2269 213 2350; x_wconf 84' lang='lat' dir='ltr'><strong>pericula</strong></span> <span class='ocrx_word' id='word_1_143' title='bbox 228 2267 376 2343; x_wconf 79' lang='lat' dir='ltr'><strong>subierant,</strong></span> <span class='ocrx_word' id='word_1_144' title='bbox 393 2265 421 2324; x_wconf 91' lang='lat' dir='ltr'>iu</span> <span class='ocrx_word' id='word_1_145' title='bbox 435 2263 510 2344; x_wconf 84' lang='lat' dir='ltr'><strong>liguo</strong></span> <span class='ocrx_word' id='word_1_146' title='bbox 532 2263 617 2325; x_wconf 87' lang='lat' dir='ltr'><strong>vincti</strong></span> <span class='ocrx_word' id='word_1_147' title='bbox 632 2276 725 2339; x_wconf 87' lang='lat' dir='ltr'><strong>erant,</strong></span> <span class='ocrx_word' id='word_1_148' title='bbox 736 2263 765 2322; x_wconf 91' lang='lat' dir='ltr'><strong>in</strong></span> <span class='ocrx_word' id='word_1_149' title='bbox 776 2284 839 2322; x_wconf 89' lang='lat' dir='ltr'><strong>car-</strong></span> <span class='ocrx_word' id='word_1_150' title='bbox 891 2268 945 2324; x_wconf 80' lang='grc' dir='ltr'>τῶν</span> <span class='ocrx_word' id='word_1_151' title='bbox 959 2264 1080 2345; x_wconf 73' lang='grc' dir='ltr'>ἐσχάτων</span> <span class='ocrx_word' id='word_1_152' title='bbox 1093 2264 1284 2339; x_wconf 75' lang='grc' dir='ltr'>ἐκινδύνευσαν,</span> <span class='ocrx_word' id='word_1_153' title='bbox 1301 2267 1339 2331; x_wconf 84' lang='grc' dir='ltr'>εἰς</span> <span class='ocrx_word' id='word_1_154' title='bbox 1356 2263 1389 2323; x_wconf 88' lang='grc' dir='ltr'>τδ</span> <span class='ocrx_word' id='word_1_155' title='bbox 1405 2263 1480 2333; x_wconf 81' lang='grc' dir='ltr'>ξύλον</span> <span class='ocrx_word' id='word_1_156' title='bbox 1501 2256 1541 2337; x_wconf 60' lang='lat' dir='ltr'>bot</span> 
     </span>
     <span class='ocr_line' id='line_1_17' title="bbox 94 2354 1541 2436; baseline -0.003 -16"><span class='ocrx_word' id='word_1_157' title='bbox 94 2383 153 2421; x_wconf 88' lang='lat' dir='ltr'><strong>cere</strong></span> <span class='ocrx_word' id='word_1_158' title='bbox 173 2358 352 2420; x_wconf 75' lang='lat' dir='ltr'><strong>interioritet</strong></span> <span class='ocrx_word' id='word_1_159' title='bbox 365 2379 398 2418; x_wconf 92' lang='lat' dir='ltr'><strong>ne</strong></span> <span class='ocrx_word' id='word_1_160' title='bbox 411 2354 575 2436; x_wconf 87' lang='lat' dir='ltr'><strong>sicquidem</strong></span> <span class='ocrx_word' id='word_1_161' title='bbox 597 2376 722 2415; x_wconf 87' lang='lat' dir='ltr'><strong>somnum</strong></span> <span class='ocrx_word' id='word_1_162' title='bbox 745 2375 840 2435; x_wconf 85' lang='lat' dir='ltr'><strong>capere</strong></span> <span class='ocrx_word' id='word_1_163' title='bbox 892 2354 1033 2432; x_wconf 80' lang='grc' dir='ltr'>θ’λημέυοι,</span> <span class='ocrx_word' id='word_1_164' title='bbox 1053 2357 1091 2421; x_wconf 81' lang='grc' dir='ltr'>εἰς</span> <span class='ocrx_word' id='word_1_165' title='bbox 1102 2354 1152 2428; x_wconf 70' lang='grc' dir='ltr'>τὴν</span> <span class='ocrx_word' id='word_1_166' title='bbox 1162 2355 1292 2436; x_wconf 75' lang='grc' dir='ltr'>ἐσωτέρω</span> <span class='ocrx_word' id='word_1_167' title='bbox 1304 2355 1438 2436; x_wconf 81' lang='grc' dir='ltr'>φυλακήν·</span> <span class='ocrx_word' id='word_1_168' title='bbox 1456 2355 1502 2415; x_wconf 87' lang='grc' dir='ltr'>καλ</span> <span class='ocrx_word' id='word_1_169' title='bbox 1523 2359 1541 2415; x_wconf 82' lang='grc' dir='ltr'>α</span> 
     </span>
     <span class='ocr_line' id='line_1_18' title="bbox 93 2443 1541 2531; baseline -0.002 -21"><span class='ocrx_word' id='word_1_170' title='bbox 93 2452 231 2524; x_wconf 84' lang='lat' dir='ltr'><strong>volebant,</strong></span> <span class='ocrx_word' id='word_1_171' title='bbox 246 2450 294 2510; x_wconf 91' lang='lat' dir='ltr'><strong>sed</strong></span> <span class='ocrx_word' id='word_1_172' title='bbox 308 2449 484 2531; x_wconf 81' lang='lat' dir='ltr'><strong>pervigilium</strong></span> <span class='ocrx_word' id='word_1_173' title='bbox 497 2447 621 2528; x_wconf 78' lang='lat' dir='ltr'><strong>agebant.</strong></span> <span class='ocrx_word' id='word_1_174' title='bbox 638 2446 743 2509; x_wconf 88' lang='lat' dir='ltr'><strong>Videtis</strong></span> <span class='ocrx_word' id='word_1_175' title='bbox 754 2443 876 2525; x_wconf 81' lang='lat' dir='ltr'><strong>quau-&#39;D</strong></span> <span class='ocrx_word' id='word_1_176' title='bbox 891 2444 1026 2506; x_wconf 78' lang='grc' dir='ltr'>καθεύδειν</span> <span class='ocrx_word' id='word_1_177' title='bbox 1045 2447 1197 2527; x_wconf 79' lang='grc' dir='ltr'>ἠνείχοντο,</span> <span class='ocrx_word' id='word_1_178' title='bbox 1217 2447 1278 2506; x_wconf 81' lang='grc' dir='ltr'>ἀλλ’</span> <span class='ocrx_word' id='word_1_179' title='bbox 1291 2447 1472 2528; x_wconf 65' lang='grc' dir='ltr'>ἐπαννύγιζον.</span> <span class='ocrx_word' id='word_1_180' title='bbox 1486 2446 1541 2528; x_wconf 77' lang='grc' dir='ltr'>Ὁρί</span> 
     </span>
     <span class='ocr_line' id='line_1_19' title="bbox 94 2537 1541 2621; baseline -0.003 -18"><span class='ocrx_word' id='word_1_181' title='bbox 94 2558 153 2604; x_wconf 83' lang='lat' dir='ltr'><strong>turn</strong></span> <span class='ocrx_word' id='word_1_182' title='bbox 169 2544 204 2603; x_wconf 87' lang='lat' dir='ltr'>sit</span> <span class='ocrx_word' id='word_1_183' title='bbox 217 2542 329 2602; x_wconf 86' lang='lat' dir='ltr'><strong>afflictio</strong></span> <span class='ocrx_word' id='word_1_184' title='bbox 352 2541 472 2600; x_wconf 84' lang='lat' dir='ltr'><strong>bouum?</strong></span> <span class='ocrx_word' id='word_1_185' title='bbox 486 2542 543 2599; x_wconf 89' lang='lat' dir='ltr'>Nos</span> <span class='ocrx_word' id='word_1_186' title='bbox 556 2553 645 2598; x_wconf 86' lang='lat' dir='ltr'><strong>autem</strong></span> <span class='ocrx_word' id='word_1_187' title='bbox 660 2539 688 2598; x_wconf 91' lang='lat' dir='ltr'>iu</span> <span class='ocrx_word' id='word_1_188' title='bbox 710 2537 839 2598; x_wconf 83' lang='lat' dir='ltr'><strong>mollibus</strong></span> <span class='ocrx_word' id='word_1_189' title='bbox 891 2541 1010 2621; x_wconf 76' lang='grc' dir='ltr'>ἡθλῑψις</span> <span class='ocrx_word' id='word_1_190' title='bbox 1030 2539 1144 2618; x_wconf 84' lang='grc' dir='ltr'>ἀγαθόν;</span> <span class='ocrx_word' id='word_1_191' title='bbox 1160 2538 1254 2617; x_wconf 84' lang='grc' dir='ltr'>Ἡμεῖς</span> <span class='ocrx_word' id='word_1_192' title='bbox 1276 2539 1304 2598; x_wconf 78' lang='grc' dir='ltr'>δδ</span> <span class='ocrx_word' id='word_1_193' title='bbox 1328 2537 1388 2600; x_wconf 79' lang='grc' dir='ltr'>οθδέ</span> <span class='ocrx_word' id='word_1_194' title='bbox 1412 2540 1441 2597; x_wconf 72' lang='grc' dir='ltr'>ἐν</span> <span class='ocrx_word' id='word_1_195' title='bbox 1463 2540 1541 2598; x_wconf 69' lang='lat' dir='ltr'><strong>teau</strong></span> 
     </span>
     <span class='ocr_line' id='line_1_20' title="bbox 93 2629 1541 2712; baseline -0.001 -19"><span class='ocrx_word' id='word_1_196' title='bbox 93 2634 171 2694; x_wconf 92' lang='lat' dir='ltr'><strong>lectis</strong></span> <span class='ocrx_word' id='word_1_197' title='bbox 191 2634 249 2693; x_wconf 86' lang='lat' dir='ltr'><strong>sine</strong></span> <span class='ocrx_word' id='word_1_198' title='bbox 265 2633 323 2692; x_wconf 89' lang='lat' dir='ltr'><strong>ullo</strong></span> <span class='ocrx_word' id='word_1_199' title='bbox 346 2645 448 2691; x_wconf 86' lang='lat' dir='ltr'><strong>terrore</strong></span> <span class='ocrx_word' id='word_1_200' title='bbox 461 2652 510 2712; x_wconf 86' lang='lat' dir='ltr'><strong>per</strong></span> <span class='ocrx_word' id='word_1_201' title='bbox 524 2645 609 2691; x_wconf 90' lang='lat' dir='ltr'><strong>totam</strong></span> <span class='ocrx_word' id='word_1_202' title='bbox 624 2629 776 2690; x_wconf 82' lang='lat' dir='ltr'><strong>dormimus</strong></span> <span class='ocrx_word' id='word_1_203' title='bbox 791 2651 838 2690; x_wconf 91' lang='lat' dir='ltr'><strong>uo-</strong></span> <span class='ocrx_word' id='word_1_204' title='bbox 891 2630 1055 2712; x_wconf 80' lang='grc' dir='ltr'>στρώμασιν,</span> <span class='ocrx_word' id='word_1_205' title='bbox 1068 2631 1160 2692; x_wconf 73' lang='grc' dir='ltr'>οὐδένα</span> <span class='ocrx_word' id='word_1_206' title='bbox 1179 2630 1337 2704; x_wconf 81' lang='grc' dir='ltr'>δεδοικότες,</span> <span class='ocrx_word' id='word_1_207' title='bbox 1349 2630 1414 2703; x_wconf 84' lang='grc' dir='ltr'>θλην</span> <span class='ocrx_word' id='word_1_208' title='bbox 1435 2630 1486 2704; x_wconf 74' lang='grc' dir='ltr'>τὴν</span> <span class='ocrx_word' id='word_1_209' title='bbox 1506 2630 1541 2691; x_wconf 76' lang='grc' dir='ltr'>νύ</span> 
     </span>
     <span class='ocr_line' id='line_1_21' title="bbox 94 2720 1541 2806; baseline -0.002 -19"><span class='ocrx_word' id='word_1_210' title='bbox 94 2739 174 2787; x_wconf 84' lang='lat' dir='ltr'><strong>uem.</strong></span> <span class='ocrx_word' id='word_1_211' title='bbox 186 2726 266 2786; x_wconf 82' lang='lat' dir='ltr'><strong>Forte</strong></span> <span class='ocrx_word' id='word_1_212' title='bbox 277 2724 337 2784; x_wconf 91' lang='lat' dir='ltr'><strong>ideo</strong></span> <span class='ocrx_word' id='word_1_213' title='bbox 348 2721 524 2806; x_wconf 79' lang='lat' dir='ltr'><strong>pervigilium</strong></span> <span class='ocrx_word' id='word_1_214' title='bbox 537 2722 661 2802; x_wconf 79' lang='lat' dir='ltr'><strong>agebant,</strong></span> <span class='ocrx_word' id='word_1_215' title='bbox 673 2720 837 2802; x_wconf 88' lang='lat' dir='ltr'><strong>quiaboeiu</strong></span> <span class='ocrx_word' id='word_1_216' title='bbox 890 2724 1025 2803; x_wconf 90' lang='grc' dir='ltr'>θεύδομεν.</span> <span class='ocrx_word' id='word_1_217' title='bbox 1043 2724 1125 2806; x_wconf 51' lang='grc' dir='ltr'>Τύχα</span> <span class='ocrx_word' id='word_1_218' title='bbox 1149 2722 1193 2784; x_wconf 79' lang='grc' dir='ltr'>διδ</span> <span class='ocrx_word' id='word_1_219' title='bbox 1214 2729 1291 2783; x_wconf 78' lang='grc' dir='ltr'>τοῦτο</span> <span class='ocrx_word' id='word_1_220' title='bbox 1312 2723 1497 2805; x_wconf 66' lang='grc' dir='ltr'>ῖπαννύγιζον,</span> <span class='ocrx_word' id='word_1_221' title='bbox 1519 2723 1541 2784; x_wconf 62' lang='lat' dir='ltr'><strong>tr</strong></span> 
     </span>
     <span class='ocr_line' id='line_1_22' title="bbox 93 2808 1541 2898; baseline -0.001 -20"><span class='ocrx_word' id='word_1_222' title='bbox 93 2831 164 2878; x_wconf 84' lang='lat' dir='ltr'><strong>statu</strong></span> <span class='ocrx_word' id='word_1_223' title='bbox 178 2831 264 2878; x_wconf 85' lang='lat' dir='ltr'><strong>eraut.</strong></span> <span class='ocrx_word' id='word_1_224' title='bbox 288 2817 349 2877; x_wconf 87' lang='lat' dir='ltr'>Non</span> <span class='ocrx_word' id='word_1_225' title='bbox 365 2815 427 2875; x_wconf 89' lang='lat' dir='ltr'><strong>illos</strong></span> <span class='ocrx_word' id='word_1_226' title='bbox 447 2815 534 2875; x_wconf 83' lang='lat' dir='ltr'><strong>somni</strong></span> <span class='ocrx_word' id='word_1_227' title='bbox 549 2812 673 2895; x_wconf 85' lang='lat' dir='ltr'><strong>tyrannis</strong></span> <span class='ocrx_word' id='word_1_228' title='bbox 687 2812 769 2894; x_wconf 84' lang='lat' dir='ltr'><strong>cepit,</strong></span> <span class='ocrx_word' id='word_1_229' title='bbox 784 2834 838 2873; x_wconf 92' lang='lat' dir='ltr'><strong>uon</strong></span> <span class='ocrx_word' id='word_1_230' title='bbox 888 2815 989 2885; x_wconf 85' lang='grc' dir='ltr'>τούτοις</span> <span class='ocrx_word' id='word_1_231' title='bbox 997 2808 1075 2888; x_wconf 75' lang='grc' dir='ltr'>ἦσαν.</span> <span class='ocrx_word' id='word_1_232' title='bbox 1088 2820 1150 2898; x_wconf 83' lang='grc' dir='ltr'>Οθχ</span> <span class='ocrx_word' id='word_1_233' title='bbox 1163 2821 1180 2889; x_wconf 81' lang='grc' dir='ltr'>ἡ</span> <span class='ocrx_word' id='word_1_234' title='bbox 1194 2823 1240 2877; x_wconf 79' lang='grc' dir='ltr'>τοῦ</span> <span class='ocrx_word' id='word_1_235' title='bbox 1250 2815 1331 2876; x_wconf 78' lang='grc' dir='ltr'>ὕπνου</span> <span class='ocrx_word' id='word_1_236' title='bbox 1343 2817 1467 2895; x_wconf 73' lang='grc' dir='ltr'>τυραννὶς</span> <span class='ocrx_word' id='word_1_237' title='bbox 1479 2819 1541 2877; x_wconf 82' lang='grc' dir='ltr'>αθτο</span> 
     </span>
     <span class='ocr_line' id='line_1_23' title="bbox 92 2904 1527 2991; baseline 0.001 -22"><span class='ocrx_word' id='word_1_238' title='bbox 92 2909 294 2985; x_wconf 83' lang='lat' dir='ltr'><strong>doloriussexit,</strong></span> <span class='ocrx_word' id='word_1_239' title='bbox 305 2930 358 2969; x_wconf 91' lang='lat' dir='ltr'><strong>nou</strong></span> <span class='ocrx_word' id='word_1_240' title='bbox 365 2907 633 2979; x_wconf 80' lang='lat' dir='ltr'><strong>timorcousternatos</strong></span> <span class='ocrx_word' id='word_1_241' title='bbox 641 2905 762 2965; x_wconf 87' lang='lat' dir='ltr'><strong>reddidit</strong></span> <span class='ocrx_word' id='word_1_242' title='bbox 768 2929 778 2982; x_wconf 77' lang='lat'>5</span> <span class='ocrx_word' id='word_1_243' title='bbox 791 2904 838 2965; x_wconf 82' lang='lat' dir='ltr'>scd</span> <span class='ocrx_word' id='word_1_244' title='bbox 890 2913 971 2989; x_wconf 75' lang='grc' dir='ltr'>οθχή</span> <span class='ocrx_word' id='word_1_245' title='bbox 989 2907 1112 2990; x_wconf 79' lang='grc' dir='ltr'>ἀλγηδὼν</span> <span class='ocrx_word' id='word_1_246' title='bbox 1135 2907 1263 2991; x_wconf 71' lang='grc' dir='ltr'>ἔκαμψεν,</span> <span class='ocrx_word' id='word_1_247' title='bbox 1284 2912 1334 2989; x_wconf 80' lang='grc' dir='ltr'>οὐχ</span> <span class='ocrx_word' id='word_1_248' title='bbox 1355 2913 1370 2968; x_wconf 84' lang='grc' dir='ltr'>θ</span> <span class='ocrx_word' id='word_1_249' title='bbox 1392 2909 1474 2989; x_wconf 63' lang='lat' dir='ltr'><strong>otto&lt;</strong></span> <span class='ocrx_word' id='word_1_250' title='bbox 1490 2911 1527 2978; x_wconf 77' lang='grc' dir='ltr'>εἰς</span> 
     </span>
     <span class='ocr_line' id='line_1_24' title="bbox 93 2997 1541 3081; baseline -0.003 -19"><span class='ocrx_word' id='word_1_251' title='bbox 93 3003 151 3062; x_wconf 72' lang='lat' dir='ltr'><strong>haee</strong></span> <span class='ocrx_word' id='word_1_252' title='bbox 165 3004 252 3062; x_wconf 87' lang='lat' dir='ltr'><strong>multo</strong></span> <span class='ocrx_word' id='word_1_253' title='bbox 265 2999 637 3081; x_wconf 79' lang='lat' dir='ltr'><strong>magisillosexcitabaut,ct</strong></span> <span class='ocrx_word' id='word_1_254' title='bbox 649 2998 734 3059; x_wconf 85' lang='lat' dir='ltr'><strong>multa</strong></span> <span class='ocrx_word' id='word_1_255' title='bbox 748 2999 836 3078; x_wconf 84' lang='lat' dir='ltr'><strong>reple·</strong></span> <span class='ocrx_word' id='word_1_256' title='bbox 890 2998 1021 3073; x_wconf 74' lang='grc' dir='ltr'>ἐνίύαλεν,</span> <span class='ocrx_word' id='word_1_257' title='bbox 1037 3003 1096 3061; x_wconf 73' lang='grc' dir='ltr'>ἀλλ’</span> <span class='ocrx_word' id='word_1_258' title='bbox 1110 2999 1178 3060; x_wconf 85' lang='grc' dir='ltr'>αθτδι</span> <span class='ocrx_word' id='word_1_259' title='bbox 1192 3000 1224 3073; x_wconf 81' lang='grc' dir='ltr'>δὴ</span> <span class='ocrx_word' id='word_1_260' title='bbox 1237 2997 1446 3080; x_wconf 55' lang='grc' dir='ltr'>ταῦταθτιολλῷ</span> <span class='ocrx_word' id='word_1_261' title='bbox 1466 3001 1541 3078; x_wconf 68' lang='grc' dir='ltr'>μᾶλλ</span> 
     </span>
     <span class='ocr_line' id='line_1_25' title="bbox 92 3090 1532 3175; baseline -0.001 -23"><span class='ocrx_word' id='word_1_262' title='bbox 92 3094 423 3175; x_wconf 76' lang='lat' dir='ltr'><strong>bautvoluptnteMediu</strong></span> <span class='ocrx_word' id='word_1_263' title='bbox 435 3105 535 3151; x_wconf 81' lang='lat' dir='ltr'><strong>autem</strong></span> <span class='ocrx_word' id='word_1_264' title='bbox 545 3090 838 3170; x_wconf 84' lang='lat' dir='ltr'><strong>nocte,iuquit‚oran-</strong></span> <span class='ocrx_word' id='word_1_265' title='bbox 891 3091 1051 3174; x_wconf 70' lang='grc' dir='ltr'>διεγείροντα</span> <span class='ocrx_word' id='word_1_266' title='bbox 1071 3091 1178 3166; x_wconf 76' lang='grc' dir='ltr'>αὐτούς,</span> <span class='ocrx_word' id='word_1_267' title='bbox 1191 3090 1238 3151; x_wconf 81' lang='grc' dir='ltr'>καὶ</span> <span class='ocrx_word' id='word_1_268' title='bbox 1262 3092 1357 3165; x_wconf 79' lang='grc' dir='ltr'>ἡδονῆς</span> <span class='ocrx_word' id='word_1_269' title='bbox 1377 3094 1532 3172; x_wconf 78' lang='grc' dir='ltr'>πληροθντα</span> 
     </span>
     <span class='ocr_line' id='line_1_26' title="bbox 92 3181 1541 3265; baseline -0.001 -21"><span class='ocrx_word' id='word_1_270' title='bbox 92 3198 136 3244; x_wconf 88' lang='lat' dir='ltr'>tes</span> <span class='ocrx_word' id='word_1_271' title='bbox 150 3182 316 3243; x_wconf 77' lang='grc' dir='ltr'>Ζσεαίσθατιε</span> <span class='ocrx_word' id='word_1_272' title='bbox 338 3187 436 3243; x_wconf 88' lang='lat' dir='ltr'><strong>Deum</strong></span> <span class='ocrx_word' id='word_1_273' title='bbox 446 3207 456 3239; x_wconf 88' lang='grc'>.·</span> <span class='ocrx_word' id='word_1_274' title='bbox 468 3184 628 3242; x_wconf 80' lang='lat' dir='ltr'><strong>audiebont</strong></span> <span class='ocrx_word' id='word_1_275' title='bbox 654 3196 753 3242; x_wconf 83' lang='lat' dir='ltr'><strong>autem</strong></span> <span class='ocrx_word' id='word_1_276' title='bbox 768 3183 837 3242; x_wconf 85' lang='lat' dir='ltr'><strong>illos</strong></span> <span class='ocrx_word' id='word_1_277' title='bbox 890 3183 968 3244; x_wconf 76' lang='grc' dir='ltr'>Κατὰ</span> <span class='ocrx_word' id='word_1_278' title='bbox 979 3183 1007 3245; x_wconf 71' lang='grc' dir='ltr'>δὲ</span> <span class='ocrx_word' id='word_1_279' title='bbox 1021 3184 1052 3244; x_wconf 86' lang='grc' dir='ltr'>τδ</span> <span class='ocrx_word' id='word_1_280' title='bbox 1063 3183 1230 3262; x_wconf 84' lang='grc' dir='ltr'>μεσονύκτιον</span> <span class='ocrx_word' id='word_1_281' title='bbox 1241 3181 1338 3262; x_wconf 78' lang='grc' dir='ltr'>θμναυν</span> <span class='ocrx_word' id='word_1_282' title='bbox 1348 3182 1484 3258; x_wconf 85' lang='grc' dir='ltr'>τδνΘεδν,</span> <span class='ocrx_word' id='word_1_283' title='bbox 1493 3207 1541 3265; x_wconf 86' lang='grc' dir='ltr'>φηο</span> 
     </span>
     <span class='ocr_line' id='line_1_27' title="bbox 92 3272 1541 3361; baseline 0 -27"><span class='ocrx_word' id='word_1_284' title='bbox 92 3277 315 3336; x_wconf 76' lang='grc' dir='ltr'>υἰασιί.Νυνυηε</span> <span class='ocrx_word' id='word_1_285' title='bbox 325 3277 398 3335; x_wconf 91' lang='lat' dir='ltr'><strong>euim</strong></span> <span class='ocrx_word' id='word_1_286' title='bbox 408 3290 435 3335; x_wconf 94' lang='lat' dir='ltr'>et</span> <span class='ocrx_word' id='word_1_287' title='bbox 444 3275 607 3356; x_wconf 85' lang='lat' dir='ltr'><strong>stupendum</strong></span> <span class='ocrx_word' id='word_1_288' title='bbox 618 3275 762 3361; x_wconf 80' lang='lat' dir='ltr'><strong>videbatur</strong></span> <span class='ocrx_word' id='word_1_289' title='bbox 772 3297 837 3335; x_wconf 87' lang='lat' dir='ltr'><strong>esse.</strong></span> <span class='ocrx_word' id='word_1_290' title='bbox 890 3280 1006 3358; x_wconf 86' lang='grc' dir='ltr'>κροῶντο</span> <span class='ocrx_word' id='word_1_291' title='bbox 1020 3275 1048 3335; x_wconf 77' lang='grc' dir='ltr'>δέ</span> <span class='ocrx_word' id='word_1_292' title='bbox 1063 3278 1148 3336; x_wconf 78' lang='grc' dir='ltr'>αὐτῶν</span> <span class='ocrx_word' id='word_1_293' title='bbox 1164 3279 1188 3334; x_wconf 85' lang='grc' dir='ltr'>οἱ</span> <span class='ocrx_word' id='word_1_294' title='bbox 1205 3275 1317 3353; x_wconf 82' lang='grc' dir='ltr'>δέσμιοι.</span> <span class='ocrx_word' id='word_1_295' title='bbox 1330 3272 1413 3335; x_wconf 88' lang='grc' dir='ltr'>Ξένον</span> <span class='ocrx_word' id='word_1_296' title='bbox 1426 3275 1479 3356; x_wconf 83' lang='grc' dir='ltr'>γδιρ</span> <span class='ocrx_word' id='word_1_297' title='bbox 1497 3274 1541 3336; x_wconf 80' lang='grc' dir='ltr'>ίδιί</span> 
     </span>
     <span class='ocr_line' id='line_1_28' title="bbox 90 3365 1540 3450; baseline -0.001 -23"><span class='ocrx_word' id='word_1_298' title='bbox 90 3367 192 3427; x_wconf 85' lang='lat' dir='ltr'><strong>Subito</strong></span> <span class='ocrx_word' id='word_1_299' title='bbox 202 3387 274 3425; x_wconf 79' lang='lat' dir='ltr'><strong>uero</strong></span> <span class='ocrx_word' id='word_1_300' title='bbox 285 3380 370 3426; x_wconf 84' lang='lat' dir='ltr'><strong>terroe</strong></span> <span class='ocrx_word' id='word_1_301' title='bbox 379 3368 583 3448; x_wconf 83' lang='lat' dir='ltr'><strong>motussoctus</strong></span> <span class='ocrx_word' id='word_1_302' title='bbox 594 3379 637 3426; x_wconf 91' lang='lat' dir='ltr'>est</span> <span class='ocrx_word' id='word_1_303' title='bbox 647 3386 781 3447; x_wconf 79' lang='lat' dir='ltr'><strong>mugnus,</strong></span> <span class='ocrx_word' id='word_1_304' title='bbox 794 3371 838 3426; x_wconf 83' lang='lat' dir='ltr'>ito</span> <span class='ocrx_word' id='word_1_305' title='bbox 891 3367 936 3426; x_wconf 83' lang='grc' dir='ltr'>καὶ</span> <span class='ocrx_word' id='word_1_306' title='bbox 949 3367 1105 3450; x_wconf 82' lang='grc' dir='ltr'>παράδοξον.</span> <span class='ocrx_word' id='word_1_307' title='bbox 1114 3366 1201 3448; x_wconf 78' lang='grc' dir='ltr'>Ἄφνω</span> <span class='ocrx_word' id='word_1_308' title='bbox 1212 3366 1239 3426; x_wconf 75' lang='grc' dir='ltr'>δὲ</span> <span class='ocrx_word' id='word_1_309' title='bbox 1253 3366 1361 3444; x_wconf 86' lang='grc' dir='ltr'>σεισμδς</span> <span class='ocrx_word' id='word_1_310' title='bbox 1375 3365 1480 3446; x_wconf 74' lang='grc' dir='ltr'>ἐγένετο</span> <span class='ocrx_word' id='word_1_311' title='bbox 1488 3365 1540 3447; x_wconf 84' lang='grc' dir='ltr'>μέγ</span> 
     </span>
     <span class='ocr_line' id='line_1_29' title="bbox 92 3458 1541 3539; baseline 0 -21"><span class='ocrx_word' id='word_1_312' title='bbox 92 3472 125 3519; x_wconf 90' lang='lat' dir='ltr'>ut</span> <span class='ocrx_word' id='word_1_313' title='bbox 139 3472 324 3518; x_wconf 84' lang='lat' dir='ltr'><strong>moverentur</strong></span> <span class='ocrx_word' id='word_1_314' title='bbox 325 3460 531 3539; x_wconf 83' lang='lat' dir='ltr'><strong>fundamenta</strong></span> <span class='ocrx_word' id='word_1_315' title='bbox 544 3461 723 3517; x_wconf 77' lang='lat' dir='ltr'><strong>carceristet</strong></span> <span class='ocrx_word' id='word_1_316' title='bbox 736 3462 838 3517; x_wconf 86' lang='lat' dir='ltr'><strong>statim</strong></span> <span class='ocrx_word' id='word_1_317' title='bbox 855 3468 873 3515; x_wconf 80' lang='lat' dir='ltr'>E</span> <span class='ocrx_word' id='word_1_318' title='bbox 891 3461 1050 3533; x_wconf 75' lang='grc' dir='ltr'>σαλευθῆναι</span> <span class='ocrx_word' id='word_1_319' title='bbox 1062 3460 1096 3520; x_wconf 74' lang='grc' dir='ltr'>τὰ</span> <span class='ocrx_word' id='word_1_320' title='bbox 1115 3458 1225 3537; x_wconf 80' lang='grc' dir='ltr'>θεμέλια</span> <span class='ocrx_word' id='word_1_321' title='bbox 1240 3464 1286 3517; x_wconf 75' lang='grc' dir='ltr'>τοῦ</span> <span class='ocrx_word' id='word_1_322' title='bbox 1300 3458 1505 3539; x_wconf 81' lang='grc' dir='ltr'>δεσμωτηρίου·</span> <span class='ocrx_word' id='word_1_323' title='bbox 1523 3463 1541 3518; x_wconf 78' lang='grc' dir='ltr'><strong><em>ἀ</em></strong></span> 
     </span>
     <span class='ocr_line' id='line_1_30' title="bbox 86 3549 1541 3635; baseline 0 -25"><span class='ocrx_word' id='word_1_324' title='bbox 86 3564 197 3631; x_wconf 76' lang='lat' dir='ltr'><strong>upena</strong></span> <span class='ocrx_word' id='word_1_325' title='bbox 209 3563 277 3610; x_wconf 87' lang='lat' dir='ltr'><strong>sunt</strong></span> <span class='ocrx_word' id='word_1_326' title='bbox 290 3554 367 3610; x_wconf 83' lang='lat' dir='ltr'><strong>ostia</strong></span> <span class='ocrx_word' id='word_1_327' title='bbox 379 3552 490 3621; x_wconf 86' lang='lat' dir='ltr'><strong>omnia,</strong></span> <span class='ocrx_word' id='word_1_328' title='bbox 509 3562 538 3607; x_wconf 92' lang='lat' dir='ltr'>et</span> <span class='ocrx_word' id='word_1_329' title='bbox 554 3553 756 3608; x_wconf 83' lang='lat' dir='ltr'><strong>universorum</strong></span> <span class='ocrx_word' id='word_1_330' title='bbox 769 3554 838 3608; x_wconf 83' lang='lat' dir='ltr'><strong>oin·</strong></span> <span class='ocrx_word' id='word_1_331' title='bbox 891 3554 940 3613; x_wconf 83' lang='grc' dir='ltr'>σύν</span> <span class='ocrx_word' id='word_1_332' title='bbox 951 3576 980 3611; x_wconf 88' lang='grc' dir='ltr'>τε</span> <span class='ocrx_word' id='word_1_333' title='bbox 994 3555 1162 3635; x_wconf 78' lang='grc' dir='ltr'>παραχρῆμα</span> <span class='ocrx_word' id='word_1_334' title='bbox 1175 3561 1261 3611; x_wconf 76' lang='grc' dir='ltr'>πᾶσαι</span> <span class='ocrx_word' id='word_1_335' title='bbox 1275 3555 1303 3610; x_wconf 77' lang='grc' dir='ltr'>αἱ</span> <span class='ocrx_word' id='word_1_336' title='bbox 1327 3549 1416 3630; x_wconf 84' lang='grc' dir='ltr'>θύραι,</span> <span class='ocrx_word' id='word_1_337' title='bbox 1433 3551 1480 3611; x_wconf 86' lang='grc' dir='ltr'>καλ</span> <span class='ocrx_word' id='word_1_338' title='bbox 1502 3550 1541 3611; x_wconf 78' lang='grc' dir='ltr'>τέ</span> 
     </span>
     <span class='ocr_line' id='line_1_31' title="bbox 92 3640 1541 3723; baseline 0 -22"><span class='ocrx_word' id='word_1_339' title='bbox 92 3644 162 3702; x_wconf 81' lang='lat' dir='ltr'><strong>cula</strong></span> <span class='ocrx_word' id='word_1_340' title='bbox 176 3644 274 3703; x_wconf 83' lang='lat' dir='ltr'><strong>soluta</strong></span> <span class='ocrx_word' id='word_1_341' title='bbox 292 3656 370 3703; x_wconf 82' lang='lat' dir='ltr'><strong>sunt.</strong></span> <span class='ocrx_word' id='word_1_342' title='bbox 388 3643 480 3700; x_wconf 85' lang='lat' dir='ltr'><strong>Terrae</strong></span> <span class='ocrx_word' id='word_1_343' title='bbox 494 3654 583 3700; x_wconf 88' lang='lat' dir='ltr'><strong>motus</strong></span> <span class='ocrx_word' id='word_1_344' title='bbox 596 3641 682 3700; x_wconf 87' lang='lat' dir='ltr'><strong>sactus</strong></span> <span class='ocrx_word' id='word_1_345' title='bbox 695 3655 746 3718; x_wconf 83' lang='lat' dir='ltr'><strong>est,</strong></span> <span class='ocrx_word' id='word_1_346' title='bbox 758 3642 796 3701; x_wconf 89' lang='lat' dir='ltr'>ita</span> <span class='ocrx_word' id='word_1_347' title='bbox 807 3653 838 3700; x_wconf 93' lang='lat' dir='ltr'>ut</span> <span class='ocrx_word' id='word_1_348' title='bbox 891 3643 975 3721; x_wconf 77' lang='grc' dir='ltr'>δεσμδ</span> <span class='ocrx_word' id='word_1_349' title='bbox 999 3643 1088 3716; x_wconf 79' lang='grc' dir='ltr'>ἀνέθη.</span> <span class='ocrx_word' id='word_1_350' title='bbox 1104 3641 1217 3721; x_wconf 84' lang='grc' dir='ltr'>Σεισμδς</span> <span class='ocrx_word' id='word_1_351' title='bbox 1240 3641 1357 3722; x_wconf 73' lang='grc' dir='ltr'>ἐγένετο,</span> <span class='ocrx_word' id='word_1_352' title='bbox 1379 3640 1451 3701; x_wconf 80' lang='grc' dir='ltr'>ὥστε</span> <span class='ocrx_word' id='word_1_353' title='bbox 1469 3646 1541 3723; x_wconf 82' lang='grc' dir='ltr'>ἀφυπ</span> 
     </span>
     <span class='ocr_line' id='line_1_32' title="bbox 92 3731 1541 3816; baseline -0.001 -22"><span class='ocrx_word' id='word_1_354' title='bbox 92 3748 182 3794; x_wconf 90' lang='lat' dir='ltr'><strong>custos</strong></span> <span class='ocrx_word' id='word_1_355' title='bbox 199 3735 363 3795; x_wconf 80' lang='lat' dir='ltr'><strong>excitaretur</strong></span> <span class='ocrx_word' id='word_1_356' title='bbox 378 3756 394 3793; x_wconf 91' lang='lat' dir='ltr'><strong>a</strong></span> <span class='ocrx_word' id='word_1_357' title='bbox 413 3755 521 3812; x_wconf 77' lang='lat' dir='ltr'><strong>somn05</strong></span> <span class='ocrx_word' id='word_1_358' title='bbox 536 3746 562 3794; x_wconf 90' lang='lat' dir='ltr'>et</span> <span class='ocrx_word' id='word_1_359' title='bbox 575 3735 643 3793; x_wconf 87' lang='lat' dir='ltr'><strong>ostia</strong></span> <span class='ocrx_word' id='word_1_360' title='bbox 656 3747 749 3814; x_wconf 87' lang='lat' dir='ltr'><strong>aperta</strong></span> <span class='ocrx_word' id='word_1_361' title='bbox 761 3747 835 3811; x_wconf 88' lang='lat' dir='ltr'><strong>sunt,</strong></span> <span class='ocrx_word' id='word_1_362' title='bbox 890 3739 996 3809; x_wconf 78' lang='grc' dir='ltr'>ἐκεῖνον,</span> <span class='ocrx_word' id='word_1_363' title='bbox 1011 3735 1057 3794; x_wconf 82' lang='grc' dir='ltr'>καλ</span> <span class='ocrx_word' id='word_1_364' title='bbox 1070 3738 1097 3793; x_wconf 87' lang='grc' dir='ltr'>αἱ</span> <span class='ocrx_word' id='word_1_365' title='bbox 1112 3734 1189 3816; x_wconf 90' lang='grc' dir='ltr'>θύραι</span> <span class='ocrx_word' id='word_1_366' title='bbox 1203 3733 1384 3815; x_wconf 77' lang='grc' dir='ltr'>ἀνεῴχθησαν,</span> <span class='ocrx_word' id='word_1_367' title='bbox 1400 3731 1471 3793; x_wconf 77' lang='grc' dir='ltr'>ὥστε</span> <span class='ocrx_word' id='word_1_368' title='bbox 1486 3738 1541 3812; x_wconf 74' lang='grc' dir='ltr'>θαυγ</span> 
     </span>
     <span class='ocr_line' id='line_1_33' title="bbox 93 3817 1541 3908; baseline -0.001 -22"><span class='ocrx_word' id='word_1_369' title='bbox 93 3827 131 3887; x_wconf 89' lang='lat' dir='ltr'>ita</span> <span class='ocrx_word' id='word_1_370' title='bbox 151 3841 181 3886; x_wconf 93' lang='lat' dir='ltr'>ut</span> <span class='ocrx_word' id='word_1_371' title='bbox 204 3848 246 3888; x_wconf 88' lang='lat' dir='ltr'><strong>res</strong></span> <span class='ocrx_word' id='word_1_372' title='bbox 265 3841 333 3895; x_wconf 83' lang='lat' dir='ltr'><strong>esset</strong></span> <span class='ocrx_word' id='word_1_373' title='bbox 352 3826 494 3887; x_wconf 86' lang='lat' dir='ltr'><strong>mirabilis.</strong></span> <span class='ocrx_word' id='word_1_374' title='bbox 513 3824 577 3886; x_wconf 80' lang='lat' dir='ltr'><strong>Haec</strong></span> <span class='ocrx_word' id='word_1_375' title='bbox 590 3824 674 3887; x_wconf 81' lang='lat' dir='ltr'><strong>vincti</strong></span> <span class='ocrx_word' id='word_1_376' title='bbox 686 3846 741 3908; x_wconf 86' lang='lat' dir='ltr'><strong>uon</strong></span> <span class='ocrx_word' id='word_1_377' title='bbox 755 3824 836 3886; x_wconf 83' lang='lat' dir='ltr'><strong>vide·</strong></span> <span class='ocrx_word' id='word_1_378' title='bbox 888 3826 1002 3907; x_wconf 82' lang='grc' dir='ltr'>γεγονός.</span> <span class='ocrx_word' id='word_1_379' title='bbox 1016 3825 1109 3887; x_wconf 82' lang='grc' dir='ltr'>Ταῦτα</span> <span class='ocrx_word' id='word_1_380' title='bbox 1127 3829 1152 3884; x_wconf 83' lang='grc' dir='ltr'>οῖ</span> <span class='ocrx_word' id='word_1_381' title='bbox 1174 3826 1307 3904; x_wconf 82' lang='grc' dir='ltr'>δεσμῶται</span> <span class='ocrx_word' id='word_1_382' title='bbox 1327 3828 1377 3905; x_wconf 74' lang='grc' dir='ltr'>οιήγ</span> <span class='ocrx_word' id='word_1_383' title='bbox 1400 3817 1541 3907; x_wconf 49' lang='lat' dir='ltr'><strong>{opud</strong></span> 
     </span>
     <span class='ocr_line' id='line_1_34' title="bbox 92 3915 1541 4000; baseline -0.001 -22"><span class='ocrx_word' id='word_1_384' title='bbox 92 3919 173 3998; x_wconf 77' lang='lat' dir='ltr'><strong>bant5</strong></span> <span class='ocrx_word' id='word_1_385' title='bbox 187 3918 309 4000; x_wconf 88' lang='lat' dir='ltr'><strong>alioquin</strong></span> <span class='ocrx_word' id='word_1_386' title='bbox 325 3919 456 4000; x_wconf 73' lang='lat' dir='ltr'><strong>fugissent</strong></span> <span class='ocrx_word' id='word_1_387' title='bbox 477 3939 578 3977; x_wconf 84' lang='lat' dir='ltr'><strong>omnes.</strong></span> <span class='ocrx_word' id='word_1_388' title='bbox 590 3919 637 3976; x_wconf 61' lang='grc' dir='ltr'>λθ.</span> <span class='ocrx_word' id='word_1_389' title='bbox 652 3920 837 4000; x_wconf 78' lang='lat' dir='ltr'><strong>Expergesa-</strong></span> <span class='ocrx_word' id='word_1_390' title='bbox 889 3918 981 4000; x_wconf 81' lang='grc' dir='ltr'>ἔφυγον</span> <span class='ocrx_word' id='word_1_391' title='bbox 992 3920 1114 3985; x_wconf 75' lang='grc' dir='ltr'>ἅπαντες.</span> <span class='ocrx_word' id='word_1_392' title='bbox 1125 3915 1255 3986; x_wconf 81' lang='grc' dir='ltr'>Ἔξυπνος</span> <span class='ocrx_word' id='word_1_393' title='bbox 1268 3916 1296 3977; x_wconf 71' lang='grc' dir='ltr'>δὲ</span> <span class='ocrx_word' id='word_1_394' title='bbox 1307 3917 1446 3997; x_wconf 81' lang='grc' dir='ltr'>γενόμενος</span> <span class='ocrx_word' id='word_1_395' title='bbox 1456 3922 1470 3977; x_wconf 83' lang='grc' dir='ltr'>ὁ</span> <span class='ocrx_word' id='word_1_396' title='bbox 1481 3919 1541 3998; x_wconf 83' lang='grc' dir='ltr'>δεσμ</span> 
     </span>
     <span class='ocr_line' id='line_1_35' title="bbox 92 4009 1541 4094; baseline -0.003 -20"><span class='ocrx_word' id='word_1_397' title='bbox 92 4029 157 4076; x_wconf 84' lang='lat' dir='ltr'><strong>ctus</strong></span> <span class='ocrx_word' id='word_1_398' title='bbox 175 4028 275 4076; x_wconf 82' lang='lat' dir='ltr'><strong>autem</strong></span> <span class='ocrx_word' id='word_1_399' title='bbox 289 4027 396 4085; x_wconf 87' lang='lat' dir='ltr'><strong>eustos,</strong></span> <span class='ocrx_word' id='word_1_400' title='bbox 414 4026 443 4073; x_wconf 87' lang='lat' dir='ltr'>et</span> <span class='ocrx_word' id='word_1_401' title='bbox 463 4014 570 4072; x_wconf 82' lang='lat' dir='ltr'><strong>uidens</strong></span> <span class='ocrx_word' id='word_1_402' title='bbox 583 4015 696 4094; x_wconf 79' lang='lat' dir='ltr'><strong>januas</strong></span> <span class='ocrx_word' id='word_1_403' title='bbox 718 4025 836 4092; x_wconf 84' lang='lat' dir='ltr'><strong>apertas</strong></span> <span class='ocrx_word' id='word_1_404' title='bbox 888 4013 934 4071; x_wconf 84' lang='grc' dir='ltr'>καλ</span> <span class='ocrx_word' id='word_1_405' title='bbox 948 4011 1010 4071; x_wconf 78' lang='grc' dir='ltr'>ἰδὼν</span> <span class='ocrx_word' id='word_1_406' title='bbox 1025 4010 1192 4092; x_wconf 77' lang='grc' dir='ltr'>ἀνεῳγμένας</span> <span class='ocrx_word' id='word_1_407' title='bbox 1208 4009 1256 4076; x_wconf 73' lang='grc' dir='ltr'>τὰς</span> <span class='ocrx_word' id='word_1_408' title='bbox 1279 4009 1359 4090; x_wconf 87' lang='grc' dir='ltr'>θύρας</span> <span class='ocrx_word' id='word_1_409' title='bbox 1372 4013 1421 4081; x_wconf 81' lang='grc' dir='ltr'>τῆς</span> <span class='ocrx_word' id='word_1_410' title='bbox 1444 4012 1541 4092; x_wconf 84' lang='grc' dir='ltr'>φυλακῖ</span> 
     </span>
     <span class='ocr_line' id='line_1_36' title="bbox 92 4092 1539 4187; baseline -0.001 -22"><span class='ocrx_word' id='word_1_411' title='bbox 92 4111 228 4178; x_wconf 82' lang='lat' dir='ltr'><strong>carceris,</strong></span> <span class='ocrx_word' id='word_1_412' title='bbox 245 4092 402 4187; x_wconf 69' lang='lat' dir='ltr'><strong>evaginato</strong></span> <span class='ocrx_word' id='word_1_413' title='bbox 420 4106 521 4187; x_wconf 80' lang='lat' dir='ltr'><strong>gladio</strong></span> <span class='ocrx_word' id='word_1_414' title='bbox 533 4106 655 4164; x_wconf 83' lang='lat' dir='ltr'><strong>uolebat</strong></span> <span class='ocrx_word' id='word_1_415' title='bbox 674 4124 705 4164; x_wconf 86' lang='lat' dir='ltr'><strong>se</strong></span> <span class='ocrx_word' id='word_1_416' title='bbox 719 4105 835 4186; x_wconf 78' lang='lat' dir='ltr'><strong>iuterfi·</strong></span> <span class='ocrx_word' id='word_1_417' title='bbox 889 4103 1001 4185; x_wconf 84' lang='grc' dir='ltr'>σύμενος</span> <span class='ocrx_word' id='word_1_418' title='bbox 1023 4104 1158 4185; x_wconf 75' lang='grc' dir='ltr'>μάχαιραν</span> <span class='ocrx_word' id='word_1_419' title='bbox 1173 4102 1282 4182; x_wconf 82' lang='grc' dir='ltr'>ἔμελλεν</span> <span class='ocrx_word' id='word_1_420' title='bbox 1297 4103 1388 4164; x_wconf 73' lang='grc' dir='ltr'>ἑαυτὸν</span> <span class='ocrx_word' id='word_1_421' title='bbox 1411 4106 1539 4185; x_wconf 77' lang='grc' dir='ltr'>ἀναιρεῖν,</span> 
     </span>
     <span class='ocr_line' id='line_1_37' title="bbox 93 4195 1541 4293; baseline -0.001 -35"><span class='ocrx_word' id='word_1_422' title='bbox 93 4220 167 4271; x_wconf 85' lang='lat' dir='ltr'><strong>cere,</strong></span> <span class='ocrx_word' id='word_1_423' title='bbox 184 4203 334 4259; x_wconf 76' lang='lat' dir='ltr'><strong>aestimans</strong></span> <span class='ocrx_word' id='word_1_424' title='bbox 348 4200 461 4279; x_wconf 78' lang='lat' dir='ltr'>fugisse</span> <span class='ocrx_word' id='word_1_425' title='bbox 475 4202 602 4258; x_wconf 79' lang='lat' dir='ltr'><strong>uinctos.</strong></span> <span class='ocrx_word' id='word_1_426' title='bbox 622 4196 673 4259; x_wconf 74' lang='lat'>28.</span> <span class='ocrx_word' id='word_1_427' title='bbox 687 4198 836 4257; x_wconf 78' lang='lat' dir='ltr'><strong>Clamavit</strong></span> <span class='ocrx_word' id='word_1_428' title='bbox 844 4254 880 4293; x_wconf 61' lang='lat' dir='ltr'><em>m</em></span> <span class='ocrx_word' id='word_1_429' title='bbox 889 4198 1076 4280; x_wconf 79' lang='grc' dir='ltr'>ἐκπεφευγέναι</span> <span class='ocrx_word' id='word_1_430' title='bbox 1097 4196 1157 4265; x_wconf 81' lang='grc' dir='ltr'>τυθς</span> <span class='ocrx_word' id='word_1_431' title='bbox 1177 4196 1309 4273; x_wconf 84' lang='grc' dir='ltr'>δεσμίους.</span> <span class='ocrx_word' id='word_1_432' title='bbox 1322 4195 1463 4277; x_wconf 84' lang='grc' dir='ltr'>Ἐφώνησε</span> <span class='ocrx_word' id='word_1_433' title='bbox 1477 4196 1507 4256; x_wconf 79' lang='grc' dir='ltr'>δδ</span> <span class='ocrx_word' id='word_1_434' title='bbox 1527 4219 1541 4277; x_wconf 83' lang='grc' dir='ltr'>φ</span> 
     </span>
     <span class='ocr_line' id='line_1_38' title="bbox 93 4286 1541 4373; baseline -0.003 -23"><span class='ocrx_word' id='word_1_435' title='bbox 93 4304 193 4351; x_wconf 84' lang='lat' dir='ltr'><strong>autem</strong></span> <span class='ocrx_word' id='word_1_436' title='bbox 206 4313 280 4351; x_wconf 84' lang='lat' dir='ltr'><strong>uoce</strong></span> <span class='ocrx_word' id='word_1_437' title='bbox 290 4313 399 4373; x_wconf 79' lang='lat' dir='ltr'><strong>magua</strong></span> <span class='ocrx_word' id='word_1_438' title='bbox 412 4293 538 4365; x_wconf 83' lang='lat' dir='ltr'><strong>Paulus,</strong></span> <span class='ocrx_word' id='word_1_439' title='bbox 555 4294 655 4351; x_wconf 84' lang='lat' dir='ltr'><strong>dicens</strong></span> <span class='ocrx_word' id='word_1_440' title='bbox 666 4314 674 4348; x_wconf 92' lang='grc'>.·</span> <span class='ocrx_word' id='word_1_441' title='bbox 685 4293 771 4351; x_wconf 78' lang='lat' dir='ltr'><strong>Nihil</strong></span> <span class='ocrx_word' id='word_1_442' title='bbox 782 4295 836 4351; x_wconf 86' lang='lat' dir='ltr'><strong>tibi</strong></span> <span class='ocrx_word' id='word_1_443' title='bbox 853 4312 874 4356; x_wconf 76' lang='lat' dir='ltr'>A</span> <span class='ocrx_word' id='word_1_444' title='bbox 889 4292 959 4371; x_wconf 82' lang='grc' dir='ltr'>γέλῃ</span> <span class='ocrx_word' id='word_1_445' title='bbox 983 4295 997 4350; x_wconf 81' lang='grc' dir='ltr'><strong>ὁ</strong></span> <span class='ocrx_word' id='word_1_446' title='bbox 1012 4291 1134 4362; x_wconf 83' lang='grc' dir='ltr'>Παῦλος,</span> <span class='ocrx_word' id='word_1_447' title='bbox 1153 4286 1254 4369; x_wconf 80' lang='grc' dir='ltr'>λέγων·</span> <span class='ocrx_word' id='word_1_448' title='bbox 1269 4287 1351 4365; x_wconf 81' lang='grc' dir='ltr'>μηδὲν</span> <span class='ocrx_word' id='word_1_449' title='bbox 1370 4286 1474 4367; x_wconf 79' lang='grc' dir='ltr'>πράξῃς</span> <span class='ocrx_word' id='word_1_450' title='bbox 1494 4311 1541 4348; x_wconf 88' lang='grc' dir='ltr'>σεα</span> 
     </span>
     <span class='ocr_line' id='line_1_39' title="bbox 96 4378 1541 4466; baseline -0.001 -26"><span class='ocrx_word' id='word_1_451' title='bbox 96 4383 301 4466; x_wconf 82' lang='lat' dir='ltr'><strong>moliseeeris:</strong></span> <span class='ocrx_word' id='word_1_452' title='bbox 312 4388 440 4444; x_wconf 84' lang='lat' dir='ltr'><strong>universi</strong></span> <span class='ocrx_word' id='word_1_453' title='bbox 454 4389 531 4443; x_wconf 84' lang='lat' dir='ltr'><strong>enim</strong></span> <span class='ocrx_word' id='word_1_454' title='bbox 549 4386 598 4443; x_wconf 82' lang='lat' dir='ltr'><strong>bic</strong></span> <span class='ocrx_word' id='word_1_455' title='bbox 611 4404 720 4444; x_wconf 80' lang='lat' dir='ltr'><strong>stemus.</strong></span> <span class='ocrx_word' id='word_1_456' title='bbox 738 4383 836 4447; x_wconf 71' lang='lat' dir='ltr'><strong>admi·</strong></span> <span class='ocrx_word' id='word_1_457' title='bbox 889 4383 951 4444; x_wconf 87' lang='grc' dir='ltr'>κόν·</span> <span class='ocrx_word' id='word_1_458' title='bbox 966 4383 1079 4450; x_wconf 80' lang='grc' dir='ltr'>ἅπαντες</span> <span class='ocrx_word' id='word_1_459' title='bbox 1096 4381 1148 4461; x_wconf 81' lang='grc' dir='ltr'>γάρ</span> <span class='ocrx_word' id='word_1_460' title='bbox 1164 4379 1244 4458; x_wconf 80' lang='grc' dir='ltr'>ἔσμεν</span> <span class='ocrx_word' id='word_1_461' title='bbox 1266 4379 1365 4439; x_wconf 79' lang='grc' dir='ltr'>ἐνθάδε.</span> <span class='ocrx_word' id='word_1_462' title='bbox 1384 4378 1541 4458; x_wconf 88' lang='grc' dir='ltr'>Ἐθαύμασε</span> 
     </span>
     <span class='ocr_line' id='line_1_40' title="bbox 94 4470 1541 4556; baseline -0.001 -24"><span class='ocrx_word' id='word_1_463' title='bbox 94 4487 170 4533; x_wconf 80' lang='lat' dir='ltr'><strong>ratus</strong></span> <span class='ocrx_word' id='word_1_464' title='bbox 177 4488 217 4532; x_wconf 85' lang='lat' dir='ltr'>est</span> <span class='ocrx_word' id='word_1_465' title='bbox 230 4474 317 4552; x_wconf 81' lang='lat' dir='ltr'><strong>magis</strong></span> <span class='ocrx_word' id='word_1_466' title='bbox 327 4474 519 4553; x_wconf 81' lang='lat' dir='ltr'><strong>benignitatem</strong></span> <span class='ocrx_word' id='word_1_467' title='bbox 530 4474 608 4550; x_wconf 83' lang='lat' dir='ltr'><strong>Pauli</strong></span> <span class='ocrx_word' id='word_1_468' title='bbox 618 4498 624 4531; x_wconf 77' lang='grc' dir='ltr'><strong>ε</strong></span> <span class='ocrx_word' id='word_1_469' title='bbox 634 4474 836 4554; x_wconf 78' lang='grc' dir='ltr'>υθεῐιερυίιίυε-</span> <span class='ocrx_word' id='word_1_470' title='bbox 889 4477 937 4549; x_wconf 81' lang='grc' dir='ltr'>τὴν</span> <span class='ocrx_word' id='word_1_471' title='bbox 959 4472 1155 4556; x_wconf 74' lang='grc' dir='ltr'>φιλανθρωπίαν</span> <span class='ocrx_word' id='word_1_472' title='bbox 1172 4471 1296 4532; x_wconf 88' lang='grc' dir='ltr'>Παύλου·</span> <span class='ocrx_word' id='word_1_473' title='bbox 1310 4470 1442 4551; x_wconf 76' lang='grc' dir='ltr'>ἐξεπλάγη</span> <span class='ocrx_word' id='word_1_474' title='bbox 1461 4471 1513 4544; x_wconf 68' lang='grc' dir='ltr'>τὴν</span> <span class='ocrx_word' id='word_1_475' title='bbox 1532 4475 1541 4530; x_wconf 79' lang='grc' dir='ltr'>ί</span> 
     </span>
     <span class='ocr_line' id='line_1_41' title="bbox 94 4558 1541 4648; baseline -0.003 -22"><span class='ocrx_word' id='word_1_476' title='bbox 94 4566 249 4644; x_wconf 85' lang='lat' dir='ltr'><strong>titudinem,</strong></span> <span class='ocrx_word' id='word_1_477' title='bbox 264 4565 337 4645; x_wconf 89' lang='lat' dir='ltr'><strong>quod</strong></span> <span class='ocrx_word' id='word_1_478' title='bbox 353 4587 415 4624; x_wconf 89' lang='lat' dir='ltr'>eum</span> <span class='ocrx_word' id='word_1_479' title='bbox 428 4566 521 4645; x_wconf 77' lang='lat' dir='ltr'><strong>fugere</strong></span> <span class='ocrx_word' id='word_1_480' title='bbox 536 4580 643 4648; x_wconf 83' lang='lat' dir='ltr'><strong>posset,</strong></span> <span class='ocrx_word' id='word_1_481' title='bbox 657 4587 710 4625; x_wconf 91' lang='lat' dir='ltr'><strong>nou</strong></span> <span class='ocrx_word' id='word_1_482' title='bbox 725 4568 834 4647; x_wconf 79' lang='lat' dir='ltr'><strong>sugerit,</strong></span> <span class='ocrx_word' id='word_1_483' title='bbox 890 4568 930 4627; x_wconf 81' lang='grc' dir='ltr'>δτι</span> <span class='ocrx_word' id='word_1_484' title='bbox 949 4567 996 4628; x_wconf 81' lang='grc' dir='ltr'>καὶ</span> <span class='ocrx_word' id='word_1_485' title='bbox 1019 4573 1108 4648; x_wconf 80' lang='grc' dir='ltr'>φυγεῖν</span> <span class='ocrx_word' id='word_1_486' title='bbox 1132 4563 1273 4643; x_wconf 74' lang='grc' dir='ltr'>δυνάμενος</span> <span class='ocrx_word' id='word_1_487' title='bbox 1283 4562 1330 4623; x_wconf 85' lang='grc' dir='ltr'>ούκ</span> <span class='ocrx_word' id='word_1_488' title='bbox 1349 4561 1442 4644; x_wconf 83' lang='grc' dir='ltr'>ἔφυγε,</span> <span class='ocrx_word' id='word_1_489' title='bbox 1464 4558 1541 4622; x_wconf 81' lang='grc' dir='ltr'>καλθ</span> 
     </span>
     <span class='ocr_line' id='line_1_42' title="bbox 93 4651 1540 4740; baseline -0.007 -20"><span class='ocrx_word' id='word_1_490' title='bbox 93 4675 120 4720; x_wconf 89' lang='lat' dir='ltr'>et</span> <span class='ocrx_word' id='word_1_491' title='bbox 134 4658 205 4739; x_wconf 90' lang='lat' dir='ltr'><strong>quod</strong></span> <span class='ocrx_word' id='word_1_492' title='bbox 220 4659 337 4740; x_wconf 86' lang='lat' dir='ltr'><strong>ipsuma</strong></span> <span class='ocrx_word' id='word_1_493' title='bbox 353 4657 425 4717; x_wconf 76' lang='lat' dir='ltr'><strong>caede</strong></span> <span class='ocrx_word' id='word_1_494' title='bbox 439 4658 599 4719; x_wconf 87' lang='lat' dir='ltr'><strong>cohibuerit.</strong></span> <span class='ocrx_word' id='word_1_495' title='bbox 612 4661 661 4718; x_wconf 78' lang='lat' dir='ltr'>n9.</span> <span class='ocrx_word' id='word_1_496' title='bbox 675 4661 773 4717; x_wconf 89' lang='lat' dir='ltr'><strong>Petito</strong></span> <span class='ocrx_word' id='word_1_497' title='bbox 783 4681 836 4719; x_wconf 84' lang='lat' dir='ltr'><strong>au-</strong></span> <span class='ocrx_word' id='word_1_498' title='bbox 890 4655 1006 4717; x_wconf 82' lang='grc' dir='ltr'>ἐκώλυσε</span> <span class='ocrx_word' id='word_1_499' title='bbox 1026 4657 1074 4726; x_wconf 74' lang='grc' dir='ltr'>τῆς</span> <span class='ocrx_word' id='word_1_500' title='bbox 1086 4657 1199 4734; x_wconf 71' lang='grc' dir='ltr'>σφαγῆς.</span> <span class='ocrx_word' id='word_1_501' title='bbox 1213 4651 1331 4725; x_wconf 66' lang='lat' dir='ltr'><strong>birtine&lt;</strong></span> <span class='ocrx_word' id='word_1_502' title='bbox 1348 4653 1375 4712; x_wconf 83' lang='grc' dir='ltr'>δὲ</span> <span class='ocrx_word' id='word_1_503' title='bbox 1389 4656 1465 4733; x_wconf 83' lang='grc' dir='ltr'>φῶτα</span> <span class='ocrx_word' id='word_1_504' title='bbox 1488 4654 1540 4711; x_wconf 78' lang='lat' dir='ltr'><strong>eice</strong></span> 
     </span>
     <span class='ocr_line' id='line_1_43' title="bbox 93 4743 1541 4832; baseline -0.008 -18"><span class='ocrx_word' id='word_1_505' title='bbox 93 4768 152 4814; x_wconf 86' lang='lat' dir='ltr'>tem</span> <span class='ocrx_word' id='word_1_506' title='bbox 163 4753 273 4812; x_wconf 84' lang='lat' dir='ltr'><strong>lumine</strong></span> <span class='ocrx_word' id='word_1_507' title='bbox 283 4755 474 4831; x_wconf 79' lang='lat' dir='ltr'><strong>introgressus</strong></span> <span class='ocrx_word' id='word_1_508' title='bbox 480 4764 532 4827; x_wconf 85' lang='lat' dir='ltr'><strong>est,</strong></span> <span class='ocrx_word' id='word_1_509' title='bbox 540 4764 568 4810; x_wconf 92' lang='lat' dir='ltr'>et</span> <span class='ocrx_word' id='word_1_510' title='bbox 578 4753 766 4832; x_wconf 81' lang='lat' dir='ltr'><strong>tremefactus</strong></span> <span class='ocrx_word' id='word_1_511' title='bbox 773 4773 836 4831; x_wconf 82' lang='lat' dir='ltr'>pro</span> <span class='ocrx_word' id='word_1_512' title='bbox 890 4748 936 4808; x_wconf 78' lang='grc' dir='ltr'>καὶ</span> <span class='ocrx_word' id='word_1_513' title='bbox 954 4748 1076 4827; x_wconf 81' lang='grc' dir='ltr'>ἔντρομος</span> <span class='ocrx_word' id='word_1_514' title='bbox 1089 4745 1225 4827; x_wconf 76' lang='grc' dir='ltr'>ὑπάρχων,</span> <span class='ocrx_word' id='word_1_515' title='bbox 1235 4744 1383 4826; x_wconf 82' lang='grc' dir='ltr'>προσέπεσε</span> <span class='ocrx_word' id='word_1_516' title='bbox 1396 4748 1435 4825; x_wconf 81' lang='grc' dir='ltr'>τῷ</span> <span class='ocrx_word' id='word_1_517' title='bbox 1448 4743 1541 4823; x_wconf 82' lang='grc' dir='ltr'>ΠαυλαΙ</span> 
     </span>
     <span class='ocr_line' id='line_1_44' title="bbox 92 4834 1541 4924; baseline -0.009 -16"><span class='ocrx_word' id='word_1_518' title='bbox 92 4850 165 4908; x_wconf 81' lang='lat' dir='ltr'><strong>cidit</strong></span> <span class='ocrx_word' id='word_1_519' title='bbox 176 4859 247 4906; x_wconf 84' lang='lat' dir='ltr'><strong>aute</strong></span> <span class='ocrx_word' id='word_1_520' title='bbox 258 4846 389 4905; x_wconf 84' lang='lat' dir='ltr'><strong>Paulum</strong></span> <span class='ocrx_word' id='word_1_521' title='bbox 403 4857 430 4903; x_wconf 87' lang='lat' dir='ltr'>et</span> <span class='ocrx_word' id='word_1_522' title='bbox 440 4844 551 4916; x_wconf 80' lang='lat' dir='ltr'><strong>Silam,</strong></span> <span class='ocrx_word' id='word_1_523' title='bbox 565 4836 624 4903; x_wconf 55' lang='lat'>502</span> <span class='ocrx_word' id='word_1_524' title='bbox 633 4857 661 4903; x_wconf 87' lang='lat' dir='ltr'>et</span> <span class='ocrx_word' id='word_1_525' title='bbox 672 4845 836 4924; x_wconf 83' lang='lat' dir='ltr'><strong>producens</strong></span> <span class='ocrx_word' id='word_1_526' title='bbox 891 4841 977 4921; x_wconf 79' lang='grc' dir='ltr'>Σιλφ,</span> <span class='ocrx_word' id='word_1_527' title='bbox 992 4840 1038 4899; x_wconf 78' lang='grc' dir='ltr'>καὶ</span> <span class='ocrx_word' id='word_1_528' title='bbox 1060 4836 1219 4918; x_wconf 82' lang='grc' dir='ltr'>προαγαγὼν</span> <span class='ocrx_word' id='word_1_529' title='bbox 1241 4835 1334 4901; x_wconf 83' lang='grc' dir='ltr'>αθτοθς</span> <span class='ocrx_word' id='word_1_530' title='bbox 1346 4834 1414 4906; x_wconf 76' lang='grc' dir='ltr'>ἔξω,</span> <span class='ocrx_word' id='word_1_531' title='bbox 1434 4836 1500 4915; x_wconf 78' lang='grc' dir='ltr'>ἔφη·</span> <span class='ocrx_word' id='word_1_532' title='bbox 1523 4859 1541 4895; x_wconf 89' lang='grc' dir='ltr'>κ</span> 
     </span>
     <span class='ocr_line' id='line_1_45' title="bbox 92 4920 1537 5024; baseline -0.008 -25"><span class='ocrx_word' id='word_1_533' title='bbox 92 4942 245 5024; x_wconf 80' lang='lat' dir='ltr'><strong>cessores,</strong></span> <span class='ocrx_word' id='word_1_534' title='bbox 259 4939 581 5019; x_wconf 75' lang='lat' dir='ltr'><strong>dixittDomiui,qrtid</strong></span> <span class='ocrx_word' id='word_1_535' title='bbox 599 4959 645 4996; x_wconf 89' lang='lat' dir='ltr'><strong>me</strong></span> <span class='ocrx_word' id='word_1_536' title='bbox 663 4940 835 5020; x_wconf 79' lang='lat' dir='ltr'><strong>oportetsc-</strong></span> <span class='ocrx_word' id='word_1_537' title='bbox 892 4957 925 5012; x_wconf 88' lang='grc' dir='ltr'>με</span> <span class='ocrx_word' id='word_1_538' title='bbox 947 4935 985 4992; x_wconf 85' lang='grc' dir='ltr'>δεῖ</span> <span class='ocrx_word' id='word_1_539' title='bbox 999 4940 1093 5005; x_wconf 86' lang='grc' dir='ltr'>ποιεῖν,</span> <span class='ocrx_word' id='word_1_540' title='bbox 1113 4933 1155 4988; x_wconf 83' lang='grc' dir='ltr'>ἵνα</span> <span class='ocrx_word' id='word_1_541' title='bbox 1170 4931 1257 4988; x_wconf 87' lang='grc' dir='ltr'>σωθῶ.</span> <span class='ocrx_word' id='word_1_542' title='bbox 1280 4920 1357 4995; x_wconf 77' lang='grc' dir='ltr'>Εἶδες</span> <span class='ocrx_word' id='word_1_543' title='bbox 1377 4932 1435 4996; x_wconf 78' lang='grc' dir='ltr'>πῶς</span> <span class='ocrx_word' id='word_1_544' title='bbox 1457 4927 1537 4987; x_wconf 85' lang='grc' dir='ltr'>αθτδν</span> 
     </span>
     <span class='ocr_line' id='line_1_46' title="bbox 92 5015 1541 5111; baseline -0.007 -20"><span class='ocrx_word' id='word_1_545' title='bbox 92 5053 157 5091; x_wconf 89' lang='lat' dir='ltr'><strong>cere</strong></span> <span class='ocrx_word' id='word_1_546' title='bbox 170 5045 202 5090; x_wconf 89' lang='lat' dir='ltr'>ut</span> <span class='ocrx_word' id='word_1_547' title='bbox 215 5031 315 5091; x_wconf 81' lang='lat' dir='ltr'><strong>solvus</strong></span> <span class='ocrx_word' id='word_1_548' title='bbox 326 5030 410 5110; x_wconf 77' lang='lat' dir='ltr'>fiam.</span> <span class='ocrx_word' id='word_1_549' title='bbox 427 5028 530 5091; x_wconf 89' lang='lat' dir='ltr'><strong>Viden’</strong></span> <span class='ocrx_word' id='word_1_550' title='bbox 543 5042 643 5109; x_wconf 85' lang='lat' dir='ltr'><strong>quauta</strong></span> <span class='ocrx_word' id='word_1_551' title='bbox 662 5029 740 5090; x_wconf 90' lang='lat' dir='ltr'><strong>illum</strong></span> <span class='ocrx_word' id='word_1_552' title='bbox 755 5051 834 5111; x_wconf 82' lang='lat' dir='ltr'><strong>cepe·</strong></span> <span class='ocrx_word' id='word_1_553' title='bbox 890 5033 994 5107; x_wconf 70' lang='grc' dir='ltr'>θαῦμα,</span> <span class='ocrx_word' id='word_1_554' title='bbox 1005 5029 1041 5088; x_wconf 87' lang='lat' dir='ltr'><strong>ot</strong></span> <span class='ocrx_word' id='word_1_555' title='bbox 1055 5023 1083 5085; x_wconf 78' lang='grc' dir='ltr'>δὲ</span> <span class='ocrx_word' id='word_1_556' title='bbox 1094 5015 1175 5100; x_wconf 77' lang='grc' dir='ltr'>εἶπον,</span> <span class='ocrx_word' id='word_1_557' title='bbox 1188 5022 1327 5085; x_wconf 88' lang='grc' dir='ltr'>πίστευσον</span> <span class='ocrx_word' id='word_1_558' title='bbox 1336 5022 1379 5082; x_wconf 78' lang='grc' dir='ltr'>ἐπί</span> <span class='ocrx_word' id='word_1_559' title='bbox 1393 5022 1438 5082; x_wconf 88' lang='grc' dir='ltr'>τδν</span> <span class='ocrx_word' id='word_1_560' title='bbox 1448 5020 1541 5101; x_wconf 82' lang='grc' dir='ltr'>Κύριον</span> 
     </span>
    </p>
   </div>
   <div class='ocr_carea' id='block_1_8' title="bbox 125 5241 693 5312">
    <p class='ocr_par' dir='ltr' id='par_1_8' title="bbox 125 5241 693 5312">
     <span class='ocr_line' id='line_1_47' title="bbox 125 5241 693 5312; baseline 0 -13"><span class='ocrx_word' id='word_1_561' title='bbox 125 5244 138 5282; x_wconf 77' lang='lat'>¹³</span> <span class='ocrx_word' id='word_1_562' title='bbox 158 5249 232 5312; x_wconf 74' lang='grc' dir='ltr'>πολλῷ</span> <span class='ocrx_word' id='word_1_563' title='bbox 244 5242 313 5295; x_wconf 73' lang='lat' dir='ltr'><strong>deest</strong></span> <span class='ocrx_word' id='word_1_564' title='bbox 324 5246 349 5296; x_wconf 89' lang='lat' dir='ltr'>iu</span> <span class='ocrx_word' id='word_1_565' title='bbox 362 5262 411 5296; x_wconf 91' lang='lat' dir='ltr'>uuo</span> <span class='ocrx_word' id='word_1_566' title='bbox 423 5246 459 5311; x_wconf 88' lang='lat' dir='ltr'>[iu</span> <span class='ocrx_word' id='word_1_567' title='bbox 472 5241 551 5297; x_wconf 78' lang='lat' dir='ltr'><strong>tribus</strong></span> <span class='ocrx_word' id='word_1_568' title='bbox 564 5247 592 5295; x_wconf 81' lang='grc' dir='ltr'>Α.</span> <span class='ocrx_word' id='word_1_569' title='bbox 603 5247 631 5296; x_wconf 85' lang='grc' dir='ltr'>Β.</span> <span class='ocrx_word' id='word_1_570' title='bbox 642 5247 693 5311; x_wconf 84' lang='lat' dir='ltr'>C.].</span> 
     </span>
    </p>
   </div>
   <div class='ocr_carea' id='block_1_9' title="bbox 0 0 1868 5978">
    <p class='ocr_par' dir='ltr' id='par_1_9' title="bbox 0 0 1868 5978">
     <span class='ocr_line' id='line_1_48' title="bbox 0 0 1868 5978; baseline 0 0"><span class='ocrx_word' id='word_1_571' title='bbox 0 0 1868 5978; x_wconf 95' lang='lat' dir='ltr'> </span> 
     </span>
    </p>
   </div>
  </div>
 </body>
</html>
