3728 5978
242 422 316 522 496
583 443 612 490 s.
641 441 782 491 ιοιιιιιι
808 441 992 491 euursosr.
1021 442 1180 495 ιιισιιιιιι.
1207 448 1476 499 σοινιιιιιιιιον.

242 570 397 642 strinxerat,
420 566 455 628 ad
476 567 549 628 viros
564 565 696 648 procedit,
711 565 829 627 dicens·
823 566 987 627 dimittor
1040 567 1106 653 ὅπερ
1120 571 1318 652 ίσχάτηςίστίν
1341 573 1474 641 ἀπωλείας
1488 575 1598 654 δεῖγμα,
1613 575 1676 636 όταν
1693 577 1817 660 ἑκάτερον

239 677 270 724 et
285 663 421 735 rusculi,
434 662 537 721 relecto
549 660 682 719 naturale
692 679 748 719 usu
750 660 899 740 semime
913 657 987 738 quod
1040 650 1059 739 ᾖ
1071 661 1184 743 τδγίνος
1196 664 1392 746 διερθαρμενον
1404 663 1516 726 καίότε
1528 666 1739 736 διδασκαλος
1705 692 1754 740 της
1772 693 1818 747 γυ·

240 767 368 814 extremae
389 751 518 833 perniciei
540 750 697 856 exemplum
719 763 771 827 est,
795 771 858 810 cum
877 763 989 829 uterque
1039 754 1129 822 ναινδς
1140 745 1208 816 εἶναι
1220 757 1341 838 ταχθείς
1355 757 1416 830 ἤτε
1438 760 1533 837 βοηθὸς
1550 765 1596 818 τοῦ
1617 761 1712 839 ἀνδρὸς
1725 763 1816 821 κελευ-

215 866 322 939 uerus
336 860 480 951 corruptus
490 859 541 923 eut,
558 858 584 904 et
597 844 647 920 vir,
661 866 710 924 qur
702 842 848 903 mulieris
861 843 989 948 magister
1040 851 1132 908 σθιῑσα
1143 848 1275 929 γενεσθαι,
1285 851 1368 910 τὰ
1332 875 1385 910 των
1399 852 1532 932 ἐχθρῶν*
1542 856 1578 919 εἰς
1592 854 1724 927 ἀλληλους
1738 854 1818 936 ἐργά-

240 952 281 1000 est
295 924 467 1019 eomiitutus,
489 953 516 998 et
529 891 638 1042 lentina,
653 958 714 1016 τρια
729 936 892 1018 adjutrix
864 936 919 996 vni
932 957 988 996 esse
1040 942 1137 1008 ζονται.
1151 941 1252 1001 Σκόπει
1269 940 1357 1002 di*
1315 966 1373 1010 πως
1386 942 1432 1001 καί
1453 946 1620 1024 ἐμφαντικῶς
1637 948 1740 1025 χρῆται
1761 955 1819 1014 ταῖς

237 1033 314 1114 jum
325 1045 376 1108 est,
396 1053 457 1111 quoe
476 1030 649 1090 inimicorum
663 1044 725 1090 sunt
726 1030 875 1108 ,utrinque
892 1044 987 1091 mutuo
1002 1042 1022 1090 c
1040 1029 1148 1099 λα’ξεσιν.
1159 1022 1359 1113 Οθγδρείπεν,
1371 1031 1441 1105 ότιή
1423 1033 1576 1115 ἠράσθησαν
1588 1059 1634 1094 και
1623 1035 1817 1115 ἐπεθύμησαν

238 1137 333 1204 agunt.
348 1123 585 1205 Perpendeautem
594 1145 656 1183 eum
665 1122 986 1203 quantuemplusiverba
1040 1123 1176 1196 ἀλλήλων,
1189 1127 1266 1200 ἀλλ’,
1280 1124 1476 1200 Ἐξεκαόθησαν
1491 1129 1564 1187 ἐν’*
1530 1151 1564 1206 τη
1582 1127 1707 1209 ὀρέξατ’
1678 1132 1767 1188 αυτῶν
1781 1131 1819 1198 τίς

240 1214 378 1276 adhibeat.
394 1218 455 1276 Non
468 1217 541 1276 enim
555 1214 652 1275 dixit
643 1236 717 1297 ipsos
731 1235 760 1275 se
773 1227 868 1275 mutuo
885 1236 987 1275 ornasse
1039 1215 1178 1288 ἀλλήλους.
1190 1215 1283 1299 Ορᾷς,
1292 1216 1335 1278 ότι
1348 1217 1401 1278 ἀπὸ
1416 1217 1567 1287 πλεονεξίας
1582 1220 1613 1280 τδ
1626 1229 1680 1279 πᾶν
1694 1245 1743 1293 της
1755 1224 1817 1281 ἐπι-

239 1321 267 1368 et
279 1308 497 1390 concupivisse5·
508 1307 567 1382 sed,
586 1310 772 1368 Exarserunt
787 1311 820 1366 in
833 1309 998 1375 desideriis,
1039 1308 1146 1386 θυμίας,
1156 1312 1203 1369 οὐκ
1214 1308 1398 1390 nequem<
1411 1309 1475 1370 τίσω
1488 1314 1541 1370 τῶν
1555 1312 1660 1372 οἰκείων
1682 1313 1752 1393 ὅρων
1767 1315 1815 1392 ρέ-

239 1404 301 1460 suis
316 1404 348 1459 ιἰι
371 1405 504 1461 invicem.
528 1397 627 1462 Viden’
645 1412 732 1458 totum
751 1399 835 1458 fuisie
854 1419 890 1458 ex
904 1397 988 1459 nimiu
1039 1421 1106 1473 νειν,
1118 1400 1179 1458 Πᾶν
1192 1398 1245 1482 γδρ
1257 1401 1287 1461 ιδ
1300 1401 1458 1479 θιτερόαῑνον
1476 1400 1537 1468 τοῦς
1550 1402 1625 1485 παρδ
1639 1407 1711 1465 Θεοῦ
1723 1406 1815 1467 τεθέν·

239 1492 467 1574 ουιισιιορίοειιιὶσ,
483 1513 544 1571 ιριιε
567 1513 621 1551 non
641 1504 746 1571 poterat
767 1491 838 1550 intra
860 1491 989 1552 terminos
1039 1515 1089 1558 τας
1107 1490 1218 1572 νόμους,
1231 1497 1284 1552 τῶν
1298 1493 1448 1554 ἀλλοκότων
1463 1497 1604 1574 ἐπιθυμεῖ,
1624 1496 1671 1556 καί
1684 1497 1745 1578 οὐχί
1765 1502 1817 1558 τῶν

238 1605 302 1644 euos
311 1582 611 1662 contineritQuiuquid
625 1583 697 1643 enim
707 1582 814 1643 excedit
823 1582 919 1663 legera
930 1585 987 1643 Deo
1039 1583 1244 1662 νενομισμένων.
1257 1583 1363 1666 Ὥσπερ
1380 1584 1432 1666 γδρ
1446 1587 1539 1646 πολλοί
1556 1587 1685 1655 πολλάκις
1699 1587 1749 1661 τδρ
1765 1593 1817 1648 τῶν

179 1730 185 1739 .
238 1677 349 1757 positu,
360 1676 447 1736 aliena
456 1675 631 1756 concupiscit,
642 1695 773 1754 nequeea,
784 1675 988 1756 quaesuntlegi·
1040 1673 1131 1736 σιτίων
1142 1675 1286 1754 ἐπιθυμίαν
1298 1677 1418 1757 ἀφέντες,
1432 1682 1483 1758 γῆν
1498 1683 1631 1739 σιτοῦνται
1650 1680 1697 1738 καί
1713 1679 1818 1747 ’λίθους

238 1767 316 1827 timu.
336 1767 496 1828 sicutenim
510 1766 591 1826 multi
602 1787 682 1847 sepe,
695 1765 790 1826 relicto
798 1766 989 1829 alimentorum
1040 1765 1165 1848 μικροδς,
1183 1767 1229 1828 καί
1242 1766 1367 1850 ἕτεροιδδ
1386 1768 1438 1828 ὑπὸ
1452 1769 1542 1850 δίψους
1563 1770 1740 1851 κατεχόμενοι
1751 1796 1817 1852 epo·

238 1861 370 1942 appetitu,
386 1875 485 1921 terram
501 1874 528 1919 et
542 1858 648 1940 lapides
663 1881 761 1940 parvos
778 1860 943 1938 comedunt,
960 1875 987 1922 ct
1040 1857 1117 1936 δροῦ,
1131 1859 1177 1918 καί
1190 1859 1319 1939 βορῦόρου
1338 1861 1467 1929 πολλάκις
1479 1863 1649 1939 ἐπιθυμοῦσιν
1664 1886 1671 1899 ·
1687 1861 1760 1923 οότω
1773 1863 1817 1922 καί

238 1952 286 2013 atii
301 1951 406 2013 ardenti
420 1952 536 2034 correpti
550 1952 613 2029 siti,
626 1952 715 2011 lutum
728 1952 886 2033 plerumque
902 1975 986 2036 appe·
1040 1952 1134 2011 ἐκεῖνοι
1155 1952 1220 2034 πρδς
1243 1952 1461 2035 τδνπαράνομον
1484 1961 1574 2015 τοῦτον
1599 1954 1817 2034 δέξεόράσθησαν

237 2058 298 2107 unu
310 2070 318 2104 τ
328 2046 368 2107 sic
387 2059 414 2105 et
427 2046 469 2105 illi
487 2047 515 2105 in
533 2067 653 2105 amorem
667 2044 747 2104 illum
766 2045 891 2125 iniquum
905 2068 985 2107 exar-
1039 2041 1135 2123 ίρωτς.
1146 2043 1223 2104 Elii
1243 2044 1345 2127 λίγεις,
1359 2045 1405 2106 καί
1418 2046 1497 2106 πόθεν
1511 2051 1528 2119 ἡ
1544 2046 1667 2113 ἐπίτασις
1686 2053 1737 2120 τῆς
1759 2052 1818 2109 ἔπι·

236 2152 337 2199 reruut.
354 2136 437 2211 Quod
453 2138 476 2197 si
502 2137 605 2198 dixeris
619 2137 673 2197 :Et
696 2136 769 2197 uude
788 2138 858 2198 illud
882 2152 986 2200 tantum
1003 2157 1021 2205 n
1039 2134 1135 2214 θυμίας
1154 2135 1237 2210 ρίτης
1251 2135 1315 2198 {tuo
1334 2139 1383 2211 τῆς
1394 2144 1440 2199 τοῦ
1453 2141 1524 2200 Θεοῦ
1538 2139 1761 2221 ἐγκαταλείψεινς.
1782 2141 1817 2200 Ἡ

236 2228 457 2311 concupiscentie
476 2227 675 2309 augmentum?
688 2226 733 2288 Ex
751 2249 791 2306 eo,
811 2228 887 2309 quod
912 2232 986 2290 Deus
1039 2226 1067 2286 δί
1081 2226 1266 2309 ίγιιατάλειψις
1276 2234 1321 2290 τοῦ
1335 2231 1406 2289 Θεοῦ
1420 2230 1499 2290 πόθεν
1507 2256 1517 2305 ;
1530 2231 1594 2291 Ἀπδ
1605 2236 1653 2304 τῆς
1668 2236 1722 2292 τῶν
1737 2232 1817 2313 άρέν-

235 2321 416 2403 dereliquerit.
448 2321 498 2382 Dei
528 2335 620 2381 autem
645 2320 786 2382 derelictio
812 2321 908 2382 unde?
941 2323 986 2383 Ex
1038 2342 1092 2377 των
1110 2319 1189 2380 αὐτὸν
1203 2317 1467 2402 &committeus
1480 2324 1507 2381 ἓν
1519 2323 1613 2402 ἄρσεσι
1629 2322 1679 2397 τὴν
1691 2329 1817 2405 ἀσχημο-

236 2415 379 2494 iniquitate
395 2436 498 2490 corum,
520 2415 569 2493 qui
584 2413 787 2492 dereliquerunt
805 2435 889 2474 eum:
916 2418 986 2475 Ma·
1039 2409 1119 2484 σόνην
1132 2411 1364 2495 κατεργαζόμενοι.

236 2509 313 2570 sculi
325 2512 357 2568 in
372 2508 518 2569 masculos
532 2508 741 2588 turpitudinem
755 2522 916 2588 operantes.

276 2605 306 2663 2.
320 2603 362 2662 Ne
370 2600 435 2681 quia
445 2600 558 2673 audiui,
575 2603 773 2674 Exarserunt
785 2615 864 2684 putes
875 2602 904 2662 in
917 2623 985 2663 eon-
1077 2595 1125 2669 Mt
1144 2595 1196 2678 γάρ
1210 2597 1301 2671 ἐπειδὴ
1315 2597 1443 2673 ἤκουσας,
1454 2599 1552 2679 φησίν,
1565 2599 1606 2661 δτι
1621 2599 1816 2681 ἐξεκαύθησαν,

174 2702 177 2709 “
236 2694 401 2777 mpiscentia
415 2707 520 2754 tantum
536 2693 597 2754 sisti
612 2692 753 2752 morbum:
766 2714 828 2753 nam
846 2707 877 2753 ut
891 2693 981 2775 pluri·
1037 2693 1085 2761 τῆς
1105 2688 1245 2768 ίπιθυμίας
1268 2689 1352 2769 μόνης
1375 2680 1442 2749 εἶναι
1459 2691 1570 2772 νομίσῃς
1582 2693 1613 2753 τδ
1632 2693 1756 2772 νόσημα·
1771 2697 1815 2755 καὶ

237 2807 314 2847 mum
326 2783 582 2869 abeorumjgnuvia'
594 2783 751 2845 accenditur
762 2784 985 2866 eoncupiscentia.
1037 2781 1089 2865 γδρ
1108 2781 1139 2842 τδ
1151 2781 1230 2842 πλέον
1249 2787 1298 2855 τῆς
1313 2785 1400 2841 αὐτῶν
1415 2783 1543 2864 ῥᾳθυμίας
1557 2784 1642 2859 ἐστὶν,
1663 2785 1681 2857 ἣ
1707 2788 1754 2846 καί
1766 2786 1814 2860 την

237 2877 355 2959 [duoque
368 2898 422 2938 non
431 2876 517 2950 dixit,
531 2875 672 2952 Peruacti,
688 2875 731 2937 vel
743 2876 925 2958 Praeuecupati
932 2919 940 2947 ,
957 2891 987 2937 ut
1038 2872 1179 2954 ίπιθυμίαν
1194 2876 1287 2955 ἀνῆψε.
1302 2873 1355 2933 Διὰ
1367 2878 1446 2934 τοῦτο
1458 2878 1507 2936 οὐκ
1522 2866 1579 2935 εἷπε
1586 2922 1595 2951 ,
1608 2878 1815 2958 παρασυρίντες,

187 3021 194 3034 ,
236 2969 305 3030 alibi
318 2969 707 3053 cigsedquidioperantes.
721 2968 754 3028 ln
767 2989 837 3049 opus
847 2967 987 3029 deduxere
1037 2964 1287 3049 ‘inpuluptivrcp
1300 2964 1366 3050 όπερ
1380 2968 1498 3048 ἀλλαχοῦ
1514 2969 1746 3049 ρησιν,άλλδιτί;
1759 2974 1815 3031 Κα-

236 3075 376 3143 ροοοεςιιιιι
385 3085 395 3138 5
410 3076 437 3122 et
452 3082 504 3121 uon
520 3061 612 3120 solum
625 3061 653 3119 in
671 3081 751 3141 opus,
769 3060 816 3120 sed
831 3060 913 3121 cuam
923 3078 1020 3145 cumn
1037 3056 1233 3138 τεργαίόμινοι.
1248 3057 1347 3140 Ἔργον
1361 3058 1448 3120 ἔθεντο
1468 3059 1516 3134 τὴν
1532 3061 1683 3142 ἁμαρτίαν,
1698 3063 1746 3123 καί
1766 3066 1815 3144 οἵην

237 3151 330 3213 studio
340 3166 366 3213 et
376 3155 490 3213 fervore.
500 3154 556 3213 Nec
564 3151 649 3226 dixit,
660 3152 929 3233 concupiscentiam
938 3154 988 3215 sed
1038 3149 1128 3217 ἁπλῶς
1141 3148 1234 3230 ἔργον,
1248 3152 1316 3212 ἀλλὰ
1330 3151 1377 3210 καί
1397 3153 1621 3230 ἐσπουδασμένον.
1645 3154 1699 3213 {tat
1714 3156 1764 3214 οὐκ
1778 3146 1816 3214 εἶ·

238 3247 364 3329 proprie,
386 3248 627 3328 Turpitudinem:
638 3266 702 3305 nam
715 3259 741 3305 et
753 3259 878 3306 naturam
891 3245 985 3307 detur·
1037 3265 1102 3315 παν,
1115 3240 1266 3320 ἐπιθυμίαν,
1280 3236 1338 3303 ἄλλ’
1350 3244 1560 3325 liquentium
1576 3246 1692 3326 euplo<-
1707 3246 1754 3306 καί
1764 3247 1814 3327 γὰρ

237 3353 348 3420 parunt,
355 3352 379 3399 et
391 3339 463 3419 leges
472 3336 673 3397 conculcavere.
682 3335 718 3396 Et
726 3335 790 3396 vide
802 3338 986 3398 confusionem
1037 3333 1083 3392 καί
1096 3332 1145 3405 τὴν
1160 3333 1235 3415 ρόσιν
1253 3332 1389 3416 ᾔσχυναν,
1405 3336 1451 3396 καὶ
1472 3337 1532 3404 τοὺς
1545 3339 1641 3416 νόμους
1665 3340 1812 3412 ἐπάτησαν.

165 3453 167 3457 ·
237 3431 519 3508 ιιιιιίιιιιιισιυισσιρισ
529 3443 604 3509 parte
612 3442 710 3488 ortam.
722 3430 816 3508 Neque
824 3429 905 3490 modo
915 3431 986 3490 enim
1038 3424 1155 3507 Καίόρα
1169 3425 1270 3498 πολλὴν
1288 3427 1337 3500 τὴν
1351 3427 1475 3508 σύγχυσιν
1491 3428 1518 3498 ἐξ
1538 3430 1687 3514 ἀμροτίρου
1702 3437 1749 3492 τοῦ
1764 3432 1812 3510 μί-

238 3536 321 3604 mput
329 3522 431 3582 inferne
439 3521 555 3602 positum
566 3533 617 3597 cst,
629 3518 677 3579 sed
686 3520 768 3580 etiam
774 3519 856 3601 pedes
863 3544 985 3604 superne,
1039 3540 1097 3597 ρους
1107 3518 1257 3598 γινομένην.
1268 3522 1310 3580 Οὐ
1320 3520 1401 3600 γδρὴ
1416 3522 1518 3602 κεραλὴ
1535 3522 1602 3601 μόνη
1615 3524 1689 3583 κάτω
1699 3524 1812 3604 γέγονεν,

236 3624 317 3694 atque
332 3613 436 3674 inimici
449 3626 475 3673 et
491 3613 533 3673 sui
548 3626 575 3672 et
591 3626 686 3672 mutuo
702 3612 765 3671 sueti
780 3627 854 3692 eunt,
877 3635 986 3694 gravem
1038 3610 1107 3671 ἀλλὰ
1117 3610 1163 3671 καί
1177 3616 1201 3673 οἱ
1215 3611 1293 3679 πόδες
1305 3611 1374 3686 ἄνω,
1389 3612 1435 3673 καί
1445 3614 1568 3693 πολέμιοι
1590 3619 1692 3676 ἑαυτῶν
1707 3616 1753 3675 καί
1768 3621 1812 3676 dl·

235 3707 401 3788 qunmdnm,
415 3705 605 3788 multiplicem,
614 3705 730 3782 ruriam,
751 3726 783 3764 ac
799 3707 895 3785 quovis
915 3708 987 3769 bello
1036 3704 1126 3777 λήλων
1142 3705 1272 3785 ἐγένοντο,
1288 3705 1409 3784 χαλεπήν
1425 3731 1484 3766 τινα
1500 3709 1545 3766 καί
1566 3708 1663 3776 παντὸς
1685 3708 1811 3789 ἐμφυλίου

236 3800 312 3862 cirili
336 3799 497 3879 iniquiorem
519 3819 641 3903 pugnam
659 3796 823 3858 inducentes.
837 3799 945 3860 Etenim
959 3800 986 3860 in
1037 3796 1155 3876 πολέμου
1174 3796 1401 3878 παρανομωτέραν
1417 3798 1565 3878 εἰσάγοντες
1581 3799 1673 3880 μάχην
1695 3802 1742 3860 καί
1762 3825 1811 3860 πο-

236 3907 354 3974 quatuor
367 3893 444 3953 illam
456 3892 557 3974 species
566 3911 649 3952 vanas
662 3903 689 3949 et
700 3888 807 3969 iniquas
819 3891 985 3953 diviserunt.
1037 3892 1152 3972 λυσχιῦῆ
1165 3887 1211 3949 καί
1225 3888 1359 3961 ποικίλην.
1374 3890 1428 3950 Καὶ
1445 3889 1495 3972 γδρ
1509 3894 1545 3958 εἰς
1559 3891 1703 3971 τέσσαραιι
1712 3893 1812 3966 ταύτην

236 4008 289 4047 uon
305 3986 380 4047 enim
395 3985 500 4067 duplex
513 3998 561 4043 aut
581 3983 692 4065 triplex,
706 3982 754 4043 sed
768 3984 850 4044 etiam
866 3985 985 4064 quadru·
1035 3985 1133 4043 διεῖλον
1149 3981 1206 4054 είδη
1220 3981 1283 4042 κενὰ
1296 3982 1342 4042 καί
1358 4006 1412 4062 παρ
1400 3983 1518 4062 ράνομα
1533 4008 1562 4044 ου
1549 3983 1628 4065 ’γάρ
1645 3985 1754 4053 διπλοῦς
1768 3985 1812 4046 καί

236 4080 360 4162 plexhoe
370 4080 474 4140 bellum
484 4091 551 4138 eret.
560 4077 705 4160 Perpende
718 4092 826 4138 autem·
847 4080 1028 4168 oportebat,⁸⁶
1037 4078 1177 4158 τριπλοῦς,
1191 4072 1261 4134 eut
1280 4073 1327 4134 καί
1340 4077 1503 4154 τετραπλοῦς
1516 4066 1785 4153 οθτοςθπόλεμοςῗ
1768 4102 1811 4151 ην

233 4154 420 4250 duos,virum
444 4185 471 4231 et
489 4172 642 4242 mulierem,
657 4191 743 4230 unum
766 4193 843 4232 esse·
859 4193 920 4232 uum
934 4186 983 4246 au
991 4127 1201 4228 Αλδὶῖιιόπτιδί·
1156 4166 1322 4227 ίδει
1283 4191 1343 4234 τους
1356 4167 1402 4228 δυο
1415 4166 1463 4228 ἵνα
1483 4159 1549 4228 εἶναι
1557 4171 1813 4248 γυν,αῑκακαίάν-

84 4285 133 4330 Gen
137 4285 222 4344 ...μγ
235 4267 333 4324 Erunt
351 4264 436 4324 duo
425 4287 457 4323 ιιι
471 4284 561 4323 carne
578 4285 649 4324 uua.
663 4263 739 4323 Illud
757 4285 838 4344 porro
851 4262 1054 4323 efficiebat&
1055 4258 1196 4343 ρα·λίγω
1209 4256 1385 4319 Ἔσονται
1357 4282 1425 4338 γαρ,
1440 4261 1535 4340 φησιν,
1558 4266 1582 4321 oi
1604 4261 1650 4321 δύο
1665 4265 1704 4328 εἰς
1726 4263 1812 4345 σάρκα

234 4355 362 4416 consortii
374 4355 602 4435 eoncupiscentia,
613 4368 640 4413 et
652 4375 732 4414 sexus
741 4368 835 4413 mutuo
841 4355 983 4435 jungebat.
1038 4350 1111 4431 μίαν.
1126 4350 1230 4412 'Euolet
1247 4349 1275 4411 di
1288 4375 1365 4412 τουτο
1379 4357 1450 4424 ἡ
1417 4377 1466 4424 της
1487 4353 1592 4432 όμιλίας
1610 4353 1754 4431 ἐπιθυμία,
1767 4357 1813 4415 καί

153 4458 157 4465 ‘
235 4446 393 4506 Hac-autem
407 4445 514 4505 sublata
526 4444 654 4504 diabolus
669 4445 893 4526 eoncupiscentia,
909 4459 935 4506 et
951 4446 981 4506 in
1037 4447 1153 4516 συνῆπτε
1173 4442 1207 4503 τδ
1228 4444 1290 4523 γένη
1315 4444 1381 4523 πρδς
1403 4444 1516 4517 ἄλληλα.
1536 4444 1645 4517 Ταύτην
1673 4445 1775 4506 ἀνελὼν
1800 4453 1813 4507 θ

233 4539 320 4600 ulium
334 4538 445 4599 modum
456 4536 589 4610 derivata,
604 4537 644 4597 sic
653 4557 734 4597 sexus
743 4558 759 4596 a
769 4553 864 4598 mutuo
875 4560 982 4601 consor-
1037 4536 1158 4604 διάόολος
1171 4535 1220 4609 την
1234 4535 1386 4614 ἐπιθυμίαν,
1399 4536 1446 4596 καὶ
1462 4540 1502 4617 ἐρ’
1518 4536 1605 4616 ἕτερον
1620 4538 1813 4617 μετοχιτεόσας

233 4633 272 4693 tio
285 4629 393 4709 divisit,
406 4644 433 4690 et
445 4628 477 4688 id
490 4628 589 4703 effecit,
602 4643 632 4687 ut
652 4626 728 4706 quod
746 4650 832 4688 unum
847 4645 903 4690 erat
920 4630 982 4690 duae
1037 4627 1144 4711 τρόπον,
1158 4628 1303 4709 θπίσρισεν
1321 4627 1402 4696 οὕτως
1416 4631 1463 4688 ἀπ’
1478 4628 1600 4701 ἀλλήλοιν
1618 4629 1652 4689 τδι
1666 4629 1746 4708 γένη,
1767 4633 1813 4689 καὶ

232 4737 319 4785 eruent
330 4736 430 4806 partes,
439 4721 524 4800 idque
534 4731 626 4779 contra
636 4719 686 4779 nei
695 4720 789 4799 legem,
798 4721 855 4802 ipse
867 4743 983 4801 namque
1037 4721 1147 4793 ίιτσίησε
1160 4719 1190 4779 τδ
1204 4719 1231 4779 iv
1247 4719 1291 4779 δύο
1310 4719 1432 4800 γενέσθαι
1448 4721 1526 4800 μέρη,
1541 4721 1699 4787 ἀπιναντίας
1713 4727 1753 4802 τῷ
1767 4729 1812 4782 τοῦ

232 4816 317 4895 dixit,
327 4820 425 4877 Erunt
435 4816 494 4874 duo
502 4817 629 4872 incarne
639 4833 717 4872 unu:
731 4812 778 4872 ille
789 4834 942 4874 verounum
953 4815 980 4874 in
1037 4817 1107 4876 Θεοῦ
1125 4811 1221 4892 νόμῳ·
1236 4816 1250 4870 θ
1274 4811 1321 4891 μὲν
1343 4811 1395 4892 γάρ
1408 4835 1503 4892 ρησιν,
1519 4811 1647 4874 Ἔσονται
1669 4816 1692 4872 ot
1707 4814 1754 4874 δόο
1776 4818 1813 4883 είς

268 5018 280 5044 “
298 5015 460 5082 [ὰλληλουςό.
473 5032 488 5063 ιι
508 5031 533 5079 p.
545 5031 580 5063 m.
597 5019 806 5073 ὰλλήλοιςοσοτι.
818 5013 882 5066 Vide
901 5028 955 5069 not.
972 5035 997 5082 ρ,
1081 5030 1091 5054 ²
1110 5015 1181 5066 Unus
1200 5021 1213 5073 ἡ
1231 5018 1423 5085 popul-aptiores.
1439 5012 1501 5078 [Sic
1523 5014 1551 5062 A.
1573 5026 1599 5064 et
1621 5032 1700 5083 marg.
1722 5015 1812 5080 srvit,

235 5096 300 5157 4⁵2,
316 5095 345 5159 C,
359 5106 383 5143 et
393 5112 419 5159 p.
433 5096 491 5157 707,
505 5093 536 5142 D,
551 5094 611 5143 Mox
627 5091 692 5143 idem
706 5096 845 5164 κέχρηται]
1049 5094 1144 5158 recte]

269 5189 279 5214 ⁸
296 5175 345 5239 [Α.
358 5180 431 5232 λίθους
442 5182 534 5244 μικράς.
548 5175 557 5238 ]
686 5168 689 5173 ⁸
1080 5173 1090 5203 ί
1109 5173 1153 5237 [Α.
1166 5175 1243 5232 αὐτήν,
1253 5181 1277 5219 el
1288 5168 1429 5236 paulonntc
1440 5172 1592 5239 πολυσχιδῆ.]

302 5251 337 5303 dl.
353 5256 511 5314 ίξιιιοιθθηιαν.
525 5251 595 5316 [Sic.
609 5251 636 5301 Λ.
649 5263 673 5302 ct
687 5267 767 5319 marg.
780 5251 858 5315 Satn]
