3742 5970
504 466 537 513 ΙΝ
566 466 655 513 Actu
682 463 944 513 nnosTotonunt.
972 461 1090 509 DOMlL.
1119 461 1216 507 nunt.
1582 459 1643 506 201

78 577 118 648 ιίτε
128 585 167 659 τὴν
180 583 284 644 σινδόνα
297 586 432 660 εὐθέως
457 587 526 649 Ὀτι
538 588 686 658 δκενόδοξος
695 580 728 661 ἦν
740 589 850 669 σφόδρα.
909 590 966 647 Vos
976 589 1056 646 scitis
1065 584 1204 643 illicitum
1216 603 1285 643 esse.
1295 581 1331 641 Et
1341 604 1390 642 cur
1401 581 1549 642 nonstatim
1560 581 1650 642 sindo-

77 681 124 740 Ὁτι
134 679 174 756 μίν
184 678 233 759 γὰρ
245 679 450 742 ἀπέσταλται
466 683 519 742 ὑπὸ
532 688 578 741 τοῦ
591 684 671 754 Θεοῦ,
684 681 770 760 λέγει·
781 681 813 741 τδ
825 679 852 739 δέ
861 738 898 778 m
907 700 968 738 nem
974 676 1148 736 memoravit?
1155 675 1226 748 Quia
1238 697 1327 735 anona
1336 674 1422 755 gloria
1430 687 1486 734 erat
1496 672 1577 734 valde
1584 673 1649 733 alie·

77 776 166 845 τῦς,ὠιι
177 770 227 830 ἐτι·
240 770 312 830 ἀλλ’
325 770 385 832 ὅτε
400 774 514 854 ἀνάγκη
529 774 642 854 γέγονεν,
655 773 700 834 ὅτε
715 773 761 832 καί
771 763 852 833 εἶπεν·
870 796 891 842 Α
906 793 964 831 nus.
982 771 1063 843 Quod
1079 769 1176 829 missus
1194 769 1228 828 sit
1246 791 1261 828 a
1276 770 1334 828 Deo
1345 768 1428 844 dicit,
1441 767 1588 847 quomodo,
1597 789 1649 828 non

77 864 143 941 Ὑμεῖς
157 861 300 922 ἐπίστασθε
322 867 371 930 ὥς
391 863 528 944 ἀθέμιτόν
542 868 612 925 ἐστιν
627 863 746 946 ’Ἰουδαίῳ
760 863 854 924 κολλῦ·
906 863 970 921 item
975 885 985 940 ;
998 861 1045 920 sed
1060 863 1234 920 cumneoesse
1244 860 1307 938 suit,
1323 881 1386 918 eum
1393 859 1466 919 dixit
1478 883 1484 916 ι
1498 863 1554 920 Vos
1569 864 1649 920 scitis

79 963 119 1017 τίσι
141 956 154 1026 ἥ
175 955 403 1039 προσέρχεσθαι
427 958 589 1040 ἀλλοφύλῳ·
612 956 694 1026 otro<
708 949 741 1031 ἦν
762 956 853 1037 πόρρω
906 957 1042 1015 illicitum
1061 955 1236 1014 esseJudaeo
1248 956 1385 1034 conjungi
1395 954 1447 1012 vel
1461 955 1599 1012 accedere
1610 954 1652 1011 ad

78 1048 189 1116 κενοδοξίας.
227 1047 343 1126 Ὑμεῖς
389 1049 553 1110 ἐπίστασθε.
588 1053 676 1110 Τοῦτο
702 1047 854 1130 λέγωνκαὶ
907 1047 1170 1130 αέἰσνιὶὅσνιαινιεὶισ
1181 1046 1277 1129 procul
1298 1059 1355 1105 erat
1368 1067 1383 1104 a
1398 1067 1467 1108 vana
1479 1045 1575 1125 glorie.
1593 1048 1610 1104 Ι
1613 1048 1650 1103 'os

77 1141 108 1212 ην
120 1139 203 1201 ἐκείνων
223 1152 452 1220 κατεγγυᾶται
476 1140 595 1223 γνώμην.
620 1141 658 1202 Τί
679 1141 721 1201 δαί
747 1139 853 1222 Κορνή-
907 1145 997 1202 scitis.
1012 1142 1070 1200 Hoc
1082 1140 1184 1217 dicens,
1203 1140 1314 1199 illorum
1336 1141 1494 1200 sententiam
1518 1140 1546 1198 iu
1565 1160 1649 1221 spou-

77 1232 122 1303 ίινις
138 1229 293 1308 Bitiam,
320 1230 429 1310 φησίν
443 1277 453 1305 ‚
465 1231 577 1291 ἐνώπιον
592 1234 638 1291 τοῦ
648 1232 729 1303 Θεοῦ,
743 1232 854 1289 ἀκοῦσαι
908 1232 1009 1294 sionem
1018 1233 1111 1293 trahit.
1126 1232 1203 1305 Quid
1215 1254 1278 1292 vem
1297 1232 1457 1292 Cornelius?
1484 1233 1647 1303 Adeamus,

77 1321 434 1403 τέιτστδπροστεταγμένα
443 1346 489 1382 σοι
498 1323 550 1382 tert
559 1328 605 1383 τοῦ
615 1324 694 1383 Θεοῦ.
706 1323 765 1381 Οὐκ
772 1310 853 1391 εἶπεν,
908 1322 1007 1401 inquit,
1022 1326 1054 1381 ι’νι
1065 1335 1222 1403 conspeetu
1236 1325 1294 1382 Dei
1316 1323 1419 1381 audire
1441 1326 1551 1394 omnia,
1573 1343 1650 1401 quee-

77 1413 149 1476 ἐνόντα
157 1412 317 1495 evoptium,
334 1415 442 1490 ἀλλὰ,
457 1418 513 1475 Τοῦ
525 1419 604 1490 Θεοῦ,
617 1414 775 1485 διικνὺς,ότι
786 1411 855 1473 οῦτω
909 1436 1032 1497 cumque
1043 1419 1096 1475 tibi
1109 1429 1256 1497 precepta
1276 1429 1343 1476 suut
1363 1437 1382 1475 a
1398 1417 1469 1474 Deo.
1492 1417 1552 1475 Non
1569 1414 1651 1489 dixit,

76 1509 100 1566 δεῖ
106 1504 216 1588 προσέχειν
225 1515 295 1575 τοῖς
319 1513 388 1567 τοῦ
405 1509 488 1567 Θεοῦ
502 1507 611 1574 δούλοις.
635 1507 727 1567 Είδετε
739 1505 855 1566 διόνοιοιν
910 1510 941 1567 ln
951 1523 1094 1590 conspectu
1108 1508 1236 1579 hominis,
1251 1507 1307 1586 sod,
1318 1510 1384 1584 Dei,
1397 1508 1548 1585 ostendens,
1563 1509 1601 1568 sic
1610 1530 1652 1567 ac·

77 1598 250 1680 διιγηγερρένηνς
269 1598 386 1658 εἴδετε
406 1603 473 1666 πῶς
492 1597 562 1667 ἄξιος
575 1591 608 1671 ἦν
628 1598 735 1659 πάντων
747 1596 857 1672 τούτων,
910 1600 1060 1660 cedendum
1072 1621 1129 1661 esse
1141 1600 1176 1659 ad
1198 1601 1250 1659 Dei
1276 1621 1376 1662 servos.
1394 1599 1511 1663 Vidistis
1536 1614 1653 1660 mentem

77 1690 194 1768 Ἰιιέςαςδέ,
216 1693 326 1773 φησί,
346 1692 477 1772 Πέτρος
492 1692 522 1752 τὸ
532 1691 618 1770 στόμα
633 1680 720 1750 εἶπεν·
735 1689 778 1751 ἐπ’
789 1691 857 1761 ἄλη·
909 1692 1073 1752 excitatam?
1086 1692 1196 1753 vidistis
1216 1712 1298 1769 quam
1312 1692 1412 1772 dignus
1422 1707 1489 1753 essct
1501 1692 1545 1752 his
1567 1693 1654 1752 omni-

76 1787 119 1854 ίιίσς
126 1786 412 1866 κτιαλαρεῦάνομαι,
435 1786 481 1847 ὅτι
496 1789 542 1846 αλκ
555 1785 611 1845 ἔστι
626 1785 856 1868 προσωπολήπτης
875 1794 894 1842 Β
910 1785 1140 1864 δυεδΑρενίενιε
1151 1796 1264 1856 autem,
1289 1785 1388 1863 inquit,
1407 1788 1513 1845 Petrus
1528 1806 1559 1844 os
1570 1805 1654 1844 suum

75 1880 144 1948 ίθιίς.
160 1882 251 1940 Τοῦτο
275 1881 341 1940 καλ
371 1880 456 1961 πρὸς
477 1877 538 1945 τοὺς
556 1878 688 1959 παρόντας
713 1876 854 1946 Ἰουδαίους
910 1878 1055 1936 dixiteln
1068 1880 1341 1956 veritatecompert',
1355 1881 1426 1958 quia
1447 1890 1567 1937 nonest
1590 1899 1654 1956 per-

76 1971 233 2051 ίκιίιγσίγιινος
246 1972 367 2053 έλεγε.
407 1969 532 2030 Μέλλων
547 1969 619 2051 ’γδρ
633 1969 856 2050 πρδςαῦτοίιςμε-
908 1989 1047 2028 sonarum
1055 1968 1655 2049 acceptorDeus.Hocpmsentibusdudeeis

75 2064 180 2147 ισριρίίιιν
192 2066 242 2126 τὸν
264 2065 390 2146 λόγον,
407 2061 509 2142 ὥσπερ
520 2063 664 2143 ἀπολογίαν
674 2061 801 2144 πρότερον
816 2060 855 2120 τί·
907 2061 949 2120 sui
958 2059 1095 2142 purgandi
1110 2081 1190 2120 eausa
1206 2059 1320 2120 dicebat.
1338 2062 1407 2120 Cum
1427 2063 1498 2121 enim
1520 2062 1576 2121 illis
1593 2083 1654 2123 uer-

76 2162 116 2230 ίιςσι.
129 2157 155 2218 Τί
171 2147 240 2232 du
263 2157 338 2239 πρὸ
364 2155 478 2215 τούτου
498 2154 729 2235 προσωπολήπιης
743 2146 789 2227 ds,
807 2152 854 2226 Μὴ
906 2153 1212 2230 bumtmditumsesset,
1226 2154 1306 2232 quasi
1314 2153 1496 2214 defensionem
1504 2156 1653 2236 premittit.

75 2248 144 2326 γίνοιτο·
157 2249 213 2308 ἐπεὶ
233 2248 295 2309 καὶ
329 2247 407 2327 πρὸ
437 2245 532 2306 τούτου
546 2245 626 2313 οὕτως
639 2237 681 2318 ἦν.
703 2247 762 2312 Πᾶς
777 2249 792 2304 δ
805 2267 855 2325 φο-
907 2245 983 2319 Quid
996 2247 1081 2325 ergo?
1094 2267 1159 2305 num
1168 2260 1245 2305 antea
1255 2266 1429 2327 personarum
1438 2262 1561 2328 acceptor
1571 2249 1649 2306 emt?

76 2340 152 2419 ῦίριισς
162 2347 205 2402 καὶ
217 2339 462 2422 ἐργαζόμενος,
476 2337 556 2418 φησὶ,
568 2337 752 2412 δικαιοσύνην,
768 2337 857 2402 δεκτός
908 2337 987 2398 Absit
1001 2352 1163 2398 :namtnten
1176 2339 1216 2398 sic
1226 2353 1292 2399 erat.
1311 2342 1436 2417 Omnis,
1448 2340 1546 2419 inquit,
1554 2346 1604 2423 qui
1617 2346 1652 2401 u·-

77 2438 116 2515 o'sp
127 2436 178 2494 ἐστι
192 2437 301 2495 Τοῦτο
322 2432 389 2492 καὶ
408 2433 523 2499 Παῦλος
537 2429 644 2513 γρᾶρων
658 2429 746 2509 λέγει·
768 2427 856 2490 Ὅταν
908 2445 966 2491 met
979 2433 1088 2506 Deum,
1104 2445 1131 2491 et
1145 2446 1286 2512 operatur
1287 2435 1449 2514 justitiam,
1462 2448 1598 2514 acceptus
1608 2435 1654 2493 itta·

46 2522 48 2527 ’
77 2527 156 2607 ppido
174 2527 211 2588 τδ
232 2526 284 2608 μὴ
314 2525 426 2605 νόμον
447 2521 559 2604 ἔχοντα,
582 2523 658 2604 φύσει
671 2520 704 2580 τδι
718 2526 764 2582 τοῦ
775 2523 856 2599 νόμον
907 2536 959 2584 est.
974 2522 1065 2582 Hocet
1074 2523 1175 2582 Paulus
1188 2523 1307 2584 scribens
1318 2523 1488 2584 dicitzcum
1497 2531 1575 2584 euim
1584 2548 1652 2606 gen·
1665 2552 1804 2611 pomp,

78 2626 118 2700 νιιῇ.
133 2622 175 2684 Καὶ
187 2620 292 2702 δόγμα
313 2617 450 2698 εἰσάγει
462 2616 508 2675 καί
521 2615 666 2676 πολιτείαν.
692 2616 725 2675 Εἰ
736 2615 788 2695 γὰρ
800 2615 856 2693 poi·
908 2626 961 2688 tes,
974 2636 1039 2695 que
1050 2616 1141 2696 legem
1157 2619 1349 2689 κυκλοῦται,
1361 2637 1472 2699 eaquoe
1491 2618 1562 2698 legis
1584 2633 1654 2678 suut

79 2716 318 2796 γοιςοίτιριεῖδεν,
346 2710 425 2772 «tot
447 2708 579 2780 Αἰθίοπα,
598 2707 656 2767 οὐδὲ
667 2706 783 2788 λῃστὴν,
800 2707 858 2768 otti
881 2726 885 2733 '
904 2712 1033 2791 faciunt.
1049 2710 1085 2769 Et
1094 2710 1194 2791 dogma
1206 2711 1312 2774 inducit
1323 2725 1349 2770 ct
1366 2712 1654 2775 iustitutionemNnm

79 2805 148 2886 σι’ρην·
160 2811 262 2889 πολλῷ
284 2806 424 2887 μᾶλλον
446 2801 505 2869 τοὺς
521 2798 709 2884 ἐργαζομένους
722 2799 853 2860 δικαιοσό·
873 2823 892 2871 c
907 2805 931 2863 si
943 2824 1037 2885 magos
1052 2825 1105 2863 non
1118 2803 1252 2885 despexit,
1267 2825 1354 2883 neque
1374 2804 1541 2887 AEthiopem,
1570 2828 1654 2887 neque

80 2922 106 2968 ιη
118 2902 149 2960 καί
158 2901 376 2982 βωλσρένους
389 2895 504 2962 πάντως
517 2898 546 2954 οδ
558 2893 722 2974 περιόψεται.
747 2892 784 2952 Τί
801 2885 856 2969 οῦν,
905 2895 1049 2970 lationem,
1063 2917 1149 2975 noque
1169 2896 1336 2956 meretricem
1352 2920 1358 2954 ι
1371 2897 1457 2957 ιιιιιΙῑο
1477 2899 1564 2978 magis
1587 2921 1653 2980 ope-

81 2990 154 3054 ίιιίτίν
166 2998 313 3060 ἐπιεικεῖς
327 2988 393 3049 καί
408 2988 510 3066 ἥμεροι
525 2988 672 3068 ἅνθρωποι,
691 2987 736 3044 καὶ
749 2991 856 3045 πιστοῦ·
906 2988 1136 3071 mntesjustitiam
1147 3002 1173 3048 et
1184 2989 1304 3071 uolentes
1317 3011 1371 3049 non
1393 3005 1553 3051 contemnet.
1577 2993 1654 3067 Quid

82 3090 133 3146 utu]
144 3086 316 3166 βώλσκαη
335 3080 428 3142 Ἰδοὺ
446 3079 478 3141 σὺ
491 3077 538 3151 τὴν
553 3079 640 3139 αἰτίαν
662 3069 745 3152 εἶπες,
764 3077 806 3139 δτι
825 3081 854 3138 οὔ
905 3104 980 3163 ergo,
996 3085 1019 3143 si
1029 3083 1083 3143 sint
1094 3083 1226 3142 mansueti
1236 3095 1262 3142 et
1275 3084 1352 3143 mites
1377 3083 1501 3145 homines
1523 3087 1571 3164 qui
1597 3107 1651 3146 cre·

85 3177 183 3252 ίυιλσνιιι.
209 3179 341 3244 Ἄλλως
355 3173 392 3232 δὲ
406 3176 513 3244 ἐπιεικῆ
527 3174 653 3245 ἐνταῦθα,
668 3173 698 3231 οῦ
713 3171 757 3231 τδν
771 3181 855 3251 πρᾶον
904 3175 968 3235 dere
979 3175 1087 3235 nolint?
1109 3175 1181 3234 Ecce
1197 3188 1228 3234 tu
1248 3196 1356 3234 causum
1370 3176 1466 3235 dixisti
1483 3201 1489 3234 ι
1505 3179 1567 3256 quin
1597 3202 1652 3238 ere·

86 3270 207 3347 λὲγιηὰλλδ
229 3271 287 3330 τὸν
310 3264 504 3337 δικαιοσύνην
521 3263 711 3346 ἐργαζόμενον·
726 3263 854 3336 τοιιτέστι,
904 3268 968 3328 dere
981 3268 1084 3327 nolunt.
1103 3267 1229 3346 Alioquin
1240 3282 1328 3326 autem
1342 3267 1510 3328 monsuetum
1527 3270 1571 3329 hic
1585 3271 1652 3330 dicit

88 3362 112 3420 τίν
121 3366 138 3421 ἰν
147 3374 219 3424 πᾶσιν
232 3364 253 3394 *
264 3360 450 3440 εὐάρεστον,
462 3357 488 3423 ὃς
501 3355 560 3415 τότε
574 3356 689 3423 τοιοῦτός
702 3360 783 3429 ἔστιν,
791 3357 854 3416 ὅταν
904 3381 957 3421 uon
972 3362 1075 3434 mitem,
1086 3359 1132 3419 sed
1144 3381 1217 3437 cum,
1234 3361 1281 3439 qui
1304 3362 1438 3441 justitium
1461 3378 1601 3443 operatum
1623 3365 1651 3423 id
1719 3430 1722 3435 ,

91 3452 247 3532 ίγγτιῦΘεαῦ
272 3453 332 3512 τὸν
360 3448 451 3529 φόόον
469 3452 503 3515 ιὐς
519 3447 581 3530 γρή.
604 3449 657 3508 Τὸν
671 3447 698 3508 δέ
712 3453 855 3509 τοιοῦτονδ
904 3469 953 3529 est,
966 3475 1036 3530 eum,
1048 3453 1095 3531 qui
1106 3453 1268 3511 inomnibus
1280 3454 1463 3535 beneplacitus
1474 3456 1577 3535 estqui
1587 3470 1651 3515 tune

92 3538 185 3612 διὸςιῖδι
199 3546 303 3627 μόνος.
336 3542 426 3621 Ὅρα
445 3545 501 3609 πῶς
519 3533 551 3614 ἧν
576 3531 650 3609 οὗτος
676 3542 777 3609 δεκτός·
798 3541 855 3618 ἅμα
904 3544 966 3603 tulis
976 3559 1024 3619 est,
1043 3545 1151 3623 quaudo
1170 3547 1260 3604 Deum
1273 3560 1303 3604 ut
1316 3569 1365 3626 par
1379 3561 1418 3606 est
1440 3548 1524 3607 timet.
1547 3549 1650 3630 Hujus-

93 3636 386 3714 ἧιννσε,καὶέπείσθη.
414 3633 469 3692 Καὶ
482 3638 537 3708 νῦν,
552 3636 575 3692 εἰ
589 3634 700 3713 ἄγγελος
715 3626 789 3706 ἦλθε,
802 3657 853 3713 φη·
904 3637 979 3697 modi
990 3659 1054 3698 vero
1063 3638 1200 3697 hominem
1217 3638 1290 3698 Deos
1310 3639 1382 3698 solos
1398 3640 1483 3701 novit.
1503 3641 1649 3722 Videquo-

94 3728 131 3802 σίν,
142 3732 236 3806 ἐσείσθη
253 3730 293 3788 διν
313 3729 453 3798 ἕκαστος,
465 3723 536 3792 ὅστις
553 3725 584 3784 διν
606 3717 648 3798 ἦν.
670 3725 750 3785 Ἀλλδι
763 3727 854 3805 πολλῷ
905 3727 987 3788 modo
997 3728 1254 3810 hicacceptusemt:
1267 3751 1331 3789 mox
1341 3744 1370 3788 ut
1384 3733 1589 3810 audiuit,etinm
1601 3735 1649 3793 ob-

95 3818 154 3881 τδυῦν
166 3833 262 3901 σημεῖα
287 3818 413 3881 ἐκείνων
429 3817 486 3876 ἐστὶ
501 3817 622 3896 μείζονα,
645 3818 689 3877 καί
704 3819 776 3896 ὅμως
790 3822 853 3878 ἀπι-
905 3822 1075 3903 temperavit.
1094 3822 1129 3880 Et
1141 3842 1222 3896 nuno,
1235 3822 1257 3880 si
1272 3823 1384 3900 angelus
1396 3824 1509 3894 veniunt,
1532 3825 1647 3904 inquies,

96 3919 156 3972 ιτσῦσι
166 3915 266 3976 πολλοί.
292 3903 374 3972 Ε’ίτα
397 3910 509 3990 ἄρχεται
529 3914 577 3981 τῆς
601 3912 786 3987 διδασκαλίας,
810 3911 856 3972 καί
872 3935 891 3983 ς)
906 3935 984 3973 nemo
1003 3928 1042 3973 est
1060 3914 1169 3992 quinon
1181 3913 1309 3972 crederet.
1330 3917 1433 3975 Verum
1455 3915 1534 3995 louge
1548 3919 1649 3998 majora

98 4004 194 4081 τηρεῑτλν
202 4003 348 4084 εὐγένειαν
356 4007 422 4066 τοῖς
431 3998 575 4065 Ἰουδαίοις.
591 4000 644 4059 Τὸν
656 4000 751 4078 Λόγον,
761 4002 850 4082 φησίν,

99 4092 243 4156 tutemus
254 4104 317 4160 τοῖς
338 4094 408 4159 υἱοῖς
423 4090 533 4172 Ἰσραὴλ
544 4092 773 4172 εὐαγγελιζόμενον
785 4095 855 4174 εἰρή-

100 4209 143 4256 νην·
153 4181 221 4256 οῦτός
234 4193 296 4248 ἐστι
313 4186 414 4267 Κύριος
424 4185 539 4245 πάντων.
548 4187 660 4266 Πρῶτον
676 4186 795 4266 περὶτῆς
808 4211 854 4246 κυ-

103 4278 191 4352 ριότητος
203 4285 287 4340 αῦτοῦ
309 4277 477 4356 διαλέγεται,
487 4278 533 4336 καί
547 4277 648 4359 σρόδρα
667 4281 790 4359 ὑψηλῶς,
801 4279 855 4346 ί’ὡς

103 4372 152 4443 diu,
162 4372 248 4445 ἐπειδὴ
265 4371 316 4431 καί
329 4369 396 4450 πρὸ(
407 4369 495 4450 ψυχὴν
508 4360 578 4449 εἶχεν
593 4370 697 4450 ὑψηλὴν
713 4371 764 4444 ἤδη
784 4396 854 4452 γενο·

105 4461 164 4535 μένην
176 4464 219 4523 καί
231 4464 324 4522 πάντα
336 4465 439 4542 θερμῶς
451 4463 595 4542 δεχομένην
609 4461 643 4521 sd
653 4465 698 4521 ὑπ’
712 4465 790 4524 αὐτοῦ
800 4487 854 4524 πα-

106 4553 263 4634 ριγγυόρενα·
275 4545 335 4614 εἶτα
356 4556 561 4623 κατασκευάζων
578 4559 635 4621 πῶς
660 4553 755 4637 Κύριος
772 4556 854 4616 ἁπόν-

107 4665 152 4715 tm,
165 4647 254 4726 ἐπόγιι
271 4645 319 4706 καί
345 4645 430 4726 λέγει·
445 4640 504 4705 ‘Oe'
519 4645 672 4705 ἀπέστειλεν
692 4649 856 4727 εὐαγγελιζό·

110 4757 180 4807 μενον·
195 4737 327 4798 τουτέστιν
334 4783 342 4812 ,
364 4738 531 4816 ἐπ’,δγαῦοῖς
555 4739 698 4814 καλοῦντα,
717 4742 747 4799 οὖ
770 4740 855 4821 κρίσιν

112 4827 225 4907 ωηατ.

146 5119 153 5140 ‘
165 5105 225 5159 Idem
235 5120 274 5183 γὰρ
285 5119 357 5171 αὐτοῖς
369 5119 499 5184 ἐρχιιρὶζιιυ
511 5119 549 5166 τὸν
562 5118 634 5178 λόγου.

149 5184 266 5256 ’ίένὶριτον
275 5197 310 5244 καὶ
321 5199 424 5251 ἄληπτον
440 5193 469 5242 B.
482 5190 511 5241 C.
532 5199 645 5260 ίνσῖριτου,
659 5193 690 5243 Ι).
705 5203 731 5242 et
743 5194 840 5245 Erasm.

37 5310 40 5333 γ
126 5258 151 5307 Ῑιι
166 5261 202 5324 λ,
217 5266 297 5320 Codice
311 5269 388 5338 pleno
404 5268 566 5330 lucunurum,
586 5280 654 5320 totus
673 5268 742 5321 locus
763 5268 840 5323 deest.

905 4026 976 4065 nunc
1000 4005 1074 4083 signe
1090 4018 1164 4084 sunt,
1178 4005 1313 4084 qunmilla
1330 4030 1336 4063 :
1353 4016 1480 4067 ettamen
1497 4010 1576 4068 multi
1596 4031 1648 4069 non

905 4097 1025 4157 dedunt.
1051 4095 1156 4157 Deinde
1178 4097 1330 4157 doctrinam
1356 4098 1468 4180 incipit,
1489 4115 1514 4160 et
1546 4103 1648 4164 Judaeis

905 4211 981 4250 eumn
992 4201 1080 4249 servat
1095 4189 1274 4248 nobilitatem.
1293 4193 1429 4266 Verbum,
1446 4192 1545 4272 inquit,
1570 4202 1650 4277 quod

905 4287 985 4342 misit
999 4283 1081 4341 Deus
1097 4283 1177 4364 filiis
1196 4283 1303 4356 Israel,
1317 4290 1502 4347 annuntians
1521 4310 1646 4368 pacem:

905 4377 954 4434 Ιιίο
977 4388 1020 4435 est
1049 4378 1179 4433 omnium
1201 4375 1358 4434 Dominus.
1373 4377 1464 4437 Ptimo
1476 4378 1511 4438 de
1526 4382 1647 4443 domina-

905 4468 977 4529 tione
986 4469 1044 4549 ejus
1064 4467 1196 4546 loquitur,
1219 4465 1421 4548 admodumque
1435 4472 1598 4555 sublimiter,
1618 4492 1648 4535 ut

904 4563 1011 4640 licebat3
1025 4563 1160 4641 quiscum
1180 4561 1289 4621 homine
1313 4585 1399 4623 senno
1423 4581 1490 4640 erat,
1519 4571 1567 4647 qui
1589 4573 1647 4649 jam

905 4656 1030 4716 sublimis
1044 4657 1164 4733 effeetus,
1185 4654 1310 4715 audenter
1327 4657 1417 4716 omnia
1440 4660 1476 4718 ul)
1498 4683 1526 4721 se
1550 4663 1648 4722 traditu

905 4749 1086 4829 suscipiebat:
1101 4747 1199 4807 deinde
1221 4748 1348 4829 pmbans,
1366 4752 1500 4834 quomodo
1526 4757 1648 4816 omnium

905 4842 1039 4902 Dominus
1048 4855 1125 4914 esset,
1138 4841 1233 4922 adjicit
1245 4865 1252 4899 ν
1266 4844 1352 4921 Quod
1360 4848 1438 4904 misit
1450 4853 1632 4911 numantinus
1636 4877 1648 4922 ,·

907 4936 938 4995 id
946 4949 996 5013 est,
1007 4934 1042 4994 ad
1053 4936 1123 4995 bona
1135 4956 1243 5012 vocans,
1255 4955 1308 4994 non
1314 4935 1451 5015 judicium
1468 4939 1605 5001 inducens.

892 5114 961 5166 Edit?
974 5131 1061 5165 omnes
1070 5115 1210 5181 memorem]

926 5196 938 5234 ί·
951 5200 979 5253 ὡς
990 5203 1040 5255 ἐνῆν
1051 5191 1121 5243 deest
1134 5195 1159 5244 in
1172 5188 1322 5256 quibusdam
1336 5191 1393 5242 Mes.
1458 5222 1463 5232 ·
