3728 5978
560 527 595 574 ru
623 524 731 574 auter.
759 523 811 605 ,uu¹
832 523 915 570 non.
944 521 1063 570 noun.
1091 521 1140 570 ιν.
1553 495 1623 595 495

54 650 247 733 δμαμτιίμασιν
263 657 281 723 ἡ
298 648 372 731 ψυχὴ
388 650 488 727 μᾶλλον
501 649 547 708 καλ
568 644 827 728 καταισχύνεται,ἢ
882 644 985 726 patitur
1007 657 1033 704 et
1051 644 1150 702 rubore
1170 641 1338 704 suffunditur
1361 641 1389 700 iu
1407 640 1532 723 peccatis,
1549 661 1631 722 quam

54 745 86 804 τδ
104 746 185 822 σῶμα
199 746 226 803 ἐν
241 748 295 809 τοῖς
312 741 454 818 νοσήμασι.
474 739 532 801 Θέα
546 738 575 799 δὲ
588 743 646 808 πῶς
669 737 762 806 αύτούς
783 736 829 798 καλ
845 753 865 802 c
883 758 981 818 eorpus
991 735 1239 798 ininfirmitatibus.
1251 733 1487 816 Perpendeautem
1498 733 1633 814 quomodo

54 838 167 895 ἐνταῦθα
181 830 339 914 συγγνώμης
361 835 517 914 ἀποστερεῖ,
530 832 650 912 καθάπερ
662 832 706 891 tet
718 835 772 891 τῶν
785 831 829 888 δο-
880 829 928 888 bic
941 828 997 888 illis
1008 829 1116 889 veniam
1127 827 1252 907 deneget,
1266 826 1380 908 perinde
1390 840 1472 905 atque
1485 826 1512 884 in
1521 825 1633 906 dogma·

55 924 182 1007 γμάτων,
200 924 245 984 ἐπί
264 922 312 1002 μὲν
331 926 383 982 τῶν
408 926 520 995 θηλειῶν
540 922 639 995 εἰπὼν,
653 920 829 1009 Μρταίλλαξαν
881 920 956 980 tibus
962 943 971 997 3
983 920 1017 981 de
1025 921 1186 982 mulieribus
1197 920 1307 1001 quidem
1318 918 1411 978 diceus
1422 941 1429 975 ι
1441 920 1634 979 Μαιανσιιιπι

55 1018 103 1090 τὴν
119 1017 231 1098 φυσικὴν
246 1020 352 1097 χρῆσιν.
367 1017 408 1075 Οὐ
427 1013 479 1095 γάρ
493 1015 549 1096 ἔχει
564 1038 605 1082 τις
619 1018 700 1074 εἰπεῖν
708 1060 716 1088 ,
737 1013 830 1095 φησίν,
886 1015 1054 1074 naturalem
1069 1036 1164 1075 usum.
1180 1016 1239 1074 Non
1254 1013 1327 1074 enim
1339 1012 1429 1071 dicere
1442 1025 1574 1092 possunt,
1589 1012 1633 1071 iu-

56 1111 97 1169 ὅτι
118 1112 278 1169 κωλυθεῖσαι
298 1113 346 1180 τῆς
366 1106 436 1167 κατδ
456 1106 536 1185 νόμον
558 1106 666 1185 μίξεως,
689 1106 733 1165 ἐπὶ
754 1110 831 1165 τοῦτο
885 1107 955 1185 quit,
976 1127 1004 1165 se
1016 1107 1168 1187 prohibitas
1185 1107 1221 1166 ab
1241 1127 1272 1166 eo
1283 1150 1292 1182 ,
1320 1104 1368 1183 qui
1383 1104 1531 1164 secundum
1544 1105 1633 1184 legem

56 1195 147 1274 ἦλθον,
161 1200 215 1260 οὔθ’
227 1199 268 1260 ὅτι
281 1203 329 1259 οὐκ
340 1199 451 1280 ἔχουσαι
461 1198 510 1271 τὴν
523 1198 663 1277 ἐπιθυμίαν
680 1199 830 1278 πληρῶσαι,
886 1213 934 1276 est,
948 1199 1031 1274 coitu,
1044 1198 1081 1258 ad
1094 1199 1146 1258 hoe
1158 1197 1317 1280 processisse
1325 1219 1334 1272 3
1349 1217 1435 1274 neque
1447 1217 1483 1273 se,
1503 1216 1566 1255 cum
1580 1216 1633 1255 uon

57 1295 124 1375 πρδς
147 1292 196 1366 τλν
219 1292 359 1352 ἀλλόκοτον
379 1291 480 1364 ταύτην
500 1291 600 1350 λύσσαν
621 1288 782 1359 ἐξώκειλαν·
801 1289 832 1349 τὸ
885 1304 993 1370 possent
1013 1288 1254 1371 concupiscentiam
1270 1308 1347 1347 suam
1368 1286 1489 1369 implere,
1510 1286 1549 1346 ad
1564 1287 1634 1370 bauo

57 1387 109 1465 γὰρ
131 1383 294 1464 μεταλλάξαι
314 1386 367 1443 τῶν
390 1382 503 1463 ἐχόντων
529 1382 618 1444 ἐστίν·
633 1380 699 1463 ὅπερ
719 1382 765 1442 καὶ
788 1380 832 1442 ἐπὶ
886 1381 1000 1441 alienam
1022 1381 1126 1441 rabiem
1147 1381 1307 1462 impegisse:
1321 1400 1384 1439 uam
1409 1379 1523 1439 mutatio
1540 1399 1633 1438 uorum

55 1482 109 1537 τῶν
122 1475 263 1556 δογμάτων
283 1475 467 1554 διαλεγόμενος
480 1474 573 1553 ἔλεγε·
588 1473 810 1547 Μετάλλαξαν
782 1497 831 1545 την
886 1489 935 1551 est,
950 1476 997 1554 qui
1013 1477 1071 1555 jam
1093 1488 1202 1536 teuent:
1216 1472 1288 1553 quod
1310 1472 1390 1532 etiam
1410 1471 1444 1531 de
1459 1471 1633 1551 dogmatibus

58 1569 184 1641 ἀλήθειαν
198 1591 245 1626 του
228 1569 329 1627 Θεοῦ
344 1569 420 1625 lu*
384 1591 423 1646 τῳ
436 1566 533 1646 ψεύδει.
548 1566 614 1626 Ἐπί
633 1565 717 1625 δδ”
682 1590 734 1625 των
754 1563 832 1646 rippl-
886 1567 998 1673 loquens
1031 1566 1167 1627 dicebat:
1161 1569 1375 1626 ·Mutaverunt
1395 1569 1552 1624 veritatem
1575 1565 1634 1623 Dei

57 1684 110 1720 νων
121 1660 202 1720 πάλιν
217 1658 312 1738 ίτερως
326 1658 398 1717 ιδ’
370 1681 434 1717 αυτο
421 1658 588 1732 ἐδήλωσεν,
600 1656 700 1717 εῑπων
713 1656 831 1737 Ἇῳίντες
848 1669 868 1715 1)
887 1662 920 1716 in
943 1660 1137 1718 mendacium
1168 1660 1210 1716 De
1228 1657 1356 1716 masculis
1375 1677 1439 1716 vero
1461 1677 1556 1715 rursus
1578 1655 1633 1716 alio

58 1751 107 1825 τὴν
117 1749 230 1865 φυσικὴν
241 1755 337 1830 χρῆσιν
349 1754 396 1821 τῆς
407 1749 520 1862 θῃλείας.
531 1748 606 1809 Και·
611 1747 708 1827 ὁμοίως
719 1748 832 1817 ἐκείναις
878 1748 1090 1830 modoidipsum
1098 1749 1271 1830 significavit,
1279 1749 1371 1809 dicens
1381 1751 1633 1808 :Relictonatura-

58 1844 105 1902 καὶ
127 1842 233 1908 τούτους
254 1841 378 1902 ἐκύάλλει
396 1839 484 1912 πάσης
502 1839 661 1922 ἀπολογίας,
676 1845 831 1990 κατηγορῶν
888 1845 911 1902 tt
932 1863 987 1902 usu
999 1845 1138 1926 seminar.
1161 1843 1224 1903 Pari
1244 1841 1326 1902 modo
1344 1841 1387 1901 his
1408 1855 1433 1900 et
1450 1841 1506 1900 illis
1526 1840 1633 1900 nullum

59 1937 157 2006 αὐτῶν,
171 1936 201 1992 οὐ
216 1933 293 2012 μόνον
309 1934 349 1991 ύτι
366 1923 437 2013 ε’ίχον
451 1931 604 2002 ἀπολαυσιν,
618 1933 664 1991 καὶ
676 1934 712 2013 ἀφ
713 1929 783 1998 ἐντες
778 1931 830 2003 ἣν
886 1935 1014 2016 relinquit
1031 1956 1087 1993 sese
1106 1932 1242 2016 purgandi
1263 1931 1394 1993 modum:
1387 1953 1532 1992 accusans
1551 1932 1630 2004 illos,

59 2019 142 2142 εθγον,
156 2030 198 2087 ἐπ’
212 2028 294 2100 ἀλλην
309 2018 399 2099 ἦλθον,
409 2027 467 2086 ἀλλ’
481 2026 522 2084 ότι
537 2025 585 2098 τὴν
600 2025 714 2087 κατδ’
682 2027 829 2105 quondu-
886 2049 939 2088 non
952 2028 1033 2087 modo
1048 2027 1123 2107 quod
1140 2048 1220 2086 suum
1236 2027 1363 2086 habentes
1376 2024 1483 2085 fruendi
1498 2015 1631 2098 moduni,

59 2119 207 2197 μύσαντες,
224 2120 269 2177 ἐπλ
287 2119 336 2191 τὴν
358 2117 432 2195 παρὰ
454 2117 531 2197 φύσιν
546 2116 669 2200 ἔδραμον.
689 2114 832 2176 Δυσκολίι-
887 2121 935 2181 illo
955 2121 1048 2180 relicto
1068 2119 1105 2180 ad
1123 2120 1209 2179 alium
1225 2119 1379 2196 venisseut3
1402 2118 1542 2178 sedetiam
1558 2116 1634 2197 quod

59 2237 124 2294 τερα
143 2212 171 2273 δὲ
191 2212 225 2272 τδ
243 2213 317 2293 παρὰ
339 2211 416 2292 φύσιν
439 2234 473 2270 κα
473 2208 704 2289 λάηδέστερα,”
685 2232 754 2268 ωστε
772 2210 819 2269 οὐδ
805 2207 832 2268 δέ
859 2243 863 2245 -
887 2227 975 2293 spreto
989 2213 1046 2288 illo,
1064 2234 1110 2290 qur
1104 2211 1273 2272 secundum
1284 2225 1406 2270 naturam
1418 2223 1486 2286 erat,
1499 2208 1535 2270 ad
1547 2210 1642 2271 alium·

58 2303 155 2376 ἡδονλν
166 2303 197 2363 ἂν
211 2304 296 2383 ίχοιιν
312 2306 394 2362 εἰπεῖν
407 2327 413 2338 ·
428 2307 445 2374 ἡ
461 2301 513 2382 γάρ
530 2301 626 2380 γνησία
637 2299 747 2375 ἡδονὴὴ
763 2299 832 2360 κατδ
887 2317 979 2364 contra
1001 2319 1126 2365 naturam
1149 2305 1332 2384 confugerent.
1356 2302 1519 2363 Difficilium
1542 2316 1634 2362 autem

59 2397 137 2509 qduuu
160 2394 248 2455 ἐστίν·
262 2397 320 2455 ἀλλ’
335 2394 398 2454 ὅταν
413 2399 427 2453 θ
446 2396 515 2460 Θεὸς
536 2393 720 2508 ἐγκατριλίπῃ,
743 2392 832 2452 πάντα
888 2412 914 2455 et
923 2391 1070 2476 ingratiora
1081 2411 1143 2456 sunt
1157 2396 1203 2455 illa
1216 2409 1307 2455 contra
1317 2409 1461 2473 naturam3
1487 2395 1523 2454 ita
1536 2408 1633 2454 utnon

60 2489 115 2547 ἄνω
129 2487 224 2546 καθ’
190 2511 263 2547 κατω
276 2487 386 2565 γίνεται.
405 2486 457 2546 Διδι
470 2486 629 2546 τουτοούτδ
642 2485 728 2566 δόγμα
745 2490 832 2553 αὐτοῖς
887 2491 991 2571 possint
1011 2492 1177 2573 voluptatem
1193 2489 1376 2573 praetendere:
1390 2491 1509 2570 genuina
1532 2489 1634 2572 quippe

60 2580 201 2641 σατσνικὸν
224 2578 302 2657 μόνον
327 2570 375 2653 ἦν,
398 2578 466 2638 ἀλλὰ
490 2578 535 2636 καί
555 2582 569 2636 ὁ
592 2578 647 2657 βίος
673 2578 831 2644 διαύολικύς
848 2586 1031 2666 Evoluptas,
1047 2585 1195 2645 secundum
1208 2600 1333 2644 naturam
1348 2598 1406 2662 est3
1398 2583 1544 2644 ·sedcum
1557 2586 1634 2644 Deus

59 2670 128 2732 Ὅτε
138 2663 226 2751 pluqr
195 2696 240 2733 ουν
251 2695 311 2752 περι
301 2671 458 2751 δογμάτων
477 2670 659 2752 διελέγετο,
634 2695 679 2732 τον
687 2673 785 2752 κόσμον
796 2675 832 2740 εἰς
886 2675 1065 2757 derelinquit,
1079 2678 1169 2737 omnin
1180 2699 1225 2737 sus
1237 2676 1325 2756 deque
1338 2690 1490 2737 vertuntur.
1502 2676 1632 2736 λύσουσι

61 2762 413 2841 μάσονέδηκεκαλθτλνδ’
387 2762 574 2834 ιανοιαντλν’
559 2786 590 2822 αν
593 2763 735 2845 θριαιιίνην,
741 2762 830 2837 εἰπὼν,
886 2769 985 2850 dogma
999 2784 1102 2831 tantum
1116 2771 1237 2852 ipsorum
1250 2785 1398 2830 satanicum
1409 2782 1481 2845 erat
1494 2768 1632 2828 sedetiam

59 2856 150 2914 ύτι’“
117 2880 150 2934 τῃ
170 2857 272 2915 συνέσει
292 2879 325 2933 τῃ
308 2854 472 2934 παρδτου
490 2857 559 2916 Θεοῦ
586 2856 712 2936 δεδομένῃ
726 2857 814 2917 ιδ
779 2880 831 2915 των
887 2863 944 2924 uita
962 2863 1106 2923 diabolica.
1123 2863 1217 2923 Cum
1209 2877 1294 2943 igitur
1306 2862 1340 2920 de
1356 2861 1530 2966 dogaptibus
1546 2859 1633 2920 disse-

60 2946 681 3029 ὅρωνννωνῆδνναντθινῑραιωιιθηναῑπρνι
657 2972 701 3007 τον
709 2950 833 3028 δημιουρ
887 2969 974 3026 reret,
994 2955 1126 3016 mundum
1139 2969 1165 3015 et
1178 2955 1325 3014 humanam
1339 2952 1476 3017 mentelii
1469 2973 1496 3011 ιιι
1511 2951 1632 3012 medium

60 3040 123 3118 pv
139 3030 195 3099 Εἶτα
206 3037 243 3116 μθ
258 3037 437 3117 Maltino
448 3037 554 3114 ἔμειναν
568 3037 758 3118 ἅσῦγγνωστον
772 3040 833 3100 Ἔν·
887 3047 996 3122 attulit,
1015 3047 1107 3107 ducens
1119 3069 1153 3107 er
1170 3045 1315 3128 prudentia
1328 3068 1344 3105 a
1358 3047 1415 3105 Deo
1428 3044 1480 3104 sibi
1493 3042 1555 3104 data
1559 3064 1632 3126 ,po-

61 3136 148 3191 ταῦθα
167 3131 195 3191 δὲ
216 3131 274 3190 ἀντὶ
289 3154 335 3190 του
352 3129 451 3207 κόσμου
470 3131 518 3201 τὴν
539 3154 608 3190 κατα
623 3131 734 3211 φύσιντ
718 3132 832 3192 τέθεικεν
888 3141 969 3201 tuisse
988 3139 1110 3201 homines
1124 3160 1172 3220 per
1185 3138 1307 3201 visssrilia
1325 3137 1362 3197 ad
1375 3138 1528 3196 Creatorem
1543 3136 1631 3197 ducit

61 3215 240 3299 fidos-Meti
223 3222 350 3295 ἠδύναντο
362 3222 480 3301 μιτδι”
448 3221 536 3290 αοείας
556 3224 673 3292 πλείονος
686 3225 833 3285 ἀπολαύω·
888 3229 1041 3308 deindeque
1061 3228 1200 3300 uolentes,
1230 3228 1309 3289 venia
1337 3226 1465 3307 indiguos
1490 3225 1630 3287 mansisse.

60 3341 104 3385 ες
116 3315 162 3376 και
177 3316 339 3394 μείζονος
306 3340 354 3388 της
369 3315 540 3395 εὐφροσύνης,
535 3318 727 3466 ἀπηλλάχθαι
740 3317 834 3400 αἰσχύ·
888 3322 941 3381 Hic
971 3333 1061 3381 autem
1086 3320 1183 3380 mundi
1208 3321 1266 3380 loco
1292 3320 1471 3401 voluptatem,
1500 3339 1561 3398 qure
1590 3340 1632 3378 se

63 3431 128 3481 νης·
142 3410 239 3467 ἀλλ”
214 3433 260 3469 ουκ
270 3407 402 3481 ηθέλησαν
414 3407 460 3468 ’ὅθ
448 3415 488 3467 θεν
500 3408 546 3467 καί
560 3408 718 3489 συγγνωμης
728 3412 834 3482 απασης
843 3467 879 3509 ω
889 3414 1007 3474 cundum
1028 3428 1153 3474 naturam
1173 3426 1222 3489 est,
1240 3412 1340 3493 posuit,
1363 3434 1417 3491 qua
1435 3424 1557 3494 poterant
1570 3432 1633 3475 cunt

63 3501 130 3562 εἰσὶν
144 3500 217 3569 teet<
230 3501 276 3561 καὶ
291 3502 326 3567 εἰς
340 3499 421 3574 αὖε-δν
435 3500 483 3572 τὴν
506 3501 581 3580 φύσιν
602 3502 774 3582 ύύρίσαντες·
789 3501 835 3563 καλ
853 3527 872 3574 ,ι
888 3505 1013 3566 libertate
1031 3527 1063 3566 ac
1083 3505 1180 3586 majori
1200 3503 1294 3563 latitia
1307 3503 1370 3580 frui,
1385 3518 1464 3583 atque
1479 3525 1495 3563 a
1510 3503 1633 3585 turpitu-

63 3595 95 3653 τὸ
108 3592 141 3666 δὴ
155 3593 255 3653 τούτων
273 3594 428 3674 ἀτιμότερον
436 3639 444 3666 ,
458 3593 521 3653 ὅταν
536 3593 582 3653 καὶ
601 3603 723 3673 γυναῖκες
737 3595 836 3664 ταύτας
889 3598 955 3659 dine
964 3598 1072 3659 liberari
1082 3622 1092 3676 3
1104 3598 1153 3658 sed
1166 3598 1310 3658 noluerunt
1318 3620 1327 3673 3
1339 3595 1411 3658 uude
1420 3598 1455 3656 ab
1468 3596 1541 3656 omni
1555 3596 1634 3658 venia

64 3688 210 3758 ἐπιζητῶσι
233 3685 280 3754 τδς
295 3685 390 3763 μίξεις,
408 3685 438 3752 θς
462 3687 563 3766 ἀνδρῶν
586 3689 685 3764 μᾶλλον
707 3687 836 3746 αἰδεῖσθαι
891 3691 993 3751 exclusi
1001 3705 1073 3768 sunt,
1083 3691 1169 3772 ipsam
1177 3703 1302 3748 naturam
1312 3687 1634 3766 dehonestantesrquod-

64 3782 156 3858 ἔιρῆν·
169 3778 254 3847 Ἄξιον
269 3778 296 3838 δὲ
316 3778 450 3855 θαυμάσαι
464 3778 509 3837 καλ
529 3781 640 3838 ἐνταῦθα
659 3784 706 3838 τοῦ
726 3778 835 3839 Παύλου
891 3805 943 3862 que
965 3784 1072 3865 turpius
1099 3796 1147 3859 est,
1166 3802 1227 3840 curn
1241 3779 1405 3840 etmulieres
1424 3802 1468 3840 eos
1481 3793 1636 3861 appeterent
1671 3851 1676 3861 .

64 3870 114 3943 τὴν
128 3871 246 3944 σύνεσιν,
267 3875 325 3938 πῶς
338 3873 374 3938 εἷς
389 3869 433 3929 δύο
449 3869 594 3951 πράγματα
616 3869 738 3949 ἐμπεσὼν
760 3872 835 3929 ἐναν-
892 3876 990 3949 coitus,
1014 3896 1081 3954 quos
1100 3893 1164 3933 cum
1181 3874 1276 3953 majori
1297 3871 1400 3954 pudore
1414 3872 1491 3933 adire
1502 3894 1552 3953 par
1563 3885 1635 3949 erat,

64 3963 126 4037 τία,
142 3963 279 4045 ἀμφύτερα
297 3963 377 4034 ἤνυσε
389 3961 457 4041 μετδ
470 3963 558 4035 πάσης
578 3962 721 4044 ἀκριόείας.
738 3962 836 4023 ’Esou
892 3987 973 4045 quam
984 3967 1077 4026 sicum
1088 3963 1157 4024 uiris
1171 3964 1304 4023 coiisseut.
1320 3964 1371 4023 llic
1384 3985 1449 4026 uero
1458 3963 1636 4023 admiratione

65 4060 126 4115 λετο
136 4054 188 4136 γάρ
200 4055 245 4115 καί
257 4059 359 4133 σεμνῶς
373 4059 465 4129 εἰπεῖν,
476 4055 521 4115 καὶ
536 4057 623 4114 δακεῖν
634 4054 678 4114 τὸν
689 4056 836 4137 ἀκροατήν·
894 4057 977 4137 digua
997 4071 1036 4117 est
1054 4056 1134 4115 Pauli
1147 4056 1299 4137 prudentia,
1313 4078 1367 4135 quo
1383 4070 1462 4137 pacto
1476 4077 1539 4115 cum
1553 4056 1580 4115 iu
1594 4076 1637 4116 τοι

63 4154 149 4208 ταῦτα
164 4149 191 4209 δὲ
206 4147 323 4231 dpqdrep
325 4173 342 4205 α
355 4152 401 4208 οὐκ
415 4151 486 4223 ἐνῆν,
500 4146 567 4207 ἀλλά
581 4146 688 4227 θάτερον
703 4148 837 4225 ἐμποδίζει
891 4148 960 4208 duas
966 4147 1255 4222 contrariasiucideret,
1266 4161 1407 4227 utramque
1414 4169 1474 4208 cum
1483 4147 1556 4209 omui
1563 4168 1638 4207 acon·

64 4241 177 4322 θατέρῳ.
192 4237 283 4301 ‘'Au
254 4265 302 4319 μεν
323 4241 375 4321 γάρ
396 4264 499 4318 σεμνως
522 4239 611 4320 εἴπῃς,
626 4243 655 4299 οὐ
672 4238 772 4318 δυνήσῃ
788 4263 837 4299 κα·
891 4242 995 4302 ratione
1008 4241 1157 4322 perfecerit.
1172 4241 1291 4303 Volebat
1305 4241 1376 4301 enim
1390 4255 1417 4301 et
1430 4254 1501 4301 caste
1514 4241 1598 4319 loqui,
1611 4253 1638 4301 et

64 4334 407 4402 θικέσθαιτοῦάκούοντος·
422 4333 510 4395 ἐάνδὲ
498 4333 838 4415 ὲβουληθῇςκαθάψασθαι
893 4335 1016 4394 mordere
1028 4333 1201 4393 auditorem
1215 4334 1272 4392 baec
1286 4348 1376 4393 autern
1388 4335 1468 4393 ambo
1486 4335 1576 4394 lucere
1584 4354 1637 4393 nou

63 4428 228 4507 eqolpr'iest
213 4427 329 4507 αναγκην
341 4427 411 4507 εγεις
426 4429 617 4504 ἀπογυμνῶσαι
631 4425 838 4505 οαρέστεραντδ
891 4427 1001 4504 licebat,
1019 4425 1065 4486 sed
1076 4427 1191 4486 alterum
1203 4426 1280 4486 alteru
1289 4427 1433 4486 officiebat
1445 4427 1474 4488 Su
1486 4449 1558 4487 enum
1568 4421 1639 4487 caste
1690 4434 1789 4541 tribune

63 4518 214 4597 λεγόμενον.
227 4521 295 4579 Ἀλλ’
310 4518 433 4591 ἡσυνιτλ
447 4543 483 4577 κα
483 4518 570 4597 ιδγία
587 4517 660 4629 ψυγὴ
677 4518 837 4599 μετδάκρι-
856 4522 1084 4600 Bloquaris,non
1097 4521 1199 4602 poteris
1213 4520 1391 4602 perstringere
1411 4520 1618 4598 auditorem3
1595 4507 1697 4602 suum:¹
1697 4512 1786 4601 w,

65 4610 139 4676 θείας
154 4611 291 4690 ἀμφύτερα
304 4611 427 4691 ἴσχυσεν,
445 4613 521 4668 ἐν
486 4634 524 4668 τω
544 4614 592 4680 τῆς
606 4608 709 4689 ρύσεως
726 4608 838 4688 ὀνόματι
892 4614 961 4673 velis
971 4613 1157 4674 vehementer
1149 4634 1288 4689 incessere,
1300 4637 1366 4690 rem,
1378 4637 1460 4694 qnam
1468 4614 1555 4690 ducis,
1566 4612 1638 4674 nude
1648 4621 1700 4665 rent
1703 4636 1724 4664 ν·

64 4703 110 4762 καλ
127 4703 176 4775 τλν
190 4701 351 4815 κατηγορίαν
365 4702 489 4816 αὐξήσας,
503 4699 582 4760 καλ
564 4724 654 4780 ωσπερ
676 4701 836 4781 παραπετά-
892 4715 918 4761 et
926 4703 1241 4784 etareproterreco,er1s
1258 4704 1638 4785 Verumpmdeusillaetsan·

64 4795 150 4873 σματί
162 4819 214 4853 τινι
227 4793 311 4874 ταύτῃ
330 4794 497 4876 χρησάμενος
511 4796 547 4860 εἰς
559 4793 589 4852 τδ
603 4792 697 4870 σεμνὸν
713 4798 760 4866 τῆς
776 4796 837 4865 διη-
892 4810 934 4856 cta
946 4796 1035 4856 anima
1046 4810 1192 4874 utrumqne
1199 4810 1287 4878 potunt
1298 4817 1360 4856 cum
1368 4810 1536 4856 accuratione
1543 4796 1639 4871 lacere,

64 4886 177 4967 γησεως
196 4875 316 4945 Εἶτα
280 4910 333 4944 των
354 4909 485 4966 γνναννννν
504 4885 689 4965 καθαψάμενος
701 4884 837 4965 πρότερον,
892 4886 1641 4968 innaturaenomineetaccusationemaugcns,etquasiin.
1709 4878 1714 4886 ⁵

65 4978 112 5037 καλ
124 4978 169 5037 ἐπι
184 4977 244 5044 τους
255 4978 351 5060 ανορας
366 4976 485 5057 πρόεισι,
497 4976 601 5055 λέγων
615 4974 778 5053 Ομυίονςδὲ
792 4979 838 5038 καλ
891 4983 1003 5043 volucro
1014 4980 1131 5060 quodam
1142 4980 1190 5040 illo
1200 4995 1285 5054 utens
1299 4994 1425 5040 utcastus
1436 4995 1503 5040 esset
1514 4980 1641 5060 loquendi

66 5074 90 5130 οί
105 5072 227 5152 ἀῤῥενες,
239 5070 347 5150 ἀφέντες
359 5069 407 5142 τὴν
422 5068 533 5149 φυσικὴν
548 5093 644 5149 χρησιν
657 5073 704 5142 τῆς
717 5072 837 5141 θηλείας·
892 5074 999 5133 modus.
1021 5072 1126 5133 Deinde
1140 5087 1283 5154 postquam
1297 5072 1424 5132 mulieres
1441 5073 1561 5154 primum
1575 5095 1641 5155 pcr-

103 5282 112 5304 ·
131 5266 202 5316 Unus
216 5271 297 5332 δμοίως
309 5273 401 5327 ἐκείνας,
914 5272 927 5308 l·
946 5269 984 5322 ΑΙ.
997 5279 1037 5331 τὴν
1049 5275 1141 5337 δύναμιν
1154 5278 1194 5331 τὴν
1207 5275 1354 5338 ἀνθρωπίνην.
