<?xml version="1.0" encoding="UTF-8"?>
<!DOCTYPE html PUBLIC "-//W3C//DTD XHTML 1.0 Transitional//EN"
    "http://www.w3.org/TR/xhtml1/DTD/xhtml1-transitional.dtd">
<html xmlns="http://www.w3.org/1999/xhtml" xml:lang="en" lang="en">
 <head>
  <title>
</title>
<meta http-equiv="Content-Type" content="text/html;charset=utf-8" />
  <meta name='ocr-system' content='tesseract 3.04.00' />
  <meta name='ocr-capabilities' content='ocr_page ocr_carea ocr_par ocr_line ocrx_word'/>
</head>
<body>
  <div class='ocr_page' id='page_1' title='image "./sanctipatrisnos01chrygoog/sanctipatrisnos01chrygoog_0430.png"; bbox 0 0 3728 5978; ppageno 0'>
   <div class='ocr_carea' id='block_1_1' title="bbox 494 456 1628 536">
    <p class='ocr_par' dir='ltr' id='par_1_1' title="bbox 494 456 1628 536">
     <span class='ocr_line' id='line_1_1' title="bbox 494 456 1628 536; baseline 0.007 -22"><span class='ocrx_word' id='word_1_1' title='bbox 494 465 527 514; x_wconf 90' lang='grc' dir='ltr'>ιιι</span> <span class='ocrx_word' id='word_1_2' title='bbox 554 464 642 522; x_wconf 76' lang='lat' dir='ltr'><strong>aare</strong></span> <span class='ocrx_word' id='word_1_3' title='bbox 670 463 925 515; x_wconf 77' lang='grc' dir='ltr'>ιιοοιυιοιιυιι.</span> <span class='ocrx_word' id='word_1_4' title='bbox 953 465 1073 517; x_wconf 85' lang='lat' dir='ltr'><strong>nonu.</strong></span> <span class='ocrx_word' id='word_1_5' title='bbox 1100 469 1220 518; x_wconf 82' lang='lat' dir='ltr'><strong>xnvur.</strong></span> <span class='ocrx_word' id='word_1_6' title='bbox 1566 456 1628 536; x_wconf 73' lang='lat' dir='ltr'><strong>dor</strong></span> 
     </span>
    </p>
   </div>
   <div class='ocr_carea' id='block_1_2' title="bbox 62 596 1635 774">
    <p class='ocr_par' dir='ltr' id='par_1_2' title="bbox 62 596 1635 774">
     <span class='ocr_line' id='line_1_2' title="bbox 62 596 1635 686; baseline 0.003 -29"><span class='ocrx_word' id='word_1_7' title='bbox 62 598 201 680; x_wconf 81' lang='grc' dir='ltr'>ταράττῃ,</span> <span class='ocrx_word' id='word_1_8' title='bbox 220 597 267 658; x_wconf 80' lang='grc' dir='ltr'>καί</span> <span class='ocrx_word' id='word_1_9' title='bbox 284 597 379 678; x_wconf 78' lang='grc' dir='ltr'>ὄνειροι</span> <span class='ocrx_word' id='word_1_10' title='bbox 392 596 437 656; x_wconf 78' lang='grc' dir='ltr'>καί</span> <span class='ocrx_word' id='word_1_11' title='bbox 453 596 561 676; x_wconf 74' lang='grc' dir='ltr'>ῥήματα</span> <span class='ocrx_word' id='word_1_12' title='bbox 584 598 630 657; x_wconf 81' lang='grc' dir='ltr'>καί</span> <span class='ocrx_word' id='word_1_13' title='bbox 645 597 775 679; x_wconf 68' lang='grc' dir='ltr'>σχήματα</span> <span class='ocrx_word' id='word_1_14' title='bbox 792 598 838 659; x_wconf 78' lang='grc' dir='ltr'>καὶ</span> <span class='ocrx_word' id='word_1_15' title='bbox 891 619 1060 680; x_wconf 82' lang='lat' dir='ltr'><strong>rumpamus.</strong></span> <span class='ocrx_word' id='word_1_16' title='bbox 1083 602 1154 660; x_wconf 82' lang='lat' dir='ltr'>Nam</span> <span class='ocrx_word' id='word_1_17' title='bbox 1169 600 1192 660; x_wconf 85' lang='lat' dir='ltr'>si</span> <span class='ocrx_word' id='word_1_18' title='bbox 1216 621 1269 660; x_wconf 89' lang='lat' dir='ltr'>nou</span> <span class='ocrx_word' id='word_1_19' title='bbox 1283 612 1350 661; x_wconf 84' lang='lat' dir='ltr'><strong>esset</strong></span> <span class='ocrx_word' id='word_1_20' title='bbox 1368 620 1457 682; x_wconf 71' lang='lat' dir='ltr'><strong>poena,</strong></span> <span class='ocrx_word' id='word_1_21' title='bbox 1482 623 1537 683; x_wconf 79' lang='lat' dir='ltr'>qua</span> <span class='ocrx_word' id='word_1_22' title='bbox 1556 625 1635 686; x_wconf 77' lang='lat' dir='ltr'><strong>poena</strong></span> 
     </span>
     <span class='ocr_line' id='line_1_3' title="bbox 63 687 1632 774; baseline 0.004 -24"><span class='ocrx_word' id='word_1_23' title='bbox 63 689 176 769; x_wconf 60' lang='lat' dir='ltr'><strong>inopiam</strong></span> <span class='ocrx_word' id='word_1_24' title='bbox 189 688 296 762; x_wconf 75' lang='grc' dir='ltr'>ἅπλῶς,</span> <span class='ocrx_word' id='word_1_25' title='bbox 311 687 376 749; x_wconf 81' lang='grc' dir='ltr'>πότε</span> <span class='ocrx_word' id='word_1_26' title='bbox 387 687 527 761; x_wconf 82' lang='grc' dir='ltr'>δυνήσεται</span> <span class='ocrx_word' id='word_1_27' title='bbox 539 691 575 756; x_wconf 86' lang='grc' dir='ltr'>είς</span> <span class='ocrx_word' id='word_1_28' title='bbox 589 689 685 761; x_wconf 70' lang='grc' dir='ltr'>ἑαυτὴν</span> <span class='ocrx_word' id='word_1_29' title='bbox 699 690 773 764; x_wconf 81' lang='grc' dir='ltr'>ἰδεῖν,</span> <span class='ocrx_word' id='word_1_30' title='bbox 789 687 838 750; x_wconf 79' lang='lat' dir='ltr'><strong>oll-</strong></span> <span class='ocrx_word' id='word_1_31' title='bbox 890 691 949 751; x_wconf 78' lang='lat' dir='ltr'><strong>ltaec</strong></span> <span class='ocrx_word' id='word_1_32' title='bbox 962 690 1072 771; x_wconf 82' lang='lat' dir='ltr'><strong>gravior</strong></span> <span class='ocrx_word' id='word_1_33' title='bbox 1084 712 1136 751; x_wconf 90' lang='lat' dir='ltr'>uon</span> <span class='ocrx_word' id='word_1_34' title='bbox 1149 692 1242 765; x_wconf 78' lang='lat' dir='ltr'><strong>suerit,</strong></span> <span class='ocrx_word' id='word_1_35' title='bbox 1257 691 1286 751; x_wconf 84' lang='lat' dir='ltr'>iu</span> <span class='ocrx_word' id='word_1_36' title='bbox 1305 692 1401 752; x_wconf 82' lang='lat' dir='ltr'><strong>timore</strong></span> <span class='ocrx_word' id='word_1_37' title='bbox 1414 713 1519 774; x_wconf 73' lang='lat' dir='ltr'><strong>suuper</strong></span> <span class='ocrx_word' id='word_1_38' title='bbox 1530 694 1632 770; x_wconf 77' lang='lat' dir='ltr'><strong>vivere,</strong></span> 
     </span>
    </p>
   </div>
   <div class='ocr_carea' id='block_1_3' title="bbox 61 777 1638 1962">
    <p class='ocr_par' dir='ltr' id='par_1_3' title="bbox 61 777 1638 1595">
     <span class='ocr_line' id='line_1_4' title="bbox 61 777 1637 863; baseline 0.005 -23"><span class='ocrx_word' id='word_1_39' title='bbox 61 805 117 848; x_wconf 90' lang='grc' dir='ltr'>τως</span> <span class='ocrx_word' id='word_1_40' title='bbox 135 777 348 863; x_wconf 75' lang='grc' dir='ltr'>ἐκτεταραγμένη</span> <span class='ocrx_word' id='word_1_41' title='bbox 369 778 416 839; x_wconf 86' lang='grc' dir='ltr'>καλ</span> <span class='ocrx_word' id='word_1_42' title='bbox 428 778 641 861; x_wconf 77' lang='grc' dir='ltr'>τεθοροδημένης</span> <span class='ocrx_word' id='word_1_43' title='bbox 656 778 770 859; x_wconf 80' lang='grc' dir='ltr'>Δάωμεν</span> <span class='ocrx_word' id='word_1_44' title='bbox 785 778 839 841; x_wconf 89' lang='grc' dir='ltr'>τοί·</span> <span class='ocrx_word' id='word_1_45' title='bbox 891 802 1040 862; x_wconf 80' lang='lat' dir='ltr'><strong>numquam</strong></span> <span class='ocrx_word' id='word_1_46' title='bbox 1063 781 1214 856; x_wconf 87' lang='lat' dir='ltr'><strong>confidere,</strong></span> <span class='ocrx_word' id='word_1_47' title='bbox 1237 802 1385 862; x_wconf 85' lang='lat' dir='ltr'><strong>numquam</strong></span> <span class='ocrx_word' id='word_1_48' title='bbox 1400 784 1557 862; x_wconf 79' lang='lat' dir='ltr'><strong>quiescere?</strong></span> <span class='ocrx_word' id='word_1_49' title='bbox 1571 787 1637 849; x_wconf 75' lang='lat' dir='ltr'><strong>Hac</strong></span> 
     </span>
     <span class='ocr_line' id='line_1_5' title="bbox 62 870 1637 954; baseline 0.006 -24"><span class='ocrx_word' id='word_1_50' title='bbox 62 896 110 932; x_wconf 89' lang='grc' dir='ltr'>νυν</span> <span class='ocrx_word' id='word_1_51' title='bbox 128 874 209 944; x_wconf 78' lang='grc' dir='ltr'>αὐτῆς</span> <span class='ocrx_word' id='word_1_52' title='bbox 221 871 252 931; x_wconf 83' lang='grc' dir='ltr'>τὸ</span> <span class='ocrx_word' id='word_1_53' title='bbox 262 870 334 945; x_wconf 86' lang='grc' dir='ltr'>δέος,</span> <span class='ocrx_word' id='word_1_54' title='bbox 347 870 569 951; x_wconf 76' lang='grc' dir='ltr'>διαρρήξωμεντδ</span> <span class='ocrx_word' id='word_1_55' title='bbox 581 870 677 950; x_wconf 89' lang='grc' dir='ltr'>δεσμά.</span> <span class='ocrx_word' id='word_1_56' title='bbox 689 872 723 933; x_wconf 81' lang='grc' dir='ltr'>Εἰ</span> <span class='ocrx_word' id='word_1_57' title='bbox 734 870 787 953; x_wconf 69' lang='grc' dir='ltr'>γάρ</span> <span class='ocrx_word' id='word_1_58' title='bbox 800 870 838 951; x_wconf 69' lang='grc' dir='ltr'>μδ</span> <span class='ocrx_word' id='word_1_59' title='bbox 891 873 981 933; x_wconf 83' lang='lat' dir='ltr'><strong>omnia</strong></span> <span class='ocrx_word' id='word_1_60' title='bbox 990 888 1114 936; x_wconf 86' lang='lat' dir='ltr'><strong>accurate</strong></span> <span class='ocrx_word' id='word_1_61' title='bbox 1124 875 1246 952; x_wconf 86' lang='lat' dir='ltr'><strong>scientes,</strong></span> <span class='ocrx_word' id='word_1_62' title='bbox 1266 875 1294 935; x_wconf 89' lang='lat' dir='ltr'>in</span> <span class='ocrx_word' id='word_1_63' title='bbox 1309 875 1505 954; x_wconf 79' lang='lat' dir='ltr'><strong>tranquillitate</strong></span> <span class='ocrx_word' id='word_1_64' title='bbox 1517 898 1566 938; x_wconf 87' lang='lat' dir='ltr'><strong>nos</strong></span> <span class='ocrx_word' id='word_1_65' title='bbox 1582 899 1637 939; x_wconf 85' lang='lat' dir='ltr'><strong>ser·</strong></span> 
     </span>
     <span class='ocr_line' id='line_1_6' title="bbox 63 954 1638 1047; baseline 0.003 -24"><span class='ocrx_word' id='word_1_66' title='bbox 63 963 173 1032; x_wconf 86' lang='grc' dir='ltr'>κόλασις</span> <span class='ocrx_word' id='word_1_67' title='bbox 195 954 239 1036; x_wconf 66' lang='grc' dir='ltr'>ἦν,</span> <span class='ocrx_word' id='word_1_68' title='bbox 265 961 343 1030; x_wconf 83' lang='grc' dir='ltr'>ποίας</span> <span class='ocrx_word' id='word_1_69' title='bbox 367 969 450 1023; x_wconf 88' lang='grc' dir='ltr'>ταῦτα</span> <span class='ocrx_word' id='word_1_70' title='bbox 472 962 605 1031; x_wconf 81' lang='grc' dir='ltr'>κολάσεως</span> <span class='ocrx_word' id='word_1_71' title='bbox 624 964 654 1023; x_wconf 84' lang='grc' dir='ltr'>οὗ</span> <span class='ocrx_word' id='word_1_72' title='bbox 677 961 839 1045; x_wconf 82' lang='grc' dir='ltr'>χείρω,θπδ</span> <span class='ocrx_word' id='word_1_73' title='bbox 892 986 997 1043; x_wconf 80' lang='lat' dir='ltr'><strong>remus,</strong></span> <span class='ocrx_word' id='word_1_74' title='bbox 1012 979 1039 1025; x_wconf 89' lang='lat' dir='ltr'>et</span> <span class='ocrx_word' id='word_1_75' title='bbox 1058 965 1188 1027; x_wconf 82' lang='lat' dir='ltr'><strong>virtutem</strong></span> <span class='ocrx_word' id='word_1_76' title='bbox 1199 965 1330 1040; x_wconf 84' lang='lat' dir='ltr'><strong>colamus,</strong></span> <span class='ocrx_word' id='word_1_77' title='bbox 1346 979 1376 1025; x_wconf 90' lang='lat' dir='ltr'>ut</span> <span class='ocrx_word' id='word_1_78' title='bbox 1392 987 1456 1027; x_wconf 86' lang='lat' dir='ltr'><strong>sana</strong></span> <span class='ocrx_word' id='word_1_79' title='bbox 1470 964 1597 1047; x_wconf 80' lang='lat' dir='ltr'><strong>dogmata</strong></span> <span class='ocrx_word' id='word_1_80' title='bbox 1611 982 1638 1029; x_wconf 90' lang='lat' dir='ltr'>et</span> 
     </span>
     <span class='ocr_line' id='line_1_7' title="bbox 63 1051 1637 1138; baseline 0.005 -25"><span class='ocrx_word' id='word_1_81' title='bbox 63 1054 139 1138; x_wconf 79' lang='grc' dir='ltr'>φόόφ</span> <span class='ocrx_word' id='word_1_82' title='bbox 151 1058 197 1136; x_wconf 79' lang='grc' dir='ltr'>ζῇν</span> <span class='ocrx_word' id='word_1_83' title='bbox 208 1055 261 1129; x_wconf 63' lang='lat' dir='ltr'><strong>tet,</strong></span> <span class='ocrx_word' id='word_1_84' title='bbox 276 1051 411 1134; x_wconf 75' lang='grc' dir='ltr'>μηδέποτε</span> <span class='ocrx_word' id='word_1_85' title='bbox 421 1057 544 1136; x_wconf 79' lang='grc' dir='ltr'>θαρρεῖν,</span> <span class='ocrx_word' id='word_1_86' title='bbox 557 1053 689 1133; x_wconf 76' lang='grc' dir='ltr'>μηδέποτε</span> <span class='ocrx_word' id='word_1_87' title='bbox 704 1053 839 1129; x_wconf 57' lang='lat' dir='ltr'><strong>dulceium</strong></span> <span class='ocrx_word' id='word_1_88' title='bbox 892 1056 978 1117; x_wconf 82' lang='lat' dir='ltr'><strong>vitam</strong></span> <span class='ocrx_word' id='word_1_89' title='bbox 998 1057 1098 1118; x_wconf 91' lang='lat' dir='ltr'><strong>bonam</strong></span> <span class='ocrx_word' id='word_1_90' title='bbox 1117 1058 1263 1132; x_wconf 86' lang='lat' dir='ltr'><strong>habentes,</strong></span> <span class='ocrx_word' id='word_1_91' title='bbox 1290 1058 1346 1118; x_wconf 91' lang='lat' dir='ltr'><strong>sine</strong></span> <span class='ocrx_word' id='word_1_92' title='bbox 1364 1058 1528 1120; x_wconf 84' lang='lat' dir='ltr'><strong>offendiculo</strong></span> <span class='ocrx_word' id='word_1_93' title='bbox 1551 1060 1637 1121; x_wconf 84' lang='lat' dir='ltr'><strong>vitam</strong></span> 
     </span>
     <span class='ocr_line' id='line_1_8' title="bbox 64 1144 1637 1234; baseline 0.004 -28"><span class='ocrx_word' id='word_1_94' title='bbox 64 1147 161 1206; x_wconf 89' lang='grc' dir='ltr'>Ταῦτα</span> <span class='ocrx_word' id='word_1_95' title='bbox 176 1144 209 1217; x_wconf 78' lang='grc' dir='ltr'>δὴ</span> <span class='ocrx_word' id='word_1_96' title='bbox 223 1145 310 1206; x_wconf 85' lang='grc' dir='ltr'>πάντα</span> <span class='ocrx_word' id='word_1_97' title='bbox 330 1144 545 1226; x_wconf 81' lang='grc' dir='ltr'>μετδάκριδείας</span> <span class='ocrx_word' id='word_1_98' title='bbox 561 1145 671 1220; x_wconf 77' lang='grc' dir='ltr'>εἰδότες,</span> <span class='ocrx_word' id='word_1_99' title='bbox 685 1147 713 1206; x_wconf 88' lang='grc' dir='ltr'>ἐν</span> <span class='ocrx_word' id='word_1_100' title='bbox 734 1144 837 1227; x_wconf 76' lang='grc' dir='ltr'>γαλήνῃ</span> <span class='ocrx_word' id='word_1_101' title='bbox 891 1164 1049 1232; x_wconf 74' lang='lat' dir='ltr'><strong>praesentem</strong></span> <span class='ocrx_word' id='word_1_102' title='bbox 1059 1151 1250 1232; x_wconf 83' lang='lat' dir='ltr'><strong>transigamus,</strong></span> <span class='ocrx_word' id='word_1_103' title='bbox 1267 1166 1293 1211; x_wconf 85' lang='lat' dir='ltr'>et</span> <span class='ocrx_word' id='word_1_104' title='bbox 1308 1152 1440 1233; x_wconf 86' lang='lat' dir='ltr'><strong>promissa</strong></span> <span class='ocrx_word' id='word_1_105' title='bbox 1459 1151 1637 1234; x_wconf 72' lang='lat' dir='ltr'><strong>diligentibus</strong></span> 
     </span>
     <span class='ocr_line' id='line_1_9' title="bbox 63 1236 1637 1324; baseline -0.001 -20"><span class='ocrx_word' id='word_1_106' title='bbox 63 1237 173 1304; x_wconf 66' lang='grc' dir='ltr'>ἑαυτοὺς</span> <span class='ocrx_word' id='word_1_107' title='bbox 193 1238 371 1318; x_wconf 68' lang='grc' dir='ltr'>δατ-ορῶμεν,</span> <span class='ocrx_word' id='word_1_108' title='bbox 387 1238 433 1298; x_wconf 73' lang='grc' dir='ltr'>καί</span> <span class='ocrx_word' id='word_1_109' title='bbox 456 1242 552 1319; x_wconf 74' lang='grc' dir='ltr'>ἀρετῆς</span> <span class='ocrx_word' id='word_1_110' title='bbox 572 1236 775 1318; x_wconf 80' lang='grc' dir='ltr'>ἐπιμελώμεθα,</span> <span class='ocrx_word' id='word_1_111' title='bbox 794 1236 838 1296; x_wconf 81' lang='lat' dir='ltr'>iva</span> <span class='ocrx_word' id='word_1_112' title='bbox 891 1241 981 1324; x_wconf 91' lang='lat' dir='ltr'><strong>ipsum</strong></span> <span class='ocrx_word' id='word_1_113' title='bbox 998 1243 1068 1303; x_wconf 87' lang='lat' dir='ltr'><strong>bona</strong></span> <span class='ocrx_word' id='word_1_114' title='bbox 1082 1264 1299 1322; x_wconf 88' lang='lat' dir='ltr'><strong>consequamur,</strong></span> <span class='ocrx_word' id='word_1_115' title='bbox 1313 1243 1400 1323; x_wconf 88' lang='lat' dir='ltr'><strong>gratia</strong></span> <span class='ocrx_word' id='word_1_116' title='bbox 1426 1257 1452 1303; x_wconf 90' lang='lat' dir='ltr'>et</span> <span class='ocrx_word' id='word_1_117' title='bbox 1466 1243 1637 1324; x_wconf 77' lang='lat' dir='ltr'><strong>benignitate</strong></span> 
     </span>
     <span class='ocr_line' id='line_1_10' title="bbox 63 1328 1636 1418; baseline 0.006 -31"><span class='ocrx_word' id='word_1_118' title='bbox 63 1328 111 1387; x_wconf 82' lang='grc' dir='ltr'>καὶ</span> <span class='ocrx_word' id='word_1_119' title='bbox 124 1333 186 1408; x_wconf 82' lang='grc' dir='ltr'>θγιῆ</span> <span class='ocrx_word' id='word_1_120' title='bbox 200 1329 321 1409; x_wconf 88' lang='grc' dir='ltr'>δόγματα</span> <span class='ocrx_word' id='word_1_121' title='bbox 337 1330 441 1410; x_wconf 84' lang='grc' dir='ltr'>ἔχοντες</span> <span class='ocrx_word' id='word_1_122' title='bbox 454 1330 499 1390; x_wconf 82' lang='grc' dir='ltr'>καὶ</span> <span class='ocrx_word' id='word_1_123' title='bbox 521 1330 576 1409; x_wconf 87' lang='grc' dir='ltr'>βίον</span> <span class='ocrx_word' id='word_1_124' title='bbox 597 1330 682 1411; x_wconf 85' lang='grc' dir='ltr'>ὀρθὸν,</span> <span class='ocrx_word' id='word_1_125' title='bbox 701 1329 838 1410; x_wconf 80' lang='grc' dir='ltr'>ἀπροσκό·</span> <span class='ocrx_word' id='word_1_126' title='bbox 891 1335 1031 1416; x_wconf 89' lang='lat' dir='ltr'><strong>Unigeniti</strong></span> <span class='ocrx_word' id='word_1_127' title='bbox 1056 1336 1124 1417; x_wconf 88' lang='lat' dir='ltr'><strong>ejus,</strong></span> <span class='ocrx_word' id='word_1_128' title='bbox 1140 1337 1252 1416; x_wconf 89' lang='lat' dir='ltr'><strong>quicum</strong></span> <span class='ocrx_word' id='word_1_129' title='bbox 1271 1335 1346 1397; x_wconf 88' lang='lat' dir='ltr'><strong>Patri</strong></span> <span class='ocrx_word' id='word_1_130' title='bbox 1361 1350 1387 1396; x_wconf 91' lang='lat' dir='ltr'>et</span> <span class='ocrx_word' id='word_1_131' title='bbox 1408 1336 1524 1418; x_wconf 88' lang='lat' dir='ltr'><strong>Spiritui</strong></span> <span class='ocrx_word' id='word_1_132' title='bbox 1545 1351 1636 1397; x_wconf 88' lang='lat' dir='ltr'><strong>sancto</strong></span> 
     </span>
     <span class='ocr_line' id='line_1_11' title="bbox 62 1421 1636 1510; baseline 0.006 -31"><span class='ocrx_word' id='word_1_133' title='bbox 62 1444 138 1489; x_wconf 90' lang='grc' dir='ltr'>πτως</span> <span class='ocrx_word' id='word_1_134' title='bbox 152 1422 201 1494; x_wconf 76' lang='grc' dir='ltr'>τὴν</span> <span class='ocrx_word' id='word_1_135' title='bbox 216 1427 352 1504; x_wconf 86' lang='grc' dir='ltr'>παροῦσαν</span> <span class='ocrx_word' id='word_1_136' title='bbox 366 1422 435 1494; x_wconf 75' lang='grc' dir='ltr'>ζωὴν</span> <span class='ocrx_word' id='word_1_137' title='bbox 444 1421 616 1500; x_wconf 81' lang='grc' dir='ltr'>διανύσωμεν,</span> <span class='ocrx_word' id='word_1_138' title='bbox 630 1421 675 1480; x_wconf 80' lang='grc' dir='ltr'>καί</span> <span class='ocrx_word' id='word_1_139' title='bbox 689 1425 741 1481; x_wconf 87' lang='grc' dir='ltr'>τῶν</span> <span class='ocrx_word' id='word_1_140' title='bbox 752 1425 836 1502; x_wconf 80' lang='grc' dir='ltr'>ἐπηγ·</span> <span class='ocrx_word' id='word_1_141' title='bbox 891 1426 988 1506; x_wconf 87' lang='lat' dir='ltr'><strong>gloria,</strong></span> <span class='ocrx_word' id='word_1_142' title='bbox 1005 1426 1159 1509; x_wconf 83' lang='lat' dir='ltr'><strong>imperium,</strong></span> <span class='ocrx_word' id='word_1_143' title='bbox 1172 1428 1269 1500; x_wconf 87' lang='lat' dir='ltr'><strong>honor,</strong></span> <span class='ocrx_word' id='word_1_144' title='bbox 1287 1441 1398 1489; x_wconf 87' lang='lat' dir='ltr'><strong>nuncet</strong></span> <span class='ocrx_word' id='word_1_145' title='bbox 1417 1449 1533 1510; x_wconf 79' lang='lat' dir='ltr'><strong>semper,</strong></span> <span class='ocrx_word' id='word_1_146' title='bbox 1559 1431 1591 1489; x_wconf 64' lang='lat' dir='ltr'>et’</span> <span class='ocrx_word' id='word_1_147' title='bbox 1607 1429 1636 1489; x_wconf 91' lang='lat' dir='ltr'>in</span> 
     </span>
     <span class='ocr_line' id='line_1_12' title="bbox 63 1513 1272 1595; baseline 0.003 -22"><span class='ocrx_word' id='word_1_148' title='bbox 63 1513 201 1591; x_wconf 88' lang='grc' dir='ltr'>γελμένων</span> <span class='ocrx_word' id='word_1_149' title='bbox 227 1517 332 1594; x_wconf 81' lang='grc' dir='ltr'>ἀγαθῶν</span> <span class='ocrx_word' id='word_1_150' title='bbox 361 1523 416 1582; x_wconf 89' lang='grc' dir='ltr'>τοῖς</span> <span class='ocrx_word' id='word_1_151' title='bbox 444 1517 581 1594; x_wconf 80' lang='grc' dir='ltr'>ἀγαπῶσιν</span> <span class='ocrx_word' id='word_1_152' title='bbox 606 1514 681 1575; x_wconf 83' lang='grc' dir='ltr'>αὐτὸν</span> <span class='ocrx_word' id='word_1_153' title='bbox 703 1518 837 1595; x_wconf 87' lang='grc' dir='ltr'>ἐπιτυχεῖν</span> <span class='ocrx_word' id='word_1_154' title='bbox 854 1527 873 1573; x_wconf 83' lang='grc' dir='ltr'>Ι)</span> <span class='ocrx_word' id='word_1_155' title='bbox 889 1520 1164 1588; x_wconf 77' lang='lat' dir='ltr'><strong>saeeulasaenrlorum.</strong></span> <span class='ocrx_word' id='word_1_156' title='bbox 1176 1522 1272 1582; x_wconf 82' lang='lat' dir='ltr'><strong>Amen.</strong></span> 
     </span>
    </p>

    <p class='ocr_par' dir='ltr' id='par_1_4' title="bbox 63 1606 839 1690">
     <span class='ocr_line' id='line_1_13' title="bbox 63 1606 839 1690; baseline 0.006 -27"><span class='ocrx_word' id='word_1_157' title='bbox 63 1607 228 1684; x_wconf 78' lang='grc' dir='ltr'>δυνηθῶμεν,</span> <span class='ocrx_word' id='word_1_158' title='bbox 241 1606 333 1687; x_wconf 78' lang='grc' dir='ltr'>χάριτι</span> <span class='ocrx_word' id='word_1_159' title='bbox 351 1608 397 1667; x_wconf 79' lang='grc' dir='ltr'>καί</span> <span class='ocrx_word' id='word_1_160' title='bbox 410 1607 594 1690; x_wconf 76' lang='grc' dir='ltr'>φιλανθρωπία</span> <span class='ocrx_word' id='word_1_161' title='bbox 608 1612 653 1668; x_wconf 84' lang='grc' dir='ltr'>τοῦ</span> <span class='ocrx_word' id='word_1_162' title='bbox 676 1609 839 1687; x_wconf 82' lang='grc' dir='ltr'>Μονογενοῦς</span> 
     </span>
    </p>

    <p class='ocr_par' dir='ltr' id='par_1_5' title="bbox 64 1689 840 1780">
     <span class='ocr_line' id='line_1_14' title="bbox 64 1689 840 1780; baseline 0.004 -26"><span class='ocrx_word' id='word_1_163' title='bbox 64 1697 160 1771; x_wconf 80' lang='grc' dir='ltr'>αὐτοῦ,</span> <span class='ocrx_word' id='word_1_164' title='bbox 175 1701 233 1775; x_wconf 81' lang='grc' dir='ltr'>μεθ’</span> <span class='ocrx_word' id='word_1_165' title='bbox 248 1689 278 1758; x_wconf 71' lang='grc' dir='ltr'>οὗ</span> <span class='ocrx_word' id='word_1_166' title='bbox 290 1701 329 1780; x_wconf 82' lang='grc' dir='ltr'>τῷ</span> <span class='ocrx_word' id='word_1_167' title='bbox 341 1698 445 1779; x_wconf 78' lang='grc' dir='ltr'>Πατρί,</span> <span class='ocrx_word' id='word_1_168' title='bbox 457 1699 513 1778; x_wconf 73' lang='grc' dir='ltr'>ἅμα</span> <span class='ocrx_word' id='word_1_169' title='bbox 524 1706 563 1779; x_wconf 80' lang='grc' dir='ltr'>τῷ</span> <span class='ocrx_word' id='word_1_170' title='bbox 581 1697 649 1780; x_wconf 82' lang='grc' dir='ltr'>ἁγίῳ</span> <span class='ocrx_word' id='word_1_171' title='bbox 664 1700 742 1760; x_wconf 85' lang='grc' dir='ltr'>αὐτοῦ</span> <span class='ocrx_word' id='word_1_172' title='bbox 753 1697 840 1759; x_wconf 79' lang='grc' dir='ltr'>Πνεῦ-</span> 
     </span>
    </p>

    <p class='ocr_par' dir='ltr' id='par_1_6' title="bbox 64 1789 840 1874">
     <span class='ocr_line' id='line_1_15' title="bbox 64 1789 840 1874; baseline 0.008 -27"><span class='ocrx_word' id='word_1_173' title='bbox 64 1813 144 1865; x_wconf 90' lang='grc' dir='ltr'>ματι,</span> <span class='ocrx_word' id='word_1_174' title='bbox 157 1789 232 1865; x_wconf 81' lang='grc' dir='ltr'>δόξα,</span> <span class='ocrx_word' id='word_1_175' title='bbox 246 1790 357 1874; x_wconf 79' lang='grc' dir='ltr'>κράτος,</span> <span class='ocrx_word' id='word_1_176' title='bbox 370 1792 453 1869; x_wconf 81' lang='grc' dir='ltr'>τιμὴ,</span> <span class='ocrx_word' id='word_1_177' title='bbox 467 1799 512 1852; x_wconf 84' lang='grc' dir='ltr'>νῦν</span> <span class='ocrx_word' id='word_1_178' title='bbox 529 1794 576 1853; x_wconf 84' lang='grc' dir='ltr'>καὶ</span> <span class='ocrx_word' id='word_1_179' title='bbox 589 1792 648 1867; x_wconf 77' lang='grc' dir='ltr'>ἀεί,</span> <span class='ocrx_word' id='word_1_180' title='bbox 665 1792 712 1852; x_wconf 78' lang='grc' dir='ltr'>καὶ</span> <span class='ocrx_word' id='word_1_181' title='bbox 726 1795 762 1862; x_wconf 82' lang='grc' dir='ltr'>εἷς</span> <span class='ocrx_word' id='word_1_182' title='bbox 779 1789 840 1861; x_wconf 71' lang='grc' dir='ltr'>τοὺς</span> 
     </span>
    </p>

    <p class='ocr_par' dir='ltr' id='par_1_7' title="bbox 65 1880 463 1962">
     <span class='ocr_line' id='line_1_16' title="bbox 65 1880 463 1962; baseline 0.013 -24"><span class='ocrx_word' id='word_1_183' title='bbox 65 1883 163 1950; x_wconf 81' lang='grc' dir='ltr'>αἰῶνας</span> <span class='ocrx_word' id='word_1_184' title='bbox 174 1885 227 1942; x_wconf 83' lang='grc' dir='ltr'>τῶν</span> <span class='ocrx_word' id='word_1_185' title='bbox 242 1881 354 1943; x_wconf 83' lang='grc' dir='ltr'>αἰώνων.</span> <span class='ocrx_word' id='word_1_186' title='bbox 371 1880 463 1962; x_wconf 77' lang='grc' dir='ltr'>Ἀμήν.</span> 
     </span>
    </p>
   </div>
   <div class='ocr_carea' id='block_1_4' title="bbox 346 2254 1428 2336">
    <p class='ocr_par' dir='ltr' id='par_1_8' title="bbox 346 2254 1428 2336">
     <span class='ocr_line' id='line_1_17' title="bbox 346 2254 1428 2336; baseline -0.002 -20"><span class='ocrx_word' id='word_1_187' title='bbox 346 2257 481 2316; x_wconf 76' lang='lat' dir='ltr'><strong>ouran</strong></span> <span class='ocrx_word' id='word_1_188' title='bbox 503 2255 560 2336; x_wconf 68' lang='grc' dir='ltr'>μιν.</span> <span class='ocrx_word' id='word_1_189' title='bbox 1115 2254 1273 2315; x_wconf 85' lang='grc' dir='ltr'>ιιοιιιιιι</span> <span class='ocrx_word' id='word_1_190' title='bbox 1295 2254 1428 2318; x_wconf 82' lang='grc' dir='ltr'>ιιινιιι.</span> 
     </span>
    </p>
   </div>
   <div class='ocr_carea' id='block_1_5' title="bbox 64 2419 1636 3533">
    <p class='ocr_par' dir='ltr' id='par_1_9' title="bbox 64 2419 1636 3440">
     <span class='ocr_line' id='line_1_18' title="bbox 64 2419 1636 2523; baseline 0.002 -26"><span class='ocrx_word' id='word_1_191' title='bbox 64 2436 190 2518; x_wconf 80' lang='grc' dir='ltr'>Ἐγένετο</span> <span class='ocrx_word' id='word_1_192' title='bbox 203 2437 232 2497; x_wconf 87' lang='grc' dir='ltr'>δέ</span> <span class='ocrx_word' id='word_1_193' title='bbox 247 2462 292 2517; x_wconf 90' lang='grc' dir='ltr'>μοι</span> <span class='ocrx_word' id='word_1_194' title='bbox 306 2439 521 2523; x_wconf 67' lang='grc' dir='ltr'>*ὑποστρέφοντι</span> <span class='ocrx_word' id='word_1_195' title='bbox 536 2442 572 2510; x_wconf 84' lang='grc' dir='ltr'>είς</span> <span class='ocrx_word' id='word_1_196' title='bbox 585 2439 779 2520; x_wconf 77' lang='grc' dir='ltr'>Ἰερουσαλὴμ,</span> <span class='ocrx_word' id='word_1_197' title='bbox 793 2441 838 2500; x_wconf 82' lang='grc' dir='ltr'>εὖ·</span> <span class='ocrx_word' id='word_1_198' title='bbox 894 2438 1102 2501; x_wconf 75' lang='lat' dir='ltr'><strong>Car.XXll.t‘.</strong></span> <span class='ocrx_word' id='word_1_199' title='bbox 1112 2441 1160 2502; x_wconf 81' lang='grc'>17.</span> <span class='ocrx_word' id='word_1_200' title='bbox 1173 2419 1301 2501; x_wconf 82' lang='lat' dir='ltr'><strong>Factum</strong></span> <span class='ocrx_word' id='word_1_201' title='bbox 1311 2452 1354 2502; x_wconf 82' lang='lat' dir='ltr'>est</span> <span class='ocrx_word' id='word_1_202' title='bbox 1368 2452 1465 2501; x_wconf 83' lang='lat' dir='ltr'><strong>autem</strong></span> <span class='ocrx_word' id='word_1_203' title='bbox 1478 2444 1636 2501; x_wconf 77' lang='lat' dir='ltr'><strong>revertenti</strong></span> 
     </span>
     <span class='ocr_line' id='line_1_19' title="bbox 103 2528 1636 2615; baseline 0.003 -27"><span class='ocrx_word' id='word_1_204' title='bbox 103 2528 219 2608; x_wconf 79' lang='grc' dir='ltr'>χομίνου</span> <span class='ocrx_word' id='word_1_205' title='bbox 236 2534 262 2591; x_wconf 90' lang='grc' dir='ltr'>ἐν</span> <span class='ocrx_word' id='word_1_206' title='bbox 276 2535 313 2613; x_wconf 81' lang='grc' dir='ltr'>τῷ</span> <span class='ocrx_word' id='word_1_207' title='bbox 324 2537 403 2613; x_wconf 82' lang='grc' dir='ltr'>ἱερῷ,</span> <span class='ocrx_word' id='word_1_208' title='bbox 414 2532 536 2613; x_wconf 85' lang='grc' dir='ltr'>γενέσθαι</span> <span class='ocrx_word' id='word_1_209' title='bbox 550 2557 584 2612; x_wconf 87' lang='grc' dir='ltr'>με</span> <span class='ocrx_word' id='word_1_210' title='bbox 598 2535 625 2591; x_wconf 83' lang='grc' dir='ltr'>ἐν</span> <span class='ocrx_word' id='word_1_211' title='bbox 640 2533 777 2605; x_wconf 80' lang='grc' dir='ltr'>ἐκστάσει,</span> <span class='ocrx_word' id='word_1_212' title='bbox 793 2532 839 2591; x_wconf 80' lang='grc' dir='ltr'>καί</span> <span class='ocrx_word' id='word_1_213' title='bbox 933 2535 1008 2594; x_wconf 79' lang='lat' dir='ltr'><strong>mitt</strong></span> <span class='ocrx_word' id='word_1_214' title='bbox 1019 2537 1052 2592; x_wconf 86' lang='lat' dir='ltr'>in</span> <span class='ocrx_word' id='word_1_215' title='bbox 1061 2534 1238 2612; x_wconf 81' lang='lat' dir='ltr'><strong>Jerusalem,</strong></span> <span class='ocrx_word' id='word_1_216' title='bbox 1251 2547 1279 2593; x_wconf 89' lang='lat' dir='ltr'>et</span> <span class='ocrx_word' id='word_1_217' title='bbox 1293 2539 1392 2593; x_wconf 88' lang='lat' dir='ltr'><strong>oranti</strong></span> <span class='ocrx_word' id='word_1_218' title='bbox 1401 2539 1435 2593; x_wconf 89' lang='lat' dir='ltr'>in</span> <span class='ocrx_word' id='word_1_219' title='bbox 1449 2534 1567 2615; x_wconf 86' lang='lat' dir='ltr'><strong>templo,</strong></span> <span class='ocrx_word' id='word_1_220' title='bbox 1579 2534 1636 2615; x_wconf 76' lang='lat' dir='ltr'>fie-</span> 
     </span>
     <span class='ocr_line' id='line_1_20' title="bbox 103 2621 1635 2702; baseline 0.002 -22"><span class='ocrx_word' id='word_1_221' title='bbox 103 2622 168 2680; x_wconf 81' lang='grc' dir='ltr'>ἐδεῖν</span> <span class='ocrx_word' id='word_1_222' title='bbox 181 2621 293 2702; x_wconf 87' lang='grc' dir='ltr'>λέγοντά</span> <span class='ocrx_word' id='word_1_223' title='bbox 303 2646 347 2702; x_wconf 92' lang='grc' dir='ltr'>μοι</span> <span class='ocrx_word' id='word_1_224' title='bbox 358 2624 451 2683; x_wconf 83' lang='grc' dir='ltr'>αὐτὸν·</span> <span class='ocrx_word' id='word_1_225' title='bbox 464 2632 586 2698; x_wconf 81' lang='grc' dir='ltr'>σπεῦσον,</span> <span class='ocrx_word' id='word_1_226' title='bbox 600 2622 645 2683; x_wconf 78' lang='grc' dir='ltr'>καί</span> <span class='ocrx_word' id='word_1_227' title='bbox 656 2623 741 2692; x_wconf 78' lang='grc' dir='ltr'>ἔξελθε</span> <span class='ocrx_word' id='word_1_228' title='bbox 752 2624 778 2680; x_wconf 87' lang='grc' dir='ltr'>ἐν</span> <span class='ocrx_word' id='word_1_229' title='bbox 790 2621 838 2681; x_wconf 86' lang='grc' dir='ltr'>τά·</span> <span class='ocrx_word' id='word_1_230' title='bbox 932 2628 960 2683; x_wconf 86' lang='lat' dir='ltr'>ri</span> <span class='ocrx_word' id='word_1_231' title='bbox 971 2646 1017 2684; x_wconf 91' lang='lat' dir='ltr'>me</span> <span class='ocrx_word' id='word_1_232' title='bbox 1026 2628 1057 2682; x_wconf 90' lang='lat' dir='ltr'>in</span> <span class='ocrx_word' id='word_1_233' title='bbox 1065 2628 1202 2698; x_wconf 82' lang='lat' dir='ltr'><strong>exstasi,l</strong></span> <span class='ocrx_word' id='word_1_234' title='bbox 1209 2623 1238 2686; x_wconf 89' lang='grc'>8.</span> <span class='ocrx_word' id='word_1_235' title='bbox 1248 2637 1276 2684; x_wconf 90' lang='lat' dir='ltr'>et</span> <span class='ocrx_word' id='word_1_236' title='bbox 1285 2627 1387 2685; x_wconf 80' lang='lat' dir='ltr'><strong>nidere</strong></span> <span class='ocrx_word' id='word_1_237' title='bbox 1396 2625 1480 2685; x_wconf 85' lang='lat' dir='ltr'><strong>ilium</strong></span> <span class='ocrx_word' id='word_1_238' title='bbox 1489 2626 1635 2685; x_wconf 78' lang='lat' dir='ltr'><strong>dicentem</strong></span> 
     </span>
     <span class='ocr_line' id='line_1_21' title="bbox 102 2712 1633 2798; baseline 0.003 -25"><span class='ocrx_word' id='word_1_239' title='bbox 102 2738 148 2794; x_wconf 82' lang='grc' dir='ltr'>χει</span> <span class='ocrx_word' id='word_1_240' title='bbox 157 2712 186 2781; x_wconf 74' lang='grc' dir='ltr'>ἐξ</span> <span class='ocrx_word' id='word_1_241' title='bbox 199 2713 388 2795; x_wconf 80' lang='grc' dir='ltr'>Ἰερουσαλὴμ,</span> <span class='ocrx_word' id='word_1_242' title='bbox 402 2714 467 2776; x_wconf 84' lang='grc' dir='ltr'>διότι</span> <span class='ocrx_word' id='word_1_243' title='bbox 481 2718 510 2777; x_wconf 82' lang='grc' dir='ltr'>οῦ</span> <span class='ocrx_word' id='word_1_244' title='bbox 524 2714 716 2798; x_wconf 73' lang='grc' dir='ltr'>παραδέξονταί</span> <span class='ocrx_word' id='word_1_245' title='bbox 729 2738 775 2774; x_wconf 90' lang='grc' dir='ltr'>σου</span> <span class='ocrx_word' id='word_1_246' title='bbox 789 2712 837 2785; x_wconf 67' lang='grc' dir='ltr'>τὴν</span> <span class='ocrx_word' id='word_1_247' title='bbox 854 2713 874 2764; x_wconf 72' lang='grc' dir='ltr'>Ε</span> <span class='ocrx_word' id='word_1_248' title='bbox 933 2719 1006 2775; x_wconf 79' lang='lat' dir='ltr'><strong>milti</strong></span> <span class='ocrx_word' id='word_1_249' title='bbox 1018 2739 1027 2774; x_wconf 89' lang='lat'>.·</span> <span class='ocrx_word' id='word_1_250' title='bbox 1038 2720 1172 2788; x_wconf 85' lang='lat' dir='ltr'><strong>Festina,</strong></span> <span class='ocrx_word' id='word_1_251' title='bbox 1190 2729 1219 2775; x_wconf 88' lang='lat' dir='ltr'>et</span> <span class='ocrx_word' id='word_1_252' title='bbox 1234 2721 1282 2777; x_wconf 81' lang='lat' dir='ltr'>exi</span> <span class='ocrx_word' id='word_1_253' title='bbox 1296 2717 1439 2777; x_wconf 78' lang='lat' dir='ltr'><strong>velociter</strong></span> <span class='ocrx_word' id='word_1_254' title='bbox 1456 2738 1492 2776; x_wconf 79' lang='lat' dir='ltr'>ex</span> <span class='ocrx_word' id='word_1_255' title='bbox 1507 2720 1633 2778; x_wconf 84' lang='lat' dir='ltr'><strong>Jerusa-</strong></span> 
     </span>
     <span class='ocr_line' id='line_1_22' title="bbox 105 2798 1635 2889; baseline 0.003 -26"><span class='ocrx_word' id='word_1_256' title='bbox 105 2803 252 2886; x_wconf 79' lang='grc' dir='ltr'>μαρτυρίαν</span> <span class='ocrx_word' id='word_1_257' title='bbox 266 2806 327 2888; x_wconf 79' lang='grc' dir='ltr'>περὶ</span> <span class='ocrx_word' id='word_1_258' title='bbox 341 2809 415 2884; x_wconf 92' lang='grc' dir='ltr'>ἐμοῦ.</span> <span class='ocrx_word' id='word_1_259' title='bbox 438 2806 520 2886; x_wconf 77' lang='grc' dir='ltr'>Κάγὼ</span> <span class='ocrx_word' id='word_1_260' title='bbox 540 2798 628 2866; x_wconf 74' lang='grc' dir='ltr'>εἶπον·</span> <span class='ocrx_word' id='word_1_261' title='bbox 644 2806 741 2887; x_wconf 84' lang='grc' dir='ltr'>Κύριε,</span> <span class='ocrx_word' id='word_1_262' title='bbox 764 2805 838 2865; x_wconf 77' lang='grc' dir='ltr'>αὐτοί</span> <span class='ocrx_word' id='word_1_263' title='bbox 933 2808 1006 2881; x_wconf 86' lang='lat' dir='ltr'><strong>lem,</strong></span> <span class='ocrx_word' id='word_1_264' title='bbox 1023 2812 1165 2889; x_wconf 83' lang='lat' dir='ltr'><strong>quoniam</strong></span> <span class='ocrx_word' id='word_1_265' title='bbox 1190 2828 1249 2865; x_wconf 93' lang='lat' dir='ltr'>non</span> <span class='ocrx_word' id='word_1_266' title='bbox 1270 2811 1409 2888; x_wconf 82' lang='lat' dir='ltr'><strong>recipient</strong></span> <span class='ocrx_word' id='word_1_267' title='bbox 1438 2812 1635 2867; x_wconf 85' lang='lat' dir='ltr'><strong>testimoninm</strong></span> 
     </span>
     <span class='ocr_line' id='line_1_23' title="bbox 103 2893 1636 2979; baseline 0.001 -24"><span class='ocrx_word' id='word_1_268' title='bbox 103 2894 277 2970; x_wconf 83' lang='grc' dir='ltr'>ἐπίστανται,</span> <span class='ocrx_word' id='word_1_269' title='bbox 290 2895 331 2957; x_wconf 83' lang='grc' dir='ltr'>ότι</span> <span class='ocrx_word' id='word_1_270' title='bbox 355 2896 408 2976; x_wconf 83' lang='grc' dir='ltr'>ἐγὼ</span> <span class='ocrx_word' id='word_1_271' title='bbox 432 2897 505 2975; x_wconf 75' lang='grc' dir='ltr'>ἤμην</span> <span class='ocrx_word' id='word_1_272' title='bbox 525 2896 675 2978; x_wconf 75' lang='grc' dir='ltr'>φυλακίζων</span> <span class='ocrx_word' id='word_1_273' title='bbox 689 2895 736 2956; x_wconf 82' lang='grc' dir='ltr'>καί</span> <span class='ocrx_word' id='word_1_274' title='bbox 756 2893 836 2975; x_wconf 87' lang='grc' dir='ltr'>δέρων</span> <span class='ocrx_word' id='word_1_275' title='bbox 932 2911 1014 2958; x_wconf 82' lang='lat' dir='ltr'><strong>tuum</strong></span> <span class='ocrx_word' id='word_1_276' title='bbox 1023 2899 1059 2957; x_wconf 88' lang='lat' dir='ltr'>de</span> <span class='ocrx_word' id='word_1_277' title='bbox 1072 2919 1127 2957; x_wconf 89' lang='lat' dir='ltr'>me.</span> <span class='ocrx_word' id='word_1_278' title='bbox 1145 2897 1192 2957; x_wconf 88' lang='lat' dir='ltr'>l9.</span> <span class='ocrx_word' id='word_1_279' title='bbox 1207 2900 1249 2956; x_wconf 77' lang='lat' dir='ltr'><strong>Et</strong></span> <span class='ocrx_word' id='word_1_280' title='bbox 1259 2918 1312 2978; x_wconf 85' lang='lat' dir='ltr'>ego</span> <span class='ocrx_word' id='word_1_281' title='bbox 1322 2899 1385 2956; x_wconf 76' lang='lat' dir='ltr'><strong>‹tixi</strong></span> <span class='ocrx_word' id='word_1_282' title='bbox 1400 2921 1409 2954; x_wconf 91' lang='lat'><em>:</em></span> <span class='ocrx_word' id='word_1_283' title='bbox 1425 2899 1562 2971; x_wconf 80' lang='lat' dir='ltr'><strong>Domine,</strong></span> <span class='ocrx_word' id='word_1_284' title='bbox 1580 2903 1636 2979; x_wconf 84' lang='lat' dir='ltr'><strong>ipsi</strong></span> 
     </span>
     <span class='ocr_line' id='line_1_24' title="bbox 103 2985 1634 3072; baseline 0.004 -27"><span class='ocrx_word' id='word_1_285' title='bbox 103 2986 174 3047; x_wconf 78' lang='grc' dir='ltr'>κατά</span> <span class='ocrx_word' id='word_1_286' title='bbox 187 2986 236 3055; x_wconf 81' lang='grc' dir='ltr'>τδς</span> <span class='ocrx_word' id='word_1_287' title='bbox 250 2988 404 3068; x_wconf 79' lang='grc' dir='ltr'>συναγωγάς</span> <span class='ocrx_word' id='word_1_288' title='bbox 415 2987 475 3056; x_wconf 79' lang='grc' dir='ltr'>τοὺς</span> <span class='ocrx_word' id='word_1_289' title='bbox 489 2987 661 3055; x_wconf 76' lang='grc' dir='ltr'>πιστεύοντας</span> <span class='ocrx_word' id='word_1_290' title='bbox 673 2987 717 3047; x_wconf 75' lang='grc' dir='ltr'>ἐπὶ</span> <span class='ocrx_word' id='word_1_291' title='bbox 731 2985 779 3047; x_wconf 83' lang='grc' dir='ltr'>σε’·</span> <span class='ocrx_word' id='word_1_292' title='bbox 791 2985 837 3047; x_wconf 79' lang='grc' dir='ltr'>καί</span> <span class='ocrx_word' id='word_1_293' title='bbox 930 2993 1027 3050; x_wconf 78' lang='lat' dir='ltr'><strong>sciunt</strong></span> <span class='ocrx_word' id='word_1_294' title='bbox 1038 3035 1047 3068; x_wconf 91' lang='lat'><strong>,</strong></span> <span class='ocrx_word' id='word_1_295' title='bbox 1061 2993 1132 3072; x_wconf 82' lang='lat' dir='ltr'><strong>quia</strong></span> <span class='ocrx_word' id='word_1_296' title='bbox 1140 3006 1192 3070; x_wconf 83' lang='lat' dir='ltr'>ego</span> <span class='ocrx_word' id='word_1_297' title='bbox 1203 3010 1284 3050; x_wconf 81' lang='lat' dir='ltr'><strong>erant</strong></span> <span class='ocrx_word' id='word_1_298' title='bbox 1298 2991 1477 3050; x_wconf 77' lang='lat' dir='ltr'><strong>concludens</strong></span> <span class='ocrx_word' id='word_1_299' title='bbox 1490 2994 1523 3049; x_wconf 87' lang='lat' dir='ltr'>in</span> <span class='ocrx_word' id='word_1_300' title='bbox 1531 3011 1634 3051; x_wconf 83' lang='lat' dir='ltr'><strong>carce·</strong></span> 
     </span>
     <span class='ocr_line' id='line_1_25' title="bbox 103 3072 1635 3166; baseline 0.004 -28"><span class='ocrx_word' id='word_1_301' title='bbox 103 3079 148 3139; x_wconf 83' lang='grc' dir='ltr'>θτε</span> <span class='ocrx_word' id='word_1_302' title='bbox 163 3078 278 3160; x_wconf 77' lang='grc' dir='ltr'>ἐξεχεῖτο</span> <span class='ocrx_word' id='word_1_303' title='bbox 290 3082 321 3142; x_wconf 84' lang='grc' dir='ltr'>τὸ</span> <span class='ocrx_word' id='word_1_304' title='bbox 335 3072 402 3158; x_wconf 83' lang='grc' dir='ltr'>οἶμα</span> <span class='ocrx_word' id='word_1_305' title='bbox 417 3079 552 3162; x_wconf 78' lang='grc' dir='ltr'>Στεφάνου</span> <span class='ocrx_word' id='word_1_306' title='bbox 565 3086 611 3140; x_wconf 90' lang='grc' dir='ltr'>τοῦ</span> <span class='ocrx_word' id='word_1_307' title='bbox 631 3076 762 3161; x_wconf 84' lang='grc' dir='ltr'>μάρτυρός</span> <span class='ocrx_word' id='word_1_308' title='bbox 776 3102 836 3156; x_wconf 91' lang='grc' dir='ltr'>σου,</span> <span class='ocrx_word' id='word_1_309' title='bbox 930 3103 1002 3156; x_wconf 84' lang='lat' dir='ltr'><strong>rem,</strong></span> <span class='ocrx_word' id='word_1_310' title='bbox 1016 3094 1045 3143; x_wconf 89' lang='lat' dir='ltr'>et</span> <span class='ocrx_word' id='word_1_311' title='bbox 1056 3083 1170 3143; x_wconf 81' lang='lat' dir='ltr'><strong>cadens</strong></span> <span class='ocrx_word' id='word_1_312' title='bbox 1181 3103 1234 3162; x_wconf 89' lang='lat' dir='ltr'>per</span> <span class='ocrx_word' id='word_1_313' title='bbox 1253 3103 1423 3164; x_wconf 84' lang='lat' dir='ltr'><strong>synagogas</strong></span> <span class='ocrx_word' id='word_1_314' title='bbox 1437 3103 1497 3162; x_wconf 87' lang='lat' dir='ltr'><strong>eos,</strong></span> <span class='ocrx_word' id='word_1_315' title='bbox 1510 3087 1563 3166; x_wconf 84' lang='lat' dir='ltr'>qni</span> <span class='ocrx_word' id='word_1_316' title='bbox 1575 3104 1635 3144; x_wconf 88' lang='lat' dir='ltr'><strong>ere·</strong></span> 
     </span>
     <span class='ocr_line' id='line_1_26' title="bbox 104 3170 1636 3254; baseline 0.002 -23"><span class='ocrx_word' id='word_1_317' title='bbox 104 3170 151 3231; x_wconf 78' lang='grc' dir='ltr'>καί</span> <span class='ocrx_word' id='word_1_318' title='bbox 162 3170 240 3238; x_wconf 84' lang='grc' dir='ltr'>αθτδς</span> <span class='ocrx_word' id='word_1_319' title='bbox 251 3171 323 3250; x_wconf 74' lang='grc' dir='ltr'>ἤμην</span> <span class='ocrx_word' id='word_1_320' title='bbox 338 3170 468 3253; x_wconf 87' lang='grc' dir='ltr'>ἐφεστὼς,</span> <span class='ocrx_word' id='word_1_321' title='bbox 482 3172 527 3231; x_wconf 80' lang='grc' dir='ltr'>καὶ</span> <span class='ocrx_word' id='word_1_322' title='bbox 541 3172 701 3232; x_wconf 84' lang='grc' dir='ltr'>συνευδοκῶν</span> <span class='ocrx_word' id='word_1_323' title='bbox 712 3174 746 3249; x_wconf 77' lang='grc' dir='ltr'>τῇ</span> <span class='ocrx_word' id='word_1_324' title='bbox 759 3174 838 3231; x_wconf 71' lang='lat' dir='ltr'><strong>am·</strong></span> <span class='ocrx_word' id='word_1_325' title='bbox 930 3170 1040 3234; x_wconf 79' lang='lat' dir='ltr'><strong>debant</strong></span> <span class='ocrx_word' id='word_1_326' title='bbox 1052 3179 1085 3233; x_wconf 86' lang='lat' dir='ltr'>in</span> <span class='ocrx_word' id='word_1_327' title='bbox 1105 3186 1133 3233; x_wconf 88' lang='lat' dir='ltr'>te</span> <span class='ocrx_word' id='word_1_328' title='bbox 1147 3196 1156 3231; x_wconf 80' lang='grc' dir='ltr'>ι</span> <span class='ocrx_word' id='word_1_329' title='bbox 1172 3175 1222 3234; x_wconf 70' lang='lat'>20.</span> <span class='ocrx_word' id='word_1_330' title='bbox 1238 3187 1268 3234; x_wconf 89' lang='lat' dir='ltr'>et</span> <span class='ocrx_word' id='word_1_331' title='bbox 1288 3195 1355 3235; x_wconf 86' lang='lat' dir='ltr'>cnm</span> <span class='ocrx_word' id='word_1_332' title='bbox 1373 3176 1550 3254; x_wconf 77' lang='lat' dir='ltr'><strong>funderetur</strong></span> <span class='ocrx_word' id='word_1_333' title='bbox 1566 3195 1636 3236; x_wconf 82' lang='lat' dir='ltr'><strong>san-</strong></span> 
     </span>
     <span class='ocr_line' id='line_1_27' title="bbox 106 3261 1636 3347; baseline 0.004 -26"><span class='ocrx_word' id='word_1_334' title='bbox 106 3262 178 3344; x_wconf 85' lang='grc' dir='ltr'>ρίσει</span> <span class='ocrx_word' id='word_1_335' title='bbox 192 3266 287 3339; x_wconf 70' lang='grc' dir='ltr'>αὐτοῦ,</span> <span class='ocrx_word' id='word_1_336' title='bbox 303 3264 445 3344; x_wconf 80' lang='grc' dir='ltr'>φυλάσσων</span> <span class='ocrx_word' id='word_1_337' title='bbox 464 3263 499 3324; x_wconf 88' lang='grc' dir='ltr'>τδι</span> <span class='ocrx_word' id='word_1_338' title='bbox 512 3263 606 3343; x_wconf 84' lang='grc' dir='ltr'>ἱμάτια</span> <span class='ocrx_word' id='word_1_339' title='bbox 625 3268 677 3323; x_wconf 85' lang='grc' dir='ltr'>τῶν</span> <span class='ocrx_word' id='word_1_340' title='bbox 698 3261 836 3346; x_wconf 83' lang='grc' dir='ltr'>ἀναιροάν-</span> <span class='ocrx_word' id='word_1_341' title='bbox 928 3269 994 3347; x_wconf 84' lang='lat' dir='ltr'><strong>guis</strong></span> <span class='ocrx_word' id='word_1_342' title='bbox 1006 3266 1147 3346; x_wconf 77' lang='lat' dir='ltr'><strong>Stephani</strong></span> <span class='ocrx_word' id='word_1_343' title='bbox 1161 3269 1242 3327; x_wconf 85' lang='lat' dir='ltr'><strong>testis</strong></span> <span class='ocrx_word' id='word_1_344' title='bbox 1264 3270 1319 3340; x_wconf 85' lang='lat' dir='ltr'><strong>tui,</strong></span> <span class='ocrx_word' id='word_1_345' title='bbox 1335 3286 1386 3347; x_wconf 86' lang='lat' dir='ltr'>ego</span> <span class='ocrx_word' id='word_1_346' title='bbox 1410 3268 1580 3339; x_wconf 83' lang='lat' dir='ltr'><strong>adstabam,</strong></span> <span class='ocrx_word' id='word_1_347' title='bbox 1606 3279 1636 3327; x_wconf 89' lang='lat' dir='ltr'>et</span> 
     </span>
     <span class='ocr_line' id='line_1_28' title="bbox 101 3355 1635 3440; baseline 0.003 -26"><span class='ocrx_word' id='word_1_348' title='bbox 101 3378 156 3414; x_wconf 91' lang='grc' dir='ltr'>των</span> <span class='ocrx_word' id='word_1_349' title='bbox 168 3355 256 3415; x_wconf 77' lang='grc' dir='ltr'>αὐτόν.</span> <span class='ocrx_word' id='word_1_350' title='bbox 610 3357 614 3362; x_wconf 82' lang='grc'><em>’</em></span> <span class='ocrx_word' id='word_1_351' title='bbox 929 3361 1145 3418; x_wconf 80' lang='lat' dir='ltr'><strong>consentiebam</strong></span> <span class='ocrx_word' id='word_1_352' title='bbox 1166 3360 1230 3417; x_wconf 87' lang='lat' dir='ltr'><strong>neci</strong></span> <span class='ocrx_word' id='word_1_353' title='bbox 1240 3359 1313 3440; x_wconf 79' lang='lat' dir='ltr'><strong>ejus,</strong></span> <span class='ocrx_word' id='word_1_354' title='bbox 1326 3370 1355 3417; x_wconf 90' lang='lat' dir='ltr'>et</span> <span class='ocrx_word' id='word_1_355' title='bbox 1367 3359 1566 3418; x_wconf 84' lang='lat' dir='ltr'><strong>custodiebam</strong></span> <span class='ocrx_word' id='word_1_356' title='bbox 1581 3379 1635 3418; x_wconf 86' lang='grc' dir='ltr'>υσ·</span> 
     </span>
    </p>

    <p class='ocr_par' dir='ltr' id='par_1_10' title="bbox 924 3451 1415 3533">
     <span class='ocr_line' id='line_1_29' title="bbox 924 3451 1415 3533; baseline -0.002 -20"><span class='ocrx_word' id='word_1_357' title='bbox 924 3451 1415 3533; x_wconf 74' lang='lat' dir='ltr'><strong>stimcntainterficientinmiliunn</strong></span> 
     </span>
    </p>
   </div>
   <div class='ocr_carea' id='block_1_6' title="bbox 53 3634 1729 5100">
    <p class='ocr_par' dir='ltr' id='par_1_11' title="bbox 53 3634 1729 5100">
     <span class='ocr_line' id='line_1_30' title="bbox 99 3634 1635 3719; baseline -0.001 -21"><span class='ocrx_word' id='word_1_358' title='bbox 99 3641 175 3719; x_wconf 85' lang='grc' dir='ltr'>Ὅρα</span> <span class='ocrx_word' id='word_1_359' title='bbox 187 3642 245 3709; x_wconf 82' lang='grc' dir='ltr'>πῶς</span> <span class='ocrx_word' id='word_1_360' title='bbox 254 3639 346 3700; x_wconf 86' lang='grc' dir='ltr'>ἐουτδν</span> <span class='ocrx_word' id='word_1_361' title='bbox 358 3643 462 3700; x_wconf 80' lang='grc' dir='ltr'>εἰσωθεῖ</span> <span class='ocrx_word' id='word_1_362' title='bbox 474 3643 510 3708; x_wconf 79' lang='grc' dir='ltr'>εἰς</span> <span class='ocrx_word' id='word_1_363' title='bbox 522 3640 583 3710; x_wconf 75' lang='grc' dir='ltr'>τοὺς</span> <span class='ocrx_word' id='word_1_364' title='bbox 593 3641 735 3711; x_wconf 72' lang='grc' dir='ltr'>κινδύνους.</span> <span class='ocrx_word' id='word_1_365' title='bbox 746 3641 837 3703; x_wconf 48' lang='grc' dir='ltr'>Ἐπί,</span> <span class='ocrx_word' id='word_1_366' title='bbox 930 3635 1034 3698; x_wconf 89' lang='lat' dir='ltr'><strong>l.Vide</strong></span> <span class='ocrx_word' id='word_1_367' title='bbox 1040 3634 1174 3716; x_wconf 90' lang='lat' dir='ltr'><strong>quomodo</strong></span> <span class='ocrx_word' id='word_1_368' title='bbox 1184 3654 1212 3695; x_wconf 91' lang='lat' dir='ltr'>se</span> <span class='ocrx_word' id='word_1_369' title='bbox 1227 3635 1255 3696; x_wconf 90' lang='lat' dir='ltr'>in</span> <span class='ocrx_word' id='word_1_370' title='bbox 1268 3635 1387 3718; x_wconf 89' lang='lat' dir='ltr'><strong>pericula</strong></span> <span class='ocrx_word' id='word_1_371' title='bbox 1399 3635 1635 3716; x_wconf 83' lang='lat' dir='ltr'><strong>conjiciat.Subdit</strong></span> 
     </span>
     <span class='ocr_line' id='line_1_31' title="bbox 59 3725 1634 3816; baseline -0.002 -25"><span class='ocrx_word' id='word_1_372' title='bbox 59 3758 101 3812; x_wconf 92' lang='grc' dir='ltr'>γει</span> <span class='ocrx_word' id='word_1_373' title='bbox 122 3733 192 3814; x_wconf 88' lang='grc' dir='ltr'>γάρ·</span> <span class='ocrx_word' id='word_1_374' title='bbox 216 3733 337 3811; x_wconf 87' lang='grc' dir='ltr'>Ἐγένετο</span> <span class='ocrx_word' id='word_1_375' title='bbox 356 3733 384 3792; x_wconf 87' lang='grc' dir='ltr'>δέ</span> <span class='ocrx_word' id='word_1_376' title='bbox 404 3756 449 3811; x_wconf 90' lang='grc' dir='ltr'>μοι</span> <span class='ocrx_word' id='word_1_377' title='bbox 470 3733 659 3816; x_wconf 76' lang='grc' dir='ltr'>ὑποστρέφοντι</span> <span class='ocrx_word' id='word_1_378' title='bbox 680 3738 717 3802; x_wconf 79' lang='grc' dir='ltr'>εἰς</span> <span class='ocrx_word' id='word_1_379' title='bbox 735 3733 835 3816; x_wconf 73' lang='grc' dir='ltr'>Ἱιρου-</span> <span class='ocrx_word' id='word_1_380' title='bbox 889 3725 978 3788; x_wconf 83' lang='lat' dir='ltr'><strong>enim:</strong></span> <span class='ocrx_word' id='word_1_381' title='bbox 992 3729 1118 3788; x_wconf 86' lang='lat' dir='ltr'><strong>Factum</strong></span> <span class='ocrx_word' id='word_1_382' title='bbox 1128 3741 1171 3788; x_wconf 85' lang='lat' dir='ltr'>est</span> <span class='ocrx_word' id='word_1_383' title='bbox 1180 3740 1280 3787; x_wconf 86' lang='lat' dir='ltr'><strong>autem</strong></span> <span class='ocrx_word' id='word_1_384' title='bbox 1288 3732 1445 3788; x_wconf 82' lang='lat' dir='ltr'><strong>revertenti</strong></span> <span class='ocrx_word' id='word_1_385' title='bbox 1456 3729 1529 3787; x_wconf 79' lang='lat' dir='ltr'><strong>milii</strong></span> <span class='ocrx_word' id='word_1_386' title='bbox 1542 3732 1574 3787; x_wconf 86' lang='lat' dir='ltr'>in</span> <span class='ocrx_word' id='word_1_387' title='bbox 1583 3730 1634 3788; x_wconf 85' lang='lat' dir='ltr'>Je-</span> 
     </span>
     <span class='ocr_line' id='line_1_32' title="bbox 60 3815 1633 3907; baseline 0.001 -27"><span class='ocrx_word' id='word_1_388' title='bbox 60 3825 169 3901; x_wconf 80' lang='grc' dir='ltr'>σολήμ·</span> <span class='ocrx_word' id='word_1_389' title='bbox 186 3822 335 3896; x_wconf 86' lang='grc' dir='ltr'>τουτέστιν,</span> <span class='ocrx_word' id='word_1_390' title='bbox 353 3815 431 3895; x_wconf 73' lang='grc' dir='ltr'>ἦλθον</span> <span class='ocrx_word' id='word_1_391' title='bbox 451 3823 519 3902; x_wconf 85' lang='grc' dir='ltr'>μετδι</span> <span class='ocrx_word' id='word_1_392' title='bbox 542 3824 591 3897; x_wconf 79' lang='grc' dir='ltr'>τὴν</span> <span class='ocrx_word' id='word_1_393' title='bbox 606 3826 664 3907; x_wconf 79' lang='grc' dir='ltr'>ὄψιν</span> <span class='ocrx_word' id='word_1_394' title='bbox 686 3825 787 3899; x_wconf 85' lang='grc' dir='ltr'>ἐκείνην</span> <span class='ocrx_word' id='word_1_395' title='bbox 800 3829 836 3894; x_wconf 85' lang='grc' dir='ltr'>εἶς</span> <span class='ocrx_word' id='word_1_396' title='bbox 844 3865 880 3904; x_wconf 59' lang='lat'>„⁸</span> <span class='ocrx_word' id='word_1_397' title='bbox 889 3821 1032 3896; x_wconf 75' lang='lat' dir='ltr'><strong>ruralem3</strong></span> <span class='ocrx_word' id='word_1_398' title='bbox 1042 3819 1071 3880; x_wconf 93' lang='lat' dir='ltr'>id</span> <span class='ocrx_word' id='word_1_399' title='bbox 1081 3832 1128 3896; x_wconf 88' lang='lat' dir='ltr'><strong>est,</strong></span> <span class='ocrx_word' id='word_1_400' title='bbox 1141 3832 1201 3900; x_wconf 90' lang='lat' dir='ltr'><strong>post</strong></span> <span class='ocrx_word' id='word_1_401' title='bbox 1214 3818 1345 3880; x_wconf 75' lang='lat' dir='ltr'><strong>visionem</strong></span> <span class='ocrx_word' id='word_1_402' title='bbox 1357 3818 1433 3878; x_wconf 89' lang='lat' dir='ltr'><strong>illam</strong></span> <span class='ocrx_word' id='word_1_403' title='bbox 1446 3820 1576 3879; x_wconf 87' lang='lat' dir='ltr'><strong>rursusin</strong></span> <span class='ocrx_word' id='word_1_404' title='bbox 1590 3821 1633 3881; x_wconf 88' lang='lat' dir='ltr'>Je-</span> 
     </span>
     <span class='ocr_line' id='line_1_33' title="bbox 59 3904 1634 3998; baseline -0.002 -24"><span class='ocrx_word' id='word_1_405' title='bbox 59 3913 239 3994; x_wconf 78' lang='grc' dir='ltr'>Ἱερουσαλὴμ</span> <span class='ocrx_word' id='word_1_406' title='bbox 259 3914 349 3975; x_wconf 76' lang='grc' dir='ltr'>ποθιιν.</span> <span class='ocrx_word' id='word_1_407' title='bbox 373 3914 424 3974; x_wconf 81' lang='lat' dir='ltr'><strong>Kal</strong></span> <span class='ocrx_word' id='word_1_408' title='bbox 442 3917 655 3996; x_wconf 78' lang='grc' dir='ltr'>προσευχομένου</span> <span class='ocrx_word' id='word_1_409' title='bbox 675 3942 724 3996; x_wconf 92' lang='grc' dir='ltr'>μου</span> <span class='ocrx_word' id='word_1_410' title='bbox 749 3922 775 3977; x_wconf 87' lang='grc' dir='ltr'>ἐν</span> <span class='ocrx_word' id='word_1_411' title='bbox 797 3921 836 3998; x_wconf 82' lang='grc' dir='ltr'>τῷ</span> <span class='ocrx_word' id='word_1_412' title='bbox 853 3921 873 3967; x_wconf 82' lang='grc' dir='ltr'><strong>Α</strong></span> <span class='ocrx_word' id='word_1_413' title='bbox 890 3904 1006 3972; x_wconf 84' lang='lat' dir='ltr'><strong>rusalem</strong></span> <span class='ocrx_word' id='word_1_414' title='bbox 1025 3912 1096 3972; x_wconf 86' lang='lat' dir='ltr'><strong>veni.</strong></span> <span class='ocrx_word' id='word_1_415' title='bbox 1111 3913 1153 3970; x_wconf 80' lang='lat' dir='ltr'><strong>Et</strong></span> <span class='ocrx_word' id='word_1_416' title='bbox 1164 3915 1263 3969; x_wconf 84' lang='lat' dir='ltr'><strong>oranti</strong></span> <span class='ocrx_word' id='word_1_417' title='bbox 1278 3915 1309 3969; x_wconf 87' lang='lat' dir='ltr'>in</span> <span class='ocrx_word' id='word_1_418' title='bbox 1321 3912 1439 3990; x_wconf 87' lang='lat' dir='ltr'><strong>templo,</strong></span> <span class='ocrx_word' id='word_1_419' title='bbox 1453 3911 1528 3992; x_wconf 82' lang='lat' dir='ltr'><strong>fieri</strong></span> <span class='ocrx_word' id='word_1_420' title='bbox 1540 3933 1587 3971; x_wconf 92' lang='lat' dir='ltr'>me</span> <span class='ocrx_word' id='word_1_421' title='bbox 1601 3914 1634 3971; x_wconf 89' lang='lat' dir='ltr'>in</span> 
     </span>
     <span class='ocr_line' id='line_1_34' title="bbox 59 4004 1634 4088; baseline -0.001 -21"><span class='ocrx_word' id='word_1_422' title='bbox 59 4011 137 4088; x_wconf 80' lang='grc' dir='ltr'>ἱερῷ,</span> <span class='ocrx_word' id='word_1_423' title='bbox 151 4005 272 4083; x_wconf 84' lang='grc' dir='ltr'>γενέσθαι</span> <span class='ocrx_word' id='word_1_424' title='bbox 283 4031 316 4085; x_wconf 90' lang='grc' dir='ltr'>με</span> <span class='ocrx_word' id='word_1_425' title='bbox 325 4008 352 4064; x_wconf 88' lang='grc' dir='ltr'>ἐν</span> <span class='ocrx_word' id='word_1_426' title='bbox 364 4006 503 4080; x_wconf 88' lang='grc' dir='ltr'>ἐκστάσει,</span> <span class='ocrx_word' id='word_1_427' title='bbox 516 4008 561 4065; x_wconf 80' lang='grc' dir='ltr'>καὶ</span> <span class='ocrx_word' id='word_1_428' title='bbox 576 4009 638 4066; x_wconf 81' lang='grc' dir='ltr'>ἰδεῖν</span> <span class='ocrx_word' id='word_1_429' title='bbox 653 4007 763 4086; x_wconf 86' lang='grc' dir='ltr'>λέγοντά</span> <span class='ocrx_word' id='word_1_430' title='bbox 775 4029 836 4086; x_wconf 84' lang='grc' dir='ltr'>μοι·</span> <span class='ocrx_word' id='word_1_431' title='bbox 889 4008 1010 4077; x_wconf 83' lang='lat' dir='ltr'><strong>exstasi,</strong></span> <span class='ocrx_word' id='word_1_432' title='bbox 1021 4017 1049 4063; x_wconf 92' lang='lat' dir='ltr'>et</span> <span class='ocrx_word' id='word_1_433' title='bbox 1060 4005 1163 4063; x_wconf 81' lang='lat' dir='ltr'><strong>videre</strong></span> <span class='ocrx_word' id='word_1_434' title='bbox 1178 4004 1263 4062; x_wconf 87' lang='lat' dir='ltr'><strong>iilum</strong></span> <span class='ocrx_word' id='word_1_435' title='bbox 1275 4005 1419 4063; x_wconf 85' lang='lat' dir='ltr'><strong>dicentem</strong></span> <span class='ocrx_word' id='word_1_436' title='bbox 1432 4005 1505 4061; x_wconf 79' lang='lat' dir='ltr'><strong>mili</strong></span> <span class='ocrx_word' id='word_1_437' title='bbox 1516 4026 1526 4061; x_wconf 90' lang='lat'>.·</span> <span class='ocrx_word' id='word_1_438' title='bbox 1537 4005 1634 4065; x_wconf 85' lang='lat' dir='ltr'><strong>Festi·</strong></span> 
     </span>
     <span class='ocr_line' id='line_1_35' title="bbox 59 4095 1634 4181; baseline -0.001 -23"><span class='ocrx_word' id='word_1_439' title='bbox 59 4103 184 4168; x_wconf 83' lang='grc' dir='ltr'>σπεῦσον,</span> <span class='ocrx_word' id='word_1_440' title='bbox 197 4097 243 4157; x_wconf 85' lang='grc' dir='ltr'>καί</span> <span class='ocrx_word' id='word_1_441' title='bbox 256 4097 341 4167; x_wconf 74' lang='grc' dir='ltr'>ἔξελθε</span> <span class='ocrx_word' id='word_1_442' title='bbox 363 4100 390 4157; x_wconf 90' lang='grc' dir='ltr'>ἐν</span> <span class='ocrx_word' id='word_1_443' title='bbox 404 4097 495 4178; x_wconf 84' lang='grc' dir='ltr'>τάχει,</span> <span class='ocrx_word' id='word_1_444' title='bbox 516 4099 581 4158; x_wconf 83' lang='grc' dir='ltr'>διότι</span> <span class='ocrx_word' id='word_1_445' title='bbox 601 4101 629 4159; x_wconf 84' lang='lat' dir='ltr'>oti</span> <span class='ocrx_word' id='word_1_446' title='bbox 645 4099 836 4181; x_wconf 70' lang='grc' dir='ltr'>παραδέξονταί</span> <span class='ocrx_word' id='word_1_447' title='bbox 890 4118 940 4174; x_wconf 86' lang='lat' dir='ltr'>na,</span> <span class='ocrx_word' id='word_1_448' title='bbox 951 4110 980 4156; x_wconf 91' lang='lat' dir='ltr'>et</span> <span class='ocrx_word' id='word_1_449' title='bbox 989 4100 1037 4155; x_wconf 72' lang='lat' dir='ltr'>eti</span> <span class='ocrx_word' id='word_1_450' title='bbox 1044 4096 1186 4154; x_wconf 75' lang='lat' dir='ltr'><strong>velociter</strong></span> <span class='ocrx_word' id='word_1_451' title='bbox 1195 4117 1231 4153; x_wconf 81' lang='lat' dir='ltr'>ex</span> <span class='ocrx_word' id='word_1_452' title='bbox 1237 4095 1415 4168; x_wconf 80' lang='lat' dir='ltr'><strong>Jerusalem,</strong></span> <span class='ocrx_word' id='word_1_453' title='bbox 1425 4099 1565 4176; x_wconf 81' lang='lat' dir='ltr'><strong>quoniam</strong></span> <span class='ocrx_word' id='word_1_454' title='bbox 1574 4116 1634 4156; x_wconf 83' lang='lat' dir='ltr'>non</span> 
     </span>
     <span class='ocr_line' id='line_1_36' title="bbox 59 4185 1718 4274; baseline -0.001 -25"><span class='ocrx_word' id='word_1_455' title='bbox 59 4214 106 4249; x_wconf 91' lang='grc' dir='ltr'>σου</span> <span class='ocrx_word' id='word_1_456' title='bbox 120 4189 169 4263; x_wconf 79' lang='grc' dir='ltr'>τλν</span> <span class='ocrx_word' id='word_1_457' title='bbox 181 4189 327 4270; x_wconf 88' lang='grc' dir='ltr'>μαρτυρίαν</span> <span class='ocrx_word' id='word_1_458' title='bbox 337 4190 399 4271; x_wconf 76' lang='grc' dir='ltr'>περί</span> <span class='ocrx_word' id='word_1_459' title='bbox 408 4189 651 4270; x_wconf 72' lang='grc' dir='ltr'>ἐμοῦ.“ορο,οιίδέ</span> <span class='ocrx_word' id='word_1_460' title='bbox 663 4191 835 4274; x_wconf 84' lang='grc' dir='ltr'>τοῦτοάμάρ-</span> <span class='ocrx_word' id='word_1_461' title='bbox 887 4192 1026 4269; x_wconf 87' lang='lat' dir='ltr'><strong>recipient</strong></span> <span class='ocrx_word' id='word_1_462' title='bbox 1037 4190 1233 4248; x_wconf 86' lang='lat' dir='ltr'><strong>testimoninm</strong></span> <span class='ocrx_word' id='word_1_463' title='bbox 1252 4197 1334 4245; x_wconf 81' lang='lat' dir='ltr'><strong>tunm</strong></span> <span class='ocrx_word' id='word_1_464' title='bbox 1356 4187 1394 4244; x_wconf 84' lang='lat' dir='ltr'>de</span> <span class='ocrx_word' id='word_1_465' title='bbox 1407 4207 1463 4244; x_wconf 90' lang='lat' dir='ltr'>me.</span> <span class='ocrx_word' id='word_1_466' title='bbox 1479 4185 1553 4248; x_wconf 84' lang='lat' dir='ltr'><strong>Vide</strong></span> <span class='ocrx_word' id='word_1_467' title='bbox 1567 4207 1633 4247; x_wconf 84' lang='lat' dir='ltr'><strong>:ne-</strong></span> <span class='ocrx_word' id='word_1_468' title='bbox 1693 4208 1718 4273; x_wconf 23' lang='grc' dir='ltr'>Ἰ</span> 
     </span>
     <span class='ocr_line' id='line_1_37' title="bbox 58 4274 1729 4364; baseline 0 -24"><span class='ocrx_word' id='word_1_469' title='bbox 58 4306 147 4363; x_wconf 88' lang='grc' dir='ltr'>τυρον,</span> <span class='ocrx_word' id='word_1_470' title='bbox 169 4283 229 4341; x_wconf 73' lang='grc' dir='ltr'>ἀλλ’</span> <span class='ocrx_word' id='word_1_471' title='bbox 251 4282 304 4342; x_wconf 66' lang='lat' dir='ltr'>aet</span> <span class='ocrx_word' id='word_1_472' title='bbox 325 4286 373 4352; x_wconf 78' lang='grc' dir='ltr'>τῆς</span> <span class='ocrx_word' id='word_1_473' title='bbox 395 4281 558 4354; x_wconf 83' lang='grc' dir='ltr'>ἐκόάσεωςή</span> <span class='ocrx_word' id='word_1_474' title='bbox 575 4282 718 4364; x_wconf 87' lang='grc' dir='ltr'>μαρτυρία.</span> <span class='ocrx_word' id='word_1_475' title='bbox 740 4274 834 4355; x_wconf 82' lang='grc' dir='ltr'>Ε’ίπεν,</span> <span class='ocrx_word' id='word_1_476' title='bbox 888 4302 941 4360; x_wconf 91' lang='lat' dir='ltr'>que</span> <span class='ocrx_word' id='word_1_477' title='bbox 950 4280 1001 4340; x_wconf 92' lang='lat' dir='ltr'>hoc</span> <span class='ocrx_word' id='word_1_478' title='bbox 1015 4280 1072 4339; x_wconf 87' lang='lat' dir='ltr'><strong>sine</strong></span> <span class='ocrx_word' id='word_1_479' title='bbox 1086 4278 1239 4338; x_wconf 89' lang='lat' dir='ltr'><strong>testimonio</strong></span> <span class='ocrx_word' id='word_1_480' title='bbox 1250 4277 1350 4358; x_wconf 85' lang='lat' dir='ltr'><strong>agitur,</strong></span> <span class='ocrx_word' id='word_1_481' title='bbox 1369 4277 1463 4338; x_wconf 89' lang='lat' dir='ltr'><strong>sedah</strong></span> <span class='ocrx_word' id='word_1_482' title='bbox 1484 4293 1582 4340; x_wconf 85' lang='lat' dir='ltr'><strong>eventu</strong></span> <span class='ocrx_word' id='word_1_483' title='bbox 1593 4293 1633 4340; x_wconf 81' lang='lat' dir='ltr'><strong>cst</strong></span> <span class='ocrx_word' id='word_1_484' title='bbox 1728 4317 1729 4320; x_wconf 61' lang='lat'><em>=</em></span> 
     </span>
     <span class='ocr_line' id='line_1_38' title="bbox 56 4371 1633 4456; baseline 0.001 -25"><span class='ocrx_word' id='word_1_485' title='bbox 56 4374 97 4432; x_wconf 79' lang='grc' dir='ltr'>δτι</span> <span class='ocrx_word' id='word_1_486' title='bbox 112 4375 155 4432; x_wconf 77' lang='lat' dir='ltr'>Oi</span> <span class='ocrx_word' id='word_1_487' title='bbox 164 4372 280 4441; x_wconf 84' lang='grc' dir='ltr'>δέξονταί</span> <span class='ocrx_word' id='word_1_488' title='bbox 294 4395 340 4431; x_wconf 92' lang='grc' dir='ltr'>σου</span> <span class='ocrx_word' id='word_1_489' title='bbox 353 4371 401 4446; x_wconf 69' lang='grc' dir='ltr'>τὴν</span> <span class='ocrx_word' id='word_1_490' title='bbox 413 4374 575 4456; x_wconf 87' lang='grc' dir='ltr'>μαρτυρίαν·</span> <span class='ocrx_word' id='word_1_491' title='bbox 587 4375 632 4432; x_wconf 82' lang='grc' dir='ltr'>κοιλ</span> <span class='ocrx_word' id='word_1_492' title='bbox 646 4376 692 4435; x_wconf 80' lang='grc' dir='ltr'>οὐκ</span> <span class='ocrx_word' id='word_1_493' title='bbox 703 4374 831 4444; x_wconf 77' lang='grc' dir='ltr'>ἐδέξαντο.</span> <span class='ocrx_word' id='word_1_494' title='bbox 886 4372 1077 4433; x_wconf 86' lang='lat' dir='ltr'><strong>testimonium.</strong></span> <span class='ocrx_word' id='word_1_495' title='bbox 1101 4371 1224 4445; x_wconf 84' lang='lat' dir='ltr'><strong>Dixerat,</strong></span> <span class='ocrx_word' id='word_1_496' title='bbox 1250 4372 1320 4431; x_wconf 85' lang='lat' dir='ltr'><strong>Non</strong></span> <span class='ocrx_word' id='word_1_497' title='bbox 1339 4375 1479 4451; x_wconf 85' lang='lat' dir='ltr'><strong>recipient</strong></span> <span class='ocrx_word' id='word_1_498' title='bbox 1501 4375 1633 4432; x_wconf 84' lang='lat' dir='ltr'><strong>testimo-</strong></span> 
     </span>
     <span class='ocr_line' id='line_1_39' title="bbox 57 4464 1631 4546; baseline 0 -21"><span class='ocrx_word' id='word_1_499' title='bbox 57 4465 112 4525; x_wconf 83' lang='grc' dir='ltr'>Καὶ</span> <span class='ocrx_word' id='word_1_500' title='bbox 126 4464 179 4543; x_wconf 81' lang='grc' dir='ltr'>μὴν</span> <span class='ocrx_word' id='word_1_501' title='bbox 196 4464 248 4524; x_wconf 74' lang='grc' dir='ltr'>ἀπὸ</span> <span class='ocrx_word' id='word_1_502' title='bbox 261 4467 396 4545; x_wconf 87' lang='grc' dir='ltr'>λογισμῶν</span> <span class='ocrx_word' id='word_1_503' title='bbox 414 4465 466 4524; x_wconf 85' lang='grc' dir='ltr'>ἔδει</span> <span class='ocrx_word' id='word_1_504' title='bbox 479 4471 658 4540; x_wconf 80' lang='grc' dir='ltr'>ὑποπτεῦσαι,</span> <span class='ocrx_word' id='word_1_505' title='bbox 673 4467 714 4526; x_wconf 85' lang='grc' dir='ltr'>δτι</span> <span class='ocrx_word' id='word_1_506' title='bbox 727 4467 833 4536; x_wconf 91' lang='grc' dir='ltr'>πάντως</span> <span class='ocrx_word' id='word_1_507' title='bbox 887 4471 968 4526; x_wconf 84' lang='lat' dir='ltr'><strong>nium</strong></span> <span class='ocrx_word' id='word_1_508' title='bbox 983 4479 1080 4526; x_wconf 86' lang='lat' dir='ltr'><strong>tuum:</strong></span> <span class='ocrx_word' id='word_1_509' title='bbox 1095 4479 1120 4524; x_wconf 90' lang='lat' dir='ltr'>et</span> <span class='ocrx_word' id='word_1_510' title='bbox 1132 4485 1184 4524; x_wconf 91' lang='lat' dir='ltr'>non</span> <span class='ocrx_word' id='word_1_511' title='bbox 1197 4479 1364 4546; x_wconf 87' lang='lat' dir='ltr'><strong>receperunt.</strong></span> <span class='ocrx_word' id='word_1_512' title='bbox 1382 4465 1459 4525; x_wconf 86' lang='lat' dir='ltr'><strong>Certe</strong></span> <span class='ocrx_word' id='word_1_513' title='bbox 1469 4487 1504 4526; x_wconf 86' lang='lat' dir='ltr'>ex</span> <span class='ocrx_word' id='word_1_514' title='bbox 1521 4465 1631 4526; x_wconf 84' lang='lat' dir='ltr'><strong>ratioci-</strong></span> 
     </span>
     <span class='ocr_line' id='line_1_40' title="bbox 56 4554 1632 4640; baseline 0.001 -26"><span class='ocrx_word' id='word_1_515' title='bbox 56 4556 183 4624; x_wconf 82' lang='grc' dir='ltr'>δέξονται.</span> <span class='ocrx_word' id='word_1_516' title='bbox 201 4554 275 4632; x_wconf 64' lang='lat' dir='ltr'><strong>’um</strong></span> <span class='ocrx_word' id='word_1_517' title='bbox 297 4555 349 4638; x_wconf 79' lang='grc' dir='ltr'>γάρ</span> <span class='ocrx_word' id='word_1_518' title='bbox 370 4555 442 4632; x_wconf 81' lang='grc' dir='ltr'>ἥμην</span> <span class='ocrx_word' id='word_1_519' title='bbox 464 4561 478 4616; x_wconf 89' lang='grc' dir='ltr'>θ</span> <span class='ocrx_word' id='word_1_520' title='bbox 502 4556 650 4638; x_wconf 82' lang='grc' dir='ltr'>φυλακίζων</span> <span class='ocrx_word' id='word_1_521' title='bbox 669 4558 715 4617; x_wconf 82' lang='grc' dir='ltr'>καὶ</span> <span class='ocrx_word' id='word_1_522' title='bbox 738 4557 831 4639; x_wconf 87' lang='grc' dir='ltr'>δέρων,</span> <span class='ocrx_word' id='word_1_523' title='bbox 886 4559 931 4618; x_wconf 90' lang='lat' dir='ltr'>nio</span> <span class='ocrx_word' id='word_1_524' title='bbox 940 4557 1141 4640; x_wconf 84' lang='lat' dir='ltr'><strong>conjectandum</strong></span> <span class='ocrx_word' id='word_1_525' title='bbox 1152 4571 1218 4631; x_wconf 83' lang='lat' dir='ltr'><strong>erat,</strong></span> <span class='ocrx_word' id='word_1_526' title='bbox 1229 4557 1302 4638; x_wconf 86' lang='lat' dir='ltr'><strong>quod</strong></span> <span class='ocrx_word' id='word_1_527' title='bbox 1312 4571 1397 4617; x_wconf 88' lang='lat' dir='ltr'><strong>essent</strong></span> <span class='ocrx_word' id='word_1_528' title='bbox 1409 4556 1552 4639; x_wconf 80' lang='lat' dir='ltr'><strong>recepturi.</strong></span> <span class='ocrx_word' id='word_1_529' title='bbox 1565 4559 1632 4638; x_wconf 83' lang='lat' dir='ltr'>Ego</span> 
     </span>
     <span class='ocr_line' id='line_1_41' title="bbox 56 4646 1627 4728; baseline 0.001 -22"><span class='ocrx_word' id='word_1_530' title='bbox 56 4647 147 4728; x_wconf 83' lang='grc' dir='ltr'>φησίν.</span> <span class='ocrx_word' id='word_1_531' title='bbox 161 4646 247 4706; x_wconf 77' lang='grc' dir='ltr'>Ὥστε</span> <span class='ocrx_word' id='word_1_532' title='bbox 271 4647 315 4705; x_wconf 80' lang='grc' dir='ltr'>διδ</span> <span class='ocrx_word' id='word_1_533' title='bbox 338 4652 414 4707; x_wconf 89' lang='grc' dir='ltr'>τοῦτο</span> <span class='ocrx_word' id='word_1_534' title='bbox 438 4647 491 4707; x_wconf 84' lang='grc' dir='ltr'>ἔδει</span> <span class='ocrx_word' id='word_1_535' title='bbox 520 4647 612 4716; x_wconf 82' lang='grc' dir='ltr'>οθτοθς</span> <span class='ocrx_word' id='word_1_536' title='bbox 635 4648 770 4717; x_wconf 80' lang='grc' dir='ltr'>δέξασθαι·</span> <span class='ocrx_word' id='word_1_537' title='bbox 784 4651 831 4710; x_wconf 82' lang='grc' dir='ltr'>καὶ</span> <span class='ocrx_word' id='word_1_538' title='bbox 885 4653 963 4708; x_wconf 87' lang='lat' dir='ltr'><strong>enim</strong></span> <span class='ocrx_word' id='word_1_539' title='bbox 978 4669 1059 4708; x_wconf 70' lang='lat' dir='ltr'>mam</span> <span class='ocrx_word' id='word_1_540' title='bbox 1072 4648 1249 4706; x_wconf 84' lang='lat' dir='ltr'><strong>concludens</strong></span> <span class='ocrx_word' id='word_1_541' title='bbox 1258 4650 1291 4705; x_wconf 89' lang='lat' dir='ltr'>in</span> <span class='ocrx_word' id='word_1_542' title='bbox 1303 4668 1448 4709; x_wconf 84' lang='lat' dir='ltr'><strong>carcerem</strong></span> <span class='ocrx_word' id='word_1_543' title='bbox 1459 4660 1488 4706; x_wconf 90' lang='lat' dir='ltr'>et</span> <span class='ocrx_word' id='word_1_544' title='bbox 1501 4649 1627 4720; x_wconf 70' lang='lat' dir='ltr'><strong>cunas,</strong></span> 
     </span>
     <span class='ocr_line' id='line_1_42' title="bbox 54 4737 1630 4821; baseline -0.001 -20"><span class='ocrx_word' id='word_1_545' title='bbox 54 4741 130 4819; x_wconf 76' lang='grc' dir='ltr'>ὅμως</span> <span class='ocrx_word' id='word_1_546' title='bbox 139 4740 188 4800; x_wconf 76' lang='grc' dir='ltr'>οὐκ</span> <span class='ocrx_word' id='word_1_547' title='bbox 200 4737 329 4807; x_wconf 77' lang='grc' dir='ltr'>ἐδέξαντο.</span> <span class='ocrx_word' id='word_1_548' title='bbox 340 4740 388 4799; x_wconf 78' lang='grc' dir='ltr'>Διὸ</span> <span class='ocrx_word' id='word_1_549' title='bbox 402 4740 533 4802; x_wconf 76' lang='grc' dir='ltr'>καὶτοῦτο</span> <span class='ocrx_word' id='word_1_550' title='bbox 544 4744 569 4802; x_wconf 91' lang='grc' dir='ltr'>ἐν</span> <span class='ocrx_word' id='word_1_551' title='bbox 584 4745 616 4820; x_wconf 85' lang='grc' dir='ltr'>τῇ</span> <span class='ocrx_word' id='word_1_552' title='bbox 630 4741 753 4803; x_wconf 90' lang='grc' dir='ltr'>ἐκστάσει</span> <span class='ocrx_word' id='word_1_553' title='bbox 764 4767 831 4821; x_wconf 82' lang='grc' dir='ltr'>μον·</span> <span class='ocrx_word' id='word_1_554' title='bbox 884 4740 982 4821; x_wconf 88' lang='lat' dir='ltr'><strong>inquit.</strong></span> <span class='ocrx_word' id='word_1_555' title='bbox 1001 4739 1066 4800; x_wconf 88' lang='lat' dir='ltr'><strong>Ideo</strong></span> <span class='ocrx_word' id='word_1_556' title='bbox 1083 4739 1168 4819; x_wconf 88' lang='lat' dir='ltr'><strong>igitur</strong></span> <span class='ocrx_word' id='word_1_557' title='bbox 1181 4739 1298 4820; x_wconf 89' lang='lat' dir='ltr'><strong>recipere</strong></span> <span class='ocrx_word' id='word_1_558' title='bbox 1317 4740 1476 4821; x_wconf 85' lang='lat' dir='ltr'><strong>oportebat;</strong></span> <span class='ocrx_word' id='word_1_559' title='bbox 1491 4752 1518 4800; x_wconf 89' lang='lat' dir='ltr'>et</span> <span class='ocrx_word' id='word_1_560' title='bbox 1542 4753 1630 4800; x_wconf 85' lang='lat' dir='ltr'><strong>tamen</strong></span> 
     </span>
     <span class='ocr_line' id='line_1_43' title="bbox 55 4829 1631 4914; baseline 0.001 -22"><span class='ocrx_word' id='word_1_561' title='bbox 55 4832 130 4892; x_wconf 79' lang='grc' dir='ltr'>θάνεν</span> <span class='ocrx_word' id='word_1_562' title='bbox 143 4830 174 4889; x_wconf 77' lang='lat' dir='ltr'><strong>tl</strong></span> <span class='ocrx_word' id='word_1_563' title='bbox 190 4829 227 4908; x_wconf 82' lang='grc' dir='ltr'>μὴ</span> <span class='ocrx_word' id='word_1_564' title='bbox 244 4831 452 4911; x_wconf 79' lang='grc' dir='ltr'>παραδεχθῆναι.</span> <span class='ocrx_word' id='word_1_565' title='bbox 468 4831 599 4893; x_wconf 81' lang='grc' dir='ltr'>Ἐνταῦθα</span> <span class='ocrx_word' id='word_1_566' title='bbox 613 4833 659 4893; x_wconf 84' lang='grc' dir='ltr'>δύο</span> <span class='ocrx_word' id='word_1_567' title='bbox 679 4857 829 4897; x_wconf 84' lang='grc' dir='ltr'>κατασκευ·</span> <span class='ocrx_word' id='word_1_568' title='bbox 885 4852 937 4893; x_wconf 84' lang='lat' dir='ltr'>non</span> <span class='ocrx_word' id='word_1_569' title='bbox 949 4834 1114 4914; x_wconf 81' lang='lat' dir='ltr'><strong>receperunt.</strong></span> <span class='ocrx_word' id='word_1_570' title='bbox 1125 4830 1191 4890; x_wconf 86' lang='lat' dir='ltr'><strong>ldeo</strong></span> <span class='ocrx_word' id='word_1_571' title='bbox 1203 4831 1255 4890; x_wconf 84' lang='lat' dir='ltr'><strong>ltoc</strong></span> <span class='ocrx_word' id='word_1_572' title='bbox 1268 4830 1296 4890; x_wconf 88' lang='lat' dir='ltr'>in</span> <span class='ocrx_word' id='word_1_573' title='bbox 1313 4831 1411 4891; x_wconf 80' lang='lat' dir='ltr'><strong>exstasi</strong></span> <span class='ocrx_word' id='word_1_574' title='bbox 1430 4829 1519 4909; x_wconf 85' lang='lat' dir='ltr'><strong>discit,</strong></span> <span class='ocrx_word' id='word_1_575' title='bbox 1529 4853 1557 4891; x_wconf 86' lang='lat' dir='ltr'>se</span> <span class='ocrx_word' id='word_1_576' title='bbox 1577 4851 1631 4894; x_wconf 87' lang='lat' dir='ltr'>nou</span> 
     </span>
     <span class='ocr_line' id='line_1_44' title="bbox 55 4920 1629 5008; baseline -0.001 -24"><span class='ocrx_word' id='word_1_577' title='bbox 55 4925 128 4993; x_wconf 80' lang='grc' dir='ltr'>άζει,</span> <span class='ocrx_word' id='word_1_578' title='bbox 151 4921 192 4981; x_wconf 83' lang='grc' dir='ltr'>ότι</span> <span class='ocrx_word' id='word_1_579' title='bbox 205 4945 234 4980; x_wconf 89' lang='grc' dir='ltr'>τε</span> <span class='ocrx_word' id='word_1_580' title='bbox 247 4922 433 5001; x_wconf 81' lang='grc' dir='ltr'>ἀνοπολόγητα</span> <span class='ocrx_word' id='word_1_581' title='bbox 452 4926 539 4992; x_wconf 78' lang='grc' dir='ltr'>αὐτοῖς</span> <span class='ocrx_word' id='word_1_582' title='bbox 553 4924 640 4985; x_wconf 80' lang='grc' dir='ltr'>ἐστίν·</span> <span class='ocrx_word' id='word_1_583' title='bbox 655 4928 684 4985; x_wconf 83' lang='grc' dir='ltr'>σθ</span> <span class='ocrx_word' id='word_1_584' title='bbox 697 4926 747 5008; x_wconf 74' lang='grc' dir='ltr'>γάρ</span> <span class='ocrx_word' id='word_1_585' title='bbox 761 4928 829 4988; x_wconf 84' lang='grc' dir='ltr'>κοτδ</span> <span class='ocrx_word' id='word_1_586' title='bbox 847 4922 867 4975; x_wconf 79' lang='grc' dir='ltr'><strong>Β</strong></span> <span class='ocrx_word' id='word_1_587' title='bbox 884 4923 1068 5006; x_wconf 87' lang='lat' dir='ltr'><strong>recipiendum</strong></span> <span class='ocrx_word' id='word_1_588' title='bbox 1081 4942 1147 4982; x_wconf 86' lang='lat' dir='ltr'><strong>esse.</strong></span> <span class='ocrx_word' id='word_1_589' title='bbox 1165 4921 1217 4981; x_wconf 87' lang='lat' dir='ltr'>Hic</span> <span class='ocrx_word' id='word_1_590' title='bbox 1233 4920 1288 4981; x_wconf 91' lang='lat' dir='ltr'><strong>duo</strong></span> <span class='ocrx_word' id='word_1_591' title='bbox 1307 4923 1405 5004; x_wconf 86' lang='lat' dir='ltr'><strong>probat</strong></span> <span class='ocrx_word' id='word_1_592' title='bbox 1419 4943 1426 4979; x_wconf 82' lang='grc' dir='ltr'>ι</span> <span class='ocrx_word' id='word_1_593' title='bbox 1439 4935 1465 4981; x_wconf 90' lang='lat' dir='ltr'>et</span> <span class='ocrx_word' id='word_1_594' title='bbox 1478 4922 1554 5002; x_wconf 88' lang='lat' dir='ltr'><strong>quod</strong></span> <span class='ocrx_word' id='word_1_595' title='bbox 1575 4943 1629 4982; x_wconf 88' lang='lat' dir='ltr'>non</span> 
     </span>
     <span class='ocr_line' id='line_1_45' title="bbox 53 5012 1629 5100; baseline 0.001 -28"><span class='ocrx_word' id='word_1_596' title='bbox 53 5015 86 5074; x_wconf 87' lang='grc' dir='ltr'>τδ</span> <span class='ocrx_word' id='word_1_597' title='bbox 114 5012 184 5080; x_wconf 73' lang='lat' dir='ltr'><strong>eut&lt;</strong></span> <span class='ocrx_word' id='word_1_598' title='bbox 207 5012 284 5072; x_wconf 80' lang='grc' dir='ltr'>αὐτὸν</span> <span class='ocrx_word' id='word_1_599' title='bbox 307 5013 414 5073; x_wconf 88' lang='grc' dir='ltr'>ἐδίωκον</span> <span class='ocrx_word' id='word_1_600' title='bbox 429 5016 488 5074; x_wconf 79' lang='grc' dir='ltr'>οὐδὲ</span> <span class='ocrx_word' id='word_1_601' title='bbox 503 5016 589 5076; x_wconf 75' lang='grc' dir='ltr'>Ι’κατίι</span> <span class='ocrx_word' id='word_1_602' title='bbox 608 5015 703 5095; x_wconf 91' lang='grc' dir='ltr'>λόγον·</span> <span class='ocrx_word' id='word_1_603' title='bbox 726 5018 771 5077; x_wconf 88' lang='grc' dir='ltr'>κοιλ</span> <span class='ocrx_word' id='word_1_604' title='bbox 788 5018 829 5079; x_wconf 74' lang='grc' dir='ltr'>ὅτι</span> <span class='ocrx_word' id='word_1_605' title='bbox 883 5017 986 5100; x_wconf 85' lang='lat' dir='ltr'><strong>possint</strong></span> <span class='ocrx_word' id='word_1_606' title='bbox 1000 5014 1140 5092; x_wconf 75' lang='lat' dir='ltr'><strong>excusari,</strong></span> <span class='ocrx_word' id='word_1_607' title='bbox 1156 5033 1217 5074; x_wconf 85' lang='lat' dir='ltr'>nam</span> <span class='ocrx_word' id='word_1_608' title='bbox 1233 5026 1328 5095; x_wconf 78' lang='lat' dir='ltr'><strong>praeter</strong></span> <span class='ocrx_word' id='word_1_609' title='bbox 1347 5013 1476 5076; x_wconf 85' lang='lat' dir='ltr'><strong>decorum</strong></span> <span class='ocrx_word' id='word_1_610' title='bbox 1493 5028 1520 5076; x_wconf 90' lang='lat' dir='ltr'>et</span> <span class='ocrx_word' id='word_1_611' title='bbox 1532 5028 1629 5096; x_wconf 81' lang='lat' dir='ltr'><strong>praeter</strong></span> 
     </span>
    </p>
   </div>
   <div class='ocr_carea' id='block_1_7' title="bbox 85 5215 1189 5291">
    <p class='ocr_par' dir='ltr' id='par_1_12' title="bbox 85 5215 1189 5291">
     <span class='ocr_line' id='line_1_46' title="bbox 85 5215 1189 5291; baseline -0.002 -19"><span class='ocrx_word' id='word_1_612' title='bbox 85 5217 102 5249; x_wconf 74' lang='lat'>*</span> <span class='ocrx_word' id='word_1_613' title='bbox 120 5216 303 5284; x_wconf 69' lang='grc' dir='ltr'>[νπσπρίίπντι</span> <span class='ocrx_word' id='word_1_614' title='bbox 314 5216 355 5279; x_wconf 86' lang='lat' dir='ltr'><strong>l).,</strong></span> <span class='ocrx_word' id='word_1_615' title='bbox 368 5215 411 5267; x_wconf 73' lang='grc' dir='ltr'>θθιί</span> <span class='ocrx_word' id='word_1_616' title='bbox 425 5216 488 5268; x_wconf 74' lang='lat' dir='ltr'><strong>insta</strong></span> <span class='ocrx_word' id='word_1_617' title='bbox 501 5221 683 5291; x_wconf 68' lang='grc' dir='ltr'>ὑποστρέφοντι]</span> <span class='ocrx_word' id='word_1_618' title='bbox 897 5236 908 5261; x_wconf 83' lang='grc'><em>·</em></span> <span class='ocrx_word' id='word_1_619' title='bbox 925 5217 992 5271; x_wconf 76' lang='lat' dir='ltr'><strong>uli-n</strong></span> <span class='ocrx_word' id='word_1_620' title='bbox 1002 5226 1063 5273; x_wconf 72' lang='grc' dir='ltr'>κατὰ</span> <span class='ocrx_word' id='word_1_621' title='bbox 1075 5223 1189 5284; x_wconf 80' lang='grc' dir='ltr'>λογισμόν.</span> 
     </span>
    </p>
   </div>
   <div class='ocr_carea' id='block_1_8' title="bbox 0 0 1868 5978">
    <p class='ocr_par' dir='ltr' id='par_1_13' title="bbox 0 0 1868 5978">
     <span class='ocr_line' id='line_1_47' title="bbox 0 0 1868 5978; baseline 0 3"><span class='ocrx_word' id='word_1_622' title='bbox 0 0 1868 5978; x_wconf 95' lang='lat' dir='ltr'> </span> 
     </span>
    </p>
   </div>
  </div>
 </body>
</html>
