3728 5978
95 462 165 510 200
446 459 474 509 S..
501 458 639 506 ioannis
665 457 849 506 CHRYSOST.
870 457 1026 506 nitemur.
1053 453 1324 505 consummor.

95 586 159 645 Haec
170 583 271 643 dicitin
285 580 457 664 presentium
469 579 594 661 gratiam,
610 595 641 641 ut
654 580 708 640 iilis
719 601 830 661 persua·
888 582 958 662 λέγει
974 581 1017 641 διὰ
1033 581 1092 650 τοὺς
1107 579 1248 662 παρόντας,
1261 578 1305 639 ίνα
1320 576 1366 638 καὶ
1378 574 1493 642 ἐκείνως
1503 573 1594 654 πείση.
1608 572 1657 633 eii

93 675 164 735 deat.
178 674 243 735 Ideo
257 686 342 749 curat,
350 686 380 730 ut
391 671 532 731 Cornelius
542 671 678 750 loquatur.
696 673 835 750 Verbum,
888 677 966 733 τοῦτο
978 672 1173 754 παρασκευάζει
1191 671 1237 732 καλ
1253 670 1298 732 τδν
1318 666 1463 749 Κορνήλισν
1488 668 1580 727 εἰπεῖν.
1606 666 1656 726 'siv

95 768 192 848 inquit,
212 768 291 849 quod
319 768 398 824 misit
402 765 482 846 filiis
504 765 607 824 Israel.
630 762 712 839 Vide,
727 764 781 824 illis
795 764 837 823 in·
889 765 1092 846 λόγον,φησίν,
1107 763 1288 825 δνάπέστειλε
1301 771 1355 829 τοῖς
1367 763 1434 827 υίοῐς
1445 760 1567 841 ἸσραηἸ.
1576 757 1656 840 Ὀρα,

94 861 173 920 terim
185 859 234 920 dat
247 859 463 943 praerogativam.
474 857 580 917 Deinde
593 859 654 919 illos
667 873 746 918 testes
754 856 838 916 indn-
889 858 988 927 τούτοις
1009 858 1100 919 δίδωσι
1117 857 1183 927 τέως
1199 859 1231 919 εδ
1245 855 1385 938 ἐξαίρετον.
1414 844 1485 916 Eira
1504 853 1550 914 καλ
1570 852 1657 919 edroi<

95 953 140 1028 eit,
153 952 257 1013 dicens:
269 955 317 1012 57.
331 955 388 1011 Vos
398 955 479 1011 scitis
490 954 624 1024 verbum,
635 953 837 1032 quodsuctum
891 951 1025 1033 μάρτυρας
1039 952 1178 1032 ἐπάγεται,
1191 950 1291 1032 λέγων·
1306 949 1398 1027 Ὑμεῖς
1409 947 1499 1007 οίδατε
1510 945 1542 1005 τδ
1555 944 1657 1023 γενόμε-

95 1055 138 1101 est
150 1062 203 1122 per
215 1046 382 1102 universam
392 1041 540 1112 Judoenm,
559 1043 700 1121 incipiens
714 1061 733 1098 a
755 1039 838 1099 Gaii·
889 1068 933 1104 νον
949 1049 1023 1125 ῥῆμα
1035 1047 1094 1104 καθ’
1107 1044 1171 1118 ὅλης
1181 1047 1229 1116 τῆς
1239 1040 1377 1115 Ἰουδαίας,
1389 1038 1536 1121 ἀρξάμενον
1553 1038 1607 1097 δπδ
1616 1041 1658 1110 τῆς

94 1134 161 1207 laen,
173 1147 240 1214 post
248 1137 403 1214 baptisma,
420 1132 500 1213 quod
508 1135 680 1211 predicavit
694 1133 835 1191 Joannes.
854 1146 871 1194 ts
891 1137 1055 1214 Γαλιλαίας,
1072 1137 1140 1216 μετὰ
1155 1137 1185 1198 τδ
1197 1137 1347 1218 βάπτισμα,
1360 1134 1375 1195 δ
1388 1131 1512 1211 ἐκήρυξεν
1528 1129 1656 1203 Ἰωάννης.

92 1226 174 1300 Quod
182 1227 222 1287 sic
231 1249 273 1287 res
281 1227 389 1302 habeat,
399 1247 434 1285 ex
443 1224 613 1304 sequentibus
623 1226 773 1285 confirmat.
785 1224 834 1286 58.
891 1229 955 1290 Ὅτι
965 1229 1047 1297 οὕτως
1058 1229 1123 1311 ἔχει,
1136 1235 1213 1290 τοῦτο
1224 1227 1270 1290 καὶ
1284 1228 1337 1288 δπδ
1349 1230 1395 1287 ποῶ
1410 1223 1469 1299 {iit
1481 1222 1595 1302 βεδοιιοῖ.
1609 1221 1657 1295 ’br

92 1318 196 1379 Jcsum
208 1339 229 1378 n
242 1319 405 1389 Nazareth,
421 1318 564 1396 quomodo
578 1321 664 1377 unxit
680 1338 744 1376 eum
756 1318 837 1377 Deus
890 1326 951 1383 σοῶν
964 1322 1009 1382 τδν
1029 1321 1082 1384 ἀπὸ
1099 1320 1239 1405 Ναζαρέθ,
1262 1324 1297 1389 ὣς
1314 1319 1418 1403 ἔχρισεν
1432 1317 1511 1378 etio
1526 1322 1541 1378 δ
1555 1312 1623 1383 Θεὸς
1633 1317 1658 1375 ἐν

91 1413 201 1496 Spiritu
215 1427 319 1474 sancto
334 1426 361 1473 et
376 1417 495 1472 virtute.
507 1413 567 1472 Non
579 1411 661 1488 dixit,
680 1411 771 1472 Nostis
792 1413 836 1473 Je-
890 1413 1028 1492 Πνεύματι
1041 1413 1108 1496 ἁγίῳ
1122 1414 1168 1474 καί
1178 1412 1297 1492 δυνάμει.
1317 1415 1377 1474 Οὔκ
1390 1403 1657 1484 circumcidamini·

92 1526 154 1566 sum
179 1512 277 1584 (neque
300 1505 373 1566 enim
395 1510 548 1582 noverant);
573 1504 620 1564 sed
641 1525 701 1583 qua
724 1504 758 1563 ab
790 1503 838 1564 iilo
890 1506 949 1568 οθδέ
958 1506 1010 1589 γὰρ
1023 1507 1128 1588 ᾔδεσαν·
1138 1505 1309 1568 mertini
1326 1506 1406 1565 αὐτοῦ
1420 1501 1585 1586 εἰργασμένα
1597 1500 1655 1570 διέξ·

91 1597 160 1658 taeta
174 1611 247 1672 sunt,
257 1598 422 1677 narrat.Qui
438 1600 609 1678 pertransiit
628 1599 838 1676 benefaciendo
890 1623 966 1660 εισιν.
991 1598 1044 1668 Ὃς
1064 1601 1170 1671 διῆλθεν
1199 1600 1341 1682 εὐεργετῶν
1363 1595 1544 1674 milduno<
1562 1592 1656 1659 πάντας

92 1706 120 1753 et
130 1695 265 1754 sanando
287 1713 386 1752 omnes
408 1712 558 1774 oppressos
575 1712 595 1750 a
616 1692 745 1751 diabolo.
766 1691 837 1750 Hinc
890 1691 948 1759 τοθς
961 1690 1264 1770 καταδυναστευομένους
1276 1690 1383 1751 inicii
1398 1687 1533 1750 διαύόλου.
1553 1685 1657 1746 Ἐντεῦ-

92 1784 209 1845 ostendit
224 1783 323 1843 multas
338 1782 520 1842 mutilationes
535 1782 694 1859 diabolicas,
708 1795 734 1841 et
744 1803 837 1863 corpo·
890 1789 932 1844 θεν
943 1783 1057 1844 δείκνυσι
1067 1783 1166 1852 πολλάς
1175 1783 1309 1866 πηρώσεις
1322 1780 1475 1848 διαδολυιδς
1487 1778 1535 1839 καί
1545 1780 1657 1858 διαστρο-

92 1876 130 1936 ris
140 1876 258 1935 labesab
270 1874 317 1936 iilo
337 1877 580 1954 iactas.Quonium
594 1877 674 1934 Deus
691 1887 755 1934 erut
770 1895 837 1933 cum
890 1876 940 1958 φήν
957 1875 1081 1958 σώματος
1095 1877 1142 1938 ὑπ’
1155 1876 1254 1938 ἐκείνω
1268 1874 1418 1956 γενομένας.
1440 1871 1508 1935 Ὀτι
1524 1877 1538 1933 θ
1552 1862 1657 1943 Θεδςήν

93 1968 283 2027 ι’ἐέο.Ιίυι·τυιιι
299 1967 416 2026 humilia
440 1965 573 2046 loquitur,
601 1986 654 2025 non
678 1965 735 2025 sine
757 1986 837 2025 causa
892 1972 949 2049 μετ’
970 1973 1060 2031 αὐτοῦ.
1087 1969 1175 2030 Πάλιν
1190 1970 1302 2030 ταπεινὰ
1314 1967 1469 2051 φθέγγεται,
1493 1967 1545 2046 οὔχ
1564 1965 1658 2039 ἁπλῶς,

91 2073 170 2143 puto,
185 2060 231 2120 sed
242 2074 351 2142 propter
362 2059 624 2119 humanitatem59.
634 2061 676 2118 Et
686 2079 738 2118 nos
752 2071 837 2118 testes
890 2053 977 2142 οἶμαι,
990 2064 1059 2125 etit
1073 2063 1117 2124 διδ
1129 2063 1160 2123 τὸ
1177 2062 1348 2145 ἀνθρώπινον.
1374 2060 1428 2121 Καὶ
1440 2064 1519 2140 ἦμεῖς
1535 2056 1659 2139 μάρπνρες

91 2174 191 2214 sumus
203 2157 342 2229 omnium,
357 2174 422 2235 quie
429 2154 508 2235 jecit
530 2156 563 2211 in
583 2155 701 2233 regione
717 2152 838 2210 Judoeo·
890 2157 996 2216 πάντων
1009 2149 1046 2218 ῶν
1058 2157 1182 2231 ἐποίησεν
1197 2157 1223 2218 έν
1236 2181 1266 2217 τε
1277 2155 1397 2238 τῇχύρφ
1407 2158 1461 2214 τῶν
1471 2148 1607 2211 Ἰωδαίων
1617 2148 1659 2209 καί

92 2267 157 2307 rum
167 2261 195 2307 et
204 2248 381 2308 Jerusalem.
393 2247 430 2306 Et
443 2267 502 2322 vos,
514 2245 612 2325 inquit,
623 2258 717 2304 einos.
744 2246 838 2325 Quem
851 2268 871 2318 c
890 2253 917 2310 ἐν
931 2249 1116 2332 Ἰερουσαλήμ
1136 2249 1191 2322 Καὶ
1201 2255 1284 2329 ὑμεῖς,
1298 2248 1373 2330 φησὶ,
1387 2246 1434 2307 καὶ
1447 2251 1537 2324 ἡμεῖς.
1555 2242 1608 2304 Ὃν
1619 2239 1661 2301 καί

92 2351 121 2400 et
131 2340 299 2399 occiderunt
310 2340 518 2419 suspendentes
530 2343 562 2397 in
584 2338 675 2419 ligno.
694 2337 746 2397 Hie
777 2360 838 2418 pas·
890 2346 990 2403 ἀυεῑλον
1009 2344 1189 2426 κρεμάσαντες
1210 2342 1254 2403 ἐπὶ
1275 2340 1361 2411 ξύλου.
1385 2341 1519 2400 Ἐνταῦθα
1533 2336 1564 2396 τδ
1581 2333 1661 2401 πάθος

92 2431 195 2492 sionem
217 2432 357 2513 praedicat.
382 2433 433 2492 io.
460 2434 549 2491 Hunc
576 2433 657 2491 Deus
684 2435 838 2491 suscitavit
889 2434 1022 2517 κηρύττει.
1044 2434 1252 2503 ΤοῶτυνθΘεδς
1264 2430 1488 2517 ήγειριτῇτρίτη
1501 2427 1604 2512 ήμέρφ,
1618 2423 1662 2486 καί

93 2528 184 2585 tertia
205 2525 263 2597 die,
291 2537 320 2583 et
346 2525 427 2584 dedit
450 2545 518 2584 cum
546 2524 738 2605 manifestum
752 2521 837 2606 fieri,
889 2528 984 2588 ἔδωκεν
995 2529 1072 2589 αὐτὸν
1083 2532 1187 2610 ἐμφανῆ
1197 2523 1581 2609 γενέσθαι,οθπαντλτῷλαῷ,
1595 2516 1661 2580 ἀλλδ

90 2617 213 2676 iinon
221 2620 302 2675 omni
309 2617 428 2696 populo,
449 2617 502 2677 sed
520 2619 642 2678 testibus
658 2617 839 2696 praeordina·
891 2620 1006 2699 μάρτυσι
1036 2629 1091 2688 τοῖς
1111 2617 1421 2703 προκεχειροτονημένοις
1441 2614 1494 2676 ind
1520 2619 1567 2674 τῶ
1591 2614 1661 2674 Θεοῦ

91 2711 129 2768 tis
143 2730 163 2768 α
182 2710 256 2784 Deo,
280 2711 363 2768 nohis
381 2713 433 2790 qui
453 2695 700 2767 manducavimus
714 2720 742 2766 et
767 2711 838 2766 bibi·
889 2717 970 2789 ἡμῖν,
980 2711 1074 2779 οίτινες
1085 2712 1263 2793 συνεφάγομεν
1274 2710 1320 2771 καὶ
1332 2707 1488 2787 συνεπίομεν
1502 2708 1586 2787 αὐτῷ,
1596 2701 1660 2783 und

92 2819 156 2861 mus
166 2821 232 2860 cum
249 2821 293 2876 co,
306 2813 461 2881 postquam
482 2803 642 2860 resurrexit
665 2820 684 2857 a
706 2803 839 2860 mortuis.
889 2804 921 2864 εδ
934 2807 1080 2876 ἀναστῆναι
1094 2804 1172 2864 αὐτὸν
1187 2806 1218 2863 ἐκ
1228 2807 1337 2883 νεκρῶν.
1360 2804 1449 2861 Τοῦτο
1460 2797 1606 2882 τεκμήριον
1616 2800 1661 2869 τ’ής

91 2890 150 2951 Hoc
171 2889 322 2950 maximum
346 2891 548 2950 resurrectionis
577 2904 769 2970 argumentum
790 2904 838 2951 est.
890 2896 1059 2965 ἀναστάσεως
1071 2896 1203 2976 μέγιστον.
1211 2896 1265 2957 Καὶ
1279 2893 1454 2977 παρήγγειλεν
1466 2897 1533 2971 ἡμῖν
1549 2887 1658 2973 κηρῶξαι

90 2983 139 3042 tu.
154 2985 195 3042 Et
209 2987 345 3062 precepit
356 2986 438 3041 nobis
450 2985 612 3063 proedicnre
630 2983 738 3064 populo
752 2997 780 3042 et
794 2997 840 3044 tc·
890 2994 928 3071 τῷ
948 2991 1006 3071 λαῷ
1020 2990 1066 3050 καλ
1080 2988 1327 3072 διαμαρτύρασθαι,
1346 2989 1388 3048 δτι
1402 2986 1480 3052 αὐτός
1494 2989 1567 3046 ἐστιν
1580 2987 1660 3065 δῶρι·

91 3073 226 3154 stiflcuri,
247 3076 318 3153 quia
339 3077 400 3154 ipse
425 3085 485 3146 est,
520 3079 572 3154 qtri
598 3079 773 3134 constitutus
797 3088 840 3136 est
890 3079 985 3159 σμένος
996 3080 1047 3141 ὑπὸ
1058 3087 1104 3140 τοῦ
1116 3080 1282 3163 Θεοῢκριτλς
1292 3079 1397 3150 ζώντων
1408 3077 1455 3138 καί
1464 3073 1661 3158 νεκρῶνίίίγα

90 3188 111 3225 n
132 3167 208 3237 Deo,
232 3167 326 3247 judex
346 3170 483 3224 ‘uirorum
507 3180 536 3225 et
562 3180 751 3228 mortuorum.
776 3170 839 3228 Ma-
892 3171 938 3232 καί
951 3179 1028 3233 τοῦτο
1040 3172 1242 3256 πρδςτδδεῖξαι
1254 3171 1425 3242 ἀξιοπίστως.
1440 3169 1475 3231 Ὀ
1490 3167 1518 3230 δὲ
1533 3168 1582 3228 καί
1593 3191 1661 3249 μαρ-

91 3257 264 3339 gnumetiam
281 3256 344 3333 hoc,
358 3271 388 3316 ut
409 3256 463 3316 fide
476 3257 573 3339 dignos
584 3259 754 3319 demonstret.
779 3262 840 3341 ipse
854 3285 874 3332 ι)
893 3264 983 3346 πυρίαν
992 3267 1095 3346 ἐπάγει,
1105 3266 1199 3347 λέγων·
1209 3265 1303 3346 Τούτῳ
1314 3264 1409 3331 πάντες
1420 3265 1587 3344 οίπροφῆται
1598 3281 1661 3339 μαρ

91 3350 345 3413 renotestimonium
354 3350 469 3427 inducit,
476 3350 569 3411 dicens
579 3377 585 3410 ι
595 3355 728 3413 idduae
741 3375 839 3415 omnes
894 3365 1031 3439 τυφοῦσιν,
1050 3359 1142 3440 ἄφεσιν
1157 3360 1294 3440 ἁμαρτιῶν
1307 3356 1399 3417 λαδεῖν
1420 3355 1464 3414 διὰ
1477 3359 1526 3414 τοῦ
1537 3351 1661 3430 ὀνόματος

89 3445 237 3525 proplictoe
252 3447 448 3503 testimonium
457 3446 620 3523 perhibent,
640 3450 839 3506 remissionem
895 3454 972 3510 αι’ποῢ
987 3452 1075 3512 πάντα
1083 3452 1127 3512 τδν
1136 3451 1292 3511 πιστεύοντα
1304 3453 1341 3516 εἷς
1349 3447 1436 3509 αὐτόν.
1444 3450 1534 3507 Τοῦτο
1543 3451 1590 3506 ποῶ
1601 3443 1661 3524 μέλ-

91 3542 222 3616 accipere
231 3557 284 3616 per
295 3555 400 3594 nomen
408 3539 470 3616 ejus
491 3558 604 3596 omrtem
622 3542 672 3617 qui
695 3541 788 3598 credit
807 3545 839 3599 in
893 3545 982 3610 λοντος
992 3542 1096 3603 ἔσεσθαι
1107 3542 1175 3620 μετὰ
1187 3548 1272 3601 ταῦτα
1285 3538 1520 3622 προαναφιύνησις·
1531 3537 1564 3611 ήν
1576 3536 1609 3610 δή
1621 3534 1662 3596 καί

91 3631 188 3689 illum.
202 3628 266 3686 Hac
276 3627 417 3710 praedietio
431 3643 470 3687 est
481 3651 583 3707 eorum,
598 3652 658 3709 qua
672 3646 732 3713 post
748 3634 839 3693 sutura
895 3635 1018 3712 βεάαιῶν,
1029 3634 1087 3704 τοὺς
1100 3634 1235 3715 προφήτας
1246 3632 1373 3713 εὐκαίροις
1389 3632 1525 3713 μάρτυρας
1536 3628 1660 3710 παράγει.

92 3722 622 3803 emn13quamconsu'mans‚prophetas
641 3738 791 3804 opportune
799 3739 838 3785 te·
892 3726 962 3786 Ἀλλ’
979 3727 1077 3807 ἴδοιμεν
1097 3728 1195 3788 ἄνωθεν
1214 3726 1249 3785 τά
1264 3724 1333 3785 κατὰ
1351 3724 1395 3784 τδν
1414 3723 1571 3806 Κορνήλιον.
1584 3719 1658 3781 ’Ant-

96 3828 149 3874 stes
161 3814 282 3873 adhibet.
292 3813 347 3873 Sed
369 3828 521 3894 repetamus
536 3835 577 3893 ea,
594 3837 653 3894 qnae
667 3816 701 3875 de
715 3817 840 3878 Cornelio
891 3823 992 3892 οτειλε,
1009 3821 1103 3902 φησίν,
1125 3824 1161 3888 είς
1181 3819 1292 3893 Ἰόππην
1307 3818 1540 3897 μετακαλέοασθαι
1552 3815 1598 3875 τὸν
1609 3813 1660 3874 nt·

92 3908 218 3988 superius
229 3906 302 3965 dicta
316 3920 389 3965 sunt.
402 3909 498 3984 Misit,
513 3907 610 3986 inquit,
624 3913 656 3967 in
669 3911 794 3990 Joppen,
808 3925 840 3971 nt
890 3937 960 3993 τρον.
980 3914 1149 3986 Ἐπίστευσε,
1162 3912 1203 3972 ὅτι
1216 3911 1322 3979 πάντως
1334 3909 1407 3983 ἥξει·
1422 3909 1519 3971 διὸκαὶ
1533 3907 1660 3968 άπαατίλ·

96 4015 258 4062 accerseret
269 4005 401 4063 Petrum.
418 4003 537 4062 Omnino
549 4016 692 4063 venturum
706 4005 838 4064 credidit:
890 4009 946 4081 λει,
970 4005 1015 4065 καί
1038 4006 1185 4084 συνομιλῶν
1209 4006 1295 4085 αὐτῷ,
1314 4002 1409 4084 φησίν,
1431 4005 1546 4072 εἰσῆλθε.
1561 3999 1600 4061 Τί
1612 4001 1660 4080 ἄρα

92 4094 153 4154 ideo
164 4094 246 4153 misit.
264 4097 304 4154 Et
327 4095 449 4177 loquens
463 4116 529 4155 cum
543 4096 608 4168 illo,
625 4096 723 4176 inquit,
742 4102 836 4157 intra·
890 4101 1004 4176 ὁμιλῶν,
1026 4100 1133 4171 Ταῦτα,
1155 4088 1268 4176 'cipum
1282 4095 1466 4177 φθεγγόμενος,
1482 4094 1551 4175 άπερ
1563 4093 1660 4174 ἔμπρο-

93 4190 142 4245 vit.
159 4184 234 4257 Quid
262 4185 395 4264 loquens?
411 4185 463 4262 Ea,
483 4200 514 4244 ut
537 4201 614 4267 puto,
628 4209 687 4266 qnae
713 4190 837 4269 superius
890 4198 950 4252 σθεν
965 4191 1078 4274 είρηται.
1104 4189 1155 4251 Καί
1176 4189 1263 4250 πεσὼν
1275 4190 1320 4249 ἐπὶ
1329 4188 1389 4256 τοὺς
1403 4187 1487 4254 πόδας
1498 4184 1660 4268 προσεκύνη·

26 4272 30 4279 ’
90 4275 162 4336 dieta
175 4280 674 4359 sunt.Etprocidensadpedcsejus‚
691 4282 836 4342 adoravit.
853 4301 871 4348 n
890 4309 942 4344 οεν.
965 4284 1039 4366 Ὅρα
1060 4283 1198 4351 κολακείας
1221 4281 1426 4362 ἀπηλλαγμένον
1446 4280 1491 4340 τδν
1504 4278 1584 4358 λόγον
1597 4301 1660 4337 παν-

91 4368 166 4430 Vide
180 4368 281 4447 ubique
290 4390 438 4428 sermonem
452 4370 487 4428 ab
502 4369 794 4449 adulationealienum,
811 4389 838 4433 et
888 4377 971 4458 ταχοῦ
982 4377 1027 4436 καί
1038 4376 1224 4450 ταπεινότητος
1233 4374 1357 4455 γέμοντα.
1371 4375 1508 4435 Ἐντεῦθεν
1523 4370 1595 4441 ἄξιος
1613 4370 1661 4430 δεί-

91 4459 372 4542 hnmilitateplcnum.
387 4461 458 4520 Hinc
471 4462 572 4542 dignus
586 4464 740 4524 ostenditur
753 4479 779 4524 et
789 4466 836 4525 ilie
889 4491 980 4527 κνυται
993 4466 1038 4526 καί
1051 4470 1147 4532 ἐκεῖνος
1160 4470 1175 4525 ό
1187 4469 1314 4544 εὐνοῦχος.
1335 4462 1477 4524 ’Eetion
1488 4460 1541 4542 γδρ
1553 4465 1595 4542 τῷ
1608 4460 1660 4519 Φι·

90 4554 240 4613 eunuchus.
253 4556 407 4634 Prceeepit‚
422 4555 518 4634 inquit,
528 4558 676 4637 Philippo,
690 4571 723 4616 nt
734 4579 835 4618 ascen·
887 4560 979 4641 λίππιρ
995 4558 1125 4630 ἀναύῆναι
1144 4557 1189 4617 καί
1205 4555 1312 4615 καθίσαι
1334 4555 1378 4616 ἐπί
1394 4554 1425 4614 τδ
1444 4555 1552 4636 ὄχημα·
1575 4552 1660 4613 καίτοι

89 4649 171 4707 deret
186 4662 215 4707 et
233 4649 343 4706 sederet
360 4651 392 4705 in
405 4669 512 4718 σαντα,
530 4649 579 4708 etsi
593 4648 706 4708 nesciret
718 4650 779 4729 quis
790 4673 831 4710 cs-
888 4656 935 4713 οὐκ
949 4652 1036 4726 εἰδὼς,
1049 4651 1121 4719 ὅστις
1143 4649 1227 4722 έστλν,
1245 4648 1263 4720 ἢ
1277 4649 1330 4708 ἀπδ
1343 4653 1391 4722 τ’ής
1406 4644 1571 4727 ἐπαγγελίας
1583 4643 1659 4724 μόνον

89 4752 138 4814 set,
150 4739 202 4799 nisi
212 4740 300 4800 solum
309 4761 343 4798 ex
352 4740 491 4821 prophetae
505 4741 766 4802 commemoratione.
780 4744 834 4804 Hie
887 4748 935 4816 τῆς
948 4752 994 4804 τοῦ
1007 4743 1151 4825 προφήτου.
1171 4732 1257 4809 Οὗτος
1270 4740 1298 4802 δέ
1309 4740 1355 4800 καί
1368 4740 1462 4800 ἐπεσεν
1476 4740 1521 4799 ἐπί
1532 4737 1594 4805 τοὺς
1607 4735 1658 4796 πύ-

89 4852 154 4890 vero
164 4832 244 4891 etiam
256 4831 352 4892 cecidit
364 4832 399 4891 ad
411 4832 499 4913 pedes.
509 4833 610 4893 Viden’
622 4856 709 4894 mores
721 4836 779 4896 sine
792 4838 831 4896 fa·
887 4840 942 4904 δας.
962 4827 1039 4903 Εἶδες
1052 4827 1113 4908 ήθος
1128 4835 1245 4914 άτυφονς
1268 4834 1306 4895 zu
1318 4833 1346 4894 δέ
1357 4855 1402 4910 μοι
1417 4830 1523 4904 σκόπει,
1536 4833 1595 4896 πῶς
1610 4827 1660 4887 δεί-

90 4925 206 4982 εῐυέΤιι
227 4947 292 4984 vero
307 4924 374 4984 mihi
390 4926 536 5002 considera,
557 4928 691 5006 quomodo
712 4930 832 4990 ostendat
887 4955 962 4989 κνυσι
977 4929 1077 5007 Πέτρος
1095 4928 1165 4987 θείαν
1183 4930 1260 4988 αὐτοῦ
1279 4926 1326 4999 τήν
1337 4923 1497 5005 παρουσίαν,
1512 4927 1551 5004 τῷ
1564 4922 1658 5002 λέγειν·

91 5018 185 5075 Petrus
199 5015 325 5077 divinum
339 5040 394 5078 esse
406 5038 484 5078 sunm
496 5018 650 5100 adventum,
666 5044 727 5082 cum
741 5023 808 5083 dicit
822 5048 828 5081 :
887 5023 979 5100 Ὑμεῖς
1001 5021 1141 5081 ἐπίστασθε
1164 5024 1199 5088 ῶς
1219 5017 1341 5098 ἀθέμιτόν
1356 5021 1433 5094 έστι;
1453 5019 1507 5078 Καὶ
1527 5014 1608 5074 διὰτί
1621 5013 1658 5092 μὴ

120 5223 130 5247 ⁸
143 5214 205 5274 οἶμαι
218 5209 288 5261 deest
299 5213 324 5264 in
338 5230 386 5263 uno
399 5212 464 5267 cod.
