3728 5978
237 422 307 514 480
589 436 618 484 s.
646 434 786 487 ιοιινινιε
812 434 991 486 cunrsosr.
1019 437 1174 488 aucruuo.
1200 416 1476 488 cousrnurrrsor.⁴

234 566 381 641 babentes,
401 561 494 623 orbem
512 574 643 620 terrarum
657 559 733 639 quasi
747 573 904 620 extraneum
924 560 977 620 sibi
1032 561 1152 645 peponis<
1166 561 1293 632 θανάιους
1310 561 1526 644 τρέμοντες,καί
1549 561 1745 630 ὑποπτεύοντες
1766 565 1808 623 καί

237 659 389 732 incolentes,
403 654 458 715 imo
471 653 588 734 graviori
602 652 630 712 in
644 664 716 713 statu
729 665 880 729 versantes,
896 674 978 732 quam
1031 654 1121 735 φίλους
1136 653 1181 715 καί
1194 654 1305 724 οἰκείως
1318 654 1364 715 καί
1376 664 1524 735 συγγινιῖς,
1537 654 1585 716 καί
1600 653 1726 734 καθάπερ
1739 654 1808 726 ξένην

237 755 276 830 ii,
290 751 338 833 qui
351 751 379 810 in
391 750 478 810 aliena
491 761 562 809 terra
574 747 685 828 degunt.
700 748 764 808 ldeo
778 748 815 808 ait
827 772 834 805 ι
846 747 976 808 Adeon·
1032 745 1080 818 τὴν
1100 744 1255 824 οἰκουμένην
1270 749 1413 821 οἰκοῦντες,
1434 745 1578 824 μᾶλλονδὲ
1600 747 1697 826 πολλῷ
1718 749 1770 804 τῶν
1783 748 1807 804 ἐν

230 844 401 927 firmandos
420 862 476 902 vos
489 863 543 922 per
566 854 698 900 mutuam
709 841 816 922 fidem.
842 840 901 900 Hoc
914 861 979 901 vero
1033 836 1160 919 άλλοτρίηι
1179 836 1366 917 διατριόόντων
1378 837 1575 919 χαλεπώτερον.
1603 837 1658 897 ott
1680 859 1723 896 τοι
1737 837 1810 897 τοῦτό

234 936 351 1011 dicebat,
372 955 425 994 non
442 933 518 1013 quasi
532 933 591 1016 ipse
606 932 716 993 illorum
734 932 893 993 commilitio
912 954 980 1014 opus
1035 952 1129 1009 φησιν·
1144 931 1192 997 Εἰς
1205 930 1237 990 τό
1250 935 1425 1012 στηριχθῆναι
1439 935 1526 1008 θμθς,
1548 929 1599 991 καί
1617 932 1809 1011 συμπαρειλη-

237 1028 364 1089 baberet:
375 1026 464 1103 absit,
477 1025 613 1106 quomodo
624 1024 696 1084 enirn
708 1024 836 1086 Ecclesiae
848 1026 980 1101 columna,
998 1029 1018 1076 D
1035 1024 1113 1092 θῆναι
1130 1021 1175 1081 διδ
1185 1026 1232 1096 τῆς
1247 1024 1274 1082 έν
1288 1023 1414 1095 ἀλλήλοις
1426 1021 1549 1091 πίστεως.
1561 1024 1653 1083 Τοῦτο
1671 1019 1701 1081 δὲ
1714 1021 1809 1100 ἔλεγεν,

235 1120 308 1181 terro
321 1133 348 1180 et
358 1133 433 1200 petra
444 1119 550 1195 lortior,
566 1117 715 1200 spiritualis
727 1117 775 1177 ille
787 1117 918 1194 adamas,
934 1115 982 1194 qui
1036 1116 1086 1194 οὐχ
1107 1117 1144 1181 ὡς
1166 1116 1242 1181 αὐτὸς
1256 1115 1363 1196 χρῄζων
1380 1118 1428 1187 τῆς
1440 1118 1505 1195 παρ’
1519 1114 1627 1174 ἐκείνων
1639 1113 1811 1194 συμμαχίας,

238 1211 388 1273 innumeris
400 1210 552 1270 sufficiebat
562 1209 739 1289 civitatibus,
754 1210 811 1270 illis
823 1231 892 1291 opus
902 1209 982 1269 habe
1036 1204 1138 1285 ἄπαγε·
1153 1207 1211 1274 πῶς
1223 1206 1275 1286 γάρ
1288 1212 1303 1266 ό
1319 1211 1367 1280 ιη”ς
1383 1206 1545 1280 Ἐκκλησίιις
1555 1208 1666 1280 στῦλος,
1678 1209 1694 1264 δ
1706 1205 1810 1284 σιδήρου

238 1305 301 1365 ret?
315 1303 364 1363 sed
376 1317 407 1362 ut
420 1322 453 1362 ne
464 1302 591 1362 molestus
604 1323 702 1376 sermo,
717 1323 785 1365 neve
798 1303 927 1363 correctio
939 1323 983 1364 ve
1036 1295 1082 1357 καί
1094 1299 1193 1379 πέτρας
1207 1297 1387 1381 στερρότερος,
1409 1304 1424 1360 θ
1444 1299 1623 1378 πνευματικὸς
1642 1296 1750 1376 ἀδάμας
1770 1297 1810 1356 καί

238 1394 388 1455 hementior
401 1407 479 1470 esset,
495 1415 524 1453 se
539 1394 649 1453 illorum
662 1394 842 1455 consolatione
854 1415 923 1476 opus
934 1395 985 1453 ha·
1039 1388 1146 1472 μυρίαις
1171 1395 1259 1473 ἀρκῶν
1278 1391 1405 1468 πόλεσιν,
1426 1394 1485 1455 ἀλλ’
1502 1391 1546 1452 ίνα
1570 1392 1609 1471 μὴ
1636 1391 1811 1473 καταρορυιδι

239 1488 304 1548 bere
321 1486 438 1546 dicebat.
453 1485 534 1558 Quod
546 1486 570 1545 si
588 1486 650 1565 quis
669 1487 715 1548 hic
730 1487 936 1547 consolationem
958 1498 986 1546 et
1039 1482 1138 1563 ποιήση
1152 1483 1196 1542 τόν
1210 1484 1287 1564 λόγον
1300 1484 1367 1565 μηδὲ
1390 1485 1505 1568 σροδρδν
1518 1485 1568 1558 τὴν
1587 1483 1757 1563 ἐπιτίμησιν,
1771 1483 1811 1542 καί

239 1578 361 1639 letitiam
397 1599 432 1638 ex
456 1577 511 1637 fide
531 1592 557 1637 et
580 1578 743 1639 incremento
765 1578 877 1638 illorum
897 1592 985 1639 ortam
1039 1575 1117 1643 αὐτὸς
1126 1577 1228 1635 δεῖσθαι
1238 1581 1287 1648 τῆς
1298 1577 1492 1657 παρακλήσεως
1505 1576 1637 1656 ἔλιγετης
1648 1575 1767 1637 ἐκείνων.
1781 1578 1811 1635 Εἰ

239 1691 309 1752 opus
330 1669 457 1729 habuisse
479 1669 598 1729 Paulum
621 1670 741 1746 dixerit,
771 1670 817 1730 hie
839 1683 910 1732 certe
932 1692 985 1730 non
1040 1667 1069 1727 δέ
1090 1691 1131 1735 τις
1144 1671 1256 1729 ἐνταῦθα
1280 1667 1449 1751 παράκλησιν
1465 1668 1511 1729 καί
1531 1667 1698 1748 εὐφροσύνην
1712 1667 1811 1741 elvini

240 1762 415 1823 aberraverit.
424 1762 454 1822 Si
466 1783 539 1842 ergo,
549 1761 665 1840 inquies,
678 1762 708 1823 id
717 1761 853 1823 desideras
864 1777 889 1823 et
899 1776 985 1844 optas,
1040 1766 1087 1835 τῆς
1100 1759 1215 1828 πίστεως
1234 1762 1320 1820 αὐτῶν
1336 1761 1455 1822 ἐπίδοσιν
1467 1760 1555 1840 λέγοι,
1577 1760 1624 1821 καί
1644 1759 1745 1831 ταύτης
1764 1761 1811 1818 δεῖ·

241 1868 269 1915 et
287 1853 496 1914 consolationem
513 1866 671 1933 accepturus
684 1854 849 1934 daturusque
866 1875 902 1932 es,
920 1855 987 1935 quid
1040 1860 1101 1915 σθαι
1114 1854 1158 1914 τὸν
1169 1856 1286 1925 Παῦλον,
1299 1856 1346 1914 υθκ
1360 1852 1391 1911 ἂν
1405 1851 1463 1915 aest
1478 1850 1561 1919 οὕτως
1575 1852 1697 1931 ἁμάρτοι
1716 1858 1762 1910 τοῦ
1774 1849 1812 1909 λό-

243 1942 358 2026 impedit
371 1945 515 2024 quominus
524 1945 638 2004 venias?
659 1945 737 2006 Hane
747 1967 812 2026 ergo
823 1947 930 2008 solvens
941 1968 986 2006 su·
1041 1971 1098 2025 γου.
1116 1949 1151 2010 Εἰ
1162 1937 1207 2007 οὖν
1226 1945 1272 2006 καί
1284 1949 1436 2023 ἐπιθυμεῖς,
1450 1944 1527 2025 ρησί,
1542 1943 1590 2003 καὶ
1600 1943 1687 2023 τύχη,
1697 1942 1745 2002 καί
1758 1941 1813 2020 μιλ-

241 2036 399 2119 spicionem,
405 2034 511 2117 adjicit:
521 2037 568 2095 ts.
574 2038 653 2096 Nolo
663 2051 761 2114 nutent
773 2058 828 2097 uos
839 2043 984 2121 ignorare,
1004 2051 1023 2100 Ε
1041 2041 1096 2106 λεις
1107 2038 1300 2119 παρακλήσεως
1312 2036 1466 2111 ἀπολαύειν,
1477 2036 1523 2096 καί
1531 2036 1733 2117 παρακλήσεις
1742 2058 1813 2114 ρετα-

239 2134 361 2213 sratres,
386 2132 466 2212 quod
482 2150 558 2210 soepe
579 2131 805 2191 desideraoen'm
825 2137 931 2192 uenire
949 2134 991 2192 ad
1042 2129 1155 2207 διδόναι,
1168 2129 1196 2190 τί
1208 2131 1239 2190 εδ
1251 2129 1353 2191 κωλύοι
1362 2133 1445 2190 ἐλθεῖν
1450 2153 1459 2206 5
1470 2127 1579 2201 Ταύιην
1592 2125 1814 2197 ποίνυνλύωνιην

241 2244 309 2296 vos,
327 2236 356 2283 et
375 2220 530 2303 impeditus
551 2225 608 2280 sim
631 2243 721 2304 usque
737 2225 876 2284 adhunc
898 2227 986 2285 diem.
1042 2222 1177 2298 ὑπόνοιαν,
1191 2221 1342 2304 ἐπήγαγεν·
1356 2221 1474 2283 Ούθελω
1489 2220 1517 2280 δὲ
1530 2225 1600 2298 ὑμᾶς
1610 2222 1728 2301 ἀγνοεῖν,
1742 2221 1816 2278 ἀδελ-

241 2314 316 2379 Vide
335 2314 442 2375 servilis
461 2312 622 2372 obedientiae
642 2314 774 2394 modum,
796 2329 824 2375 et
840 2315 990 2376 admodum
1045 2314 1155 2396 ροί,δτι
1171 2314 1300 2383 πολλάκις
1320 2313 1527 2398 Ι’προεθυμιίθην
1543 2317 1629 2374 ἐλθεῖν
1645 2312 1715 2395 πρὸς
1736 2315 1817 2389 ὑμᾶς,

242 2407 315 2489 grati
327 2407 412 2467 animi
425 2405 658 2486 significationem.
669 2406 751 2479 Quod
765 2407 930 2489 praepeditus
944 2409 989 2484 sit,
1045 2407 1090 2468 καὶ
1105 2406 1238 2481 ἐκωλύθην
1254 2407 1319 2489 ἄχρι
1331 2411 1379 2480 τῆς
1398 2408 1483 2489 δεῦρο.
1495 2405 1570 2488 Ὅρα
1593 2405 1684 2487 μίτρα
1700 2406 1817 2475 esctun

243 2501 301 2580 ait,
318 2498 419 2580 quade
436 2519 536 2575 causa,
561 2519 614 2558 non
627 2498 701 2559 item.
722 2501 816 2579 Neque
829 2499 902 2561 enim
922 2522 990 2560 exa-
1044 2503 1179 2573 θπακυῆς,
1192 2498 1239 2558 καί
1262 2500 1363 2571 πολλῆς
1384 2496 1583 2578 εὐγνωμοσύνης
1601 2494 1818 2565 ἀπόδειξινὍτι

244 2593 330 2654 minat
339 2591 450 2655 Domini
460 2589 629 2668 mandatum,
640 2591 688 2652 sed
698 2592 857 2672 obsequitur
867 2606 988 2653 tantum
1046 2591 1093 2670 μέν
1107 2591 1160 2673 γάρ
1182 2590 1316 2665 ἐκωλύθη,
1330 2589 1419 2672 λέγει·
1435 2588 1478 2649 διά
1490 2589 1517 2649 τί
1534 2588 1577 2665 δὲ,
1592 2589 1694 2649 οὐκέτι.
1710 2591 1754 2648 Οὐ
1772 2587 1819 2669 γάρ

244 2706 408 2767 quamquam
420 2697 538 2766 parerat
551 2683 687 2762 dubitare,
703 2705 751 2745 cur
765 2698 868 2745 tantam
882 2699 991 2764 tamque
1044 2684 1212 2755 ἰξετάζειιοθ
1225 2683 1405 2745 Δεσπότου’τδ
1427 2682 1603 2763 πρόσταγμα,
1617 2681 1690 2741 ἀλλὰ
1704 2679 1819 2740 πείθεται

243 2778 416 2863 splendidam
438 2775 545 2863 urban,
569 2776 605 2837 ad
626 2798 708 2858 quam
724 2778 808 2838 totius
823 2778 895 2839 orbis
916 2778 991 2839 oculi
1047 2777 1140 2857 μόνον·
1155 2775 1242 2837 καίτοι
1264 2800 1296 2856 γε
1313 2776 1382 2845 εἰκὸς
1404 2767 1438 2848 ἦν
1455 2777 1634 2856 διαπορῆσαι,
1648 2773 1720 2843 πίνος
1737 2772 1818 2832 ένειιεν

244 2872 471 2936 convertebantur
473 2871 637 2950 ‚quominus
647 2870 756 2932 doctore
766 2885 841 2933 tanto
850 2873 993 2951 frueretur,
1045 2871 1122 2931 πόλιν
1137 2869 1206 2931 οὕτω
1217 2868 1343 2952 λαμπράν
1351 2867 1397 2928 καί
1409 2867 1541 2948 μεγάλην,
1548 2867 1595 2926 καί
1605 2867 1676 2950 πρδς
1685 2868 1720 2940 ἣν
1734 2867 1817 2925 άπασσ

245 2965 350 3027 tamdiu
375 2962 518 3068 impediret
542 2963 627 3022 Deus.
652 2965 722 3022 Nam
748 2963 796 3042 qui
817 2964 1037 3070 imperantem„²
1047 2961 1183 3033 έόλεπινὴ
1197 2961 1353 3040 οἰκουμένη,
1366 2958 1497 3020 ἐκώλυσεν
1510 2957 1818 3025 όΘαδςάπολσυσαιδι-

246 3058 341 3117 urbem
364 3055 442 3130 vicit,
469 3053 637 3114 subditos
613 3075 672 3135 ejus
691 3054 770 3115 facile
789 3055 912 3133 invadit3
947 3056 995 3137 qui
1000 3019 1031 3120 tq
1026 3018 1181 3115 δασκάλω
1193 3076 1327 3127 τοιουτου
1341 3050 1387 3113 καί
1400 3051 1445 3112 lul
1467 3050 1561 3132 χρόνον
1574 3055 1713 3112 τοσοῦτον.
1725 3049 1761 3110 Ὁ
1777 3048 1817 3128 μὲν

246 3161 337 3207 autem
357 3145 404 3204 illa
417 3143 539 3217 dimissa,
561 3143 679 3204 subditis
693 3144 837 3250 incumbit,
854 3147 900 3207 ille
914 3161 996 3229 caput
1047 3146 1147 3228 γὰρ’
1112 3169 1161 3217 της
1171 3144 1317 3227 κραπουσνς
1340 3142 1442 3213 πόλεως
1467 3142 1686 3224 περιγενόμενος,
1708 3141 1755 3202 καί
1771 3148 1818 3206 τοῖς

247 3238 370 3320 negligit.
385 3241 420 3297 At
438 3236 508 3296 nibil
521 3236 620 3296 borum
632 3237 734 3298 Paulus
749 3237 852 3303 curiose
865 3238 994 3320 indagat,
1048 3235 1205 3320 ἀρχομένοις
1230 3236 1326 3319 ῥηιδίως
1345 3235 1438 3316 ἐπῄει
1457 3235 1591 3308 όδὲτὴν
1611 3234 1817 3314 βασιλικωτέραν

247 3332 295 3393 sed
318 3328 588 3413 incomprebensibili
616 3330 793 3410 providentiae
823 3331 904 3408 cedit,
937 3346 995 3393 tum
1048 3332 1137 3413 άριίς,
1156 3339 1210 3398 τοῖς
1228 3330 1256 3389 δὲ
1276 3329 1402 3401 ὑπηκόοις
1415 3328 1771 3411 ἔρεδρεύυιν,’τδκεράλαιον
1786 3316 1818 3385 εἰ·

248 3426 332 3487 animi
345 3425 388 3484 sui
401 3423 611 3483 moderationem
627 3423 780 3504 ostendens,
798 3439 856 3486 tum
870 3426 995 3488 erudiens
1047 3448 1095 3506 γεν
1107 3421 1284 3501 ἠμελημένον,
1300 3421 1369 3482 Ἀλλ’
1380 3422 1453 3501 όμως
1473 3422 1546 3483 οὐδὲν
1561 3421 1664 3481 τούτων
1679 3419 1817 3502 περιεργά-

248 3535 410 3593 nosomnes,
426 3536 459 3573 ne
471 3535 600 3593 umquam
613 3536 629 3573 a
644 3517 701 3573 Deo
714 3530 851 3595 gestorum
865 3517 997 3581 rationem
1048 3520 1134 3589 ζεται,
1149 3514 1218 3575 ιἰλλθι
1241 3523 1399 3598 παραχωρεῖ
1421 3517 1460 3594 τῷ
1480 3519 1528 3586 τῆς
1543 3512 1669 3594 προνοίας
1688 3511 1818 3582 άκαταλή·

249 3621 423 3691 repetamus,
458 3604 563 3665 etiamsi
590 3605 637 3666 illa
671 3607 772 3667 multos
803 3611 914 3670 turbare
948 3612 996 3673 vi-
1048 3633 1124 3692 πτῳ,
1139 3607 1170 3669 τό
1187 3631 1217 3667 τε
1232 3607 1345 3686 ἐμμελὲς
1358 3606 1568 3685 ἐπιδεικνύμενος
1592 3609 1643 3677 τῆς
1668 3610 1764 3666 έαυτοῦ
1777 3609 1819 3686 ψι-

213 3700 219 3710 ’
248 3701 375 3762 deantur.
405 3699 477 3759 Nam
508 3697 612 3758 domiui
643 3712 748 3760 tantum
779 3715 819 3762 est
840 3702 973 3785 imperare
985 3751 995 3785 ,
1013 3715 1032 3762 B
1049 3702 1171 3784 χῆς,κιιί
1183 3699 1315 3762 παιδεύων
1333 3700 1435 3767 πάντας
1461 3704 1533 3778 ἡμᾶς
1546 3698 1681 3778 μηδέποτε
1698 3699 1818 3759 τὸνθεόν

250 3814 391 3857 servorum
401 3791 523 3872 obsequi.
533 3791 599 3852 Ideo
610 3791 678 3852 dicit
688 3814 716 3852 se
730 3793 892 3875 impeditum
904 3798 996 3877 luisse,
1052 3801 1173 3857 ἀπαιτεῖν
1187 3792 1291 3861 εὐθύνας
1300 3795 1352 3852 τῶν
1362 3791 1569 3872 γινομένων,κᾶν
1581 3794 1646 3872 δοκῇ
1659 3790 1774 3859 πολλοὺς
1785 3797 1820 3850 be

250 3907 381 3967 quarere
391 3885 515 3946 decausa
517 3884 998 3990 ,ruinime·Nequecnimegonovi,
1054 3888 1139 4001 ρμόεῖν
1153 3884 1187 3947 τά
1201 3886 1379 3969 πραττόμενα.
1394 3883 1529 3945 Δεσπόιου
1543 3883 1590 3963 μὲν
1605 3885 1658 3965 γάρ
1675 3889 1735 3946 ἐστι
1749 3884 1821 3963 μόνον

251 3979 348 4060 inquit.
366 3980 407 4040 Ne
420 4000 463 4038 me
481 3977 736 4083 igiturinterroges,
753 4002 812 4059 quae
827 3980 1000 4042 sitvoluntas
1052 3979 1254 4050 τδίπιτάπτειν,
1268 3976 1386 4037 ’δούλων
1407 3975 1434 4037 δὲ
1448 3976 1479 4035 τό
1500 3976 1647 4036 πείθεσθαι.
1667 3979 1722 4038 Δια
1735 3984 1821 4045 τοῦτο,

252 4084 301 4132 aut
313 4072 443 4133 sententia
457 4069 519 4131 Dei.
534 4070 629 4150 Neque
642 4071 714 4131 enim
735 4071 894 4153 figmentum
907 4075 1000 4156 opifici
1053 4071 1298 4152 ότιμένέκωλύθη,
1316 4069 1403 4149 λέγει·
1417 4068 1485 4137 τίνος
1502 4070 1530 4128 δέ
1544 4068 1641 4144 ἕνεκεν,
1656 4071 1759 4131 οὐκέτι
1770 4069 1823 4130 old}

106 4177 163 4224 uam
141 4185 244 4241 m...920
253 4165 345 4226 dicct:
339 4167 536 4226 ·Curmest‘e
547 4165 753 4245 fecistilCur,
767 4187 871 4270 qrraeso,
892 4166 923 4225 id
944 4166 1001 4227 edi·
1054 4163 1172 4246 γάρέγὼ
1189 4155 1247 4224 οἰδα
1257 4162 1353 4242 ,.ρησί
1377 4161 1423 4234 Mt,
1442 4160 1527 4220 τοίνυν
1542 4160 1626 4239 ἐρώτα
1643 4187 1678 4241 με
1691 4168 1824 4242 θεουβ

254 4281 327 4320 scere
342 4257 443 4339 cupis?
467 4277 502 4315 an
516 4256 602 4316 nescis
614 4256 693 4316 illum
705 4258 828 4317 omnium
841 4280 933 4319 euram
946 4259 1000 4320 ba·
1055 4257 1103 4331 λήν
1117 4255 1134 4328 ἢ
1146 4256 1264 4337 γνώμην.
1278 4256 1319 4314 Οὐ
1322 4252 1412 4335 δὲγθρ
1428 4255 1521 4333 έρεῖτδ
1533 4253 1696 4336 πλάσμα
1659 4279 1699 4314 τω
1711 4258 1825 4318 πλάσαν-

255 4354 338 4423 bere,
355 4349 501 4429 sapientem
515 4368 581 4420 esse,
594 4346 701 4406 nihil
679 4368 737 4407 stne
750 4369 828 4408 causa
843 4363 891 4409 aut
903 4364 1002 4412 temere
1055 4377 1094 4426 τι,
1115 4352 1153 4411 Τί
1167 4373 1201 4427 με
1224 4347 1351 4418 ἐποίησας
1365 4346 1452 4418 οὕτως
1468 4348 1549 4415 Ίίνος
1570 4345 1625 4427 γάρ
1650 4348 1794 4420 ἕνεκεν,’
1773 4349 1826 4408 ειπέ

255 4441 357 4519 secisse,
368 4436 441 4519 quod
453 4451 479 4497 te
490 4436 552 4517 plus
562 4457 644 4515 quam
655 4451 777 4519 parentes
786 4439 826 4497 tui
836 4453 916 4517 annet,
929 4441 1002 4521 quod
1058 4443 1177 4524 μοι,καί
1190 4445 1276 4515 ζητεῖς
1291 4444 1384 4516 μαθεῖν
1391 4462 1400 4515 3
1414 4443 1462 4500 οὐκ
1476 4430 1565 4514 οἶσθα,
1579 4438 1620 4499 ότι
1634 4439 1711 4518 μέλει
1723 4441 1826 4501 πάντων

257 4531 343 4616 patris
363 4549 427 4610 erga
445 4541 472 4587 te
491 4528 618 4587 affectum
644 4529 789 4609 matrisque
810 4550 902 4590 euram
923 4532 1004 4614 longe
1058 4541 1145 4619 αὐτῷ,
1155 4531 1379 4615 ότισορόςίστιν,
1392 4529 1432 4591 ότι
1447 4529 1520 4591 οὐδέν
1529 4531 1620 4600 ἁπλῶς
1631 4533 1826 4613 ργάζεται
1785 4533 1826 4593 κε’

258 4624 382 4708 superet’
403 4621 480 4683 Nihil
498 4640 562 4725 crgo
576 4619 647 4680 ultra
659 4642 776 4700 quaeras,
791 4644 877 4703 neque
889 4625 1004 4687 ulterius
1059 4632 1131 4710 εἰκῇ,
1148 4627 1246 4688 ότι”
1210 4649 1263 4684 των
1284 4623 1477 4703 γεγεννηκότων
1498 4646 1528 4683 σε
1552 4626 1654 4701 μᾶλλον
1675 4627 1765 4705 ριλεῖ,
1785 4625 1826 4684 καὶ

257 4718 405 4803 procedas:
399 4716 476 4774 ·haee
490 4713 591 4793 quippe
604 4712 654 4771 tibi
668 4712 704 4773 ad
718 4716 925 4777 consolationem
939 4718 1002 4779 satis
1057 4721 1156 4800 πατρὸς
1171 4722 1202 4778 ἐκ
1216 4718 1369 4777 πολλου
1322 4740 1369 4776 του
1378 4738 1512 4797 περιόντος
1526 4717 1681 4797 υπερόαίνει
1692 4720 1826 4798 ριλοστορ

258 4826 339 4873 sunt:
347 4807 481 4889 siquidem
497 4819 523 4865 et
537 4820 601 4865 tuuc
615 4827 657 4865 res
670 4809 853 4868 Romanorum
871 4810 1004 4892 sapienter
1056 4812 1126 4893 γίαν,
1135 4810 1289 4892 καίμητρδς
1306 4807 1481 4921 κηδεμρνίανς
1496 4800 1628 4880 Μνδεν
1598 4832 1642 4868 ουν
1653 4809 1735 4870 πλεον
1744 4810 1826 4882 ζήτε

259 4905 431 4986 regebantur
449 4897 567 4973 Quodsi
580 4898 714 4958 modum
706 4920 829 4980 ignoras,
846 4925 880 4963 ne
893 4903 921 4963 id
934 4925 1004 4987 aegre
1059 4903 1126 4984 μηδὲ
1148 4903 1276 4984 πρόύαινε
1291 4899 1454 4984 περαιτέρω·
1447 4900 1514 4959 ·καί
1527 4899 1609 4981 γάρ
1594 4910 1670 4982 αρκεῖ
1688 4926 1732 4963 σοι
1746 4925 1825 4962 ταυτα

294 5112 307 5148 n
328 5108 373 5159 Alii
392 5115 528 5176 πριιυιμηυ.
541 5108 581 5171 [Α.
596 5113 685 5176 ἰδόμην.
699 5106 768 5159 iufra
781 5107 848 5161 idem
861 5116 961 5174 ἐπίδειξιν
973 5129 1019 5179 pro
1100 5127 1111 5150 ¹
1130 5109 1177 5160 Ᾰίίἰ
1190 5108 1243 5178 lb]
1253 5119 1352 5164 tlfflf’t·
1366 5105 1464 5160 [bidem
1483 5105 1553 5158 ΕΜ
1570 5116 1667 5171 ‘mm’
1683 5107 1756 5159 'mle'
1770 5107 1824 5157 Μ’

262 5189 393 5251 mm]
1069 5205 1156 5241 omncs
1168 5194 1277 5248 ἐκωλύθη.
