3728 5978
69 519 74 532 .
119 469 191 540 556

117 635 199 695 gnam
211 613 298 691 novit,
307 612 353 672 sed
364 626 501 690 tamqnam
511 631 618 691 serpens
632 609 659 668 in
673 608 759 690 spinis
771 606 861 666 oecrtl·

117 719 201 780 tatur,
215 705 241 763 in
257 703 415 763 divitiarum
427 702 533 761 fallacia
547 703 698 780 frequenter
711 696 861 757 latitans.Si

117 797 208 877 spinas
231 794 380 867 excideris,
407 793 596 853 formidolosus
616 791 694 850 t'acile
722 790 818 869 lugiet3
838 787 860 847 si

117 888 253 947 incantare
275 887 304 946 in‘
316 887 395 946 illum
421 886 490 945 scias
518 885 627 944 divinas
654 884 714 943 illas
740 883 860 943 incanta·

116 980 211 1059 tiones,
232 980 325 1040 statim
348 978 543 1041 vulnerabitur.
570 979 641 1039 Sunt
673 976 745 1035 enim
771 974 859 1045 nobis,

115 1087 189 1148 sunt,
204 1072 326 1151 inquam,
350 1071 542 1132 incantationes
564 1069 736 1152 spirituales,
747 1122 751 1128 .
763 1088 859 1127 nomen

115 1166 228 1225 Domini
245 1164 329 1224 nostri
349 1167 414 1226 Jesu
426 1163 539 1239 Christi,
552 1162 640 1223 cnreis
655 1160 781 1242 potentia.
795 1160 860 1218 liano

116 1255 261 1317 incantatio
280 1277 334 1315 non
357 1256 438 1315 modo
456 1254 599 1314 draoonem
614 1274 630 1311 a
646 1250 761 1311 latibulo
785 1250 859 1331 ejicit

458 490 488 536 s.
516 489 656 536 ioannis
682 485 864 556 eunrsnsr.
893 483 1049 531 necuter.
1078 485 1346 533 consrunrrnnr.
1450 471 1457 481 “

917 605 954 683 μί,
970 607 1073 686 δείσῃς·
1089 607 1132 667 ἐπὶ
1151 612 1197 678 τῖς
1211 610 1260 685 γῆς
1282 607 1403 687 σύρεται,
1427 607 1473 666 καί
1492 614 1550 673 τοῖς
1568 608 1596 664 ἐν
1611 610 1643 684 τῇ
1660 614 1690 687 γῇ

916 698 1065 777 πράγμασι.
1078 697 1168 771 Μηδέν
1183 689 1227 757 σύν
1240 721 1282 757 σοι
1303 699 1366 777 πρὸς
1377 697 1425 770 τὴν
1443 704 1495 774 γῆν
1510 697 1583 755 ἔστω
1603 699 1691 770 κοινὸν,

917 790 961 849 καί
978 790 1036 851 οὐδὲ
1048 790 1127 850 πόνου
1148 790 1266 861 ’δεήσει
1289 790 1358 850 Ούδέ
1372 792 1424 870 γὰρ
1440 780 1495 848 οἶδε
1513 787 1565 861 τὴν
1579 788 1607 856 ἐξ
1620 791 1690 849 ἐνεν·

916 883 973 950 τίας
987 884 1086 964 μάχην,
1098 885 1157 943 ἀλλ’
1171 881 1261 963 ὥσπερ
1274 882 1331 964 ipre
1344 890 1402 950 ταῖς
1412 882 1544 948 ἀκάνθαις
1556 882 1690 962 ἐγκρύπττ·

916 999 960 1033 ται
974 980 1007 1054 τῇ
1019 975 1108 1054 ἀπάτῃ
1127 981 1173 1033 τοῦ
1193 973 1306 1034 πλούτου
1319 977 1437 1055 συνεχῶς
1450 973 1627 1053 ἐμρονλεύων.
1639 974 1689 1033 tlte

915 1065 1028 1146 ἐκτέμῃς
1047 1066 1095 1134 τὰς
1106 1067 1236 1139 ἀκάνθας,
1248 1065 1369 1146 φεύξεται
1383 1066 1478 1146 ῥᾳδίως
1490 1064 1578 1133 δειλὸς
1588 1066 1688 1144 γενόμε-

915 1180 970 1232 νος,
984 1158 1034 1217 κᾶν
1047 1159 1151 1239 ἐπᾴδειν
1171 1161 1242 1239 εἰδῇς
1259 1160 1331 1238 αὐτῷ
1342 1158 1389 1225 τάς
1401 1157 1472 1223 θείας
1492 1157 1616 1236 ἐπῳδὰς,
1627 1182 1688 1240 σμυ-

915 1250 1023 1323 θήσεται
1034 1242 1136 1317 εύθίωςζ
1150 1253 1212 1310 Είσί
1225 1249 1276 1330 γάρ
1290 1255 1365 1327 ἡμῖν,
1379 1249 1445 1308 εἰσίν
1457 1248 1563 1329 ἐπῳδαὶ
1576 1268 1688 1327 πνευμα-

18 1358 21 1363 ’
114 1348 183 1409 etin
197 1349 288 1431 ignem
311 1348 436 1430 conjicit,
450 1347 593 1408 sedetiam
612 1343 772 1406 vulneribus
800 1364 857 1402 me·
878 1345 895 1392 B
914 1343 1004 1415 τικαί,
1026 1342 1057 1401 τὸ
1071 1342 1153 1420 ὄνομα
1172 1347 1218 1401 τοῦ
1241 1340 1337 1420 Κυρίου
1358 1345 1436 1420 ἡμῶν
1458 1341 1550 1411 Ἰησοῦ
1565 1341 1687 1421 Χριστοῦ,

115 1438 203 1501 detur.

153 1705 269 1780 'LQund
278 1707 300 1765 si
308 1707 387 1766 multi
396 1706 448 1766 hoe
458 1705 577 1767 dicentes
585 1705 672 1765 sanati
684 1725 737 1764 non
747 1718 820 1783 sunt,
830 1703 859 1762 id

112 1815 146 1856 ex
153 1796 262 1856 illorum
273 1797 376 1857 modica
386 1795 619 1873 lide,nonexdicti
629 1795 785 1855 infirmitate
791 1817 858 1876 pro-

114 1887 197 1947 venit.
207 1889 277 1949 Nam
289 1890 378 1969 ipsum
387 1892 479 1951 Jesum
487 1888 566 1948 multi
575 1888 709 1969 pellebant
722 1885 747 1946 et
756 1908 859 1967 preme·

1 1984 46 2028 '‘th·
64 1996 88 2044 9·
114 1981 245 2059 hant,ueo
256 1979 395 2062 quidpiam
411 1981 599 2041 lucrabantur:
613 1994 640 2039 at
650 2001 710 2060 quae
719 1980 858 2059 sanguinis

113 2073 192 2133 lluxu
200 2072 349 2144 laborabat,
357 2093 405 2132 nec
414 2086 484 2133 tacto
494 2072 606 2151 quidem
615 2072 789 2153 corpore,sed
799 2086 857 2131 tan·

112 2178 170 2225 tum
183 2165 307 2242 fimbria,
320 2164 462 2225 diuturnos
473 2165 612 2246 sanguinis
624 2165 709 2224 fontes
720 2163 854 2224 cohibuit.

47 2276 52 2285 “
111 2256 172 2318 Hoc
180 2279 277 2319 nomen
289 2272 315 2318 et
328 2256 495 2318 damonibus
506 2273 531 2318 et
539 2256 709 2340 passionibus
717 2271 743 2316 et
753 2256 856 2317 morbis

914 1434 961 1493 καί
979 1438 1055 1506 ἢτοῦ
1069 1439 1181 1513 σταυροῦ
1195 1432 1313 1510 δύναμις.
1328 1432 1404 1504 Alie-n
1423 1437 1441 1504 ἡ
1456 1431 1549 1512 ἐπῳδὴ
1564 1431 1627 1512 οῦχλ
1641 1437 1688 1490 τῦν

915 1529 1046 1604 χηραμῶν
1060 1524 1145 1604 ἐξάγει
1156 1525 1244 1603 μόνον,
1259 1525 1304 1584 καί
1314 1528 1348 1590 εἰς
1358 1530 1411 1605 πῦρ
1426 1523 1558 1600 ἐμάάλλαι
1573 1525 1620 1583 τὸν
1631 1525 1687 1604 δρά·

914 1639 1005 1686 κοντα,
1021 1618 1089 1676 ἀλλὰ
1098 1616 1144 1676 καί
1156 1617 1295 1698 τραύματα
1305 1619 1385 1674 ἰᾶται.

955 1711 989 1770 El
1004 1708 1032 1768 δδ
1046 1710 1092 1768 καί
1111 1709 1205 1769 πολλοί
1220 1709 1339 1788 λέγοντες
1358 1709 1404 1766 οὐκ
1417 1705 1541 1780 ἰάθησαν,
1555 1707 1633 1786 παρὰ
1645 1709 1688 1780 τὴν

914 1804 1002 1862 αὐτῶν
1016 1799 1209 1879 ὀλιγοπιστίαν,
1226 1803 1255 1859 οὐ
1272 1798 1346 1880 παρά
1364 1799 1413 1871 τὴν
1434 1797 1576 1858 ἀσθένειαν
1589 1807 1635 1859 τοῦ
1646 1803 1687 1860 λε·

913 1897 1032 1975 χθέντος·
1041 1893 1098 1955 ἐπεὶ
1112 1893 1158 1952 καί
1170 1893 1213 1953 τδν
1232 1893 1334 1964 Ἰησοῦν
1354 1895 1378 1952 oi
1394 1893 1441 1970 μὲν
1455 1891 1540 1952 ὤθουν
1560 1893 1609 1951 καί
1621 1893 1686 1952 ίθλι-

913 1987 970 2058 δον,
991 1984 1037 2045 καί
1049 1985 1122 2043 οὐδέν
1136 1984 1293 2064 ἐκέρδαινον·
1306 1990 1324 2055 ἡ
1339 1984 1366 2043 δὲ
1380 1988 1561 2066 αἱμορροοῦσα
1575 1983 1634 2042 οὐδὲ
1645 1990 1687 2042 τοῦ

912 2077 1037 2155 σώματος
1051 2076 1189 2156 ἁψαμένη,
1205 2078 1263 2134 ἀλλ’
1280 2079 1418 2135 αὐτοῦτοῦ
1433 2072 1590 2156 κρασπέδου
1604 2074 1686 2152 μόνον,

911 2171 1030 2253 χρονίους
1040 2167 1149 2242 έστησεν
1160 2171 1281 2248 αἱμάτων
1295 2169 1393 2247 πηγάς.
1406 2170 1494 2226 Τοῦτο
1507 2168 1538 2226 τὸ
1548 2167 1634 2244 ὄνομα
1644 2167 1686 2225 καί

911 2262 1019 2343 δαίμοσι
1029 2262 1138 2343 μοάερδν
1149 2262 1193 2321 καί
1206 2261 1300 2321 πάθεσι
1311 2261 1356 2320 καί
1367 2260 1511 2338 νοσήμασι.
1526 2258 1624 2339 Τούτῳ
1633 2260 1685 2318 τοί-

111 2363 150 2410 eet
163 2352 291 2412 terribile.
306 2351 364 2410 Hoc
377 2351 464 2430 igitur
473 2352 581 2411 nomine
592 2349 798 2427 omemur,hoc
808 2372 856 2410 nos
873 2367 892 2415 c
910 2380 954 2415 νυν
986 2355 1228 2434 καλλωπιζώμεθα,
1263 2355 1347 2435 τούτῳ
1384 2354 1542 2435 τειχίζωμεν
1571 2354 1685 2420 ἑαυτούς.

111 2445 328 2506 muniamus.Sie
337 2445 441 2506 Paulus
450 2464 564 2524 magnus
573 2443 684 2503 effectus
694 2454 743 2515 est,
752 2441 801 2501 etsi
813 2464 856 2501 ea-

110 2536 173 2598 dem
178 2560 232 2619 qua
241 2559 289 2598 nos
297 2553 392 2599 natura
400 2551 526 2599 eonsuns
533 2561 542 2613 ς
550 2541 597 2596 aed
608 2535 677 2596 fides
686 2535 765 2597 illum
772 2537 856 2598 alium

110 2650 145 2690 ex
159 2630 214 2691 alio
226 2631 300 2706 lecit,
315 2646 340 2692 et
352 2645 426 2691 tanta
435 2645 491 2690 erat
500 2643 642 2712 potestate,
655 2641 685 2688 ut
699 2629 855 2691 vestimenta

109 2722 190 2783 etiam
202 2724 260 2805 ejus
273 2744 398 2804 magnam
412 2723 541 2783 haberent
550 2721 689 2781 nirtmem.
701 2720 763 2793 Qua
771 2722 856 2802 igitur

109 2816 281 2877 excusatione
290 2816 367 2897 digni
378 2816 517 2892 fuerimus,
528 2815 550 2874 si
563 2835 625 2874 cum
637 2812 746 2873 illorum
758 2816 854 2874 umbra

108 2919 135 2965 et
155 2907 314 2968 vestimenta
334 2921 447 2968 mortem
460 2905 633 2988 depellerent,
653 2925 702 2963 nec
722 2905 855 2966 orationes

109 2997 221 3077 quidem
234 3012 331 3058 nostre
346 2999 483 3080 passiones
498 2997 666 3080 reprimant?
681 2994 758 3070 Quid
770 2997 855 3076 igitur

110 3089 139 3150 in
152 3111 232 3150 eausa
242 3093 303 3151 est?
319 3094 419 3170 lllagna
438 3090 522 3151 animi
539 3088 703 3161 differentia,
716 3087 854 3167 licet‘quae

109 3181 145 3241 ad
156 3195 280 3242 naturam
296 3196 428 3264 spectant,
442 3180 555 3260 aequalia
570 3194 597 3239 et
615 3180 767 3239 eommunia
780 3180 851 3239 siut:

109 3296 172 3334 nam
186 3273 279 3335 οοιίοπι
297 3274 406 3353 illequo
421 3295 469 3333 nos
488 3270 570 3331 modo
588 3285 665 3330 natus
679 3284 704 3330 et
723 3270 853 3332 educatus

910 2453 991 2510 Οῦτω
1008 2450 1053 2509 καί
1065 2455 1079 2509 ὁ
1091 2452 1197 2516 Παῦλος
1212 2448 1316 2529 ἐγένετο
1329 2449 1426 2527 μέγας,
1445 2447 1533 2507 καίτοι
1546 2451 1597 2518 τῆς
1609 2451 1684 2518 αὐτῆς

910 2541 1012 2623 μύσεως
1030 2546 1095 2620 ἡμῖν
1114 2544 1234 2608 κάκεῖνος
1244 2532 1291 2612 ἦν·
1306 2542 1365 2600 ἀλλ’
1381 2545 1398 2612 ἡ
1412 2538 1501 2605 πίστις
1514 2524 1596 2598 αύτδν
1608 2540 1683 2599 ἄλλον

909 2638 965 2695 ἀντ’
984 2634 1064 2705 ἄλλου
1082 2633 1227 2706 πεποίηκε,
1249 2631 1295 2691 καί
1314 2630 1429 2703 τοσαύτη
1449 2622 1482 2703 ἧν
1496 2635 1514 2702 ἡ
1529 2631 1683 2709 περιουσία,

908 2731 944 2793 ὡς
958 2725 1003 2785 καί
1020 2724 1055 2784 τίι
1076 2724 1170 2803 ἱμάτια
1189 2728 1267 2783 αὐτοῦ
1288 2721 1389 2794 πολλὴν
1405 2722 1474 2802 ἐχειν
1493 2721 1583 2802 ίσχύν.
1604 2721 1684 2789 Ποίας

908 2810 952 2877 οὗν
968 2816 1000 2876 ἀν
1011 2816 1103 2895 είημεν
1118 2816 1260 2895 ἀπολογίας
1274 2815 1355 2890 ἄξιοι,
1371 2814 1396 2873 εί
1407 2838 1438 2894 γε
1452 2814 1561 2873 ἐκείνοιν
1577 2813 1626 2891 μὲν
1640 2815 1683 2873 καί

909 2914 936 2970 αί
947 2908 1019 2969 σκιαί
1031 2909 1077 2969 καὶ
1086 2907 1120 2967 τὰ
1129 2908 1224 2987 ίμοίτια
1234 2909 1345 2967 θάνατον
1357 2908 1478 2978 ἤλαυνον,
1493 2909 1573 2981 ἡμῶν
1585 2905 1613 2966 δί
1626 2905 1682 2965 etet

909 3008 935 3063 al
954 3003 1031 3084 εὐχαί
1043 3002 1077 3062 rh
1090 3001 1162 3073 πάθη
1177 3000 1403 3071 καταστέλλουσι,
1418 2999 1454 3058 Τί
1475 2990 1520 3057 σύν
1534 2999 1567 3058 τὸ
1582 2999 1680 3060 altene:

907 3094 1000 3168 Πολλὴ
1016 3101 1063 3168 τῆς
1078 3092 1214 3173 γνιύμηςὴ
1230 3092 1357 3174 διαφορά·
1371 3094 1407 3157 ὥς
1426 3090 1460 3149 τά
1473 3114 1504 3170 γε
1514 3094 1565 3161 τῆς
1581 3090 1682 3170 φύσεως

907 3185 952 3248 ίσα
967 3187 1012 3248 καί
1025 3187 1114 3247 κοινοί·
1128 3185 1174 3245 καί
1188 3185 1238 3266 γάρ
1250 3185 1347 3263 ὁμοίως
1367 3189 1432 3262 ἡμῖν
1450 3182 1496 3243 καί
1516 3183 1614 3262 ἐτέχθη
1637 3183 1681 3242 καί

907 3279 1021 3361 ἐτράγη,
1042 3280 1087 3339 καί
1110 3278 1158 3351 τὴν
1169 3285 1218 3357 γῆν
1235 3279 1341 3358 ᾤκησε,
1358 3276 1403 3334 καί
1423 3275 1487 3353 ἀέρα
1505 3274 1680 3334 ἀνέπνευσεν·

109 3379 158 3442 est,
167 3381 193 3426 et
207 3368 234 3426 in
250 3380 320 3426 terra
333 3366 467 3425 habitavit
480 3385 623 3443 aeremque
635 3363 793 3444 respiravit:
806 3364 852 3424 scd
869 3380 888 3426 n
907 3371 974 3431 ἀλλά
984 3370 1017 3431 rh
1029 3371 1097 3431 ἄλλα
1114 3371 1179 3430 πολὺ
1196 3371 1291 3449 μείζων
1308 3373 1384 3446 ἡμῶν
1396 3360 1428 3439 ἦν
1443 3367 1489 3425 καί
1503 3366 1626 3445 βελτίων,
1638 3366 1680 3426 τὸν

109 3459 138 3517 in
158 3459 207 3519 illo
226 3459 278 3518 alia
303 3460 382 3538 longe
398 3458 510 3517 meliora
529 3472 555 3516 et
576 3456 759 3537 praestantiora
777 3470 853 3515 erant

108 3570 190 3628 quam
205 3563 307 3624 nostra,
321 3549 403 3627 relus,
419 3547 497 3624 fides,
513 3547 618 3607 caritas.
631 3547 772 3606 Imitemur
788 3569 852 3628 ergo

107 3641 187 3702 illum
202 3666 208 3700 :
226 3641 256 3701 id
270 3662 390 3722 agamus,
404 3655 433 3700 ut
449 3663 497 3722 per
509 3662 557 3701 nos
566 3639 694 3720 loquatur
709 3641 850 3701 Christus:

107 3733 137 3794 id
149 3734 200 3795 ville
210 3735 329 3795 maxime
343 3757 358 3793 a
373 3733 451 3794 nobis
465 3732 609 3811 desiderat,
624 3746 707 3811 atque
724 3731 785 3792 iden
799 3732 851 3793 hoc

107 3847 240 3908 organum
251 3827 403 3909 apparavit,
413 3849 461 3887 nee
474 3827 533 3888 vult
542 3840 571 3885 ut
580 3825 675 3885 inutile
682 3839 795 3900 maneat,
803 3827 851 3887 sed

106 3939 211 4002 semper
222 3921 348 3981 manibus
364 3933 478 3981 tractare
490 3920 576 4001 eupit.
589 3920 645 3978 Cur
655 3939 718 3999 ergo
731 3940 783 3979 uon
797 3942 850 4002 ap-

105 4033 184 4092 paras
192 4013 263 4073 illud
273 4012 308 4072 ad
321 4032 432 4072 manum
442 4013 565 4087 artificis,
579 4011 720 4072 sedetiam
734 4012 849 4074 chordas

104 4100 234 4178 demittis,
245 4117 271 4163 et
281 4105 419 4184 voluptate
430 4103 564 4164 molliores
574 4103 671 4179 efficis,
676 4117 756 4182 atque
767 4104 849 4164 inuti·

105 4192 159 4251 lem
168 4193 219 4274 ipsi
228 4216 306 4274 paras
316 4209 400 4254 totam
410 4196 551 4268 citharam,
560 4217 621 4254 cum
631 4208 763 4276 oporteret
773 4197 848 4256 illam

103 4284 235 4364 stringere
247 4299 273 4345 et
292 4285 430 4346 adcantus
448 4286 564 4363 tendere,
583 4307 615 4346 ao
639 4287 774 4367 spirituali
793 4288 849 4348 sale

907 3466 993 3538 ζῆλον,
1011 3464 1060 3537 τὴν
1076 3462 1174 3537 πίστιν,
1186 3461 1234 3533 την
1247 3461 1364 3541 ἀγάπην.
1383 3457 1575 3535 Μιμησώμεθα
1596 3461 1680 3519 τοίνυν

906 3557 993 3632 αὐτὸν,
1012 3559 1098 3636 δῶμεν
1118 3555 1164 3615 καί
1178 3557 1212 3615 δι’
1227 3558 1303 3633 ἡμῶν
1318 3552 1478 3634 φθέγξασθαι
1496 3556 1534 3631 τῷ
1554 3554 1679 3632 Χριστῷ·

906 3654 1028 3729 ἐπιθυμεῖ
1044 3651 1144 3727 μᾶλλον
1158 3652 1235 3706 τοῦτο
1249 3650 1325 3724 ἡμῶν
1338 3646 1426 3718 αὐτὸς,
1442 3643 1487 3702 καί
1503 3643 1548 3701 διὰ
1559 3650 1638 3702 τοῦτο
1651 3645 1680 3703 τὸ

906 3742 1015 3822 ὄργανον
1040 3739 1215 3801 κατεσκεύασε
1244 3745 1335 3807 τοῦτο,
1364 3738 1409 3796 καί
1438 3739 1466 3797 οὗ
1498 3735 1568 3795 θέλει
1593 3735 1679 3813 μένειν

905 3834 1038 3915 ἄχρηστον
1063 3832 1126 3891 αθτὸ
1152 3832 1197 3890 καί
1217 3829 1327 3911 δάργδν,
1352 3832 1410 3889 ἀλλ’
1436 3829 1476 3888 ἀεί
1496 3828 1565 3907 μετὰ
1589 3838 1679 3907 χεῖρας

905 3926 975 4006 ἔχειν
996 3926 1059 3986 αὐτὸ
1085 3924 1216 4004 βούλεται.
1242 3923 1278 3982 Τί
1302 3922 1388 3981 τοίνυν
1415 3923 1444 3981 οὗ
1469 3922 1680 4002 παρασκευάζεις

904 4016 1008 4096 ἕτοιμον
1027 4017 1136 4096 αάτδτῇ
1151 4021 1196 4075 τοῦ
1209 4015 1328 4095 τεχνίτου
1342 4016 1427 4096 χειρί,
1447 4014 1516 4072 ἀλλά
1530 4016 1619 4093 χαλᾷς
1632 4014 1678 4082 τάς

904 4108 1008 4191 νευράς,
1020 4107 1066 4168 καί
1078 4107 1267 4188 μαλακωτέρας
1279 4116 1362 4172 ποιεῖς
1372 4111 1406 4185 τῇ
1417 4108 1503 4184 τρυφῇ
1513 4150 1520 4177 ,
1530 4105 1577 4163 καὶ
1592 4106 1676 4185 ἀχρη·

904 4223 965 4261 στον
990 4199 1054 4273 ὅλην
1077 4200 1283 4266 κατασκευάζεις
1306 4201 1378 4277 αὐτῷ
1400 4196 1448 4268 τὴν
1474 4197 1598 4276 κιθάραν,
1620 4196 1675 4255 δέον

904 4291 1068 4374 ἐπισρίγγιιν
1082 4291 1126 4349 καί
1141 4294 1248 4369 νευροῦν
1264 4288 1297 4347 sd
1312 4288 1394 4366 μέλη,
1411 4287 1456 4346 καί
1467 4287 1623 4368 ἐπιστύρειν
1639 4293 1675 4368 τῷ

104 4375 311 4457 οοοεῑίραεσθδί
326 4379 398 4437 enim
412 4378 464 4438 hae
477 4380 579 4439 ratione
592 4392 712 4459 aptatam
724 4379 848 4439 Christus
866 4403 884 4449 Ε
903 4387 981 4445 ἅλατι
1002 4388 1040 4465 τῷ
1057 4385 1242 4461 πνευματικῷς
1261 4381 1307 4440 Ἂν
1331 4380 1382 4460 γὰρ
1401 4381 1482 4446 οὕτως
1503 4382 1675 4460 ἡρμοσμένην

103 4465 214 4545 viderit,
224 4489 274 4548 per
287 4482 404 4526 nostram
420 4470 537 4528 animam
549 4469 680 4550 pulsabit.
691 4471 754 4542 Quo
764 4471 845 4544 t'acto,

103 4560 212 4641 angelos
222 4559 328 4621 ridebis
339 4561 476 4639 saltantes,
489 4576 515 4621 et
524 4562 698 4641 archangelos
710 4576 735 4621 et
745 4562 845 4622 Cheru-

102 4656 168 4716 bim.
188 4655 272 4737 Digni
293 4675 356 4735 ergo
376 4655 520 4736 inculpatis
538 4655 662 4714 manibus
680 4656 845 4717 efficiamur:

102 4770 227 4830 rogemus
241 4769 312 4822 eum,
330 4748 357 4807 in
372 4745 451 4806 corde
465 4759 555 4806 nostro
568 4747 674 4828 pulset:
690 4748 745 4807 imo
761 4769 846 4828 neque

903 4476 984 4550 adr-he
1005 4477 1064 4556 ίδῃ,
1084 4475 1180 4555 ἤχησεν
1201 4473 1247 4532 καί
1272 4472 1316 4532 διὰ
1337 4477 1384 4543 τῆς
1402 4471 1534 4552 ἡμετέρας
1553 4477 1675 4553 ψυχῆςὸ

902 4567 1025 4648 Χριστός.
1045 4566 1173 4626 Τοιούτου
1188 4564 1215 4624 δέ
1230 4564 1384 4642 γενομένου,
1405 4563 1451 4622 καί
1472 4564 1598 4642 ἀγγέλους
1618 4567 1675 4646 ὄψει

902 4662 1064 4739 σκιρτῶντας
1074 4659 1119 4717 καί
1132 4656 1312 4737 ἀρχαγγέλους
1326 4657 1371 4714 καί
1384 4655 1418 4715 rh
1429 4655 1576 4736 Χερουύίμ.
1592 4655 1675 4714 Γενύ-

901 4757 968 4828 μεθα
982 4749 1067 4809 τοίνυν
1082 4749 1150 4817 ἄξιοι
1163 4753 1215 4807 τῶν
1229 4751 1324 4827 χειρῶν
1335 4752 1387 4805 τῶν
1402 4747 1536 4826 ἀμύμων·
1549 4771 1673 4827 παρακα·

103 4856 198 4922 rogatu
216 4863 283 4922 opus
302 4839 393 4916 habet,
413 4852 487 4899 tactu
509 4839 596 4898 solum
613 4839 726 4920 dignum
745 4841 845 4901 efficito
899 4843 1017 4921 λέσωμεν
1027 4842 1104 4901 αὐτὸν
1117 4841 1162 4899 καί
1172 4843 1209 4906 είς
1222 4838 1270 4911 τὴν
1280 4839 1413 4919 ἡμετέραν
1427 4844 1538 4920 κροῦσαι
1553 4839 1673 4918 καρδίαν·

134 5059 149 5093 ¹*
165 5055 314 5121 [vulgatum
323 5061 405 5118 διήσεις
416 5056 569 5108 correximus
580 5071 608 5104 ex
618 5053 706 5105 hvid.
720 5052 752 5104 ad
764 5073 789 5120 p.
800 5057 856 5119 452,

102 5135 131 5182 (1.
145 5135 155 5199 ]

135 5214 216 5277 Ι’ίθι
231 5224 321 5284 ἀργῶν,
342 5228 367 5266 οι
390 5232 448 5267 mox
471 5218 594 5276 ίαιτςῦιιον
616 5228 664 5279 pro
685 5219 784 5279 leoena-a.
808 5211 857 5263 Eo-

907 5055 965 5106 dem
987 5067 1089 5106 auetore
1111 5054 1248 5108 delevimus
1265 5064 1345 5123 τοίνυν,
1359 5052 1427 5122 qnod
1449 5051 1579 5122 legebatur
1598 5070 1671 5120 supra

908 5146 964 5200 pust
974 5140 1055 5200 innare.
1069 5136 1078 5200 ]
