3742 5970
278 424 357 523 0⁰4

278 568 398 651 ptatibus
416 563 568 639 emollitos,
588 561 635 623 ael
657 562 730 622 vires
742 581 848 621 assume
862 560 914 621 riae
932 560 1024 620 termi-

279 669 344 707 num
358 646 465 719 videns,
477 666 510 703 ac
531 664 642 723 sperans
655 642 683 700 in
698 664 781 721 regno
796 640 923 699 celorum
940 641 1026 699 vitam

277 727 437 805 angelorum
448 723 511 785 v'itae
524 742 627 803 parem.
648 720 755 780 hledioo
781 720 952 792 animarum,
967 740 1027 778 soca

277 804 370 884 gladio
390 802 510 883 Spiritus
535 798 667 861 tumentia
681 815 709 859 et
721 798 814 858 loetida
834 798 967 879 superbiae
985 798 1026 857 vi·
1041 816 1062 864 r,
1080 800 1234 859 ἀπώλειαν·
1249 800 1306 876 λάμ

279 885 329 955 tia,
344 885 425 942 ablue
436 883 525 940 lutum
539 880 710 961 voluptatum
724 901 792 958 aqua
807 878 946 951 doctrinae,
961 898 1027 936 cura

280 962 376 1044 plagas
387 984 435 1042 per
448 974 556 1042 peccata
571 960 598 1018 in
616 958 720 1018 animas
736 958 878 1017 hominum
898 957 1028 1038 importa-

281 1056 333 1117 tas,
346 1043 409 1101 vino
420 1055 447 1099 et
457 1040 516 1099 oleo
530 1053 616 1105 utens,
629 1052 660 1096 ut
670 1041 708 1096 ait
719 1038 868 1109 Dominus;
878 1035 1027 1095 vinooom·

280 1121 378 1201 prime,
394 1142 428 1179 ne
439 1118 576 1178 emollitus
596 1117 677 1176 homo
688 1116 916 1197 concupiscentias
929 1136 1027 1194 sequa-

282 1215 345 1277 tur,
359 1201 418 1259 oleo
435 1212 524 1257 autem
536 1196 655 1257 dissolve
673 1197 769 1255 anima·
792 1196 904 1269 labores,
916 1209 942 1254 et
955 1216 1026 1276 prae-

280 1280 422 1339 teritorum
433 1291 602 1360 peoeatomm
634 1290 749 1335 romtam
762 1275 946 1334 remissionem
962 1295 1028 1354 pro-

281 1359 366 1418 mitto.
387 1360 428 1417 Ne
451 1357 595 1438 pecunaria
614 1298 692 1414 lucra
717 1355 860 1435 respiciens
880 1374 1026 1441 pauperem

281 1452 446 1511 contemnas,
466 1435 597 1514 noqueob
614 1433 776 1515 respuendas
789 1433 901 1493 divitias
913 1432 1027 1491 divitem

281 1516 425 1599 despicias,
437 1515 485 1575 sed
499 1535 643 1595 pauperem
657 1527 682 1572 et
694 1512 809 1572 divitem
819 1513 900 1572 simul
914 1510 949 1570 ad
960 1525 1027 1571 tem·

1008 439 1142 489 sauata·

1079 586 1130 632 τα,
1154 560 1320 662 Κατάρτισαι
1338 560 1372 621 τί
1391 559 1560 638 διαόήματά
1580 582 1637 639 μοι
1658 562 1687 621 ἐν
1703 569 1759 628 ταῖς
1774 562 1852 640 τρίόοις

1079 664 1141 715 σου,
1152 641 1195 700 ἵνα
1206 665 1245 719 μη
1257 644 1405 700 σαλευθῶει
1416 641 1452 701 τό
1467 638 1636 717 διαόήματά
1650 661 1703 717 μου
1716 663 1724 677 ·
1738 647 1806 720 φεῦγε
1814 643 1852 713 τήν

1079 723 1208 780 πλατεῖαν
1224 721 1269 779 καί
1283 724 1310 779 εὖ
1333 720 1433 801 ’χωρον
1452 719 1518 779 όδόν
1532 720 1583 791 τὴν
1606 720 1762 797 ἀπάγουσαι
1775 724 1805 787 είς
1814 725 1851 794 τήν

1307 745 1370 860 θάνε
1389 799 1439 871 τήν
1463 798 1624 879 βακτηρίαν
1647 804 1695 857 τοῦ
1721 800 1852 877 ίίνούματες

1081 880 1128 939 δύο
1143 878 1250 961 πράξεις
1270 880 1456 951 ἐπιτελοῦσαν,
1469 879 1520 937 τόν
1543 902 1575 936 τε
1600 878 1781 955 ἐγκαθήμενον
1795 885 1850 957 hri

1079 960 1132 1039 ὁδῷ
1146 958 1249 1018 σκολιὸν
1270 958 1402 1037 δράκοντα
1416 957 1657 1030 ἀποκτείνουσαν,
1667 960 1714 1016 καὶ
1725 958 1753 1017 σέ
1764 964 1850 1018 romb

1079 1046 1133 1103 τοῖς
1155 1046 1311 1119 πειρασμοῖς
1332 1037 1494 1114 ἐκλυόμενον
1509 1038 1560 1096 καί
1578 1036 1783 1096 καταπίπτοντα
1803 1042 1848 1096 διτ-

1080 1117 1273 1185 όαττάζουσαν.
1294 1117 1368 1196 Φέρε
1387 1118 1433 1175 τὸν
1452 1116 1617 1199 πειρασμὸν
1640 1118 1850 1198 προσφερόμενα·

1079 1196 1130 1255 κᾶν
1140 1198 1228 1277 baffia,
1242 1195 1286 1255 ἐπὶ
1300 1196 1348 1269 τὴν
1362 1197 1497 1255 ἀθάνατον
1508 1194 1607 1272 πηγήν
1622 1194 1670 1253 τόν
1687 1197 1794 1273 Χριστόν
1803 1203 1851 1256 ἀντ·

1080 1297 1157 1356 τριχε
1171 1298 1178 1312 ·
1191 1275 1240 1333 κάν
1254 1281 1361 1355 πεινῇς,
1378 1276 1424 1334 τὸν
1444 1275 1532 1356 ἀρτον
1554 1275 1604 1334 τόν
1629 1279 1718 1342 ζῶντα
1740 1278 1851 1347 ἐπιζήτει,

1078 1353 1122 1414 ίνα
1137 1354 1175 1433 μή
1188 1355 1340 1434 ἀποκάμῃς,
1355 1355 1423 1433 psal
1437 1356 1525 1434 ύνδῷς
1540 1353 1731 1434 χαυνούμενος
1742 1365 1793 1419 ταῖς
1803 1359 1852 1427 ἠόα·

1079 1441 1152 1506 ναῖς,
1166 1435 1225 1493 ἀλλ’
1246 1435 1390 1512 ἐνδυναμοῦ
1408 1434 1581 1493 ἀποῦλίπων
1598 1434 1633 1492 τὸ
1645 1433 1722 1500 τέλος
1733 1437 1777 1503 τῆς
1791 1438 1850 1500 οἱοῦ.

1079 1514 1191 1582 ίλπίζων
1212 1512 1259 1585 τήν
1274 1514 1302 1570 ἐν
1317 1519 1350 1587 τῇ
1372 1512 1504 1590 βασιλεία
1515 1518 1573 1572 τῶν
1591 1514 1716 1594 ὠρανῶν
1736 1514 1851 1592 ίσέγγείσν

281 1610 432 1677 perantiam
454 1615 558 1653 revoca.
583 1592 724 1652 Neminem
738 1592 880 1673 desperare
892 1591 980 1664 sinas,
994 1611 1028 1650 ne
1068 1592 1158 1664 ·ζωήν.
1174 1591 1208 1651 ‘0
1228 1593 1271 1650 ίατ
1289 1594 1315 1630 “·
1328 1596 1380 1650 τῶν
1397 1576 1498 1672 drapani
1513 1592 1619 1669 ἔκτεμε
1639 1597 1675 1672 τῇ
1697 1596 1808 1673 μσχιίρυ
1816 1599 1851 1653 τοῦ

282 1673 465 1753 uniusquidem
478 1673 525 1752 qui
544 1671 704 1750 gravissime
717 1671 847 1760 peccarit,
860 1692 893 1729 ne
910 1671 983 1752 ipsos
997 1670 1027 1729 in
1080 1672 1234 1749 ίίνιύματος
1253 1616 1459 1731 alietatum
1482 1671 1532 1731 καί
1554 1671 1711 1749 ἡλκωμένα
1730 1658 1852 1744 πάθήτῇς

282 1755 410 1834 abyssum
434 1766 605 1833 peccatorum
631 1751 825 1831 conjiciamus3
848 1750 895 1809 sed
919 1749 1028 1829 porrige
1079 1751 1273 1832 ὑπερηφανίας,
1288 1750 1538 1830 ἀπόπλυνετθνβύ
1660 1753 1852 1831 &heminis

282 1854 392 1892 manium
408 1831 433 1890 la
444 1852 493 1906 iso,
502 1830 608 1889 dicens:
620 1831 680 1889 Non
690 1830 765 1888 uenit
777 1829 911 1888 Dominus
921 1828 1070 1903 salvarem
1079 1828 1155 1889 θδατι
1167 1833 1215 1900 τῆς
1228 1828 1414 1902 διδασκαλίας,
1427 1829 1566 1909 θεράπευε
1577 1855 1595 1888 τ
1617 1854 1631 1897 ς
1643 1833 1675 1889 ἔκ
1685 1835 1731 1901 τῆς
1740 1832 1853 1911 ἁμαρτίας

279 1914 377 1992 justos,
391 1855 446 1970 aad
463 1923 626 1990 peccatores,
643 1922 673 1966 ut
697 1908 809 1982 alacres,
830 1907 994 1967 declinantes
1009 1929 1026 1965 a
1042 1920 1062 1965 Α
1079 1908 1242 1977 ίπιτεθείσας
1252 1908 1358 1987 πληγὰς
1365 1919 1424 1977 ταῖς
1436 1911 1543 1989 ψυχαῖς
1558 1914 1620 1968 τῶν
1636 1908 1792 1989 papam,
1803 1910 1853 1969 οίνι

282 1990 366 2063 malo,
391 1990 488 2049 faciant
514 1989 616 2047 bonum
633 2001 659 2046 et
681 1988 796 2046 salutem
817 2000 1024 2065 consequantur.
1079 1990 1125 2047 καί
1144 1986 1225 2069 ἐλαίῳ
1249 1987 1385 2067 χρώμενος
1407 1987 1481 2046 κατὰ
1501 1989 1550 2047 τὸν
1574 1976 1853 2070 Κύρων·οίνιιετ”ιπιέ

283 2068 382 2129 Omnia
394 2070 437 2128 sac
451 2082 560 2149 propter
572 2067 770 2126 infirmantium
782 2065 1028 2147 valetudinemspe
1079 2068 1144 2167 πρὸς
1160 2067 1191 2127 τό
1213 2066 1308 2144 μηκέτι
1330 2067 1516 2147 χαυνούμενον
1541 2068 1685 2129 ἐνδιδόναι
1703 2050 1766 2135 rate*
1776 2056 1852 2128 ἐπιθυ

283 2148 432 2208 innutritus
442 2168 534 2205 eorsum
553 2146 599 2225 qui
613 2145 770 2220 salvificat,
786 2166 887 2205 necnon
903 2144 1027 2204 exsulta-
1081 2169 1169 2225 μιαις,
1187 2144 1401 2227 ἀλαίμδίλῦσον
1422 2145 1488 2212 τὼς
1508 2146 1613 2214 πόνους
1638 2151 1689 2217 τῆς
1705 2151 1800 2228 papis
1816 2151 1852 2206 καὶ

282 2228 366 2299 tione,
381 2248 441 2305 qua:
455 2228 539 2285 aDeo
552 2238 683 2307 speratur.
695 2226 733 2284 Ut
753 2224 865 2294 athleta,
879 2224 1027 2285 soeundum
1078 2230 1132 2284 τῶν
1152 2225 1401 2308 προημαρτημένων
1415 2227 1608 2304 πταισμάτων
1630 2226 1683 2299 τὴν
1702 2217 1852 2307 συγχώρησιν

131 2329 156 2361 α.
172 2315 231 2360 Τίνι.
248 2307 370 2386 adegerat
393 2305 583 2365 decertamam
603 2305 697 2362 Nemo
716 2317 885 2375 coronatur,
900 2308 958 2363 nisi
976 2308 1028 2383 qui
1077 2327 1119 2363 τα
1133 2312 1190 2365 εῑαν
1204 2305 1523 2405 αύτοίςύπιοχνοίμενος.
1541 2305 1596 2379 Μὴ
1620 2307 1689 2386 πρὸς
1708 2309 1742 2366 τί
1762 2296 1853 2388 χρημα-

131 2378 156 2422 5·
284 2388 313 2447 te
337 2390 412 2445 'time
430 2388 594 2445 certaverit.
610 2385 680 2443 Νονι
700 2397 743 2441 est
762 2386 844 2442 nobis
856 2383 1029 2443 colluctatio
1078 2330 1143 2443 aab
1164 2383 1245 2465 κέρδη
1267 2383 1426 2444 tratum
1441 2386 1567 2466 παρίδῃς
1593 2385 1643 2444 τ’σν
1663 2386 1777 2458 πένητα,
1797 2386 1852 2463 μηδὲ

166 2455 217 2545 ,”
250 2468 257 2483 “
284 2408 425 2525 ediusus
448 2467 622 2544 sanguinem
639 2475 668 2521 et
689 2482 820 2534 aarmm,
848 2463 901 2521 sed
923 2462 1030 2521 adver·
1078 2462 1159 2522 πάλιν
1182 2462 1227 2522 διὰ
1251 2464 1295 2523 τὸν
1322 2464 1510 2524 κατάπτυστον
1537 2468 1664 2525 πλοῦτον
1687 2466 1797 2546 παρίδης
1815 2466 1851 2522 τὸν

284 2565 334 2605 sus
351 2544 532 2623 principatus
555 2555 584 2601 et
606 2554 783 2620 potestates,
806 2542 910 2599 οιαοάἱ
931 2553 1029 2600 recto-
1079 2541 1212 2615 πλαίσιον,
1225 2542 1294 2602 aaut
1305 2542 1404 2614 πένητα
1418 2543 1466 2601 καί
1480 2544 1619 2603 πλούσιον
1639 2549 1709 2622 ύμοῦ
1722 2533 1852 2626 περιτείνει

284 2644 331 2683 res
354 2624 538 2683 tenebrarum
570 2622 688 2695 λαναιιι,
716 2620 858 2679 adversus
889 2623 1029 2700 ερίτέειεα-
1078 2630 1230 2702 σωφρονεῖν.
1246 2621 1356 2693 Μηδένα
1370 2620 1522 2695 ἀπέλπιζε,
1541 2623 1618 2700 μηδὲ
1633 2625 1681 2684 τὸν
1702 2625 1850 2702 ἀγανίμαρ·

286 2705 329 2763 lia
354 2706 491 2783 nequitiae
508 2704 541 2759 in
567 2700 740 2759 caelestibus.
763 2699 900 2759 Acoetioos
923 2698 1029 2758 labores
1077 2702 1177 2773 τωλὸν,
1199 2699 1243 2761 ίνα
1265 2700 1302 2780 μὴ
1317 2700 1405 2762 eheu
1427 2704 1464 2767 είς
1485 2704 1531 2761 τὸν
1557 2703 1645 2782 βυθὸν
1666 2709 1714 2775 τῆς
1738 2704 1850 2782 ἁμαρτίας

285 2782 456 2864 amplectere,
470 2778 620 2839 diabolicos
640 2778 751 2857 laqueos
769 2778 842 2857 fuge.
864 2777 937 2841 Vide
958 2779 1030 2837 Pau·
1078 2778 1193 2847 ἀὐτούς
1215 2780 1350 2862 ῥίψωμεν·
1364 2780 1433 2839 ἀλλί
1453 2780 1528 2840 δίδου
1547 2790 1636 2862 χεῖρα
1656 2787 1697 2842 τῶ
1717 2783 1850 2842 πεττωτπι

136 2888 158 2919 ι.
170 2872 259 2934 (τινας.
286 2861 344 2921 lum
355 2874 516 2935 canentem,
535 2870 712 2941 pugnantem,
728 2871 884 2931 certantem,
900 2858 948 2919 Sic
964 2878 1031 2917 cur·
1078 2859 1162 2939 λέγων
1176 2883 1183 2897 ·
1198 2864 1245 2918 οὐκ
1268 2840 1381 2934 ήλθενὸ
1403 2859 1503 2941 Κύριος
1528 2851 1626 2920 σῦσαι
1647 2845 1772 2934 δυἰαίους,
1794 2862 1849 2920 ent

135 2937 176 2982 ²⁶·
189 2950 227 2995 ²7·
286 2962 331 3011 ro,
345 2941 444 3018 inquit,
459 2952 492 2999 ut
513 2938 776 3076 compacarebemlams
793 2940 836 2996 sic
850 2958 959 3017 pugno,
970 2958 1030 2995 ”⁰1⁸
1080 2938 1253 3018 ἁμαρτωλούς
1268 2963 1275 2977 ·
1296 2939 1340 2998 ἵνα

286 3024 373 3102 quasi
395 3040 493 3078 aerem
517 3039 572 3076 ner
621 3037 697 3083 ansa
713 3018 766 3075 sed
789 3021 901 3097 castigo
926 3036 1030 3096 corpus

287 3121 394 3172 meum,
409 3120 446 3158 ne
461 3118 513 3187 ego
524 3100 576 3187 qui
584 3097 755 3176 predicavi,
766 3098 827 3232 ipse
838 3099 975 3179 reprgbus
986 3098 1031 3178 es·

1363 2939 1495 3018 πρόθυμοι
1517 2940 1682 3019 γενόμενοι,
1705 2942 1851 3007 ἐκκλίναντες

1081 3018 1135 3078 ἀπὸ
1157 3025 1204 3079 τοῦ
1228 3022 1310 3079 κακοῦ
1334 3017 1468 3089 ποιήσωσι
1491 3018 1524 3078 τό
1550 3019 1658 3100 ἀγαθὸν
1685 3022 1730 3080 καὶ
1755 3024 1851 3080 συνοῦσι.

1080 3097 1175 3157 Πάντα
1200 3109 1300 3178 πρᾶττε
1325 3098 1369 3156 hil
1388 3097 1436 3169 ehu
1458 3102 1515 3157 τῶν
1544 3100 1732 3160 ἀσθενούντων
1756 3102 1851 3176 ὑγίειαν,

278 3181 381 3261 fictur.
392 3178 478 3239 Cu'rrc
498 3190 592 3266 igitur,
604 3188 647 3266 'ut
662 3196 771 3254 compte
790 3173 888 3266 endas:
902 3196 991 3265 pugna
1005 3188 1063 3255 τεο
1079 3175 1238 3256 τρεφόμενος
1255 3183 1288 3257 τῇ
1302 3176 1390 3236 ἐλπίδι
1402 3180 1455 3235 τῶν
1477 3178 1665 3255 σωζομένων,
1687 3181 1732 3238 καὶ
1749 3178 1851 3258 ιῇταρὲ

287 3273 369 3328 corta,
386 3271 414 3315 ut
429 3257 568 3315 inimicum
582 3276 675 3313 vineas
686 3278 692 3310 :
702 3269 728 3313 tc
747 3253 805 3311 oleo
820 3268 928 3334 pretatis
941 3275 1030 3334 unge:

287 3337 370 3397 habes
391 3335 535 3396 certamina
556 3334 711 3415 apatribus
732 3334 782 3392 tibi
803 3335 914 3392 relicta:
928 3355 1032 3393 assume

287 3418 393 3498 hloysis
413 3415 577 3474 oblivionem
598 3414 777 3493 injuriarum,
798 3413 908 3492 ,losephi
921 3413 1033 3474 castita-

287 3510 352 3565 tem,
367 3496 482 3554 Doridis
495 3492 739 3563 mansuetudinem,
758 3491 824 3549 Elim
839 3492 1032 3572 virginitatem,

288 3575 379 3633 Elisei
404 3573 543 3652 'rjirtrnum
574 3572 649 3629 lsaiae
679 3585 880 3650 paupertatem,
905 3571 982 3629 Pauli
1007 3586 1033 3630 et

288 3655 359 3712 Petri
376 3596 468 3725 siclam,
483 3651 584 3709 Cluisti
601 3650 739 3708 caritatem
756 3673 762 3704 ι
777 3663 806 3707 ut
822 3671 885 3707 cum
904 3650 930 3708 in
945 3651 1033 3709 omni·

289 3734 340 3792 bus
356 3733 470 3813 pulchre
491 3732 646 3802 certaveris,
666 3727 786 3788 victoriae
807 3728 904 3786 bravia
926 3751 960 3788 ex
976 3752 1033 3789 ma-

288 3835 325 3872 nu
342 3813 390 3871 llei
413 3810 541 3891 accipias.
557 3810 650 3867 Pastor
667 3829 695 3867 es
707 3807 911 3866 rationabilium
931 3810 1034 3869 Christi

289 3893 400 3951 ovium?
414 3894 487 3949 Oves
509 3890 535 3948 in
552 3889 629 3947 caula
651 3907 794 3966 congrega,
811 3903 929 3946 errantes
941 3889 1033 3965 reduc,

289 3975 417 4031 contritas
428 3970 522 4048 alliga,
537 3968 627 4048 alupo
642 3968 755 4025 lanistas
772 3980 875 4039 sanato,
889 3968 967 4048 lupos
977 3968 1035 4027 abi·

290 4073 332 4129 ge,
346 4072 424 4110 canes
447 4071 496 4130 pro
519 4048 601 4107 ovilis
619 4046 772 4105 defensione
786 4067 851 4105 voca
865 4070 871 4102 :
884 4069 936 4105 non
962 4049 1034 4108 enim

289 4130 485 4205 somnolentos,
500 4126 547 4187 sed
567 4127 694 4185 latrantes
707 4127 734 4184 in
747 4125 858 4183 Domini
884 4127 950 4185 ovili
978 4149 1035 4187 esse

328 4208 474 4268 restzillos
494 4228 557 4267 vcro
581 4205 694 4286 expelle.
719 4205 837 4263 Hcrbam
856 4206 987 4266 virentem
1000 4228 1035 4267 ex

290 4231 378 4347 llario
393 4287 587 4366 germinantem
601 4285 709 4344 ostende
719 4308 726 4353 ;
738 4285 919 4343 immortalem
933 4287 1033 4345 sontem

289 4366 461 4446 baptismatis
482 4365 582 4435 indica,
598 4379 624 4423 et
637 4362 804 4423 sordidatam
817 4386 894 4422 ovcm
913 4386 982 4443 aqua
994 4367 1035 4425 la-

290 4465 446 4525 crymarum
460 4444 541 4502 ablue
552 4445 687 4503 :laborem
708 4464 813 4501 omnem
828 4458 853 4502 et
866 4444 1034 4524 dehtigatio·

1080 3259 1142 3336 Θεῷ
1158 3256 1314 3337 ἐλπιζομένῃ
1336 3256 1504 3335 ἀγαλλιάσει.
1521 3257 1578 3325 Ὡς
1601 3261 1738 3331 ἀθλητής,
1753 3262 1852 3335 νομίμοις

1081 3335 1212 3408 ἀθλησον·
1228 3337 1321 3403 Οὐδείς
1341 3335 1392 3415 γίιρ
1414 3344 1618 3415 στερκνοῦται,
1634 3338 1680 3398 et»
1701 3340 1738 3418 μὴ
1753 3340 1851 3413 νομίμως

1083 3415 1194 3494 ἀθλήοη.
1214 3419 1272 3476 Οὐκ
1295 3417 1364 3475 ἔστιν
1387 3421 1404 3486 ἡ
1424 3415 1501 3487 πάλτ,
1523 3418 1596 3498 πρὸς
1618 3410 1689 3495 αἷμα
1708 3422 1753 3476 καὶ
1773 3422 1852 3495 τέραα,

1085 3494 1153 3553 ἀλλά
1170 3496 1234 3575 πρὸς
1244 3494 1291 3561 τίς
1305 3494 1406 3576 ἀρχάς,
1420 3495 1489 3575 πρὸς
1510 3495 1562 3563 τὰς
1578 3497 1719 3572 ἐξουσίας,
1739 3499 1796 3577 πρὸς
1806 3497 1853 3561 τίς

1084 3575 1299 3655 κοσμοκράτορας
1309 3580 1355 3632 τοῦ
1370 3572 1480 3641 σκότους
1494 3574 1618 3645 τούτου,
1632 3579 1700 3660 πρὸς
1713 3578 1746 3636 τί
1756 3600 1852 3652 xampa-

1085 3653 1146 3712 τικίι
1158 3659 1205 3724 τῆς
1219 3652 1347 3732 πονηρίας
1359 3654 1385 3710 ἐν
1403 3661 1458 3719 τοῖς
1478 3655 1668 3736 ἐπουρανίοις.
1683 3657 1753 3724 Τοὺς
1763 3661 1854 3724 draca·

1085 3731 1146 3799 κοθς
1160 3733 1251 3799 πόνους
1265 3733 1311 3793 στέ
1328 3756 1375 3810 γε,
1389 3731 1449 3798 τούς
1467 3734 1648 3802 διαύολικοίος
1662 3738 1771 3817 βρόχους
1783 3742 1852 3813 φεῦγε.

1084 3811 1138 3871 'lale
1160 3814 1265 3870 Παῦλον
1280 3755 1327 3871 καί
1344 3812 1474 3891 τρέχοντα
1495 3814 1543 3871 καί
1565 3807 1737 3874 πυκτεύοντα
1757 3819 1798 3873 καὶ
1813 3837 1853 3871 πι-

1083 3892 1201 3951 λαίοντα.
1219 3892 1297 3950 Olea
1317 3891 1419 3971 τρέχω,
1434 3892 1536 3969 φησίν,
1561 3894 1610 3952 ἵνα
1630 3895 1789 3953 καταλάύω·
1800 3895 1854 3950 οὗτοι

1085 3970 1221 4042 πυκτεύω,
1235 3973 1285 4051 οὐχ
1295 3975 1330 4037 ὡς
1342 3973 1407 4050 ἀέρα
1422 3969 1507 4051 δέρων
1520 3995 1527 4008 ·
1544 3975 1612 4032 ἀλλ’
1622 3976 1769 4041 ὑπωπιάζειν
1782 3973 1856 4051 psoris

1087 4055 1178 4127 σῶμα,
1196 4050 1291 4126 μήπως
1307 4049 1359 4129 ἐγὼ
1379 4054 1393 4107 ό
1413 4050 1544 4129 κηρύξας,
1565 4055 1648 4119 αὐτὸς
1667 4056 1789 4131 ἀδόκιμος
1801 4053 1855 4111 ἔτεο-

1087 4154 1145 4207 μαι.
1160 4133 1185 4189 Τ
1188 4129 1248 4209 ρέχε
1266 4129 1353 4188 τοίνυν
1364 4127 1406 4186 ἵνα
1418 4130 1603 4207 καταλάῦῃς,
1618 4134 1736 4192 πύκτευε
1755 4133 1797 4190 καί
1810 4132 1855 4189 τί·

1085 4208 1211 4280 λαιε,ίνα
1228 4209 1338 4280 νικήοης
1355 4209 1399 4266 τὸν
1418 4209 1514 4309 ἐχθρόν
1527 4233 1534 4245 ·
1546 4213 1665 4293 ἀλείφοι)
1684 4218 1723 4293 τῷ
1736 4218 1781 4281 ’.ἧς
1799 4214 1858 4269 eise·

1087 4288 1160 4354 όείας
1180 4288 1281 4369 ἐλαίῳ·
1301 4273 1371 4368 ίχεις
1393 4289 1580 4364 παλαιοματα
1602 4293 1807 4371 καταλειφθέντα
1824 4312 1856 4346 ττι

1087 4367 1138 4425 ὑπὸ
1156 4372 1209 4426 τῶν
1232 4369 1313 4447 ἁγίων
1333 4366 1454 4447 πατέρων
1467 4392 1474 4404 ·
1486 4367 1619 4444 λάμῦανε
1639 4372 1689 4443 τὴν
1709 4370 1856 4438 ἀνεξικακίαν

1087 4453 1133 4505 τοῦ
1154 4445 1301 4517 Matutae,
1323 4452 1369 4505 τοῦ
1393 4446 1496 4547 Ἰωσήφ
1523 4448 1580 4520 τὴν
1612 4452 1799 4533 σωρρσσίνήν,
1821 4453 1857 4506 :ui

290 4545 352 4584 nem
376 4523 488 4597 sustine,
502 4537 533 4581 ut
545 4544 607 4581 cum
618 4521 787 4612 ‘apparuerit
808 4524 932 4604 princeps
945 4541 1035 4605 pasto·
1050 4521 1069 4569 C
1088 4526 1172 4585 Λαυίδ
1184 4525 1232 4599 τὴν
1248 4525 1403 4605 πραότητα,
1421 4532 1468 4584 τοῦ
1497 4528 1574 4585 ίίλία
1588 4530 1642 4602 τήν
1656 4533 1810 4612 παρθενίαν,
1821 4532 1857 4586 τοῦ

291 4626 354 4663 rum
378 4602 514 4674 Christus,
539 4601 657 4681 accipias
672 4603 921 4661 immarcescibilem
943 4605 1035 4681 gloriae

291 4704 427 4742 oomnam.
439 4681 507 4740 Ovis
521 4682 567 4739 es?
583 4679 687 4739 Pastori
698 4680 868 4760 obtempera,
877 4684 914 4741 ab
925 4685 992 4742 ovili
1004 4705 1037 4743 ne

290 4762 390 4842 logias,
402 4761 484 4821 fidem
497 4759 682 4840 complectere,
694 4781 709 4816 a
719 4759 797 4838 virga
812 4762 927 4840 pastoris
943 4784 977 4822 ne
991 4764 1037 4823 de-

292 4841 375 4901 clines
388 4862 455 4899 :non
475 4840 546 4898 enim
564 4854 590 4898 te
609 4839 749 4919 percutiet,
772 4853 801 4897 ut
817 4841 932 4915 occidat,
945 4843 992 4902 sed
1006 4857 1036 4902 ut

293 4921 329 4979 ab
339 4941 428 4979 errore
440 4918 565 4979 deducat.
578 4920 686 4978 Florem
700 4941 734 4978 ox
750 4919 828 4995 virga
839 4923 920 4981 Jessae
937 4923 1036 5001 germi-

292 5014 401 5061 nantem
411 4997 649 5060 indiscriminatim
663 4999 773 5059 eolezex
792 5000 863 5061 sonte
878 5001 913 5061 dc
926 5024 1034 5082 prani-

327 5188 337 5211 ¹
356 5172 449 5237 [Saiil.
464 5183 492 5227 la.
506 5177 595 5240 τούτόνιί

1089 4604 1244 4664 Ἐλισσαίου
1264 4604 1313 4676 τήν
1332 4604 1474 4677 νηστείαν,
1494 4614 1543 4665 τοῦ
1558 4606 1681 4669 (Ησαίου
1694 4611 1744 4681 τήν
1757 4615 1858 4683 ἀκτήμο-

1090 4685 1182 4757 σύνην,
1196 4686 1304 4745 Παῦλου
1318 4684 1363 4742 καί
1378 4683 1483 4762 Πέτρου
1502 4686 1554 4757 τὴν
1570 4689 1682 4761 πίστιν,
1694 4693 1804 4749 Χριστοῦ
1820 4686 1857 4755 τήν

1090 4764 1198 4841 ἀγάπην
1210 4789 1216 4801 ·
1227 4763 1269 4822 ἵνα
1282 4768 1308 4823 έν
1322 4773 1388 4821 πᾶσι
1402 4767 1493 4831 καλῶς
1511 4752 1736 4846 ἀγωνισάμενος,
1747 4775 1790 4839 τῆς
1799 4767 1858 4834 rixa:

1089 4842 1124 4902 rh
1136 4842 1248 4925 βραόεία
1266 4847 1296 4902 ἐκ
1311 4844 1399 4922 χειρὸς
1418 4845 1492 4902 Θεοῦ
1512 4848 1648 4920 ὑποδέξῃ.
1663 4849 1769 4927 Ποιμήν
1787 4839 1808 4906 εἷ
1818 4848 1857 4903 αῖον

1089 4924 1203 5001 λογικῶν
1223 4922 1364 5004 προῦάτων
1382 4928 1429 4981 τοῦ
1444 4924 1589 5004 Χριστοῦ;
1603 4917 1652 4988 Tb
1671 4929 1789 5008 πρόόατα
1804 4925 1858 5003 μα’ν·

1089 5004 1180 5084 δρευε,
1195 5001 1228 5063 τί
1237 5002 1429 5079 πεπλανημένα
1440 5003 1608 5085 ἐπίστρεφε,
1621 5009 1657 5068 ed
1671 5006 1857 5087 συντετριμμέντ
