3728 5978
695 551 739 597 nn
765 542 1004 600 ronstrnurrs.
1552 531 1625 630 849

691 671 698 691 Ι

15 666 32 699 'l
104 676 197 735 Πέδετε
221 673 353 754 ἀπύρασιν
371 672 492 753 χαλεπήν
516 673 562 733 καλ
584 671 662 746 όθυνη
699 695 729 747 νς
749 671 831 731 εἴδετε
924 675 954 736 ό.
990 671 1107 742 Vidistis
1128 673 1227 734 duram
1254 695 1427 754 amatamque
1446 674 1625 740 sententiam?

14 748 28 785 ²
59 754 209 834 ἀποτυγέαν
224 752 261 832 μή
276 752 387 832 ἔχουσαν
402 756 538 818 παντελῶς
551 695 831 831 παραμυθθανμῐδετε
884 751 992 813 vidistis
1011 752 1201 832 calamitatem,
1219 755 1396 832 quenullam
1417 755 1623 819 oonwtruonem

14 828 32 903 ,¹
58 822 830 914 ζημίαντὸνῦπὸρπάσανζημίαν,ήκούσατετήνρρικτήν
882 830 1025 891 admittit?
1044 831 1151 892 vidistis
1166 832 1308 909 damnum,
1327 834 1400 912 quod
1419 834 1510 895 omnis
1523 835 1623 897 damna

14 910 31 949 '-
57 917 113 971 τῶν
139 913 319 991 ἀσπλάγχνων
342 911 514 989 &minolon
540 909 671 982 ἠκούσατε
690 910 721 969 τὸ
741 933 831 970 κατοε-
881 912 1044 991 exsuperat?
1061 911 1175 971 audistis
1191 912 1353 973 horrendam
1368 913 1623 977 immisericordium

14 992 30 1029 ι’
57 991 186 1071 κητήριον
196 994 248 1049 τῶν
260 989 297 1067 μή
309 991 464 1065 έλεούντων;
476 989 572 1068 ἔγνωτε
584 996 634 1049 ποῦ
648 989 829 1067 ὸκπέμπονται
881 989 1203 1070 migrationemiaudistis
1209 990 1421 1068 quodsiteorum
1426 992 1622 1072 bmmculum,

14 1076 30 1111 ²
57 1074 84 1129 ol
103 1074 232 1142 ἀπηνεῑς;
254 1070 365 1147 ἐμάθετε
385 1073 423 1136 εἰς
438 1069 517 1130 ποίαν
535 1069 626 1149 γύραν
647 1067 751 1148 μακρὸν
765 1071 830 1128 ἀπο·
881 1071 928 1147 qui
942 1069 1128 1130 misericordes
1140 1091 1192 1129 non
1204 1071 1334 1131 fuerunt?
1347 1071 1432 1131 nostis
1443 1093 1497 1150 quo
1511 1074 1622 1136 mittan·

14 1156 29 1191 ¹
57 1149 187 1227 δημοθαιν
201 1154 442 1216 οἱκαταπονοῶντες
455 1138 643 1216 καλθλύθοντες
658 1148 717 1217 τοὸς
730 1148 828 1207 ἀὸυνά·
880 1161 926 1206 tur
938 1149 1054 1208 immites
1068 1149 1300 1211 illiiaudistisin
1315 1172 1397 1229 quam
1410 1153 1547 1230 regionem
1558 1153 1621 1214 lon-

13 1238 29 1275 s
57 1248 134 1301 τους;
154 1227 284 1289 Βούλεσθε
302 1230 383 1288 πάλιν
403 1233 516 1289 ἀκοῦσαι
536 1232 572 1296 εἰς
585 1229 663 1288 ποίαν
678 1227 827 1288 ἀνάπαυσιν
879 1226 1008 1305 ginquam
1035 1228 1187 1308 demigrant
1213 1231 1261 1308 qui
1286 1251 1416 1311 pauperes
1437 1231 1622 1313 opprimunt?

16 1298 27 1355 l
57 1307 105 1366 καὶ
119 1308 219 1385 τρυρήν
237 1306 290 1365 ἀπέ
326 1330 415 1382 ονται,
438 1309 485 1375 Εἰς
498 1307 529 1367 τὸ
544 1312 598 1386 πῦρ
618 1307 650 1367 τὸ
663 1305 826 1385 ἡτοιμασμέ-
879 1306 973 1366 Vultis
995 1328 1068 1367 nunc
1082 1308 1188 1398 audire,
1212 1307 1241 1368 in
1259 1330 1341 1388 qnam
1360 1309 1491 1387 requiem,
1508 1310 1537 1371 in
1554 1332 1622 1391 quas

13 1378 28 1435 'o
56 1407 101 1445 νυν
113 1391 152 1467 τῷ
163 1329 333 1465 διαύόλῳάάλ
346 1396 400 1454 τοῖς
413 1387 533 1465 ἀγγέλοις
544 1390 631 1447 αὐτοῦ.
645 1385 826 1465 ’Δαπλαγχνοι
835 1382 991 1459 mdelicias
999 1387 1116 1446 abeant?
1128 1389 1159 1447 ln
1174 1407 1263 1466 iguem
1279 1401 1402 1478 paratum
1411 1386 1522 1450 diabolo
1534 1404 1561 1451 et
1572 1413 1622 1452 an·

13 1461 27 1517 >l
56 1462 167 1544 ρρύξατε
186 1465 232 1524 καὶ
245 1465 384 1525 ἐνδύσασθε
398 1465 539 1545 σπλάγχνα
551 1467 704 1544 οἰκτιρμῶν,
719 1465 826 1537 ἀνελιή·
843 1474 862 1521 Α
879 1465 946 1544 galis
958 1467 1027 1546 ejus.
1042 1467 1187 1526 inhumani
1200 1467 1390 1541 exhorrescite,
1407 1480 1434 1526 et
1458 1468 1564 1531 induite
1574 1471 1620 1532 vi·

13 1546 26 1599 'r
57 1566 136 1620 μονες
150 1543 298 1623 τρομάξατε
307 1544 353 1603 καλ
366 1546 462 1623 μάθετε
474 1547 566 1619 ἐλεεῖν,
581 1543 825 1681 τύραννυιίλιγγιά-
879 1545 1405 1606 aceramiserioordiaecimmisericordes
1418 1548 1621 1625 contremiscite,

13 1630 25 1679 ἐ
57 1645 123 1682 σατε
141 1623 187 1681 καὶ
205 1622 341 1683 παύσασθε
360 1625 413 1685 ἀπὸ
426 1628 478 1684 τῶν
494 1626 627 1704 πονηριῶν
641 1627 725 1700 ὑμῶν,
774 1647 826 1682 πα·
880 1636 907 1682 et
927 1624 1022 1684 discite
1037 1624 1250 1684 misericordiam
1263 1649 1270 1682 ι
1284 1626 1393 1706 tyranni
1412 1626 1545 1718 autigine
1561 1648 1743 1703 corenam,

12 1707 22 1761 ἐ
56 1720 101 1777 γες
119 1701 235 1775 ττήέατε
249 1702 295 1761 καλ
308 1702 353 1762 ἐπὶ
371 1704 503 1783 ἅρπαγμα
520 1703 558 1780 μή
574 1706 727 1774 ἐπιποθῆτε.
752 1648 826 1761 tito-
880 1703 951 1782 repti
970 1717 1062 1778 estote,
1083 1717 1109 1763 et
1121 1704 1203 1764 linem
1216 1703 1347 1785 imponite
1366 1705 1492 1794 nequitus
1504 1720 1619 1768 vestm
1633 1729 1668 1762 ιι·

12 1808 20 1843 ι
56 1796 101 1848 ἐις
117 1784 245 1859 ἐννοῶμεν
267 1780 315 1854 τήν
335 1781 449 1864 ρούερὸν
468 1781 540 1861 ὥραν
553 1779 759 1859 τοῦλογοθέται,
780 1779 827 1840 καλ
880 1794 1001 1862 raptores
1018 1781 1170 1859 formidate,
1196 1796 1222 1843 et
1240 1784 1364 1865 rapinam
1386 1784 1471 1844 nolite
1493 1786 1622 1871 eoncupi-

12 1891 22 1923 ι
56 1857 168 1928 ἕκαστος
183 1861 391 1960 ἀπεστρέψαμεν
411 1860 464 1922 ἀπὸ
482 1866 529 1933 τῆς
546 1861 606 1920 ὁδοῦ
623 1864 701 1937 ήμῶν
713 1864 762 1932 τῆς
775 1881 826 1919 πο-
880 1880 961 1920 scere.
976 1860 1130 1941 Cogitemus
1141 1882 1233 1922 omnes
1246 1861 1412 1922 tremendam
1422 1862 1566 1926 reddendis
1576 1887 1622 1926 rs·

13 1952 20 2001 ἑ
55 1947 151 2016 θηρὸςΙ
175 1946 355 2017 μιμησωμεθα
372 1939 434 2010 τοὸς
453 1939 607 2013 Νινευέτας,
629 1939 675 1999 sal
689 1936 758 2020 γινιύ
794 1943 827 1998 θα
881 1938 963 1999 tionis
973 1939 1079 2018 horam,
1095 1955 1122 2000 et
1132 1939 1233 2020 singuli
1243 1943 1517 2003 convertamuravis
1530 1957 1622 2006 noma

12 2052 20 2083 ι
56 2016 334 2157 ΙτοιμοηὼςὸΚύριος
342 2010 761 2124 ένετεέλατυἙθ-ρονάνείπεῑνκα
779 2041 827 2099 qs·
880 2019 1120 2079 malarimitemur
1142 2019 1290 2098 Ninivitas,
1318 2035 1345 2080 et
1363 2021 1453 2102 parati
1473 2021 1570 2102 simus,
1590 2040 1622 2086 ot

11 2132 19 2167 γ
56 2097 225 2176 νερῶσαειιαλ
233 2120 284 2178 περ
303 2097 364 2167 τοὺς
372 2098 507 2179 θνάαωτέρ
515 2096 827 2178 τουςχιτῶναςμολύναν-
880 2098 1013 2158 Dominus
1033 2099 1170 2190 praecepit.
1196 2100 1293 2160 Dicere
1317 2121 1422 2181 possem
1444 2114 1472 2161 et
1491 2100 1623 2165 discerem

11 2214 18 2243 ,
55 2175 180 2248 τας,καὸ
193 2176 250 2255 μετ’
269 2177 603 2258 αἰσχύνηςτοῦβασιλικοῦ
617 2177 704 2257 γάμου
718 2176 764 2236 καλ
778 2178 827 2247 τῆς
880 2175 916 2236 de
929 2178 974 2254 iis,
993 2199 1040 2257 qur
1053 2179 1082 2238 in
1095 2177 1207 2239 lascivia
1222 2179 1327 2240 tunicas
1340 2179 1576 2260 suasinquinsnt,
1595 2198 1622 2245 et

11 2295 16 2328 2
78 2264 144 2335 αρᾶς
155 2255 255 2328 usta<
267 2255 312 2316 καλ
326 2256 401 2330 δόξης
419 2255 628 2336 ἐκβαλλομένους
640 2259 677 2323 εἰς
695 2253 828 2325 τὸσιιότος
882 2256 929 2335 qni
943 2278 1005 2317 cum
1018 2255 1129 2317 infamia
1148 2258 1258 2337 aregiis
1272 2278 1309 2317 nu
1331 2258 1376 2318 tiis
1394 2272 1421 2318 et
1436 2280 1453 2317 ε
1466 2258 1559 2322 laetitia
1574 2262 1623 2323 illa

11 2375 15 2408 :
56 2278 249 2418 iitidnpov,
270 2335 335 2395 ὅπου
353 2342 368 2397 ό
385 2335 520 2415 κλαυθμὸς
536 2335 582 2396 καὶ
601 2339 615 2394 ό
635 2334 753 2418 βρυγμὸς
774 2338 828 2394 τῶν
882 2349 909 2394 et
930 2336 1016 2415 gloria
1038 2337 1184 2418 ejiciuntur
1203 2339 1232 2396 in
1251 2280 1372 2397 tenebras
1391 2337 1548 2413 exteriores,
1574 2341 1622 2402 nbi

11 2457 14 2487 ,
57 2412 180 2474 θδύντων.
229 2415 300 2474 Ἀλλ’
326 2414 456 2476 ἀποδώσω
493 2440 506 2473 ν
537 2415 604 2483 τέως
627 2414 662 2473 τὸ
689 2413 826 2495 περὶτῶν
881 2414 1024 2475 eritlletus
1037 2431 1063 2476 et
1076 2416 1176 2477 stridor
1187 2415 1318 2477 dentium.
1332 2415 1543 2479 Sedmddamsts
1555 2419 1623 2481 inte·

11 2539 12 2543 ,
36 2532 39 2541 -
57 2492 235 2573 ἀαπλάγχνων
244 2493 279 2552 τὸ
289 2494 437 2554 ἀκόλουθα·
461 2519 488 2553 τι
499 2491 552 2573 γὸρ
561 2493 732 2554 ὑπολείπεται
742 2493 827 2574 ήπερλ
880 2494 935 2554 rim
946 2516 977 2554 ea
988 2517 1047 2575 qua
1057 2509 1206 2576 sequuntur
1218 2496 1289 2556 eirca
1302 2495 1529 2558 immisericordes
1540 2498 1621 2579 illos;

57 2573 146 2629 αὐτῶν
161 2571 304 2653 τραγῳδία.
331 2573 385 2633 Καὶ
398 2572 451 2654 γὸρ
463 2575 509 2633 καὶ
524 2575 552 2632 αἱ
564 2572 644 2633 πάντα
655 2574 744 2654 μωραὶ
757 2597 826 2656 παρ·
844 2582 863 2630 a
879 2587 933 2633 stat
948 2575 1020 2634 enim
1032 2575 1123 2636 adhuc
1136 2576 1265 2655 tragoedia
1280 2574 1315 2636 de
1327 2575 1384 2634 illis
1394 2578 1619 2657 repraesentanda.

56 2648 126 2751 θάνοι
148 2651 222 2733 παρὸ
245 2655 293 2722 τῆς
314 2656 395 2724 αὐτῆς
409 2651 825 2753 άαπλαγχνθαςάπεκλεύσθηααν,
881 2655 952 2713 Nam
971 2654 1090 2734 quinque
1103 2655 1223 2734 virgines
1234 2656 1327 2732 latum,
1342 2655 1416 2734 quod
1431 2655 1622 2748 miset'icotdiae

55 2727 827 2892 ttithitftttlttttitillotoltit,
880 2734 1622 2896 &rostitit-”tithonittlrtbrtltt

54 2886 205 2966 θοτέρησιν,
222 2891 252 2948 σθ
275 2889 319 2950 διὸ
342 2891 544 2971 αιιληραγωγύατ
561 2889 579 2961 ἢ
593 2888 691 2962 τεύξεως
704 2890 826 2969 σώματος
880 2906 999 2952 carerent
1008 2893 1122 2974 jejunio,
1137 2892 1252 2973 vigiliis,
1267 2893 1435 2974 psalmorum
1447 2907 1528 2953 cantu
1535 2916 1546 2973 γ
1568 2916 1622 2957 non

55 2963 191 3049 έλλιιψιν·
212 2969 301 3028 πάντα
322 2969 358 3046 γὸ
388 2976 473 3030 ταῦτα
492 2969 670 3050 κατώρθωσαν
692 2973 719 3030 όν
735 2971 827 3051 πολλῷ
880 2971 953 3049 quod
981 2973 1189 3031 macerationem
1212 2993 1243 3031 oo
1310 2971 1316 2984 ’
1350 2972 1515 3053 negligerent
1536 2996 1543 3031 ι
1563 2973 1622 3036 hec

55 3048 153 3125 ἀγῶνι,
167 3047 213 3107 καὶ
222 3049 319 3115 κόπους
327 2994 440 3116 πολλοὺς
453 3049 635 3123 ἐπεδείξαντο,
648 3047 694 3108 καὶ
704 3049 735 3108 τὸ
748 3048 827 3130 βάρος
880 3049 982 3140 quippe
1000 3051 1093 3110 omnia
1115 3072 1177 3110 cum
1201 3063 1244 3110 stu
1268 3052 1292 3110 ‘o
1314 3072 1412 3131 magno
1435 3066 1461 3111 et
1482 3051 1622 3116 laboribus

54 3128 103 3194 τῆς
121 3126 222 3206 ἡμέρας
245 3129 290 3187 καλ
308 3129 352 3187 τὸν
379 3127 502 3188 καύσωνα
520 3128 686 3188 ἰύάατασαν·
704 3129 773 3189 alit
791 3129 825 3188 δι’
880 3127 1005 3209 plurumis
1023 3144 1190 3211 peregerant,
1219 3152 1251 3190 ac
1270 3129 1326 3191 diei
1345 3129 1452 3212 pondus
1473 3145 1622 3213 astumque

55 3205 250 3308 ἀσπλαγγνύαν.
260 3205 335 3279 Αὕτη
346 3206 428 3288 γάρή
444 3208 533 3291 μήτηρ
544 3208 650 3266 πάντων
662 3211 716 3268 τῶν
725 3212 825 3282 κακῶν,
880 3207 1078 3286 toleraverant3
1094 3208 1143 3269 sed
1158 3208 1230 3288 quod
1243 3209 1455 3269 misericordiam
1468 3230 1522 3271 non
1538 3232 1621 3273 exer-

55 3285 235 3366 ήγεννητρια
258 3291 304 3344 τοῦ
330 3287 470 3364 μέσαις,ή
492 3289 536 3347 τὸν
560 3287 629 3347 Θεὸν
648 3286 695 3346 καλ
715 3286 825 3368 Πατέρα
880 3289 1052 3369 cerenclpsa
1083 3289 1164 3370 uippe
1173 3288 1342 3348 inolentia
1352 3304 1438 3350 mater
1447 3304 1487 3349 est
1498 3291 1621 3353 omnium

56 3362 257 3443 παροξύνουσα,
282 3369 300 3436 ή
329 3366 360 3424 τὸ
382 3368 494 3444 Πνεῦμα
515 3368 546 3427 τὸ
568 3366 643 3445 ἀγιον
666 3367 825 3426 ἀποδιώκον·
879 3367 1030 3445 malorum,
1048 3310 1105 3428 eiii
1121 3388 1225 3449 parens,
1246 3390 1307 3448 quae
1320 3370 1410 3428 Deum
1424 3381 1450 3428 et
1463 3370 1572 3430 Patrem
1584 3370 1621 3432 sd
1725 3391 1730 3400 ·

55 3463 99 3500 σα.
123 3442 328 3524 Ἀσπλαγγνύα,
350 3449 368 3516 ή
391 3445 436 3504 τὸν
459 3446 582 3528 Χριστὸν,
605 3445 651 3505 τὸν
672 3455 757 3526 πρᾶον
779 3445 825 3506 καὶ
879 3445 1049 3507 iracundiam
1067 3460 1207 3529 provocat,
1230 3469 1262 3506 ac
1279 3447 1413 3530 Spiritum
1431 3462 1554 3509 sanmum
1569 3471 1621 3512 ex-

54 3521 168 3598 γαληνὸν
197 3523 243 3582 καλ
269 3528 316 3595 τῆς
342 3523 446 3603 εἰρήνης
471 3526 585 3606 χορηγὸν
617 3524 662 3584 καὶ
696 3525 824 3606 ἀόργητον
879 3522 1167 3606 pellitzinclementia,
1189 3547 1250 3606 quse
1264 3527 1405 3587 Christum
1417 3527 1523 3601 mitem,
1537 3549 1620 3590 man-

53 3601 89 3666 ὼς
102 3601 267 3680 ὀργιζόμενον
281 3604 565 3664 ἀποδεικνύουαακατὸ
578 3605 609 3664 τὸ
621 3606 823 3686 γεγραμμένον·
878 3619 996 3678 suetum,
1020 3605 1094 3687 pacis
1114 3606 1325 3684 conciliatorem,
1350 3606 1386 3665 ab
1407 3607 1447 3666 ira
1467 3621 1617 3689 remotum,

53 3678 124 3737 Τότε
134 3682 245 3752 λαλήαιι
254 3681 320 3763 πρὸς
331 3681 423 3751 αθτοὸς
434 3685 461 3742 έν
472 3687 537 3765 ὀργῇ
548 3688 636 3745 αὐτοῦ.
648 3683 732 3757 Τότε,
743 3685 824 3765 πότε,
841 3695 860 3746 c
876 3685 955 3762 quasi
972 3683 1134 3743 iracundum
1151 3685 1270 3756 exhibet,
1284 3699 1314 3745 ut
1327 3686 1460 3767 scriptum
1471 3700 1520 3759 est,
1537 3689 1768 3750 Tarichaeas.

52 3758 181 3858 Ληλονύτι
193 3759 257 3866 tuq
271 3760 339 3839 μετὸ
353 3764 453 3863 πολλῆς
466 3765 577 3842 θλίψεως
591 3763 636 3824 καλ
646 3764 823 3838 λύττηςλαλή·
876 3764 1012 3843 loquetur
1024 3765 1066 3822 ad
1078 3785 1125 3824 eos
1139 3765 1172 3823 in
1183 3769 1229 3824 ira
1241 3786 1305 3824 sita.
1323 3767 1414 3841 Tunc,
1428 3766 1618 3845 quandonam?

52 3842 506 4000 {dimittitis}
520 3846 821 4000 {tttsstttttsst‘g
875 3840 1226 3998 tltltthtth?
1226 3843 1257 3980 2¹
1259 3858 1510 3998 littori?
1515 3845 1553 3988 θ·
1587 3869 1618 3987 t

54 3995 162 4069 Ταύτης
183 3997 234 4098 γὸρ
253 4000 353 4080 καρπὸς
376 4003 487 4076 μισαὸελ
509 4001 552 4075 θα,
566 4001 663 4073 ταύτης
677 4000 821 4081 γεύιργημα
875 4014 940 4079 quot
953 4001 1024 4061 bona
1036 3999 1158 4090 conciliet
1170 3999 1410 4061 immisericordia?
1430 4003 1519 4094 Hujus
1535 4024 1616 4066 nam-

52 4076 227 4156 ριλαργυρια,
240 4078 336 4151 ταύτης
354 4086 372 4152 ή
387 4024 514 4161 θεραπεύει
526 4081 557 4139 τὸ
573 4079 743 4157 ἀμετάὸοτυν,
757 4083 821 4142 ταύ-
875 4080 1041 4158 quet‘ructus
1053 4093 1092 4138 est
1101 4079 1195 4139 odium
1204 4080 1335 4152 fratrum3
1347 4080 1428 4161 hujus
1437 4082 1614 4162 agricultura,

52 4160 129 4227 τητὴ
150 4157 296 4238 πανήγυρις
310 4161 381 4218 Θεοῦ
395 4162 483 4239 θλίψιν
497 4159 671 4242 πεπλήρωκε,
689 4158 818 4234 ταύτηςή
875 4179 951 4218 arnor
973 4158 1115 4240 pecuniae3
1144 4157 1226 4241 hujus
1246 4158 1438 4234 ministerium,
1463 4162 1613 4241 tenacitas3

52 4236 174 4307 ἀποθήκη
191 4238 317 4309 ἀπηνείας
328 4237 431 4314 μεστὴ,
446 4242 473 4298 ἐν
487 4237 627 4312 τῆταύτης
637 4242 722 4320 ἀγορᾷ
731 4241 821 4303 πάντα
875 4236 957 4319 hujus
970 4238 1110 4298 celebritas
1126 4237 1177 4297 Dei
1194 4258 1336 4299 moerorem
1353 4239 1512 4315 cumulavit,
1531 4240 1616 4323 hujus

52 4314 164 4387 εὐθηνὸ,
187 4315 300 4395 ἀστογέα
317 4316 345 4376 ii
363 4317 409 4377 καλ
426 4304 606 4396 λιμὸςέλέους
627 4320 698 4379 Θεοῦ
715 4321 763 4380 καλ
775 4323 820 4381 εθ-
873 4317 1000 4378 borreum
1011 4317 1178 4377 immanitate
1186 4317 1309 4398 plenum;
1324 4317 1352 4376 in
1365 4312 1453 4399 hujus'
1457 4319 1516 4381 loro
1528 4322 1617 4382 omnis

51 4393 217 4473 σπλαγχνέας
227 4384 273 4454 καλ
286 4398 496 4477 φιλανθρωπίαςΙ
509 4397 606 4469 ταύτης
617 4399 750 4480 οἰκήτορες
758 4404 783 4460 ot
793 4401 820 4472 ἐξ
873 4397 1103 4474 abundantiu,.sed
1112 4397 1223 4479 penuria
1228 4412 1255 4457 et
1261 4399 1344 4457 sames
1353 4398 1544 4468 misericordie
1553 4402 1615 4477 Dei,

52 4472 203 4551 εὐωνύμων,
219 4474 316 4547 ταύτης
336 4477 456 4554 μαθητής
469 4484 483 4538 ὸ
496 4478 665 4558 ἄσπλαγχνος
678 4479 820 4556 πλούσιος,
873 4477 1113 4539 commiserationis
1122 4491 1148 4536 et
1157 4477 1346 4538 humanitatis:
1356 4479 1438 4559 hujus
1448 4479 1542 4541 ineolis
1552 4482 1615 4542 asi·

50 4553 65 4608 ό
79 4552 122 4610 τόν
142 4577 207 4614 ποτε
220 4556 326 4654 πτωγὸν
343 4557 463 4639 Λάζαρον
484 4558 549 4637 πρὸς
563 4557 607 4616 τὸν
618 4560 727 4619 πυλῶνα
741 4561 820 4622 αὐτοῦ
873 4557 966 4618 nistris
975 4571 1053 4634 sunt;
1066 4557 1307 4696 qrq‘jusdiscipulus
1323 4556 1400 4617 dives
1411 4559 1614 4638 immisericors,

51 4633 243 4711 παρακείμενον
259 4634 479 4712 βυελυσσόμενος·
498 4636 596 4710 ταύτης
609 4636 685 4717 φίλαι
702 4639 748 4699 καλ
763 4665 819 4718 μα-
874 4638 922 4717 qui
944 4637 1010 4697 olim
1032 4659 1075 4697 me
1116 4637 1186 4696 ‘cum
1204 4639 1337 4697 Lazarum
1354 4638 1391 4698 ad
1413 4639 1514 4700 ostium
1534 4661 1615 4700 sunm

51 4710 156 4790 θήτριαι
170 4715 198 4772 αἱ
211 4713 290 4773 πέντε
308 4717 396 4795 μωραὶ
409 4715 549 4798 παρθένοι,
564 4717 663 4788 ταύτης
677 4722 701 4778 ot
714 4723 821 4779 πολῖται
872 4719 1003 4797 jacentem
1025 4716 1198 4793 fastidiebam
1223 4714 1306 4795 hu'us
1320 4719 1412 4777 amicae
1425 4733 1452 4778 et
1474 4718 1615 4801 discipule

49 4800 103 4848 πᾶν
124 4782 191 4859 εἶδος
205 4795 325 4852 πωλοῦσι
340 4794 387 4852 ocul
408 4798 564 4876 ἀγοράζουσι
577 4796 661 4877 χυιρλς
673 4799 761 4866 ἐλέους
774 4799 820 4858 καλ
835 4820 855 4867 υ
914 4797 995 4876 inque
1012 4796 1091 4855 latum
1104 4796 1225 4876 virgines
1233 4820 1242 4872 3
1257 4739 1341 4878 liujus
1362 4798 1435 4857 circs
1448 4818 1540 4857 omncs
1550 4817 1616 4858 ven·

50 4869 175 4947 άγάπης·
199 4872 257 4931 ὅθεν
281 4873 326 4932 ssi
343 4873 501 4935 ἀκούσονται
523 4877 572 4950 τὸ,
597 4879 657 4938 Οὐκ
669 4869 727 4936 οἶδα
741 4881 818 4955 ὑμᾶς.
894 4890 942 4936 unt
956 4890 983 4936 et
996 4877 1202 4955 emuntspecies
1224 4878 1281 4935 sine
1308 4875 1490 4935 misericordia
1506 4876 1615 4937 otcari-

50 4949 157 5024 Ταύτης
171 4953 196 5010 οἱ
209 4952 368 5031 κληρονόμοι
379 4954 536 5014 ἀκούσονται
549 4956 597 5038 τὸ,
611 4957 758 5038 Πορεύεσθε
772 4959 818 5016 ἀπ’
874 4968 928 5016 tate
941 4979 948 5012 ε
960 4955 1135 5034 quamobrem
1147 4954 1256 5014 audient
1269 4953 1349 5029 illud,
1361 4957 1467 5014 Nescio
1479 4975 1543 5017 vos.
1555 4955 1614 5015 ttu-
1622 4973 1709 5020 nasso.
1724 4970 1763 5021 st.

51 5028 130 5104 ἐμοῦ·
144 5029 243 5103 ταύτης
255 5034 279 5097 οἱ
293 5032 404 5113 ἔμποροι
419 5034 506 5094 πάντα
522 5034 664 5107 κέκτηνται
676 5035 758 5116 γωρὶς
772 5039 819 5107 τῆς
871 5036 917 5129 jus
930 5034 1051 5094 haeredes
1062 5033 1174 5094 audient
1185 5033 1266 5109 illud,
1283 5035 1433 5093 Discedite
1447 5055 1468 5093 a
1481 5056 1549 5105 me,·
1563 5034 1615 5094 hu·
1627 5050 1662 5083 ¹¹·

51 5113 97 5165 τοῦ
110 5110 180 5167 Θεοῦ
192 5113 407 5194 φιλανθρωπίας·
421 5113 512 5193 ὥσπερ
526 5115 572 5173 καὶ
591 5118 619 5172 αἱ
631 5105 705 5194 προέι
722 5115 820 5193 ημέναι
870 5136 916 5196 Jus
929 5129 1088 5174 mercatores
1101 5114 1190 5173 omnia
1228 5113 1454 5195 ossideutpraeter
1468 5114 1520 5174 Dei
1536 5114 1615 5174 beni-

52 5187 141 5265 μωραὸ
154 5188 277 5267 παρθένοι
296 5192 470 5253 πάντακατιύ
487 5199 587 5267 θωααν,
604 5138 756 5276 rapterius,
769 5219 819 5269 νη-
873 5195 1014 5274 gnitatem,
1042 5206 1118 5252 utet
1140 5215 1173 5273 pr
1216 5205 1274 5251 tetre
1289 5193 1408 5273 virgines
1420 5194 1500 5254 fatue
1524 5195 1615 5254 omnia

51 5266 151 5337 στεύειν,
173 5291 177 5312 =
195 5269 339 5350 αλμιρὸίαν,
360 5218 517 5353 ἀγρυπνύάν,
539 5271 702 5355 ἐγκράτειαν,
714 5298 818 5354 χαμαι-
873 5288 943 5333 mcte
956 5287 1122 5357 peregerant,
1135 5271 1328 5351 virginitatem,
1344 5273 1484 5353 'ejrrnium
1497 5274 1615 5354 psahno·

50 5344 161 5420 κοιτέαν,
185 5349 818 5433 ηρορτγέαν,προσευγήν,ἀλαιαόαν,κόπυιςιιαλ
872 5352 957 5431 diam,
976 5353 1096 5433 vigilias,
1112 5351 1324 5434 temperantiam,
1339 5295 1417 5413 lumi
1432 5353 1611 5426 cubationcur,
