3742 5970
230 417 301 509 284
552 441 582 489 s.
609 441 750 491 sounnrs
775 441 966 493 cunrsosr.
994 426 1016 492 'x

77 563 279 624 Au.13.ro.hoc
293 563 374 624 sneiat
388 565 501 644 Paulus,
517 578 546 625 ut
561 587 624 627 eum
644 565 729 626 dicit:
741 568 766 627 0
787 567 875 648 plene
891 571 972 626 omni

227 649 296 717 dolo
306 657 320 718 i
332 657 384 717 bic
396 679 462 720 vcro
478 678 545 718 curn
567 658 703 720 emendati
725 673 826 736 essent,
839 681 893 720 non
914 674 972 720 erat

226 771 303 832 opus.
314 749 351 809 Et
362 748 427 811 vide
438 774 445 808 t
456 771 510 811 non
522 751 700 833 bosporum,
712 752 833 823 Quidam
846 772 880 811 ex
894 752 972 812 nobis

224 845 362 924 jusserunt
375 862 424 904 ros
446 843 530 924 legem
545 865 672 922 servare;
688 844 746 918 sed,
770 847 972 905 Turbaverunt

226 955 282 994 uos
291 938 389 1010 uerbis
399 949 568 997 evertentes.
577 936 661 996 Nulla
674 937 760 1017 magis
768 936 879 1019 propria
888 936 972 998 dictio
998 959 1004 974 ·

225 1040 296 1105 erat3
312 1026 404 1087 nullus
423 1028 462 1088 ita
483 1027 564 1087 dixit.
587 1028 699 1089 Animas
716 1051 776 1109 quise
786 1031 844 1111 jam
858 1030 972 1090 firmetae

226 1126 311 1195 erant,
324 1119 425 1200 inquit,
438 1120 631 1199 subvertentes,
642 1122 719 1203 quasi
734 1115 972 1203 iucundeque

148 1257 158 1271 .
226 1213 262 1273 nb
276 1213 332 1273 illis
342 1214 411 1273 faeta
426 1227 500 1273 erant
514 1229 650 1295 ponentes.
668 1217 790 1294 Quibus,
801 1216 897 1296 inquit,
912 1239 973 1277 non

225 1310 423 1388 precepimus.
444 1308 565 1368 Placuit
585 1330 653 1390 ergo
670 1313 828 1369 nobis'una
841 1312 1006 1378 collectisn

227 1401 408 1460 unanimiter
419 1411 496 1477 cum
508 1400 631 1460 dilectis.
648 1401 677 1462 Si
689 1401 793 1479 dilecti,
809 1423 862 1462 non
882 1418 971 1464 conto

227 1504 318 1551 mnent
340 1513 385 1552 eos
398 1491 440 1552 :si
460 1491 630 1557 tradiderunt
651 1493 767 1571 animas,
788 1495 840 1576 ipsi
865 1517 972 1576 quoque

180 1626 189 1633 -
226 1584 283 1644 fide
293 1583 372 1666 digni
383 1599 456 1647 sunt.
467 1589 603 1647 Misimus
615 1609 694 1668 ergo,
707 1587 805 1667 inquit,
819 1590 931 1649 Judum
943 1602 971 1650 et

225 1678 329 1752 Silam,
340 1691 369 1738 et
378 1682 454 1759 ipsos
465 1682 556 1738 uerbo
568 1684 781 1740 annuntiantes
794 1683 867 1742 burc.
882 1683 972 1763 Opor-

226 1771 299 1830 tebat
309 1771 391 1850 enim,
402 1785 433 1830 ut
446 1792 498 1833 non
511 1770 624 1853 epistola
633 1773 689 1832 sola
698 1786 873 1855 compareret,
887 1795 920 1833 ne
930 1773 973 1835 di·

226 1874 317 1922 cerent
336 1862 409 1944 ipsos
427 1864 581 1942 extorsisse,
596 1878 622 1924 et
642 1864 694 1925 alia
708 1886 758 1946 pro
774 1865 835 1925 aliis
855 1865 969 1926 dixisse.

227 1956 299 2016 Laus
307 1943 496 2016 Paulietsocii
505 1978 597 2017 eorum
606 1979 653 2017 ora
663 1959 807 2019 obstruxit.
814 1960 878 2019 ideo
895 1956 971 2019 numss

226 2070 280 2128 que
290 2049 971 2130 nequePaulussolusnupuessarnnbassolusvenit,

226 2141 274 2201 sed
293 2141 375 2201 etiam
396 2141 444 2201 alii
467 2141 504 2202 de
522 2141 654 2219 Ecclesia,
668 2164 702 2203 nc
717 2144 818 2205 utervis
831 2159 971 2227 suspectus

226 2248 306 2312 esset,
321 2234 384 2313 quia
399 2234 498 2316 dogma
513 2235 585 2295 iilud
606 2237 749 2319 amplexus
769 2251 837 2315 erat,
852 2260 938 2318 neque
951 2239 971 2298 ii

225 2343 332 2390 tantum
351 2330 398 2410 qni
411 2330 447 2390 ab
466 2330 651 2412 Jerosolymis.
675 2331 800 2392 Ostendit
820 2354 903 2411 quam
916 2332 1005 2397 {idec

227 2421 305 2503 digni
324 2423 401 2484 sint:
420 2445 473 2484 non
497 2437 667 2503 exequantes
689 2446 733 2496 se,
758 2425 866 2504 inquit,
885 2447 971 2506 neque

227 2516 300 2575 enim
309 2515 347 2576 ita
361 2515 507 2576 insaniunt.
520 2516 641 2596 Ideoque
653 2514 760 2577 addidit
774 2517 854 2596 illud,
867 2522 971 2578 Homi-

228 2602 313 2668 nibus
324 2614 376 2691 qui
386 2609 570 2669 tradiderunt
584 2613 701 2669 unimus
711 2630 781 2670 suas
788 2632 843 2691 pro
855 2616 973 2672 nomine

226 2704 350 2762 Domini
359 2707 453 2763 nostri
464 2703 537 2762 Jesu
549 2703 669 2763 Christi.
675 2701 712 2762 Et
721 2723 770 2762 cur
777 2701 859 2778 dixit,
871 2706 972 2764 Visum

225 2807 269 2854 est
281 2794 402 2875 Spiritui
414 2807 519 2863 sancto
532 2806 561 2853 et
571 2798 664 2866 nobis,
679 2809 764 2872 quum
780 2788 916 2855 sufficeret
929 2796 971 2856 di·

225 2887 306 2965 xisse,
321 2889 444 2969 Spiritui
465 2892 592 2947 sancto?
615 2886 701 2960 Illud,
716 2888 837 2968 Spiritui
855 2902 970 2966 sancto,

226 2979 354 3061 ponitur,
368 3000 401 3038 ne
420 2991 546 3060 putarent
569 2979 719 3037 humanum
740 2979 808 3058 quid
823 3001 891 3056 esse,
902 2981 973 3042 iliud

225 3090 300 3147 vero,
314 3073 416 3146 Nobis,
428 3084 458 3129 ut
471 3069 602 3130 discerent
614 3070 622 3128 i
624 3092 687 3151 psos
697 3071 778 3130 etiam
792 3070 972 3135 admittendos

226 3187 300 3240 esse,
313 3166 377 3226 licet
398 3164 426 3225 io
446 3164 650 3224 circumcisione
663 3177 758 3225 essent.
775 3168 863 3226 Miri!
878 3169 970 3243 ultra,

225 3261 364 3340 inquiunt,
384 3262 470 3319 uobis
487 3263 599 3340 imponi
612 3279 695 3320 onus.
712 3258 776 3318 Haec
788 3258 894 3337 dicunt,
907 3263 972 3341 quia

224 3354 262 3414 od
273 3354 395 3414 infirmos
410 3373 498 3412 sermo
515 3366 586 3428 erat,
598 3366 625 3412 et
644 3351 832 3412 formidolosos
842 3378 849 3410 ε
859 3352 973 3435 ideoque

225 3460 252 3506 ct
263 3447 316 3506 boc
331 3445 469 3527 adjicitur.
484 3443 610 3505 Ostendit
622 3458 713 3504 autem
728 3466 781 3505 non
797 3444 972 3525 indulgentie
988 3459 1008 3507 o

225 3559 374 3599 sunnonem
388 3559 455 3610 esse,
468 3550 499 3596 nt
509 3550 648 3618 parcerent
660 3536 716 3597 illis
727 3552 759 3596 ut
769 3537 904 3617 infirmis3
917 3540 972 3602 imo

225 3644 326 3692 contra.
346 3631 465 3710 Magnus
486 3629 559 3688 enim
578 3626 721 3690 doctorum
743 3628 833 3711 pudor
853 3634 973 3695 erat2id

145 3744 149 3749 ·
224 3744 289 3783 vero
302 3723 471 3805 superfluum
483 3721 577 3781 suisset
585 3743 662 3781 onus.
673 3721 746 3784 Vide
752 3721 862 3783 brevem
874 3725 972 3805 episto-

223 3816 278 3877 lum
298 3817 367 3876 nibil
386 3813 544 3875 redundans
566 3814 723 3892 habentem,
743 3836 792 3875 nee
811 3832 972 3898 apparatum

223 3931 271 3968 nec
289 3908 461 3992 syllogismos
470 3953 479 3985 ,
496 3906 542 3968 sed
565 3912 729 3989 praeceptum
742 3929 749 3964 ε
762 3908 903 3968 eratenim
926 3910 971 3970 lex

167 4000 169 4004 ’
222 4002 352 4084 Spiritus.
382 4003 461 4082 Seepe
483 3999 536 4060 boc
566 4013 665 4060 vocant
687 4020 763 4060 onus.
785 4002 971 4083 congregata

223 4099 411 4158 multitudine
421 4096 606 4156 tradiderunt
619 4094 784 4176 epistolant.
797 4094 861 4153 Post
872 4095 970 4176 episto·

223 4190 277 4250 ium
292 4205 318 4250 ct
332 4189 385 4270 ipsi
400 4188 492 4249 verbis
507 4177 693 4246 exhortantur.
710 4183 768 4244 Hac
782 4185 888 4245 itenere
902 4207 970 4267 opus

222 4295 290 4360 crat,
301 4295 331 4340 ut
342 4282 376 4339 ab
388 4280 461 4340 omni
475 4278 629 4361 suspicione
641 4277 831 4337 liberarentur.
845 4280 886 4338 Et
900 4283 967 4358 ipsi,
985 4289 1004 4340 B

223 4375 321 4455 inquit,
332 4386 502 4434 cumessent
508 4375 667 4454 prophete,
678 4374 858 4431 sermonibus
869 4373 970 4434 multis

222 4468 373 4527 exhortati
385 4479 454 4525 sunt
464 4466 593 4546 fratres.
615 4463 705 4534 Quem
724 4461 778 4522 fide
794 4462 870 4544 digni
885 4480 971 4527 essent

222 4559 268 4620 hic
277 4557 435 4619 ostenditur.
449 4556 583 4617 Potuissot
595 4569 622 4614 et
633 4554 749 4632 Paulus3
760 4554 808 4615 scd
818 4556 868 4616 hos
878 4557 970 4619 adesse

222 4671 291 4733 opus
302 4664 370 4710 erut.
383 4651 479 4708 Facto
492 4660 592 4706 autem
606 4650 648 4706 ibi
657 4647 813 4728 aliquanto
828 4660 966 4730 tempore,

223 4747 337 4806 dimissi
345 4755 489 4803 suntcum
501 4760 583 4821 pace.
595 4741 655 4799 Non
666 4740 724 4820 jorn
737 4739 844 4808 seditio,
853 4763 905 4802 non
911 4744 968 4823 jem

222 4835 335 4896 eversio.
348 4834 400 4894 Hic
413 4831 483 4894 mibi
497 4830 606 4892 videtur
619 4831 681 4890 illos
694 4829 835 4890 dexteram
848 4835 968 4915 accepis-

75 4943 130 4986 σαι.
142 4955 163 4987 2.
174 4954 199 5000 9·
224 4953 260 5007 se,
272 4944 302 4990 ut
314 4931 371 5012 ipse
383 4928 421 4988 ait
431 4951 438 4984 t
449 4929 597 4987 Dexteras
609 4925 752 4984 dederunt
765 4927 838 4983 mibi
851 4939 879 4986 et
893 4929 970 4986 Bur-

73 5030 133 5076 totu.
143 5045 163 5072 v·
174 5025 198 5072 6·
225 5027 309 5084 nuboe
317 5024 539 5084 communionis.
550 5019 644 5078 Postea
653 5017 720 5077 dicit
728 5041 734 5074 ε
743 5019 908 5079 Nihilmilti
919 5022 969 5079 ud·

256 5254 265 5278 ·
284 5235 393 5300 Quidum
406 5241 454 5290 ciii
468 5241 599 5303 λογισμοὺς,
614 5241 666 5288 ἀλλ’
679 5241 834 5301 ἐπιτάγματα.
983 5233 1001 5281 *s
