3728 5978
490 552 523 598 ΙΝ
551 550 833 599 Pnnntcn'ttotttttt
858 552 995 600 aasuutt.
1024 555 1073 601 vt.

117 677 204 754 texte
226 677 288 756 aad
306 674 447 754 υνομὲνης,
469 673 609 753 μετανοίας
620 674 769 735 eisteten.

108 754 215 831 ἷπιγείου
229 699 357 833 partiri-ie
367 754 512 834 πρόδρομοι
522 759 547 814 οἱ
561 753 770 832 ἀπαγγιλλοντις
822 752 967 814 adventum
984 756 1155 833 annuntiant,
1173 755 1231 815 nihi

109 855 154 890 του
177 835 333 911 παρουσίαν,
348 834 420 893 οὐδὲν
441 834 558 914 οὐράνιον
576 834 769 912 βαστάζουσιν,

108 913 166 970 ίντα
182 913 299 992 ἐπίγεια·
313 913 341 981 δς
356 914 403 991 μὲν
415 913 530 986 ἀσπίδα,
551 914 629 981 ἄλλος
646 913 768 994 θώρακα,

108 997 199 1069 ρυσοῦς
223 994 383 1097 δράκοντας,
403 994 480 1060 ἄλλος
503 993 597 1070 ἱμάτια
620 993 767 1073 διάχρυσα·

108 1099 110 1127 ;
125 1067 139 1129 6
149 1074 271 1149 βασιλευς
282 1073 355 1153 φέρει
365 1072 413 1145 τὴν
426 1076 478 1132 τῶν
492 1072 599 1132 πάντων
611 1072 728 1141 ἐξουσίαν
738 1075 767 1131 ἐν

115 1150 163 1222 τὴν
178 1152 315 1290 πορφύραν
329 1152 374 1211 καλ
385 1153 415 1212 τὸ
429 1152 554 1229 διάδημα.
568 1155 604 1213 Οἱ
616 1152 643 1213 δδ
653 1152 767 1234 πρόδρο-

1499 536 1564 631 891

823 673 861 733 tia
880 674 994 735 sincera.
1012 675 1126 735 Terreni
1147 677 1219 756 regis
1233 697 1436 814 'precursoren
1449 679 1497 759 qui
1512 683 1570 761 ejus

1259 756 1361 817 caeieste
1385 772 1499 839 gestant,
1523 761 1570 821 sed

823 835 912 892 omnia
933 848 1055 907 terrena;
1071 835 1142 894 alius
1163 835 1305 916 clypeum,
1318 837 1388 897 aiius
1412 839 1568 912 thoracem,

821 913 892 972 alins
914 935 1009 974 aureos
1034 914 1176 990 dracones,
1201 916 1271 974 alins
1294 938 1374 975 aurea
1394 919 1567 995 vestimenta3

823 992 882 1073 ipse
893 1014 956 1053 voro
978 1015 1027 1053 rex
1077 1009 1199 1055 testatem
1217 996 1244 1054 in
1258 997 1349 1055 omnia
1365 997 1454 1058 sertin
1466 997 1565 1078 seipso,

844 1093 972 1153 nrpuram
986 1088 1012 1132 et
1052 1074 1350 1155 'ademaxpraecursores
1369 1097 1433 1136 vero
1455 1078 1567 1138 caelestis

822 1095 904 1232 iicgis
918 1152 986 1212 nihil
995 1168 1131 1213 terrenum
1146 1168 1259 1234 gestant,
1275 1155 1420 1215 sedomnia
1433 1158 1505 1236 Rege
1517 1157 1564 1216 di-

120 1233 232 1312 ἐπουραν
244 1256 274 1291 ου
290 1232 418 1310 βασιλέως
438 1231 511 1292 οὐδὲν
522 1233 612 1312 γήϊνον
629 1231 765 1314 φέρουσιν,
783 1238 803 1285 D
821 1234 1205 1325 gnazitioysesrcgiamlegenr
1215 1235 1565 1317 proscrt‚lsaiasjejunintn,

651 1311 657 1330 Ι

107 1309 173 1369 άντα
192 1311 251 1379 ἀξια
271 1317 316 1370 τοῦ
336 1311 477 1391 βασιλέως·
492 1315 609 1385 Μωθσῆς
628 1335 707 1389 νομον
720 1314 765 1373 τὸν

108 1396 130 1447 όν
154 1390 338 1470 ἀπαγγελλων,
354 1390 467 1460 Ἡσαΐας
488 1391 624 1464 νηστείαν,
635 1389 766 1471 Ἱερεμίας

108 1467 159 1547 Ιὴν,
171 1469 294 1543 Ἰωάννης
310 1471 449 1550 βάπτισμα
464 1470 619 1549 μετανοίας·
640 1471 717 1537 αὐτὸς
737 1470 765 1531 δέ

108 1548 143 1615 εὺς
154 1547 227 1631 φέρει
236 1549 285 1621 τὴν
297 1553 445 1632 πορφυρίδα
452 1551 534 1611 καὶτὸ
543 1550 677 1625 διάδημα,
686 1551 720 1609 δι’
728 1541 765 1610 62

108 1650 164 1696 ντας
176 1632 312 1709 ἐλευθεροῖ.
320 1629 458 1711 Ἔστιγδρ
466 1633 537 1712 αὐτῷ
544 1617 683 1769 πορφθρα”
692 1653 766 1710 ’παρ-

121 1711 213 1784 σῶμα,
226 1710 271 1767 καὶ
285 1709 316 1768 τὸ
330 1710 446 1786 διάδημα
461 1715 476 1769 δ
489 1710 575 1789 λόγος.
588 1713 595 1732 ’
614 1715 688 1769 οῦτον
704 1709 765 1768 ἰδὼν

108 1810 117 1853 ς
139 1789 188 1863 βοᾶ
214 1789 259 1847 καὶ
282 1788 368 1870 λέγει·
391 1790 485 1868 Ἡμεῖς
499 1791 595 1856 πάντες
610 1793 640 1850 ἐκ
661 1788 764 1871 μέρους,

108 1868 159 1944 τῷ
173 1846 283 1947 Ἰσραὴλ
304 1875 453 1947 νομοθετεῖ,
463 1867 578 1937 Ἡσαΐας
596 1873 635 1942 τῷ
656 1867 766 1951 Ἰσραὴλ

108 1943 164 2017 ότι,
186 1944 317 2028 Ἱερεμίας
343 1949 484 2021 ὡσαύτως,
508 1946 560 2025 ἐγὼ
576 1947 604 2006 δὲ
625 1947 765 2027 βάπτισμα

108 2045 133 2089 ις
143 2028 198 2102 ετῷ
215 2027 320 2107 κόσμῳ·
342 2028 401 2087 ἀλλ’
415 2028 497 2096 οὐδεὶς
515 2030 653 2106 ἐλευθεροῖ.
665 2017 765 2086 Ἡλθεν

108 2101 190 2162 άντων
208 2106 276 2185 ἔχων
288 2107 337 2178 τὴν
350 2107 484 2171 ἐξουσίαν·
502 2107 578 2174 αὐτός
589 2108 659 2166 ἐστιν
673 2112 687 2166 6
700 2109 764 2186 παρ’

108 2184 283 2262 γρυττόμενος,
295 2189 372 2255 αὐτός
383 2190 454 2247 ἐστιν
465 2194 480 2248 6
493 2186 615 2265 βασιλεὺς
623 2190 670 2257 τῆς
682 2185 765 2258 δόξης·

108 2266 133 2321 ἰιι
144 2262 210 2322 ἔθνει
222 2264 260 2324 ἑνὶ
275 2267 430 2365 χάριζεται,
449 2267 519 2327 ἀλλά
536 2265 590 2346 ὅλῳ
613 2269 650 2345 τῷ
673 2265 766 2344 κόσμῳ

108 2367 111 2400 ι
126 2340 235 2420 γίνεται.
250 2344 342 2424 Ἀμνον
351 2338 421 2428 εἶχεν
434 2352 448 2407 6
461 2346 550 2423 νόμος·
565 2347 624 2405 ἀλλ’
633 2347 701 2427 ὑπὲρ
711 2345 766 2410 tv‘oe

108 2423 244 2502 ἐσφάζετο,
259 2428 318 2484 ἀλλ’
332 2429 381 2485 οὐκ
402 2431 502 2507 ἀφῆκεν
519 2425 666 2506 ἁμαρτίας·
685 2424 766 2491 τόπος

820 1313 1123 1384 deminorationem,
1139 1316 1254 1376 Joannes
1276 1315 1411 1395 baptisma
1433 1317 1566 1396 poeniten·

820 1394 863 1450 tiae
875 1392 946 1473 :ipse
959 1414 1023 1452 vero
1037 1396 1097 1453 Rex
1109 1395 1162 1453 sert
1171 1415 1208 1475 pu
1251 1414 1320 1453 tram
1332 1408 1358 1453 et
1369 1395 1504 1472 diadema,
1517 1418 1567 1477 per

820 1492 880 1548 quae
889 1493 980 1531 omnes
988 1470 1114 1532 libertate
1123 1472 1217 1533 donat:
1244 1473 1387 1534 abetenirn
1399 1497 1562 1556 purpuram:

820 1570 919 1632 corpus
938 1565 978 1611 est
993 1574 1047 1633 pur
1067 1574 1127 1629 ura,
1144 1553 1259 1612 verbnm
1280 1553 1414 1615 diadema.
1429 1555 1507 1614 Hunc
1520 1554 1566 1613 vi-

820 1628 888 1688 dens
900 1634 1015 1691 Joannes
1029 1575 1127 1691 ciimat
1139 1646 1165 1691 et
1175 1632 1253 1709 dicit,
1267 1635 1329 1693 Nos
1339 1654 1438 1694 omnes
1450 1656 1486 1693 ex
1495 1655 1565 1714 paru

821 1721 859 1768 te.
872 1713 984 1792 iticiyses
996 1712 1088 1770 israeli
1098 1712 1185 1790 legem
1192 1711 1248 1787 dat,
1256 1711 1337 1772 isaias
1349 1713 1441 1772 Israeli
1449 1714 1565 1794 prophe·

820 1801 869 1862 tat,
875 1790 1004 1849 ieremias
1017 1791 1155 1863 similiter3
1167 1811 1218 1871 ego
1229 1805 1318 1851 autem
1331 1792 1467 1873 baptisma
1479 1793 1565 1872 poeni·

820 1867 909 1927 tentiae
919 1868 1030 1944 mundo,
1041 1870 1089 1929 sed
1103 1871 1195 1929 nulius
1208 1870 1429 1931 libertatedonat.
1441 1872 1564 1940 venitis,

820 1948 867 2026 qui
876 1949 1086 2008 omninmhabet
1093 1949 1327 2032 potestatemtipse
1343 1964 1392 2023 est,
1403 1950 1452 2029 qni
1464 1951 1565 2010 anobis

819 2027 991 2107 predicante,
1000 2028 1058 2108 ipse
1070 2043 1111 2088 est
1120 2030 1180 2089 Rex
1190 2029 1294 2109 gloriar,
1301 2029 1359 2110 ipse
1369 2050 1422 2089 non
1433 2030 1479 2088 uni
1492 2031 1565 2108 genti

820 2106 934 2184 gratiam
946 2109 1059 2176 etinfert,
1071 2108 1119 2169 sed
1132 2108 1259 2169 universo
1272 2108 1373 2168 mundo
1387 2110 1460 2168 salin
1478 2110 1565 2168 effici-

820 2199 874 2244 tur.
890 2190 998 2266 iignum
1008 2187 1054 2247 lex
1063 2187 1174 2260 habaiu
1186 2187 1233 2247 sed
1244 2209 1294 2268 pro
1307 2209 1359 2247 una
1375 2202 1453 2267 gente
1465 2202 1564 2248 macta-

817 2265 912 2336 batur,
928 2287 1014 2346 mqne
1026 2281 1135 2348 peccata
1156 2267 1324 2344 remittebat3
1343 2269 1428 2344 figura
1449 2289 1565 2347 namque

819 2358 887 2404 erat.
904 2346 969 2405 Post
988 2346 1061 2404 hunc
1084 2367 1186 2427 agnum
1207 2347 1290 2406 Isaias
1312 2346 1458 2427 predicat:
1471 2349 1565 2425 Quasi
1574 2367 1631 2414 leat.
1643 2369 1671 2414 st
1690 2382 1701 2395 τ

820 2429 883 2483 oris
902 2426 945 2484 ad
964 2429 1141 2485 occisionem
1160 2426 1265 2485 ducttts
1285 2439 1338 2497 est,
1362 2439 1391 2485 et
1412 2431 1597 2508 tamqnam&
1692 2398 1715 2425 Ι·

126 2503 204 2561 Μετὰ
222 2512 311 2565 τοῦτον
332 2506 376 2565 τὸν
402 2508 483 2583 ἀμνὸν
495 2505 608 2573 Ἡσαΐας
628 2505 764 2586 κηρύττει·
783 2507 802 2554 Β
820 2525 915 2583 agnus
935 2509 999 2564 sine
1016 2526 1089 2563 voce
1105 2525 1205 2563 eoram
1225 2507 1365 2564 tondente
1383 2525 1424 2577 se,
1439 2511 1480 2565 sie
1503 2527 1564 2564 ιιοιι

108 2579 183 2639 ieron
193 2582 237 2642 ἐπὶ
252 2584 355 2664 σφαγὴν
367 2586 453 2667 ἤχθη,
464 2587 509 2645 καὶ
519 2591 555 2654 ὡς
569 2588 650 2664 ἀμνὸς
664 2588 765 2667 ἄφωνος

121 2668 168 2734 τοῦ
191 2663 233 2721 νιεί
251 2688 327 2732 αντσς
346 2656 436 2736 αὐτόν,
452 2666 534 2733 οθτως
553 2670 600 2725 οὐκ
615 2667 714 2744 ἀνοίγει
734 2668 765 2728 τὸ

108 2743 190 2800 αὐτοῦ.
205 2687 263 2816 Τόν
282 2744 373 2820 γενεὰν
395 2747 474 2805 αὐτοῦ
492 2746 532 2813 τίς
554 2748 597 2817 διν,
624 2747 724 2820 {ceren
746 2754 763 2822 ἡ

108 2826 170 2879 ιἰτοῦ
182 2825 228 2880 ἀπ’
244 2824 322 2883 αὐτοῦ
336 2824 416 2905 ἤρθη.
439 2817 525 2893 Οθτάς
538 2829 607 2885 ἐστιν
619 2831 634 2885 6
644 2828 765 2900 ἀληθινὸς

108 2904 116 2958 6
130 2900 173 2959 διὰ
187 2899 276 3001 λόγων
288 2903 494 2984 κηρυττόμενος,
514 2905 560 2964 καὶ
574 2911 620 2964 νῦν
631 2907 665 2965 δι’
680 2907 763 2986 ἔργων

108 3003 159 3047 νος·
174 2985 248 3050 οὗτος
261 2987 332 3042 ἐστιν
345 2984 411 3064 ὑπὲρ
423 2984 484 3044 θλου
496 2993 542 3044 τοῦ
561 2984 661 3063 νὶόσμον
672 2987 764 3046 ἑαυτὸν

117 3051 190 3125 οὗτός
213 3063 285 3121 ἐστιν
305 3068 320 3122 6
339 3065 421 3142 ἀμνὸς
443 3071 491 3124 τοῦ
503 3066 573 3124 Oroi
588 3069 602 3123 6
620 3065 700 3145 αἴρων
716 3067 763 3139 τὴν

108 3163 123 3196 ,ν
141 3147 187 3199 τοῦ
202 3141 312 3218 κόσμον.
330 3145 366 3203 0t
388 3149 522 3225 προφῆται
537 3144 581 3204 διὰ
599 3147 764 3224 γραμμάτων

108 3240 170 3278 αντα
183 3222 397 3301 προεφήτευσαν,
413 3226 442 3282 οὐ
451 3223 485 3282 τὰ
496 3225 640 3303 πράγματα
651 3226 764 3295 ἔδειξαν·

108 3322 157 3369 γται
169 3299 203 3358 τά
222 3302 385 3380 πράγματα,
399 3303 511 3374 ἀληθινὰ
532 3313 602 3363 ποιεῖ
620 3304 654 3364 τθι
675 3306 765 3387 γράμ-

108 3379 271 3458 ζροεφήτευσε
282 3383 365 3440 Δαυὶδ
375 3383 436 3480 περὶ
448 3389 501 3442 τῶν
514 3385 663 3462 μελλόντων
672 3387 709 3454 είς
720 3387 764 3446 τὸν

819 2593 914 2661 αρσπίε
924 2605 957 2644 os
974 2605 1069 2644 suum.
1085 2585 1311 2643 Generationem
1324 2588 1387 2665 ejus
1401 2589 1466 2665 quis
1477 2606 1564 2645 enar·

819 2667 898 2722 rabit
910 2671 923 2722 t
927 2666 1075 2745 judicium
1086 2667 1149 2754 ejus
1161 2666 1198 2720 ab
1210 2667 1272 2743 ipso
1282 2665 1431 2723 sublatum
1442 2678 1495 2724 est.
1512 2665 1564 2725 Hic

818 2756 858 2800 est
866 2764 946 2803 verus
955 2763 1050 2823 agnus,
1062 2764 1110 2821 qm
1124 2741 1215 2801 verbis
1221 2742 1384 2823 predicatus
1394 2756 1443 2817 est,
1455 2757 1481 2802 et
1491 2757 1564 2804 nnnc

816 2823 920 2904 reipsa
943 2845 978 2904 ap
1015 2822 1127 2882 retahic
1148 2835 1202 2895 est,
1214 2822 1263 2900 qui
1295 2843 1326 2881 ro
1339 2836 1394 2882 toto
1408 2823 1510 2883 mundo
1523 2845 1564 2882 se·

819 2901 910 2982 ipsun
929 2845 1061 2962 traditu:
1072 2901 1118 2960 hie
1130 2915 1169 2960 est
1181 2921 1268 2981 agnus
1277 2845 1344 2978 itti,
1358 2902 1407 2982 qni
1418 2902 1490 2962 tollit
1498 2925 1564 2995 pec·

819 2996 909 3041 catum
923 2981 1028 3044 mundi.
1042 2979 1183 3062 Prophetae
1194 2980 1297 3061 scripto
1310 2983 1401 3040 sutura
1423 2982 1563 3042 vaticinati

818 3076 891 3137 sunt,
903 3083 956 3122 non
977 3083 1020 3121 res
1038 3062 1111 3143 ipsas
1127 3060 1325 3119 exhibuerunt:
1337 3062 1359 3121 si
1374 3084 1416 3122 res
1429 3064 1563 3134 eveniant,

819 3141 874 3200 iltae
887 3142 1066 3222 comprobant
1079 3161 1142 3199 vera
1157 3139 1256 3221 scripta
1270 3140 1360 3203 inisse.
1387 3145 1564 3224 Prophetavit

820 3221 912 3281 David
924 3221 960 3280 de
973 3222 1044 3296 iltis,
1056 3242 1117 3300 quae
1128 3220 1156 3279 in
1171 3223 1264 3282 Jcsnm
1277 3237 1404 3283 eventura
1417 3238 1504 3301 στοαῖς
1517 3223 1563 3284 scd

818 3321 882 3359 carm
897 3300 1018 3365 nonduin
1031 3322 1073 3360 res
1086 3299 1266 3374 advenissent,
1278 3303 1374 3363 umbra
1388 3303 1479 3363 adhuc
1488 3317 1564 3363 erant

818 3402 880 3458 quae
889 3381 989 3474 scripta
1003 3381 1166 3455 serebantur,
1181 3385 1236 3442 Deo
1250 3384 1287 3442 ita
1300 3382 1480 3474 dispensante.
1492 3386 1563 3443 Nam

109 3458 239 3535 γίνεσθαι·
255 3460 323 3519 ἀλλὰ
350 3463 461 3538 μηδεπω
477 3463 614 3544 παρόντων
628 3469 679 3523 τῶν
694 3489 764 3547 προ·
773 3494 810 3534 8,,
819 3461 842 3519 si
854 3477 992 3522 novissent
1004 3462 1093 3525 Jndni
1103 3463 1203 3544 scripta
1214 3463 1295 3522 rebus
1306 3464 1562 3545 ipsrscomprobari‚

108 3583 112 3604 ‚
127 3539 161 3596 cd
174 3539 321 3618 γράμματα
336 3540 412 3600 σκιδιν
428 3543 516 3622 ἐσχον,
534 3550 611 3618 τοῦτο
626 3546 765 3625 οἰκονομη-
782 3553 803 3599 Α
820 3541 919 3625 scripta
933 3543 1049 3604 deleturi
1062 3557 1148 3614 erant,
1161 3555 1307 3603 metuentes
1322 3564 1356 3602 ne
1371 3543 1482 3602 erebus
1497 3543 1563 3624 ipsis

108 3625 140 3676 oi
154 3622 233 3678 Θεοῦ.
250 3622 283 3678 Εἰ
301 3620 353 3701 γδιρ
365 3621 525 3697 ἐγνώκεισαν
548 3627 573 3682 οἱ
599 3626 720 3686 Ἰουδαῖοι
733 3627 764 3688 τό

108 3699 213 3776 ιμάτων
233 3699 373 3779 πράγμασι
392 3702 556 3781 φαινόμενον,
570 3703 604 3762 τὰ
616 3705 764 3784 γράμματα

108 3779 295 3858 παλείψαντες,
310 3782 453 3848 δεδοικότες
475 3783 519 3842 τὸν
542 3786 573 3842 ἐκ
597 3788 763 3864 πραγμάτων

125 3855 219 3960 Ἰδλφγε
233 3858 286 3940 γάρ
304 3864 318 3918 6
335 3861 417 3919 Δαυὶδ
430 3866 456 3920 ἐν
468 3866 506 3942 τῷ
523 3863 635 3946 δευτέρῳ
648 3869 763 3949 ψαλμῷ·

108 3961 226 4080 μιν
238 3938 765 4106 tunm,

108 4107 145 4167 εἰς
156 4105 202 4172 τῆς
216 4107 265 4181 γῆς
279 4101 324 4158 καὶ
336 4103 360 4158 οἱ
374 4099 499 4183 ἄρχοντες
517 4106 561 4166 ἐπὶ
575 4105 606 4165 τὸ
622 4105 698 4165 αὐτά·
715 4106 764 4178 τὴν

108 4176 132 4249 δν
146 4181 195 4252 τὴν
213 4179 283 4240 κατὰ
298 4188 345 4242 τοῦ
365 4184 500 4244 Δεσπότου
516 4185 587 4265 λίγει
597 4209 603 4222 ·
615 4182 628 4217 ¹³
640 4185 709 4245 κατά
720 4193 765 4246 τοῦ

122 4259 251 4321 καὶκατὰ
271 4269 317 4322 τοῦ
336 4264 452 4342 Χριστοῦ
467 4269 555 4326 αὐτοῦ.
574 4266 764 4348 Διαββήξωμιν

109 4339 173 4418 μοθς
188 4345 285 4416 αὐτῶν,
297 4344 343 4403 καλ
357 4345 545 4427 ἀποβρίψωμεν
564 4349 608 4427 ἀφ’
627 4349 704 4423 ἡμῶν
719 4347 764 4407 τὸν

108 4426 176 4484 θεῶν.
194 4428 219 4485 Τ
221 4425 238 4485 ὰ
252 4431 298 4485 τοῦ
316 4431 429 4505 σταυροῦ
452 4425 479 4485 δέ
504 4425 598 4503 λέγων,
613 4429 640 4484 ἐν
655 4429 765 4507 εθιοστῷ

108 4503 195 4584 ἔλεγε·
211 4505 432 4587 Περιεκόιιλωσάν
448 4528 481 4583 με
495 4504 571 4572 κύνες
583 4505 689 4581 πολλοὶ,
700 4512 766 4565 ταῦ·

108 4608 133 4652 ες
152 4584 292 4665 περιέσχον
305 4609 347 4663 με.
361 4585 477 4668 Ὤρυξαν
490 4586 581 4667 χεῖράς
596 4609 645 4664 μου
659 4587 704 4648 καὶ
717 4586 767 4648 πό·

110 4665 308 4744 ,ἐξηρίθμησαν
320 4666 408 4725 πάντα
425 4667 460 4726 τὰ
474 4671 540 4726 ὀστᾶ
555 4691 614 4746 μου.
634 4667 714 4726 Αὐτοὶ
737 4667 765 4727 di

108 4768 152 4804 σαν
174 4746 220 4805 καὶ
240 4744 341 4805 ἐπεῖδάν
357 4770 402 4823 με·
417 4746 599 4825 διεμερίσαντο
615 4744 649 4804 τθι
670 4746 765 4826 ἱμάτιά

108 4835 173 4898 τοῖς,
189 4825 236 4884 καλ
249 4827 294 4885 ἐπλ
307 4825 506 4904 τὸνὶματισμόν
522 4851 572 4904 μου
587 4825 681 4885 ἐόαλον
695 4828 765 4897 κλῆ-

819 3622 1052 3705 redarguerentur.
1069 3624 1182 3683 Dicebat
1193 3624 1267 3683 enim
1290 3622 1380 3682 David
1399 3624 1426 3682 in
1445 3624 1564 3682 secundo

818 3706 924 3786 psalmo
935 3730 942 3763 ι
955 3707 1054 3784 Quare
1067 3706 1261 3784 fremuerunt
1279 3717 1390 3794 gentes,
1415 3717 1444 3762 et
1462 3704 1565 3783 populi
1575 3716 1640 3761 Psat.
1655 3729 1677 3763 2.
1692 3729 1713 3762 ι.

820 3789 955 3845 meditati
966 3798 1035 3844 sunt
1048 3787 1153 3842 inania
1162 3782 1299 3841 ?Her0die
1317 3797 1344 3841 et
1359 3782 1469 3863 Caiphae
1483 3803 1562 3841 ano-
1572 3780 1627 3825 ·³·

820 3866 939 3944 [gantiam
948 3863 1016 3923 dicit
1025 3887 1031 3919 ι
1040 3863 1230 3922 Adstiterunt
1241 3883 1321 3941 reges
1334 3875 1429 3933 terrie,
1443 3875 1471 3921 et
1480 3866 1564 3940 prin-

819 3949 896 4026 cipes
906 3955 1103 4003 conoenerunt
1116 3946 1148 3998 in
1159 3961 1260 4017 unum,
1269 3940 1306 4000 ad
1320 3939 1433 3999 insidias
1446 3941 1563 3999 Domino

819 4022 963 4105 parandas,
971 4025 1111 4082 adversus
1120 4022 1281 4079 Dominum
1289 4034 1319 4079 et
1329 4021 1469 4079 adversus
1480 4022 1563 4079 ctrt-
1624 4033 1629 4042 ·

819 4118 896 4163 stnm
905 4107 977 4184 ejus·
988 4105 1202 4179 Dirumpumus
1210 4101 1336 4159 vincula
1348 4120 1445 4158 eorum
1456 4113 1484 4157 et
1495 4119 1562 4178 pro·

813 4188 955 4266 jiciamus
965 4204 985 4241 a
999 4185 1080 4240 nobis
1090 4184 1192 4261 jugum
1204 4184 1342 4259 ipsorum.
1356 4180 1398 4237 De
1407 4199 1487 4238 cruce
1496 4200 1561 4238 vero

819 4265 941 4342 inquens,
959 4262 987 4320 in
1000 4260 1131 4342 vigesimo
1155 4261 1244 4342 primo
1262 4258 1638 4326 dioebarzcucumde-rnr.
1657 4263 1708 4329 τι(

820 4346 926 4403 derrrnt
944 4363 990 4400 me
1006 4361 1095 4401 canes
1111 4342 1206 4413 multi,
1218 4344 1297 4399 tauri
1314 4343 1436 4419 pingues
1445 4341 1560 4398 obsede-
1573 4341 1608 4389 ¹³·
1623 4356 1646 4390 τι
1661 4359 1697 4404 ¹7·

819 4436 889 4484 rrtnt
900 4445 955 4482 me.
966 4424 1118 4481 Foderunt
1128 4440 1234 4480 manus
1242 4440 1331 4495 meas,
1339 4433 1368 4478 et
1375 4420 1463 4498 pedes
1473 4439 1561 4492 meos,
1569 4421 1641 4469 ··¹9·

820 4507 1079 4563 dinumeraverunt
1100 4504 1201 4560 omnia
1224 4519 1291 4559 ossa
1312 4519 1388 4557 mea.
1404 4502 1465 4577 [psi
1489 4519 1562 4558 nero

819 4586 1078 4644 consideraverunt
1088 4595 1115 4640 et
1129 4585 1320 4662 inspexerunt
1330 4600 1391 4637 rne:
1400 4581 1563 4637 diviserunt

819 4667 875 4724 stoi
887 4667 1065 4722 uestimenta
1085 4682 1160 4732 men,
1178 4673 1207 4719 et
1223 4679 1310 4739 super
1331 4670 1442 4716 vestem
1463 4678 1562 4716 meam

820 4748 960 4802 miserunt
972 4754 1088 4801 sortem.
1102 4741 1206 4800 Umbra
1221 4751 1297 4798 erant
1309 4736 1369 4796 nec
1382 4736 1496 4817 στεῖραι,
1513 4736 1562 4796 nbi

819 4837 910 4882 antem
922 4843 965 4882 res
979 4833 1135 4895 evenerant,
1148 4832 1214 4879 tune
1227 4819 1324 4878 umbra
1338 4814 1457 4877 necuit.
1471 4814 1507 4875 Et
1519 4816 1563 4876 vi·

107 4905 118 4964 ὶ
135 4899 207 4985 εἶχον
222 4906 299 4964 σκιάν
313 4906 348 4965 τά
362 4906 525 4987 γράμματα·
538 4904 623 4965 δτεδέ
645 4897 710 4978 ἦλθε
731 4904 765 4966 τά
783 4920 802 4968 Β
820 4903 885 4962 dent
900 4901 988 4964 Judaei
1002 4920 1098 4960 manns
1108 4911 1135 4958 et
1143 4896 1225 4980 peda
1238 4897 1326 4957 eineis
1337 4896 1374 4956 ab
1388 4916 1418 4956 se
1427 4895 1560 4970 confixos,

108 5009 152 5060 τα,
165 4985 226 5045 τότε
239 4990 256 5056 ἡ
271 4984 334 5045 σκιά
344 4986 472 5066 ἀνεχώρει
481 5031 489 5061 ,
498 4985 543 5044 καλ
557 4992 571 5046 6
590 4989 652 5044 'ictu
663 4990 688 5044 oi
698 4986 765 5045 Ἰω-

108 5089 119 5132 ς
137 5074 229 5148 χεῖρας
251 5064 296 5124 καὶ
312 5065 371 5132 τοὺς
386 5065 469 5133 πόδας
491 5009 640 5138 inanitio<
655 5065 766 5141 οἴκοθεν,

108 5263 149 5314 vil.
165 5263 225 5316 ttdtst
238 5264 291 5316 vuit
303 5273 340 5319 noti
352 5269 472 5335 θεάθημπ]

108 5347 144 5403 til.
158 5355 187 5402 ir.
199 5347 303 5414 κηρθττω
316 5358 348 5416 τῷ
360 5358 436 5414 αι’σμορ
448 5349 458 5414 ]

820 4982 899 5042 tibris
911 4981 969 5041 suis
988 4980 1027 5040 ita
1043 4979 1115 5060 ipsos
1136 4975 1403 5058 redarguentibuarn
1446 4994 1471 5035 ιε
1489 4974 1563 5035 nitra

819 5057 1157 5146 possuntscriptadeien.
1171 5052 1381 5139 umquemin
1477 5054 1563 5115 'faeta

836 5252 1202 5328 ·[8ιιν·ἱ1.ἴσ.δηλῶντὴαάαι]

837 5322 1262 5407 ιιεωιπιιηαιοιιιιὺρ
