3728 5978
627 512 661 564 tn
690 513 797 563 srrsr.
827 513 872 559 ,ιο
899 508 982 569 ουκ.
1010 511 1129 576 notia.
1152 510 1194 607 Y·
1223 550 1231 559 .

134 642 229 722 μένοις.
242 641 279 704 Τί
298 641 352 724 γδρ
373 640 404 700 ἂν
428 641 525 713 εἴποις,
539 640 629 721 φησίν,
650 639 691 699 ότι
710 641 759 699 οὐκ
780 628 852 704 σίδας
874 634 910 695 τά

131 735 271 819 πρακτέα,
283 734 409 794 Μάλιστα
428 733 476 812 μὲν
498 731 582 792 εἶκαὶ
602 730 639 809 μὴ
660 731 748 811 ᾔδεις,
764 729 796 790 σθ
810 728 906 802 αίτιος,

131 831 147 886 δ
161 827 237 908 ἀφείς
248 827 293 887 τόν
303 825 469 906 γνωρίσαντά
484 849 525 885 σοι
534 824 616 885 Θεόν·
633 830 676 883 νῦν
687 821 715 881 δὲ
725 823 770 882 καί
784 820 905 881 διαπολ-

132 921 187 979 λῦν
202 943 232 979 σε
245 918 380 996 δείκνυμεν
392 916 493 989 εἰδότα,
507 916 573 976 δκαὶ
585 916 670 975 ἑκοντὶ
687 914 904 992 πλημμελοῦντα.

132 1010 205 1071 Ἀλλ’
219 1010 272 1070 ὑπὸ
284 1016 330 1069 τοῦ
340 1009 441 1077 πάθους
456 1007 537 1088 ditm
551 1006 587 1068 Ti
599 997 643 1066 οῦν
655 1006 700 1066 καί
711 1003 905 1087 συμπράττεις,

132 1102 180 1164 καί
193 1104 324 1176 ἐπαινεῖς
335 1105 377 1161 Οὐ
386 1102 438 1183 γὰρ
448 1100 525 1180 μόνον
538 1099 606 1158 αθτδ
615 1106 729 1172 ποιοῦσι,
735 1099 826 1180 φησὶν,
837 1095 907 1157 άλλδι

131 1195 180 1254 καί
188 1197 372 1256 συνιοδοκοῦσι
381 1203 436 1261 τοῖς
442 1191 659 1274 πράσσουσιΤήν
665 1182 709 1249 οῦν
715 1188 905 1272 χαλεπωτέραν

131 1288 262 1369 πρότερον
273 1287 326 1354 θείς
339 1287 385 1346 καί
396 1284 587 1367 ἀσόγγνωστον,
598 1283 643 1343 ίνα
656 1282 704 1362 ίλῃ
719 1281 785 1357 (καί
796 1281 848 1363 γάρ
860 1286 906 1340 τοῦ

1629 491 1696 564 ὅόῦ

958 636 1042 716 digni
1053 649 1122 696 sunt
1134 650 1229 701 morte
1235 663 1248 710 ,·
1263 660 1322 699 non
1332 640 1429 701 soium
1440 645 1496 723 ipsi
1497 644 1640 723 jaciunt,
1651 630 1707 702 sed
1732 646 1736 652 '

960 729 1242 808 etiamfacientibus
1254 739 1449 792 consentiunt.
1468 736 1539 795 Cum
1566 733 1635 797 duas
1653 756 1704 817 po·

958 818 1055 879 suisset
1067 821 1229 900 antitheses,
1243 822 1289 883 hic
1304 826 1398 885 ambas
1412 827 1547 908 precipue
1558 826 1595 887 de
1612 826 1703 887 medio
1748 835 1759 859 ⁸

959 911 1038 971 tollit.
1058 912 1134 987 Quid
1145 914 1217 974 enim
1231 915 1352 995 dixeris,
1364 918 1469 997 inquit,
1489 933 1515 978 te
1533 918 1636 979 nescire
1653 939 1701 993 ea,

958 1024 1019 1082 que
1036 1003 1158 1065 faciendi
1177 1007 1261 1067 sunt?
1281 1010 1359 1069 Certe
1376 1011 1398 1069 si
1423 1031 1476 1070 non
1499 1031 1608 1087 nosses,
1623 1025 1653 1070 tu
1673 1009 1702 1070 in

958 1116 1126 1173 eausaosses,
1137 1098 1231 1159 relicto
1244 1100 1369 1180 Deo,qui
1383 1103 1434 1162 tihi
1445 1104 1503 1164 haec
1516 1116 1578 1163 note
1589 1101 1701 1163 fecerat:

959 1206 1032 1246 nuuc
1043 1209 1106 1248 vem
1120 1190 1212 1250 multis
1225 1191 1371 1272 probamus
1384 1207 1411 1252 te
1425 1194 1473 1253 illa
1484 1194 1569 1271 seire,
1583 1207 1609 1254 et
1621 1214 1704 1276 spon-

959 1292 987 1337 te
998 1300 1117 1360 peccare.
1132 1282 1188 1341 Sed
1198 1283 1233 1342 nb
1242 1285 1341 1344 affectu
1351 1285 1466 1345 traheris
1477 1287 1491 1346 ἱ)
1501 1288 1632 1366 Οοτειγςο
1641 1307 1704 1346 ooo·

131 1382 376 1460 πλημμελοῦντοςό
389 1378 437 1451 τὴν
452 1377 584 1456 ἁμαρτίαν
596 1379 711 1437 ἐπαινῶν
723 1373 908 1457 χαλεπώτερος
923 1388 943 1436 1)
960 1372 1063 1452 pueris
1071 1388 1098 1433 et
1104 1374 1221 1437 laudas?
1231 1379 1301 1438 Non
1311 1380 1407 1439 solum
1415 1384 1496 1440 enim
1507 1381 1564 1440 ι’ίία
1564 1382 1701 1462 faciunt,

132 1472 203 1534 πολό
211 1480 231 1549 )·
236 1481 313 1533 τοῦτο
323 1461 367 1532 οῦν
373 1474 477 1555 πρῶτον
483 1469 573 1546 εἰπὼν,
582 1469 625 1528 διὰ
633 1469 727 1528 τούτου
736 1465 907 1548 σφοδρότερον

132 1565 216 1625 πάλιν
227 1567 254 1624 έν
267 1572 321 1632 τοῖς
331 1563 391 1634 ἑξῆς
403 1563 479 1624 αὐτὸν
490 1566 638 1644 χειροῦται,
657 1559 741 1639 λέγων
758 1558 839 1618 οῦτω·
859 1555 909 1616 Διθ

134 1656 332 1736 ἀναπολόγητος
354 1645 391 1729 εἶ,
411 1644 433 1713 ὦ
454 1655 588 1734 ἄνθρωπε,
599 1663 650 1721 πᾶς
672 1658 686 1713 ὁ
699 1652 811 1733 κρίνων·
824 1649 871 1711 Ἐν
885 1641 908 1732 ᾧ

130 1749 189 1831 γάρ
209 1749 305 1829 κρίνεις
324 1749 369 1809 τόν
391 1747 489 1830 ἕτερον,
503 1747 612 1807 σεαυτόν
625 1745 800 1826 κατακρίνεις.
813 1747 909 1804 Ταῦτα

133 1843 202 1923 πρὸς
213 1841 272 1909 τοθς
286 1842 415 1923 ἄρχοντας
433 1835 632 1918 ἀποτεινόμενος
645 1839 743 1917 ἔλεγεν,
758 1836 849 1912 ἐπειδὴ
863 1836 909 1896 καί

133 1940 152 2007 ἡ
167 1932 244 2000 πόλις
255 1933 315 1993 τότε
330 1933 417 2006 ἐκείνη
434 1932 482 2005 τὴν
495 1930 579 2013 ἀρχὴν
591 1923 622 2004 ἧν
635 1930 910 2012 ἐγκεχειρισμένητῆς

134 2024 299 2104 οἰκουμένης.
316 2023 464 2105 Προλαῦιθν
479 2014 523 2083 ode
540 2046 620 2104 φησι·
636 2030 733 2083 σαυτοῦ
747 2025 847 2103 ἀφαιρῇ
861 2019 909 2095 τὴν

135 2115 280 2198 ἀπολογίαν
291 2127 343 2184 πᾶς
354 2115 425 2184 ὅστις
439 2117 470 2176 ἂν
478 2109 528 2198 ᾖς·
546 2117 609 2177 όταν
623 2116 675 2198 γάρ
694 2113 855 2196 κατακρίνῃς
866 2113 910 2173 τθν

136 2208 242 2290 μοιχόν,
254 2210 380 2290 μοιχεόῃς
391 2211 418 2270 δὲ
435 2210 481 2270 καί
496 2209 587 2282 αὐτὸς,
600 2207 649 2267 κᾶν
662 2206 754 2286 μηδείς
766 2205 911 2289 ἀνθρώπων

134 2327 166 2362 σε
182 2301 291 2380 δικάζῃ,
305 2306 331 2362 ἐν
350 2326 383 2381 τη
395 2302 456 2382 περί
468 2307 513 2361 τοῦ
534 2299 676 2361 θπευθόνοο
687 2300 768 2382 ψήφῳ
783 2297 912 2359 καὶκατὰ

961 1463 1061 1542 inquit,
1079 1468 1171 1528 sedet
1181 1470 1367 1549 facientibus
1386 1476 1584 1533 conseminat.
1610 1471 1704 1532 Priore

961 1556 1046 1636 igitur
1057 1559 1144 1640 posito
1155 1605 1164 1637 ,
1177 1583 1237 1641 quae
1247 1567 1325 1623 venia
1337 1564 1447 1645 indigna
1460 1579 1521 1645 est,
1536 1563 1655 1625 utillum
1670 1563 1706 1625 de
1780 1619 1784 1627 ,

963 1648 1052 1709 medio
1073 1651 1150 1711 tollat
1162 1655 1299 1734 (peccante
1308 1657 1378 1718 enim
1384 1658 1419 1736 is,
1433 1660 1480 1739 qui
1493 1672 1634 1740 peccatum
1642 1659 1704 1718 lau·
1714 1664 1762 1724 Qui
1778 1679 1857 1725 pecc·-

962 1740 1020 1814 dat,
1032 1742 1112 1824 longe
1125 1747 1264 1807 nocentior
1271 1755 1331 1826 est);
1338 1750 1399 1826 hoc,
1405 1735 1649 1832 inquam,primuni
1659 1771 1707 1833 po-
1716 1729 1859 1833 ¹⁰:¹35&ss

963 1832 1035 1908 sito,
1052 1835 1116 1897 hinc
1131 1837 1315 1901 vehementius
1327 1842 1356 1901 in
1377 1843 1549 1922 sequentibus
1567 1842 1647 1902 illum
1664 1862 1751 1903 ετ-ωι
1767 1867 1861 1911 ματη·

964 1927 1024 2006 guit
1034 1941 1061 1987 et
1072 1930 1159 2011 carpit
1173 1930 1217 1991 his
1229 1933 1318 1993 verbis
1335 1958 1342 1991 ι
1357 1938 1384 1993 t.
1400 1937 1562 2018 Propterea
1584 1939 1707 2002 inexeu-
1717 1923 1777 2021 ’ὦ
1795 1989 1825 2021 ,χ

964 2021 1068 2080 εαθίίίε
1077 2042 1126 2095 es,
1139 2026 1271 2103 oltomo,
1285 2030 1417 2109 quisquis
1432 2030 1552 2109 judicas
1565 2052 1576 2086 .-
1590 2031 1629 2088 In
1650 2049 1708 2112 quo
1717 2039 1858 2101 Μοιιιμ.

964 2117 1043 2172 enim
1067 2116 1193 2175 alterum
1212 2120 1351 2200 judicas,
1373 2125 1500 2200 ⁴teipsum
1519 2122 1707 2183 condemnas.

965 2204 1028 2264 Haec
1046 2207 1183 2289 principes
1204 2210 1349 2290 respiciens
1371 2210 1460 2288 dicit,
1485 2213 1550 2291 quia
1579 2212 1642 2272 urbi
1666 2212 1708 2273 iiii

965 2309 1030 2356 tunc
1046 2301 1173 2379 temporis
1188 2299 1334 2382 imperium
1350 2303 1378 2362 in
1401 2316 1490 2362 totum
1504 2305 1598 2363 orbem
1617 2303 1708 2365 tredi-

134 2400 234 2455 σαυτοῦ
246 2395 295 2467 τὴν
310 2395 443 2475 ἀπόφασιν
464 2394 585 2473 ἤνεγκας.
601 2392 721 2470 Οἴδαμεν
740 2390 810 2471 γὰρ,
820 2391 861 2451 ότι
881 2389 912 2449 τὸ
928 2390 947 2438 Β
964 2401 1024 2448 tum
1043 2391 1138 2452 iuerat.
1152 2393 1199 2454 Sic
1214 2394 1300 2474 igitur
1320 2395 1428 2456 ordiens
1445 2397 1502 2456 ait:
1520 2397 1710 2458 Defensionem

135 2486 222 2566 κρίμα
247 2491 294 2545 τοῦ
317 2488 387 2546 Θεοῦ
411 2489 467 2545 ἐστι
490 2485 559 2545 κατθι
582 2485 707 2557 ἀλήθειαν
730 2482 774 2544 ἐπί
795 2481 856 2550 τοθς
877 2481 911 2542 τά

135 2582 246 2637 τοιαῦτα
262 2577 436 2658 πράσσοντας.
451 2576 510 2637 Ἵνα
524 2575 576 2658 γὰρ
593 2575 630 2654 μὴ
641 2575 705 2656 λέγῃ
720 2600 774 2649 τις,
789 2575 829 2635 ότι
846 2574 912 2644 τέως

135 2677 147 2702 ⁰
161 2669 291 2750 διέφυγον,
304 2670 392 2751 φυόῶν
407 2693 497 2750 φησιν,
511 2667 552 2728 ότι
561 2672 612 2749 υθχ
625 2667 705 2735 οὕτως
719 2667 775 2727 ἐστί
785 2665 859 2748 παρά
872 2669 911 2746 τῷ

135 2764 201 2842 Θεῷ
216 2761 307 2842 ὥσπερ
322 2765 443 2822 ἐνταῦθα.
455 2761 586 2822 Ἐνταῦθα
599 2761 652 2842 γάρ
668 2759 742 2838 ὁμὲν
757 2761 911 2836 κολάζεται,

134 2855 193 2914 ὁδί
204 2856 345 2936 1διαφεύγει
367 2854 401 2914 τδι
425 2855 493 2914 αὐτὰ
514 2857 614 2914 ποιῶν·
629 2856 683 2912 ἐκεῖ
698 2852 726 2913 δὲ
748 2856 798 2933 οὐχ
820 2851 910 2918 οὕτως.

136 2946 203 3008 Ὅτι
219 2947 267 3027 μὲν
279 2937 324 3008 οῦν
335 2938 388 3007 οἶδε
397 2947 427 3006 τ“ο
442 2946 541 3006 δίκαιον
553 2949 567 3003 ό
581 2944 687 3026 κρίνων,
700 2934 771 3008 εἶπε·
785 2943 864 3004 πόθεν
883 2943 912 3003 δὲ

136 3031 215 3111 οἶδεν,
229 3039 326 3100 οὐκέτι
340 3038 505 3120 προσέθηκε’
520 3037 643 3118 περιττὸν
657 3036 709 3117 γὰρ
727 3028 769 3109 ἦν.
781 3035 846 3097 Ἐπὶ
863 3035 912 3115 μὲν

136 3130 189 3212 γὰρ
207 3136 256 3204 τῆς
283 3131 404 3198 αἰσεόείας
427 3129 564 3210 ἀμφότερα
586 3129 715 3201 δείκνυσι,
733 3127 779 3186 καὶ
802 3127 843 3189 ότι
866 3130 911 3190 τόν

135 3222 205 3283 Θεὸν
222 3223 313 3292 εἰδὼς,
327 3223 436 3295 ἠσέῦει,
450 3223 496 3281 καὶ
512 3221 590 3281 πόθεν
611 3219 703 3294 εἰδὼς,
718 3218 771 3280 άπθ
793 3224 841 3292 τῆς
854 3219 911 3279 κτί-

136 3334 212 3380 σεως.
225 3315 336 3386 Ἐπειδὴ
349 3315 400 3394 γὰρ
410 3318 458 3373 οὐκ
473 3306 505 3386 ἦν
518 3315 596 3384 δῆλον
613 3313 725 3388 ἅπασιν,
737 3302 794 3373 εἶπε
804 3313 852 3372 καί
861 3313 910 3385 τὴν

135 3403 238 3464 αἰτίαν·
247 3410 357 3466 ἐνταῦθα
371 3406 398 3466 δέ
410 3404 668 3486 όιςὼμολογημένου,
678 3404 815 3487 παρίησιν.
824 3404 909 3466 Ὅταν

135 3499 165 3558 δὲ
181 3497 243 3579 ein-p
252 3543 261 3570 ,
271 3500 331 3566 Πᾶς
347 3504 361 3559 θ
375 3497 480 3578 κρίνων,
498 3499 527 3557 οθ
548 3507 602 3564 τοῖς
627 3499 739 3579 άρχουσι
761 3496 910 3577 διαλέγεται

135 3591 226 3669 μόνον,
241 3591 308 3652 ἀλλὰ
322 3591 366 3651 καί
377 3591 493 3658 ἰδιώταις
505 3590 549 3650 καί
564 3590 729 3672 ἀρχομένοις.

965 2480 1015 2540 tihi
1035 2483 1141 2561 aufers,
1162 2484 1285 2565 quisquis
1304 2488 1342 2547 sis
1361 2512 1368 2544 ι
1390 2487 1458 2548 dum
1480 2489 1551 2548 enim
1573 2490 1709 2551 moechum

963 2573 1076 2636 damnes
1083 2623 1093 2651 ,
1109 2591 1135 2638 et
1146 2579 1244 2660 tuipse
1256 2581 1415 2656 moecharis,
1428 2582 1533 2644 etiarnsi
1549 2585 1640 2645 nullus
1660 2584 1710 2644 ho-

965 2688 1010 2727 mo
1023 2682 1048 2728 te
1052 2668 1157 2750 judicet
1167 2685 1193 2731 et
1204 2673 1333 2751 damnet,
1347 2675 1506 2735 sententiam
1516 2676 1610 2750 iliam,
1627 2698 1710 2757 quam

965 2759 994 2818 in
1009 2775 1111 2821 sontem
1129 2763 1235 2842 tulisti,
1255 2764 1417 2847 inteipsum
1431 2767 1528 2826 tulisti.
1548 2772 1576 2829 2.
1597 2770 1710 2829 Scimus

964 2859 1043 2913 enim
1054 2900 1064 2927 ,
1090 2862 1231 2939 quoniam
1245 2861 1391 2940 judicium
1411 2862 1470 2920 Dei
1491 2874 1535 2920 est
1550 2865 1712 2923 seeundum

966 2951 1124 3007 veritatem
1149 2954 1182 3008 in
1199 2970 1268 3023 eos,
1287 2955 1340 3032 qui
1359 2953 1436 3011 talia
1456 2965 1558 3033 agunt
1586 2956 1627 3014 Ne
1649 2955 1710 3035 quis

965 3038 1038 3097 enim
1048 3038 1164 3118 diceret,
1177 3041 1288 3101 Interim
1302 3043 1404 3123 effugi:
1419 3058 1450 3103 ut
1463 3057 1570 3122 terreat,
1584 3045 1641 3121 ait,
1657 3067 1710 3107 non

964 3131 1002 3190 ita
1014 3153 1043 3190 se
1052 3153 1110 3192 rem
1123 3134 1222 3194 habere
1233 3135 1308 3216 apud
1330 3137 1419 3194 Deum
1440 3150 1470 3196 ut
1483 3136 1556 3219 apud
1578 3158 1644 3199 nos:
1662 3138 1709 3199 hic

965 3225 1038 3284 enim
1048 3224 1119 3284 alius
1134 3227 1259 3307 punitur,
1274 3227 1345 3287 eiius
1357 3226 1475 3307 effugit,
1492 3229 1540 3307 qui
1553 3228 1646 3290 eadem
1660 3230 1710 3291 ad-

965 3317 1091 3390 miseran
1115 3317 1174 3377 illie
1187 3339 1253 3378 vero
1275 3340 1329 3378 nou
1351 3319 1425 3380 item.
1454 3320 1536 3393 Quod
1551 3342 1615 3401 ergo
1637 3324 1710 3402 justo

964 3410 1089 3484 noverit,
1109 3411 1191 3490 isqui
1200 3410 1317 3492 judicat,
1328 3412 1417 3490 dixit3
1429 3413 1501 3473 unde
1512 3420 1577 3475 vero
1587 3414 1707 3487 noverit,

964 3524 1017 3564 uon
1034 3505 1117 3564 item}
1132 3505 1300 3586 superfluum
1319 3508 1389 3566 enim
1408 3507 1509 3568 suisset.
1526 3509 1604 3568 Circe
1619 3509 1711 3591 impie

964 3613 1046 3659 tatem
1073 3599 1184 3678 quidem
1217 3613 1364 3678 utrumque
1386 3600 1567 3681 demonstret,
1591 3617 1617 3662 et
1637 3604 1710 3682 quod
1785 3669 1787 3672 ,

964 3693 1011 3752 ille
1020 3695 1109 3752 Deum
1120 3713 1298 3774 cognoscens,
1311 3693 1395 3775 impie
1402 3694 1487 3775 egerit
1492 3718 1501 3771 ;
1511 3709 1537 3754 et
1547 3695 1618 3756 unde
1628 3719 1710 3758 nove·

964 3789 1018 3865 rit,
1035 3809 1132 3869 nempe
1142 3808 1176 3846 ex
1187 3788 1268 3847 rebus
1280 3788 1383 3847 creatis.
1395 3789 1467 3861 Quia
1478 3789 1550 3849 enim
1560 3811 1613 3850 non
1623 3792 1710 3852 omni-

963 3880 1015 3940 bus
1030 3893 1123 3939 notum
1136 3893 1210 3953 erat,
1226 3901 1335 3940 causum
1348 3880 1429 3940 etiam
1450 3881 1542 3960 dixit3
1559 3881 1605 3942 hic
1623 3905 1706 3959 vero,
1813 3890 1814 3893 ’

963 3973 1078 4051 quiores
1090 3972 1117 4030 in
1131 3961 1249 4031 confesso
1260 3987 1331 4051 erat,
1344 3974 1471 4054 praeterit.
1484 3975 1552 4033 Cum
1563 3988 1652 4035 autem
1662 3965 1720 4035 di-'

962 4065 1015 4140 cit,
1032 4067 1134 4124 Omnis
1142 4068 1193 4146 ρυί
1200 4066 1318 4146 judicat
1327 4111 1337 4138 ,
1353 4086 1407 4124 non
1425 4066 1595 4149 principibus
1616 4068 1707 4149 loqui-

962 4171 1007 4216 tur
1020 4171 1125 4217 tantum
1134 4202 1143 4234 ‚
1153 4157 1199 4216 sed
1211 4156 1292 4216 etiem
1308 4158 1424 4238 privatis
1435 4172 1462 4218 et
1473 4159 1597 4219 subditis.

176 4258 230 4317 Καὶ
243 4256 295 4337 γὰρ
310 4258 423 4325 ἅπαντες
438 4258 580 4336 ἄνθρωποι,
596 4255 646 4316 κᾶν
661 4258 698 4336 μὴ
711 4257 799 4340 θρόνον
812 4258 904 4339 ἔχωσι,
924 4265 944 4311 Α
1001 4256 1030 4310 2.
1045 4250 1154 4310 Etenim
1163 4270 1255 4308 ornnes
1262 4250 1395 4328 homines,
1405 4251 1509 4311 etiamsi
1515 4252 1643 4315 thronum
1651 4275 1704 4315 non

133 4349 205 4427 μηδὲ
218 4350 326 4429 δημίους
338 4352 383 4410 καὶ
395 4349 478 4424 ξύλον,
490 4353 548 4409 ἀλλ’
558 4349 631 4430 ὅμως
643 4350 688 4410 καὶ
702 4351 775 4410 αὐτοὶ
787 4352 906 4433 κρίνουσι

131 4441 194 4508 τοὺς
208 4443 417 4523 ἁμαρτάνοντας,
432 4445 459 4500 ἐν
478 4443 608 4511 διαλέξεαι
620 4443 666 4503 καί
680 4450 796 4511 ”κοινοῑς
809 4445 904 4506 συλλό·

132 4556 190 4613 γοις
205 4534 250 4593 καί
267 4538 300 4614 τῇ
315 4543 360 4596 τοῦ
377 4536 524 4603 συνειδότος
536 4534 631 4616 ψήφῳ·
647 4534 694 4595 καί
708 4535 790 4604 οὐδεὶς
804 4537 835 4595 ἂν
849 4539 906 4597 τολ-

135 4627 244 4703 μήσειεν
268 4630 369 4700 εἰπεῖν,
385 4629 425 4687 ότι
448 4632 506 4688 οὐκ·
520 4627 591 4696 ἄξιος
612 4628 745 4696 κολάσεως
766 4635 780 4690 θ
803 4631 904 4710 μοιχός.

132 4717 204 4776 Ἀλλ’
218 4720 337 4799 ἑτέρους,
361 4721 443 4796 φησὶ,
465 4719 698 4795 καταδικάζουσιν,
718 4725 767 4801 οὐχ
789 4723 904 4790 έαυτοός.

131 4811 185 4867 Διὰ
204 4811 257 4892 γὰρ
277 4816 355 4871 τοῦτο
374 4813 460 4870 αὐτῶν
484 4811 529 4871 καὶ
543 4813 660 4891 σφοδρῶς
676 4811 904 4887 κατεξανίαταται,

130 4900 234 4981 λέγων·
250 4903 351 4983 Λογίζῃ
368 4903 395 4963 δὲ
413 4910 506 4977 τοῦτο,
519 4892 542 4961 ‹i›
556 4904 677 4983 άνθριοπε
685 4949 694 4980 ,
708 4910 722 4965 θ
735 4903 832 4986 κρίνων
844 4905 904 4973 τοὺς

130 4991 166 5050 τά
185 5000 293 5054 τοιαῦτα
318 4996 503 5076 πράττοντας,
527 4997 572 5055 καὶ
596 5001 677 5056 ποιῶν
702 4995 788 5069 oded,
813 4996 854 5057 ότι
871 4995 902 5056 σθ

165 5178 179 5214 ¹’
195 5177 206 5242 ί
215 5187 252 5231 καί
262 5184 341 5232 ίιιθντα
353 5181 380 5230 Α.
394 5181 404 5245 ]

166 5271 176 5293 ⁸
193 5254 303 5319 Quidem
315 5263 414 5326 διέφυγον
426 5267 500 5330 pedm,
513 5270 573 5333 φησί.

295 5369 368 5409 ΪΟΜ.
392 5373 433 5410 tx.

960 4345 1091 4417 habeant,
1111 4363 1165 4402 non
1185 4343 1323 4403 carnifices
1348 4365 1397 4403 nec
1408 4344 1530 4425 lignum,
1547 4359 1663 4407 attamen
1678 4364 1705 4409 et

960 4437 1013 4519 ipsi
1027 4436 1062 4496 de
1075 4436 1128 4504 iis.
1145 4435 1191 4515 qui
1208 4450 1330 4515 peccunt,
1341 4434 1466 4516 judicant
1481 4439 1508 4497 in
1523 4437 1664 4517 colloquiis
1677 4456 1704 4501 et

960 4531 1093 4604 coetibus,
1108 4550 1143 4588 ex
1158 4527 1324 4588 conscientie
1338 4550 1435 4611 nempe
1448 4530 1569 4590 calculo:
1584 4547 1611 4592 et
1623 4554 1703 4593 nemo

959 4623 1048 4682 dicere
1060 4620 1131 4680 ausit
1143 4620 1279 4679 moeehum
1293 4641 1345 4680 non
1358 4642 1414 4681 esse
1426 4622 1539 4702 dignum
1553 4624 1701 4705 punitione.

959 4716 1015 4779 Sed
1028 4715 1107 4788 alios,
1123 4714 1228 4792 inquit,
1243 4712 1388 4790 damnant,
1401 4736 1455 4774 non
1468 4715 1581 4797 seipsos.
1595 4716 1659 4776 ideo
1672 4719 1701 4776 in
1731 4774 1734 4783 ,

958 4810 1020 4869 illos
1034 4808 1204 4868 vehementer
1216 4805 1352 4889 insurgit,
1367 4806 1459 4866 dicens
1475 4809 1522 4866 εὖ.
1538 4811 1701 4869 Existimas

959 4916 1057 4963 autem
1067 4903 1138 4971 icoc,
1152 4901 1276 4971 οίιοιιιο,
1290 4902 1341 4979 qui
1346 4900 1466 4979 judicas
1483 4900 1552 4958 illos
1562 4905 1615 4982 ραι·
1625 4902 1701 4961 talia

958 5007 1060 5076 αςαιιί,
1072 5006 1099 5051 et
1112 4994 1194 5074 sacis
1214 5012 1260 5061 ea,
1274 4992 1354 5070 quod
1365 5004 1395 5049 tu
1412 4992 1539 5073 effugies
1552 4994 1700 5073 judicium

975 5193 986 5218 ⁸
1004 5176 1050 5228 dlii
1063 5187 1140 5233 κοινοῖς
1156 5180 1316 5240 συλλογισμοῖς.
