3728 5978
479 527 481 531 ,
566 486 598 530 ιν
625 485 712 532 κοιλ
741 483 996 532 arosrononuu.
1024 484 1143 534 uouu.
1172 485 1267 534 xnvr.
1629 469 1700 564 389

129 627 175 662 ται
189 607 324 673 ποιοῦντας
346 604 392 663 καί
404 604 538 686 λε’γοντες,
551 596 629 688 Ἆρον
655 605 745 666 αὐτόν·
761 605 906 678 τουτέστιν,
956 625 1032 664 eum.
1050 605 1124 677 Quid
1150 607 1301 681 σι’,ςΐοίίσ
1321 629 1386 667 eum
1400 609 1486 669 θίλίοο
1509 623 1566 670 erat
1589 609 1702 687 iudaeis,

130 700 161 756 tx
182 701 234 755 τῶν
246 695 350 765 ζώντων
363 697 474 769 ποίησον
484 702 579 779 ἀρανῆ.
595 699 674 767 Τινὲς
683 699 726 774 δὲ,
736 699 750 759 δ
762 703 826 781 παρ’
839 704 905 776 ἡμῖν
957 709 1049 755 contra
1062 716 1119 769 eos,
1130 718 1198 775 quos
1206 686 1379 772 damnarent,
1396 700 1432 759 ita
1444 700 1530 778 loqui,
1544 714 1575 759 ut
1595 715 1622 760 et
1636 723 1701 762 eon·

128 787 238 867 λέγουσι
258 788 327 847 κατὰ
345 788 393 860 τλν
410 789 565 869 Ῥωμαϊκὴν
581 791 735 864 συνήθειαν,
749 793 844 858 ἐντοῖς
863 789 905 850 σί-
956 798 998 845 tra
1013 786 1151 846 Christum
1162 787 1293 864 feoerunt,
1303 788 1430 865 dicentes,
1443 792 1634 868 Toller'llum5
1644 793 1702 871 ,hoe

129 898 202 953 γνοις
216 877 292 937 αὖτδν
307 877 507 954 ἔμῦαλε,τοῦτο
516 869 583 937 εἶναι
597 878 643 951 τὸ,
660 870 726 958 Αἶρε
735 879 820 939 αὐτὸν.
834 877 906 938 Μέλ-
956 889 1007 952 est,
1016 877 1051 937 de
1067 899 1178 939 nurnero
1192 877 1342 941 virentium
1362 879 1430 940 dele.
1444 881 1564 956 Quidam
1577 903 1643 944 vero
1655 882 1702 942 di-

129 969 184 1026 λων
199 966 227 1027 δὲ
242 971 279 1035 είς
292 967 341 1040 τὴν
354 968 528 1050 παρεμάἷολὴν
540 969 713 1050 εἰσάγεσθαιὸ
726 971 848 1041 Παῦλος,
860 967 905 1029 λε’·
957 982 1030 1042 eunt,
1042 968 1072 1028 id
1081 991 1138 1029 esse
1147 967 1221 1048 quod
1239 968 1312 1052 apud
1327 992 1377 1030 nos
1398 993 1432 1031 ex
1451 974 1572 1033 Romana
1591 995 1702 1036 oonsue·

130 1083 172 1137 γει
183 1064 222 1139 τῷ
236 1061 384 1141 χιλιάρχῳ,
400 1065 422 1121 εί
437 1060 521 1131 ἔξεστί
536 1087 582 1140 μοι
596 1062 763 1142 εἷπεῖνπρδς
780 1061 826 1134 σε’;
841 1060 906 1121 Ἐπί
957 1059 1051 1120 tudine
1072 1061 1176 1121 dicitur
1192 1084 1199 1119 ο
1216 1062 1335 1122 immitte
1355 1062 1434 1122 illum
1448 1064 1476 1122 iu
1490 1065 1577 1144 signa.
1593 1067 1641 1125 57.
1659 1068 1701 1126 Et

130 1150 191 1218 τοὺς
203 1151 370 1230 ἀναὸαθμοὺς
381 1155 536 1235 φερόμενος,
551 1155 617 1225 ἀξιοῖ
630 1155 694 1236 πρὸς
707 1155 752 1215 τὸν
765 1154 905 1236 χιλίαρχον
920 1159 939 1209 G
957 1174 1025 1214 eum
1035 1158 1165 1235 coepisset
1185 1157 1218 1213 r'n
1236 1167 1335 1215 eastra
1356 1157 1456 1215 induci
1479 1159 1605 1229 Paulus,
1630 1159 1701 1218 dicit

131 1246 216 1301 εἰπεῖν
226 1268 261 1302 τι.
274 1243 328 1304 Παλ
343 1244 392 1322 δρα
402 1249 460 1313 πῶς
473 1248 610 1316 ἐπιεικῶς·
623 1251 657 1308 Εἰ
667 1244 751 1316 ἔξεστί
763 1271 808 1326 μοι
823 1250 905 1307 εἰπεῖν
958 1248 1075 1305 tribuno
1090 1269 1099 1302 .·
1112 1247 1144 1306 Sr'
1157 1247 1225 1306 lieet
1240 1249 1314 1305 milri
1326 1247 1408 1328 loqui
1422 1250 1465 1306 ud
1476 1260 1514 1308 te.
1535 1249 1604 1308 Cum
1616 1263 1703 1328 gesta·

129 1357 159 1392 τι
173 1334 239 1413 πρὸς
253 1333 300 1409 σί,
316 1335 404 1417 ρησίν,
419 1336 453 1396 ‘0
476 1337 503 1396 δὲ
527 1338 593 1418 ἔφη·
610 1336 906 1417 ἑλληνιστλγινώσκεις;
957 1350 1032 1396 retur
1049 1337 1077 1398 in
1092 1336 1232 1418 gradihus,
1250 1338 1317 1418 petit
1334 1337 1465 1417 quiddam
1475 1337 1583 1399 tribuno
1604 1339 1702 1400 dicere.

130 1428 192 1486 Οὐκ
206 1427 259 1508 ἄρα
271 1425 303 1487 αδ
322 1418 348 1486 εί
365 1435 380 1488 6
393 1429 551 1508 Αἰγύπτιος,
564 1434 579 1489 6
592 1431 644 1513 πρὸ
657 1430 755 1490 τοιίτων
768 1434 821 1489 τῶν
835 1435 906 1510 upa·
958 1431 995 1490 Et
1006 1430 1071 1493 vide
1083 1453 1165 1511 quam
1176 1446 1313 1491 mansuete
1329 1454 1336 1489 ι
1349 1433 1381 1493 st
1396 1434 1469 1490 miti
1486 1433 1555 1492 licet
1568 1435 1648 1514 loqui
1663 1434 1705 1492 ad

131 1521 185 1597 ρῶν
202 1519 405 1594 ἀναστατώσας,
422 1521 467 1580 καί
484 1520 616 1602 ἐξαγαγὼν
629 1521 723 1596 εἷςτλν
738 1521 834 1603 ἔρημον
846 1519 906 1591 τοῦς
958 1535 996 1594 te,
1012 1522 1111 1602 inquit.
1133 1525 1190 1601 Qui
1202 1525 1288 1596 dixit,
1303 1523 1405 1583 Groeee
1419 1527 1520 1582 nosti?
1537 1525 1584 1583 58.
1596 1526 1704 1583 Nonne

130 1612 358 1693 τετρακισριλίους
378 1613 474 1694 ἄνδρας
490 1616 541 1673 τιῦν
556 1605 837 1694 σικαρίοιν;”οίτοςί
853 1617 905 1674 ut·
958 1627 990 1673 tu
1001 1635 1031 1674 es
1050 1617 1217 1696 AEgyptius,
1238 1619 1290 1696 qui
1303 1629 1372 1699 prete
1394 1618 1446 1675 ίιοο
1462 1618 1524 1676 dies
1546 1619 1705 1675 tumultum

130 1703 239 1782 γῦπτιος
254 1704 389 1784 ἅνθρωπός
407 1729 448 1772 τις
467 1706 651 1785 νεωτεροποιὸς
673 1705 763 1786 γέγονε
778 1705 824 1765 καὶ
837 1729 904 1765 στα·
957 1711 1123 1780 concitasti,
1132 1721 1160 1766 et
1167 1708 1295 1767 eduxisti
1303 1711 1336 1765 in
1344 1709 1488 1766 desertum
1498 1721 1626 1789 quotuor
1637 1709 1704 1770 mil-

131 1795 252 1868 σιαστής.
272 1795 345 1876 Πρδς
366 1795 398 1867 δὴ
417 1801 494 1855 τοῦτο
509 1798 677 1876 ἀπολογεῖται
691 1801 705 1856 6
719 1798 839 1871 Παῦλος,
859 1795 905 1856 καί
958 1797 1002 1859 lia
1019 1803 1152 1859 uirorum
1172 1801 1346 1859 sicariorum
1361 1805 1374 1856 Ρ
1392 1799 1444 1858 Hie
1459 1798 1606 1880 AEgyptius
1621 1799 1704 1859 homo

131 1887 168 1945 δι’
181 1878 218 1945 ὧν
232 1877 304 1947 εἶπεν
323 1888 420 1966 ἀπάγει
445 1893 492 1959 τῆς
512 1887 625 1968 ῦποψίας
648 1888 735 1948 αὐτόν.
749 1885 862 1969 Ὶδωμεν
876 1887 904 1951 δὲ
957 1905 1025 1969 erut,
1039 1890 1166 1970 quaedam
1179 1890 1310 1950 innovans
1336 1903 1361 1949 et
1382 1889 1532 1950 seditiosus.
1547 1890 1605 1950 Hae
1621 1890 1656 1951 de
1674 1911 1704 1952 re
1755 1908 1758 1915 ’

131 1978 230 2038 ἀνωθεν
245 1976 279 2036 τδι
295 1977 489 2057 ἀνεγνωσμένα.
513 1979 588 2038 Εἰσὶν
606 1985 670 2057 ἡμῖν
694 1980 799 2059 ἄνδρες,
821 1978 905 2060 ρησί,
957 2000 1014 2042 sese
1027 1994 1126 2063 purgat
1136 1978 1356 2041 Paulusetdietis
1364 1980 1421 2040 suis
1432 1981 1503 2040 tollit
1512 1980 1702 2062 suspicionem.

130 2069 257 2150 τέσσαρες
270 2069 349 2150 εὐγὴν
361 2070 464 2151 ἔχοντες
479 2071 519 2149 ἐρ’
531 2075 647 2131 ἑαυτῶν·
661 2071 767 2139 τούτους
781 2074 905 2154 παραλα·
957 2073 1063 2134 Verum
1077 2070 1277 2152 superiuslecta
1291 2084 1452 2152 repetamus.
1466 2072 1538 2131 Sunt
1552 2074 1645 2148 nobis,
1662 2072 1704 2131 in·

131 2160 199 2233 662,
216 2162 353 2239 ἁγνίσθητι
374 2161 421 2220 σῦν
433 2165 527 2230 αὐτοῖς.
549 2163 621 2244 Πρδς
636 2163 668 2236 δὴ
678 2169 755 2224 τοῦτο
768 2164 814 2222 οῦκ
834 2163 939 2226 ἀντι-ι)
957 2164 1027 2245 quit,
1036 2166 1097 2222 oiri
1105 2176 1232 2244 quatuor
1242 2176 1344 2221 uotum
1353 2164 1492 2221 laudentes
1504 2183 1589 2242 super
1601 2182 1632 2221 se
1641 2184 1651 2222 .·
1658 2164 1705 2221 ίιὶο

131 2255 249 2313 πίπτειί
264 2256 386 2327 Παῦλος,
401 2252 468 2313 ἀλλά
488 2254 616 2314 πείθεται.
628 2252 710 2315 Ὅθεν
728 2258 815 2327 δῆλον,
826 2251 907 2314 ὅτιού
958 2259 1096 2315 assumtis
1107 2254 1236 2334 purifica
1246 2265 1347 2312 tecum
1360 2252 1430 2310 illis.
1446 2250 1616 2311 Adhaeenon
1626 2251 1704 2310 obni-

130 2345 335 2427 προηγουμένως
353 2347 405 2405 ἔδει
428 2352 505 2407 τοῦτο
522 2357 606 2406 ποιεῖν
622 2347 632 2427 (
646 2345 685 2407 διὸ
705 2347 750 2407 καί
773 2347 907 2407 πείθουσιν
958 2350 1027 2410 titur
1046 2349 1156 2424 Paulus,
1184 2348 1233 2408 sed
1247 2369 1350 2425 morem
1366 2347 1444 2427 gerit.
1459 2345 1539 2407 Unde
1556 2347 1647 2428 palam
1663 2361 1704 2407 est

132 2439 241 2515 αὐτόν),
253 2437 314 2499 ἀλλ’
324 2438 364 2498 θτι
372 2439 505 2516 οἰκονομία
518 2440 548 2499 τὸ
557 2449 669 2521 πρᾶγμα
680 2441 726 2499 καί
740 2439 909 2519 συγκατοίῦα·
960 2436 1012 2503 hoc
1023 2463 1076 2503 non
1085 2441 1231 2502 necessario
1239 2439 1481 2500 faciendumsuisse
1496 2438 1630 2519 (ideoque
1642 2461 1704 2521 per-

130 2523 304 2603 mciv-031
323 2529 375 2610 ἄρα
389 2531 490 2610 ἕγκοπλ
511 2537 556 2591 τοῦ
579 2526 748 2613 κηρύγματος
766 2538 843 2590 τοῦτο
860 2522 908 2604 ἦν,
960 2535 1073 2596 suadent
1081 2536 1146 2610 illi),
1160 2533 1267 2594 sedhoo
1276 2554 1325 2615 per
1335 2533 1511 2593 oeconomiam
1522 2548 1550 2593 et
1559 2533 1705 2614 indulgen-

130 2623 198 2682 ὅπου
217 2646 248 2703 γε
267 2621 313 2682 καλ
332 2622 406 2682 αὐτοὶ
424 2622 592 2701 ἐνομοθέτουν
607 2625 714 2691 ἐκείνοις
736 2624 770 2683 τδι
791 2629 909 2684 τοιαῦτα.
960 2627 1026 2687 tiam
1033 2629 1135 2687 factum
1146 2648 1212 2687 esse.
1231 2627 1429 2705 Nonuutergo
1440 2625 1492 2684 hoe
1501 2624 1703 2705 predicationis

130 2717 219 2775 Τοῦτο
227 2714 313 2773 τοίνυν
320 2716 464 2792 οἰκονομῶν
475 2714 520 2774 καί
531 2716 607 2783 αὐτὸς
619 2715 715 2798 Πέτρῳ
723 2715 908 2796 ἔγκαλεῖίοτε·
961 2719 1197 2802 impedimentum,
1228 2715 1364 2796 siquidem
1389 2731 1416 2777 et
1433 2718 1549 2798 apostoli
1569 2717 1629 2776 haec
1650 2716 1705 2775 illis

131 2831 176 2886 ρον
190 2831 197 2844 ·
212 2807 258 2867 καὶ
279 2810 330 2886 οὐχ
343 2807 433 2874 ἅπλῶς
451 2808 514 2867 αὐτὸ
529 2816 608 2868 ποιεῖ.
622 2806 712 2889 Ὅπερ
727 2807 780 2890 γὰρ
797 2811 909 2868 ἐνταῦθα
960 2813 1122 2874 statuebant.
1138 2811 1197 2871 Hoc
1224 2810 1313 2888 itaque
1336 2808 1510 2890 dispensans,
1538 2809 1595 2890 ipse
1615 2821 1705 2867 tamen

131 2897 256 2971 ἐποίησεν
271 2901 365 2972 οὗτὸς,
382 2903 459 2958 τοῦτο
480 2897 582 2980 Πέτρος
605 2903 659 2960 ἐκεῖ
673 2905 754 2982 σιγῶν
769 2899 814 2960 κοί
828 2902 908 2961 ἱστῶν
960 2901 1069 2967 Petrum
1085 2904 1212 2986 deinceps
1224 2903 1347 2976 incusati
1361 2923 1410 2961 neo
1424 2902 1481 2962 sine
1498 2922 1577 2962 causa
1598 2900 1651 2961 hoo
1665 2901 1705 2960 se·

134 2992 214 3049 αὐτοῦ
226 2989 256 3049 τδ
266 2989 361 3070 δόγμα.
376 2991 430 3050 Καὶ
443 2992 491 3051 οίικ
504 2982 593 3065 εἶπον,
607 2991 647 3051 ὅτι
659 2994 688 3052 οὐ
699 2990 751 3075 χρὴ
768 2990 829 3060 τοὺς
839 2989 908 3051 κατδι
960 2997 998 3058 cit
1013 3018 1021 3056 ι
1036 3019 1097 3057 nam
1116 2995 1191 3078 quod
1209 2995 1253 3054 hic
1272 2994 1370 3054 fenerat
1390 2994 1463 3075 ipse,
1475 2993 1528 3053 hoe
1547 2992 1586 3053 ibi
1610 2993 1707 3053 Petrus

134 3081 169 3141 τὰ
182 3080 243 3155 ἔθνη
260 3083 407 3158 διδάσκειν,
421 3084 480 3144 οὐδὲ
502 3088 578 3164 ἀρκεῖ
599 3087 630 3146 τδ
648 3085 686 3163 μὴ
704 3084 816 3166 κηρῦξαι
837 3088 906 3144 ἐκεῖ·
959 3100 1048 3151 tacens
1064 3098 1092 3150 et
1109 3088 1248 3150 stabiliens
1263 3085 1362 3168 dogma
1376 3107 1464 3160 suum.
1475 3087 1536 3145 Non
1557 3083 1703 3144 dioehant:

135 3173 205 3234 ἀλλὰ
215 3175 264 3233 δεῖ
283 3174 328 3233 καλ
342 3174 432 3234 πλεῖόν
446 3200 471 3234 τι
485 3181 612 3248 ποιῆσαι,
627 3176 670 3236 ίνα
684 3180 826 3237 πεισθῶσιν
840 3179 907 3237 ἐκεῖ·
921 3188 941 3236 B
959 3184 1021 3242 Non
1030 3195 1134 3263 oportet
1142 3180 1252 3261 gentiles
1258 3178 1355 3240 docere
1363 3202 1372 3256 3
1386 3199 1482 3258 neque,
1495 3176 1620 3238 Sufficiat
1632 3175 1706 3255 quod

135 3289 190 3339 νοι,
203 3265 244 3324 ὅτι
257 3265 395 3347 φυλάττεις
409 3268 452 3326 τδν
463 3267 553 3346 νόμον.
570 3268 773 3347 Συγκαταίῦασις
785 3266 816 3327 τδ
835 3278 908 3352 epd-
959 3295 1012 3335 non
1027 3273 1188 3356 praedicetur
1196 3272 1254 3332 illic
1265 3294 1273 3329 ι
1285 3271 1446 3352 sedoportet
1455 3268 1525 3349 quid
1539 3268 1655 3350 amplius
1665 3268 1706 3328 sa-

135 3357 192 3433 γμαί
207 3359 277 3431 ἐστι,
304 3357 386 3436 μηδὲν
399 3355 524 3440 ροῦηθῇς.
550 3361 603 3419 Παλ
624 3360 686 3440 ἀρα,
710 3357 760 3419 Ιὀιί
783 3359 909 3440 πρότερον
961 3387 1029 3440 cere,
1045 3380 1076 3425 ut
1088 3363 1301 3447 persuadeantur
1310 3362 1352 3421 illi
1366 3376 1392 3421 te
1402 3361 1489 3441 legem
1499 3360 1642 3420 custodire.
1658 3362 1706 3417 dt·

134 3447 267 3508 πῑίθθυσκκ
284 3450 374 3523 αὐτὸν,
390 3450 438 3517 ἕως
455 3453 595 3510 1062}qu
615 3449 662 3523 τίν
678 3451 827 3530 οἷκοκομίκν
837 3456 911 3532 πρῶ·
963 3457 1119 3540 temperatio
1133 3468 1173 3516 est
1191 3478 1234 3516 res
1255 3456 1313 3527 illa,
1331 3474 1364 3513 ne
1381 3454 1484 3514 timeas.
1499 3451 1536 3511 Et
1556 3449 1619 3513 vido
1631 3473 1638 3508 ι
1652 3470 1708 3510 non

135 3559 181 3599 τον
194 3541 240 3599 καί
250 3542 280 3602 τὸ
292 3542 392 3621 κέρδος·
409 3540 463 3601 Καί
488 3540 517 3599 τὸ
542 3545 567 3601 ἐν
583 3540 774 3624 Ἱεροσολύμοις
787 3543 814 3603 δὲ
834 3549 912 3604 τοῦτο
962 3551 1039 3632 prius
1049 3548 1208 3631 persuadent
1220 3547 1272 3621 itti,
1282 3565 1364 3626 quam
1373 3556 1561 3625 representem
1569 3556 1597 3602 et
1604 3562 1711 3601 oeoono·
1795 3545 1799 3551 '

134 3642 229 3705 ποιεῖν,
250 3633 372 3713 ρορητόν.
394 3634 510 3706 Ποίησον
543 3635 627 3694 τοίνυν
645 3643 721 3696 τοῦτο
736 3639 854 3711 ἐνταῦθα,
869 3634 913 3695 ίνα
963 3642 1047 3701 miam
1068 3655 1095 3699 et
1111 3641 1227 3700 lucrum.
1244 3636 1281 3697 Et
1293 3635 1366 3716 quod
1379 3635 1553 3716 ierosolymae
1564 3633 1650 3708 fieret,
1668 3646 1708 3723 to·

137 3724 182 3804 ἒξῇ
198 3748 241 3784 σοι
254 3725 304 3793 ἔξω
316 3734 401 3796 ,ποιεῖν
413 3728 505 3786 ἐκεῖνο.
518 3726 588 3786 Τίτε
600 3726 883 3809 παραλαάιλν,ρησίν,
898 3722 913 3786 δ
963 3732 1075 3793 letabiie
1088 3745 1152 3792 erat.
1164 3730 1223 3790 Hoc
1240 3729 1324 3808 igitur
1337 3727 1383 3786 hio
1396 3727 1488 3798 facito,
1504 3739 1535 3787 ut
1548 3722 1618 3784 illud
1631 3739 1708 3784 extra

138 3818 246 3885 Παῦλος
257 3816 316 3885 τοὺς
323 3818 418 3901 ἄνδρας
426 3824 458 3898 τῇ
468 3818 689 3900 ἔχομένῃὴμέρᾳ,
697 3824 744 3879 οὐκ
753 3820 911 3893 etsesdune,
964 3825 1180 3887 civitatemhanc
1200 3821 1251 3890 tibi
1264 3821 1349 3879 facere
1362 3819 1449 3879 liceat.
1478 3819 1559 3876 Tune
1577 3816 1705 3888 Paulus,

136 3911 198 3968 ἀλλ’
214 3909 283 3991 ἔργῳ
294 3911 394 3976 δεικνὺς
410 3909 458 3982 τὴν
470 3916 569 3981 πενθῶ,
584 3911 789 3992 παραλαμῦαίνει
804 3913 861 3991 μεθ’
874 3901 912 3970 ὧν
964 3915 1062 3995 inquit,
1079 3917 1215 3975 assumtis
1235 3914 1309 3971 viris
1322 3913 1455 3991 sequenti
1467 3911 1523 3969 die.
1542 3909 1604 3967 Non
1616 3907 1708 3967 distu-

137 4002 249 4078 ἔμελλεν
259 4002 418 4083 ἁγνίζεσθαι.
434 4002 559 4063 Τοιοῦτόν
568 4001 594 4061 τί
608 4005 664 4062 ἔστι
678 4003 772 4085 θερμὸν
784 4008 801 4074 ἡ
814 4006 912 4062 οἶκονο·
963 4006 1012 4082 iit,
1028 4006 1076 4067 sed
1094 4027 1174 4088 opere
1195 4017 1344 4063 monstrans
1356 4022 1385 4061 se
1402 4021 1560 4082 persuasum
1572 4020 1645 4073 esse,
1660 4019 1707 4059 as-
1788 4016 1792 4023 '

139 4091 199 4170 μία.
215 4093 267 4152 Παλ
282 4099 354 4167 πῶς,
366 4094 461 4175 φησὶν,
474 4096 497 4153 οί
510 4095 563 4154 ἀπὸ
577 4099 624 4167 τῆς
638 4094 726 4162 Ἀσίας
736 4095 858 4154 Ἰουδαῖοι
870 4085 911 4153 ε’ί-
964 4099 1046 4161 sumit
1060 4117 1104 4158 eos
1116 4096 1278 4177 quibuscum
1294 4115 1323 4153 se
1339 4092 1533 4173 purificaturus
1553 4104 1611 4152 erat
1623 4113 1629 4146 :
1641 4091 1709 4151 tanti

137 4187 183 4245 δον
195 4186 272 4245 αὐτὸν
284 4189 310 4244 ἓν
323 4190 361 4267 τῷ
377 4190 454 4267 stis&
466 4187 544 4254 Εἰκὸς
562 4178 594 4259 ἦν
611 4187 702 4256 αὐτοὺς
721 4188 822 4267 ἡμέρας
840 4187 912 4255 τινὰς
963 4194 1076 4256 fervoris
1090 4207 1129 4253 est
1155 4187 1303 4250 oeoonomia
1319 4185 1486 4267 hujusmodi.
1506 4185 1543 4245 Et
1559 4183 1706 4263 quomodo,

138 4279 195 4335 ἐκεῖ
214 4277 367 4358 διατρίῦειν.
379 4278 452 4359 Ὅρα
470 4281 497 4338 δὲ
516 4283 573 4346 πῶς
585 4277 631 4338 καί
642 4277 776 4357 οἰκονομία
792 4278 822 4337 τ“ο
837 4275 955 4359 peni-m
965 4287 1093 4367 inquies,
1117 4282 1207 4347 Judaei
1224 4279 1334 4340 Asiatici
1354 4277 1480 4340 viderunt
1494 4277 1573 4336 illum
1590 4276 1620 4336 in
1637 4290 1708 4336 tem-

138 4391 218 4446 μενον
230 4361 278 4442 ἦν·
294 4369 362 4449 μετδι
369 4371 458 4452 γὰρτὸ
468 4376 608 4444 πεισθῆναι
617 4370 675 4437 τοδς
687 4369 843 4445 Ἰουδαίους,
854 4370 914 4431 τότε
928 4374 948 4419 Α
966 4379 1032 4461 plui)
1042 4374 1199 4440 Verisimile
1211 4385 1251 4432 est
1263 4392 1308 4431 eos
1321 4368 1425 4448 aliquot
1434 4367 1531 4428 diebus
1544 4368 1625 4428 isthic
1643 4389 1708 4430 ver·-

139 4459 315 4521 ἐπιτίθενται·
329 4463 450 4534 εἰκότως,
462 4462 505 4521 ἵνα
528 4462 565 4541 μὴ
582 4466 698 4521 κάκεῖνοι
717 4466 914 4522 ουνεπιθῶνται.
966 4485 1111 4531 ςγςοςρςςρ,
1123 4465 1197 4529 Vide
1209 4477 1300 4525 nutem
1311 4482 1367 4529 nem
1382 4483 1418 4521 ex
1427 4460 1624 4544 dispensatione
1642 4481 1709 4539 qua.

139 4552 276 4624 Βοηθιὶτε,
284 4551 378 4630 φησὶν,
391 4552 482 4631 ἄνδρες
496 4553 669 4632 Ἰσραηλῖται.
679 4548 731 4617 Ὧς
739 4573 807 4618 τινος
821 4552 915 4623 δυοθη-
964 4562 1029 4623 dam
1039 4563 1139 4622 saetam
1152 4579 1216 4618 esse,
1231 4559 1376 4636 Postquam
1386 4553 1459 4613 enim
1474 4553 1594 4634 persuasi
1603 4553 1710 4612 filerunt

141 4641 221 4722 Ρᾶῒθθ
231 4642 278 4701 καὶ
292 4643 468 4724 δυσχεκρῶτοθ
477 4653 534 4713 τοῖς
544 4644 650 4704 ἐκείνων
660 4643 818 4722 ἐμπεσόντος
827 4642 914 4725 χοροί,
966 4654 1073 4731 Judaei,
1087 4667 1152 4711 tune
1162 4651 1306 4729 insurgunt
1324 4647 1351 4706 in
1366 4646 1445 4705 illum
1458 4669 1464 4703 :
1476 4659 1503 4704 et
1514 4666 1529 4704 e
1542 4666 1571 4704 re
1585 4641 1706 4722 quidem,
1729 4666 1731 4670 ·

139 4737 285 4806 Ποηθεῖτε,
301 4737 415 4815 λέγουσι.
431 4737 539 4804 Ποίντας
562 4741 699 4816 πανταχοῦ
719 4727 794 4803 οδτός
813 4740 883 4796 ἔστιν
902 4738 916 4795 δ
967 4762 998 4809 ης
1013 4770 1047 4809 ne
1060 4747 1101 4806 illi
1112 4745 1193 4806 eniam
1204 4743 1232 4804 in
1245 4743 1334 4822 ipsum
1346 4739 1525 4819 insurgerent.
1540 4738 1705 4817 Adjuvate,

138 4825 281 4884 3²34WV·
296 4829 356 4887 Οὔκ
379 4830 491 4888 ἐνταῦθα
512 4828 606 4908 μόνον,
624 4827 714 4909 φησίν,
730 4826 798 4888 ἀλλὰ
814 4850 914 4887 'tm‘
968 4839 1109 4919 inquiunt,
1124 4839 1185 4896 oiri
1203 4834 1356 4895 Israelitoe.
1373 4833 1412 4889 Ac
1423 4831 1445 4889 si
1461 4828 1521 4907 quis
1537 4842 1618 4909 captu
1632 4827 1708 4887 disfi-

138 4924 199 4998 χοῦ,
220 4909 288 4977 Heu
305 4920 351 4979 καὶ
369 4927 386 4994 ἡ
407 4921 553 5002 κατηγορία
575 4922 670 5000 μείζων
681 4921 735 4981 ἀπδ
746 4925 797 4980 τῶν
813 4919 914 5001 παρόν·
969 4929 1029 4989 cilis
1049 4928 1077 4986 in
1098 4945 1192 4984 eorum
1205 4941 1301 4982 munus
1314 4916 1467 5000 incidisset,
1482 4914 1648 4996 Adjuvate,
1664 4914 1707 4972 in-

139 5033 203 5068 των.
223 5007 286 5069 Ἔτι
300 5010 343 5085 δὲ,
357 5013 435 5092 φησί,
452 5012 497 5073 καλ
511 5012 685 5084 κεκοινώνηκε
708 5012 739 5072 τδ
760 5012 845 5092 ίερδν,
865 5011 913 5070 σίν-
933 5035 950 5083 B
970 5019 1075 5099 quiunt,
1093 5019 1149 5088 llic
1163 5027 1220 5086 est,
1241 5014 1292 5092 qui
1307 5012 1412 5088 ubique
1425 5027 1523 5066 omnes
1538 5007 1632 5068 docet.
1649 5006 1708 5066 Non

175 5224 187 5249 ⁸
201 5209 263 5270 οὗτος
275 5216 287 5262 6
300 5215 413 5276 οίγῦπτιος
425 5211 450 5262 in
463 5228 512 5263 uuo
529 5211 608 5265 deest.
987 5213 1000 5250 b
1012 5207 1084 5260 Idem
1096 5203 1161 5260 cod.
1176 5209 1200 5259 οῦ
1211 5211 1323 5274 πρίτιρον
1335 5203 1478 5273 παραινοῦσιν
1489 5203 1566 5252 αὖτίν.

1524 5280 1573 5347 27,
