3728 5978
115 388 185 462 228
456 409 487 460 s.
512 407 650 459 sonuurs
674 380 858 460 onnrsosr.
886 411 1041 461 κιιοιιιιιν.
1068 412 1334 463 consrsnmnor.

109 535 304 620 prehenderet
314 545 343 596 et
353 535 484 595 Petrum.
495 532 622 596 Placebat
631 533 727 612 cedes,
737 547 764 594 et
773 534 858 596 cedes
912 535 1010 604 άδιιιος.
1025 534 1119 609 Πολλὴ
1133 540 1150 609 ἡ
1169 537 1244 598 ἄνοια
1257 542 1303 598 τοῦ
1315 535 1436 618 Ἡρώδου
1447 559 1455 574 ·
1467 544 1526 605 ταῖς
1536 539 1682 618 ἐπιθυμίαις

112 631 217 711 iniqua.
233 633 334 710 Magna
347 627 462 689 Herodis
473 629 577 688 insania
589 651 599 706 3
624 627 751 690 absurdis
764 651 858 690 eorum
913 631 1000 689 αὐτῶν
1017 638 1077 695 ταῖς
1087 627 1194 698 ἀτόποις
1213 635 1376 713 ἑνιιηριτεῖτο.
1389 628 1456 690 Δέον
1468 628 1522 713 γάρ
1534 633 1682 694 τούναντίον

112 721 308 806 cupiditatibus
329 721 472 782 serviebat.
498 721 569 781 Cum
598 718 760 803 oportuisset
783 723 857 782 enim
911 728 1006 795 ποιεῖν,
1016 719 1061 781 καί
1076 720 1212 802 ἐγκύπτειν
1226 723 1313 782 αὐτῶν
1325 721 1373 795 τὴν
1383 722 1482 803 ὁρμήν·
1493 722 1547 784 ὁδί
1558 723 1681 802 ἀπέτεινε,

112 819 280 882 contrarium
287 819 382 894 iacere,
399 831 426 878 et
436 817 547 877 illorum
563 816 695 899 impetum
713 837 833 880 coercere
843 863 854 899 ,
865 860 902 900 Ἃ,
912 810 1031 893 καθάπερ
1039 836 1079 881 τις
1089 812 1181 893 δήμιος
1190 813 1286 874 ῶντῶν
1295 814 1450 886 νοσούντων,
1457 816 1519 875 ἀλλ’
1529 818 1578 876 οὐκ
1589 816 1682 897 ἰατρός

111 913 159 974 ille
168 927 259 973 contra
272 911 403 971 incitabat
419 909 497 989 quasi
511 909 630 969 carnifex
641 908 752 987 quidam
771 931 857 990 agro·
874 918 894 964 λ
910 906 998 967 καίτοι
1011 905 1094 988 μυρία
1105 907 1309 990 παραδείγματα
1320 908 1387 990 ἔχων
1401 908 1447 969 καί
1459 914 1506 969 τοῦ
1516 907 1629 970 πάπποι
1639 909 1682 970 καί

110 1005 238 1078 tantiam,
251 1024 305 1064 non
317 1023 383 1064 vero
400 1000 530 1077 medicus,
549 1000 653 1060 etiamsi
664 1000 751 1060 millia
766 1023 858 1062 exem·
909 1005 956 1059 τοῦ
974 998 1074 1082 πατρὸς
1096 997 1230 1083 Ἡρώδου,
1244 998 1290 1060 καί
1312 1005 1369 1069 πῶς
1388 1004 1487 1069 ἐκεῖνος
1500 999 1551 1081 μέν
1572 1000 1617 1061 διὰ
1635 1001 1681 1076 eie

99 1097 156 1187 pla
166 1096 286 1171 liaberet,
299 1108 327 1155 et
340 1093 385 1155 ari
398 1108 424 1154 et
435 1095 520 1176 patris
528 1092 643 1152 Herodis
655 1116 665 1172 3
689 1094 858 1171 ecquomodo
910 1089 1043 1172 ἀναίρεσιν
1057 1095 1108 1151 τῶν
1124 1091 1237 1152 παιδίων
1249 1092 1362 1174 μέγιστα
1373 1093 1454 1154 ἔπαθε
1468 1091 1559 1168 κακὰ,
1573 1085 1681 1162 ούτοςδί

108 1186 157 1247 ille
168 1185 279 1268 quidem
295 1199 404 1267 propter
416 1183 516 1245 eedem
528 1183 672 1244 infantium
686 1186 857 1265 magnasulr—
910 1182 1036 1256 Ἰωάννην
1051 1183 1150 1244 ἀνελὼν
1166 1184 1282 1264 πόλεμον
1303 1186 1393 1270 ἤγειρε
1413 1185 1543 1267 χαλεπόν.
1563 1184 1617 1247 Ὃν
1638 1186 1680 1248 καί

108 1278 171 1339 ierit
187 1278 258 1338 mala
268 1301 277 1356 3
288 1277 335 1338 hic
355 1297 429 1353 vero,
443 1280 546 1340 Joanne
566 1297 633 1337 eaeso
643 1322 651 1350 ,
663 1278 858 1357 grarebellum
909 1276 1023 1353 πιάσας,
1038 1278 1129 1359 φησίν,
1144 1276 1217 1338 ἔθετο
1229 1282 1267 1347 εἰς
1279 1278 1407 1360 φυλακήν.
1421 1279 1575 1360 Ἐφούείτο,
1590 1278 1628 1359 μὴ
1639 1279 1679 1340 ut

109 1369 278 1432 excitaverit.
304 1372 397 1450 Quem
406 1391 472 1440 eum
487 1371 731 1450 apprehendisset,
745 1370 835 1450 inquit
846 1415 856 1450 ,
909 1368 953 1428 τὸν
974 1368 1050 1450 φόνον
1072 1376 1118 1429 τοῦ
1130 1367 1260 1431 ’linteos
1282 1371 1445 1454 ἀναχωρήσῃ
1467 1375 1483 1430 ὁ
1503 1370 1623 1452 Πέτρος,
1637 1370 1678 1431 καί

108 1469 190 1525 misit
201 1468 234 1523 in
247 1484 404 1526 carcerem.
425 1462 574 1543 Metuebat,
593 1483 627 1522 ne
646 1478 757 1546 propter
775 1465 857 1526 timo·
911 1462 1066 1542 βουλόμενος
1079 1458 1150 1541 ἔχειν
1164 1461 1241 1522 αι’πδν
1255 1464 1282 1522 ἀν
1296 1465 1425 1544 ἀσφαλεῖ,
1449 1462 1559 1525 ἐνέόαλε
1584 1467 1624 1545 τῷ
1642 1464 1677 1524 δε-

106 1578 165 1617 rem
183 1578 219 1617 ex
228 1570 316 1617 morte
326 1554 420 1618 iacobi
432 1569 589 1636 conceptum
605 1554 737 1616 secederet
746 1557 854 1617 Petrus:
909 1554 1063 1635 σμωιηρίῳ.
1088 1552 1166 1637 Ὅσιρ
1188 1556 1401 1637 ἀκριὸιστέραὴ
1423 1554 1542 1637 φρουρὰ,
1564 1557 1676 1638 τοσούτῳ

109 1662 136 1709 et
147 1663 178 1708 ut
191 1649 220 1709 in
229 1662 286 1708 tuto
293 1661 414 1731 poneret,
424 1647 499 1708 misit
512 1646 540 1706 in
550 1668 693 1708 carcerem.
705 1649 767 1721 Quo
776 1671 855 1709 accu-
910 1645 1111 1728 θαυμασιωτέρα
1122 1650 1140 1718 ἡ
1151 1647 1280 1718 ἐπίδειξις.
1294 1651 1381 1708 Τοῦτο
1394 1646 1421 1708 δὲ
1431 1639 1465 1720 ἧν
1478 1647 1547 1728 ὑπὲρ
1566 1647 1674 1729 Πέτρον,

85 1743 190 1804 ‘ratior
200 1741 345 1819 custodia,
363 1762 395 1802 eo
415 1739 569 1801 mirabilius
589 1742 781 1822 spectaculum.
798 1743 856 1802 Hoc
910 1738 1087 1820 δοκιμωτέρου
1110 1740 1228 1817 ιμᾶλλον
1243 1742 1358 1799 ἐντεῦθεν
1384 1739 1544 1818 γενομένω,
1567 1739 1614 1799 καὶ
1633 1739 1675 1812 τὴν

104 1848 194 1894 autern
204 1837 284 1894 Petro
303 1831 478 1911 conducebat,
494 1830 541 1911 qui
557 1831 623 1891 hinc
638 1832 776 1913 probatior
792 1834 856 1895 elie·
910 1830 1031 1913 ἀνδρείαν
1044 1830 1093 1904 τὴν
1109 1830 1206 1892 οἰκείαν
1219 1831 1418 1899 ίπιδεικνύντος.
1432 1831 1577 1913 Προσενγὴ
1598 1832 1625 1891 δέ
1638 1825 1675 1906 ἦν,

87 1996 90 2003 ⁴
105 1941 166 1988 ctus
177 1941 226 2003 est,
233 1940 259 1986 et
270 1924 457 1986 fortitudinem
467 1945 544 1984 suam
556 1923 795 1985 exhibuit.0rati0
804 1947 855 1986 au-
872 1932 891 1981 B
909 1922 998 2003 φησίν,
1022 1922 1127 1996 ἀκτενὴς
1154 1923 1289 2004 γινομένη.
1319 1924 1515 2005 Φιλοοτοργίιις
1542 1926 1638 2003 δεῖγμα
1657 1929 1672 1998 ἡ

105 2031 174 2096 tem,
189 2017 289 2098 inquit,
306 2019 482 2100 flebutsine
503 2019 726 2076 intermissione.
749 2018 854 2079 Amoris
908 2015 1053 2097 προσευχαί.
1071 2014 1182 2097 Πατέρα
1201 2015 1297 2084 πάντες
1310 2014 1427 2091 ἐζήτουν,
1449 2014 1555 2099 πατέρα
1571 2016 1673 2099 ἥμερον.

102 2108 239 2171 indicium
252 2123 308 2170 erat
325 2108 420 2169 oratio.
446 2100 553 2168 Patrem
569 2129 660 2168 omnes
678 2109 832 2188 querebant
844 2156 854 2190 ,
907 2106 1033 2181 Ἐκτενὴς
1044 2153 1053 2182 ,
1066 2109 1157 2189 φησίν,
1176 2099 1209 2181 ἦν
1222 2107 1356 2192 προσευχὴ
1372 2107 1497 2189 γινομένη
1509 2106 1578 2190 ὑπὲρ
1591 2113 1672 2170 αὐτῶ.

100 2217 207 2285 patrem
225 2215 404 2263 mansuetum.
420 2201 495 2262 Siue
515 2205 739 2279 intermissione,
751 2202 852 2282 inquit,
906 2199 1065 2274 Ἀκούσατε,
1086 2205 1144 2268 πῶς
1166 2199 1292 2260 διέκειντο
1322 2199 1383 2281 περί
1407 2198 1466 2268 τοὺς
1492 2200 1671 2269 διδασκάλοις.

102 2300 206 2355 oratio
219 2317 274 2377 pro
288 2295 453 2377 illofiebut.
469 2292 576 2371 Audite,
590 2315 644 2374 quo
654 2308 740 2354 essent
753 2296 852 2356 affectu
905 2292 963 2351 Οὐκ
974 2290 1144 2366 ἐστασίασαν,
1171 2296 1218 2351 οὐκ
1237 2291 1444 2372 ἐθορνόήθηοαν,
1459 2294 1520 2351 ἀλλ’
1533 2292 1579 2352 ἐπὶ
1598 2292 1673 2375 εὐχὴν

102 2385 299 2467 ergadoctores
308 2406 380 2445 suos.
392 2387 453 2445 Non
463 2384 710 2464 tumultuabantur,
725 2407 779 2445 non
791 2400 852 2446 tur·
904 2384 1067 2466 ἐτράπησαν,
1084 2384 1133 2458 τὴν
1151 2384 1232 2452 ὄντως
1245 2384 1402 2481 σνμμαγίαν
1421 2383 1471 2456 τὴν
1493 2383 1612 2467 ἄμαχον,
1633 2388 1671 2446 ἐπ’

100 2478 254 2556 babantur3
267 2477 315 2539 sod
328 2476 366 2538 ad
383 2475 611 2537 orationemrersi
626 2489 700 2555 sunt,
715 2492 851 2539 resumet
904 2477 986 2552 α’ντλν
1005 2479 1159 2560 κατέφυγον.
1173 2482 1233 2540 Οὐκ
1256 2477 1364 2560 ἔλεγον·
1379 2483 1394 2539 ὃ
1410 2477 1533 2546 ταπεινὸς
1557 2477 1611 2558 ἐγὼ
1631 2477 1673 2539 καί

100 2570 313 2652 inexpugnabile
334 2567 526 2630 commilitium
539 2590 546 2625 ι
561 2567 597 2627 ad
608 2568 686 2649 illam
708 2571 848 2650 coniugie-
903 2571 1041 2652 obtentui<
1053 2571 1120 2654 ὑπὲρ
1136 2571 1234 2632 ἐκείνω
1243 2570 1375 2653 εὔχομαι·
1395 2570 1488 2644 ἐπειδὴ
1510 2569 1564 2652 γάρ
1585 2571 1672 2653 ἀγάπῃ

99 2665 176 2725 bant.
193 2665 254 2726 Non
272 2663 399 2724 dicebant
413 2661 549 2723 :Humilis
562 2683 612 2743 ego
627 2676 653 2722 et
669 2663 771 2723 nullius
785 2687 849 2747 pre-
902 2664 1015 2739 ἐποίουν,
1024 2662 1097 2724 οὐδέν
1104 2663 1203 2724 τούτων
1214 2662 1389 2744 ιἐλογίζοντο.
1399 2664 1496 2724 Βούλει
1505 2671 1600 2742 μαθεῖν
1607 2664 1673 2725 πάσα

100 2756 133 2818 tii
146 2779 195 2839 pro
217 2756 266 2818 illo
287 2753 411 2818 orarem!
424 2753 496 2828 Quia
516 2755 588 2815 enim
601 2776 637 2815 ex
656 2755 766 2816 caritate
784 2778 847 2837 age·
902 2757 1057 2838 εἰργάσαντο
1067 2755 1113 2815 καί
1127 2755 1249 2829 ἄκοντες,
1261 2755 1394 2823 Ἐκείνους
1406 2755 1601 2837 δοκιμωτέρους
1612 2755 1672 2817 ἀντί·

98 2849 176 2929 bant,
202 2849 273 2910 nihil
298 2848 457 2931 hujusmodi
477 2847 640 2928 cogitabant
665 2849 717 2912 Vis
745 2849 848 2911 discere
901 2849 996 2922 δειξαν,
1009 2847 1113 2915 τούτους
1125 2847 1342 2929 σπουδαιοτέρως
1353 2846 1493 2920 ἐποίησαν.
1513 2849 1570 2909 Καὶ
1583 2848 1672 2931 ύραίν

99 2957 200 3022 quanta
217 2942 263 3003 vel
276 2941 356 3002 inviti
367 2939 499 3001 iecerint?
515 2940 580 3000 lllos
589 2941 756 3021 probatiores
767 2941 845 3003 exhi·
899 2945 933 3021 τῇ
948 2943 1025 3023 ἑορτῇ
1040 2938 1100 3006 τούς
1112 2937 1275 3019 πειρασμοδς
1289 2938 1482 3018 ἐπαγομένους,
1495 2939 1541 3000 ἵνα
1556 2941 1672 3022 δοκιμώ-

97 3034 226 3108 buerunt,
241 3033 291 3093 bos
309 3031 495 3112 diligentiores
515 3032 646 3091 iecerunt.
661 3032 697 3091 Et
710 3033 773 3093 vide
790 3048 844 3094 ten·
863 3045 882 3092 c
899 3056 970 3114 τεροι
983 3035 1100 3114 φανῶσιν
1111 3022 1191 3091 οὗτοι.
1203 3030 1271 3091 Ὅτε
1286 3031 1314 3091 δέ
1326 3030 1435 3111 ἔμελλεν
1455 3033 1534 3092 αὐτδν
1549 3034 1671 3116 προάγιιν

100 3126 214 3186 tationes
229 3125 256 3184 in
273 3124 341 3184 sesto
355 3123 401 3183 die
414 3122 549 3197 inductas,
563 3136 594 3180 ut
606 3122 649 3181 illi
669 3124 794 3185 clariores
805 3148 847 3186 es·
900 3123 1060 3208 δἩρώδης,
1072 3121 1137 3205 φησί
1146 3127 1198 3204 ,τῇ
1210 3124 1285 3183 νυκτί
1296 3123 1381 3205 ἐκείνῃ
1395 3116 1453 3198 sipi
1466 3126 1572 3207 Πέτρος
1583 3126 1670 3187 καθεύ-

98 3232 167 3278 sent.
185 3219 259 3277 Cum
272 3229 372 3275 autem
382 3215 577 3295 producturus
588 3235 654 3272 eum
666 3230 740 3274 esset
752 3221 846 3278 Ilero-
900 3218 961 3277 δων.
979 3215 1053 3297 Ὅρα
1070 3216 1114 3276 τδν
1129 3214 1232 3297 Πέτρον
1245 3215 1421 3292 καθεύδοντα,
1434 3217 1482 3277 καί
1493 3219 1543 3279 οὐκ
1562 3219 1624 3279 ὄντα
1644 3220 1670 3279 έν

83 3312 160 3385 des,
183 3309 280 3392 inquit,
298 3321 382 3368 nocte
401 3307 459 3365 illa
470 3308 577 3365 Petrus
590 3307 762 3368 dormiebat.
774 3310 847 3372 Vide
901 3306 1000 3389 ἀγωνία
1018 3305 1076 3367 οὐδὲ
1090 3309 1117 3366 ἐν
1134 3306 1217 3387 φύύῳ.
1234 3310 1308 3388 Αὐιῇ
1324 3313 1358 3388 τῇ
1373 3308 1466 3383 νυκτὶ,
1478 3300 1497 3390 ᾖ
1510 3309 1669 3394 προάγεσθαι

63 3451 66 3458 ,
97 3405 209 3465 Petrum
224 3402 411 3472 dormientem,
426 3419 474 3458 nec
484 3411 583 3458 terrore
598 3399 641 3458 vel
662 3415 733 3459 metu
750 3401 844 3463 dcten-
883 3400 1018 3480 ,ἔμελλεκ
1038 3399 1178 3473 ἐκάθευδε,
1197 3399 1244 3459 οτὸ
1268 3409 1322 3459 πᾶν
1349 3399 1426 3484 ῥίψας
1455 3401 1500 3460 ἐπὶ
1526 3403 1572 3463 τὸν
1595 3401 1667 3464 Osis.

97 3509 166 3555 turn.
180 3495 222 3554 Ea
238 3495 297 3576 ipsa
308 3505 405 3567 nocte,
419 3512 472 3568 qua
491 3488 679 3570 producendus
692 3507 760 3571 crat,
783 3494 847 3554 dor·
900 3495 962 3572 Ούχ
979 3494 1070 3558 ἁπλῶς
1090 3490 1118 3551 δέ
1144 3491 1292 3564 ἐκάθευδεν,
1308 3493 1377 3553 ἀλλά
1398 3492 1479 3572 μέσον
1502 3498 1666 3576 στρατιωτῶν

98 3587 208 3663 iniebat,
223 3576 351 3647 omniain
368 3585 456 3641 Deum
467 3580 599 3662 rejiciens.
613 3583 669 3641 Nec
684 3584 845 3666 simpliciter
899 3586 945 3647 καί
965 3584 1108 3662 δεδεμένος.
1132 3582 1238 3653 Μεταξὺ
1255 3585 1321 3666 γάρ,
1341 3586 1423 3667 φησί,
1439 3585 1485 3645 δύο
1503 3589 1666 3668 στρατιωτῶν

99 3678 268 3749 dormiebat,
281 3675 341 3752 sed,
350 3679 434 3733 [nter
443 3675 515 3732 duos
529 3675 650 3750 milites,
663 3679 782 3738 uinctus
792 3700 842 3738 ea·
899 3675 1064 3756 κοιμώμενος
1074 3667 1117 3750 ἦν,
1132 3675 1266 3754 δεδεμένος
1277 3677 1384 3737 ἁλύσεσι
1403 3677 1484 3738 δυσίν.
1501 3678 1602 3761 Ὁρᾷς,
1614 3681 1665 3744 πῶς

101 3776 175 3833 tertis
189 3773 312 3831 ducibus.
326 3772 410 3828 Inter
421 3769 495 3826 duos
510 3766 581 3826 enim
592 3767 716 3847 ,inquis
737 3772 844 3832 milites
900 3769 1012 3850 ἀκριύὴς
1032 3772 1049 3840 ἡ
1071 3768 1191 3849 φυλακή,
1202 3768 1256 3827 Καί
1268 3767 1322 3828 tout
1333 3770 1444 3850 ἄγγελος
1454 3769 1554 3853 Κυρίου
1564 3770 1664 3840 ἐπέστη,

99 3881 162 3925 erut
173 3866 337 3934 dormiens,
348 3865 467 3920 ‘uinctus
477 3862 590 3919 duabus
604 3866 725 3925 catenis.
742 3863 843 3924 Viden’
899 3861 978 3943 φησί,
990 3859 1075 3939 λέγων
1087 3882 1093 3895 ·
1111 3859 1213 3919 ἀνάστα
1224 3862 1252 3918 ἐν
1263 3858 1349 3941 τάγει.
1364 3862 1592 3943 Σογκαθεύδοντες
1603 3853 1662 3934 ἦσαν

98 3976 180 4036 quam
189 3966 313 4013 accurata
322 3950 500 4012 custodiaiEt
509 3973 575 4010 ecce
586 3953 843 4035 angelusDomini,
898 3957 921 4014 οἱ
931 3953 1059 4035 φύλακες·
1075 3950 1115 4010 διδ
1128 3950 1236 4011 καὶτῶν
1250 3952 1394 4032 γινομένων
1406 3955 1480 4015 οὐδὲν
1494 3953 1664 4015 ἐπαισθάνετ-

103 4046 210 4126 inquit,
229 4047 355 4119 adstitit,
371 4047 480 4117 dicens,
496 4045 586 4125 Surge
607 4047 757 4106 velociter.
772 4051 843 4108 Dor·
860 4062 880 4111 Ι)
896 4071 950 4108 ται.
962 4047 1027 4112 Φῶς
1040 4041 1067 4104 di
1081 4042 1208 4125 ἔλαμψεν,
1226 4042 1295 4105 ὥστε
1305 4046 1351 4105 καί
1363 4049 1426 4106 ίδεῖν
1440 4046 1487 4106 καί
1501 4051 1613 4108 ἀκοῦσαι
1624 4044 1663 4104 τάν

100 4142 219 4202 miebant
232 4137 529 4201 simulcustodestideo
551 4138 620 4197 nihil
633 4154 769 4218 gestorum
783 4164 843 4204 sen·
898 4138 1010 4219 Πέτρον,
1029 4134 1075 4195 καί
1098 4136 1135 4217 μὴ
1146 4134 1253 4214 νομίσαι
1268 4138 1414 4218 φαντασίαν
1436 4131 1513 4200 εἶναι.
1530 4137 1620 4208 ‘ssede
1638 4133 1662 4196 ii

99 4246 200 4294 serunt.
216 4233 320 4290 Lumen
334 4251 398 4290 vero
407 4228 521 4305 refulsit,
538 4243 568 4287 ut
579 4228 750 4291 etvideretet
766 4233 844 4293 audi·
898 4229 935 4310 μὴ
949 4228 1089 4312 ῥφιθυμήσῃ
1097 4274 1106 4303 ,
1118 4227 1163 4287 καί
1175 4226 1223 4302 τὴν
1236 4229 1353 4312 πλευράν
1368 4231 1547 4294 πατάσσεται.
1559 4230 1611 4291 Καὶ
1620 4233 1663 4311 obp

99 4340 141 4386 ret
160 4328 267 4401 Petrus,
282 4344 332 4383 nec
346 4335 452 4404 putaret
467 4321 635 4403 phantasiam
649 4345 712 4383 esse.
725 4327 766 4385 Nc
779 4349 843 4388 vero
897 4324 988 4390 ἅπλῶς
1001 4320 1103 4396 ἀκούει,
1114 4318 1245 4380 Ἀνάστα·
1259 4322 1382 4394 ἀλλ’,Ἐν
1395 4322 1490 4404 τάχει,
1502 4324 1570 4402 μετὰ
1584 4345 1662 4407 προσ-

100 4418 216 4499 segniter
231 4430 337 4498 ageret,
360 4416 431 4475 latus
444 4417 502 4497 ejus
518 4415 643 4496 percutit.
660 4419 753 4497 Neque
762 4420 843 4481 modo
897 4415 995 4488 θήκης·
1019 4414 1086 4474 οὕτω
1110 4411 1212 4493 sautu<
1235 4414 1384 4475 ἐκάθευδεν.
1406 4415 1513 4478 Ἐδόκει
1534 4417 1563 4478 δέ
1582 4416 1663 4493 δραμε

99 4509 187 4584 audit,
211 4511 316 4589 Surge3
336 4506 384 4567 scd
405 4507 486 4566 etiam
509 4505 640 4582 additur,
673 4511 842 4572 Velociter:
898 4508 1014 4588 βλέπειν,
1028 4506 1102 4589 φησί.
1118 4508 1216 4580 Διῆλθε
1229 4505 1258 4566 δὲ
1270 4506 1379 4588 πρώτην
1392 4509 1439 4568 καί
1450 4508 1576 4592 δευτέραν
1590 4509 1663 4588 φυλα·

99 4618 235 4665 tamarcte
249 4600 409 4663 dormiebat.
426 4602 735 4662 Existimabotautem
748 4626 779 4664 se
792 4610 842 4665 ui·
897 4599 957 4672 xlv.
970 4602 1027 4660 Ποῦ
1048 4605 1091 4658 νῦν
1110 4602 1176 4659 εἰσιν
1196 4601 1220 4658 οἱ
1239 4600 1381 4682 αἱρετικῶς
1392 4602 1457 4668 Πῶς
1471 4603 1576 4673 διῆλθεν
1595 4595 1662 4659 είπά-

100 4719 165 4757 sum
175 4693 390 4773 uidere,iuquit.
403 4696 842 4778 Pertransiritautemprimam
897 4717 985 4753 τωσαν
1006 4698 1087 4772 ἡμῖν·
1110 4694 1160 4751 αλλ
1191 4716 1238 4751 ουκ
1252 4717 1284 4752 αν
1300 4693 1395 4774 ἔχοιεν.
1418 4694 1514 4755 Καίτοι
1536 4692 1579 4754 tit
1595 4698 1664 4752 eom

100 4800 128 4850 et
146 4790 303 4850 secundnm
319 4787 491 4846 custodiam.
509 4785 564 4846 Ubi
584 4808 655 4848 nunc
670 4804 733 4849 sunt
759 4791 843 4852 haere-
898 4784 974 4845 αὐτὸν
989 4786 1035 4845 καί
1055 4784 1189 4854 ζώσασθαι
1209 4785 1309 4846 κελεύει
1332 4788 1378 4846 καί
1400 4786 1604 4861 ὑποδήσασθαι,
1623 4777 1661 4843 καί

135 5001 145 5024 ι
157 4991 245 5051 pettit
256 4992 356 5039 trusos
366 4982 436 5034 deest
449 4981 474 5032 in
486 4981 647 5049 quibusdam.
908 4991 1004 5058 ierunt,
1017 5005 1043 5045 et
1055 5005 1095 5044 tot
1106 5006 1226 5062 tantaque
1242 5007 1314 5059 sont,
1325 5006 1354 5045 ut
1365 4995 1386 5045 si
1397 4992 1483 5045 omnia
1500 4989 1658 5042 exscriberen-

134 5063 205 5115 balii
218 5071 352 5129 ἐλογίζοντο.
363 5069 406 5133 δρα
423 5072 482 5116 πόσα
497 5071 639 5132 εἰργάσαντο.
908 5082 958 5136 tur,
972 5073 1078 5141 majores
1098 5072 1150 5140 ipsa
1168 5072 1230 5124 serie
1245 5075 1375 5141 scriptoris
1400 5085 1474 5125 notas
1484 5069 1579 5122 addere
1594 5083 1664 5135 opor·-

133 5142 204 5192 οΠίο
215 5143 300 5192 omnia
312 5141 409 5192 diverse
419 5142 501 5206 posita
520 5142 615 5191 suntin
627 5139 670 5192 illo
683 5159 746 5209 scope
758 5161 857 5197 memo·
908 5162 979 5202 tcrct.

101 5233 157 5272 ruto
168 5221 275 5285 Cod²ce,
286 5217 430 5286 nullumque
448 5220 474 5271 in
490 5234 562 5270 sensu
579 5218 746 5274 differentiam
763 5241 815 5290 prae
831 5242 857 5278 sc
