3728 5978
592 468 628 514 -ΙΝ
656 468 741 516 ACTA
769 461 1029 513 auosrououuu.
1057 462 1177 511 uotttu.
1206 464 1230 513 l.
1653 464 1687 506 ll

132 598 166 674 μία
176 594 215 661 τίς
226 599 318 655 ἐστιν·
333 599 362 654 αἱ
373 593 402 653 δέ
413 585 588 674 Πράξεις,διν
600 600 615 655 ὁ
628 595 713 677 ἕτερος
725 592 903 674 Παράιιλητος
919 592 938 641 C
954 608 1035 662 111111,
1065 610 1126 667 quae
1145 591 1269 652 Christus
1290 592 1352 652 l'ecit
1384 603 1410 655 et
1431 586 1502 648 dixit
1518 610 1524 642 τ
1540 590 1608 646 λεια
1631 608 1695 646 vcro

131 680 177 746 εἷπε
187 687 233 746 καὶ
248 686 374 758 ἐποίησε.
388 684 441 746 Καὶ
460 685 522 745 τότε
538 686 648 769 μὲνγὰρ
661 686 748 747 πολλὰ
763 684 810 745 καὶ
826 683 903 749 αὗτδς
955 701 1048 739 eorum
1071 703 1131 760 quae
1154 683 1225 743 alius
1248 684 1401 744 Paracletus
1422 681 1495 741 dixit
1511 693 1537 740 et
1555 679 1628 738 fecit.
1648 679 1697 739 llle

131 781 214 850 ἐποίει,
225 780 323 859 ὥσπερ
334 771 380 839 οὗν
395 779 442 838 καί
454 786 500 838 νῦν
510 783 524 837 ὁ
533 779 647 859 Χριστὸς
657 781 770 857 ἕνιργεῖ,
783 775 905 855 καθάπτρ
955 795 1072 855 namque
1086 777 1144 857 jam
1161 778 1226 839 olim
1242 780 1327 838 multa
1340 778 1520 860 operabatur,
1534 776 1604 835 sicut
1615 775 1697 835 etiam

132 872 251 930 καὶτάτε·
264 871 340 930 ἀλλὰ
349 870 412 930 τότε
424 871 439 900 *
449 871 498 948 plo
511 871 556 930 διδ
566 877 612 931 τοῦ
618 877 697 943 ναοῦ,
707 877 752 929 νῦν
760 867 787 928 dl
798 865 841 926 διά
852 867 905 924 τῶν
956 866 1080 927 Christus
1093 884 1165 928 nunc
1178 886 1314 952 operatur,
1330 885 1356 930 et
1367 871 1431 930 olim
1445 889 1553 948 quoque
1568 869 1697 949 operaba-

132 963 292 1022 ἀποστολων·
318 962 368 1020 καὶ
389 960 451 1022 τότε
469 960 518 1038 μὲν
532 964 569 1028 εἰς
581 958 742 1043 παρθενικὴν
760 950 824 1030 illu
848 954 905 1035 μή·
955 971 1017 1035 tur;
1031 958 1078 1019 sed
1090 974 1153 1021 tunc
1166 984 1215 1043 per
1231 964 1377 1045 ternplum,
1396 982 1467 1021 nunc
1481 982 1528 1041 per
1550 961 1695 1041 apostolos.

131 1080 192 1135 τμσν,
205 1055 253 1113 καί
266 1054 334 1113 ναδν
345 1053 491 1126 διέκλασε,
506 1059 549 1112 νῦν
562 1053 590 1112 δὲ
604 1056 640 1119 εἰς
659 1051 748 1132 ἀνοχάς
765 1050 904 1110 ἀποστολι·
957 1049 995 1109 Ει
1014 1065 1079 1111 tunc
1092 1054 1201 1132 quidem
1223 1055 1249 1114 in
1270 1055 1423 1135 virgineum
1440 1067 1547 1112 uterum
1568 1052 1660 1128 veuit,
1673 1067 1699 1112 ct

131 1148 183 1213 τάς·
196 1146 243 1205 καὶ
256 1146 323 1205 τότε
342 1144 394 1224 μὲν
409 1148 437 1204 ἐν
448 1144 512 1204 elder
524 1154 693 1227 περιστερᾶς,
705 1149 750 1202 νῦν
762 1141 790 1202 δέ
804 1145 831 1202 ἐν
843 1141 905 1201 εἴδει
957 1142 1088 1224 templum
1104 1145 1231 1205 formavit
1243 1171 1252 1223 ;
1268 1167 1340 1210 nunc
1359 1160 1449 1205 autem
1468 1144 1497 1202 in
1510 1144 1614 1202 animas
1627 1143 1699 1203 venit
1724 1150 1727 1156 ‘

130 1239 251 1316 τορόςΤί
263 1237 388 1311 Binum
402 1238 480 1297 Ἐκεῖ
493 1237 675 1317 μέντδπμάιον
685 1238 784 1311 δηλῶν,
795 1238 905 1294 ἐνταῦθα
957 1235 1139 1315 apostolicas:
1163 1250 1228 1297 tunc
1249 1238 1277 1298 in
1301 1237 1388 1319 specie
1409 1235 1560 1306 columba,
1583 1233 1699 1293 nuncin

133 1330 526 1409 δέκάιτὸτιμιορητικόν.Καί
538 1328 725 1412 &stapleton
739 1328 767 1387 δὲ
778 1325 906 1407 εὐκαίρως
957 1325 1044 1405 specie
1058 1327 1137 1406 ignis.
1159 1328 1270 1402 Quare?
1287 1329 1348 1390 Illic
1367 1325 1598 1388 mansuetudinem
1617 1325 1698 1384 exhi-

134 1421 412 1502 ἀντμιμνήσκιι.’οτε
423 1422 472 1500 μὲν
481 1420 723 1505 γδράμαμπήματα
733 1425 906 1502 συγχωρῆσαι
957 1419 1039 1478 bebat
1049 1465 1059 1498 ,
1076 1420 1121 1480 hic
1143 1443 1208 1482 vero
1231 1423 1341 1483 ultionis
1365 1421 1542 1482 severitatem.
1561 1418 1699 1480 iudicium

133 1518 192 1589 ἔδει,
210 1519 319 1588 πολλῆς
338 1514 395 1573 ἔδει
409 1520 457 1586 τῆς
468 1515 628 1595 πραότητος·
639 1513 767 1587 ἐπειδὴδὲ
778 1513 907 1592 ἐτύχομεν
958 1523 1049 1570 autem
1064 1526 1214 1593 opportune
1231 1527 1430 1574 commemorat.
1454 1512 1524 1571 Cum
1546 1510 1619 1570 enim
1634 1530 1700 1590 pec—
1738 1520 1740 1526 '

132 1614 169 1680 τῆς
190 1612 311 1690 δωρεᾶς,
330 1608 427 1668 λοιπὸν
441 1609 488 1668 καὶ
501 1608 613 1689 κρίσεως
631 1606 678 1667 καί
691 1605 832 1675 ἐξετάσεως
845 1629 907 1665 και-
923 1611 943 1658 l>
958 1617 1016 1662 cata
1029 1604 1203 1667 condonanda
1217 1622 1308 1682 erant,
1331 1607 1416 1666 multa
1429 1627 1497 1686 opus
1510 1618 1567 1664 erat
1577 1624 1703 1663 mansue-

133 1702 176 1781 po';.
192 1704 258 1768 Πῶς
269 1701 312 1771 δὲ,
326 1698 657 1778 Βαπτισθήσεσθε,λίγει,
669 1697 765 1765 ὕδατος
775 1698 822 1756 οὐκ
834 1696 908 1764 άντος
959 1695 1053 1757 tudine
1072 1721 1079 1754 ε
1107 1698 1171 1777 quia
1195 1721 1259 1760 vero
1277 1698 1380 1759 donum
1405 1695 1563 1778 consequuti
1586 1717 1701 1770 sumus,

133 1798 202 1871 ἐντῷ
215 1792 354 1874 ὖπτρῴιμ;
365 1791 433 1852 Ὀτι
441 1793 473 1852 τὸ
485 1789 661 1872 ’κυριώτερον
675 1791 706 1850 τδ
715 1791 828 1868 Πνεῦμά
841 1793 908 1861 ἐστι,
938 1836 940 1840 ι
955 1790 1014 1870 jam
1038 1804 1146 1871 tempus
1169 1806 1209 1852 est
1226 1792 1326 1872 judicii
1346 1807 1373 1852 et
1395 1791 1536 1852 examinis.
1558 1789 1704 1865 Quomodo

132 1890 158 1946 δι’
171 1878 201 1944 οὗ
215 1886 396 1966 καλτδῦδωρ
411 1888 525 1967 ἐνεργεῖ·
539 1883 630 1966 ὥσπερ
649 1873 693 1942 οὖν
713 1882 759 1941 καὶ
773 1882 851 1949 αὐτὸς
865 1905 909 1940 κι-
959 1896 1050 1942 autem
1062 1881 1141 1954 dicit,
1152 1887 1394 1964 Baptizabr'mr'm',
1409 1905 1471 1943 cum
1487 1905 1557 1963 aqua
1570 1903 1623 1942 uon
1637 1895 1704 1942 esset
1739 1914 1743 1923 ·

132 1980 231 2060 γράσθαι
243 1978 378 2056 λέγεται,
402 1979 519 2054 οὐδαμοῦ
541 1977 700 2057 χρισάμενος
723 1974 820 2056 ἐλαίῳ,
840 1975 909 2034 ἀλλὰ
960 1974 989 2032 in
1008 1975 1167 2036 coenaculo?
1181 1976 1253 2048 Quia
1274 1977 1301 2036 in
1321 1977 1457 2058 baptismo
1480 1976 1614 2057 praecipue
1634 1975 1706 2035 valet

133 2073 235 2147 Πνεῦμα
246 2070 410 2147 δεξάμενος·
423 2069 511 2134 άλλως
519 2065 547 2128 δέ
561 2067 606 2128 καὶ
617 2066 693 2127 ὕδατι
705 2065 911 2146 βαπτιζομένους
961 2065 1098 2146 Spiritus,
1125 2090 1173 2149 per
1196 2090 1277 2148 quem
1298 2091 1366 2149 aqua
1393 2081 1549 2150 operatur:
1576 2067 1707 2147 quemad·

134 2164 215 2229 τἀτοίις
235 2163 314 2222 ἐστιν
330 2166 428 2241 rupeis,
450 2160 496 2220 καὶ
520 2163 547 2220 ἐν
569 2159 703 2241 διαφόροις
723 2167 833 2240 καιροῖς.
850 2159 911 2241 Ἐφ’
962 2155 1073 2216 modum
1101 2159 1227 2219 Christus
1255 2173 1353 2220 unctus
1383 2159 1467 2219 fuisse
1495 2157 1617 2234 dicitnr,
1646 2158 1708 2219 licet

132 2259 200 2331 ἡμῶν
215 2253 266 2332 μὲν
282 2251 339 2333 γάρ
355 2252 496 2332 ἀμφότερα
506 2251 606 2331 γίνεται
619 2254 662 2331 oq'
682 2249 720 2323 ἐν,
734 2250 794 2311 τάτι
810 2249 838 2310 δέ
859 2252 911 2311 διι-
962 2269 1111 2327 numquam
1125 2250 1184 2310 oleo
1198 2265 1295 2310 unctus
1308 2251 1405 2328 luerit,
1420 2249 1468 2310 scd
1481 2250 1615 2330 Spiritum
1634 2271 1709 2329 acoe7

133 2346 298 2423 ιπασμίνως.
315 2344 401 2426 [lapi
413 2344 466 2424 γάρ
484 2343 533 2415 τὴν
544 2343 630 2425 ἀρχὴν
643 2343 695 2402 ἀπὸ
707 2342 830 2403 'ludum
846 2343 912 2404 ἐθα-
962 2338 1044 2420 perit.
1058 2339 1186 2418 Alioquin
1207 2363 1271 2402 vero
1290 2341 1362 2422 ipsos
1374 2363 1443 2421 aqua
1458 2341 1607 2421 baptizatos
1627 2342 1710 2403 fuisse

133 2438 294 2510 κτίσθησαν·
322 2437 371 2496 καὶ
392 2432 430 2515 μὴ
446 2434 593 2516 θαυμάσῃς.
621 2436 655 2493 Εἰ
679 2433 730 2515 γάρ
752 2434 847 2515 πόρναι
866 2435 912 2496 καὶ
963 2433 1081 2514 reperire
1090 2448 1149 2511 est,
1167 2449 1194 2494 et
1206 2435 1234 2495 in
1247 2434 1363 2496 diversis
1379 2436 1553 2518 temporibus.
1569 2435 1649 2517 Apud
1662 2457 1711 2497 nos

132 2533 236 2588 τιλιῖννσιι
248 2530 297 2590 ἐπὶ
307 2529 341 2588 τὸ
354 2528 495 2607 βάπτισμα
503 2527 585 2604 ᾔεσαν
599 2529 699 2600 ἐκεῖνο,
710 2527 801 2607 πολλῷ
812 2528 913 2605 μαλλον
963 2527 1035 2586 enim
1051 2542 1195 2608 utrumque
1214 2551 1270 2590 uno
1286 2529 1433 2610 memque
1446 2530 1478 2589 lit
1497 2543 1627 2611 tempore,
1645 2545 1712 2590 tunc

132 2621 233 2698 αἱρετά
252 2626 345 2680 ταῦτα
361 2619 537 2698 βαπτίζεσθαι
550 2619 689 2697 μέλλοντες
702 2618 754 2678 tet
764 2623 812 2679 τοῦ
827 2619 913 2679 Πνιά·
929 2636 947 2684 u
963 2637 1053 2682 autem
1066 2623 1181 2685 diversis
1194 2626 1369 2707 temporibus.
1387 2625 1467 2685 Initio
1479 2646 1595 2703 namque
1605 2627 1710 2687 aloan-

134 2735 217 2789 ματος.
241 2703 316 2772 Εἶτα
329 2710 376 2771 ἵνα
396 2711 434 2788 μὴ
441 2710 570 2790 λέγωσιν,
591 2714 618 2771 ἐν
637 2709 806 2790 ἀπαγγελίαις
820 2710 862 2770 ἀεὶ
881 2710 913 2771 τδ
965 2736 998 2773 ne
1008 2715 1136 2796 baptizati
1146 2729 1208 2774 sunt
1215 2739 1224 2792 ;
1237 2737 1286 2774 nec
1297 2717 1397 2775 mirum
1408 2731 1458 2775 est.
1470 2718 1539 2776 Nam
1551 2716 1575 2774 si
1590 2718 1711 2776 meretri·

133 2816 239 2885 πρᾶγμα
249 2808 260 2884 (
266 2805 318 2865 καί
329 2803 384 2885 γὰρ
392 2802 439 2862 καὶ
450 2803 501 2875 ἤδη
513 2803 600 2864 πολλὰ
610 2803 672 2885 περὶ
681 2804 759 2862 αὐτοῦ
769 2803 912 2884 δαλίχάη),
964 2826 1008 2865 ces
1021 2821 1047 2865 et
1057 2806 1196 2887 publicani
1207 2805 1243 2866 ad
1254 2805 1325 2866 illud
1334 2807 1469 2888 baptisma
1478 2822 1608 2868 venerunt
1619 2830 1628 2884 γ
1642 2809 1711 2868 mul·

134 2899 195 2974 μηδὲ
208 2895 363 2976 νομίσωσιν
383 2895 448 2954 atet
462 2894 595 2976 ἐνάργειαν
616 2885 684 2955 εἶναι
704 2891 715 2929 ¹
722 2895 912 2970 ἀνυπόστατον,
964 2912 993 2958 ιο
1004 2900 1091 2979 magis
1105 2899 1135 2977 ii,
1150 2900 1197 2978 qui
1207 2914 1297 2982 postea
1309 2923 1324 2960 a
1336 2900 1441 2982 Spiritu
1456 2900 1610 2982 baptizandi
1624 2917 1709 2962 erant.

134 2990 239 3066 ἀπάγων
254 2987 357 3055 οώταδς
366 2993 415 3060 τῆς
423 2986 548 3060 τοιαύτης
559 2985 696 3058 ἀπονοίας,
711 2990 753 3047 Οὐ
767 2985 835 3065 perd
847 2989 913 3047 πολ·
964 2990 1081 3070 Deinde,
1093 3013 1127 3051 ne
1137 2989 1267 3067 dicerent,
1281 3014 1337 3052 rem
1351 2993 1379 3051 iu
1388 2992 1529 3074 promissis
1542 3015 1647 3074 semper
1657 3015 1713 3055 esse

134 3081 177 3149 λίς
186 3081 289 3149 τούτοις
300 3079 423 3160 ἡμέρας,
436 3079 510 3159 μησί.
523 3079 578 3139 Καὶ
591 3080 637 3138 οὐκ
651 3079 768 3151 ἐδήλωσε
780 3080 858 3151 πάτε,
868 3077 913 3139 ίνα
964 3088 1046 3157 (uam
1057 3083 1143 3142 multa
1157 3084 1209 3143 hac
1220 3084 1254 3144 de
1270 3106 1299 3144 re
1310 3083 1383 3145 dicta
1398 3086 1503 3145 fuerant
1512 3090 1537 3163 );
1550 3107 1617 3147 neve
1628 3100 1711 3168 puta-

134 3175 171 3232 ἀεὶ
190 3177 375 3254 γρηγορῶοιν,
388 3175 447 3232 ἀλλ’
460 3169 561 3249 ὅτιμὲν
575 3169 651 3251 ἐγγδς
671 3169 746 3232 ἔσται
767 3160 849 3246 εἶπον,
869 3170 913 3231 ἵνα
964 3190 1023 3236 rent
1033 3175 1215 3258 operationem
1231 3199 1287 3237 esse
1302 3177 1400 3238 sinere
1415 3178 1516 3256 aliqua,
1532 3178 1594 3238 illos
1613 3180 1649 3239 ab
1661 3179 1713 3239 hac

135 3266 168 3344 μά,
182 3269 332 3326 inuuunt·
348 3263 414 3323 πότι
434 3262 479 3338 δέ,
497 3266 545 3322 οὐκ
562 3263 601 3321 ἔτι
622 3262 795 3342 προσέθηκεν,
815 3262 858 3322 ἵνα
871 3262 913 3322 dcl
964 3268 1117 3350 suspicione
1130 3268 1277 3344 abducens,
1298 3270 1353 3329 ait:
1369 3272 1439 3329 Non
1454 3284 1520 3350 post
1535 3273 1642 3331 multos
1659 3274 1712 3332 bos

135 3360 258 3440 νιζμοσιν.
279 3359 324 3418 Ol»
335 3356 422 3436 τούτῳ
438 3355 466 3414 δὲ
490 3353 568 3434 μόνον
590 3351 684 3421 αι’κτοδς
710 3360 848 3414 πιστοῦται
858 3358 912 3434 ,τῇ
928 3401 953 3441 ,0
965 3363 1036 3418 dies.
1051 3360 1144 3438 Neque
1166 3359 1298 3420 iudicavit
1311 3361 1435 3439 quaudo,
1450 3375 1479 3418 ut
1494 3384 1599 3443 semper
1615 3363 1711 3442 vigila·

135 3453 262 3530 ττγῦτατι
278 3450 353 3528 λέγω
366 3456 413 3508 w?
425 3453 536 3527 καιροῦ,
551 3446 619 3506 ἄλλο
630 3446 677 3505 ml
690 3451 728 3526 τῷ
743 3445 840 3526 λάινον,
854 3445 912 3517 Τὴν
930 3456 950 3503 Λ
965 3467 1044 3531 rcnt;
1064 3453 1111 3512 sed
1128 3453 1206 3514 brevi
1220 3453 1342 3513 futurum
1360 3454 1449 3529 dixit,
1464 3477 1498 3513 ne
1512 3457 1602 3515 animo
1616 3456 1713 3516 delice-

135 3543 306 3623 ἐπαγγελίαν,
329 3542 364 3612 ἣν
389 3539 520 3611 ἠκούσατέ
544 3561 603 3616 μου.
625 3537 663 3598 ⁸0
686 3538 713 3597 δὲ
736 3538 821 3618 atqu,
837 3540 915 3600 τοῦτό
965 3562 1044 3623 rent;
1061 3568 1109 3606 nec
1126 3546 1233 3606 addidit
1245 3548 1365 3626 quando,
1384 3561 1413 3606 ut
1433 3569 1540 3629 semper
1552 3549 1651 3628 vigiles
1667 3572 1712 3610 es·

135 3641 220 3696 ἐστιν·
236 3638 267 3696 οὐ
282 3642 328 3694 νῦν
343 3639 407 3712 ὑμῖν
422 3624 505 3705 εἶπον,
524 3631 605 3711 quel,
619 3630 706 3709 μόνον,
718 3631 788 3690 ἀλλά
801 3633 847 3692 καί
861 3633 913 3709 ἤδη
966 3652 1032 3698 sent.
1045 3640 1138 3716 Neque
1147 3638 1201 3696 hoc
1212 3651 1316 3698 tantum
1328 3638 1410 3698 modo
1425 3639 1486 3698 illos
1501 3639 1536 3698 ad
1550 3640 1713 3702 credendum

135 3728 350 3808 ἐπηγγειλάμην,
366 3725 384 3784 ἃ
403 3724 509 3794 ποιήσω
527 3722 641 3790 πάντας·
655 3722 692 3782 Τί
706 3722 792 3782 τοίνυν
810 3723 914 3801 θαομᾶ-
967 3728 1091 3806 inducit,
1116 3728 1219 3788 scilicet
1240 3751 1289 3810 per
1313 3730 1475 3789 brevitatem
1499 3734 1628 3813 temporis
1634 3757 1643 3810 ;
1665 3734 1715 3795 sed

136 3824 200 3887 ζεις,
218 3817 303 3889 εἴτ-δν
319 3815 422 3897 ἡμέραν
436 3820 483 3887 τῆς
495 3813 644 3880 συντελείας
658 3814 695 3892 μὴ
709 3814 791 3892 λέγει,
807 3813 872 3874 ὅπου
883 3840 913 3896 γι
967 3822 1050 3882 etiam
1063 3843 1125 3880 cum
1138 3820 1224 3895 dicit,
1236 3826 1465 3884 Promissionem
1480 3847 1570 3906 quam
1589 3830 1714 3890 audistis

136 3913 230 3983 ταύτην
242 3910 295 3984 τὴν
309 3909 393 3975 οὗτοι
408 3899 578 3999 iniustius*
591 3909 657 3966 ὀὖν
672 3906 787 3979 timot!
803 3913 914 3980 πονῆσαι
968 3939 988 3976 a
1002 3938 1069 3987 mer
1083 3915 1112 3974 id
1126 3928 1165 3975 est
1180 3917 1261 3992 :lion
1281 3938 1353 3975 nunc
1366 3917 1444 3976 vobis
1458 3930 1563 3977 tantum
1577 3918 1649 3995 dixi,
1667 3924 1714 3982 sed

137 4005 304 4078 κπάδτλον,
323 4003 377 4062 Καὶ
393 4000 466 4079 μάλα
488 3998 609 4073 εἰκότως,
626 3997 659 4056 ἵν’
681 3998 727 4059 del
745 4000 915 4081 ἐγρηγορότες
965 4010 1022 4090 jam
1032 4007 1155 4088 promisi,
1164 4029 1224 4086 quae
1233 4008 1342 4066 omnino
1353 4008 1472 4066 sactums
1483 4029 1553 4068 sum.
1565 4011 1641 4085 Quid
1651 4034 1715 4093 ergo

136 4087 184 4158 ὦσι
198 4097 245 4157 καὶ
264 4099 293 4155 ἐν
307 4091 453 4175 προσδοκία
467 4091 513 4151 καλ
527 4090 653 4172 μορίμνῃ.
969 4099 1087 4177 miraris,
1102 4098 1125 4158 si
1144 4098 1217 4158 diem
1232 4099 1470 4160 cousummationis
1492 4122 1545 4160 non
1563 4102 1654 4183 dicat,
1669 4109 1715 4186 qui

969 4193 1042 4251 bunc
1055 4188 1178 4252 vicinum
1198 4190 1272 4250 diem
1284 4191 1372 4251 uoluit
1392 4191 1532 4253 indicare?
1555 4195 1641 4275 quue
1654 4196 1723 4281 jure'

969 4285 1084 4362 merito,
1107 4298 1138 4344 ut
1159 4284 1288 4344 nimirum
1313 4285 1492 4368 exspectando
1513 4288 1660 4370 vigilarent
1684 4316 1717 4356 ac

970 4376 1079 4437 solliciti
1088 4390 1184 4436 essent.

174 4473 215 4528 Οὐ
250 4465 306 4545 γάρ
336 4463 418 4537 ἐστιν,
435 4464 484 4522 οὐκ
506 4465 562 4522 ἐστι
583 4461 690 4542 χάριτος
707 4466 856 4525 ἀπολαῦσαι
878 4464 915 4545 μὴ
1009 4472 1039 4530 6.
1057 4471 1117 4529 Non
1127 4482 1214 4550 potest
1229 4469 1384 4548 enim,non
1393 4483 1498 4553 potest,
1515 4475 1640 4555 inquam,
1653 4500 1716 4560 gra-

136 4564 260 4644 ιιζμινοα.
274 4559 314 4619 Ἢ
328 4560 380 4637 α’τγ
399 4561 478 4638 ὁρᾷς,
492 4555 520 4613 τί
534 4577 599 4634 φησι
613 4554 660 4613 καί
673 4554 769 4624 Ἠλίας
792 4557 858 4639 πρὸς
871 4558 916 4619 πδν
970 4561 1007 4620 tia
1021 4561 1074 4620 frui
1089 4558 1137 4639 qui
1151 4580 1205 4619 non
1220 4560 1323 4639 vigilat.
1339 4565 1436 4622 Annon
1450 4564 1542 4644 vides,
1563 4569 1630 4647 quid
1644 4570 1718 4632 dicar

135 4650 358 4730 μενοι-,ήηἜάν
370 4649 428 4728 ἴδῃς
441 4670 474 4725 με
490 4644 752 4725 ἀναλαμάανάμιενον,
768 4646 861 4710 ’ἔσται
875 4674 917 4711 σοι
970 4654 1046 4713 Elias
1059 4651 1220 4735 discipulo?
1240 4653 1272 4713 Si
1286 4655 1398 4715 videris
1416 4677 1463 4717 me
1479 4679 1545 4719 cum
1565 4683 1716 4739 assumar,
1730 4685 1750 4733 ι,
1763 4682 1854 4737 ruga.

135 4750 212 4807 alto·
229 4743 369 4814 τουτέστι,
386 4738 531 4819 γενήσεταί
550 4762 592 4801 σοι
613 4747 708 4812 τοῦτο,
723 4739 738 4799 8
751 4745 841 4810 αἰτεῖς.
862 4745 916 4804 Καὶ
934 4755 952 4802 u
969 4751 1025 4807 erit
1037 4750 1090 4805 tibi
1104 4751 1147 4807 sic
1161 4771 1170 4803 .·
1185 4746 1215 4806 id
1230 4760 1281 4823 est,
1294 4747 1437 4828 Continget
1451 4750 1501 4811 tibi
1517 4752 1568 4812 hoc
1582 4757 1654 4834 qnod
1667 4782 1718 4840 po.
1732 4758 1768 4793 ¹⁰·

134 4848 147 4899 ο
167 4839 282 4923 Χριστὸς
302 4836 332 4894 δέ
354 4838 496 4911 πανταχοῦ
516 4840 570 4897 τοῖς
588 4837 740 4912 προσιοῦσιν
759 4831 847 4914 ἔλεγε·
861 4837 916 4894 Πι-
970 4838 1064 4898 stulas.
1099 4837 1224 4898 Christus
1249 4859 1360 4916 quoque
1395 4840 1498 4900 solebat
1534 4846 1722 4913 accedentibus

135 4935 231 5003 πτύεις
241 4959 249 5006 ;
261 4929 331 4992 Ἐάν
341 4926 396 5006 γὰρ
409 4923 447 5005 μὴ
459 4926 637 5000 οἶκτιωθῶμτν
651 4923 716 5006 πρὸς
730 4924 761 4983 τὸ
772 4925 917 5005 διδόμκνον,
970 4929 1078 5007 dicere,
1099 4930 1224 4990 Credis?
1241 4929 1351 4991 Etenim
1364 4931 1416 4991 nisi
1438 4933 1478 4992 rei
1490 4933 1560 4996 datae
1573 4939 1721 5007 admodum

163 5110 175 5135 ⁸
191 5110 200 5174 [
209 5118 253 5172 μ,
263 5103 299 5155 ab
311 5099 412 5155 savilio
425 5098 498 5148 uncis
508 5095 645 5161 inclusum,
656 5095 729 5148 abest
740 5114 756 5148 a
766 5098 794 5149 C.
808 5099 853 5166 D.]
988 5104 998 5142 f
1015 5101 1179 5184 ἀνυπόστατον.
1189 5112 1224 5156 ἴνα
1233 5107 1310 5169 ebra&
1318 5114 1384 5158 τοῦτο
1392 5111 1490 5172 liparo,
1501 5117 1526 5163 οὐ
1533 5118 1642 5179 preme
1651 5136 1722 5172 unus,

162 5189 174 5228 l
190 5186 261 5238 ldem
273 5181 344 5236 Cod.
357 5187 453 5251 κρίσιας
463 5183 542 5230 λοιπὸν
552 5184 723 5242 ἀναμιμνήοεοιι
989 5197 1000 5221 ·
1018 5188 1056 5235 οὐκ
1068 5189 1136 5241 sidric
1147 5179 1233 5233 Morel.

162 5277 170 5296 ι
185 5267 225 5332 [τὸ
238 5275 385 5338 wem„
403 5250 578 5308 addidimure
593 5251 808 5334 Stvil.etG.1)·]
990 5262 1004 5301 b
1022 5261 1095 5326 linc,
1108 5268 1172 5316 ἔσται
1185 5283 1218 5315 σοι
1231 5266 1302 5326 οὗτοι,
1316 5271 1431 5330 morderi,
1445 5264 1536 5320 desunt
1547 5269 1572 5323 in
1586 5289 1645 5325 uno.
