3728 5978
579 501 612 547 ιιι
639 501 726 549 acra
755 498 1015 548 urrisroconuu.
1044 501 1162 547 nonu„
1191 501 1265 551 xix.
1641 479 1703 575 1¹07

130 623 189 681 ἔδει.
219 623 286 681 Τῶν
312 622 364 696 τήν
388 624 534 684 ἀνάστασιν
560 628 638 685 αὐτοῦ
658 622 839 705 κηρυττόντων
861 624 910 703 οὐχ
962 619 1154 680 crediderumt
1169 622 1262 681 Palam
1277 635 1342 697 erat,
1357 621 1434 681 illum
1451 643 1512 681 icra
1532 623 1630 684 dicero.
1652 627 1706 685 Ne·
1736 627 1739 635 '

131 713 217 785 ήττων
228 704 273 788 ἦν,
283 717 387 792 μᾶλλον
398 713 483 776 δὲκαὶ
494 714 712 796 ἀξιοπιστότερος,
724 714 816 796 ἁθρόον
828 738 909 793 μετα·
960 733 1013 790 quo
1022 713 1094 772 euim
1104 726 1222 773 mutatus
1230 713 1333 788 fuisset,
1345 713 1397 773 nisi
1407 714 1458 773 hoc
1470 715 1598 775 evenisset
1605 740 1615 795 φ
1625 730 1706 796 atque

133 805 303 883 θεῖλημάνος.
325 809 369 866 Οὖ
390 806 543 887 συνεγένετό
557 831 608 866 τινι
620 809 672 865 τῶν
684 811 795 876 πιστῶν,
809 808 867 865 ἀλλ’
878 809 905 866 ἐν
961 805 998 863 ita
1011 826 1103 864 onmes
1117 804 1225 865 erodere
1238 805 1389 887 oportebat.
1401 808 1462 866 Nou
1483 807 1571 867 minor
1587 822 1643 868 erat
1659 809 1704 886 iis,

135 900 271 978 Δαμασκῷ
290 900 474 978 μιτεόάλατο,
489 901 590 977 μᾶλλον
605 897 694 979 δὲπρὸ
703 902 750 971 τῆς
761 894 906 977 Δαμασκοῦ
961 896 1007 974 qui
1021 897 1242 957 resurrectionem
1252 898 1310 978 ojus
1325 896 1516 979 predicabant,
1528 898 1582 958 imo
1595 898 1649 958 [ide
1661 898 1705 959 di·

136 989 324 1052 τοῦτοίπαθεν.
339 994 454 1074 Ἐρωτῶ
464 992 510 1053 τδν
523 991 663 1051 Ἰουδαῖον·
675 991 767 1065 πόθεν,
779 991 837 1050 εἰπέ
851 1014 906 1070 μοι,
959 989 1039 1068 guior
1052 989 1098 1068 qui
1114 1004 1222 1071 reponte
1233 1011 1377 1049 conversus
1390 1003 1466 1049 esset.
1480 991 1539 1050 Non
1551 1012 1615 1050 cum
1626 990 1719 1058 fidele,

139 1081 284 1159 μεταῦλήθη
298 1085 425 1159 Παῦλος,
436 1086 563 1143 Τοσαῦτα
575 1090 675 1160 σημεῖα
684 1072 744 1157 εἶδε,
758 1082 804 1142 καλ
817 1086 846 1142 οὗ
857 1106 904 1160 με·
958 1081 1088 1162 quopiam
1100 1095 1220 1142 vorsatus
1233 1082 1390 1156 suerat‚·sed
1403 1082 1430 1141 iu
1447 1085 1579 1142 Damasco
1595 1104 1705 1144 couver-

140 1173 262 1246 τεῦλήθη·
274 1173 310 1234 ιό
321 1175 480 1243 διδάσκαλος
494 1177 574 1236 αὐτοῦ
589 1173 758 1254 μετεὸλήθη,
777 1165 906 1242 καλοῦτος
959 1196 1004 1235 sus
1013 1190 1062 1252 est,
1073 1176 1128 1236 imo
1139 1191 1200 1237 autc
1210 1179 1374 1237 Damascum
1383 1176 1434 1236 hoc
1443 1177 1552 1237 accidit.
1566 1178 1705 1258 interrogo

143 1268 334 1345 σλμετσῦλήθο·
346 1268 386 1336 τίς
396 1269 499 1330 ἔπεισεν
511 1269 714 1348 αιἰτθν;μᾶλλον
724 1267 752 1329 δὲ
762 1268 802 1337 τίς
812 1267 905 1351 ἀθρόον
922 1273 942 1321 Ε
958 1267 1206 1346 JudaeumrUude,
1227 1292 1328 1350 quaeso,
1353 1291 1498 1332 conversus
1518 1284 1557 1331 est
1581 1270 1706 1331 Paulus?

144 1360 262 1432 τοοαόιτην
272 1359 397 1420 ἐνέὸαλαν
409 1364 482 1442 αὐτῷ
495 1361 642 1442 προθυμίαν
653 1407 661 1435 ,
673 1366 709 1430 ὡς
724 1361 770 1422 καλ
785 1361 905 1441 ἀνάθεμα
959 1360 1015 1420 Tot
1024 1361 1100 1442 signa
1113 1361 1196 1439 vidit,
1211 1375 1238 1421 et
1251 1383 1395 1423 conversus
1409 1383 1461 1420 non
1475 1377 1515 1422 est
1526 1363 1635 1423 :doctor
1647 1364 1705 1444 ejus

146 1451 258 1520 εὔξασθαι
275 1450 401 1533 γενέσθαι
414 1451 481 1532 ὑπὲρ
494 1458 541 1512 τοῦ
555 1454 671 1534 Χριστοῦ
679 1476 688 1530 ;
705 1453 816 1538 Φαντρά
834 1457 905 1522 ἐστιν
958 1467 1078 1513 mutatus
1090 1467 1140 1532 est,
1150 1468 1176 1515 et
1187 1453 1234 1512 hic
1248 1466 1370 1514 mutatus
1385 1475 1438 1513 nou
1449 1469 1488 1516 cst
1499 1455 1572 1535 :quis
1587 1456 1627 1516 illi
1645 1479 1704 1538 pcr-

98 1556 106 1581 ·
147 1544 398 1626 ἡτῦνπραγμάτων
410 1542 531 1617 ἀλήθεια.
544 1543 742 1624 Ἀλλ’Ἶόμως]
752 1542 818 1624 ὅπερ
832 1544 906 1627 ἔφην,
958 1544 1053 1624 suasit,
1069 1546 1124 1605 imo
1144 1546 1206 1625 quis
1226 1546 1268 1604 itti
1290 1559 1395 1605 tantum
1410 1558 1517 1627 repente
1534 1547 1703 1608 immisitar-

103 1703 106 1710 ¹
149 1636 255 1704 τόιιςτδν
268 1639 394 1716 εὐνοῦχον
406 1636 656 1718 αλσχυνθιῦμεν,καἐ
669 1637 846 1717 φωτιζόμενον
861 1636 905 1697 καλ
957 1635 1065 1713 dorem,
1080 1651 1110 1696 ut
1124 1637 1341 1718 anathema0pr0
1366 1637 1474 1699 Christo
1494 1638 1554 1698 fieri
1578 1642 1704 1721 optaret?

150 1727 356 1807 ἀναγινώσκοντα.
368 1727 478 1808 Ὁρᾶτε,
487 1730 544 1794 πῶς
554 1720 586 1802 ἦν
598 1730 625 1787 ἕν
639 1729 788 1808 δυναστείᾳ,
802 1735 859 1796 πῶς
873 1723 905 1804 ήν
959 1727 1102 1788 Manifesta
1112 1743 1152 1789 est
1165 1751 1255 1789 rerum
1268 1729 1376 1788 veritas.
1391 1730 1456 1805 Sed,
1470 1743 1501 1789 ut
1511 1732 1569 1812 jam
1579 1730 1651 1811 dixi,
1664 1735 1705 1793 in·

150 1819 300 1901 ίνκλοότῳ,
323 1819 371 1879 καὶ
389 1818 449 1880 οθδὲ
468 1823 495 1879 ἐν
517 1821 570 1902 ὁδῷ
587 1820 721 1902 ἡσύχαζε,
743 1820 793 1888 Τίς
807 1812 839 1893 ἦν
855 1823 907 1902 ἄρα
957 1821 1038 1880 terim
1054 1822 1207 1881 eunuchum
1222 1820 1344 1883 videntes
1361 1822 1545 1883 illuminatum
1567 1839 1594 1884 et
1615 1825 1705 1906 logen-

150 1901 224 1980 ὀὗτος
241 1912 329 1989 μένων
351 1913 394 1971 ἐπ’
411 1911 512 1987 οἰκίας,
534 1911 600 1990 μηδὲ
621 1915 649 1972 ἐν
663 1915 731 1982 ὁδοῖς
751 1912 907 1994 ἀνεχόμενος
957 1926 1013 1974 tem
1026 1915 1223 1975 crubescamus.
1245 1913 1369 1991 Videtis,
1382 1914 1409 1973 iu
1423 1929 1523 1994 quauta
1538 1919 1665 1998 potentia,
1676 1919 1704 1978 in

150 2003 338 2082 τχαλόζοινςτίς
346 1995 381 2077 ἦν
391 1995 465 2075 οὗτος
477 2009 506 2072 ἐν
519 2003 605 2082 νιατί,
958 2007 1066 2085 quantis
1077 2008 1183 2069 divitiis
1196 2021 1362 2081 versaretur,
1376 2029 1407 2066 ac
1425 2029 1510 2087 neque
1523 2009 1551 2068 in
1562 2009 1608 2070 via
1625 2011 1704 2090 quic-

958 2100 1070 2160 tcebat?
1083 2100 1181 2176 Qualis
1196 2099 1261 2181 e'rgo
1275 2113 1331 2159 erat
1344 2099 1428 2178 domi,
1438 2100 1486 2178 qui
1502 2122 1535 2161 uo
1546 2101 1573 2162 iu
1586 2102 1630 2165 via
1644 2105 1704 2183 qui-

958 2193 1021 2253 dem
1034 2192 1281 2274 otiaretur?qualis
1290 2207 1346 2252 erat
1361 2193 1389 2252 in
1404 2194 1505 2253 nocte?

177 2297 253 2361 Ὅσοι
267 2303 295 2361 ἰν
317 2298 467 2380 ἀξιώμασίν
482 2304 558 2376 ἐστι,
573 2302 723 2377 ἀχοθταιι,
738 2303 786 2364 ml
798 2304 830 2364 τὸ
841 2265 952 2368 {fu-¹2⁵
998 2297 1027 2355 ά.
1051 2295 1191 2374 Quotquot
1213 2295 1240 2354 in
1256 2294 1436 2375 dignitatibus
1452 2296 1515 2356 estis
1528 2343 1539 2383 ,
1548 2296 1655 2374 audite,
1681 2315 1707 2358 ct

145 2415 185 2469 μιν
196 2392 239 2453 ui
253 2393 367 2460 σλλαόὲς
382 2393 544 2473 μιμήσασθε,
568 2396 662 2456 Καίτοι
677 2397 782 2476 μέλλων
801 2397 907 2458 ἀπιέναι
958 2389 1104 2449 imitemini
1122 2389 1305 2448 humilitatem
1320 2402 1347 2448 et
1359 2387 1500 2470 pietatem.
1519 2389 1580 2451 Etsi
1594 2389 1707 2452 domum

146 2485 232 2562 οίιαδε,
243 2489 292 2546 οῦκ
306 2478 367 2546 εἶπε
379 2489 445 2571 πρὸς
454 2488 562 2548 ἑαυτόν·
577 2489 729 2572 ἀπέρχομαι
743 2493 780 2557 εἰς
793 2490 842 2563 τήν
856 2515 905 2550 ιτα.
959 2496 1145 2557 reverteretur,
1151 2503 1204 2542 non
1212 2481 1320 2542 dicebat
1329 2481 1400 2542 iutra
1412 2482 1587 2564 semetipsum
1597 2509 1603 2543 ι
1617 2486 1707 2545 Redeo

147 2578 228 2656 τρίλα,
245 2582 302 2640 ἐκεῖ
321 2579 453 2658 >ruodho
466 2581 633 2662 τὸλοιτρὸι,
652 2580 786 2664 ιὰψιιχρθ
799 2581 907 2663 ῥήματα
959 2573 987 2633 iu
998 2573 1123 2655 patriam,
1136 2573 1175 2633 ibi
1186 2573 1296 2634 lavacro
1314 2586 1388 2647 utar;
1401 2587 1431 2633 ut
1443 2588 1506 2633 sunt
1518 2575 1619 2655 frigida
1637 2577 1708 2636 mul·
1818 2609 1830 2619 =

148 2672 192 2728 τῦν
202 2672 321 2732 πολλῶν.
344 2674 405 2732 (htx
419 2673 515 2746 ἐδεήθη
529 2673 656 2750 σημιίων,
669 2677 718 2733 οὐκ
734 2672 828 2748 ἐδεήθη
840 2680 906 2734 θου-
958 2679 1048 2728 torum
1063 2666 1155 2727 verba.
1168 2667 1229 2725 Nou
1244 2686 1313 2746 opus
1323 2665 1421 2724 habuit
1433 2665 1517 2745 signis
1530 2688 1579 2726 uec
1591 2667 1708 2727 miraeu-

149 2759 241 2836 μα’τιιν·
255 2763 312 2823 ἀπὸ
323 2768 370 2823 τοῦ
384 2764 520 2847 προφήτου
533 2764 610 2844 μόνον
621 2765 768 2826 ἐπίστασαι,
782 2766 835 2826 Διὰ
844 2772 907 2826 τοῦ.
958 2757 1010 2818 tis:
1027 2780 1063 2819 ex
1083 2758 1140 2816 solo
1163 2757 1299 2839 propheta
1317 2755 1445 2817 credidit.
1468 2755 1573 2818 Idcirco
1588 2760 1708 2842 seipsum

149 2878 176 2913 τα
185 2861 271 2916 ττνθιί
284 2855 381 2916 ἑαυτὸν
396 2861 411 2916 ό
424 2858 542 2932 Παῦλος,
559 2856 656 2936 λέγων·
675 2857 757 2919 Ἀλλὰ
771 2857 815 2919 διὰ
830 2864 908 2919 τοῦτο
959 2851 1082 2934 deplorat
1091 2851 1203 2928 Paulus,
1217 2850 1325 2910 dicens:
1340 2850 1399 2911 Sed
1409 2854 1639 2912 misericordiam
1651 2856 1709 2914 Der'
1721 2863 1742 2896 ¹·
1762 2852 1822 2896 ²³0¹-
1840 2867 1859 2895 ¹·

148 2947 265 3023 ἐλήθετο,
286 2946 330 3009 ὅτι
341 2951 443 3027 ἀγνοῶν
455 2948 568 3023 ἐποίησα
581 2951 609 3009 ἀν
624 2949 752 3031 ἀπιστίᾳ,
766 2950 812 3010 καὶ
823 2949 868 3011 ἵνα
879 2953 907 3011 ἐν
958 2959 1153 3028 consequutus
1163 2942 1249 3018 sum,
1264 2948 1335 3026 quia
1345 2947 1559 3029 ignoransjeci
1571 2951 1603 3006 ι’νι
1617 2952 1708 3008 inore
1721 2912 1757 2961 ¹³⁴
1776 2913 1811 2958 ιδ’

151 3039 301 3124 ἔμολαρώτῳ
311 3039 745 3124 ἐνδείξηταιἸησοῦςΧριστὸςι-λν
754 3051 843 3104 πᾶσαν
854 3065 908 3122 μα·
958 3037 1095 3109 dualitate,
1107 3051 1136 3097 et
1158 3042 1239 3097 utin
1260 3058 1307 3099 me
1326 3041 1422 3125 primo
1436 3040 1597 3100 ostenderet
1622 3042 1709 3101 Jesus

151 3133 286 3210 ιρσθιμίαν.
307 3129 393 3200 Ἄξιον
412 3131 495 3198 όντως
508 3131 643 3210 θαυμάσαι
653 3133 698 3193 τὸν
712 3136 836 3216 εὐνοῦχον
848 3140 907 3195 τοῦ·
960 3130 1095 3190 Christos
1106 3149 1221 3187 omnem
1225 3130 1412 3210 patientiam.
1419 3128 1526 3207 Dignus
1539 3145 1609 3191 corte
1621 3132 1709 3192 admi·

150 3227 258 3284 παθόντ
270 3214 324 3284 εἶδε
337 3223 384 3282 τὸν
398 3223 528 3306 Χριστὸν,
549 3226 596 3285 οιίκ
614 3216 665 3286 εἶδε
680 3235 799 3305 σημεῖον·
820 3227 860 3288 ἔτι
874 3226 908 3288 τὰ
926 3220 1063 3296 gratiore
1077 3234 1117 3281 est
1132 3221 1178 3289 hic
1200 3220 1351 3281 eunuchus.
1368 3221 1429 3280 Non
1452 3220 1523 3282 uidit
1545 3223 1707 3302 Christum,

152 3313 304 3395 Ἱεφοοολυμα
319 3318 474 3376 συνεστῶτα
494 3315 575 3399 ἐώρα,
596 3316 780 3379 >calluimus
797 3322 837 3402 τῷ
856 3322 908 3381 Φι-
960 3335 1013 3375 non
1033 3314 1105 3376 vidit
1118 3313 1246 3393 signum:
1270 3312 1361 3373 adhuc
1381 3326 1496 3374 stantem
1511 3316 1709 3398 Jerosolymam

152 3406 234 3490 λίπιφι.
259 3407 347 3468 Πόθεν
370 3399 415 3467 οὖν
432 3415 547 3475 τοιοῦτος
560 3409 717 3489 γεγένηται,
736 3413 909 3491 Μεμεριμνη-
960 3405 1081 3482 videbat,
1092 3420 1118 3465 et
1133 3404 1260 3464 credebat
1274 3405 1415 3485 Philippo.
1431 3404 1512 3465 Unde
1522 3427 1586 3487 orgo
1595 3407 1657 3467 talis
1670 3409 1708 3468 ss-

152 3492 242 3574 ρὲννςήν
256 3505 274 3574 ἡ
287 3498 365 3580 ψυχὴ
381 3503 475 3574 αὐτοῦ,
495 3510 621 3582 προσεῖχε
640 3504 775 3583 Γραφαῖς,
794 3502 907 3582 ἐσχόλα-
959 3498 1044 3558 tectus
1056 3499 1118 3559 est?
1128 3497 1251 3558 Sollicita
1265 3511 1321 3558 erat
1343 3498 1432 3557 anima
1448 3498 1542 3576 illius,
1556 3500 1710 3561 attendebat

150 3591 364 3673 ίαάναγνάνστσι.
390 3591 487 3652 Καίτοι
505 3593 550 3653 καὶ
570 3599 585 3654 ό
604 3593 705 3674 λῃστής
723 3586 775 3655 εἶδε
792 3604 907 3674 σημεῖα,
959 3590 1126 3672 scripturis,
1137 3590 1298 3651 lectionibus
1311 3612 1420 3670 operam
1435 3590 1525 3652 dabat.
1546 3592 1709 3671 aquilano

151 3684 217 3746 καλοί
235 3674 399 3764 μάγοιεῖδον
415 3684 528 3767 ἀστέρα·
542 3677 655 3755 οῦτοςδὲ
674 3685 748 3747 οὐδὲν
759 3678 811 3747 εἶδε
824 3692 907 3748 τοιοῦ-
959 3683 1032 3745 vidit
1047 3684 1142 3765 signa,
1159 3698 1185 3744 et
1202 3684 1275 3764 magi
1292 3683 1399 3744 stellam
1408 3708 1419 3762 φ
1434 3683 1482 3742 hic
1495 3705 1558 3747 vcro
1569 3686 1639 3744 nihil
1657 3688 1710 3747 tale

150 3797 189 3850 τοι,
207 3777 253 3836 καλ
272 3776 413 3838 ἐπίστευε·
435 3777 559 3838 τοσοῦτόν
581 3780 652 3838 ἐστιν
676 3785 693 3852 ἡ
718 3765 771 3839 τῶν
794 3781 908 3862 Γραφῶν
960 3774 1040 3850 vidit,
1055 3774 1223 3851 etcrediditsz
1239 3775 1403 3855 usqueadeo
1418 3775 1494 3835 utilis
1506 3777 1708 3858 estScriptura·

151 3870 277 3950 odyssei<
292 3869 438 3948 ὠφέλιμος.
452 3868 489 3930 Τί
502 3859 547 3928 σόν
559 3872 665 3939 Παῦλος
673 3896 681 3945 ;
698 3869 759 3950 οὐχλ
771 3871 816 3931 τὸν
829 3871 908 3950 νόμον
960 3889 1022 3927 rum
1035 3868 1123 3927 lectio.
1139 3868 1216 3944 Quid
1235 3890 1298 3949 ergo
1311 3868 1431 3928 Paulus?
1445 3890 1534 3927 annon
1547 3868 1633 3949 legem
1647 3891 1706 3929 me-

151 3960 259 4035 ἰμελέτα;
272 3959 346 4021 Ἀλλ’
359 3960 421 4040 ἐμοὶ
432 3962 502 4021 δοκεῖ
519 3952 594 4030 οὗτος
614 3963 737 4036 ἐπίτηδες
754 3962 907 4036 σἰναόληθῆ-
959 3960 1119 4021 ditabatur?
1132 3962 1187 4022 Sed
1209 3962 1279 4021 mihi
1298 3962 1407 4023 videtur
1422 3960 1468 4020 hic
1483 3961 1606 4021 consulto
1623 3983 1707 4022 resur·

152 4073 192 4126 ιιι,
203 4055 236 4113 δι’
246 4053 318 4133 άπερ
332 4042 406 4112 ι’ίπαν
420 4053 561 4133 προλαόὼν
574 4053 740 4136 πανταχόθεν
752 4056 909 4135 βουλομένου
960 4067 1040 4114 vatus
1051 4075 1109 4113 esse
1123 4069 1233 4136 proptor
1248 4075 1288 4131 ea,
1303 4074 1364 4132 quae
1378 4053 1456 4134 prius
1469 4053 1530 4112 dixi
1544 4098 1552 4128 ‚
1565 4052 1640 4133 quod
1654 4075 1706 4114 un·

98 4140 101 4169 ³
151 4146 334 4206 διασπάσασθαι
353 4143 414 4212 ταθς
431 4144 573 4213 Ἰουδαίους
592 4155 639 4207 τοῦ
658 4150 783 4230 Χριστοῦ.
803 4150 836 4208 Εἰ
856 4147 909 4231 γάρ
960 4144 1043 4226 dique
1064 4146 1146 4206 vellet
1163 4146 1274 4209 Judaeos
1293 4146 1419 4208 Christus
1436 4145 1578 4209 attrahere.
1597 4149 1667 4209 Nam
1685 4150 1708 4209 si

152 4228 371 4319 οῦνιίχαν,αἰδδν
383 4234 475 4305 αὐτοὺς
485 4236 566 4306 οὕτως
576 4237 672 4319 ὠφέλει
682 4243 719 4308 ὡς
730 4242 910 4300 τοῦταΤοῦτο
926 4257 945 4305 c
961 4253 1050 4298 mente
1067 4240 1227 4319 valuissent,
1251 4240 1327 4300 nihil·
1338 4239 1405 4322 ipsis
1422 4239 1534 4322 perinde
1553 4255 1634 4324 atque
1657 4242 1709 4304 hoc

152 4328 244 4411 ιλρκαὶ
263 4329 388 4408 σημείων
401 4331 514 4408 μᾶλλον,
534 4330 580 4390 καλ
590 4331 699 4391 πάντων
708 4331 798 4391 ίκανδν
816 4324 848 4404 ήν
863 4336 909 4393 αθ-
962 4333 1029 4393 utile
1052 4333 1152 4394 fuisset.
1171 4335 1230 4393 Hoc
1245 4334 1316 4394 euim
1335 4334 1397 4415 plus
1417 4355 1497 4414 quam
1512 4333 1589 4416 signa
1608 4351 1634 4396 ot
1653 4338 1710 4399 alia

152 4420 419 4506 ιαἰςάφιλιιόαασθαι·
435 4412 583 4502 ὥσπεροῦν
600 4422 673 4484 οῦδὲν
687 4419 757 4483 οθτω
766 4425 908 4484 ακανδαλί·
961 4427 1051 4486 omnia
1078 4440 1183 4508 poterat
1208 4426 1271 4486 illos
1295 4427 1430 4486 attrahere
1450 4450 1457 4484 τ
1480 4429 1708 4507 quemadmodum

153 4512 345 4582 ίιινεῖωθετοθς
358 4512 533 4595 παχυτέρους.
543 4511 621 4594 ,Ὅρα
640 4522 701 4594 γοῦν
716 4513 784 4595 μετὰ
794 4516 843 4589 τὴν
851 4519 908 4578 δια·
961 4519 1032 4578 nihil
1045 4518 1082 4578 ita
1100 4519 1167 4578 solet
1183 4517 1361 4578 crassioribus
1376 4518 1540 4579 offendiculo
1559 4542 1624 4583 esse.
1635 4523 1708 4583 Vide

154 4607 235 4687 ιποράν
252 4610 310 4666 τῶν
327 4605 487 4666 ἀποστόλων
511 4605 557 4665 καλ
577 4606 623 4666 τὸν
645 4607 715 4668 Θεὸν
735 4615 861 4669 ποιοῦντα
874 4608 908 4670 τά
962 4609 1122 4691 itaquepost
1134 4609 1329 4692 diqiursionem
1339 4610 1524 4691 apostolorum
1533 4614 1621 4672 Deum
1630 4613 1708 4675 edere

156 4709 242 4775 τιμεῖα
253 4696 436 4758 ’Emmaus
450 4697 572 4757 Ἰουδαῖοι
592 4707 647 4766 τοῖς
664 4701 837 4774 ἀποστόλοις,
853 4701 907 4763 ἐνί·
961 4703 1046 4784 signa.
1061 4703 1282 4769 Crimiuahautur
1295 4703 1384 4765 Judaei
1404 4703 1556 4784 apostolos,
1577 4707 1705 4787 conjicie-

157 4787 265 4860 ίιλαιιλς
274 4789 471 4869 δεσμωτήριον·
486 4789 579 4859 λοιπὸν
595 4793 691 4861 οΘεὸς
702 4797 905 4875 θαυματουργοὶ
961 4794 1027 4855 hant
1050 4796 1077 4854 in
1097 4815 1248 4856 carcerem:
1271 4796 1382 4857 demum
1395 4799 1470 4856 Deus
1489 4797 1617 4857 miracula
1637 4799 1704 4861 odit.

160 4882 199 4942 ίαλ
207 4888 276 4955 οὓς,
288 4882 349 4964 άρα.
364 4881 406 4944 Τὸ
419 4880 563 4960 ἐξινεγκεῖν
574 4883 627 4950 ἀπὸ
639 4889 688 4958 τῆς
700 4887 840 4966 φυλακῆς,
854 4889 904 4948 αὖ·
961 4888 998 4950 Et
1011 4889 1162 4970 quomodo,
1182 4890 1255 4952 ride.
1276 4890 1401 4950 Eduoere
1412 4911 1448 4949 ex
1462 4910 1578 4971 carcere,
1591 4894 1649 4975 ejus
1667 4895 1707 4956 si-

184 5038 290 5091 ιῐλοσιοτ
300 5041 370 5091 Pauli
381 5038 507 5094 Gamahel
525 5051 637 5095 minatus
655 5042 730 5096 tuisse
747 5045 857 5110 dicitur,
870 5061 898 5100 ut
947 5064 1033 5118 opturn
1045 5061 1084 5104 est
1096 5049 1130 5102 od
1141 5053 1299 5106 seutentiam.
1313 5051 1388 5103 Unde
1401 5053 1568 5123 inclusimus]

166 5127 223 5177 into,
232 5120 286 5185 quia
296 5118 397 5172 Judaeos
413 5122 541 5186 repressit,
560 5139 591 5172 ue
610 5122 637 5175 in
653 5122 812 5177 Christianos
826 5129 897 5179 erevi-
980 5131 1113 5196 “Quidam
1123 5135 1182 5184 us«.
1193 5133 1382 5200 οῦτοςσχολόζυν
1391 5137 1429 5187 ἀπ’
1441 5141 1517 5200 αἰκίας,
1530 5142 1610 5204 hus&
1623 5148 1645 5193 h
1655 5145 1710 5201 θόοις

168 5205 215 5250 rent,
224 5195 279 5248 dum
289 5196 377 5250 Ροιὼι,
388 5196 523 5266 plusquam
535 5216 623 5251 omnes
633 5203 733 5254 seviret
743 5205 769 5255 in
781 5203 845 5259 ilios.
946 5221 1080 5280 ἀνεχόμενος
1089 5224 1165 5283 orm
1180 5218 1212 5272 tit
1223 5216 1257 5272 ἦν·

192 5272 266 5338 ςίδρανι
280 5275 376 5329 obest·
393 5275 592 5344 n‚,ssottto‚et
609 5278 663 5334 alth
682 5279 838 5348 fortuma
857 5287 896 5338 hr-
