3728 5978
121 410 192 480 500
464 430 494 478 s.
521 429 656 479 roauuts
680 424 857 477 cuarsosr·
892 423 1048 473 sucurre.
1076 424 1342 476 cousruurruor.

120 552 260 634 purarianr
278 551 387 612 Paulos.
408 551 465 612 Ubi
487 563 526 611 est
545 552 651 612 fastus?
671 551 759 632 Igitur
779 552 867 609 Deum
920 549 1109 629 Πυύθτῧροςς
1125 549 1192 631 Ἄρα
1208 556 1255 612 τοῦ
1266 552 1339 612 Θεού
1356 551 1487 631 δεόμεθα,
1502 551 1571 612 ὥστε
1593 554 1669 622 ἀνοῖξαι

121 665 272 725 precemur,
287 658 318 703 ut
332 664 379 703 oor
388 644 491 725 aperiat
504 667 510 700 ι
522 645 597 704 Deus
613 658 704 703 autem
718 641 798 702 corda
807 660 867 720 quae
919 638 1044 720 καρδίαν·
1054 645 1069 700 θ
1080 641 1149 709 Θεθς
1161 641 1189 702 δὲ
1203 639 1303 721 ἀνοίγει
1321 643 1433 726 καρδίας
1449 642 1499 709 τθς
1513 643 1668 722 emtam·

121 735 258 796 voluerint
266 736 368 817 aperit,
377 749 405 794 at
416 748 549 795 excaecata
560 734 640 794 corda
651 733 743 796 videre
754 746 804 793 est.
814 731 869 794 Set
921 730 1037 813 ἔστιγὰρ
1051 733 1097 793 καί
1109 733 1304 815 πεπηρωμένοις
1315 736 1388 796 ίθεῑν.
1402 734 1474 795 Ἀλλ’
1487 735 1584 813 ίθωμεν
1592 735 1667 796 ema

122 828 260 909 superiora
270 829 557 908 repetamusMulier,
568 826 666 905 iuquit,
677 828 865 907 purpuraria,
920 822 955 882 τά
967 811 1103 904 εἰρημένα.
1116 825 1203 899 Γυνὴ,
1213 826 1292 906 φησὶ,
1303 827 1522 911 πορφυρόπωλις,
1531 819 1563 900 ἧς
1574 827 1667 909 θίίύριος

122 923 205 1002 cujus
219 922 365 979 Dominus
380 940 432 979 eor
449 923 576 999 aperuit,
589 931 620 977 ut
638 919 799 977 attenderet
818 920 865 988 iis,
919 914 1006 988 ἤνοιξε
1024 916 1072 989 τὴν
1094 917 1215 997 καρδίαν,
1236 917 1378 999 προσέχειν
1388 928 1444 986 τοῖς
1456 918 1666 998 temptores

122 1012 518 1092 quedicebanturaPaulo.
532 1011 644 1090 Aperire
655 1010 745 1089 itaque
756 1009 806 1068 Dei
818 1021 868 1084 est,
919 1014 966 1069 τοῦ
980 1008 1098 1070 Παύλου.
1115 1010 1156 1070 To
1178 1008 1226 1090 μέν
1245 1000 1290 1070 adr
1308 1011 1424 1085 ἀνοῖξαι,
1444 1019 1491 1072 τοῦ
1511 1013 1593 1072 Θεοῦ·
1608 1012 1665 1073 τθθί
1713 1072 1721 1083 ,

122 1104 259 1164 attendere
271 1125 335 1164 vero
352 1102 426 1162 illius
441 1125 503 1162 :res
516 1102 600 1182 igitur
617 1116 673 1162 erat
686 1116 712 1162 et
726 1100 821 1162 divina
842 1114 867 1159 et
875 1151 912 1190 m
920 1099 1072 1180 προσέχειν,
1087 1103 1184 1174 αὐτῆς·
1196 1100 1266 1163 ὥστε
1276 1101 1323 1161 καί
1339 1108 1406 1164 θεῖον
1420 1103 1467 1164 καί
1477 1101 1628 1185 ἀνθρώπιναι
1635 1095 1665 1176 ἀι

123 1197 252 1255 humana.
270 1197 344 1255 Cum
362 1208 461 1254 autem
476 1196 751 1275 baptizatusuisset,
767 1192 865 1271 inquit,
885 1191 968 1259 ΔὩς
989 1191 1018 1251 δὲ
1041 1192 1204 1267 ἐύαπτίσθη,
1229 1193 1503 1278 ρησλ,·παρακα’λεσε
1526 1194 1665 1273 λέγουσαεί

124 1289 282 1369 deprecata
306 1300 350 1346 est
370 1288 480 1358 dicens,
496 1288 527 1346 Si
547 1288 706 1369 judicastis
728 1305 782 1343 me.
795 1282 869 1345 Vide
920 1282 1061 1365 κεκρίκατέ
1086 1309 1128 1362 με.
1140 1284 1230 1365 Ὅρα,
1254 1285 1301 1346 καί
1324 1286 1500 1367 βαπτίζεται,
1519 1286 1564 1345 καί
1583 1287 1665 1367 θάχετσι

124 1393 151 1439 et
170 1379 341 1460 baptimtur,
360 1392 386 1437 et
410 1378 510 1459 recipit
527 1377 659 1459 apostolos
677 1389 737 1458 post
766 1388 868 1435 tantam
921 1375 979 1444 τοὺς
1002 1377 1164 1446 ἀποστόλους
1195 1375 1264 1457 μετά
1290 1380 1421 1452 τοσαύτης
1447 1380 1595 1463 ἱκετηρίας,
1615 1381 1665 1458 pul

124 1471 365 1552 supplicationem,
383 1470 512 1553 majorem
538 1492 620 1549 quam
643 1468 720 1527 illam
745 1467 868 1526 Abraha·
920 1467 1229 1548 πλείονοςῆθἈόραάμ.
1240 1469 1293 1531 Καί
1313 1475 1361 1532 ούκ
1379 1463 1452 1532 εἶπεν
1466 1470 1540 1532 οὐδέν
1560 1472 1618 1532 ἀλλο
1636 1496 1666 1533 τι·

125 1563 175 1621 mi.
192 1563 250 1622 Nec
270 1561 338 1621 dicit
360 1561 435 1620 aliud
457 1560 598 1636 indicium,
613 1580 697 1640 quam
715 1557 796 1633 illud,
815 1579 869 1635 quo
921 1557 1044 1639 κμήριον,
1057 1561 1117 1619 ἀλλ’
1130 1562 1231 1636 ίκεῐνο,
1247 1563 1292 1646 ἀρ’
1317 1552 1347 1622 οὗ
1368 1560 1472 1635 ἕσιύθη·
1492 1564 1541 1624 οθκ
1560 1553 1631 1638 εἶπεν,
1649 1566 1667 1622 εί

125 1667 229 1714 servata
249 1655 346 1714 iuerat.
359 1656 420 1713 Non
439 1652 521 1728 dixit,
537 1652 566 1712 Si
588 1672 730 1732 magnam,
751 1650 775 1709 si
796 1649 871 1731 pianr
922 1650 1040 1730 μεγάλην
1052 1658 1180 1731 γυναῖκα,
1195 1655 1218 1712 εί
1237 1652 1336 1726 εύλαύῆ
1355 1653 1555 1737 κεκρίκατέμε·
1567 1655 1665 1730 ettae

125 1745 266 1805 mulierem
277 1745 423 1825 judicastis
432 1743 546 1822 me3sed
558 1742 647 1823 quid?
661 1743 796 1802 Fidelem
810 1742 870 1800 Do·
922 1741 1027 1817 Πιατην
1048 1747 1087 1825 τῷ
1109 1743 1216 1826 Κυρίῳ·
1241 1749 1263 1806 τί
1285 1750 1325 1830 τῷ
1350 1747 1455 1828 Ιίυρίιμ,
1476 1749 1567 1828 πολλῷ
1588 1750 1667 1826 μᾶλλον

126 1842 215 1896 mino.
227 1839 258 1899 Si
272 1836 491 1913 Domino,multo
503 1836 590 1916 magis
601 1833 751 1911 vobis‚nisi
764 1832 870 1892 dubite-
922 1841 993 1912 ύμῖν,
1008 1838 1031 1896 εί
1043 1835 1081 1915 μὴ
1096 1838 1296 1918 ἀμριςὸηηῖτς,
1313 1839 1365 1900 Καὶ
1383 1843 1431 1900 οὐχ
1449 1830 1523 1915 εἶπε,
1533 1843 1594 1921 παρ’
1611 1840 1667 1919 ἱροί,

124 1930 168 1989 tis.
178 1931 234 1990 Nec
247 1930 330 2006 dixit,
342 1928 424 2010 Apud
441 1951 493 2006 me,
504 1929 551 1988 sed
565 1933 603 1988 ln
617 1929 704 1986 domo
719 1947 784 1985 mea
807 1947 870 1985 ma·
922 1930 993 2000 ἀλλ’,
1015 1931 1063 1997 Εἰς
1082 1928 1127 1988 τὸν
1151 1921 1221 1990 οἶκόν
1237 1954 1287 2015 μοι
1302 1929 1426 2010 μείνατε,
1446 1931 1517 1993 ὥστε
1539 1930 1627 2007 δεῖξαι,
1637 1930 1668 1992 du

126 2036 203 2094 nete,·
215 2036 246 2081 ut
264 2021 413 2083 ostenderet
428 2043 456 2080 se
468 2022 521 2081 hoe
535 2043 598 2081 cum
616 2040 714 2100 magna
732 2017 871 2078 alacritate
922 2019 990 2098 perd
1003 2024 1104 2094 πολλῆς
1117 2029 1194 2083 τοῦτο
1207 2021 1290 2084 ἐποίει
1305 2023 1463 2104 προθυμίας.
1483 2022 1585 2092 Ὀντονς
1604 2023 1668 2096 ποτὲ

124 2115 218 2176 facere.
230 2118 302 2177 Vere
311 2115 401 2175 fidelis
411 2114 516 2174 muilier.
529 2112 582 2173 Dic
592 2134 656 2174 vero
666 2111 746 2187 mihi,
756 2110 817 2191 quis
831 2123 870 2170 est
921 2112 1024 2194 ἠγυνή
1039 2113 1108 2176 Εἰπὲ
1119 2113 1151 2188 δή
1163 2137 1208 2193 μοι
1217 2161 1226 2190 ,
1236 2113 1276 2183 τίς
1289 2105 1364 2184 οὗτός
1375 2117 1445 2176 ἐστιν
1460 2115 1668 2194 θθαίμσννςθεθς

124 2206 305 2267 laicdaemou?
316 2210 399 2281 Deru,
412 2207 525 2287 inquies,
535 2207 640 2288 python
654 2228 660 2263 :
674 2205 760 2265 alooo
771 2204 810 2264 sie
823 2224 869 2265 vo·
921 2203 1002 2286 ρησί,
1018 2204 1122 2270 πύθων·
1144 2206 1198 2267 ἀπὸ
1218 2214 1264 2268 τοῦ
1278 2205 1360 2267 τόπου
1372 2207 1442 2268 otro
1461 2206 1576 2288 λέγεται
1588 2206 1670 2288 Ὁρᾷς,

124 2313 207 2360 catur.
219 2300 318 2362 Vidcn’
329 2301 410 2359 etiarn
424 2299 577 2381 Apollinem
585 2296 818 2358 essedaemouem?
832 2297 869 2356 Et
888 2310 905 2357 a
921 2297 963 2357 ότι
975 2297 1045 2357 calo
1058 2297 1192 2359 Ἀπόλλον
1214 2299 1317 2378 δαίμων
1336 2299 1410 2377 ἀσπίς
1422 2301 1477 2360 Καὶ
1495 2299 1552 2360 latei
1571 2298 1671 2360 etrum

87 2455 93 2465 ,
124 2394 187 2471 quia
200 2394 307 2454 volebat
322 2393 422 2452 illosin
434 2391 591 2452 tentationes
606 2390 724 2471 injicere,
738 2404 769 2449 ut
782 2389 869 2469 magis
921 2391 957 2459 είς
969 2389 1135 2474 πειρασμσθς
1147 2390 1242 2460 αὐτούς
1254 2391 1393 2471 έμόαλεῖν,
1409 2390 1480 2454 ὥστε
1495 2395 1592 2472 μέλλον
1604 2415 1672 2475 κτρα

124 2485 262 2562 cxcitaret‚
273 2485 308 2544 ad
320 2485 373 2544 hoc
387 2480 553 2563 loquendum
566 2482 685 2542 induxit.
920 2483 1010 2557 ξ’ῦναι,
1020 2481 1186 2566 παρώρμησε
1195 2483 1290 2564 λέγειν.

165 2578 237 2637 θλθ
264 2575 383 2651 sceleste,
402 2589 428 2636 et
448 2572 649 2636 scelestissime!
662 2573 693 2633 Si
716 2592 780 2653 crgo
798 2572 868 2632 nosti
935 2564 1001 2640 ,Ὠ
1028 2573 1107 2658 μιαρέ
1130 2575 1176 2635 καὶ
1199 2575 1364 2658 παμμίαρε·
1390 2579 1414 2637 εί
1438 2574 1527 2637 τοίνυν
1547 2566 1629 2653 οἶδας,
1642 2574 1675 2637 ότι

124 2669 187 2729 illos
204 2668 279 2729 viam
292 2667 387 2726 salutis
400 2667 571 2743 annuntiare,
590 2687 639 2725 cur
661 2686 713 2724 non
733 2664 869 2745 egrederis
920 2668 980 2728 όθθν
995 2666 1126 2752 σωτηρίας
1136 2668 1398 2750 incantatores(
1412 2669 1450 2749 μὴ
1462 2667 1596 2740 έξίστασαι
1607 2668 1674 2743 ierim

40 2838 43 2844 Ι
125 2761 244 2821 lubens?
261 2759 316 2820 Sed
335 2758 455 2840 idipsum
469 2757 544 2837 qtrod
561 2757 655 2818 Simon
668 2757 789 2836 volebat,
806 2778 869 2817 cum
921 2759 992 2825 Ἀλλ’
1006 2759 1071 2844 όπερ
1084 2760 1177 2840 Σίμονν
1204 2761 1326 2822 etatum
1338 2762 1441 2842 λέγων·
1461 2761 1530 2823 Δότε
1543 2748 1676 2842 μοι,ίναᾷ

1 2875 27 2910 ιι.
39 2865 62 2914 θ.
78 2876 106 2926 ¹9
126 2855 242 2933 diceret,
254 2856 336 2914 Date
348 2855 432 2925 mihi,
454 2864 486 2910 ut
505 2854 554 2911 cui
574 2854 736 2932 imposuero
751 2872 866 2925 manus,
921 2851 966 2913 ttv
981 2855 1063 2912 ἰπιθῶ
1076 2852 1124 2920 τὰς
1136 2862 1228 2935 χεῖρας
1234 2898 1243 2929 ,
1256 2852 1382 2935 λαμόάνη
1392 2855 1506 2932 Πνεῦμα
1516 2855 1603 2936 ύγιον·
1614 2858 1677 2913 utu

125 2954 252 3030 accipiat
268 2950 408 3028 Spiritum
425 2958 560 3004 sanetum
575 2944 647 3003 :hoe
669 2957 695 3003 et
718 2944 767 3004 iste
788 2945 870 3004 facie·
921 2942 966 3002 καὶ
989 2935 1064 3012 ούτος
1086 2943 1185 3004 ἐποίει·
1209 2943 1305 3019 ἐπειδὴ
1323 2935 1390 3007 τίθεν
1411 2945 1624 3024 εὖθοκιμῶπας,
1639 2938 1676 3002 καί

125 3041 172 3100 bat
186 3065 194 3098 ι
207 3039 271 3119 quia
280 3038 391 3099 videbat
405 3037 466 3096 illos
480 3035 620 3111 celebrari,
632 3036 670 3094 ita
682 3035 802 3113 simulat,
819 3036 870 3095 hac
921 3027 992 3095 *dte
1005 3036 1192 3119 ὑποκρίνεται,
1204 3035 1290 3118 ταύτη
1300 3037 1495 3117 προσεδόκησεν
1512 3034 1603 3097 ἑαυτὸν
1616 3032 1678 3115 ἀφθ-

126 3133 229 3192 ratione
245 3151 355 3213 sperans
370 3151 398 3189 se
414 3128 621 3207 relinquendum
635 3150 692 3187 esse
707 3128 869 3209 incorpore,
922 3133 984 3189 σθαι
1006 3129 1034 3188 ἰν
1056 3132 1095 3210 τῷ
1115 3127 1239 3208 σώματι,
1262 3131 1286 3190 al
1309 3127 1345 3189 τά
1368 3127 1438 3190 αύτά
1461 3128 1604 3213 κηρύξειεν.
1616 3122 1678 3188 Elii

1 3250 48 3295 ret.
92 3282 98 3295 ,
126 3225 149 3284 si
162 3224 255 3284 cadem
270 3221 437 3304 predicaret.
446 3220 477 3280 Si
487 3241 552 3280 vero
566 3219 641 3301 apud
653 3220 790 3279 hominem
801 3223 870 3279 Nou
921 3220 995 3300 παρθι
1009 3219 1146 3303 ἀνθρώπου
1159 3212 1678 3306 Ούχόνραῐοςθαῖνοςένστύματιάμαρ·

127 3331 170 3378 est
182 3320 311 3398 specioso
327 3317 393 3374 iaus
410 3317 442 3373 in
461 3333 511 3372 ore
521 3316 693 3393 peccatoris,
707 3312 793 3371 multo
811 3335 869 3372 ma·
886 3322 904 3371 c
921 3315 1019 3386 τονλού,
1030 3315 1120 3394 πολλῷ
1132 3315 1231 3393 μᾶλλον
1241 3313 1316 3397 παρὰ
1326 3314 1465 3394 δαίμονος·
1476 3317 1500 3375 εἰ
1510 3310 1678 3400 παρθάνθρέε

27 3439 31 3444 ·
93 3466 97 3473 ,
127 3410 169 3491 gis
186 3408 260 3491 apud
283 3408 430 3468 dieruonem
446 3430 453 3463 ι
472 3405 494 3466 si
518 3405 554 3463 ab
576 3404 732 3464 hominibus
750 3404 869 3464 testimo·
921 3429 979 3464 πων
993 3402 1679 3488 τὴνμαρπιρίανούλαμόάνειθλίριστθς,ὠδίκπρθ

127 3504 202 3562 nium
216 3523 269 3562 nou
281 3500 380 3582 accipit
394 3499 529 3571 Christus,
552 3518 600 3556 nee
617 3519 633 3556 a
649 3499 768 3573 Joanue;
783 3497 870 3558 multo
922 3497 1058 3570 Ἰωάννου,
1073 3500 1163 3579 πολλῷ
1178 3500 1279 3576 μᾶλλον
1292 3499 1366 3582 παρέ
1378 3499 1511 3579 δαίμονος.
1529 3500 1570 3561 Τὸ
1581 3499 1679 3581 γάρκη·

127 3596 216 3667 minus
231 3618 246 3655 a
262 3595 392 3654 damone.
406 3590 558 3650 Praedicare
572 3589 645 3649 euim
661 3610 714 3647 uon
728 3603 767 3648 est
779 3589 870 3649 homi-
923 3590 1023 3672 ρύττειν
1038 3593 1086 3650 σύκ
1099 3590 1256 3674 ἀνθρώπων,
1270 3593 1339 3653 ἀλλά
1349 3592 1507 3672 Πνεύματος
1521 3589 1680 3673 ἀγίυι.’ί·ἰτεί

126 3711 203 3767 uum,
216 3688 264 3748 sed
276 3687 394 3768 Spiritus
416 3684 511 3744 sancti.
526 3683 598 3755 Quia
618 3681 702 3762 igitur
714 3695 870 3761 arroganter
921 3674 964 3743 odi
976 3686 1135 3755 ἀλαζονικῶς
1146 3682 1250 3745 ἐποίουν
1265 3688 1386 3764 βοῶντες,
1397 3689 1430 3765 τῇ
1442 3691 1548 3767 κραυγῇ·
1557 3682 1678 3757 κατακλί-

125 3781 259 3841 saciebaut
275 3780 428 3853 clamantes,
441 3775 557 3837 clamore
574 3796 602 3834 se
622 3787 760 3855 stuporem
773 3773 868 3833 allatu·
922 3776 1118 3856 Εεινάνόμισαν,
1133 3776 1267 3858 λέγοντες·
1282 3768 1400 3839 oleru
1415 3778 1551 3860 ἄνθρωποι
1567 3776 1678 3859 ἀκταρόε·
1719 3828 1721 3837 .

125 3896 168 3934 ros
179 3873 332 3954 sperabant,
343 3870 462 3929 diceutes
478 3892 484 3925 :
498 3871 540 3926 Hi
547 3869 679 3926 homines
692 3870 870 3927 conturbarat
922 3872 1098 3946 συυσινὴμῶν
1113 3867 1505 3952 τλνπόλιν.Τίλέγεις;πείθρ
1519 3870 1677 3953 τῷδαίμσνις
1712 3926 1718 3955 γ

124 3970 273 4026 ciuitatem
287 3977 427 4024 nostrum.
441 3961 518 4034 Quid
531 3960 619 4020 dicis?
633 3958 754 4020 credisne
768 3959 868 4021 demo-
922 3961 966 4022 διὰ
984 3960 1011 4020 τί
1031 3961 1091 4041 οὐχὶ
1111 3961 1157 4020 καί
1169 3964 1295 4035 ἐνταῦθα,
1309 3961 1427 4031 Ἐκεῖνος
1439 3962 1530 4040 λέγει,
1544 3963 1585 4025 ότι
1597 3963 1676 4023 όσῖλκ
1708 4016 1721 4051 g

75 4105 77 4108 -
125 4060 174 4118 ni?
188 4080 236 4118 cur
254 4079 306 4117 uon
328 4057 374 4115 hie
393 4055 475 4114 etiarn
491 4052 599 4113 credis?
618 4052 669 4111 Ille
692 4051 772 4129 dicit,
786 4052 869 4113 Servi
920 4060 968 4113 τοῦ
983 4056 1053 4115 Θεοῦ
1069 4058 1115 4112 τοῦ
1129 4053 1255 4134 ὑψίστου·
1275 4051 1307 4114 σύ
1321 4052 1421 4134 λέγεις,
1435 4053 1477 4115 ύτι
1491 4054 1674 4138 ’fixum
1703 4108 1721 4137 :-

126 4154 184 4210 Dei
197 4151 357 4217 ultissimi;
371 4161 401 4206 tu
418 4145 700 4219 dicis,Couturbant
719 4147 868 4204 ciuitatem
922 4170 962 4206 σιν
979 4149 1056 4224 ἡμῶν
1075 4145 1124 4219 τὴν
1138 4147 1232 4207 πόλιν·
1256 4149 1353 4216 ἐκεῖνος
1376 4147 1464 4227 λέγει,
1479 4148 1522 4207 ότι
1540 4144 1672 4227 Καταγγέί·
1702 4206 1721 4220 ,

127 4254 256 4300 nostram
266 4263 275 4294 .·
287 4237 413 4313 illedicit,
426 4237 622 4297 Annuntiunt
633 4237 810 4294 nohisoiam
821 4256 868 4295 sa·
885 4249 905 4296 D
921 4241 1010 4300 λουσιν
1019 4245 1083 4318 ἡμῖν
1094 4239 1153 4300 ὁδὸν
1169 4237 1317 4313 σωτηρίας·
1331 4238 1364 4299 σύ
1379 4239 1475 4319 λέγεις,
1495 4237 1671 4322 Παραδιθόασιν
1700 4226 1721 4333 ζ

126 4334 257 4400 lutis;tu
267 4350 331 4389 uero
343 4327 424 4404 dicis,
438 4326 571 4386 Tradunt
584 4327 666 4384 uobis
680 4346 783 4398 mores,
795 4347 867 4407 quos
920 4337 986 4411 ἡμῖν
999 4329 1091 4405 έθη,ἀ
1107 4334 1155 4390 ota
1166 4330 1250 4399 ἔξεστι
1269 4330 1479 4413 παραδέχεσθαι.
1491 4332 1568 4415 Ὅρα
1584 4328 1670 4407 uillae
1699 4389 1721 4419 a.

126 4448 186 4486 nou
197 4428 264 4485 lieet
274 4427 427 4504 suscipere.
441 4419 514 4482 Vide
526 4418 588 4478 illos
600 4439 685 4496 noque
694 4417 811 4478 daemoni
820 4442 868 4479 au·
921 4422 1026 4501 δαίμονι
1043 4421 1135 4488 αύτούς
1150 4420 1343 4502 προσέχοντας,
1357 4422 1427 4483 ἀλλά
1443 4422 1510 4507 πρὸς
1523 4425 1551 4484 ἓν
1563 4425 1670 4505 ὀρύττει.
1700 4455 1721 4521 ξ

124 4543 167 4581 res
192 4517 348 4601 prebentes,
373 4514 419 4574 sed
440 4533 522 4571 unam
541 4524 690 4591 spectantes
713 4511 865 4571 avaritiam.
919 4515 969 4589 την
984 4512 1167 4597 ριλαργυρίαν.
1181 4511 1478 4587 Είλκυσάντεαύτούς,
1492 4507 1671 4596 parturierit
1701 4568 1709 4589 γ

128 4617 304 4683 Traxerunt,
317 4607 414 4687 inquit,
426 4607 515 4665 eosiu
529 4605 631 4684 sorum
644 4605 686 4661 ad
695 4607 864 4684 principes:
921 4607 1018 4691 ἀγορὰν
1032 4607 1077 4666 tut
1099 4604 1158 4672 τούς
1181 4603 1388 4686 ἄρχονταςκαὶ
1410 4605 1559 4679 συνεπέστη
1580 4610 1593 4665 θ
1612 4604 1672 4684 ίχλιι

125 4723 153 4768 et
174 4709 301 4768 cucurrit
317 4703 399 4784 plebs
418 4700 558 4759 adversus
571 4717 628 4756 eos.
640 4696 714 4757 Vide
733 4697 795 4757 illos
813 4719 866 4758 nou
920 4701 980 4760 κατ’
1003 4701 1097 4758 αὐτῶν.
1112 4696 1184 4777 Ὅρα
1208 4695 1301 4764 αὐτοὺς
1320 4699 1368 4755 σύκ
1388 4696 1609 4779 ἀποκρινομένους
1628 4690 1672 4756 atu

125 4801 284 4885 respondere
297 4818 346 4857 nec
363 4816 419 4854 sese
440 4811 571 4874 pungne,
587 4804 617 4849 ut
638 4790 738 4871 majore
754 4791 807 4851 sint
824 4792 867 4852 di·
921 4789 1163 4872 ἀπολογουμένους,
1177 4787 1220 4848 ίνα
1240 4788 1356 4867 μείζονος
1369 4788 1436 4858 σίξισι
1451 4790 1585 4868 θαύματος
1594 4789 1674 4870 γε’νινν
1714 4776 1721 4806 ³

20 4929 62 4954 aar.
79 4923 111 4954 ιε
126 4898 170 4977 gni
193 4892 377 4955 admiratione.
392 4889 462 4948 Nam
476 4884 523 4959 ait,
548 4886 621 4944 Cum
639 4885 783 4965 infirmor,
798 4899 867 4946 tuuc
920 4909 973 4945 ται.
987 4882 1075 4943 Ὅταν
1096 4882 1158 4963 γὰρ,
1181 4880 1270 4962 φησίν,
1285 4882 1404 4953 ἀσθενῶ,
1423 4880 1485 4940 τότε
1508 4882 1613 4950 δυνατός
1626 4883 1676 4958 εἰμι.
1711 4862 1721 4900 s,

9 4987 45 5014 ·‘·
125 5003 225 5068 μυίσκαι
238 5010 311 5048 satra.
326 4983 443 5066 Sufficit
457 4983 510 5039 riti
517 4983 615 5060 gratia
626 5000 712 5049 πασας
726 5001 794 5040 narrt
806 4985 866 5040 vir·
922 4979 1008 5059 Ἀρκεῖ
1023 4973 1179 5056 corripiat<
1201 4995 1267 5050 μου·
1282 4977 1299 5045 ἡ
1317 4972 1368 5055 γὰρ
1385 4974 1495 5052 δύναμίς
1510 4999 1562 5054 μου
1576 4977 1601 5037 όν
1615 4978 1680 5035 iodr-
1719 4967 1721 4978 ¹

160 5209 169 5231 ¹¹
188 5198 224 5243 ναὶ
236 5194 283 5242 eiii
295 5195 447 5258 usurpa-urar,
463 5188 496 5236 sic
510 5203 571 5236 rinus
583 5184 677 5236 Coelen.
