3728 5978
445 442 480 487 ru
504 439 590 487 acra
619 435 874 486 arosrononuu.
904 431 1021 482 nomn.
1050 429 1197 480 xxxvur.
1541 398 1611 475 525
1730 416 1732 420 ’

44 593 111 648 μενα
134 566 313 648 λογίζεσθαι’
303 565 355 624 υπὸ
376 568 422 623 τοῦ
444 566 514 624 Θεοῦ
536 585 652 623 τοσαυτα
670 560 748 634 όντα,
769 559 819 621 ὅσα
871 559 966 618 Postea
980 575 1062 636 quam
1076 553 1128 614 Dei
1143 550 1274 615 henclmia
1296 534 1475 612 communiter
1493 549 1571 611 nobis
1586 563 1613 609 ct

42 659 104 721 οὐδὲ
118 662 240 771 ἀριθμεῖν
263 680 302 724 τις
324 654 450 729 δύναται,
464 653 510 715 καί
523 653 591 734 ὑπὲρ
610 653 709 712 τούτων
732 650 821 711 ἁπάν-
869 652 931 713 alus
943 651 1006 712 data
1014 649 1222 755 reputavimus,
1238 670 1298 728 qrrae
1312 661 1351 708 tot
1365 661 1494 726 tantaque
1506 659 1568 706 sunt
1584 661 1614 707 ut

44 776 98 811 πων
113 750 225 832 χάριτας
238 747 377 808 είδίναι’
349 751 435 828 αυτῷ,
448 769 495 807 και
484 745 542 806 τὸ
563 745 667 860 ἑκάστῳ
686 746 764 823 ἡμῶν
774 767 820 824 γε·
870 742 1022 804 enumerari
1032 740 1220 823 nonpossint,
1234 736 1614 823 etproiisumuibusgratias

44 842 179 923 γενημίνα
191 806 435 919 ίννοῶμτνπάντάς,
442 838 488 898 καί
502 837 685 908 audiaantur
695 836 820 912 ἀναλογι
870 835 1122 918 ipsiegimusrquae
1132 831 1246 913 singulis
1256 846 1380 893 nostrum
1390 830 1503 892 contulit
1512 829 1613 911 cogite

46 934 154 1012 ζώμεθα
177 931 226 1005 τλν
250 931 365 1015 ἡμέραν.
382 930 494 1003 Ἐπειδὴ
517 929 601 990 τοίνυν
623 927 741 1008 μεγάλην
765 926 822 1007 lyei
872 950 933 990 mus
958 949 1064 1004 omnes,
1084 941 1111 987 et
1127 925 1277 1006 quotidie'
1268 946 1297 985 m
1315 939 1433 987 mentem
1448 945 1614 986 revocemus.

46 1026 95 1100 τλν
111 1025 188 1108 ίοχὸν
207 1033 307 1100 ταῦτα,
321 1024 432 1094 ίκαστος
448 1029 525 1104 ἡμῶν
543 1025 667 1104 ἀναλογιζ
652 1023 736 1092 teron
758 1024 822 1103 παρ’
872 1021 1029 1096 Quoniam
1021 1019 1176 1101 igiturbaec
1190 1038 1319 1099 magnam
1328 1017 1386 1080 vim
1400 1016 1510 1092 babent,
1528 1037 1616 1077 unus-

46 1121 150 1198 ιαυτιῖι,
161 1117 207 1177 καλ
225 1117 295 1196 μετὰ
309 1116 445 1196 ἀκριόείας
459 1116 636 1196 οινιριυνείτοι,
658 1113 684 1175 εί
699 1137 765 1175 ποτε
787 1117 823 1182 τις
873 1114 988 1195 quisque
1001 1127 1125 1174 nostrum
1143 1114 1234 1172 seeum
1252 1124 1376 1192 reputet,
1396 1125 1424 1171 et
1435 1125 1560 1171 accurate
1572 1131 1618 1171 ex·

48 1211 183 1278 κινδύνους
196 1207 338 1294 προπεσὼν
349 1207 456 1289 διίρυγε
465 1207 512 1275 τὸς
524 1212 576 1266 τῶν
587 1205 710 1266 ἐναντίων
722 1213 823 1286 χεῖρας,
837 1212 857 1261 ι)
872 1208 972 1289 ploret,
992 1226 1057 1265 num
1075 1203 1222 1284 aliquando
1236 1202 1265 1263 in
1280 1202 1432 1284 periculum
1448 1203 1553 1286 lapsus,
1566 1201 1618 1263 ini-

48 1305 96 1361 και
115 1300 235 1381 καθάπερ
257 1301 284 1359 ἐν
306 1299 390 1380 stop
408 1299 455 1368 τὸς
476 1297 626 1380 εὐεργεσίας
641 1298 825 1379 άναγροίπτους
874 1299 1007 1359 micorum
1026 1317 1122 1356 manus
1144 1295 1279 1376 effugerit,
1303 1309 1330 1354 et
1349 1295 1426 1375 quasi
1442 1294 1470 1355 in
1480 1294 1552 1355 libro
1568 1295 1620 1355 Dei

49 1391 137 1473 ἐχέτω
150 1397 197 1451 τοῦ
214 1392 303 1449 Θεοῦ·
318 1381 384 1462 οἷον,
398 1388 423 1448 εἴ
436 1412 501 1448 ποτε
522 1386 632 1455 ίίελθιὸν
647 1388 684 1453 τίς
700 1384 758 1446 ὁδὸν
774 1388 825 1444 ιἰοι·
876 1389 1006 1450 beneficia
1023 1387 1157 1469 descripta
1176 1387 1275 1446 habeat
1289 1409 1295 1444 :
1310 1387 1429 1468 exempli
1444 1406 1535 1468 causa,
1554 1409 1621 1449 num

53 1485 115 1566 ρίρ,
137 1483 243 1564 διέφυγε
256 1482 393 1542 κίνδυνον·
414 1482 440 1540 εί
457 1503 522 1540 ποτε
540 1486 664 1559 πονηροῖς
682 1476 828 1558 ἀνθρώποις
877 1485 1023 1565 aliquando
1037 1498 1099 1544 ante
1111 1484 1199 1544 lucem
1216 1482 1289 1544 viam
1306 1498 1455 1564 capessens,
1469 1484 1622 1566 periculum

50 1573 209 1691 συμόογλὼν,
223 1573 353 1654 ἀναίσιμος
364 1574 449 1632 αὐτῶν
458 1571 572 1652 γε’γονιν·
588 1570 612 1630 εί
624 1593 689 1631 ποτε
702 1568 772 1649 νότῳ
780 1593 829 1630 πε·
878 1575 1021 1659 effugerit,
1014 1599 1021 1614 ·
1031 1596 1096 1635 num
1105 1596 1167 1634 curn
1177 1574 1277 1654 iniquis
1288 1594 1445 1654 congressus
1456 1575 1623 1651 hominibus,

54 1666 180 1751 ριπεσιὸν,
194 1665 301 1725 πάντων
319 1663 510 1744 ἀπεγνωκότων
533 1662 673 1742 ἃνόνεγιιε’
693 1661 765 1741 μίγα
776 1660 830 1743 td?
880 1669 1003 1751 superior
1019 1667 1150 1743 evaserit3
1165 1685 1231 1726 num
1248 1665 1277 1725 itt
1296 1665 1422 1724 morbum
1444 1664 1553 1748 lapsus,
1576 1666 1625 1728 de·

53 1767 132 1821 τῶτο
145 1759 254 1819 δύναται
269 1757 375 1838 πρδςτὸ
389 1759 713 1838 οἰκειοῦνήμᾶςτῷθεῷ.
728 1758 763 1816 El
778 1754 831 1837 γὸρ
881 1760 1050 1843 sperantibus
1065 1712 1202 1835 omnibus,
1218 1755 1405 1816 convaluerit·
1417 1756 1535 1818 multum
1553 1758 1626 1820 enim

55 1852 271 1931 δὴΜαρδοχαῖος
282 1853 379 1916 ἐκεῖνος
393 1848 485 1909 τὸτ’
440 1874 476 1910 υπ
500 1853 579 1908 αὐτοῦ
592 1848 754 1929 γεγενημένα
767 1851 831 1927 ἀγα·
880 1853 933 1912 boc
949 1851 1022 1913 valet
1035 1849 1072 1909 ad
1083 1851 1175 1909 Deum
1187 1847 1265 1908 nobis
1284 1847 1434 1930 propitium
1448 1840 1625 1910 reddendum.

56 1943 91 2005 θὸ
112 1944 177 2025 ἔργα
200 1947 237 2011 τίς
252 1941 362 2020 μνήμην
387 1940 447 2001 ἔλθ’
418 1947 496 2001 θοντο
518 1946 564 2000 τοῦ
586 1941 731 2020 βασιλέως,
751 1938 832 2007 οίιτοις
882 1947 954 2007 Nam
965 1966 988 2006 ιι
981 1943 1186 2005 Mardochaeus
1196 1941 1253 2017 ille
1266 1941 1315 2001 ubi
1326 1962 1411 2001 rexrn
1423 1955 1539 2001 mentem
1550 1962 1628 2003 revo-

57 2036 120 2118 lqs
142 2035 341 2118 προιστάμενα,
358 2036 394 2101 ὡς
413 2032 494 2093 πάλιν
517 2032 561 2093 ίπι
582 2031 632 2104 clu
655 2031 832 2112 λαμπρότητα
847 2080 851 2085 »
883 2036 1093 2099 cavrtbenesrcra
1101 2036 1149 2096 uta
1164 2034 1271 2117 abipso
1284 2033 1337 2094 sibi
1354 2034 1485 2115 praestita,
1500 2032 1537 2094 ita
1554 2055 1633 2106 acce·¹

57 2129 162 2202 ίκείνην
188 2131 288 2188 ἐλθεῖν·
316 2129 407 2207 πολλῷ
423 2129 524 2204 μᾶλλον
549 2131 627 2202 ἡμεῖς
653 2125 685 2185 ἂν
708 2128 833 2203 ἀναμνη-
885 2125 1629 2213 ptusillifuit,utadillumgloriaesplendoremreniret3

58 2227 165 2301 σθῶμεν
190 2220 235 2280 καί
257 2219 303 2279 δύο
326 2219 425 2279 τούτων
442 2217 540 2300 άκριόῆ
555 2216 728 2295 ποιησώμεθα
743 2214 835 2285 ίξέτα·
886 2222 973 2284 multo
986 2221 1072 2302 magis
1085 2241 1149 2295 nos,
1163 2219 1187 2280 si
1201 2240 1331 2298 memores
1344 2219 1484 2296 fuerimus,
1498 2233 1524 2280 et
1537 2220 1562 2281 si
1573 2220 1631 2282 du'u

59 2339 102 2376 σιν
124 2318 177 2373 τῶν
200 2313 376 2393 πραγμάτων,
395 2309 422 2369 τί
447 2311 495 2388 μὲν
516 2310 671 2390 θμοίρτομτι
693 2312 771 2391 ἡμεῖς
799 2310 836 2375 εἰς
851 2313 870 2362 Β
888 2316 935 2376 illa
945 2314 1090 2395 diligenter
1099 2313 1281 2395 exploremus,
1293 2311 1361 2393 quid
1370 2332 1419 2372 nos
1432 2314 1632 2395 peccaverimus

59 2408 141 2476 Θεὸν,
160 2405 236 2464 τίδὲ
256 2404 333 2470 αὐτὸς
359 2405 395 2469 εἷς
415 2405 487 2480 ἡμᾶς
509 2401 606 2480 ἀγαθὸν
631 2399 782 2480 ῑίργτοτοι·
795 2397 837 2459 ολ·
890 2409 1017 2469 inDeum
1019 2404 1635 2486 ,etquoenobisillebeneiiciacontulrrit:sic

61 2524 101 2559 τω
114 2497 161 2558 καί
180 2495 474 2577 εὐχάριστοιέσόμεθα,
484 2493 529 2553 καὶ
545 2492 634 2552 πάντα
652 2491 836 2610 προησόμεθα.
888 2515 916 2562 ηι
931 2521 980 2562 nos
999 2500 1069 2581 grati
1087 2499 1201 2578 erimus,
1221 2512 1247 2559 et
1267 2499 1358 2559 omnia
1378 2500 1557 2562 effundamus.
1581 2502 1636 2563 sed

62 2590 134 2652 Ἀλλ’
157 2589 239 2654 οὐδεὶς
260 2587 361 2647 τούτων
385 2585 485 2655 obieris
499 2597 614 2647 ποιτῖτοι
639 2585 763 2665 μνήμην
778 2586 838 2643 ἀλλ
891 2615 969 2655 nemo
982 2592 1040 2653 haec
1055 2612 1145 2651 secum
1151 2603 1281 2673 rep3utat
1295 2611 1388 2651 verum
1400 2607 1469 2652 sicut
1477 2591 1512 2653 de
1522 2594 1637 2676 peccatis
1682 2659 1685 2664 ,

62 2683 156 2762 ωσπερ
174 2680 237 2761 περὶ
260 2678 461 2761 ἁμαρτημάτων
487 2678 608 2758 λέγομεν,
625 2676 667 2738 δτι
687 2675 840 2758 ἁμαρτωλοί
892 2687 1040 2791 lnquimur,
1049 2683 1166 2743 dicentes
1177 2703 1225 2743 nos
1235 2703 1365 2763 peccasse
1374 2683 1448 2744 nulla
1456 2685 1527 2746 iacta
1536 2707 1637 2769 speria

63 2780 156 2855 ἐσμεν,
164 2777 195 2833 ου
205 2797 295 2833 κατ
259 2763 348 2839 ἐἶδος
362 2772 429 2831 αιἰτλ
450 2771 623 2845 ἐξετάζοντες,
636 2768 703 2831 οὗτοι
716 2769 763 2829 καλ
780 2768 841 2849 πτολ
893 2777 943 2838 tim
955 2774 1300 2860 peccatorumrecensione.
1312 2787 1387 2834 sicet
1397 2775 1638 2840 debeneiicusDei

63 2872 118 2927 τῶν
132 2869 288 2946 εὐεργεσιων
302 2889 348 2925 του
359 2866 446 2936 Osco,
458 2864 497 2924 ότι
512 2887 684 2944 ευηργεπησεν
698 2867 784 2941 ἡμᾶς,
794 2861 842 2922 M-
894 2870 1047 2950 loquentes,
1062 2860 1178 2926 dicimus
1192 2867 1279 2926 Deum
1293 2886 1342 2925 nos
1356 2866 1487 2928 beneficio
1500 2870 1637 2951 affecisse,

64 2982 168 3040 γοντες,
184 2962 198 3017 θ
214 2957 297 3028 Θεὸς,
312 2957 340 3015 οὗ
353 2958 441 3015 κατ
416 3034 419 3039 ¹
429 2946 495 3023 εἶδος
506 2957 573 3016 αὐτὸ
582 2955 781 3034 ἕὶετόζομεν,’
755 2976 785 3012 ον
797 2951 844 3012 M·
896 2982 945 3022 nec
954 2958 1093 3044 speciatim
1101 2957 1232 3019 benelicra
1239 2957 1428 3039 exploramus:
1441 2961 1640 3041 condicimus,

64 3057 221 3134 γομεν,πο’ὔ
241 3047 287 3108 καί
300 3048 371 3109 πόσα
391 3047 437 3107 καλ
451 3053 479 3108 ἐν
499 3047 568 3131 ποίιμ
591 3052 687 3129 καιρῷ.
708 3045 779 3107 Ἀλλ’
792 3045 845 3106 ἀπὸ
896 3052 961 3131 ubi,
978 3065 1098 3133 quanta,
1112 3072 1167 3130 quo
1186 3064 1314 3132 tempore.
1335 3050 1391 3112 Sed
1409 3052 1509 3114 abhinc
1526 3056 1640 3116 multam

65 3150 115 3203 soii
138 3149 183 3203 νῦν
204 3140 306 3214 πολλὴν
320 3140 495 3220 ποιησώμεθα
516 3140 564 3213 τὴν
579 3140 726 3222 ἀκρίὸειαν.
740 3141 775 3200 Ei
797 3137 845 3218 μὲν
898 3144 1077 3206 adhibeamus
1086 3142 1264 3223 diligentiam.
1274 3143 1343 3202 Nam
1359 3142 1382 3202 si
1391 3144 1453 3224 quis
1462 3146 1544 3206 etiam
1553 3148 1643 3209 vetera

66 3233 120 3316 γάρ
133 3260 174 3305 τις
188 3236 233 3295 καί
246 3233 281 3295 τὸ
291 3235 377 3295 πάλαι
392 3236 534 3295 ἀναλαάεῐν
547 3233 670 3306 δύναται,
683 3232 771 3294 πάντα
783 3237 891 3316 oisc-2„
900 3253 1018 3321 repetere
1025 3249 1122 3320 potest,
1132 3235 1223 3296 omnia
1231 3250 1354 3296 accurate
1361 3236 1388 3296 in
1401 3250 1516 3299 mentem
1525 3255 1643 3316 revocet,

69 3328 215 3408 λογιζέσθω
236 3328 371 3409 σἰκριὸῶς,
397 3332 433 3396 ὡς
456 3328 539 3408 μέγαν
562 3327 679 3408 εὑρήσων
708 3325 847 3408 θησαυρόν.
863 3331 884 3379 Α
899 3332 976 3414 quasi
995 3350 1125 3411 magnum
1137 3341 1293 3410 reperturus
1307 3329 1472 3391 thesaurum.
1490 3331 1550 3393 Ηοσ
1561 3334 1644 3394 etiam

69 3425 159 3483 Τοῦτο
173 3420 296 3503 καὶπρὸς
311 3421 341 3480 τὸ
362 3420 400 3498 μὴ
414 3419 605 3499 ἀπογινώσκειν
624 3420 756 3502 χρήσιμον
774 3425 849 3498 ἡμῖν.
900 3425 979 3485 nobis
993 3423 1060 3483 ncib
1072 3435 1121 3501 ast,
1138 3434 1168 3480 υι
1183 3441 1234 3480 non
1246 3419 1427 3502 desperemus.
1443 3424 1513 3484 Nam
1527 3446 1589 3486 cum
1603 3427 1645 3488 vi-

71 3513 160 3573 Ὄταν
171 3512 224 3594 rip
238 3513 345 3592 ἴδωμεν,
356 3511 397 3571 ότι
414 3511 532 3592 προέστη
551 3511 681 3578 πολλάκις
700 3514 788 3590 ἡμῶν,
804 3511 851 3570 οὗκ
902 3517 1023 3578 decimus
1041 3515 1131 3597 ipsum
1141 3533 1212 3594 saepe
1224 3512 1302 3572 nobis
1315 3514 1511 3593 patrocinatum
1519 3539 1585 3591 esse,
1593 3521 1647 3580 no'n

72 3604 285 3684 αἰπογνωσόμεθα
318 3603 376 3664 οὐδὲ
403 3602 559 3682 ἡγησόμεθα
589 3605 763 3684 ἅπεῤῥῑφθαι’
791 3604 849 3661 ἀλλ’
902 3607 1105 3690 desperabimus
1119 3627 1168 3666 nec
1178 3605 1333 3686 putabimus
1352 3626 1400 3666 nos
1413 3606 1531 3688 abjectos
1543 3611 1646 3691 luisse,

74 3698 198 3778 ἐνέχυρον
211 3700 291 3756 αὐτοῦ
303 3694 372 3775 μέγα
385 3694 525 3775 ληψόμεθα
540 3697 589 3766 τῆς
605 3696 668 3776 περὶ
676 3699 753 3774 ἡμῶν
772 3696 852 3766 κηδε·
905 3701 953 3762 sed
975 3719 1105 3780 magnum
1126 3696 1290 3777 accipiemus
1313 3696 1413 3778 pignus
1435 3699 1493 3781 ejus
1513 3721 1577 3782 erga
1601 3724 1649 3764 nos

75 3790 183 3868 μανίας,
197 3788 260 3849 όταν
275 3785 506 3866 ἐννοησωμεν,ότι
520 3786 683 3869 ἁμαρτόντες
701 3791 731 3848 ὠ
745 3785 853 3856 κολαζό-
905 3792 1095 3877 providentiae,
1124 3806 1186 3850 cum
1213 3789 1419 3870 cogitaverimus
1440 3811 1489 3852 nos
1512 3807 1651 3876 peccantes

80 3886 168 3960 μεθα,
185 3880 255 3939 ἀλλὰ
268 3878 315 3940 καί
328 3878 492 3960 προστασίας
506 3879 684 3956 ἀπολαύομεν.
908 3908 960 3947 non
972 3883 1075 3967 puniri,
1087 3883 1134 3942 sed
1143 3882 1201 3963 ejus
1212 3880 1359 3962 patrocinio
1371 3881 1435 3941 frui.

124 3980 248 4092 Ἑρίπυιδή
274 4004 300 4039 τι
319 3978 409 4059 κάγὼ,
423 3978 489 4062 ὅπερ
504 3980 608 4052 ἀκήκοα
621 3979 704 4097 παρά
715 4002 793 4046 τινος.
807 3978 857 4039 Γί-
951 3979 978 4038 5.
994 3976 1091 4036 Dicam
1102 3994 1153 4054 ego
1165 3972 1282 4052 aliquid
1296 3971 1532 4057 quodaquopiam
1545 3977 1650 4039 audivi.

82 4096 144 4150 γονι
155 4096 207 4132 που
219 4095 260 4140 τις
280 4079 360 4143 παῖς,
380 4070 427 4131 καί
443 4094 507 4131 ποτε
527 4072 624 4146 συνάόη
646 4073 724 4133 αὐτὸν
744 4062 811 4132 εἶναι
830 4075 856 4131 ιν
912 4069 1100 4152 Eratquidam
1115 4091 1194 4152 puer,
1208 4089 1289 4148 quem
1307 4069 1420 4151 contigit
1438 4091 1500 4132 cum
1519 4087 1604 4136 matre
1625 4075 1652 4138 in
1705 4095 1805 4139 Historia

85 4162 302 4276 σἰγρῳΗμετὸτης
317 4163 433 4243 μητρὸς,
449 4163 523 4223 οὔπω
535 4163 771 4237 πεντεκαιδεκαετη
781 4186 857 4243 γεγο
913 4187 978 4248 agro
997 4184 1064 4242 esse,
1080 4183 1142 4222 cum
1155 4160 1276 4222 nondum
1296 4160 1449 4241 quindecim
1465 4178 1596 4228 annorum
1616 4174 1715 4267 est*u
1696 4173 1807 4205 ⁰⁰⁰⁰⁰

86 4256 132 4315 νότ
133 4282 160 4315 α.
176 4253 294 4328 Τάτεδὴ
313 4258 433 4334 γαλεπυῦ
449 4280 518 4325 τινος
538 4257 613 4338 ἀέρος
629 4255 792 4335 συμθάντος,
805 4280 860 4315 πυ-
877 4268 896 4317 ιι
915 4273 972 4320 set:
984 4272 1049 4318 tunc
1059 4275 1137 4336 gravi
1149 4267 1175 4314 et
1184 4268 1310 4335 corrupto
1320 4269 1461 4335 mgruentc
1471 4277 1542 4333 aare
1553 4273 1657 4323 utrum
1664 4225 1728 4348 'wig
1718 4240 1752 4268 '¹⁰

88 4347 161 4465 ρετδς
185 4346 352 4407 ἐπέμειν’
337 4348 508 4429 αμροτέροις
523 4349 639 4430 καὶγὰρ
658 4347 690 4408 τὸ
709 4348 860 4432 μετόπωρον
915 4372 968 4432 que
980 4347 1081 4410 febris
1074 4360 1193 4408 invasit
1205 4359 1262 4406 erat
1272 4360 1363 4406 autern
1374 4349 1498 4410 autumm
1508 4364 1658 4436 tempestas

88 4432 131 4513 ην.
143 4439 213 4499 Τότε
228 4437 356 4516 δὴὴμὲν
370 4438 461 4521 μήτηρ
476 4440 586 4522 ἔφθασεν
607 4442 732 4502 εἰσελθεῖν
754 4440 848 4499 leri*
815 4464 863 4555 σιμ
916 4449 996 4509 Tunc
1017 4455 1103 4503 mater
1121 4438 1217 4500 urbem
1236 4437 1343 4519 ingredi
1362 4444 1580 4526 preoccupavit.
1573 4468 1661 4528 ‚puer

89 4532 207 4598 πόλεως·
222 4534 236 4589 ό
249 4529 277 4590 δὲ
290 4540 370 4601 παῖς,
384 4536 436 4591 τῶν
449 4535 546 4615 ίατρων
566 4536 620 4594 ἐκεῖ
639 4531 848 4593 κελευόντων
815 4557 864 4612 με·
917 4558 982 4598 vero
992 4558 1007 4595 a
1019 4532 1153 4594 medicis
1141 4553 1234 4615 Jussns
1243 4530 1310 4590 illuc
1321 4552 1437 4607 manere,
1449 4555 1513 4594 cum
1524 4537 1662 4600 sebrisssa·

91 4649 159 4697 νειν,
174 4623 220 4683 καί
237 4630 284 4682 τοῦ
306 4631 419 4704 πυρετοῦ
433 4624 568 4701 καίοντος,
584 4625 799 4707 ἀνακογχολίζειν
813 4627 864 4710 κίμ-
920 4641 1018 4711 graret,
1032 4625 1114 4707 coepit
1123 4623 1299 4706 gargarizare,
1310 4623 1383 4705 apud
1394 4625 1604 4704 seratiociuans,
1612 4652 1664 4711 pu·

92 4715 155 4784 ξατο
181 4716 260 4786 δῆθεν
287 4717 450 4796 φιλοσοφῶν,
478 4719 579 4795 μᾶλλον
602 4718 633 4778 τὸ
653 4725 707 4797 πῦρ
730 4718 866 4780 σθεννθναι
921 4739 1034 4802 tansque
1044 4721 1083 4781 sic
1095 4719 1193 4780 febrim
1201 4717 1336 4799 exstingui
1348 4739 1434 4801 posse,
1443 4720 1466 4780 si
1475 4722 1544 4782 nihil
1555 4725 1665 4786 omnino

92 4809 225 4888 οἰόμενος,
236 4812 259 4869 εἰ
275 4811 338 4887 μηδ’
357 4813 442 4868 ὁτιοῦν
465 4809 550 4870 λοίόοι.
565 4810 626 4871 Ἅτε
638 4810 669 4884 δὴ
680 4802 724 4871 οὗν
737 4819 810 4886 παῖς,
817 4814 870 4874 tut
923 4815 1044 4877 alimenti
1063 4814 1204 4893 acciperet.
1214 4812 1316 4892 Utpote
1330 4833 1409 4892 puer,
1425 4834 1458 4872 ex
1477 4813 1666 4899 intempestiua

94 4901 255 4982 φιλονεικίας
266 4901 377 4984 ἀκαίρου
391 4906 421 4960 οὗ
435 4902 598 4984 προσήκατο·
609 4901 657 4971 Ὡς
674 4901 702 4964 δὲ
723 4902 807 4976 ἕπτ’ἷη
822 4909 870 4978 τῆς
926 4906 1093 4970 contentione
1103 4902 1173 4963 nihil
1186 4901 1298 4983 accepit.
1312 4903 1351 4962 Ut
1363 4915 1453 4962 autem
1465 4902 1502 4962 ad
1512 4905 1608 4967 urbem
1617 4929 1666 4970 ve-

96 4993 207 5064 πολευις,
224 5016 263 5050 πα
267 4992 327 5071 ρέθη
349 4993 383 5052 τὸ
401 4994 593 5073 τῆςγλώτσης,
609 4995 655 5054 καὶ
669 4995 764 5065 άλαλος
777 4988 810 5069 ἦν
828 4999 872 5058 ἐπί
927 5002 967 5060 nit
968 4999 1086 5079 ,lingua
1101 4994 1222 5077 paralysi
1242 5007 1313 5052 tacta
1335 5007 1386 5068 est,
1400 4995 1439 5055 ita
1456 5010 1487 5055 ut
1500 4996 1550 5056 diu
1561 5020 1614 5060 non
1629 5003 1670 5063 lo·

97 5085 182 5158 πολὸ,
195 5083 269 5145 οὐδὲν
285 5085 362 5164 ἔναρθ
365 5093 454 5167 ρονρθ
456 5087 609 5167 εγγόμενος·
603 5086 694 5148 uult
715 5088 873 5169 ἀνεγίνωσκε
928 5115 1022 5174 quens,
1037 5089 1106 5150 nibil
1128 5085 1292 5147 articulatim
1314 5088 1488 5169 pronuntiare
1509 5105 1627 5173 posset,
1625 5096 1672 5156 sad

100 5176 161 5255 μὲν,
174 5201 221 5236 και
246 5180 283 5242 εις
297 5177 470 5246 διδασκάλους
488 5179 614 5259 ἐφοίταέ
601 5178 646 5238 ἐπὶ
668 5179 751 5239 πολὸν
772 5183 876 5266 Ι,γρόνοη
929 5185 1035 5266 legebat
1054 5180 1175 5262 quidem,
1189 5177 1369 5281 otmagistrus
1383 5179 1469 5240 multo
1484 5186 1673 5265 temporeadi-

99 5272 192 5338 ἆτλνῗις
203 5269 231 5331 ολ
248 5292 294 5329 και
305 5270 406 5350 ἄσημοι.
422 5265 560 5332 Πάντα
529 5297 573 5333 ουν
588 5275 661 5333 οὗτοι
641 5272 748 5334 ””τὸ
716 5297 763 5346 της
775 5277 878 5346 ἐλπίδος
893 5293 913 5342 c
930 5279 991 5356 bat,
984 5273 1054 5337 ·scd
1068 5273 1166 5334 trustra
1180 5284 1205 5330 et
1218 5269 1373 5351 absque„
1332 5290 1409 5331 steno
1357 5271 1502 5413 ullg
1502 5274 1598 5337 Omnis
1613 5300 1675 5359 crgo

1484 5355 1514 5412 5.
