3728 5978
560 433 597 483 ιιι
627 433 736 484 erisr.
763 429 809 480 nn
835 432 918 483 nou.
947 433 1065 486 nouit.
1094 435 1155 488 ru.
1571 415 1639 490 6ιι

71 587 170 644 μησεν.
184 561 219 625 ‘0
233 563 302 624 Κόῖν
324 566 347 623 εἰ
369 561 406 640 μὴ
426 564 480 620 τῶν
492 558 629 642 πρωτείων
642 557 763 639 ἠράσθη,
777 555 847 617 ἀλλὰ
901 556 1013 618 arbitrio
1026 580 1083 618 rem
1093 558 1268 641 permisisset,
1284 559 1416 623 secundas
1428 559 1644 622 nonhabuissett

73 663 115 739 τῷ
127 662 189 739 Θεῷ
201 655 378 739 παρεχώρησε
392 653 502 723 τούτων,
516 656 564 712 οὐκ
579 651 609 710 ἀν
623 650 685 732 ίσχι
703 650 739 710 cd
759 651 847 708 διατι·
901 648 925 708 si
950 669 1013 707 cum
1041 651 1171 711 secundas
1187 652 1310 728 liaberet,
1331 652 1473 727 monitioni
1498 653 1644 734 paruisset,

75 760 150 832 ρεῖα·
165 751 199 809 τδ
215 751 348 830 δευτερεῖα
360 748 439 827 ’ἔχων
458 745 549 818 emo,
564 749 587 803 εἰ
600 749 647 815 τῆς
666 740 847 822 παραινέσεως
901 738 1001 799 caedem
1015 763 1067 801 non
1088 743 1272 823 parturiisset:
1294 765 1387 804 rursus
1404 743 1476 804 caede
1488 757 1606 825 patrata,
1621 745 1644 806 si

72 845 196 915 ἤκουσεν,
212 845 259 901 οὐκ
273 841 304 900 ἂν
315 840 393 899 ὤδινε
404 840 448 898 τόν
463 838 555 918 φόνον·
570 837 650 896 πόλιν
661 834 705 893 τδν
717 834 792 914 φόνον
804 835 847 914 ἐρ·
901 829 937 888 ad
954 833 1138 910 poenitentiam
1152 834 1278 907 venisset,
1296 837 1352 894 Deo
1370 835 1460 915 ipsum
1473 828 1597 911 vocante,
1617 850 1644 896 et

10 912 17 919 Β
71 936 241 1014 γασάμενος,
257 936 280 991 εἰ
297 933 363 1014 πρός
378 929 516 1008 μετάνοιαν
531 921 615 1002 ἦλθε,
636 932 683 986 τοῦ
702 929 772 987 Θεοῦ
794 947 845 982 κα·
864 926 884 973 F·
902 942 954 981 non
968 923 1138 1003 impudenter
1150 923 1339 1006 respondisset,
1354 946 1408 984 nou
1422 926 1516 1006 gravia
1529 926 1645 987 subinde

71 1029 179 1093 λοῦντος
192 1026 281 1097 αὐτὸν,
302 1023 398 1102 καὶμὴ
414 1019 592 1101 ἀναισχύντως
606 1017 777 1099 ἀπεκρίνετο,
797 1020 845 1075 αλκ
900 1038 995 1097 passus
1007 1033 1083 1078 esset.
1098 1020 1128 1079 Si
1139 1020 1248 1096 veroii,
1266 1022 1313 1100 qui
1331 1033 1392 1081 ante
1409 1021 1494 1102 legem
1511 1035 1595 1097 crant,
1609 1043 1644 1082 ex

72 1118 106 1177 διν
120 1119 153 1177 et
167 1120 234 1196 μετὰ
248 1121 333 1175 ταῦτα
343 1115 468 1192 ὑπέμεινε
479 1113 561 1172 δεινοί.
579 1113 613 1170 El
634 1109 661 1169 δέ
678 1113 703 1169 οἱ
724 1109 777 1190 πρὸ
798 1115 845 1169 τοῦ
900 1111 1012 1190 segnitie
1019 1113 1207 1194 suapaulatim
1219 1113 1245 1171 in
1258 1113 1347 1195 ipsum
1361 1114 1472 1173 malitiae
1480 1113 1644 1195 profundum

69 1210 153 1289 νόμου
162 1210 215 1269 ἀπὸ
225 1214 272 1280 τῆς
284 1205 412 1289 ῥᾳθυμίας
422 1204 518 1275 ταύτης
529 1203 597 1262 κατα
611 1201 704 1280 μικρὸν
718 1203 755 1268 εἰς
766 1200 843 1259 αθτθν
900 1221 1048 1282 venerunt,
1061 1209 1147 1288 cogita
1162 1208 1229 1287 quid
1241 1209 1375 1289 patiemur
1389 1231 1453 1282 uos,
1469 1211 1516 1288 qui
1536 1209 1572 1269 ad
1585 1231 1643 1269 ma-

68 1304 118 1363 τδν
129 1301 250 1381 πυθμένα
262 1305 311 1372 τῆς
321 1298 415 1363 κακίας
427 1290 516 1370 ἦλθον,
529 1295 648 1366 ἐννόησον
659 1292 686 1351 τί
698 1292 844 1370 πεισόμεθα
896 1298 956 1378 jora
966 1301 1055 1358 vocati
1064 1321 1157 1359 sumus
1165 1299 1261 1378 stadia,
1271 1301 1323 1359 nisi
1336 1323 1398 1360 curn
1411 1301 1552 1381 diligentia
1564 1302 1642 1362 nobis

69 1401 150 1473 ἡμεῖς
167 1398 192 1453 οἱ
205 1393 269 1472 πρὸς
284 1392 390 1470 μείζονα
409 1387 565 1465 καλούμενοι
579 1384 742 1463 στέμματα,
757 1383 794 1445 ἂν,
803 1383 841 1460 μὴ
898 1390 1078 1466 attendamus,
1084 1405 1111 1450 et
1121 1391 1251 1451 scintillas
1259 1393 1392 1451 malorum
1406 1408 1548 1472 antequam
1560 1414 1641 1472 rogus

69 1486 141 1563 μετὰ
161 1483 297 1565 ἀκριόείας
310 1487 412 1548 fruteto
425 1478 610 1560 προσέχωμεν,
631 1476 676 1536 καί
692 1473 750 1543 τοὺς
761 1497 842 1533 σπιν-
898 1481 1058 1542 accendatur
1072 1499 1217 1565 praereptas
1228 1485 1528 1564 exstinguamusllerbi
1540 1487 1638 1565 gratia,
1666 1499 1725 1544 vui.
1738 1513 1795 1556 qno-

69 1583 154 1659 θῆρας
163 1582 215 1636 τῶν
229 1581 328 1648 κακῶν,
339 1575 401 1653 πρὶν
413 1573 431 1645 ἢ
445 1572 494 1645 τὴν
505 1576 590 1651 πυρὰν
602 1573 765 1648 ἀναφθῆναι,
776 1589 842 1647 προ·
897 1574 1000 1655 pejeras
1012 1576 1188 1654 frequenter?
1200 1579 1241 1637 Ne
1253 1577 1305 1636 hoc
1318 1577 1582 1659 solummodocu'res,
1592 1579 1641 1640 sed
1651 1564 1727 1668 'l⁰‘¹⁰,
1743 1576 1794 1603 ‘⁰¹‘

67 1671 196 1737 λαόόντες
208 1667 383 1746 σόιννθωμεν.
405 1658 469 1726 otte
489 1689 516 1724 τι
537 1662 619 1741 λέγοι·
636 1664 768 1742 ἐπιορκεῖς
782 1684 841 1719 συν·
897 1667 978 1724 etiam
988 1668 1174 1747 juramentum
1189 1668 1263 1742 tolle,
1285 1689 1369 1747 neque
1381 1670 1452 1728 ultra
1468 1669 1560 1730 labore
1573 1639 1712 1752 ομιιεημιΙ
1729 1640 1750 1668 ι’

69 1767 157 1843 εχῶς,
172 1762 219 1835 Μὴ
232 1762 297 1842 πρὸς
306 1766 384 1819 τοῦτο
398 1764 461 1839 τεῇς
471 1757 559 1836 μόνον,
574 1752 643 1815 titt
657 1753 745 1814 καὶτὸ
758 1752 841 1831 opud-
896 1756 1009 1817 habebis
1021 1783 1028 1815 ε
1039 1759 1118 1838 longe
1126 1758 1388 1837 namquedifficilius
1396 1774 1436 1820 est
1442 1761 1579 1841 jurantem
1587 1781 1641 1822 non

65 1855 222 1928 ναινάνελε,
244 1853 290 1913 καί
312 1855 341 1912 οὐ
362 1852 442 1931 δεήσῃ
468 1849 547 1909 πόνου
572 1847 680 1907 λοιπόν·
697 1844 765 1904 πολὺ
786 1843 840 1927 γάρ
896 1850 1115 1930 pejerare‚quam
1125 1871 1178 1910 non
1190 1852 1406 1933 omninojttrare.
1417 1853 1640 1932 conviciatores,

65 1945 273 2028 δυσκολώτερον,
288 1943 404 2022 ὀμνύντα
419 1940 456 2020 μὴ
469 1937 638 2019 ἐπιορκεῖν,ἢ
651 1936 719 2016 pest
728 1935 839 2015 θ’μνθναι
895 1946 1115 2020 contumeliosus,
1134 1968 1275 2029 percussor
1290 1948 1415 2027 PLegem
1429 1947 1479 2007 tibi
1494 1947 1593 2024 scribe,
1607 1970 1642 2008 ne

64 2037 144 2105 ὅλοις-
157 2025 332 2119 Ὑθρισιῆεεθ
343 2034 389 2093 ml
400 2032 516 2112 λοίδορος
525 2031 570 2090 καί
580 2029 715 2103 σλθιιιηεῖ
733 2027 837 2112 Γρθίιαν
848 2077 884 2116 ,5,
895 2056 1019 2119 unquam
1034 2042 1158 2102 irascaris
1178 2043 1222 2102 vel
1237 2042 1345 2117 clames,
1359 2055 1385 2101 et
1405 2064 1457 2102 una
1472 2064 1533 2103 cum
1550 2042 1641 2104 radice

64 2132 171 2208 σεαυτῷ
185 2127 265 2206 νόμον
282 2126 319 2205 μὴ
334 2124 483 2207 ὀργίζεσθαι
497 2123 565 2201 μηθθ
581 2121 686 2200 ιιρθζιιν
696 2118 777 2193 ὅλαις,
791 2120 837 2179 καί
857 2134 875 2179 Α
893 2134 1011 2192 fructum
1028 2135 1170 2193 sustulisti.
1183 2133 1314 2194 Lascivus
1328 2156 1356 2193 es
1377 2148 1403 2193 et
1417 2135 1535 2194 luxuriei
1557 2135 1638 2196 dedi·

63 2227 262 2299 συναναιρεῑται
278 2223 311 2298 ιῇ
332 2217 390 2298 ῥίζῃ
405 2215 450 2275 καλ
471 2219 486 2273 δ
504 2214 614 2295 καρπός.
628 2211 730 2291 Λοίγνος
752 2202 776 2270 εί
790 2212 836 2271 ιιαθ
894 2224 957 2282 tus?
970 2225 1042 2283 Pone
1053 2225 1102 2284 tibi
1121 2225 1207 2305 legem
1221 2247 1253 2285 ne
1265 2247 1384 2304 unquam
1397 2226 1537 2285 mulierem
1552 2229 1639 2308 respi-

61 2311 181 2382 ἄσωτοςῖ
196 2310 272 2370 Τίθει
286 2312 388 2385 σεαναιῖι
402 2306 484 2366 ααθιιν
498 2303 567 2387 θραν,
583 2303 652 2363 θ’)σιε
669 2301 707 2380 μθ
721 2307 784 2383 θρθν
799 2306 836 2370 εἷς
892 2317 957 2388 cias,
974 2317 1074 2377 nedum
1087 2318 1115 2376 in
1131 2317 1264 2377 theatrum
1280 2318 1424 2396 ascendas,
1437 2339 1523 2398 neque
1537 2317 1567 2378 in
1579 2321 1638 2380 fore

60 2412 192 2480 γυναῖκα,
205 2403 270 2480 μθσι
281 2401 309 2462 θλ
324 2404 360 2467 εἷς
371 2400 400 2459 ιθ
416 2398 523 2477 θέατρον
540 2394 700 2467 αἰναθαίνεινι
720 2393 787 2471 μηδὲ
808 2398 835 2454 ίν
891 2409 991 2469 alienas
1005 2410 1105 2468 formas
1115 2410 1219 2470 curiose
1228 2410 1360 2491 explores.
1368 2411 1460 2491 Longe
1468 2411 1540 2470 enim
1552 2411 1638 2471 facili·

60 2499 148 2575 ἀγορᾷ
162 2493 196 2553 ed
209 2492 336 2574 ἀλλότρια
349 2489 568 2573 περιεργάζεσθαι
584 2486 680 2559 ναλλη·
696 2484 768 2545 Παλθ
782 2485 834 2567 tl?
890 2523 923 2560 us
938 2516 993 2579 est,
1008 2522 1041 2561 ne
1052 2502 1182 2583 respicere
1194 2502 1303 2581 quidem
1320 2503 1464 2562 formosam
1476 2503 1634 2578 mulierem,

60 2586 252 2666 εὖκολώτερον,
273 2585 321 2658 vlt
331 2582 421 2665 ’ἀρχὴν
437 2581 503 2660 μηθέ
518 2583 579 2639 ίθεῖν
594 2580 723 2660 εὔμορφον
740 2587 834 2658 γυναῖ-
890 2596 971 2671 quam
986 2592 1032 2652 illa
1042 2607 1193 2674 conspecta,
1210 2608 1236 2653 et
1247 2608 1371 2676 percepta
1385 2594 1521 2676 cupidine,
1535 2596 1636 2656 tumul·

58 2702 97 2736 αα
107 2677 143 2750 ,ἦ
158 2677 327 2757 θεασόμενον,
341 2676 387 2736 καὶ
401 2675 539 2751 δεξάμενον
556 2673 605 2744 τίιν
627 2671 777 2748 ίπιθνμίανν
789 2674 833 2730 θα·
889 2699 948 2744 tum
961 2684 1118 2744 indeortum
1126 2686 1228 2745 sedare.
1235 2686 1349 2745 Leviora
1358 2687 1458 2768 quippe
1467 2701 1530 2746 sunt
1541 2688 1569 2747 in
1576 2688 1636 2770 ipso

58 2770 167 2830 ὅιίλλειν
189 2771 235 2830 τὸν
256 2772 287 2828 ἐκ
299 2768 397 2840 ταύτης
412 2765 529 2847 θόρνθον·
554 2763 714 2843 Κονρθαεροι
734 2760 786 2842 γθρ
805 2766 832 2822 lt
887 2776 1040 2857 primordio
1054 2778 1201 2837 certamina
1215 2800 1225 2854 ς
1241 2777 1296 2835 imo
1311 2778 1401 2858 potius
1415 2799 1501 2856 neque
1519 2779 1634 2839 ineunda

59 2863 209 2945 προοιμίοις
230 2868 254 2922 οἱ
278 2866 390 2941 apem·
416 2861 516 2937 μᾶλλον
532 2856 559 2916 θθ
574 2856 632 2915 αὖθί
645 2858 744 2935 apua<
765 2859 831 2933 ἡμῖν
888 2869 1032 2929 certamina
1043 2883 1137 2946 erunt,
1151 2869 1174 2929 si
1195 2869 1266 2928 hosti
1280 2870 1350 2928 fores
1366 2891 1419 2929 non
1431 2871 1632 2950 aperuerimus,

60 2956 114 3027 δεῖ,
135 2954 166 3012 ἂν
181 2954 218 3032 μὴ
232 2952 279 3020 τίς
300 2952 381 3032 θθρας
397 2948 540 3026 θναίίιομεν
555 2951 593 3026 τῷ
613 2945 749 3027 ααλαμίιμν
764 2944 831 3024 μηθθ
850 2950 869 2996 Β
887 2982 973 3039 neque
1000 2961 1065 3019 mali
1088 2961 1190 3020 semina
1218 2960 1424 3042 susceperimus.
1450 2962 1634 3033 Quamobrem

57 3045 94 3104 τθι
105 3045 245 3128 σπέρματα
260 3047 308 3114 *lt
334 3042 429 3108 κακίας
443 3039 586 3117 δεξώμεθα·
606 3036 658 3096 θιθι
671 3042 748 3097 ταῦτα
759 3038 832 3096 ααίθ
887 3052 1012 3111 Christus
1030 3052 1109 3111 illum
1130 3073 1207 3132 poena
1228 3051 1331 3133 plectit,
1344 3053 1400 3131 ,qui
1420 3052 1531 3112 lascivis
1547 3054 1635 3114 oculis

58 3139 174 3219 Χριστὸς
184 3138 229 3197 τὀν
244 3136 397 3202 ἀκολάστως
407 3138 509 3214 δρῶντα
520 3135 558 3198 et<
571 3140 684 3210 Υνναῖιια
698 3129 831 3204 ίαθλααιν,
887 3143 1029 3202 mulierem
1038 3143 1186 3224 respexerit
1192 3166 1202 3219 ς
1216 3157 1244 3202 ut
1255 3164 1303 3203 nos
1316 3164 1331 3202 a
1342 3144 1437 3225 majori
1448 3143 1541 3205 labore
1548 3146 1633 3227 eripe·

56 3229 102 3288 ἵνα
116 3229 314 3305 πλείονοςθμθς
327 3224 466 3303 θπαλλᾶίῃ
487 3222 583 3296 σθνανν
603 3221 665 3302 πρίν
678 3220 696 3293 ἢ
711 3221 832 3300 γενέσθαι
886 3247 936 3309 ret,
956 3235 1054 3314 jubens
1072 3233 1259 3294 adversarium
1279 3233 1362 3314 domo
1378 3233 1473 3316 ejicere
1490 3249 1635 3314 antequam

55 3319 102 3380 τἀν
116 3319 313 3398 θνααναινισναλν
324 3317 433 3399 θαμνρθν
448 3312 560 3374 νιελειίιεν
581 3313 721 3373 θαθθλλειν
732 3316 780 3383 fit
793 3314 831 3371 αθ·
886 3326 980 3384 fortior
994 3324 1101 3400 evadat,
1118 3324 1226 3404 quando
1253 3346 1349 3407 nempe
1364 3324 1443 3385 facile
1459 3326 1519 3407 ejici
1534 3341 1631 3409 potest.

58 3413 133 3485 ιιίαι,
146 3412 245 3473 θνενιαί
258 3410 371 3478 εθιιολεις
382 3409 556 3469 ἔνιθαίλλεσθαι
567 3405 688 3464 θιίναιαι·
701 3404 771 3463 Ποία
781 3404 841 3484 Υθρ,
887 3419 955 3489 Qua
968 3417 1108 3478 necessitas
1117 3417 1189 3476 enim
1198 3401 1304 3496 negotia
1312 3417 1447 3498 superflua
1460 3417 1528 3477 inire
1538 3432 1633 3480 etcum

59 3505 162 3586 θναίγαιῖ
176 3504 325 3588 πράγματα
337 3502 407 3583 θείειν
422 3499 549 3582 περιιιθν
570 3499 615 3557 ναί
636 3497 833 3576 ανμαλίαεαθαι
888 3511 1043 3571 adversario
1061 3510 1219 3589 confligere,
1241 3531 1303 3570 curn
1324 3511 1381 3570 sine
1399 3511 1524 3571 conflictu
1546 3513 1633 3593 possis

55 3611 110 3668 ταῖς
125 3606 352 3680 ἀνταγωνισταῖς,
363 3598 446 3679 παρὸν
461 3595 544 3676 χωρίς
562 3595 718 3670 συμπλοκῆς
737 3596 833 3676 σιῆσα,
889 3618 1021 3684 tropeum
1028 3604 1180 3683 erigere,ct
1189 3613 1250 3662 ante
1258 3624 1377 3683 pugnam
1386 3603 1512 3663 bravium
1521 3606 1632 3685 rapere?

56 3697 88 3754 τὸ
99 3693 297 3774 τρόπαιον,καλ
307 3692 414 3770 πρὸτῆς
425 3688 512 3759 παλης
527 3686 684 3768 θρπαίσσιιεθ
696 3687 832 3773 spadam,
889 3697 950 3755 Non
964 3696 1034 3754 euim
1049 3708 1138 3753 tantus
1154 3694 1231 3752 labor
1246 3708 1285 3753 est
1298 3695 1427 3754 formosas
1440 3694 1566 3754 mulieres
1578 3717 1632 3757 non
1672 3690 1674 3696 ¹
1727 3692 1729 3695 ¹

62 3789 104 3846 Οθ
125 3784 177 3867 γὰρ
200 3794 320 3853 τοσοῦτος
341 3784 420 3849 πόνος
437 3781 474 3858 μὴ
493 3784 555 3860 θρᾷν
577 3787 703 3858 γυναῖκας
718 3778 831 3859 ὡραίας,
889 3788 1030 3869 respicere,
1043 3806 1125 3865 quam
1140 3799 1201 3865 post
1217 3799 1352 3865 aspectum
1371 3807 1398 3844 se
1411 3785 1560 3863 continere;
1577 3786 1633 3846 imo

53 3878 114 3945 όσος
127 3878 205 3945 πόνος
216 3881 318 3959 ὁρῶντα
332 3874 470 3954 κατέχειν·
485 3872 585 3950 μᾶλλον
601 3871 628 3930 δέ
640 3871 698 3931 οὐδὲ
712 3872 791 3939 πόνος
802 3872 833 3932 τὸ
852 3884 871 3934 C
889 3901 953 3940 vero
965 3900 998 3937 ne
1013 3877 1090 3936 labor
1107 3876 1217 3955 quidem
1231 3876 1278 3935 ille
1297 3877 1401 3957 primus
1416 3878 1506 3951 fuerit,
1513 3877 1561 3936 sed
1569 3891 1632 3958 post

51 3970 183 4052 πρότερον
198 3970 228 4028 ἂν
241 3970 300 4042 εἴη,
316 3967 385 4029 ιἰλλδι
400 3964 480 4032 πολὺς
493 3962 572 4043 ἱδρὼς
586 3962 631 4021 καί
653 3963 750 4044 μόχθος
763 3964 833 4042 μετὰ
889 3984 1026 4053 aspectum
1037 3970 1115 4029 illum
1131 3967 1242 4049 grandis
1251 3968 1334 4027 sudor
1343 3983 1366 4028 et
1382 3970 1460 4027 labor
1472 3969 1557 4028 adest.

54 4065 88 4123 τὸ
104 4065 167 4122 ἰδεῖν
178 4063 318 4143 ἐγγίνεται.

93 4164 183 4223 ὀισι
196 4155 239 4222 ,τι
252 4162 336 4222 ,απ
347 4151 598 4239 statueramus,
613 4159 713 4236 μονα
724 4157 751 4219 ιι
764 4156 831 4236 part
927 4145 958 4203 9-
975 4144 1045 4202 Cum
1058 4153 1121 4221 οςο
1133 4139 1309 4199 αῐιιιαοοι
1325 4138 1383 4215 ιῑιε
1402 4138 1458 4198 imo
1473 4160 1506 4199 ne
1520 4139 1631 4216 omnino

53 4247 152 4326 δ’λωςῆ
167 4252 263 4334 μόχθος
279 4277 319 4321 τις
334 4253 401 4332 μηδὲ
413 4252 506 4325 πόνος,
525 4251 571 4311 καὶ
586 4251 616 4310 τὸ
627 4250 719 4330 κέρδος
733 4253 831 4327 μεῖζον,
887 4240 964 4300 labor
978 4239 1051 4298 ullus
1066 4283 1075 4315 ,
1094 4251 1120 4297 ct
1140 4237 1247 4295 lucrum
1262 4233 1360 4314 majus,
1380 4255 1429 4293 cur
1449 4233 1588 4295 studemus
1600 4236 1630 4295 in

50 4349 80 4407 τί
90 4322 272 4424 σπουδάζομεν
287 4350 324 4414 εἰς
336 4347 367 4405 τδ
382 4346 497 4422 πιλαγος
517 4348 643 4421 ἐμπεσεῖν
656 4346 710 4401 τῶν
730 4341 829 4422 μυρίων
885 4336 997 4416 pelagus
1004 4330 1244 4391 innumerabilium
1253 4329 1387 4387 malorum
1397 4326 1632 4407 inciderei’Neque

51 4443 145 4500 κακῶν
157 4465 164 4511 ;
179 4437 249 4497 Οδδέ
262 4438 314 4518 γὰρ
328 4434 502 4516 εὐκολώτερον
525 4436 604 4514 μόνον
619 4441 633 4495 ό
647 4435 684 4511 μὴ
699 4439 766 4517 δρῶν
781 4459 829 4513 γυ-
886 4428 958 4487 enim
972 4440 1077 4486 tantum
1090 4421 1197 4482 facilius
1210 4420 1268 4496 vir,'
1281 4421 1327 4498 qui
1350 4441 1402 4478 non
1427 4420 1536 4502 respicit
1549 4421 1631 4480 muli.

49 4541 133 4591 vatata
139 4576 147 4606 ,
163 4531 231 4590 ἀλλά
242 4530 288 4588 καί
301 4527 484 4608 καθαρώτερον
497 4527 635 4607 περιέσται
647 4530 696 4597 τῆς
706 4524 830 4599 τοιαύτης
886 4542 967 4594 erem,
986 4518 1033 4579 sed
1052 4516 1133 4576 etiam
1151 4515 1246 4596 purior
1267 4514 1302 4573 ab
1323 4513 1481 4594 hujusmodi
1505 4513 1632 4594 concupi·

51 4622 213 4698 ἐπιθυμίας,
227 4620 318 4700 ὥσπερ
333 4612 376 4678 οὖν
394 4625 408 4678 δ
427 4624 494 4699 ὁρῶν
508 4620 553 4677 καί
569 4618 636 4696 μετὰ
648 4618 727 4678 πόνου
739 4618 831 4676 πλείο-
887 4613 985 4673 scentia
1013 4608 1109 4670 evadet
1133 4632 1140 4666 :
1164 4618 1345 4666 cumcontra
1369 4605 1409 4680 is,
1438 4605 1485 4684 qui
1507 4605 1631 4687 respicit,

43 4735 107 4787 τος,
120 4713 165 4773 καί
180 4713 247 4789 μετδ
261 4711 367 4783 αηλῖδός
380 4735 446 4777 τινος
472 4712 686 4782 ἀπαλλάττεται,
701 4709 830 4790 ἐδνθάρα
886 4722 912 4767 et
935 4728 997 4766 cum
1023 4703 1119 4786 majori
1139 4701 1232 4760 labore
1255 4714 1365 4760 etcum
1385 4699 1491 4758 macula
1523 4696 1630 4775 evadat,

49 4803 117 4864 ποτὲ
133 4806 287 4882 ἀπαλλαγῇ.
302 4802 336 4863 Ὁ
353 4802 400 4881 μὲν
421 4802 473 4884 γίιρ
495 4802 533 4879 μὴ
556 4800 617 4860 ἰδὼν
631 4801 680 4875 τὴν
700 4801 832 4884 εὔμορφον
886 4799 910 4860 si
928 4796 1040 4878 quidem
1060 4793 1166 4855 evadat.
1190 4794 1261 4851 Nam
1285 4791 1332 4869 qui
1360 4791 1507 4850 formosam
1535 4788 1632 4850 faciem

50 4897 125 4974 όριν,
147 4894 194 4954 καί
207 4899 255 4965 τῆς
268 4893 409 4971 ἐπιθυμίας
422 4899 470 4964 τῆς
482 4892 598 4952 ἐντεῦθέν
620 4894 677 4953 ἐστι
699 4894 832 4974 καθαρός·
847 4908 868 4955 t)
886 4911 939 4950 non
969 4888 1053 4961 videt,
1076 4908 1091 4945 a
1111 4884 1159 4944 tali
1179 4882 1393 4965 concupiscentia
1409 4882 1480 4940 liber
1499 4894 1525 4940 et
1545 4900 1631 4960 purum

49 4992 66 5046 δ
80 4985 108 5044 δὲ
123 4985 290 5063 ἐπιθυμήσας
300 4987 373 5059 ἰδεῖν,
384 4985 510 5066 πρότερον
520 4983 680 5043 καταόαλὼν
694 4985 738 5045 τόν
750 4987 828 5067 λογι-
886 4997 940 5045 est:
951 4984 1000 5061 qui
1009 4993 1099 5039 autem
1110 4976 1203 5038 videre
1214 4975 1380 5056 concupivit,
1394 4971 1551 5054 cumprime
1562 4973 1633 5046 hanc

86 5157 200 5226 ’[ὸπόνος
210 5171 254 5220 τοῖς
266 5166 397 5219 (ἀκολάστοις
408 5160 436 5208 Α.
446 5170 471 5209 el
487 5157 718 5226 ntarg.Sttvll.ll01
730 5160 821 5224 Α.μιςδί
870 5183 906 5214 νον
918 5167 929 5214 δ
943 5167 977 5225 μὴ
989 5163 1000 5211 θ
1014 5170 1069 5228 μῶν.
1082 5151 1150 5204 Editi
1165 5160 1192 5206 τό
1202 5160 1236 5217 μὴ
1249 5150 1327 5220 θρίω]

49 5245 109 5298 ὅλαις
121 5245 144 5302 tl·
159 5237 237 5306 Vulgo
248 5249 282 5305 μὴ
295 5244 352 5296 elue
363 5248 405 5296 εἴη.
418 5239 455 5288 Ex
467 5236 555 5288 eodem
569 5237 633 5290 infra
648 5237 765 5290 dedssmus
777 5249 821 5306 μό·
903 5241 917 5277 ίι
937 5230 1032 5305 {epact
1043 5231 1106 5284 infra
1120 5240 1158 5285 καί
1168 5240 1227 5280 σιτία
1237 5241 1277 5289 τῆς
1288 5234 1378 5293 ίσιθνίι·
1392 5221 1537 5278 θθθίθίίθθθ
1549 5243 1577 5277 ⁰¹
1590 5228 1608 5277 θ
1622 5212 1632 5276 l
