3728 5978
506 469 540 515 lii
567 465 675 515 Ertsr.
699 462 746 511 tt)
771 461 855 511 ROM·
883 461 1002 512 uotum
1030 462 1117 512 XXV·
1518 459 1581 528 771

114 581 180 650 εἶναι
196 588 261 672 πρὸς
272 587 315 647 τὸν
331 587 448 668 ίσλυρδν,
462 588 627 649 καθάπτεται
637 587 664 647 δὲ
677 584 785 647 ἐκείνου.
840 581 993 662 indignatio
1009 606 1065 645 esse
1083 583 1213 645 adversus
1233 582 1339 658 iortem,
1362 578 1504 639 infirmum
1521 599 1587 639 vero

105 709 118 742 ν
133 684 214 762 εἴπῃ,
228 680 396 752 Σταθιίοεται
410 681 452 755 δὲ,
469 680 600 742 δείνωσιν
615 681 655 740 ἔτι
673 676 785 740 σαλινό-
839 670 1007 750 perstringit.
1029 673 1100 731 Com
1117 671 1195 743 dicit,
1219 672 1315 731 Stabit
1336 682 1446 741 autem,
1472 667 1589 728 ostendit

111 778 157 837 καὶ
170 779 269 846 πολλῆς
278 773 400 852 δεόμενον
411 780 459 846 τῆς
472 777 624 857 προσοχῆς,
636 772 682 832 καλ
694 768 788 831 rocad-
803 768 823 816 B
838 761 919 823 illum
938 761 1029 822 adhuc
1047 763 1176 839 titubare,
1194 762 1334 841 multaque
1348 780 1425 840 egere
1443 759 1588 822 attentione

104 875 121 941 ,ς
132 867 298 945 ἐπιμελείας,
315 871 351 934 ὡς
362 867 408 926 ,ιιι
419 866 463 927 ιλ,
471 866 541 930 Θιλν
554 869 644 926 ,ιιλιῑν
657 867 788 931 ,omem
839 861 967 930 tantaque
983 871 1058 925 cura,
1073 866 1103 911 ut
1118 854 1208 911 Deum
1221 850 1255 909 ad
1267 849 1326 908 haee
1339 862 1370 908 ut
1382 847 1517 907 medicum
1533 846 1586 907 ad-

112 984 119 996 ·
147 957 253 1025 δυνατὸς
268 958 336 1037 γὰρ,
356 958 450 1038 φησίν,
467 964 483 1019 θ
503 959 571 1026 Θεὸς
587 960 685 1028 στῆσαι
699 953 787 1015 αὐτόν,
839 946 1056 1006 vocetzPotans
1077 959 1120 1006 est
1141 948 1219 1004 enim
1241 944 1322 1002 Deus
1335 954 1464 1001 statuere
1481 941 1586 999 illum:

112 1051 156 1110 ίπλ
166 1054 219 1110 τῶν
229 1049 330 1130 σφόδρα
344 1049 554 1129 ἀπεγνωσμένων
566 1050 689 1130 λέγομεν.
704 1038 788 1120 Εἶτα,
839 1033 868 1094 id
880 1034 955 1114 quod
967 1033 1001 1095 de
1016 1036 1061 1116 iis,
1081 1037 1129 1117 qui
1141 1034 1291 1095 admodum
1302 1031 1437 1115 desperati
1453 1045 1527 1109 sunt,
1544 1031 1588 1092 di·

104 1171 107 1216 ,
123 1146 244 1223 ιἰπιγνῷ,
257 1142 303 1201 ,ιιιλ
318 1124 475 1202 &omem
488 1142 565 1202 ιιιλιλν
576 1140 681 1212 opimo
695 1141 788 1213 χιλιῑ,
840 1126 935 1187 cimtrs.
951 1127 1067 1202 Deinde,
1081 1151 1115 1189 ne
1127 1129 1261 1210 desperet,
1276 1125 1416 1185 infirmum
1429 1124 1510 1184 illum
1528 1144 1586 1185 ser-

107 1234 167 1295 ’Σὺ
181 1235 218 1301 τίς
231 1224 389 1315 είόκρίνων
405 1231 541 1316 ἀλλότριον
552 1229 736 1304 οίκέτην;Καί
747 1234 788 1290 έν-
839 1240 908 1281 vum
932 1234 1020 1297 *¹00³ss
1039 1219 1130 1281 dioesss
1152 1244 1159 1278 ἔ
1187 1223 1231 1279 Tu
1252 1223 1377 1300 quises,
1400 1221 1452 1297 (ίαῖ
1465 1218 1586 1296 indica!
1775 1304 1779 1311 ¹

116 1325 144 1387 δὲ
157 1327 238 1386 πολιν
257 1325 435 1394 λανθανόντως
455 1329 534 1385 αὐτοῦ
557 1323 787 1384 καθάπτεται.οἀ
839 1314 969 1384 alienum
992 1320 1130 1373 servum?
1154 1313 1192 1373 Ei
1215 1312 1261 1371 hic
1285 1331 1378 1372 “³⁵¹ss
1401 1308 1481 1368 etiam
1505 1307 1586 1367 dulim
1617 1358 1624 1369 ·
1736 1388 1741 1395 ,

104 1418 174 1488 πειδλ
189 1417 250 1486 ἀξια
268 1424 314 1477 τοῦ
336 1415 374 1494 μὴ
389 1416 523 1497 κρίνεσθαι
545 1425 633 1487 ποιεῖ,
653 1413 788 1476 θιάτσῦπν
839 1405 909 1464 clam
921 1405 1086 1487 perstringit.
1103 1407 1165 1465 Non
1179 1403 1250 1464 enim
1261 1417 1400 1485 propterea
1408 1400 1491 1482 jubeo
1506 1399 1585 1459 illum
1641 1394 1645 1405 ⁴

104 1533 114 1567 ι
129 1508 184 1587 «μὴ
199 1517 302 1589 κρῖναι,
313 1510 372 1567 ἀλλ’
384 1507 475 1579 ἐπειδὴ
491 1506 628 1589 ἀλλότριόν
637 1509 708 1566 ἐστιν
718 1505 787 1566 ιινέ.
838 1512 891 1552 non
902 1495 1032 1574 judicari,
1052 1495 1125 1576 qnod
1139 1497 1186 1556 iile
1204 1496 1269 1556 talia
1282 1486 1374 1569 tirciat,
1389 1515 1449 1573 qua
1464 1490 1584 1574 judicari

104 1601 233 1672 ουτέστιν,
247 1603 276 1660 οὐ
296 1598 355 1673 σὸς,
371 1598 439 1659 ἀλλά
452 1606 497 1658 τοῦ
512 1602 594 1660 Θεοῦ.
612 1589 681 1658 Εἶτα
694 1621 785 1678 παρα·
838 1607 891 1646 non
905 1586 1029 1663 debeant,
1043 1589 1089 1650 sed
1100 1589 1164 1670 quia
1178 1589 1282 1649 alienus
1300 1602 1338 1648 est
1351 1608 1461 1664 servus,
1480 1584 1510 1645 id
1523 1598 1582 1664 est,

104 1715 175 1768 Ινανος
187 1691 263 1751 αὐτὸν
277 1691 368 1764 πάλιν,
384 1693 431 1750 οὐκ
442 1681 526 1764 εἶπεν,
540 1689 581 1750 ότι
595 1689 703 1765 πίπτει,
717 1689 786 1750 ἀλλὰ
837 1701 890 1740 uon
905 1695 978 1760 tuus,
994 1682 1043 1743 sed
1056 1682 1114 1743 Dei.
1128 1680 1233 1742 Deinde
1244 1682 1324 1741 illum
1338 1702 1431 1758 rursus
1445 1678 1585 1740 consolans

104 1781 194 1854 ήκειῆ
209 1781 313 1842 πίπτει.
325 1781 370 1841 Ἂν
381 1806 410 1840 τι
427 1781 455 1842 δὲ
465 1787 557 1854 τοῦτο,
572 1781 603 1841 ἄν
614 1806 644 1841 τε
655 1783 740 1842 ἐκεῖνο
752 1773 786 1862 ᾖ,
837 1793 891 1832 non
901 1773 983 1851 dixit,
997 1773 1087 1850 Cadit,
1101 1774 1149 1834 sed
1159 1774 1247 1854 qnid?
1262 1775 1327 1835 Stat
1341 1786 1395 1832 aut
1403 1773 1500 1858 cadit.
1519 1771 1585 1832 Sive

104 1873 198 1954 ιιιιόι-,ι
213 1872 330 1954 διαφέριι
351 1881 435 1933 ιιιῦιιι
460 1874 613 1954 aggai-290,-
631 1873 677 1933 ιιιιλ
694 1871 752 1954 ’γὰρ
767 1878 785 1946 ἡ
837 1874 927 1921 autem
941 1862 1003 1938 hoc,
1018 1861 1076 1922 sire
1090 1861 1160 1921 illud
1173 1861 1265 1933 suerit,
1281 1875 1425 1939 utrumque
1437 1858 1473 1918 ad
1487 1860 1584 1920 Domi·
1602 1930 1606 1938 ⁴

117 1968 172 2025 ζιιῑ
187 1967 281 2041 ιιινιι,
294 1965 432 2040 mum,
446 1965 536 2046 ιῖιιιιιιρ
549 1957 595 2026 ,ὗν
610 1966 656 2025 ,ιιι
671 1972 686 2027 ὁ
699 1968 785 2026 ιιλιῡ.
795 1973 905 2042 ⁷⁰³num
925 1967 1042 2035 spectat,
1065 1952 1102 2012 ad
1119 1953 1198 2013 illum
1218 1953 1320 2034 qnippe
1341 1951 1472 2011 damnum
1500 1951 1584 2011 tendit

104 2064 209 2127 πῶιις,
225 2063 318 2119 Tuom
330 2057 376 2132 δὲ,
391 2062 414 2118 ιλ
425 2059 463 2137 ,ιλ
476 2060 520 2118 ιλν
532 2058 630 2119 mh,
643 2058 723 2118 π(ι’λιν
739 2081 788 2118 χιι.
805 2059 823 2105 Α
838 2069 918 2107 servo
927 2047 1038 2108 cadente
1045 2072 1055 2127 3
1070 2062 1098 2108 et
1107 2049 1154 2108 illo
1165 2062 1259 2124 stante,
1271 2048 1378 2108 lucrum
1387 2046 1423 2105 ad
1435 2045 1584 2106 Dominum

104 2177 130 2213 εν
142 2158 187 2213 τοῦ
200 2153 326 2226 Παύλου,
342 2151 501 2233 βουλομένω
520 2153 557 2230 μὴ
572 2153 625 2233 πφδ
635 2160 728 2234 καιροῦ
741 2160 788 2213 τοῦ
839 2153 949 2219 spectat.
971 2140 1036 2200 Haec
1049 2161 1139 2222 porro,
1159 2140 1212 2199 nisi
1228 2161 1340 2220 scopum
1361 2137 1441 2197 Pauli
1455 2136 1585 2219 respicia-
1674 2171 1677 2175 v

104 2270 194 2313 κοντος
207 2249 380 2323 ἐπιτιμᾶσθαι
395 2243 505 2320 αὐτοὺς,
519 2243 619 2324 σφόδρα
634 2244 727 2313 ἀνάξια
740 2247 804 2317 τῆς.
839 2255 911 2312 mus,
925 2234 973 2314 qui
987 2235 1048 2296 vult
1060 2235 1122 2295 illos
1138 2256 1192 2295 non
1205 2249 1267 2295 ante
1278 2247 1462 2316 opportunum
1478 2246 1584 2314 tempus

106 2346 184 2405 ιανοῑς
197 2337 347 2420 πρεπούσης
362 2336 520 2414 κηδεμονίας
535 2338 614 2397 ἐστίν.
628 2337 708 2411 Ἀλλ’,
721 2336 787 2419 ὅπερ
839 2324 981 2408 increpari,
995 2326 1105 2407 indigna
1119 2341 1197 2386 erunt
1207 2325 1255 2389 illa
1269 2347 1332 2387 cura
1344 2348 1404 2408 quar
1417 2324 1585 2384 Christianos

104 2429 153 2509 ἔριν
161 2475 169 2503 ,
190 2429 238 2503 rio
251 2429 359 2508 γνώμην
381 2428 508 2499 ζξιιάζιιν
524 2432 578 2502 διῑ,
593 2433 651 2509 μιν
666 2422 698 2501 ἧς
712 2428 787 2509 λέγι.
838 2416 939 2490 deceat.
953 2419 1019 2492 Sed,
1040 2433 1071 2480 ut
1083 2440 1191 2501 semper
1203 2418 1275 2514 dico,
1295 2441 1348 2498 qua
1362 2432 1450 2478 mente
1463 2417 1522 2478 bae
1535 2416 1582 2476 di-

104 2520 136 2581 nt
147 2521 196 2594 τὴν
206 2522 338 2596 ὑπόθεσιν,
350 2521 411 2602 περὶ
421 2512 453 2593 ἥς
466 2521 590 2600 λέγεται,
606 2523 653 2582 καὶ
665 2522 692 2582 τί
706 2546 787 2584 σπου-
840 2528 936 2574 cantor
948 2515 1062 2575 serutari
1079 2529 1194 2597 oportet,
1209 2529 1234 2575 et
1247 2513 1282 2575 de
1293 2537 1347 2594 qua
1360 2514 1473 2573 materia
1485 2513 1582 2601 ioque·

115 2619 281 2694 κατορθῶσαι
291 2614 372 2693 λέγει.
384 2617 446 2694 Οὐχ
458 2617 494 2682 ὡς
508 2614 586 2695 ἔτυχε
607 2613 635 2675 δὲ
649 2614 786 2695 ἐνέτρεψε,
840 2621 896 2687 tur,
915 2621 942 2667 et
962 2607 1029 2689 quid
1048 2607 1190 2669 emendare
1208 2607 1275 2670 velit
1294 2629 1357 2667 eum
1376 2606 1434 2667 hae
1453 2604 1583 2686 loquitur.

114 2704 205 2766 εἰπών.
223 2708 256 2765 Ei
276 2704 327 2786 γὰρ
341 2710 355 2765 ὁ
368 2705 449 2780 Θεὸς,
471 2707 559 2786 φησίν,
580 2713 595 2768 θ
613 2707 662 2780 τὴν
688 2706 786 2784 ζημίαν
840 2704 895 2763 Νεο
906 2703 1078 2790 mediocriter
1092 2719 1182 2765 autem
1195 2705 1275 2764 illum
1286 2703 1431 2784 pudefacit,
1446 2702 1513 2762 dum
1525 2702 1585 2762 hec

104 2823 163 2871 νων,
175 2797 248 2858 οὐδὲν
262 2806 332 2858 ποιεῖ
345 2798 495 2873 τέως,πῦς
507 2798 664 2870 οὐκάνείης
678 2800 788 2880 ἀκαιρος
840 2796 969 2877 loquitor.
997 2801 1068 2858 Nam
1091 2798 1114 2859 si
1138 2800 1224 2872 Deus,
1255 2796 1355 2876 inquit,
1384 2795 1433 2875 qui
1451 2794 1584 2855 damnum

104 2891 189 2970 ιπέρα
202 2897 248 2951 τοῦ
262 2889 358 2970 μέτρου
374 2890 524 2973 περίεργος,
538 2891 628 2973 ἀγχων
646 2893 723 2952 αὐτὸν
741 2891 787 2951 καλ
840 2891 951 2971 patitur,
967 2890 1040 2951 nihil
1051 2891 1159 2951 interim
1172 2891 1247 2969 iacit,
1269 2889 1405 2969 quomodo
1419 2903 1448 2952 tn
1465 2910 1519 2948 non
1532 2887 1585 2947 im·

104 2985 148 3052 ῦν;
170 2980 222 3048 Ὃς
242 2980 289 3060 μὲν
304 2981 388 3061 κρίνει
401 2983 504 3062 ἡμέραν
518 2988 581 3065 παρ’
593 2984 707 3065 ἡμέραν,
718 2981 787 3052 eet
804 2981 823 3028 Β
841 2997 971 3064 portunus
982 2983 1019 3043 sis
1031 2997 1057 3043 et
1070 2983 1292 3065 praetermodum
1302 2981 1433 3058 curiosus,
1448 2980 1494 3060 qui
1505 2980 1585 3040 illum

113 3082 201 3133 πᾶσαν
220 3072 332 3155 ἡμέραν.
346 3073 479 3133 Ἐνταῦθα
493 3074 522 3134 δέ
545 3097 591 3154 μοι
605 3078 678 3136 δοκεῖ
699 3073 788 3157 ἠρέμα
840 3075 918 3154 angis
937 3088 964 3135 et
976 3075 1117 3156 exagitas?
1135 3077 1162 3137 5.
1182 3074 1272 3134 Alius
1285 3074 1403 3156 judicat
1417 3076 1495 3133 diem
1510 3077 1587 3132 iuter

104 3165 134 3246 :pi
145 3164 266 3236 νηστείας
278 3164 446 3225 αἰνίττεσθαι.
459 3166 574 3249 Καλγλρ
588 3168 657 3234 εἰκὸς
670 3170 721 3226 τῶν
737 3191 788 3240 νη-
841 3169 918 3227 diem
926 3192 939 3238 ;
960 3169 1039 3227 alius
1059 3188 1132 3228 vero
1147 3169 1267 3249 judicat
1289 3187 1403 3225 omnem
1425 3167 1512 3225 diem.
1534 3164 1586 3229 Hic

104 3280 160 3315 ιτων
178 3255 251 3325 τινάς
269 3255 329 3325 τοῦς
340 3256 378 3337 μὴ
395 3257 568 3330 νηστεύοντας
584 3259 681 3343 κρίνειν
696 3261 788 3332 διηνι-
840 3259 911 3318 mibi
924 3259 1034 3320 videtur
1047 3259 1145 3319 sensim
1161 3258 1196 3319 de
1205 3257 1309 3340 jejunio
1322 3257 1483 3317 adumbrate
1496 3256 1581 3336 loqui.

104 3348 116 3419 λ
130 3349 175 3407 καί
193 3351 220 3407 ἐν
233 3358 291 3416 ταῖς
304 3350 520 3431 παρατηρήσεσιν
545 3351 614 3420 εἷιιδς
629 3341 696 3411 ε’ίναί
715 3376 789 3419 τινας
841 3351 912 3409 Nam
923 3350 1070 3420 verisimile
1084 3366 1140 3411 erat
1152 3349 1296 3430 quosdam,
1305 3349 1352 3429 qui
1364 3349 1527 3430 jejunarent,
1543 3371 1589 3410 eos

104 3440 181 3521 Ιθητάις
193 3440 295 3522 ἡμέρας
316 3441 513 3522 ἀπεχομένους,
537 3443 583 3504 καί
599 3443 679 3524 ῥητίις
693 3442 788 3525 ἐχομί·
842 3444 889 3523 qui
907 3466 960 3505 non
981 3444 1135 3525 jejunarent
1158 3441 1266 3502 assidue
1284 3441 1482 3523 judicarervei
1506 3442 1588 3504 etiam

105 3532 146 3591 διδ
158 3531 202 3590 καλ
217 3530 315 3611 ἔλεγεν,
328 3532 463 3600 Ἕκαστος
474 3538 512 3615 τῷ
523 3535 580 3616 ἰδίῳ
593 3534 634 3596 νοῒ
648 3539 788 3617 πληροφο-
842 3534 870 3594 in
887 3535 1122 3598 observationibus
1135 3533 1284 3595 verisimile
1295 3548 1336 3594 est
1348 3531 1480 3612 quosdam
1492 3533 1586 3608 inisse,

104 3647 119 3682 ι.
131 3623 212 3683 outo
223 3625 275 3705 γὰρ
288 3625 333 3686 καί
347 3630 399 3685 τῶν
416 3626 637 3708 παρατηροῦντων
650 3630 693 3690 τὸν
708 3628 787 3710 φόὸον
840 3628 889 3707 qui
904 3629 980 3688 statis
993 3628 1091 3688 diebus
1108 3628 1280 3704 abstinerent,
1302 3639 1328 3685 et
1342 3627 1418 3686 statis
1431 3647 1485 3686 uon
1503 3627 1588 3688 altsti-

104 3739 126 3788 ν,
137 3716 279 3797 ἀδιάφορον
298 3717 329 3776 τὸ
342 3727 456 3799 πρᾶγμα
476 3709 543 3779 εἶναι
558 3720 654 3800 λέγων,
675 3721 788 3781 καὶτῶν
841 3735 960 3780 nerent:
982 3743 1066 3800 quare
1087 3719 1194 3779 dicebat
1217 3745 1223 3778 ι
1253 3722 1459 3801 Unusquisque
1480 3725 1513 3780 ia
1535 3743 1589 3782 suo

104 3807 200 3885 εμένων
215 3809 301 3877 αὐτοῖς
311 3810 430 3890 σφοδρῶς
443 3807 491 3881 τὴν
507 3812 667 3891 φιλονεικίαν
681 3812 787 3892 ἀνῄρει,
841 3833 928 3872 sensu
942 3814 1079 3873 abundet.
1098 3811 1146 3872 Sic
1159 3811 1231 3875 enim
1245 3823 1272 3870 et
1285 3811 1491 3872 observantium
1508 3812 1589 3873 timo·
1621 3850 1624 3855 .

105 3898 166 3965 ςὸτι
175 3898 221 3958 καλ
232 3900 368 3982 οθσφόδρα
377 3900 603 3981 περισπούδαστον
617 3904 787 3985 περὶτούτων
842 3925 899 3964 rem
911 3903 1013 3983 abegit,
1029 3926 1087 3963 rem
1099 3924 1155 3963 esse
1169 3901 1368 3962 indifferentem
1381 3901 1473 3962 dicens
1480 3927 1491 3981 ς
1506 3917 1532 3964 et
1546 3905 1588 3964 in·

104 3998 133 4048 ιῖν
149 3992 273 4071 συνεχῶς.
288 3993 328 4052 oo
342 3991 443 4073 σφόδρα
459 3992 487 4051 δὲ
503 3994 743 4074 περισπούδαστον,
758 3999 788 4056 οῦ
805 3995 825 4043 0
842 3995 1054 4077 surgentirrmjn
1072 4017 1117 4056 eos
1134 3995 1329 4055 contentionem
1343 3995 1472 4072 abstulit,
1494 4010 1587 4057 osten·
1622 3988 1626 3995 ¹

104 4080 152 4152 τὴν
166 4083 263 4141 οἰκείαν
282 4084 367 4164 φύσιν,
381 4086 451 4156 ἀλλά
471 4087 544 4168 παρὰ
562 4089 607 4149 τὸν
627 4091 729 4171 καιρόν,
743 4091 789 4152 καί
841 4091 908 4152 dens
926 4110 979 4151 non
997 4104 1070 4151 tanta
1087 4091 1149 4151 illos
1167 4091 1352 4151 sollieitudine
1374 4105 1503 4172 perpetuo
1524 4112 1590 4152 exa·

104 4173 248 4245 ινιήλυὸας
261 4166 327 4236 εἶναι
344 4179 419 4257 έντῇ
439 4178 536 4239 πίστει.
557 4180 634 4240 Ἐπεὶ
648 4184 788 4244 Κολοσσα-
842 4184 929 4265 gitare
941 4206 1009 4266 opus
1024 4205 1089 4244 esse.
1103 4185 1164 4244 Non
1179 4197 1253 4243 tanta
1265 4197 1357 4243 autem
1375 4182 1529 4243 sollicitudo
1542 4206 1590 4245 ex-

104 4266 198 4348 ροίφων,
207 4268 275 4346 μετὰ
286 4272 386 4342 πολλῆς
400 4272 557 4352 ἀπαγορεύει
567 4280 643 4334 τοῦτο
652 4279 789 4347 πῆςσποο·
841 4275 932 4335 hiberi
942 4276 1092 4357 oportebat,
1106 4296 1159 4334 non
1171 4272 1317 4356 spectando
1330 4274 1368 4334 rei
1382 4287 1524 4354 naturam,
1541 4275 1590 4336 scd

104 4358 184 4439 έγων·
200 4359 336 4432 Βλέπετε,
353 4362 390 4439 μή
407 4387 447 4431 τις
461 4367 530 4442 ὑμᾶς
547 4364 621 4424 ἔσται
636 4370 788 4446 θαυλαγω-
842 4368 906 4447 quia
926 4367 1048 4428 nondum
1064 4381 1170 4449 tempus
1183 4380 1249 4443 erat,
1272 4380 1299 4426 et
1311 4367 1376 4446 quia
1398 4366 1439 4427 illi
1454 4388 1540 4449 nuper
1553 4367 1591 4428 ad

104 4449 126 4508 ιά
140 4455 187 4522 τῆς
201 4450 353 4532 φιλοσοφίας
367 4454 413 4514 καί
427 4461 505 4528 κενῆς
519 4461 637 4530 ἀπάτης,
657 4459 729 4519 κατὰ
740 4457 789 4533 τιλν
842 4461 926 4521 fidem
946 4474 1120 4523 accesserant.
1143 4462 1213 4521 Nam
1227 4460 1430 4521 Colossensibus
1449 4462 1588 4542 scribens,

104 4564 158 4600 οσιν
173 4547 225 4602 τῶν
240 4542 395 4624 ἀνθρώπων,
407 4546 477 4606 κατά
492 4546 527 4606 τὰ
543 4561 662 4630 στοιχεῖα
678 4558 723 4611 τοῦ
739 4551 789 4612 κό-
842 4553 895 4613 hoe
908 4575 1006 4634 magno
1025 4553 1116 4614 studio
1138 4553 1272 4634 prohibet,
1292 4551 1404 4613 dicens:
1419 4556 1531 4627 Videte,
1555 4574 1651 4620 necat.
1665 4589 1688 4621 ε,
1700 4569 1724 4622 θ.

111 4633 156 4692 καλ
176 4637 205 4694 οὐ
219 4635 288 4694 κατὰ
304 4636 436 4719 Χριστόν·
458 4640 504 4698 καλ
524 4640 614 4717 πάλιν,
631 4634 729 4717 Mindi
750 4667 790 4712 τις
844 4651 909 4728 quis
923 4668 978 4706 vos
991 4648 1119 4727 decipiat
1130 4657 1186 4727 μοι’
1194 4648 1413 4728 philosophiam
1428 4660 1456 4706 et
1470 4651 1591 4707 inanem

104 4726 204 4808 ιρινέτω
214 4731 240 4787 ἐν
252 4729 389 4808 βρώσενῆ
403 4733 430 4790 ἐν
440 4732 525 4792 πόσιν
540 4735 595 4810 καὶ,
609 4737 710 4809 Μηδεὶς
721 4740 791 4815 ὑμᾶς
839 4739 1014 4819 fallaciam,
1034 4740 1195 4799 secuudum
1212 4741 1402 4798 traditionem
1416 4741 1588 4811 dominum,

104 4819 243 4901 ραῦευέτω.
260 4821 312 4880 Καί
327 4823 461 4891 Γαλάταις
476 4824 504 4884 δὲ
529 4828 701 4900 ἐπιστέλλων,
722 4826 790 4907 μετὰ
843 4833 1002 4891 secundum
1017 4833 1163 4891 elementa
1182 4833 1294 4903 inuadi,
1316 4844 1345 4890 et
1360 4852 1420 4889 aon
1432 4833 1592 4892 secundam

104 4936 111 4978 ;
131 4911 269 4991 ἀκριόείας
284 4916 393 4974 ἀπαιτεῖ
418 4920 481 4995 παρ’
510 4919 594 4978 αὐτῶν
616 4918 664 4990 τὴν
688 4923 714 4979 ἐν
735 4928 789 4985 τοῖς
846 4923 996 4984 Christum
1002 4951 1013 4996 ;
1025 4936 1051 4983 et
1072 4945 1182 4983 rursum
1196 4926 1258 4983 :Ne
1270 4929 1335 5004 quis
1350 4927 1441 5005 igitur
1450 4946 1505 4984 vos
1513 4927 1590 5007 judi·
1604 4945 1662 4989 loru.
1673 4945 1742 4992 aro.

104 5025 136 5069 οις
150 5003 305 5086 φιλοσοφίαν
327 5008 372 5066 καί
384 5008 548 5082 τελειότητα.
564 5010 696 5072 Ἐνταῦθα
716 5013 744 5073 δέ
759 5012 788 5071 οὐ
843 5029 888 5074 eet
901 5017 933 5075 in
947 5019 1012 5074 cibo
1028 5028 1080 5074 aut
1094 5019 1126 5074 ιἰι
1138 5029 1208 5095 potu
1215 5042 1227 5088 ;
1241 5029 1278 5093 et,
1288 5019 1333 5076 Ne
1346 5020 1411 5097 quis
1424 5014 1511 5077 uobis
1526 5021 1592 5077 bra·
1605 5006 1640 5055 ¹⁸·

104 5116 144 5151 ται
155 5088 240 5176 τοότῳ
256 5100 292 5178 τῷ
309 5098 392 5181 τόνῳ,
407 5099 451 5160 διίι
467 5101 498 5161 τὸ
508 5101 630 5182 νεόφυτον
642 5094 708 5164 εἶναι
722 5106 786 5184 παρ’
804 5126 824 5174 n
845 5111 922 5169 vium
936 5112 1112 5189 intercipiat.
1121 5107 1157 5166 Et
1167 5107 1272 5168 Galatis
1281 5109 1409 5184 scribone,
1418 5131 1480 5171 cum
1495 5131 1592 5190 magna
1604 5119 1660 5164 (ἔνθ
1681 5131 1690 5164 ι

104 5292 150 5328 11⁰⁸
162 5275 247 5329 Codex
258 5278 295 5346 [et
306 5281 347 5348 δι]
359 5291 414 5338 όταν
426 5293 470 5356 γὰρ
483 5292 544 5354 titre.
865 5305 875 5330 ⁰
892 5291 962 5345 Unus
974 5292 1061 5345 Codex
1073 5293 1109 5358 [et
1122 5289 1163 5362 d]
1173 5298 1208 5358 μὴ
1220 5298 1309 5362 κρίνων.
