3742 5970
241 430 307 502 118
586 452 617 502 S.
645 448 786 502 Josnnls
811 447 996 499 CHRYSOST·
1027 450 1181 500 ARCHIEP·
1210 452 1482 501 constantines.

236 576 337 638 sseuvius
360 589 471 657 paratus
491 588 539 634 est.
558 576 642 636 nuti
667 573 761 634 eadem
784 590 845 652 qnae
871 568 977 630 Pharao
1033 569 1066 630 τά
1080 575 1126 633 ταῦ
1140 573 1245 658 Φαραὼ
1260 575 1421 653 ἐτόλμησαν·
1436 575 1494 634 ἀλλ’
1520 575 1567 632 οὐκ
1588 572 1684 631 ἔπαθον
1709 569 1744 629 τά
1757 575 1805 629 τοῦ

237 682 300 729 sunt
314 669 387 743 aursi,
401 666 512 727 sednon
526 666 619 726 eadem
630 666 700 747 passi
715 677 778 724 sunt
786 684 847 744 quae
858 661 975 738 Pharao,
1033 663 1147 746 Φαραὼ,
1161 666 1518 738 ὠδίκατεποντίσθησανείς
1531 662 1642 745 ἐρυθρὴν
1657 662 1804 721 θάλασσαν·

237 777 324 835 neque
334 754 467 816 submersi
481 768 543 814 sunt
556 755 585 814 in
600 774 673 814 mare
686 752 830 813 Rubrum
841 760 978 830 exspectat
1033 753 1170 869 τὸχάρπί
1171 757 1353 838 λαγοςαύτοῦς
1366 757 1480 839 μίνειτῦ
1493 780 1542 828 της
1552 755 1687 828 essaeos
1702 754 1806 812 ίνθαοῦ

236 850 309 909 enim
322 848 382 909 illos
400 848 512 929 pelagus
531 846 634 927 ahyssi,
647 846 695 905 uhi
710 865 764 904 non
781 842 884 920 absque
898 858 977 899 sensu
1033 870 1101 926 pm
1087 847 1456 931 ἀν5αισθησίαςήτιμωρία
1475 848 1533 910 οὐδὲ
1548 850 1729 925 ἀποπνιγῆναι
1749 845 1804 918 ἔνι,

237 962 325 1022 μωιια,
336 960 385 999 nee
403 938 530 999 suffocari
548 938 624 1016 licet,
636 936 685 998 sed
700 935 830 994 diuturno
843 930 976 1006 cruciant,
995 942 1014 989 n
1033 938 1093 998 ἀλλ’
1103 940 1147 1000 ἐπὶ
1159 942 1238 1002 πλέον
1250 942 1456 1021 χολοζομξοοοο,
1469 939 1701 1020 mpuvttope'voue
1717 940 1805 1016 ἀπα-5

112 1044 116 1052 ’
238 1033 404 1112 sartaginum
431 1030 527 1092 ardore
550 1045 577 1091 et
606 1028 815 1110 strangulatione
844 1022 977 1085 consumi
1033 1031 1157 1109 χονιζομί
1157 1055 1213 1101 ναις
1232 1033 1428 1094 ἀναλίσκεσθαι.
1442 1032 1542 1092 Πολλοί
1556 1032 1640 1091 τά
1604 1054 1657 1090 των
1671 1029 1805 1110 ’-Ισραηλι

237 1120 320 1185 Multi
342 1125 436 1185 eadem
459 1146 518 1203 qnae
537 1123 664 1184 Israelita
682 1133 745 1180 sunt
763 1117 838 1194 ausi;
863 1114 979 1176 sednon
1033 1125 1086 1180 τιῦν
1102 1122 1266 1202 ἔ·τολμι·5σαν
1279 1125 1375 1185 ἀλλ”
1349 1150 1398 1186 ουκ
1410 1125 1548 1206 ἔφαγον
1519 1122 1612 1191 αυτοῦς
1626 1123 1714 1202 ὄφεις·
1731 1119 1806 1198 μένει

236 1217 402 1277 devorarunt
415 1216 476 1276 illos
485 1229 641 1297 serpentes.
635 1237 641 1251 ·
658 1225 747 1273 manet
760 1209 833 1271 enim
845 1207 908 1269 illos
918 1226 979 1267 ver·
1034 1212 1085 1293 γάρ
1104 1215 1224 1283 οὔτοῦτο
1240 1216 1347 1292 σκώληξ
1359 1221 1373 1277 ὁ
1387 1216 1569 1289 ἀτελεύτητος.
1587 1214 1689 1275 Πολλοί
1709 1215 1743 1273 sd
1757 1218 1805 1274 τοῦ

237 1307 523 1371 misiileimmortalis.
531 1306 727 1384 Multieaquae
742 1298 977 1375 Giezisusisunt,
1034 1305 1113 1376 Γιοζῆ
1127 1307 1290 1386 ἐτόλμοοο,
1304 1311 1363 1369 ἀλλ
1385 1311 1433 1368 οοοο
1446 1307 1646 1389 ζλοοοοώθηοοο·
1662 1306 1736 1384 μένε,
1751 1305 1805 1388 γὰρ

236 1423 285 1461 nec
296 1416 358 1462 seint
371 1403 446 1483 lepra
459 1400 601 1484 percussi:
594 1412 703 1458 .munet
717 1398 788 1457 enirn
799 1394 861 1454 illos
874 1412 923 1474 pro
937 1393 978 1455 le-
1033 1395 1310 1472 αιήοὺςάντὶτῆςλέπ
1289 1424 1357 1482 epe<
1367 1425 1398 1462 οο
1384 1401 1632 1515 δοχοοομογοῆοοο
1640 1399 1686 1458 χοὶ
1696 1401 1806 1471 τεθῆναι

236 1517 295 1575 pra,
302 1494 375 1573 quod
388 1495 553 1554 dissecentur
563 1505 589 1551 et
597 1504 732 1573 ponantur
744 1509 807 1549 οιιιιι
816 1482 977 1568 hypocritis
1034 1487 1150 1566 μιτά”
1115 1514 1167 1550 των
1182 1495 1339 1576 ὑποκριτῶν.
1352 1493 1452 1554 Πολλοί
1465 1490 1542 1551 καί
1523 1513 1632 1569 ωμοσαν
1645 1490 1692 1550 καλ
1706 1488 1804 1569 ίπιώρ

235 1583 761 1686 MultietiamjuraruntaepejeraruntJ
774 1579 897 1639 sieutem
908 1577 978 1638 effu·
1032 1604 1131 1653 κησαν·
1147 1586 1170 1643 εί
1189 1583 1468 1666 δίκαλδιίφυγονμλ
1430 1611 1450 1664 μ
1481 1586 1635 1665 θαρρῶμεν·
1659 1581 1732 1660 ρίνει
1751 1579 1804 1692 γὰρ

235 1692 343 1758 gerunt,
360 1700 394 1739 ne
406 1678 596 1739 confidamus·
590 1720 597 1733 .
612 1687 701 1735 manet
714 1673 787 1733 enim
802 1671 864 1732 illos
876 1669 978 1730 stridor
1032 1672 1125 1742 αὐτοὺς
1138 1678 1152 1734 ὁ
1166 1677 1283 1757 βρυγμὸς
1293 1682 1345 1737 τῶν
1356 1677 1477 1738 ὀδόντων.
1492 1676 1546 1736 Καὶ
1561 1677 1674 1735 ἐνταῦθα
1688 1671 1765 1733 δὲ’
1730 1695 1804 1752 ταχα

234 1774 365 1833 dentium.
379 1773 417 1833 Et
429 1773 551 1833 fortassis
570 1771 652 1833 etiam
664 1769 710 1828 hic
724 1768 869 1851 patientur,
881 1780 909 1826 et
923 1786 977 1827 non
1030 1765 1168 1827 estensem
1177 1816 1187 1842 ‚
1200 1771 1245 1829 καί
1257 1773 1286 1831 οὗ
1300 1769 1452 1854 φεύξονται,
1468 1772 1491 1830 εἰ
1505 1769 1551 1830 καλ
1565 1768 1603 1849 μή
1616 1766 1691 1849 παρά
1702 1766 1804 1840 πόδας,

234 1865 374 1946 effugient,
386 1864 492 1924 etiamsi
507 1883 560 1923 non
574 1861 723 1940 evestigio,
737 1857 824 1920 sedin
839 1858 901 1918 aliis
912 1879 976 1940 pes*
994 1867 1013 1915 Ε
1031 1859 1090 1918 ἀλλ’
1100 1861 1142 1941 ἐφ’
1157 1862 1254 1945 ίτάροις
1271 1863 1470 1945 ἁμαρτήμασιν,
1484 1861 1527 1922 ίνα
1537 1861 1584 1922 καλ
1596 1858 1804 1942 χαλειιωτίραή

233 1959 308 2034 eatis,
318 1971 347 2016 ut
362 1956 472 2038 gravior
482 1956 517 2016 sit
525 1976 603 2037 poena
614 1953 693 2033 :quia
704 1965 730 2012 et
742 1972 791 2011 nos
804 1971 875 2032 saepe
886 1962 976 2010 sumta
1031 1952 1147 2034 τιμωρία
1157 1945 1175 2035 ᾖ
1183 1978 1190 1992 ·
1206 1955 1263 2016 ἐπεὶ
1273 1954 1319 2015 καί
1334 1960 1412 2033 ἡμεῖς
1425 1954 1553 2021 πολλάκις
1566 1951 1688 2035 ἀφορμάς
1702 1948 1804 2011 λιιάάν-

231 2050 397 2111 oecasionea
416 2048 579 2126 minoribus,
600 2046 681 2106 etiam
704 2064 753 2126 pru
768 2042 873 2122 magnis
889 2055 976 2102 totum
1030 2066 1074 2112 τις
1088 2046 1141 2106 ἀπὸ
1154 2052 1265 2129 μικρῶν,
1280 2047 1326 2107 καὶ
1338 2046 1405 2128 ὑπὲρ
1420 2047 1541 2128 μεγαλων
1555 2045 1586 2105 τὸ
1601 2054 1655 2104 πᾶν
1668 2048 1804 2122 κινοῦμεν.

231 2143 505 2221 evacuamusltaque
522 2139 667 2219 siquando
687 2136 789 2198 videris
807 2135 858 2196 tihi
869 2133 975 2213 aliquid
1031 2132 1113 2196 Ὥστε
1126 2139 1257 2220 ἀτανίδῃς
1270 2140 1297 2200 τί
1311 2163 1353 2200 σοι
1366 2139 1482 2219 αυμῦάν,
1494 2135 1679 2216 άναμνήοῦητί
1694 2157 1742 2194 σου
1755 2137 1804 2208 τῆς

229 2234 358 2311 accidere,
370 2254 472 2293 memor
487 2245 542 2292 esto
553 2231 629 2290 iliius
643 2229 745 2311 peceati
755 2228 807 2287 tui.
822 2226 882 2286 Hoc
892 2225 973 2286 etiam
1030 2225 1161 2310 ἁμαρτίας
1172 2230 1282 2306 ἐκείνης.
1292 2235 1380 2294 Τοῦτο
1391 2233 1443 2312 γάρ
1454 2229 1560 2291 ἐπὶτῶν
1573 2231 1635 2288 υίῶν
1646 2232 1693 2287 τοῦ
1704 2224 1805 2287 ’lunt

230 2328 257 2385 in
277 2325 342 2384 filiis
360 2323 445 2386 Jacob
462 2321 569 2383 accidit.
584 2319 746 2382 Meministis
766 2317 881 2378 inanum
899 2319 974 2381 Jose·
1028 2317 1128 2399 γίγονε.
1139 2323 1326 2401 Μνημονεάετε
1336 2326 1389 2383 τῶν
1401 2323 1520 2403 ἀδελφῶν
1533 2324 1579 2381 τοῦ
1593 2318 1713 2398 Ἰωσήφ·
1730 2316 1803 2378 sed·

228 2418 277 2499 phi
294 2442 301 2475 ι
317 2415 495 2479 vendiderant
509 2416 635 2487 inanem,
651 2410 773 2472 occidere
791 2421 971 2487 tentaverant,
1028 2410 1113 2483 λησαν
1125 2412 1170 2473 τὸν
1186 2413 1307 2495 ἀδελφὸν,
1325 2413 1423 2494 σφάξαι
1441 2411 1628 2494 ἐπεχείρησαν,
1647 2411 1751 2489 μᾶλλον
1774 2406 1804 2469 di

228 2509 284 2568 imo
296 2522 427 2588 pransum
438 2507 466 2567 in
480 2507 545 2588 ipsis
551 2518 608 2565 erat
620 2500 788 2564 occiderant·
779 2501 970 2584 ,deceperant,
1027 2502 1072 2562 καί
1093 2502 1224 2586 ἀίσφιιξαν
1241 2506 1301 2567 ὅσον
1316 2508 1347 2568 τὸ
1364 2509 1407 2566 ἐπ’
1422 2508 1522 2573 αίποίς·
1537 2503 1690 2577 ἠπάτησαν,
1699 2501 1805 2576 ἀλάπη·

227 2622 317 2662 senem
330 2601 567 2676 contristaverantJ
558 2595 644 2656 nihil
657 2594 816 2700 pessimant
830 2594 905 2654 mali.
916 2594 972 2654 Ita·
1026 2598 1272 2682 οαντὸνγάροντα·
1293 2597 1366 2661 οῦδὲν
1389 2600 1494 2659 ἔπαθον.
1514 2597 1592 2658 Μετά
1612 2595 1723 2657 πλείονα
1739 2602 1804 2676 γοῦν

227 2708 346 2782 qnepost
355 2693 455 2752 multos
467 2689 593 2751 annosde
602 2701 731 2748 extremis
743 2686 1072 2788 perrehtatrsnnt,m1m
1085 2691 1215 2772 περλτων
1233 2691 1354 2773 ἐσχάτων
1374 2690 1566 2760 ἐκινδύνευσαν,
1585 2688 1698 2759 καίτοι
1711 2688 1804 2768 ἁμαρ·

227 2800 252 2845 et
265 2786 369 2867 peecmi
386 2785 470 2867 hujus
488 2796 553 2843 tunc
575 2779 759 2842 retundantur.
776 2778 858 2854 Quod
879 2794 971 2841 autern
988 2805 1008 2852 Α
991 2749 1190 2857 ωτίαςταιίτης
1202 2784 1460 2863 ὑπομιμνήσκονται.
1473 2783 1531 2847 Και
1543 2780 1628 2842 ἀπ’
1603 2804 1632 2840 ου
1647 2779 1804 2860 στοχασμὸς

226 2898 279 2938 non
297 2879 450 2959 conjectura
465 2877 501 2936 sit
520 2874 593 2954 quod
608 2873 695 2934 dieo:
688 2871 778 2932 ·audi
796 2872 859 2933 illos
877 2871 970 2934 dicen·
1025 2875 1057 2935 τὸ
1069 2875 1218 2957 εἰρημένον
1231 2876 1349 2936 άκουι
1321 2899 1406 2936 αυτων
1421 2875 1448 2934 τί
1462 2896 1544 2956 φασι·
1537 2871 1627 2934 ··Ναί
1640 2868 1803 2952 ίνάμαρτίφ

77 2969 135 3011 ⁶⁶⁸·
149 2964 188 3028 4²·
226 2984 286 3031 tes:
302 2973 429 3030 Etiam.-
445 2972 477 3027 in
496 2979 616 3048 peceato
637 2966 716 3024 enim
737 2984 836 3026 sumus
854 2965 971 3047 infm-
1025 2966 1077 3048 γάρ
1063 2971 1172 3048 ρέσμεν
1181 2969 1300 3049 περὶτοῦ
1315 2971 1427 3049 ἀδελφου
1439 2969 1526 3046 ἡμων
1537 2960 1653 3027 Οίίτωδ
1639 2962 1734 3038 δὴκαλ
1755 2961 1802 3039 σὺ,

74 3040 114 3073 '¹'
226 3080 299 3126 trem
313 3077 453 3124 nostrum.
466 3061 512 3122 sic
527 3073 553 3119 et
566 3073 606 3133 tn,
617 3057 740 3118 eumtihi
753 3056 969 3138 quidpiamcon·
1024 3058 1088 3118 ὅταν
1100 3082 1128 3119 τι
1137 3059 1243 3140 συμ6”
1258 3059 1327 3135 εἰπὲ,
1339 3059 1397 3131 ναλ,
1411 3063 1438 3120 ἐν
1452 3057 1570 3173 ἁμαρτίᾳ
1583 3056 1672 3136 ἐσμὲν,
1696 3055 1780 3116 ἀπ’
1753 3077 1803 3116 ουκ

225 3154 401 3236 tigeritdic:
417 3149 541 3228 Etiam,
533 3161 681 3231 mpeceato
696 3147 876 3254 sumus,‹Jnia
890 3148 972 3208 Chri-
1024 3149 1174 3231 ἠκούσαμεν
1188 3157 1234 3211 τοῦ
1253 3154 1383 3232 Χριστοῦ,
1404 3151 1482 3213 ἀπ’
1465 3151 1623 3231 ωμόσαμεν·
1640 3153 1669 3209 αί
1684 3150 1802 3229 πολυορ-

225 3261 297 3307 stum
314 3269 367 3307 non
380 3244 544 3320 audivimus,
558 3241 621 3320 quia
634 3238 806 3322 juravimus3
817 3238 970 3329 juramenta
1024 3241 1096 3317 κίοι,
1109 3266 1155 3302 και
1144 3242 1197 3303 αἱ
1214 3245 1346 3326 ἐπιορκίαι
1367 3243 1459 3304 ἐπί
1431 3268 1480 3317 την
1493 3242 1611 3324 κεφαλήν
1623 3265 1675 3321 μου
1690 3231 1801 3312 ’.ήλθον

224 3341 373 3421 frequentia
385 3354 411 3400 et
422 3358 541 3423 perJurta
555 3337 583 3397 iu
600 3347 681 3416 caput
695 3354 788 3394 meum
801 3324 967 3394 inciderunt.
1024 3335 1128 3395 Οὐκοῦν
1141 3333 1344 3415 ἐξομολόγησαι·
1365 3336 1411 3395 καί
1425 3333 1478 3417 γάρ
1496 3340 1612 3396 κάκεῖνα
1626 3333 1653 3403 ἐξ
1640 3331 1801 3445 ξωμολφγή-

102 3423 217 3469 ⁰⁰”s‘⁸⁸¹⁰
174 3435 321 3520 ltaque
332 3433 478 3493 confitere
484 3451 553 3491 uam
561 3441 587 3487 et
598 3426 640 3486 tlh
651 3424 764 3487 confessi
778 3425 893 3487 salutem
901 3447 969 3486 con·
1024 3450 1119 3501 αοντο,
1138 3428 1185 3488 καί
1203 3427 1351 3503 ἐσώθησαν.
1377 3427 1414 3488 Τί
1434 3428 1500 3509 γάρ,
1523 3430 1546 3488 εἰ
1566 3425 1604 3506 μὴ
1628 3429 1801 3508 παραχρῆμα

73 3488 217 3593 λιξίήοοο,
225 3523 310 3584 secuti
323 3537 396 3584 sunt.
410 3520 580 3599 Quidenim,
593 3519 800 3599 sinonrepente
813 3516 970 3580 ultioinva·
1024 3519 1124 3580 ἔπεισιν
1142 3526 1172 3592 ἡ
1178 3545 1266 3603 τιμωρ
1268 3520 1311 3595 ία5
1330 3521 1389 3582 ἐπει
1408 3521 1454 3580 καί
1471 3525 1485 3580 ὁ
1498 3519 1602 3602 Ἀχαάὅ
1617 3519 1662 3580 td
1675 3525 1723 3578 τοῦ
1740 3521 1801 3579 Να·

74 3606 97 3653 ³·
106 3611 164 3669 ⁸⁶6¹·
176 3621 215 3655 ²¹·
225 3615 288 3675 dit?
300 3613 519 3695 quandoquidem
533 3610 627 3671 Achab
642 3622 753 3690 propter
765 3609 900 3669 Nabuthae
916 3630 970 3670 non
1024 3611 1156 3672 doutet’
1130 3636 1177 3673 ουκ
1191 3614 1285 3682 εὐθέως
1304 3613 1378 3696 παρὰ
1393 3613 1442 3687 τὴν
1456 3612 1589 3694 ἁμαρτίαν
1609 3611 1704 3671 ἔπαθεν
1728 3612 1800 3696 ὅπερ

78 3683 113 3734 ⁹
225 3710 315 3768 statim
332 3719 550 3790 postpeccatum
570 3703 667 3785 plexus
688 3701 825 3762 fuscor
846 3723 911 3763 vero
930 3703 970 3763 sie
1024 3704 1116 3765 ἔπαθε.
1125 3704 1178 3765 Διά
1186 3704 1213 3765 τί
1222 3706 1250 3765 δὲ
1260 3704 1459 3786 τουτογίνεται
1451 3704 1570 3764 Διδωσί
1578 3728 1620 3764 σοι
1629 3703 1800 3787 προθεσμίαν

225 3821 267 3860 res
279 3801 390 3881 agitur?
405 3803 467 3860 Dat
479 3798 531 3857 tibi
545 3798 619 3856 Deus
637 3794 827 3877 prescriptum
850 3808 967 3877 tempus,
1022 3796 1161 3871 602&st
1142 3821 1211 3858 ωοτε
1222 3797 1412 3879 απονίίασθαι
1425 3797 1488 3856 ὅταν
1499 3796 1527 3857 δὲ
1545 3795 1625 3876 ἐπιμέ
1612 3820 1687 3877 ενῃς,
1702 3796 1800 3876 ἐπάγει

225 3904 257 3950 ut
267 3890 430 3951 abluens
390 3936 399 3968 ,
408 3912 431 3950 ει
441 3909 602 3972 perseveres,
614 3907 723 3967 poenam
731 3885 843 3945 demtum
852 3886 967 3949 inducit.
986 3905 1005 3953 n
1023 3890 1114 3950 λοιπὸν
1134 3890 1182 3965 τήν
1197 3891 1336 3974 τιμωρίαν.
1355 3889 1462 3964 Εἴδετι,
1474 3890 1501 3948 τί
1517 3889 1612 3950 ἔπαθον
1626 3893 1651 3949 oi
1663 3888 1800 3970 ψευδόμε-

225 3986 357 4061 vidistis,
378 3983 446 4064 quid
469 3980 542 4064 passi
567 3980 621 4039 sint
648 3977 807 4046 mendaces?
832 3979 966 4060 Cogitate,
1023 3985 1187 4058 νοι5οὐκοῦν
1199 3984 1392 4057 ἐννοήσατε,τί
1404 3984 1540 4044 πείσονται
1550 3983 1595 4044 καί
1606 3986 1630 4042 oi
1642 3984 1800 4066 ἐπιορκοῦν·

223 4078 292 4157 quid
314 4077 420 4160 passuri
438 4076 491 4136 sint
510 4071 611 4156 perjuri
617 4095 627 4150 5
647 4071 777 4151 cogitate,
793 4083 819 4130 et
837 4070 967 4132 desistite.
1023 4099 1079 4143 τες·
1091 4077 1246 4150 ἐννοήσατε,
1260 4079 1306 4138 καί
1316 4079 1459 4151 ἀπόστητε.
1473 4079 1533 4136 Οὐκ
1545 4076 1616 4136 ἔστιν
1626 4074 1745 4155 ὀμνύντα
1757 4074 1796 4156 μή
1830 4099 1837 4111 ·

224 4173 285 4230 Non
295 4183 382 4250 potest
392 4169 439 4248 qui
447 4168 524 4248 jurat
532 4185 585 4223 non
595 4163 727 4244 pejerare,
735 4163 803 4224 velit
815 4163 883 4223 nolit
894 4187 901 4221 ι
914 4185 968 4224 ιιοιι
1023 4170 1163 4252 ἐπιορκεῖν,
1179 4170 1225 4230 καί
1241 4170 1334 4230 ίκάντα
1353 4170 1399 4229 καλ
1418 4169 1530 4229 ἄκοντα·
1544 4171 1595 4228 'uix
1611 4167 1682 4227 ἔστιν
1698 4169 1796 4250 ἐπιορ-

174 4286 177 4293 ·
224 4274 312 4342 potest
324 4262 450 4341 perjurus
470 4257 583 4317 salutem
601 4254 737 4334 consequi.
751 4254 860 4338 Sufficit
883 4277 968 4316 unum
1022 4267 1118 4324 κοῦντα
1128 4266 1255 4335 σωθῆναι.
1268 4265 1354 4342 Ἀρκεῖ
1370 4261 1419 4339 μία
1436 4258 1662 4343 ἐπιορκίατὸπῦν
1677 4260 1798 4342 ἀργέτα·

224 4352 386 4434 perjurium,
395 4364 426 4410 ut
436 4364 522 4410 totum
534 4347 665 4429 perficiat,
678 4360 704 4405 et
714 4359 802 4406 totum
812 4347 889 4407 nobis
902 4368 967 4429 sup·
1022 4360 1098 4429 οθοι,
1116 4356 1161 4415 καί
1178 4357 1321 4433 ὁλόκληρον
1338 4359 1402 4432 ἡμῖν
1421 4352 1469 4426 τὴν
1486 4350 1617 4434 τιμωρίαν
1639 4354 1795 4432 ἐπαγαγεῖν.

225 4444 339 4525 plieium
358 4441 477 4501 inducat.
493 4438 558 4498 Ideo
574 4437 652 4497 nobis
672 4437 750 4518 ipsis,
766 4458 867 4515 quaeso,
880 4452 967 4500 atten·
1021 4444 1074 4505 Διά
1089 4445 1121 4520 δή
1142 4453 1219 4505 τοῦτο
1232 4445 1414 4525 προσέχωμεν,
1429 4447 1592 4525 παρακαλῶ,
1613 4447 1732 4517 ἑαυτοῖς,
1751 4442 1796 4504 ίνα

224 4535 320 4596 damus
325 4557 334 4610 5
346 4547 377 4592 ut
389 4552 497 4613 poenam
508 4529 591 4610 hujus
602 4528 704 4610 peccati
716 4528 874 4608 effugientes
887 4530 966 4590 mise·
1020 4537 1070 4612 τήν
1076 4542 1192 4599 ἐντεῦθεν
1202 4538 1309 4598 κόλασιν
1321 4535 1563 4617 διαφυγόντες,τῆς
1573 4535 1648 4618 παρά
1661 4542 1708 4597 τοῦ
1722 4539 1794 4599 Osos*

125 4614 134 4635 ⁸
223 4627 340 4689 ricordia
364 4625 416 4686 Dei
436 4622 590 4703 dignemur,
604 4621 687 4700 gratis
706 4634 732 4680 et
750 4621 966 4685 miserationibus
1020 4629 1217 4711 φιλανθρωπίας
1230 4628 1392 4706 άξιωῦῶμεν,
1411 4628 1503 4709 χάριτι
1517 4628 1562 4687 καί
1582 4632 1732 4711 οἰκτιρμοῐς
1746 4634 1795 4688 τοῦ

224 4719 356 4801 unigeniti
368 4720 427 4799 ejus
442 4714 514 4792 Filii,
522 4713 633 4792 quienm
644 4713 718 4772 Patri
732 4727 759 4773 et
770 4713 886 4795 spiritui
898 4737 964 4777 san-
1020 4728 1172 4803 μονογενοῦς
1191 4724 1270 4780 αὐτοῦ
1290 4722 1370 4793 tion,
1397 4724 1453 4799 μεθ’
1469 4711 1498 4778 οὗ
1515 4725 1554 4801 τῷ
1567 4721 1657 4801 Πατρλ
1676 4721 1734 4801 ἅμα
1753 4724 1795 4803 τῷ

223 4804 658 4894 ctogloria,·imperium,honor,
674 4818 788 4866 nuncet
806 4825 921 4888 semper,
938 4823 964 4870 et
1018 4814 1086 4897 ἁγίῳ
1098 4813 1235 4892 Πνεάματι
1247 4811 1323 4886 idio,
1337 4812 1448 4895 κράτος,
1462 4812 1543 4890 τιμὴ,
1557 4817 1603 4872 νῦν
1617 4811 1734 4891 καλάιί,
1746 4812 1793 4875 καί

222 4906 251 4966 in
261 4905 357 4966 meula
371 4901 540 4964 saetulorutn·
555 4899 650 4956 dmen-
980 4919 999 4967 c
1018 4909 1054 4974 εἰς
1063 4904 1124 4972 τοῦς
1137 4909 1232 4974 αἰῶνας
1247 4907 1299 4964 τῶν
1310 4903 1424 4964 αἰώνων.
1438 4903 1530 4983 Ἀμήν.

252 5101 264 5127 ¹
275 5087 357 5152 [Μ.
366 5092 441 5146 ἦλθον.
451 5076 628 5149 ίξομολάχνισαι(
641 5095 704 5130 unus
714 5081 930 5150 ίξομολογήσομαε).
940 5091 978 5136 καί
1060 5088 1073 5125 ¹²
1084 5087 1132 5138 Alii
1144 5094 1284 5146 disserimus
1295 5096 1391 5152 γέγονεν.
1403 5093 1441 5140 οῦκ
1453 5095 1545 5157 ἀφῆκεν.

220 5168 285 5236 νᾶα]
1236 5181 1243 5190 ’
