3728 5978
115 406 188 500 648
463 434 493 482 s.
520 433 660 483 soauuts
687 433 869 482 cunrsosr.
902 432 1058 486 sucurre.
1087 432 1360 483 cousraurruor.

115 580 166 640 pro
175 558 242 619 illis.
254 560 331 618 Nunc
341 577 446 636 quoque
456 556 576 640 idipsum
586 558 651 618 facit
662 583 670 618 ε
683 557 744 619 ideo
752 559 856 619 donum
908 558 1030 640 χάρισμα
1039 563 1118 640 εθχῆς
1129 556 1612 630 ἑδίδυιι.Ἐποίειδὲτο”3το,αἰνιαίιτδς
1619 579 1689 637 ταρτ-

115 650 276 730 precationis
295 649 409 728 largitus
423 661 471 707 est.
487 648 563 708 lllud
582 668 645 709 vero
663 648 785 725 iaciebat,
804 669 857 708 non
910 651 1030 724 κλήσεως
1040 652 1176 730 δεόμενος,
1187 653 1246 711 ἀλλ’
1257 649 1388 728 ίναῆμεῑς
1403 647 1460 726 μὴ,
1474 647 1574 715 dael&
1583 649 1687 726 eutices-

115 741 187 821 quod
203 741 259 824 ipse
273 740 456 801 obsecratione
468 762 537 822 opus
549 740 660 802 baberet
670 763 680 818 ς
692 740 739 800 sod
752 761 856 819 nenos,
907 768 963 818 νοι,
976 744 1132 825 φαυλότεροι
1145 745 1330 822 καταστῶμεν.
1345 741 1401 802 Διά
1413 765 1461 802 τοι
1475 745 1563 801 τοῦτο
1575 742 1689 803 πολλάκι·

113 832 187 912 quod
197 833 265 894 salvi
280 832 375 904 simus,
389 832 534 892 deteriores
545 830 700 893 evadamus.
712 831 776 891 ldeo
787 853 857 913 sepe
911 837 954 898 δεδι
962 837 1006 897 τδν
1021 838 1105 896 naute
1115 837 1160 896 καί
1170 835 1215 896 τὸν
1229 837 1301 895 δεῖνα
1311 834 1358 893 καί
1367 834 1419 894 τδν
1431 833 1513 894 δεῖνά
1524 856 1608 912 φησιν
1615 835 1689 900 ὠτός

112 938 139 985 et
148 939 258 1007 propter
271 923 364 985 David
376 937 403 984 et
415 938 526 1005 propter·
534 923 619 983 alium
631 937 657 984 et
667 922 857 985 aliumseillis
911 928 1155 999 καταλλάττεσθαι,
1181 933 1258 989 τοῦτο
1284 926 1350 986 αθτδ
1376 926 1599 993 κατασκευάζων
1611 926 1690 996 ταλιν,

112 1016 281 1078 reconciliari
294 1017 332 1076 ait
346 1040 353 1075 ε
367 1017 419 1076 hoc
434 1015 524 1098 ipsum
539 1035 684 1097 apparaus,
699 1031 730 1076 ut
741 1017 856 1077 formam
874 1031 891 1077 s
910 1020 952 1080 ἵνα
968 1020 1014 1081 καί
1027 1024 1122 1102 σχῆμα
1136 1023 1243 1097 ἑπιτεθῇ
1259 1021 1292 1097 τῇ
1307 1020 1490 1098 καταλλαγῇ·
1508 1016 1600 1076 καίτοι
1614 1020 1689 1096 ρειζό·

111 1109 322 1171 reeonciliationi
334 1108 435 1186 addat;
446 1129 611 1188 quamquam
622 1108 765 1189 benignior
775 1131 856 1191 appa·
910 1136 960 1180 νοις
973 1113 1005 1174 δν
1013 1113 1089 1180 αὐτὸς
1102 1110 1391 1194 ἐράνῆριλάνθρωπος,
1407 1113 1432 1169 εἰ
1446 1108 1490 1188 μὴ
1508 1107 1556 1168 διδ
1570 1109 1616 1169 τὸν
1628 1110 1690 1168 δεῖνι

111 1216 180 1263 reret
193 1203 260 1285 ipsc,
274 1202 297 1264 si
312 1221 363 1261 non
378 1221 426 1282 per
438 1201 524 1260 alium
536 1213 563 1260 et
575 1201 672 1280 alium,
688 1201 736 1261 sed
748 1223 797 1283 per
809 1223 855 1262 se-
909 1204 955 1265 καί
968 1205 1012 1266 τδν
1026 1207 1113 1280 δεῖνα,
1127 1203 1197 1264 esst
1212 1205 1245 1263 δι’
1260 1202 1352 1262 ἑαυτὸν
1366 1202 1462 1282 ἔλεγεν
1480 1205 1578 1268 αὐτοῖς
1597 1204 1689 1280 άρεῑναι

109 1294 200 1376 ipsum
211 1294 313 1355 diceret
326 1317 354 1354 se
368 1293 578 1374 indignationem
592 1314 669 1356 suam
685 1294 750 1376 ipsis
763 1295 855 1355 remit·
909 1297 956 1370 τῆν
970 1297 1059 1378 ὀργῆν.
1073 1300 1142 1358 Ἀλλ’
1158 1298 1207 1377 οὐχ
1227 1295 1296 1356 οὕτω
1316 1303 1394 1356 τοῦτο
1410 1293 1597 1369 ἐσπούδασαν,
1615 1297 1650 1360 ὥς
1667 1298 1691 1354 τό

111 1399 177 1448 tere.
190 1389 295 1447 Verum
309 1407 362 1446 uon
380 1399 436 1445 tam
450 1386 501 1446 hoe
515 1386 563 1446 ille
572 1386 670 1463 soluit,
683 1406 765 1466 quam
779 1400 808 1446 ut
822 1406 856 1447 ne
908 1398 962 1456 τοῖς
977 1390 1134 1468 σωζορίνοις
1149 1389 1186 1469 μὴ
1201 1387 1322 1468 γενέσθαι
1346 1387 1486 1468 ῥᾳθυμίας
1507 1385 1636 1466 ἀφορμὴν
1651 1388 1690 1458 τίν

13 1546 16 1553 ,
108 1478 154 1553 iis,
165 1480 214 1560 qui
231 1480 300 1540 salvi
313 1480 418 1556 fierent,
432 1478 658 1539 reconciliationis
668 1479 764 1539 modus
777 1479 853 1560 igna-
907 1486 955 1553 τῆς
965 1484 1136 1560 καταλλαγῆς
1152 1480 1283 1540 ὑπόθεσιν.
1295 1477 1347 1538 Δια
1358 1482 1440 1539 τοῦτο
1464 1479 1518 1538 καὶ
1531 1477 1690 1560 τῷἹερερίρ

16 1571 339 1648 u.14.viaecausaloret.
352 1569 852 1652 ldeoJeremiaedieebatzNeprece·
906 1572 1059 1652 ἔλεγε,Μ·ῆ
1071 1572 1143 1642 ἀξίαι
1152 1571 1213 1654 περὶ
1226 1579 1273 1633 τοῦ
1286 1573 1352 1630 λαοῦ
1370 1569 1491 1644 τούτου,
1507 1571 1553 1630 &a
1579 1573 1629 1629 ὠκ
1648 1575 1690 1630 eie-

106 1667 148 1724 rt's
166 1685 221 1745 pro
238 1664 346 1744 populo
370 1665 437 1737 icoc,
457 1666 528 1744 quia
548 1682 607 1721 non
624 1665 784 1723 exaudium
800 1676 829 1723 te
838 1688 851 1732 ,·
907 1664 1053 1745 ακυίσοριαί
1078 1689 1141 1726 σου·
1164 1664 1223 1746 οὐχὶ
1243 1667 1344 1724 παῦσαι
1366 1662 1450 1722 αὐτὸν
1476 1662 1567 1722 θέλων
1578 1661 1690 1731 ἀξιοῦντα

106 1776 160 1817 non
173 1755 248 1837 quod
259 1757 341 1817 vellet
358 1755 438 1815 illum
452 1752 578 1835 precandi
593 1754 675 1815 linem
689 1756 776 1815 facere
789 1761 851 1830 (su
905 1756 992 1832 (πολὺ
1012 1757 1064 1838 γδρ
1088 1759 1211 1835 ἐπιθυμεῖ
1231 1758 1280 1826 τῆς
1299 1752 1435 1836 σωτηρίας
1457 1750 1514 1826 τῆς
1533 1754 1690 1835 ἡματάραςθ,

104 1847 190 1907 lutem
201 1848 303 1928 quippe
321 1859 440 1905 nostram
455 1845 592 1905 desiderat
601 1851 628 1923 );
642 1845 688 1905 sed
701 1846 776 1926 quod
790 1847 852 1907 illos
906 1852 965 1910 ἀλλ’
975 1849 1089 1918 ἐκείναις
1102 1850 1233 1930 ροδῆάαε·
1249 1844 1315 1928 ὅπερ
1326 1836 1371 1906 οῦν
1380 1845 1428 1905 καί
1447 1851 1465 1906 ὁ
1479 1846 1628 1930 προφήτης
1641 1871 1691 1906 συν

105 1951 204 1999 terrere
215 1934 422 2018 ευρετειιιγυυὰ
431 1935 584 2015 intelligens
593 1936 737 2018 propbeta,
748 1939 852 2019 precari
908 1941 979 2017 ιδδιν,
993 1945 1041 2002 οὐκ
1053 1940 1189 2000 ἐπαύσατο
1207 1938 1297 2008 ἀξιῶν.
1317 1938 1371 1998 Καί
1386 1938 1431 1999 ίνα
1450 1939 1568 2018 μάθῃς,
1589 1937 1631 1999 ότι
1652 1941 1691 1998 uix

105 2051 160 2092 uon
176 2030 301 2091 cessavit.
319 2027 357 2089 Et
370 2042 402 2088 ut
418 2028 518 2106 diseas,
538 2030 638 2104 Deum,
655 2050 708 2089 non
724 2044 755 2089 ut
774 2030 852 2091 illurn
870 2043 889 2092 c
907 2036 1060 2105 ἀποστῆσαι
1083 2032 1161 2092 αὐτόν
1173 2031 1273 2104 θέλων,
1288 2032 1346 2090 ἀλλ’
1362 2029 1515 2112 ἐντρίψει,
1537 2036 1626 2090 ταῦτα
1639 2031 1691 2090 ἔλε-

103 2136 248 2201 averteret,
263 2121 311 2182 sed
327 2135 358 2182 ut
376 2121 456 2180 illum
474 2119 653 2201 pudefaeeret,
668 2120 724 2182 haec
741 2121 860 2200 dixisse,
906 2148 961 2204 γεν,
972 2125 1083 2185 άκουσον
1096 2124 1123 2184 τί
1136 2146 1229 2206 φησιν·
1240 2119 1280 2182 Ἦ
1291 2125 1341 2202 υθχ
1351 2125 1416 2203 ὁρᾷς
1429 2121 1460 2181 τί
1480 2122 1564 2182 αὐτοὶ
1576 2129 1690 2185 ποιαῦειι

104 2213 171 2275 audi
196 2215 266 2294 quid
284 2214 380 2274 dieat:
397 2212 514 2274 Annon
533 2215 630 2292 vides,
645 2215 718 2294 quid
738 2216 787 2275 tili
795 2216 853 2298 sa·
907 2217 962 2278 Καὶ
982 2219 1048 2300 πρὸς
1071 2218 1120 2292 τὴν
1140 2218 1216 2278 πάλιν
1238 2215 1267 2276 δὲ
1288 2215 1352 2277 ὅταν
1365 2216 1448 2297 λε’γῃ·
1467 2214 1542 2277 ’Eas
1557 2217 1691 2296 ἀποκλίνῃ

18 2332 41 2366 α.
55 2331 93 2366 τε.
103 2311 186 2368 ciunt
199 2306 360 2368 rudversus
371 2305 510 2368 civitatem
520 2325 585 2368 vero
596 2326 658 2364 cum
672 2305 739 2366 dicit
752 2330 759 2363 =
771 2308 802 2368 St
811 2309 855 2367 lu·
907 2309 1004 2391 νίτρῳ,
1016 2312 1062 2371 καλ
1076 2311 1208 2390 πληθόνῃς
1218 2313 1314 2389 σεαυτῇ
1325 2307 1405 2381 πόαν,
1419 2308 1617 2382 κεκηλίδωσαι
1627 2311 1693 2368 ἐναν-

104 2403 179 2460 vetis
200 2412 229 2458 te
245 2403 322 2458 uitro
343 2411 371 2458 σι
394 2398 627 2458 accumulaverat
646 2400 701 2457 tibi
725 2399 855 2472 herbum,
906 2399 964 2459 τίον
977 2423 1043 2480 μου·
1057 2399 1159 2483 ὠχίνα
1170 2404 1207 2469 είς
1220 2399 1370 2480 ἀπόγνωσιν
1381 2398 1516 2479 ίμόάλῃ,
1531 2398 1627 2477 λε’γτι,
1639 2400 1690 2457 ἀλλ’

35 2514 39 2520 ·
103 2489 745 2569 τιιασιείαιαεείιιεοιιτρασικειιεοςτοαυιίιτ
758 2489 855 2571 despe-
907 2492 950 2552 ἵνα
965 2496 1002 2562 τίς
1025 2493 1165 2574 μετάνοιαν
1179 2492 1353 2572 διαναστῆσῃ.
1366 2490 1482 2573 Ὥσπερ
1495 2490 1554 2572 γδρ
1575 2492 1624 2551 ἐπὶ
1647 2495 1692 2549 τίεν

102 2582 235 2643 rationem
250 2581 392 2663 conjiceret
407 2580 486 2658 dicit,
501 2580 549 2641 sed
566 2595 596 2641 ut
611 2580 649 2642 ad
668 2582 854 2663 penitentiam
908 2589 1052 2647 Νινευιτῦιν
1072 2583 1226 2665 ἀδιορίστως
1242 2582 1323 2644 εἰπὼν
1336 2583 1385 2656 τῆν
1405 2583 1564 2663 ἀπόφασιν,
1587 2582 1636 2642 καί
1660 2580 1693 2659 nl,

103 2676 242 2739 excitaret.
256 2676 334 2737 Sicut
348 2674 420 2736 enim
434 2672 509 2756 apud
523 2676 672 2757 Ninivitas,
686 2696 750 2737 eum
761 2676 855 2738 indesr·
907 2677 1045 2745 θποτείνας
1062 2676 1182 2759 χρηστάς
1195 2675 1316 2749 ἐλπίδας,
1331 2677 1431 2753 μᾶλλον
1448 2673 1577 2755 ἐφόάησε
1594 2675 1642 2733 καὶ
1661 2679 1693 2738 εἰς

104 2769 160 2831 uite
173 2769 332 2831 sententiam
346 2766 471 2840 dixisset,
487 2788 536 2827 nec
551 2768 652 2829 bonam
667 2790 743 2851 spem
756 2771 853 2830 subin·
908 2770 1049 2848 μετάνοιαν
1061 2769 1177 2848 ἤγαγιν·
1192 2765 1261 2828 οὕτω
1277 2764 1322 2826 καὶ
1336 2768 1451 2826 ἐνταῦθα
1475 2773 1570 2839 ποιεῖ,
1585 2764 1693 2832 ἐκείνως

102 2858 216 2937 dicaret,
228 2860 316 2941 magis
328 2860 391 2920 illos
408 2858 504 2919 terruit
517 2871 544 2920 et
556 2859 594 2921 ttd
603 2861 788 2942 poenitentiam
800 2862 854 2923 de·
906 2885 936 2922 τε
950 2862 1085 2945 διεγείρων
1098 2861 1146 2920 καί
1163 2860 1210 2920 τδν
1221 2858 1359 2941 προφήτην
1377 2856 1600 2940 αἰδεσιμιίιιτερον
1615 2881 1692 2917 κατα·

103 2950 213 3013 duxit:
241 2953 328 3013 sicet
355 2951 407 3012 hoe
427 2951 487 3012 loeo
506 2951 581 3029 facit,
604 2953 667 3014 illos
688 2954 809 3016 excitans
828 2969 855 3016 et
907 2955 1053 3026 σκευάζων,
1075 2951 1119 3012 ἵνα
1147 2951 1198 3012 κᾶν
1218 2950 1301 3018 οὕτως
1326 2953 1407 3010 αὐτοῦ
1432 2949 1610 3011 ἀκούσωσιν.
1631 2939 1692 3008 Εἶτα

102 3044 266 3126 proplietam
281 3043 506 3105 venerabiliorem
520 3042 647 3123 reddens,
664 3059 695 3104 ut
708 3045 803 3106 saltem
814 3047 888 3107 sicD
906 3046 998 3119 ἐπειδὴ
1008 3046 1100 3125 ίρενον
1113 3042 1208 3104 ἀνίστα
1228 3047 1376 3116 νοσοῦντες,
1389 3042 1436 3101 καὶ
1451 3042 1517 3103 αδδδ
1538 3046 1599 3102 τῶν
1610 3042 1692 3101 ἄλλων

100 3135 182 3196 illum
193 3136 327 3196 audirent.
346 3135 451 3197 Deinde
461 3135 526 3215 quia
542 3136 687 3199 incurabili
701 3139 797 3199 morbo
810 3140 853 3199 la-
906 3137 1103 3220 άπενεχθίντων
1119 3135 1358 3216 ἐσωρρονίσθησαν,
1380 3134 1411 3194 τὸ
1431 3133 1485 3212 μὲν
1505 3137 1622 3214 πρῶτον
1643 3156 1692 3191 πα-

101 3228 246 3306 borabant,
262 3251 293 3288 ac
312 3250 344 3288 ue
359 3228 422 3288 aliis
435 3228 545 3308 quidem
560 3229 688 3290 immissis
706 3231 850 3313 resipisce·
903 3227 989 3311 ιραινεῖ
1003 3229 1090 3308 μένειν
1106 3228 1210 3288 αὐτόθι·
1222 3231 1258 3295 ὡς
1272 3226 1356 3287 stass
1367 3224 1528 3306 ἠνείχοντο,
1540 3227 1606 3286 ἀλλ’
1620 3226 1690 3298 abeo

102 3320 177 3397 bant,
189 3322 279 3403 primo
290 3335 380 3381 monet
391 3321 462 3398 illos,
477 3335 507 3381 ut
517 3321 556 3381 ibi
569 3335 693 3382 maneant
710 3344 792 3382 :eum
804 3346 850 3383 au·
906 3323 1002 3402 μάλουν
1017 3325 1054 3389 τίς
1076 3321 1222 3399 Αἴγυπτον,
1242 3324 1319 3380 τοῦτο
1338 3318 1386 3398 ριίν
1403 3318 1613 3400 συνεχώρησεν,
1629 3320 1690 3375 αἰτεῖ

101 3422 156 3471 tem
169 3411 199 3471 id
214 3413 373 3488 noluissent,
387 3412 436 3471 sed
449 3412 633 3491 confugissent
644 3413 671 3471 iu
685 3413 848 3495 AEgypurm,
903 3413 931 3473 δὲ
950 3415 1013 3495 παρ’
1040 3415 1125 3472 αὐτῶν
1139 3413 1170 3471 τὸ
1195 3411 1233 3490 μῆ
1249 3410 1308 3488 μετ’
1322 3409 1461 3488 Αἰγύπτου
1482 3410 1531 3468 καλ
1560 3409 1630 3489 ττρδς
1646 3410 1690 3480 τῆν

102 3502 154 3562 boc
169 3502 280 3583 quidem
292 3503 430 3576 concessit,
445 3503 522 3582 petiit
535 3516 625 3562 autem
637 3503 672 3562 ab
686 3504 761 3585 ipsis,
771 3520 801 3564 ut
817 3528 850 3566 ne
904 3506 1027 3567 άσίόειυν
1042 3507 1233 3583 αὐτομολῆσαι.
1250 3503 1296 3570 Ὡς
1309 3503 1336 3563 δὲ
1349 3501 1498 3561 οὐδὲτοῦτο
1512 3503 1689 3575 ἐπείσθησαν,

101 3615 164 3654 cum
185 3594 306 3676 AEgypto
333 3593 369 3655 ad
393 3594 559 3675 impietatem
577 3593 754 3655 declinarent.
779 3599 848 3658 Cum
904 3597 1059 3677 συμπέμπει
1067 3598 1111 3657 τὸν
1122 3596 1259 3676 προφήτην
1272 3600 1372 3666 αὐτοῖς,
1387 3594 1459 3654 ὥστε
1474 3595 1514 3673 μὴ
1526 3595 1623 3655 τέλεον
1637 3595 1688 3663 ἔξω

99 3706 165 3747 vero
178 3708 211 3747 ne
222 3687 249 3746 in
264 3686 315 3746 boc
328 3686 439 3765 quidem
454 3685 595 3766 obsequuti
606 3701 702 3766 esseut,
714 3710 776 3748 cum
792 3689 848 3750 illis
901 3695 987 3751 κεῑλαι
1000 3691 1100 3751 λοιπόν.
1116 3689 1227 3762 Ἐπειδὴ
1247 3689 1298 3769 γὰρ
1323 3688 1397 3748 αὐτοὶ
1421 3690 1472 3747 οὐκ
1499 3689 1688 3760 ἠκολούθησαν

98 3779 259 3860 prophetam
273 3777 368 3855 mittit,
382 3791 413 3836 ut
429 3798 464 3838 ne
480 3777 590 3839 omnino
603 3778 644 3839 illi
657 3780 845 3861 impingerent.
901 3783 971 3863 αὐτῷ
985 3785 1123 3856 καλοῦντι,
1138 3781 1215 3850 αὖτδς
1238 3785 1323 3848 αὐτοῖς
1348 3779 1439 3839 ἕπεται
1457 3780 1557 3846 λοιπὸν
1572 3779 1687 3861 διορθοῦ-

99 3870 171 3944 Quia
192 3871 264 3931 enim
285 3870 326 3929 illi
345 3870 451 3931 vocanti
475 3891 526 3931 non
542 3870 767 3951 obsequebantur,
784 3875 847 3935 illos
901 3897 993 3951 μενος,
1006 3873 1051 3934 καλ
1071 3872 1180 3932 κωλύων
1196 3870 1355 3954 προσωτέρω
1366 3871 1493 3951 ρέρεσθαι
1507 3874 1562 3942 τῆς
1578 3872 1686 3942 κακίας,

98 3961 157 4043 ipse
167 3963 289 4042 sequitur
299 3961 446 4043 corrigens,
458 3975 484 4022 et
494 3961 643 4044 impediens
653 3985 686 4024 ue
695 3965 808 4026 ulterius
818 3967 845 4027 in
899 3968 1020 4048 καθάπερ
1029 3966 1118 4046 πατὴρ
1131 3965 1300 4046 φιλόστοργος
1311 3963 1408 4044 παιδίῳ
1420 3965 1586 4044 ’δυστυχῶς
1601 3965 1685 4045 ἔχοντι

97 4053 218 4133 nequitia
231 4053 391 4135 procedant,
402 4054 478 4114 velut
492 4068 569 4136 pater
581 4055 665 4135 prolis
679 4078 782 4133 amans,
797 4059 844 4138 qui
863 4073 882 4122 Ε
900 4060 964 4141 stobe
980 4060 1100 4133 ducerer,
1114 4064 1251 4138 πανταχοῦ
1264 4055 1454 4134 συμπεριάγειν
1466 4055 1513 4115 καί
1530 4080 1683 4136 συμπερια-

39 4175 47 4187 ·
98 4146 187 4205 filium
198 4147 341 4206 infeliciter
352 4147 380 4205 in
396 4147 523 4206 omnibus
537 4162 660 4227 agentem
673 4150 775 4229 ubique
791 4154 847 4212 cir·
901 4155 1044 4214 κολουθῦιν.
1058 4149 1110 4211 dele
1124 4149 1156 4223 δὴ
1169 4156 1246 4209 τοῦτο
1262 4151 1309 4207 οὐκ
1326 4151 1363 4215 εἰς
1386 4147 1526 4224 Αἴγυπτον
1545 4149 1629 4228 μόνον
1644 4148 1684 4207 τὸν

98 4237 239 4297 cumducit
254 4252 280 4297 et
293 4238 415 4316 sequitur
430 4260 546 4320 semper.
563 4239 628 4300 ideo
640 4262 693 4301 non
710 4244 791 4304 modo
802 4248 847 4307 Je·
901 4244 1042 4328 Ἱερεμίαν,
1054 4240 1123 4302 ἀλλὰ
1134 4241 1179 4303 καί
1189 4245 1226 4308 εἰς
1239 4242 1387 4301 Batulum
1401 4241 1444 4298 τὸν
1455 4240 1595 4313 Ἰεζεκιὴλ
1607 4242 1684 4318 ἔπεμ-

97 4328 213 4387 remiam
225 4327 423 4408 inAEgyptum,
437 4328 576 4389 sedetiam
590 4329 759 4395 Ezechielem
769 4337 846 4397 misit
901 4362 958 4398 πεν.
980 4340 1016 4397 0t
1032 4335 1060 4397 δί
1079 4339 1127 4394 οὐκ
1146 4334 1293 4414 αἰντελεγον.
1308 4332 1419 4403 Ἐπειδὴ
1439 4330 1494 4411 γδιρ
1518 4333 1569 4392 τὸν
1584 4336 1683 4393 ἑαυτῶν

97 4418 276 4500 Babylonem.
296 4419 343 4477 llli
361 4441 425 4479 sero
441 4441 496 4479 non
515 4421 748 4485 contradixerunt.
771 4430 844 4504 Quia
900 4429 1037 4503 Δεσπότον
1052 4418 1118 4489 εἶδον
1134 4427 1234 4508 σφόδρα
1260 4423 1353 4491 αὐτοὺς
1377 4424 1522 4504 φιλοῦντα,
1538 4426 1588 4484 καὶ
1613 4425 1682 4486 αὐτοὶ

97 4510 171 4571 enim
185 4510 334 4570 Dominum
347 4532 428 4568 suurn
442 4509 570 4571 videbant
584 4513 663 4574 valde
675 4514 736 4576 illos
751 4540 845 4581 aman·
899 4531 975 4584 τοῦτο
988 4527 1121 4588 ποιοῦντας
1130 4518 1276 4578 διετέλουν·
1289 4515 1379 4595 ὥσπερ
1392 4514 1423 4573 διν
1437 4514 1512 4582 εἴτις
1524 4517 1585 4576 υίὸν
1597 4518 1680 4596 άχρτ·

97 4616 162 4691 mm,
172 4604 227 4684 ipsi
238 4624 344 4682 quoque
358 4603 410 4662 boc
423 4601 662 4667 assidueleceruot
677 4631 684 4664 ε
700 4611 768 4670 acsi
783 4614 845 4692 quis
899 4641 960 4678 στον
988 4616 1079 4680 δοῦλος
1103 4609 1245 4692 εὐγνώμων
1262 4608 1404 4681 ἐλεήσειεν,
1429 4612 1500 4688 ὁρῶν
1514 4608 1565 4667 τὸν
1579 4609 1680 4688 πατέρα

95 4717 191 4758 servus
204 4697 307 4778 probus
321 4695 444 4755 inutilem
454 4695 544 4757 filium
554 4697 846 4778 videns,misereretur
899 4714 1029 4788 ἀλγοῦντα
1051 4705 1116 4786 ὑπὲρ
1144 4707 1223 4763 αὐτοῦ
1242 4701 1288 4761 καί
1303 4699 1478 4777 κοπτόμενον.
1494 4701 1533 4760 Τί
1559 4702 1613 4780 γὰρ
1636 4704 1681 4759 οὐκ

95 4791 169 4871 ejus,
189 4804 293 4872 patrem
318 4810 428 4849 cernens
448 4787 483 4849 de
503 4790 551 4850 illo
570 4791 716 4872 dolentem,
738 4818 846 4878 seseque
898 4802 1015 4881 ἔπασχον
1029 4799 1062 4858 δι’
1083 4796 1193 4868 αὐτοός;
1209 4792 1379 4873 Ἐπρίζοντο,
1394 4790 1560 4866 ἠλαύνοντο,
1575 4795 1678 4853 ὠνειδί-

94 4884 302 4944 excruciantem.
324 4881 401 4955 Quid
420 4883 493 4942 enim
513 4905 566 4944 non
589 4887 761 4966 patiebantur
781 4913 844 4972 pro-
898 4898 988 4966 ζοντο,
1007 4892 1172 4962 ίλιθάζοντο,
1185 4886 1266 4967 μυρία
1284 4884 1401 4964 ἔπασχον
1423 4884 1519 4943 δεινά·
1543 4885 1591 4945 καί
1614 4888 1679 4963 μετὰ

93 4978 182 5057 pheta
193 4991 305 5060 propter
314 4977 578 5055 illosiSecabantur,
588 4979 767 5060 pellebantur,
778 5006 842 5045 con·
897 4993 981 5047 ταῦτα
994 4986 1116 5058 ἅπαντα,
1134 4981 1200 5063 πρὸς
1213 4976 1305 5045 αὐτοὺς
1319 4975 1426 5056 ἔτρεχον
1444 4976 1539 5038 πάλιν.
1554 4978 1610 5039 Καὶ
1628 4977 1677 5058 γὰρ

126 5193 138 5218 ⁸
154 5178 212 5229 liss.
225 5178 306 5229 nostri
324 5181 471 5248 δυσαρέστως.
484 5175 545 5247 [stc
559 5191 584 5231 et
595 5183 624 5231 Α.
637 5193 663 5232 et
675 5199 755 5250 marg.
768 5183 858 5252 Sosii]
