3728 5978
137 515 207 588 290
471 504 502 555 S.
530 502 671 554 sotrtttts
695 495 883 551 CHRYSOST·
906 473 1068 540 'incultam
1096 488 1369 539 consumtor.

132 637 177 697 tus
202 634 374 708 decreverst3
396 627 458 691 ideo
480 628 587 688 recessit
603 650 610 685 :
626 624 736 688 volebat
755 619 880 685 similiter
932 613 1031 682 νόθας·
1055 612 1099 673 διδ
1124 617 1202 674 τοῦτο
1225 611 1272 673 οιαὶ
1297 608 1487 694 αναγύρησεν·
1514 606 1609 670 ἐύούλτ

133 724 237 789 Paulus
249 724 323 807 quod
333 718 375 781 illi
384 720 508 803 placebat
514 719 648 798 3ideoque
658 730 685 777 et
698 716 756 800 ipse
765 709 876 774 recedit.
932 707 1039 773 Παῦλος
1061 705 1159 785 ὁμοίως
1181 704 1212 767 τὸ
1234 703 1347 764 istium·
1363 702 1408 763 id
1428 706 1510 764 w'itu
1523 700 1572 761 καί
1590 723 1608 758 α

132 820 246 880 Utinam
265 836 313 876 uos
328 834 435 895 quoque
451 813 519 872 tales
535 806 880 893 separatienesadmitterc·
933 796 990 857 ίαον
1011 806 1084 858 ποιεῖ
1102 796 1149 858 καί
1171 801 1313 878 ἀναχωρεῖ.
1335 794 1401 857 Είθε
1415 793 1463 855 καί
1477 798 1559 873 ἡμεῖς
1577 814 1609 851 το

133 932 205 986 mus,
215 922 246 969 ut
263 907 299 968 ad
314 903 676 989 prndicandumabiremus.
692 899 808 962 Paulus
821 915 879 958 att-
934 888 1116 970 ὶχονρνίόμεθα
1129 886 1291 973 χωρισμολς,
1305 886 1374 948 ὥστε
1387 886 1434 948 teri
1447 885 1580 967 κήρυγμα
1594 886 1609 943 ό

134 1016 203 1077 tem,
219 999 317 1081 inquit,
332 997 424 1058 electo
437 997 502 1058 Sita
518 997 668 1077 profectus
681 1006 735 1066 est,
753 991 880 1052 traditus
934 983 1042 1049 Παῦλος
1065 980 1108 1055 δὲ,
1119 981 1226 1062 φησίν,
1249 978 1437 1059 ίπνλαξόμανας
1449 979 1496 1040 τὸν
1510 976 1606 1050 Σίλαν,

131 1099 236 1178 gratioe
250 1095 309 1154 Dei
322 1091 513 1173 afratribus.
532 1085 709 1147 Admirabilis
726 1081 822 1145 esthic
837 1081 881 1144 vir
933 1073 1092 1156 παραδοθείς
1111 1078 1145 1153 τῇ
1167 1071 1260 1154 χάριτι
1281 1076 1328 1131 τοῦ
1352 1074 1422 1132 θεοῦ
1440 1068 1492 1131 uu
1509 1071 1563 1128 τῶν
1579 1068 1609 1127 αδ

133 1188 167 1244 ct'
181 1185 262 1246 valde
287 1202 411 1261 magnus.
427 1179 580 1240 Plurimum
594 1199 660 1240 vero
672 1181 765 1237 Marcu
779 1173 882 1259 profuit
934 1164 1098 1244 θανμαπός
1116 1168 1187 1225 ἔστιν
1208 1155 1282 1232 οὗτος
1296 1169 1311 1223 ὁ
1327 1164 1411 1246 ἀνὴρ,
1431 1162 1479 1222 καί
1500 1161 1602 1243 σφόδρα

133 1276 193 1337 haec
207 1296 307 1358 pugna.
322 1273 402 1334 Pauli
422 1291 539 1350 namque
554 1269 681 1330 severitas
696 1265 830 1329 convertit
846 1265 880 1326 il·
896 1273 915 1322 c
934 1257 1011 1318 Πάνυ
1026 1256 1055 1319 δὲ
1072 1256 1169 1338 ὠρόλει
1184 1255 1230 1316 τδν
1251 1255 1394 1337 Μύραονὴ
1413 1255 1490 1336 μόχη
1505 1252 1584 1324 αὕτη.
1603 1253 1609 1273 “

134 1370 204 1444 ίιιιιι,
214 1366 366 1447 benignitas
378 1378 469 1427 autem
484 1362 615 1423 Barnabae
626 1361 689 1421 iecit
702 1375 733 1420 ut
746 1381 781 1420 ne
793 1358 880 1419 relin-
933 1348 987 1431 γᾶρ
1000 1349 1108 1410 Παύλου
1119 1348 1229 1432 ροόερδν
1243 1348 1402 1432 ίπίστριψιν
1414 1349 1504 1422 αὐτὸν,
1514 1343 1609 1407 cdiii

135 1461 370 1540 queretur.itaque
379 1469 500 1539 pugnant
507 1453 628 1535 quidem,
636 1453 672 1512 ad
681 1475 765 1513 unum
775 1472 840 1512 reru
848 1451 881 1510 fi·
935 1441 970 1502 ὅα
987 1442 1104 1524 χρηστὸν
1118 1441 1201 1501 ίποίει
1224 1441 1320 1520 μηνίει
1334 1444 1542 1522 ἀπολειφθῆναι·
1557 1437 1609 1497 ὥστ

134 1575 196 1613 nem
209 1552 316 1611 lucrum
331 1549 469 1632 pertingit.
487 1546 603 1608 Paulum
620 1546 692 1605 enim
706 1542 881 1604 vidensvelic
934 1557 1028 1615 χονται
1048 1533 1106 1614 μὶν,
1125 1533 1192 1617 πρὸς
1203 1532 1232 1592 δν
1244 1532 1271 1592 δὲ
1283 1532 1357 1602 πόλος
1370 1535 1479 1614 ἀπαντᾷ
1488 1531 1520 1592 τὸ
1533 1530 1609 1612 κε’ρδο

133 1643 279 1721 discedere,
290 1642 407 1702 muitum
420 1639 576 1717 exterritus,
589 1638 708 1718 seipsum
721 1635 881 1697 damnarit:
935 1625 986 1708 γαρ
1010 1628 1118 1686 Παῦλον
1139 1631 1207 1708 δρῶν
1227 1625 1380 1708 αἱρούμενον
1399 1630 1569 1697 ἀποστῆναι,
1589 1646 1609 1681 π

135 1736 285 1816 iterumque
307 1733 460 1794 Barnabam
479 1730 574 1791 videus
587 1729 625 1789 ita
640 1728 691 1789 sibi
707 1727 880 1811 patruciuan-
933 1718 1051 1800 ἔφούνίθη
1069 1718 1115 1778 καὶ
1134 1718 1253 1798 κατίγνω
1275 1723 1386 1780 ἑαυτοῦ·
1405 1718 1451 1778 καί
1471 1718 1552 1779 πόλιν
1563 1718 1609 1795 Bu

135 1841 200 1903 tem,
213 1826 294 1888 valde
313 1825 393 1885 iilum
416 1822 522 1899 dilexit,
538 1835 565 1881 et
583 1842 620 1881 ex
633 1820 774 1881 doctorum
790 1839 882 1901 pugna
936 1816 1003 1892 δρῶν
1016 1811 1100 1881 σύτως
1113 1818 1192 1873 αὐτοῦ
1202 1812 1386 1893 ἀντεχόμενον,
1396 1811 1468 1872 πάνυ
1480 1809 1511 1871 δν
1522 1810 1609 1869 αι’νεδνι

135 1919 291 1980 emendatus
301 1931 339 1978 est
353 1915 506 1998 discipulus
517 1939 523 1972 :
534 1927 640 1974 tantum
653 1912 741 1973 abfuit
751 1933 785 1972 ne
797 1911 827 1972 id
836 1912 881 1970 οί-
936 1926 984 1963 σε·
999 1903 1043 1963 καί
1058 1905 1200 1984 διωρθοῦτο
1213 1907 1228 1962 ό
1241 1903 1361 1981 μαθηπλς
1375 1902 1420 1964 διὰ
1432 1907 1482 1974 τῆς
1496 1902 1609 1982 μύχηςο

135 2011 272 2071 ίευόίοιιίο
291 2009 344 2092 ipsi
364 2021 441 2068 esset.
456 2007 487 2068 Si
502 2005 575 2065 enim
588 2026 638 2086 pro
653 2025 703 2064 suu
716 2003 746 2063 id
759 2003 881 2064 iecissent
935 1993 1090 2055 δαακᾶλων·
1106 2002 1228 2056 τοσοῦτον
1243 1998 1338 2077 ἇπαῑχε
1352 2003 1398 2057 τοῦ
1413 1995 1609 2064 mimmii*

135 2103 248 2181 honore,
256 2101 319 2182 jure
328 2100 445 2159 offensus
456 2096 615 2173 suisset3sin
627 2117 678 2177 pro
690 2095 774 2177 ipsius
786 2094 881 2169 salute,
937 2084 984 2164 pir
1002 2086 1056 2169 γλρ
1069 2087 1113 2147 διδ
1133 2087 1181 2161 τὴν
1198 2090 1234 2155 είς
1245 2089 1354 2156 ἑαυτούς
1365 2087 1448 2162 τιμὴν
1461 2085 1556 2146 ι’τοῦτο
1567 2086 1609 2164 ίιιρ

135 2207 162 2255 ct
181 2193 203 2253 si
218 2205 329 2275 propter
346 2189 378 2250 id
396 2210 482 2250 unum
504 2186 679 2262 contendunt,
694 2200 725 2246 ut
740 2185 881 2247 ostendant
935 2176 1054 2246 εἰκότως·
1068 2182 1091 2239 εί
1104 2178 1132 2240 δὲ
1145 2179 1190 2239 διὰ
1200 2180 1248 2254 τὴν
1263 2183 1342 2241 circii
1356 2179 1501 2262 σωτηρίαν,
1515 2178 1561 2239 καί
1573 2177 1605 2236 δι’

136 2306 199 2346 eum
216 2285 265 2364 qui
282 2284 373 2367 ipsum
386 2280 530 2345 honorarit
542 2280 611 2340 bene
627 2278 801 2358 consuluisse,
814 2278 882 2361 quid
898 2289 919 2336 ι)
933 2269 1095 2331 λονεικοῦσιν
1108 2268 1176 2332 ύστι
1191 2271 1272 2341 δεῖξαι
1289 2272 1333 2332 τὸν
1352 2272 1507 2353 τιμήσαντο
1524 2271 1598 2332 αὐτόν

136 2377 304 2438 absurdum?
935 2361 1148 2442 βεόουλευμὲνον,
1163 2363 1191 2422 τί
1204 2362 1318 2440 ύτοπονς

177 2472 206 2530 5.
227 2467 300 2532 Vide
314 2465 393 2528 Pauli
407 2464 663 2548 prudentiamtnon
676 2462 753 2546 prius
765 2460 801 2525 ad
815 2461 882 2524 alias
973 2467 1048 2550 Ὅρα
1065 2466 1113 2542 τὴν
1135 2466 1238 2529 σύνεσιν
1258 2476 1306 2529 τοῦ
1325 2468 1448 2532 Παύλου·
1469 2472 1499 2531 οὗ
1518 2470 1609 2553 πρόπαρ

137 2560 234 2622 transit
246 2560 337 2651 urbes,
347 2580 430 2639 quam
443 2580 496 2631 eas,
511 2578 572 2637 quae
586 2558 703 2619 verbum
715 2570 882 2639 acceperant,
936 2558 1019 2628 δλλας
1029 2558 1135 2641 ἔρχεται
1147 2560 1246 2635 πόλεις,
1259 2560 1322 2645 πρίν
1332 2562 1350 2634 ἢ
1361 2562 1410 2631 τδις
1423 2563 1565 2634 δεξαμένας
1574 2563 1609 2623 eis

137 2652 280 2713 visitasset.
294 2651 343 2711 tt.
359 2650 590 2711 Perambuiabat
605 2662 705 2709 autem
716 2646 839 2724 Syriam
854 2661 883 2709 et
935 2651 1137 2733 ἐπισκέψασθαι.
1160 2653 1292 2734 Διήρχιτο
1304 2653 1333 2714 δὲ
1345 2653 1394 2727 πλν
1410 2622 1513 2739 Συρίύιν
1527 2656 1572 2716 καί
1582 2658 1609 2716 K*

8 2797 45 2830 n.
73 2797 103 2826 n.
139 2746 276 2807 Ciliciam
284 2744 466 2825 confirmans
475 2741 883 2804 Ecclesiastrervenuan-
936 2743 1168 2825 ἐπισιηρίζωντδις
1183 2745 1354 2818 Ἐκκλησίας.
1375 2747 1609 2822 {terties-‚attat

138 2852 197 2898 tem
207 2834 327 2897 Πάνθεια
340 2849 368 2897 et
380 2837 531 2912 Lystram.
543 2834 653 2896 Etenim
668 2834 781 2895 stultum
791 2848 831 2894 est
843 2847 883 2894 te·
936 2834 987 2910 ύην
1000 2836 1045 2896 καί
1059 2834 1193 2917 Λύστραν.
1208 2837 1261 2898 rtet
1273 2838 1325 2918 γίιρ
1339 2838 1428 2909 ἀνοίας
1440 2841 1511 2902 ἐστίν
1523 2844 1582 2914 uixi
1591 2865 1608 2900 τ

138 2951 210 2991 mere
229 2949 344 3012 currere.
357 2928 416 2988 Hoc
431 2942 458 2987 et
472 2948 522 2988 nos
541 2927 672 2987 iaciamus
688 2951 694 2985 ε
708 2926 810 3008 primns
825 2925 883 3009 pri-
937 2928 1025 2989 Τοῦτο
1034 2927 1079 2987 καί
1089 2934 1167 3002 ἡμεῖς
1174 2934 1301 3010 ποιῶμεν·
1310 2929 1388 2999 ετοὺς
1398 2930 1520 3015 πρώτους
1530 2908 1609 3014 πρύνει

138 3042 215 3081 mum
233 3019 409 3096 instruamus,
434 3040 468 3078 ne
490 3018 531 3078 ilii
553 3017 746 3101 impedimento
764 3018 819 3078 siut
831 3041 884 3101 po-
937 3019 1068 3098 δεύωμιν,
1089 3020 1132 3081 ίνα
1147 3021 1184 3102 μὴ
1205 3012 1276 3083 οὗτοι
1295 3022 1420 3102 ἐμπόδιον
1434 3023 1559 3103 γίνωνται
1572 3032 1609 3085 mi

138 3112 305 3174 sterioribus.
323 3116 489 3185 Visitemus,
507 3111 605 3191 inquit,
608 3114 726 3195 fratres
739 3114 883 3193 quomodo
937 3117 1030 3174 ταῦτα.
1057 3111 1299 3194 Ἐπισνιεψύμεθα,
1326 3116 1408 3197 ρησί,
1429 3115 1491 3185 τοὺς
1511 3114 1609 3198 stupu

139 3226 171 3264 se
188 3206 328 3264 habeant.
342 3204 401 3263 Hoc
417 3202 519 3263 scilicet
534 3204 599 3284 jure
622 3202 776 3283 ignorabam
787 3217 818 3263 ut
836 3226 884 3266 ve·
937 3203 1036 3285 ἔχουσι.
1062 3205 1116 3264 Καὶ
1137 3212 1214 3265 τοῦτο
1232 3205 1322 3287 ἠγνόει
1339 3207 1463 3283 είιιότως,
1484 3207 1530 3268 ἵνα
1549 3207 1609 3270 tut

139 3298 215 3358 niens
231 3296 640 3360 iratresiuviseretVidcilium
655 3319 760 3379 semper
773 3298 884 3380 vigilem
900 3308 920 3357 E
938 3295 1064 3377 ιἰδιλρσὶνς
1083 3297 1271 3378 ίπισιιέψηται.
1293 3296 1368 3381 Ὅρα
1383 3301 1463 3362 αὐτὸν
1479 3302 1522 3362 ἀεὶ
1536 3304 1608 3380 διεγη

140 3404 166 3450 ct
182 3391 340 3465 sollicitum,
357 3411 407 3450 nec
422 3388 544 3450 desidem
562 3387 664 3467 sedere,
676 3390 727 3449 etsi
744 3390 884 3451 innumera
938 3413 997 3462 νον,
1015 3394 1196 3470 μεριμνῶντα,
1217 3393 1265 3449 οὐκ
1285 3390 1445 3473 ἀνεχόμενον
1461 3398 1607 3467 καθῆσθαι,

140 3483 243 3544 subiret
262 3484 390 3565 pericula.
402 3481 488 3545 Vides
506 3503 560 3542 nnn
575 3503 610 3541 ex
625 3480 770 3543 formidine
784 3483 883 3545 Antic—
941 3480 1047 3562 μυρίους
1065 3480 1178 3561 ὑπόμενε
1192 3481 1335 3551 κινδύνους.
1349 3482 1449 3567 Ὁρᾷς,
1462 3485 1505 3546 ὅτι
1523 3489 1553 3546 οὐ
1567 3487 1609 3546 tet

140 3575 230 3636 chiam
239 3575 354 3636 venisse.
362 3573 472 3634 Etenim
481 3587 511 3632 ut
520 3572 640 3633 medicus
649 3588 764 3654 aegrotos
772 3574 883 3634 adibat:
939 3574 970 3634 τὸ
981 3577 1017 3642 εἰς
1024 3573 1185 3656 Ἀντιόχειαν
1197 3577 1296 3650 ἕλθεῑνς
1309 3577 1496 3662 Καθόπεργίιρ
1506 3579 1609 3662 inspici

140 3683 167 3751 ct
184 3666 314 3729 visitandi
337 3667 522 3727 necessitatem
543 3665 708 3745 declaravit,
725 3667 885 3727 dicenszln
939 3667 1088 3747 κάμνοντας
1107 3667 1202 3748 ἀπῄει,
1218 3667 1263 3728 καί
1284 3666 1333 3740 τὴν
1351 3670 1469 3752 ἀνάγκην
1486 3675 1536 3744 ιη”ς
1549 3674 1609 3733 ίπισ

140 3764 246 3843 quibus
259 3762 485 3841 praedicavimus
500 3764 634 3821 verbum.
649 3759 767 3820 Recessit
781 3761 883 3822 Barna·
940 3759 1071 3832 ἐδήλωσεν
1082 3757 1180 3835 είπὼν,
1199 3762 1247 3820 Ἐν
1268 3750 1309 3826 αἶς
1329 3763 1543 3842 κατηγγείλαμεν
1559 3763 1604 3824 ein

138 3853 199 3928 bas,
210 3866 237 3912 et
248 3873 303 3912 non
317 3852 388 3925 ultra
401 3851 489 3910 socius
498 3850 558 3910 fuit.
576 3852 688 3925 Electa,
703 3851 800 3931 iuquit,
811 3854 884 3929 Sila,
940 3851 1054 3923 Ἀπία-ιη
1063 3851 1234 3932 όΒαρνιίύας,
1243 3852 1381 3914 ιιαὶώκίτι
1389 3856 1526 3926 συνῆλθεν.
1538 3857 1609 3917 ’Exn'

138 3960 168 4006 et
189 3947 316 4007 traditus
332 3948 436 4026 gratiae
458 3946 525 4003 Dei.
543 3943 618 4016 Quid
638 3943 689 4005 hoc
709 3945 767 4005 cst?
782 3945 885 4006 Precati
940 3967 991 4018 νος,
1003 3943 1134 4026 punicis
1152 3944 1251 4020 Σίλαν,
1270 3945 1315 4005 καί
1331 3948 1490 4030 παραδοθείς
1507 3953 1541 4021 ιῆ
1561 3949 1609 4030 χύρ

139 4052 218 4118 sunt,
240 4039 299 4099 Dec
315 4037 511 4119 supplicarunt.
530 4036 605 4098 Vide
621 4037 722 4117 ubique
739 4038 886 4099 orationem
941 4040 1020 4098 θεοῦ.
1032 4038 1068 4097 Τί
1078 4036 1155 4097 τοῦτό
1166 4041 1249 4113 ἕστινς
1272 4036 1499 4120 Πύξανωρησὶν,
1517 4015 1609 4116 ἐδεήθη

139 4132 255 4191 fratrum
268 4151 366 4212 magna
379 4152 464 4212 posse.
480 4133 520 4191 Ac
531 4130 657 4211 deinceps
668 4129 750 4213 pedes
763 4130 887 4190 ambula·
941 4131 1020 4190 Θεοῦ.
1029 4128 1101 4211 Ὅρα
1108 4134 1244 4211 πανταχοῦ
1253 4129 1356 4211 μεγάλα
1363 4131 1511 4212 δυναμένην
1519 4132 1609 4215 ελνειλγ

139 4224 197 4297 hat,
209 4238 240 4283 ut
259 4224 287 4283 iu
304 4224 400 4284 itinere
415 4222 571 4284 videntibus
585 4245 613 4283 se
625 4223 778 4304 prodesset3
789 4237 815 4283 et
823 4224 886 4304 jure
896 4248 932 4287 sss
942 4222 1070 4302 ἀδελφῶν.
1086 4220 1139 4280 Καὶ
1149 4223 1241 4282 λοιπὸν
1253 4225 1322 4304 πεζῇ
1334 4222 1426 4297 ὥδευε,
1440 4223 1486 4284 καί
1498 4224 1543 4285 διδ
1553 4230 1602 4300 τῆς

140 4314 260 4395 quidem
276 4315 347 4374 Nam
362 4336 426 4374 curu
439 4315 607 4391 festinarent,
623 4315 801 4394 navigabant;
815 4336 887 4376 nunc
903 4303 924 4350 Α
943 4313 998 4396 ρίας
1020 4315 1157 4393 ὠφελῆσαι
1182 4313 1242 4382 τοὺς
1266 4318 1383 4396 δρῶντας
1399 4317 1577 4397 βουλόμενος·
1596 4341 1609 4378 ε

140 4426 206 4468 vero
219 4426 273 4465 nnn
288 4405 362 4465 item.
377 4408 419 4465 Et
431 4427 497 4466 ecce
512 4407 674 4487 discipulus
687 4408 808 4488 quidum
823 4420 886 4468 emt
942 4407 1009 4468 Ὅτε
1026 4405 1073 4487 μὲν
1088 4406 1141 4488 γδρ
1154 4408 1290 4483 ἔσπευδον,
1302 4406 1411 4469 ἔπλεον·
1427 4416 1473 4468 νῦν
1486 4409 1515 4471 δὲ
1529 4410 1609 4471 otxt

141 4500 207 4559 ttttc
222 4502 339 4557 nomine
347 4499 524 4571 Timotheus,
532 4499 622 4580 filius
632 4500 763 4559 mulieris
774 4500 888 4560 Judoeoe
942 4499 997 4561 ίδοίν
1011 4501 1132 4581 μαθητής
1143 4524 1185 4568 τις
1197 4491 1230 4572 ἦν
1244 4502 1299 4560 ἐκεῖ
1312 4500 1423 4580 tutum
1438 4502 1582 4581 Τιμόθεος,
1595 4529 1609 4564 υ

136 4590 250 4676 fidelis,
264 4603 350 4670 patre
360 4591 474 4670 gentili.
485 4594 514 4648 θ.
528 4592 606 4649 Huic
622 4594 820 4650 testimonium
834 4594 886 4650 bo·
942 4594 1031 4663 ναικδς
1053 4592 1186 4663 Ἰουδαίας
1210 4598 1323 4669 πιστῆς,
1345 4594 1446 4677 πατρὸς
1469 4594 1500 4658 δὲ
1516 4597 1607 4673 Ἕλλη

144 4704 216 4744 num
231 4683 392 4743 reddebant
398 4684 527 4765 fratres,
540 4685 592 4764 qui
612 4686 708 4742 Iconii
725 4695 753 4742 et
771 4686 888 4759 Lystris
942 4690 1115 4770 ἐμαρτυρεῖτο
1136 4686 1188 4748 θπδ
1208 4691 1260 4746 τῶν
1275 4691 1302 4748 ἐν
1316 4686 1447 4769 Λύστροις
1458 4690 1506 4749 καί
1519 4691 1609 4751 'lumin

143 4779 276 4838 σηιελδ.
286 4779 376 4836 Hunc
385 4777 485 4836 uoluit
494 4777 608 4836 Paulus
618 4796 714 4836 secum
719 4777 886 4858 preficisci:
943 4786 1009 4863 ρῶν.
1025 4783 1125 4841 Τοῦτον
1148 4779 1274 4854 ἠθίλησεν
1291 4785 1305 4840 δ
1325 4782 1431 4850 Παῦλος
1445 4780 1494 4841 σὺν
1509 4785 1609 4844 αὐτῶέ

144 4887 173 4933 et
186 4891 338 4934 assumens
349 4874 531 4931 circumcidit
548 4892 613 4930 eum
626 4885 744 4952 propter
754 4873 887 4944 Judoeos,
943 4872 988 4933 καὶ
999 4870 1089 4932 λαθὼν
1099 4871 1255 4954 περιέτεμεν
1270 4872 1348 4933 αὐτὸν
1362 4872 1407 4934 διδ
1420 4871 1482 4943 τοὺς
1498 4843 1609 4937 Ἰουδαία

145 4972 295 5047 quierant
316 4971 349 5025 in
369 4967 430 5026 illis
446 4966 525 5026 iocis.
539 4966 676 5026 Sciebant
696 4969 774 5024 enim
793 4986 889 5025 omroes
942 4967 1019 5034 ὄντας
1038 4968 1065 5025 ἐν
1086 4974 1140 5035 τοῖς
1157 4965 1247 5034 τόποις
1263 4965 1380 5034 ἐκείνοις.
1403 4964 1522 5053 ᾜδεσαν
1537 4969 1609 5053 γδρι

145 5064 225 5144 prend
239 5074 325 5143 pater
346 5064 409 5143 ejus
430 5073 515 5122 crant
533 5062 661 5142 gentilis.
685 5062 758 5122 Vcrc
780 5074 889 5143 stupore
942 5059 1197 5138 τδνπιιτέρααύτού,
1209 5056 1362 5132 ὅτιἝλλην
1375 5061 1506 5142 ύπῆρχεν.
1518 5058 1609 5134 Ἄξιον

179 5285 192 5323 ¹¹
210 5285 280 5336 ΠΜ
295 5295 362 5340 ταῦτα
376 5295 470 5343 trecium.
987 5302 998 5326 ν
1015 5285 1085 5337 Unus
1097 5288 1148 5344 τσδς
1158 5294 1261 5354 πρώτους
1273 5293 1384 5355 πρώτους.
