3728 5978
573 468 607 517 ιιι
634 469 741 517 nrrsr.
771 467 816 515 ευ
844 465 926 515 ron.
955 464 1074 514 ιιοιιιι.
1102 465 1177 516 ιιι.
1571 443 1637 516 68ι

74 593 162 660 αἰτίας
173 593 247 662 ἐκτός
258 617 264 630 ·
276 603 397 674 φανεῖται
412 593 439 654 δλ
457 593 502 653 καί
515 598 530 653 θ
542 596 648 660 Παῑῖλος
667 592 748 660 οίνιως
769 591 846 658 αὐτὸς
902 588 988 670 posito
997 588 1044 648 hic
1052 588 1165 668 quaestio
1173 601 1251 661 esset,
1264 600 1290 648 et
1300 587 1434 677 bonorum
1447 601 1473 649 et
1488 609 1542 649 non
1555 591 1644 651 bono-

73 690 162 766 ἑαυτῷ
176 686 326 766 μαχόμενος
338 691 353 746 δ
366 692 503 767 πανταρῶ
515 684 563 757 τὸν
576 683 729 767 προαίρεσεν
743 706 844 764 στεφα-
900 701 961 740 rom
987 681 1044 762 ipse
1069 680 1160 762 opifer
1178 693 1259 740 meet:
1273 680 1376 759 eritque
1390 680 1472 740 homo
1485 694 1562 742 extra
1585 683 1643 743 oul-

73 781 135 836 νῶν.
150 777 233 838 Οὸὸὲν
245 776 331 837 τοίνυν
342 777 430 861 ἕτερον
447 780 559 837 ἐνταῦθα
572 776 768 838 κατασκευάσαι
783 774 845 855 βού-
900 777 973 854 pom,
999 773 1110 855 ipseque
1122 773 1225 833 Paulus
1247 771 1384 832 videbitur
1404 793 1495 834 secum
1511 788 1641 856 pugnare,

72 870 165 941 λεεαι,
177 868 194 939 ἢ
205 868 236 928 τὸ
246 868 390 929 retenirit
405 867 537 951 ἀκροατὴν
552 869 608 946 μεθ’
622 867 846 949 θπερύολῆςάπά-
899 864 947 941 qui
970 863 1071 943 ubique
1088 863 1257 946 propositum
1275 863 1422 924 voluntatis
1435 878 1552 927 coronat.
1564 865 1641 927 Nihii

72 982 123 1031 σης
145 959 226 1018 είκειν
238 964 278 1040 τῷ
297 962 376 1040 Θεῷ,
390 958 435 1019 καί
450 960 561 1038 μηδενὸς
579 959 711 1039 μηδέποτε
724 961 845 1019 ἀπαιτεῖν
900 978 964 1039 ergo
975 958 1051 1018 aliud
1064 958 1110 1018 hic
1125 978 1203 1038 agere
1214 959 1286 1036 vult,
1300 979 1384 1037 quam
1401 970 1431 1017 ut
1444 958 1564 1021 auditori
1578 979 1641 1041 per-

72 1049 181 1119 εὐθύνας
202 1050 288 1112 αὐτόν.
306 1052 435 1133 Καθάπερ
454 1051 533 1133 γὸρθ
548 1050 693 1134 κεραμεὸς,
706 1051 795 1132 φησίν,
816 1056 846 1113 ix
900 1050 1023 1130 suadent,
1038 1065 1068 1111 nt
1087 1050 1197 1112 omnino
1220 1050 1296 1111 cedat
1316 1053 1386 1131 Deo,
1401 1073 1450 1112 neo
1473 1052 1558 1113 ullius
1578 1074 1641 1114 ιιιιι-

72 1145 121 1200 τοῦ
143 1145 221 1202 αὐτοῦ
237 1143 391 1225 φυράματος
405 1142 555 1222 δβούλεται
573 1150 658 1218 ποιεῖ,
678 1143 723 1204 καὶ
736 1142 846 1211 οιίδελςδ
899 1165 983 1222 quom
999 1144 1051 1204 rei·
1060 1144 1176 1205 rationes
1199 1144 1236 1203 ab
1260 1142 1309 1204 illo
1332 1157 1445 1225 repetat.
1466 1146 1506 1205 Ut
1527 1145 1641 1225 figulus,

73 1232 234 1312 ἀντιλέγων·
249 1235 320 1294 οὕτω
336 1234 382 1295 καλ
401 1235 445 1295 τὸν
471 1236 538 1296 Θεὸν
558 1237 588 1294 tx
604 1241 650 1295 τοῦ
662 1237 741 1296 αὐτοῦ
756 1235 846 1314 γένους
863 1248 882 1296 n
900 1232 998 1310 inquit,
1006 1254 1040 1293 ex
1061 1232 1156 1293 eadem
1169 1252 1332 1310 massaque
1352 1232 1412 1294 vult
1431 1231 1506 1310 iacit,
1519 1245 1547 1292 et
1565 1253 1644 1294 nemo

73 1328 129 1384 τῶν
143 1314 287 1405 ἀνθρύπωι
303 1324 364 1394 τοὺς
377 1325 426 1404 μὸν
440 1325 599 1398 κολάζοντα,
613 1324 846 1407 τοὸςδίτιμῶντα
900 1323 1060 1383 contradicit
1078 1347 1085 1380 ι
1102 1323 1217 1383 siccum
1240 1323 1315 1382 Deus
1328 1344 1362 1383 ex
1384 1323 1480 1383 eodem
1500 1323 1645 1384 hominum

74 1414 116 1494 μὴ
135 1417 324 1497 περιεργάζου,
342 1416 409 1494 μηδὲ
424 1418 654 1497 πολυπραγμόνει,
670 1417 739 1479 ἀλλὰ
760 1443 846 1501 προσ-
900 1434 996 1494 genere
1007 1413 1074 1474 alios
1094 1412 1181 1493 punit,
1194 1412 1262 1472 alios
1282 1410 1409 1489 honorat3
1424 1433 1457 1472 ne
1475 1414 1578 1475 curiose
1604 1414 1656 1474 in··

74 1507 149 1568 κύνει
159 1509 246 1586 μόνον,
258 1509 303 1569 καί
316 1515 398 1589 μιμοῦ
408 1510 452 1570 τὸν
467 1509 567 1582 πηλόν·
581 1509 626 1570 καί
641 1511 761 1594 καθάπερ
774 1516 846 1572 ἐκεῖ·
901 1509 994 1588 quires
1016 1526 1065 1566 oec
1082 1505 1256 1587 pervestiges,
1270 1504 1320 1564 sed
1346 1505 1459 1566 adorato
1475 1518 1592 1585 tontum,
1613 1527 1646 1565 ac

73 1622 119 1667 νος
135 1599 227 1660 ἕπεται
237 1609 296 1667 ταῖς
308 1602 384 1681 χερσί
397 1606 443 1661 τοῦ
459 1601 615 1682 κεραμέως,
628 1601 753 1663 ούτωκαλ
768 1603 846 1685 oiri-fi
902 1601 991 1659 lutum
1004 1598 1127 1674 imitare3
1140 1609 1221 1675 nique
1231 1609 1262 1656 ιιι
1278 1595 1350 1655 illud
1360 1597 1437 1676 figuli
1448 1618 1544 1658 manus
1557 1599 1646 1678 seqni-

75 1691 169 1771 γνώμῃ
191 1699 237 1752 τοῦ
253 1699 338 1752 ταῦτα
354 1696 558 1772 οῖκονσμοῦντος.
573 1693 658 1754 oniti
672 1693 724 1777 γὸρ
737 1695 847 1770 ἁπλῶς,
903 1706 957 1765 tur,
971 1692 1047 1752 sicet
1066 1704 1096 1753 ιιι
1110 1690 1268 1750 sententiam
1281 1690 1351 1770 ejus,
1366 1690 1414 1769 qni
1428 1711 1472 1750 res
1485 1690 1524 1750 ito
1538 1690 1647 1775 dispen-

73 1784 136 1844 ούδὸ
151 1787 186 1851 ὡς
201 1784 302 1864 ἔτυχεν,
322 1785 475 1866 ἐργάζεται,
493 1784 544 1845 κᾶν
560 1786 636 1853 αὐτὸς
656 1789 753 1866 ἀγνοῇς
762 1787 849 1848 καὶτὸ
900 1799 952 1847 sat.
968 1789 1062 1866 Neque
1075 1784 1148 1845 enim
1160 1798 1259 1845 temere
1277 1785 1321 1846 vel
1331 1784 1388 1844 sine
1408 1807 1487 1845 causa
1507 1801 1645 1868 operatur,
1755 1832 1759 1838 -

73 1880 125 1946 τῆς
135 1877 226 1957 σοφίας
236 1876 394 1959 ἀπόρρητον.
406 1876 445 1936 zo
458 1876 485 1937 δὲ
497 1877 587 1958 έκείνιρ
599 1877 646 1956 μέν
657 1887 804 1958 συγχωρεῖς
817 1880 848 1938 ἐκ
901 1881 1006 1941 etiamsi
1026 1894 1056 1940 tn
1074 1881 1180 1961 ignores
1199 1879 1336 1967 sapientie
1354 1900 1491 1941 αιοειιυιιι.
1506 1884 1550 1942 Tu
1565 1903 1646 1962 porro

73 1974 123 2027 τοῦ
134 1972 211 2028 αὐτοῦ
220 1968 373 2051 φυράματος
382 1969 494 2050 διάφορα
505 1979 598 2043 ποιεῖν,
607 1970 653 2029 καί
663 1973 710 2031 einr
720 1973 847 2050 ἐγκαλεῖς·
902 1974 988 2055 figulo
1001 1974 1146 2056 permittis,
1152 1987 1183 2033 ιιι
1194 1973 1331 2034 excedenr
1344 1993 1431 2033 messa
1439 1974 1545 2036 diversa
1556 1975 1648 2051 societ,

73 2064 168 2120 τοῦτον
180 2061 207 2119 δὲ
220 2060 325 2129 εὐθύνας
336 2065 456 2129 ἀπαιτεῖς
465 2064 518 2119 τῶν
530 2062 662 2121 κολάσεων
673 2062 719 2121 καλ
735 2067 788 2122 τῶν
811 2086 849 2122 τι·
856 2116 894 2155 m
903 2089 989 2146 neque
1011 2066 1042 2126 id
1056 2066 1099 2126 iili
1111 2065 1181 2126 vitio
1190 2064 1293 2126 tertis:
1308 2086 1324 2125 e
1337 2066 1396 2126 Deo
1412 2081 1502 2127 autem
1518 2067 1648 2137 rationein

77 2157 146 2229 μῶν,
161 2152 206 2211 καὶ
218 2155 247 2212 οὗ
258 2160 427 2234 παραχωρεῖς
437 2154 509 2231 αὐτῷ
525 2152 620 2212 εἰδέναι
632 2197 641 2228 ,
654 2152 694 2221 τίς
708 2153 756 2232 μέν
769 2152 849 2228 ἄξιος,
867 2173 888 2218 Δ
904 2158 1002 2240 repetis
1014 2171 1041 2218 et
1054 2156 1251 2238 suppliciorum
1264 2170 1291 2216 et
1309 2157 1461 2235 honornm3
1476 2177 1563 2237 neque
1580 2179 1648 2219 oon·

76 2243 119 2309 τῖς
139 2243 166 2304 δέ
187 2248 216 2304 αθ
235 2252 365 2317 τοιοῦτος,
383 2245 442 2303 ἀλλ’
456 2243 598 2326 ἐπειδήπερ
614 2245 645 2305 τὸ
660 2245 725 2305 αὐτὸ
739 2245 850 2327 φύραμα
903 2249 978 2311 cedis
991 2249 1043 2331 ipsi
1054 2263 1086 2308 ut
1095 2249 1172 2326 sciat,
1188 2248 1249 2327 quis
1262 2246 1371 2329 dignus,
1386 2249 1590 2331 quir'indignus
1600 2251 1647 2328 sit,

77 2339 130 2406 τῆς
149 2337 228 2408 αὐτῆς
247 2337 337 2404 οὐσίας
357 2334 430 2413 ἐστὶ,
450 2336 496 2396 καὶ
517 2334 565 2405 τὸς
585 2337 665 2405 αὐτὸς
686 2339 851 2421 προαιρέσεις
905 2341 952 2402 sed
964 2340 1030 2420 quia
1042 2339 1136 2400 eadem
1149 2361 1235 2399 massa
1247 2338 1367 2420 ejusdem
1378 2340 1533 2401 substantio
1541 2354 1592 2420 oet,
1606 2363 1649 2403 ee·

79 2428 162 2496 ἀξιοῖς
179 2418 255 2486 εἶναι.
273 2428 326 2487 ίίαλ
346 2427 431 2498 πόσης
442 2434 526 2487 ταῦτα
541 2427 742 2509 παραπληξίαςς
757 2431 851 2492 Καίτοι
905 2433 968 2493 dem
976 2431 1123 2494 voluntatis
1136 2429 1275 2512 proposita
1288 2431 1331 2490 vis
1344 2451 1409 2491 esse.
1424 2431 1460 2492 Et
1471 2446 1579 2511 quante
1592 2432 1650 2492 iraec

78 2543 112 2597 γε
123 2520 180 2579 οὐδὲ
194 2520 238 2578 ἐπὶ
250 2527 297 2580 τοῦ
305 2518 443 2598 κεραμέως
457 2523 486 2579 ix
497 2525 542 2578 τοῦ
553 2521 706 2600 φυράματος
714 2522 746 2581 τὸ
756 2523 851 2602 άτιμον
905 2523 1105 2585 suntinsaniae?
1121 2522 1205 2602 Atqui
1216 2543 1249 2582 ne
1265 2521 1296 2581 in
1311 2521 1397 2602 figulo
1415 2522 1526 2601 quidem
1536 2545 1571 2584 ex
1591 2527 1660 2606 ipsa'
1705 2553 1707 2557 ’

79 2611 165 2670 καὶτὸ
178 2611 291 2689 ἔντιμον,
302 2613 361 2670 ἀλλ’
375 2611 428 2670 ἀπὸ
442 2616 489 2683 τῆς
505 2611 626 2690 χρήσεως
635 2616 688 2672 τῶν
697 2637 851 2698 μεταχειρι-
906 2638 994 2677 massa
1013 2614 1162 2697 ignominia
1173 2627 1199 2674 et
1222 2613 1309 2674 honor
1323 2628 1482 2694 sequuntur,
1498 2613 1548 2676 sed
1560 2635 1595 2676 ex
1606 2638 1651 2676 eo-

78 2702 205 2779 ζομένων,
221 2704 285 2783 ὅπερ
296 2694 339 2762 ούν
352 2703 399 2761 καὶ
413 2705 524 2762 ἐνταῦθα
540 2703 592 2762 ἀπὸ
601 2709 649 2777 τῆς
662 2705 850 2788 προαιρέσεως.
905 2730 968 2768 rum
983 2728 1034 2767 usu
1046 2706 1095 2785 qui
1115 2704 1163 2764 illo
1174 2717 1290 2765 ιεοειοιιι
1304 2727 1311 2761 ι
1323 2703 1353 2765 nt
1368 2706 1441 2784 quod
1455 2704 1500 2779 hic
1513 2708 1595 2769 etiam
1616 2731 1652 2771 ex

80 2792 169 2868 Πλλν,
181 2793 246 2874 ὅπερ
259 2794 339 2874 ἔφθην
350 2794 441 2868 εἰπὼν,
463 2798 499 2862 εἰς
515 2793 542 2852 έν
553 2801 630 2855 τοῦτο
653 2797 800 2874 λαμύάνειν
813 2800 852 2859 δεῖ
907 2797 1045 2880 ριοροείιο
1057 2796 1203 2859 voluntatis
1212 2807 1261 2854 est.
1275 2796 1408 2856 &terum
1426 2797 1475 2876 id,
1484 2799 1652 2883 qnodsopra
1747 2877 1748 2881 γ

81 2883 161 2962 μόνον
171 2884 202 2943 τὸ
213 2885 375 2966 ὑπόδειγμα,
394 2885 475 2963 τὸμὴ
490 2887 542 2944 δεῖν
555 2885 699 2965 ἀντιλέγειν
716 2891 754 2968 τῷ
769 2890 849 2969 Θεῷ,
906 2889 977 2966 (λιιι,
991 2884 1092 2949 adhoc
1113 2908 1199 2946 unum
1218 2885 1374 2968 exemplum
1395 2889 1581 2971 accipiendum
1598 2906 1651 2971 εει,

81 2975 151 3034 ἀλλὰ
161 2986 330 3058 παραχωρεῖν
343 2979 420 3035 αὐτοῦ
430 2980 469 3056 τῷ
481 2975 663 3058 ἀκαταλήπτιρ
671 2981 719 3050 τῆς
731 2977 851 3060 ’σοφίας
908 3003 961 3043 non
970 2994 1092 3063 oportere
1100 2977 1284 3040 contradicere
1294 2979 1416 3055 Deo,sed
1433 2980 1585 3044 cedendum
1595 3005 1653 3045 esse

82 3067 137 3125 Καὶ
149 3064 201 3147 γὸρ
210 3067 245 3127 τὸ
258 3057 462 3148 παραδείγματα
473 3066 579 3145 μείζονα
589 3058 657 3127 εἶναι
670 3064 709 3128 δεῖ
722 3073 774 3128 τῶν
788 3094 853 3150 προ-
907 3074 966 3156 ejtrs
989 3070 1256 3152 incomprehensibili
1275 3071 1422 3152 sapientie.
1443 3073 1518 3133 Nam·
1526 3078 1652 3158 exemplo

81 3157 220 3237 κειμένων,
231 3160 276 3218 καὶ
285 3158 351 3238 ὑπὲρ
361 3151 398 3218 ὧν
408 3164 445 3229 εῖς
456 3158 535 3237 μέσον
549 3160 657 3241 άγεται,
668 3161 738 3223 ὥστε
753 3166 852 3242 μαλλον
871 3179 889 3226 Β
908 3167 1011 3248 majore
1020 3176 1125 3246 oportet
1137 3183 1194 3223 esse
1207 3163 1289 3222 rebus
1306 3164 1460 3244 propositis,
1478 3187 1538 3245 qne
1552 3165 1580 3227 in
1595 3189 1652 3229 me·

83 3255 195 3331 ἐνεργεῖν
211 3251 255 3311 τὸν
268 3251 414 3334 ἀκροατήν·
439 3252 497 3312 ἐπεὶ
517 3254 541 3311 εἰ
563 3252 601 3330 μὴ
617 3257 706 3332 μέζον
725 3255 788 3328 εἴη,
807 3256 854 3317 καλ
907 3258 986 3319 dium
996 3255 1119 3317 adductae
1134 3268 1205 3331 sunt,
1217 3254 1254 3313 ita
1275 3267 1306 3313 ut
1324 3254 1474 3316 auditorem
1486 3259 1573 3339 magis
1584 3259 1651 3320 affi-

82 3343 261 3424 πλείοναέροι
274 3342 323 3417 vir
336 3342 501 3423 θπερὸολλν,
516 3346 565 3403 ούκ
578 3343 609 3402 ὸν
622 3344 727 3428 ὡςχρλ
748 3346 855 3408 καθιεῖ·
907 3350 991 3410 ciant.
1005 3348 1079 3408 Nam
1098 3344 1120 3405 si
1141 3345 1244 3425 majora
1264 3364 1317 3405 non
1339 3360 1425 3406 essent
1449 3368 1497 3409 nec
1522 3351 1653 3432 majorem

83 3442 145 3494 σθαι
152 3435 274 3508 δενηθείη
275 3479 292 3514 ,
304 3434 351 3494 καὶ
361 3435 536 3515 ἐντρέλαιτὸν
547 3436 727 3517 ἀντιλέγοντα.
736 3438 796 3512 Τὴν
806 3438 855 3518 μέν
907 3439 1036 3501 habuerit
1049 3436 1230 3520 hyperbolen,
1245 3456 1299 3497 non
1314 3451 1466 3518 possentne
1479 3461 1529 3521 par
1539 3455 1579 3502 est
1590 3463 1652 3502 oon·

78 3518 129 3588 oio
137 3528 247 3608 ἄκαιρον
258 3531 342 3587 αὐτῶν
351 3527 511 3607 φιλονεικίαν
521 3525 603 3595 ούτως
616 3526 775 3608 ἐπεστόμισε
786 3531 854 3609 μετὰ
906 3530 1081 3592 ιιαιίὶοιοιοιο
1088 3547 1208 3609 pungere
1221 3541 1247 3588 et
1257 3529 1653 3613 pudeieeereJntempestivem

79 3627 130 3694 τῆς
152 3619 335 3700 προσηκούσης
357 3619 519 3698 θπερύολῆς·
534 3620 628 3699 ἐπάγει
649 3619 677 3681 δέ
699 3620 793 3682 λοιπὸν
808 3621 853 3682 καλ
907 3643 972 3702 ergo
985 3621 1094 3680 illorum
1107 3619 1305 3679 contentionem
1321 3621 1361 3679 rio
1381 3621 1429 3682 ilie
1445 3624 1571 3704 repressit
1590 3646 1654 3685 oum

81 3713 131 3785 πλν
145 3710 231 3772 λύσιν.
247 3711 296 3777 Τίς
311 3702 382 3782 οὖνὴ
396 3710 486 3783 λύσις;
508 3713 542 3771 Et
556 3711 584 3772 δέ
602 3715 684 3772 θέλων
697 3716 712 3771 ὁ
727 3713 795 3782 Θεὸς
808 3716 854 3775 έν·
909 3712 1059 3795 hyperbole
1084 3711 1242 3790 congruenti
1261 3709 1379 3770 :deinde
1406 3734 1471 3774 vero
1492 3714 1655 3777 solutionem

80 3803 214 3871 δείξασθαι
234 3800 282 3873 τὴν
297 3802 377 3880 ὀργὴν
389 3802 435 3861 καὶ
448 3802 576 3881 γνωρίσαι
586 3804 617 3863 τὸ
629 3802 737 3862 δυνατὸν
758 3807 854 3877 αὑτοῦ,
909 3803 1029 3864 adducit.
1044 3801 1112 3874 Quae
1125 3800 1173 3860 illa
1185 3801 1305 3860 solutio?
1318 3805 1367 3862 θλ.
1383 3803 1415 3862 Si
1435 3817 1534 3864 autem
1547 3807 1653 3866 οοέειεε

80 3893 191 3974 ἤνεγκεν
203 3896 230 3952 έν
243 3895 329 3970 πολλῇ
343 3891 512 3972 μακροθυμία
529 3893 609 3968 σκεύη
631 3896 711 3976 ὀργῆς
723 3918 854 3977 κατηρτι-
911 3897 990 3955 Deus
1002 3895 1153 3953 ostendere
1167 3896 1243 3950 iram
1269 3904 1297 3952 et
1312 3905 1414 3952 notant
1429 3896 1533 3975 facere
1549 3910 1652 3976 poten·

81 3985 170 4064 σμένα
180 3988 216 4052 είς
230 3984 377 4044 ἀπώλειαν·
390 3982 437 4042 καλ
447 3982 490 4042 ίνα
500 3986 616 4065 γνωρίσῃ
627 3985 671 4044 τὸν
680 3988 792 4046 πλοῦτον
806 3989 854 4060 τῆς
909 3991 983 4046 tiam
994 4006 1089 4057 suam,
1098 3987 1170 4044 tulit
1185 3989 1218 4043 ιἰε
1227 3986 1322 4043 multa
1334 3986 1562 4066 longanimitate
1575 4011 1653 4051 vasa

82 4077 157 4150 δόξης
174 4082 251 4137 αθτοὸ
263 4077 307 4135 ἐπὶ
320 4076 400 4148 σκεύη
411 4076 515 4152 ἐλέους,
526 4077 544 4136 θ
554 4077 751 4158 προητοίμασεν
763 4083 800 4147 εἰς
812 4079 855 4140 δό·
909 4083 961 4138 ine
975 4089 1120 4159 apparata
1133 4082 1166 4134 in
1174 4077 1324 4134 interitum
1334 4101 1346 4146 ,·
1358 4079 1406 4137 25.
1420 4090 1447 4137 et
1459 4091 1492 4137 at
1502 4083 1653 4162 notasse-

84 4168 146 4237 ξαν·
157 4168 200 4235 oo<
214 4169 260 4228 καὶ
274 4169 397 4228 έκάλεσεν
413 4172 499 4246 ἡμᾶς,
521 4171 550 4228 ού
571 4167 650 4246 μόνον
671 4168 698 4238 ἐξ
712 4168 856 4246 Ἰουδαίων,
872 4189 891 4237 c
910 4184 988 4233 aeret
1004 4171 1124 4229 divitias
1133 4169 1236 4249 gloriae
1246 4187 1306 4227 sua
1320 4189 1390 4249 erga
1403 4191 1480 4231 oasa
1493 4177 1654 4234 misericor·

83 4259 154 4320 ἀλλδι
165 4259 211 4320 καὶ
221 4260 248 4328 ἐξ
260 4262 348 4320 ἐθνῶν.
361 4258 399 4318 Ὃ
409 4259 437 4320 δὲ
450 4258 538 4340 λέγει,
551 4259 667 4320 τοιοῦτόν
682 4263 738 4322 ἐστι
749 4284 755 4298 ·
768 4266 857 4328 σκεῦος
911 4263 978 4334 dia,
989 4281 1054 4341 φινκε
1064 4262 1245 4341 preparavit
1259 4260 1301 4317 ad
1311 4260 1458 4339 gioriam5
1473 4264 1522 4322 λέ.
1534 4285 1607 4345 qnos
1626 4277 1656 4324 et

81 4355 164 4430 ὀργῆς
178 4343 211 4423 ἦν
225 4349 371 4429 coapto·
390 4350 562 4426 ταυτέσειν,θ
580 4352 716 4434 ἄνθρωπος
728 4357 776 4413 ποθ’
787 4356 857 4414 Θεοῦ
911 4356 1032 4413 ουσανίι
1046 4372 1098 4411 nos
1109 4351 1241 4425 (seilicet),
1250 4370 1309 4409 non
1321 4351 1417 4411 sotum
1427 4374 1464 4413 ex
1473 4356 1657 4436 Iudeis,sed

83 4443 134 4514 τὴν
154 4442 233 4521 ὀργὴν
255 4442 378 4501 ἀνάπτων
402 4441 446 4500 διὸ
466 4448 515 4514 τῆς
537 4443 635 4511 οἰκείας
660 4443 857 4524 σκληρότητος·
911 4449 1001 4504 etiam
1014 4445 1202 4526 exgentibus.
1214 4441 1331 4515 Horret,
1347 4464 1394 4502 ves
1407 4444 1519 4511 iraeerat
1533 4446 1654 4525 Pharan

83 4535 185 4603 πολλῆς
209 4533 261 4611 γὸρ
283 4531 434 4613 ἀπολαύσας
459 4533 656 4615 μακροθυμίας,
684 4538 732 4595 οὐκ
756 4534 858 4614 ἐγένετο
912 4535 942 4596 id
955 4549 1004 4612 est,
1014 4534 1095 4593 homo
1104 4532 1152 4612 qui
1167 4531 1352 4613 perduritiern
1368 4555 1455 4613 snam,
1469 4535 1538 4596 iram
1551 4539 1602 4598 Dei
1616 4539 1656 4598 in-

85 4623 209 4705 βελτίων,
221 4627 278 4683 ἀλλ’
294 4622 450 4702 αἰδιόρθωτος
462 4625 558 4703 ἔμεινε.
572 4628 622 4687 Διὸ
634 4627 692 4686 οὐδέ
704 4633 795 4696 σκεῦος
812 4632 860 4709 ὀρ·
912 4626 1003 4688 cendit
1019 4626 1151 4705 :longam
1163 4625 1236 4684 enim
1258 4625 1316 4704 ejus
1340 4626 1499 4710 patientiam
1515 4641 1654 4709 expertos,

85 4721 135 4795 γῆς
149 4714 227 4776 αὐτὸν
238 4716 347 4775 ἐκάλεσε
361 4715 451 4793 μόνον,
464 4717 533 4778 ἀλλὰ
543 4718 589 4777 καὶ
599 4719 808 4799 κατηρτισμένοι
823 4723 859 4787 εἰς
912 4739 966 4778 non
981 4717 1077 4777 melior
1089 4716 1202 4775 affectus
1216 4728 1266 4793 est,
1282 4715 1331 4775 sed
1341 4715 1537 4796 incorrigibilis
1548 4719 1655 4779 mansit.

85 4807 240 4868 inniterer·
258 4807 392 4879 τουτέστι,
420 4808 626 4890 ἀπηρτισμέναι,
650 4812 748 4873 οἴκοθεν
770 4811 860 4890 μέντοι
912 4809 979 4871 Ideo
993 4829 1047 4869 non
1061 4808 1141 4868 modo
1156 4827 1205 4866 vas
1218 4806 1264 4865 ire
1284 4806 1375 4887 ipsum
1391 4807 1507 4884 vocavit,
1525 4807 1574 4869 sed
1585 4831 1657 4891 pror·
1687 4832 1689 4835 ·

87 4901 134 4960 καὶ
147 4902 209 4980 παρ’
224 4903 326 4960 ἑαυτοῦ.
343 4899 414 4959 Οὔτε
425 4898 501 4980 γάρὸ
514 4902 582 4968 Θεὸς
593 4901 699 4962 ένέλιπέ
712 4927 738 4962 τε
751 4907 804 4963 τῶν
824 4905 861 4972 είς
914 4914 1039 4983 peronen
1051 4899 1085 4959 ad
1097 4898 1297 4981 perditionem
1314 4897 1343 4956 id
1354 4912 1403 4971 est,
1423 4912 1595 4982 apparatum,
1609 4921 1659 4982 per

88 4994 137 5065 τὴν
152 4992 289 5071 διόρθωσιν
302 4992 424 5052 εἰκόντων
437 4992 486 5066 τὴν
501 4991 616 5066 ἐκείνου,
638 4993 697 5053 οὔτε
711 4994 788 5062 αὐτὸς
802 4995 861 5055 ένέ-
915 5013 943 5053 se
956 5013 1052 5073 nempe
1074 5005 1100 5050 et
1114 5011 1193 5071 opera
1213 5011 1272 5049 sua.
1289 4991 1381 5068 Neque
1401 4991 1473 5050 enim
1487 4993 1563 5052 Deus
1575 4994 1659 5073 quid-

89 5084 153 5145 λιπέ
169 5089 260 5144 τιτῶν
275 5083 444 5144 ἀπολλύντων
467 5085 554 5157 αὑτὸν,
575 5084 620 5145 καλ
642 5085 730 5159 πάσης
747 5089 862 5148 ιῖποστε·
916 5087 990 5168 piam
999 5085 1169 5168 pretermisit
1186 5106 1289 5164 eorum,
1303 5107 1362 5164 quae
1374 5086 1410 5145 ad
1424 5089 1482 5166 ejus
1495 5088 1660 5149 emendatio·

128 5256 138 5280 ²
156 5240 280 5311 [προνοίας
296 5238 381 5293 iidem.
396 5241 428 5292 Et
447 5240 511 5292 inire
530 5244 588 5295 δοκεῖ
604 5257 651 5308 pro
670 5245 718 5309 δεῖ,
729 5251 756 5293 et
771 5248 855 5310 διάγειν
865 5259 912 5310 pro
924 5244 1041 5317 διαρρεῖν]

1471 5310 1520 5366 ii.
