3728 5978
129 480 197 565 214
340 500 343 505 '
461 497 491 544 S.
518 496 659 545 JOANNlS
684 491 869 541 cttttt'sost.
897 493 1050 541 tnctttsst’.
1079 495 1350 543 consulumue.

125 623 180 681 fiet.
194 622 281 680 Nemo
294 619 406 679 domum
423 620 514 679 statim
531 619 676 701 spatiosam
689 616 751 677 vult
771 615 868 692 faeere,
927 622 1075 696 σκευασθῇ,
1102 618 1161 680 τότε
1192 622 1307 678 κάκεῖνο.
1326 616 1421 684 otest<
1440 615 1528 676 οἰκίαν
1550 637 1560 671 ε

125 714 174 773 sed
185 713 273 794 primo
287 712 394 771 firmam
401 726 427 771 et
435 713 585 793 probatam,
598 710 697 770 deinde
707 707 867 789 spatiosam:
925 713 1030 789 πρῶτον
1049 709 1170 788 βοόλεται
1182 715 1309 784 ποιῆσαι,
1323 708 1392 769 ἀλλὰ
1404 713 1511 792 πρῶτον
1528 709 1560 785 tq

126 825 203 864 nemo
217 802 390 863 fundamenta
408 802 497 884 jacit,
517 816 548 863 ut
569 800 731 862 derideatur.
747 797 871 859 Primum
926 801 1044 879 δόκιμον,
1057 802 1103 862 κοιλ
1114 802 1173 862 τότε
1186 802 1440 884 εὖρόχυρον·οῦδιλς
1448 799 1547 881 βάλλει

125 898 178 956 λου
191 916 352 975 queramus,
374 894 470 956 deiude
491 895 640 955 illud.Hoe
663 893 686 952 si
699 892 735 952 sit
747 891 826 950 [anile
845 903 872 950 et
925 892 969 952 ἵνα
1006 899 1199 975 καταγελασθῇ.
1230 897 1341 977 Πρῦκτον
1371 900 1449 954 τοῦτο
1481 895 1560 970 ζητῦιρ

127 985 198 1053 illud
218 986 307 1046 aderit
322 1010 329 1043 ι
346 986 415 1046 illud
441 1001 531 1047 autem
555 986 577 1046 si
601 1006 654 1045 non
684 983 766 1058 adsit,
795 981 877 1061 hujus
895 997 912 1043 B
930 984 989 1046 τότε
1011 990 1102 1047 ἐκεῖνο.
1122 988 1225 1048 Τοότου
1250 988 1336 1062 όντος,
1348 985 1455 1048 εὔκολον
1475 989 1560 1045 aaut

127 1077 208 1137 etiam
225 1078 249 1137 si
260 1078 305 1154 sit',
319 1078 394 1138 nulla
404 1079 516 1139 utilitas.
528 1081 597 1139 Nam
611 1077 673 1137 siin
688 1072 809 1134 Ecclesia
823 1073 877 1133 sint
930 1077 1028 1138 ἐκείνου
1039 1077 1066 1138 δὲ
1080 1081 1126 1139 οὐκ
1139 1079 1221 1152 ὄντος,
1236 1087 1313 1141 τοῦτο
1327 1078 1376 1139 κᾶν
1390 1069 1426 1159 ᾖ,
1440 1075 1560 1156 οῦδὲνθφ

128 1171 177 1250 qui
191 1171 257 1230 clari
273 1193 329 1232 esse
342 1172 466 1253 possint,
481 1172 536 1233 cito
548 1172 600 1232 erit
621 1184 648 1230 et
660 1168 826 1229 multitudo:
846 1164 876 1226 hi
928 1190 982 1225 τιον
995 1168 1043 1245 μὲν
1056 1164 1108 1247 γάρ
1118 1171 1171 1226 τῶν
1187 1167 1337 1247 δυναμένων
1355 1171 1383 1228 ἐν
1405 1164 1559 1246 Ἐκκλησία

129 1261 153 1321 si
166 1281 219 1320 nou
234 1263 298 1340 sint,
311 1283 461 1342 numquam
478 1263 529 1322 erit
543 1262 615 1322 clara
633 1257 792 1320 multitudo.
802 1258 877 1330 Quot
928 1257 1031 1337 ταχέως
1042 1258 1116 1318 έοται
1129 1260 1180 1341 καί
1201 1264 1313 1334 πλῆθος·
1333 1257 1474 1320 τοότιυνδὲ
1496 1260 1547 1334 οὐκ

130 1354 233 1435 putatis
247 1353 274 1411 in
289 1354 358 1413 urbe
370 1367 461 1413 nostra
483 1373 560 1429 esse,
588 1351 636 1430 qni
651 1351 765 1409 salutem
784 1369 875 1408 couse-
929 1352 1028 1422 πλῆθος
1043 1351 1166 1411 οὐδέποτε
1181 1352 1256 1414 έσται
1275 1352 1393 1429 δόκιμον.
1406 1347 1560 1419 Πόσωςοέι

18 1419 67 1464 N⁰⁰
81 1435 268 1523 “⁰'queuturl
288 1446 433 1504 Molestum
454 1443 566 1524 quidem
590 1456 641 1520 est,
663 1439 738 1520 quod
754 1439 877 1499 fficium
928 1440 1052 1522 πίλῑῑίῇ
1073 1444 1193 1525 ἥμῑῐέέθ
1215 1435 1282 1504 ’ίναῑ
1303 1443 1362 1511 *ὡς
1376 1440 1555 1521 σωζοέώωςῗ

1 1483 203 1618 ίιοςιεοιίόίίευυι,
217 1536 309 1597 dicam
318 1551 416 1596 tamen.
431 1538 464 1595 In
479 1550 519 1598 tot
532 1535 654 1595 millibus
664 1555 716 1594 uon
731 1546 793 1593 sunt
812 1553 876 1592 een·
930 1533 977 1611 μέν
988 1537 1068 1609 ἐστιν,
1079 1534 1094 1594 θ
1104 1536 1193 1615 μέλλω
1203 1535 1304 1616 λέγειν·
1316 1539 1367 1619 ἐρῶ
1378 1533 1499 1613 δδόμιος.
1513 1533 1560 1593 Ob

1 1608 57 1712 ¹:1¹⁵
70 1608 201 1712 22¹]tum,
213 1628 260 1707 qui
271 1629 385 1688 salutem
400 1642 609 1708 oousequantur3
622 1625 712 1687 sedde
725 1626 781 1685 illis
794 1625 876 1685 etiam
928 1626 1066 1695 τοσαύταις
1087 1628 1210 1710 μυριάσιν
1234 1628 1326 1687 έκατδν
1342 1630 1424 1707 υθρεῑν
1444 1623 1504 1692 τοῦς
1523 1646 1560 1682 σοι

7 1746 28 1773 m
52 1720 237 1780 natvosdubito.
245 1721 365 1799 Quanta,
377 1743 478 1801 quaeso,
488 1721 608 1800 nequitia
619 1718 876 1791 inadotaoenribus,
930 1717 1054 1778 ἀλλὰκαὶ
1066 1718 1133 1802 ὑπὲρ
1148 1719 1246 1780 τούτων
1266 1719 1436 1800 oppetant.
1452 1715 1532 1789 Πόση
1552 1739 1560 1792 7

1 1794 231 1898 l‘offifffiquanta
242 1813 348 1874 desidia
360 1815 387 1873 iu
400 1813 579 1901 senioribus?
594 1815 680 1872 Nemo
697 1832 780 1893 quam
793 1833 875 1892 opor·
930 1834 992 1889 μοι,
1009 1810 1091 1871 κακία
1104 1813 1132 1870 έν
1144 1821 1199 1878 τοῖς
1207 1809 1289 1884 νέοις;
1303 1811 1373 1883 πόση
1394 1807 1512 1892 ρρθομία
1536 1808 1560 1866 έν

130 1920 199 1968 teret
215 1906 349 1967 educandi
363 1907 414 1966 stlii
431 1929 524 1967 curam
544 1906 627 1965 babet
651 1929 658 1962 ε
684 1924 764 1964 nemo
789 1925 877 1964 senem
929 1903 1087 1983 γηρακόσιν;
1103 1903 1198 1972 Οὐδείς
1212 1907 1248 1969 ὡς
1264 1902 1318 1985 χρὴ
1333 1899 1486 1981 ἐπιμέλειαν
1501 1899 1558 1980 ἔχει

131 1997 248 2073 videns,
264 1998 343 2057 illum
352 1998 454 2058 imitari
472 1998 571 2059 studet.
582 1996 716 2077 Exempla
736 1995 878 2056 demedio
931 1997 973 2063 δὸς
991 2002 1038 2056 τοῦ
1056 1999 1163 2055 ἑαυτοῦ·
1175 1997 1259 2065 οόδτίς
1283 1995 1340 2076 ἔχει
1363 1997 1441 2075 ζῆλοι
1463 1992 1532 2073 πρὸς
1550 2014 1560 2049 t

130 2088 236 2158 sublata
247 2102 309 2148 sunt
321 2113 328 2145 ι
340 2089 444 2148 idcireo
456 2110 505 2149 nee
512 2090 626 2169 juvenes
637 2087 878 2152 liuntadmiraudi.
896 2103 914 2151 c
933 2086 994 2147 ἰδὼν
1005 2089 1181 2167 μιμήσασθαι.
1191 2078 1236 2149 Tt'
1247 2085 1385 2169 ἀρχέτυπα
1395 2084 1555 2167 ἠφάνισται·

129 2182 171 2239 Ne
190 2180 259 2239 mihi
286 2180 385 2256 dieas,
407 2180 495 2243 ttutu
514 2180 656 2241 bominum
679 2180 759 2240 turba
775 2201 877 2240 sumus.
932 2180 990 2240 οῦδὲ
1007 2184 1031 2240 οἱ
1043 2180 1096 2242 νέοι
1106 2179 1223 2261 γίνονται
1236 2178 1393 2257 θαυμαστοί.
1404 2176 1452 2249 Μή
1466 2200 1513 2255 μοι
1527 2177 1560 2234 ta

128 2271 188 2331 Hoc
207 2271 370 2351 frigidorum
382 2270 603 2338 bominumost:
624 2269 654 2330 id
674 2270 709 2331 de
721 2271 878 2333 bominibus
931 2270 972 2332 ότι
983 2276 1190 2355 πολυοχλοῦμεν.
1198 2274 1285 2331 Τοῦτο
1294 2272 1404 2352 ψυχρῶν
1415 2265 1560 2350 ἀνθρώποις

128 2365 225 2425 merito
252 2364 369 2441 dicatur,
393 2364 428 2424 de
455 2367 513 2425 Deo
538 2378 636 2441 autem,
665 2364 713 2443 qui
736 2385 790 2424 non
809 2385 878 2445 opus
933 2364 977 2425 ἐπὶ
993 2365 1042 2444 μέν
1061 2363 1205 2446 ἀνθρώπων
1219 2363 1324 2429 εἰκότως
1338 2361 1369 2420 ἂν
1382 2366 1458 2420 τοῦτο
1480 2358 1560 2436 λέγοιτ

100 2460 102 2465 ’
127 2455 210 2515 babet
229 2456 319 2533 nobis,
341 2476 394 2515 uon
420 2455 495 2514 item.
522 2455 604 2537 Quod
625 2468 715 2514 autem
738 2454 819 2514 etiam
843 2455 878 2514 de
932 2459 1001 2517 Θεοῦ
1015 2456 1233 2535 τοῦοόδεομένου
1246 2456 1389 2533 alpisque&
1403 2452 1451 2512 έτι.
1464 2450 1560 2511 'ont

127 2546 184 2606 illis
200 2547 334 2627 frigidum
353 2547 388 2606 sit
410 2546 533 2626 verbum,
552 2545 626 2605 audi.
638 2545 694 2618 Qui
712 2545 811 2607 multos
825 2547 878 2606 ba·
931 2549 1032 2630 ψυχρόν
1043 2553 1100 2610 ἐστι
1112 2549 1143 2610 τό
1156 2553 1239 2630 ρῆμα,
1253 2547 1373 2607 ἄκουσον.
1383 2541 1560 2611 Ὁπολλοίιςί

126 2637 171 2696 bet
187 2637 357 2714 domestioos,
384 2637 407 2696 si
436 2634 479 2696 illi
502 2636 620 2718 improbi
640 2637 705 2715 sint,
726 2650 793 2716 quot
807 2637 878 2697 mala
931 2667 993 2715 τας,
1015 2642 1046 2702 διν
1073 2642 1273 2724 διεφθαρμένους
1298 2638 1391 2707 αὐτοῦς
1415 2638 1481 2718 ἔχῃ,
1504 2635 1555 2696 &a

126 2729 321 2810 ΡαθίοῑυτθΕἰ,
332 2728 379 2808 qui
389 2728 498 2788 nullum
505 2729 598 2807 habet,
610 2729 662 2788 boe
669 2727 877 2811 videturqrave,
932 2736 1019 2810 δεινάς
1035 2735 1088 2795 Καὶ
1106 2735 1151 2795 ἐπὶ
1165 2735 1212 2813 μὲν
1225 2737 1271 2794 τοῦ
1292 2731 1392 2811 μηδένα
1413 2731 1519 2811 &putrer
1531 2749 1560 2787 το

125 2819 199 2899 quod
224 2841 276 2879 uon
290 2820 441 2880 serviatur:
457 2820 480 2880 is
490 2841 565 2898 vero,
577 2821 625 2900 qui
636 2820 776 2902 improbos
796 2820 877 2881 habet
929 2819 997 2887 εἶναι
1009 2828 1041 2888 τὸ
1055 2827 1148 2899 δεινὸν,
1161 2828 1203 2887 δςι
1215 2829 1264 2906 οὐχ
1275 2830 1461 2903 όιςοριτεῑται·
1478 2820 1522 2880 ἐπὶ
1543 2820 1560 2879 δ

126 2909 261 2987 famulos,
275 2932 337 2970 oum
348 2910 404 2970 illis
422 2911 443 2970 it
457 2910 486 2970 in
498 2910 664 2991 perniciem,
680 2912 824 2992 majusque
834 2926 875 2972 est
928 2919 1058 3000 πονηροὺς
1079 2918 1196 3000 ἔχοντος,
1222 2916 1268 2977 καί
1295 2917 1386 2989 emto
1410 2911 1560 2996 προσασόλλ

125 3002 265 3062 damnum.
277 3003 397 3063 Gravius
406 3003 507 3084 quippe
520 3016 560 3063 est
574 3002 636 3063 aliis
651 3008 774 3084 pugnare
788 3019 814 3065 et
827 3005 875 3066 de·
892 3026 911 3076 ι)
928 3011 1043 3085 ὶκιίνων,
1057 3011 1104 3072 καί
1116 3010 1210 3089 μείζων
1225 3015 1243 3082 ἡ
1257 3007 1349 3088 ζημία.
1363 3009 1419 3066 Τοῦ
1433 3004 1488 3086 γὰρ
1501 3008 1560 3064 έαυι

126 3107 237 3171 certare,
255 3114 338 3172 quam
359 3092 411 3153 sibi
425 3093 479 3174 ipsi
500 3094 610 3156 servire.
624 3093 688 3153 llaee
700 3093 773 3172 dioo,
788 3109 820 3155 ut
840 3114 880 3157 ne'
925 3111 980 3163 νεῖν
997 3105 1088 3185 πολλῷ
1111 3101 1296 3183 χαλεπώτερον
1316 3099 1348 3160 τδ
1373 3098 1418 3159 καί
1443 3096 1542 3178 ἑτέροις

126 3185 188 3263 quis
198 3183 351 3245 Ecclesiam
369 3182 518 3242 admiretur
539 3197 648 3265 propter
661 3185 873 3266 multitudinem,
925 3194 971 3254 καί
985 3195 1100 3274 πόλεμον
1122 3194 1309 3274 ἀναδέχεσθαι.
1325 3194 1420 3252 Ταῦτα
1432 3189 1521 3268 λέγω,
1541 3185 1560 3246 θ

127 3278 174 3339 sed
186 3294 217 3340 ut
230 3300 354 3339 curemus
367 3279 443 3338 illam
452 3278 655 3339 multitudinem
667 3280 768 3344 cleram
782 3283 871 3343 effice·
924 3286 972 3360 τὴν
987 3286 1149 3359 Ἐκκλησίαν
1169 3286 1291 3366 θαυμάζῃ
1314 3283 1358 3343 διδι
1379 3283 1411 3341 τδ
1434 3284 1550 3352 πλῆθος,

126 3394 156 3432 re
173 3396 179 3430 :
194 3386 225 3433 ut
243 3371 426 3451 unusquisque
444 3392 521 3430 suam
535 3385 609 3431 ουτοι
623 3385 746 3453 partem,
766 3387 796 3432 ut
817 3396 870 3434 nou
923 3381 1109 3460 σπουδάζομεν
1126 3379 1189 3438 αὐτὸ
1204 3377 1311 3455 δόκιμον
1324 3373 1504 3456 ἐργάσασθαι·
1519 3371 1560 3431 ἵνα

128 3463 240 3534 amicos,
249 3484 302 3522 non
315 3475 450 3541 cognatos,
463 3476 493 3520 nt
503 3484 608 3543 semper
618 3477 720 3544 repeto,
736 3485 789 3524 non
803 3465 870 3526 vici-
922 3478 967 3532 τοῦ
981 3472 1077 3533 οἰκείου
1096 3475 1194 3553 προνοῇ
1211 3468 1316 3549 μέλους,
1328 3467 1388 3547 οῦχλ
1401 3465 1559 3546 τῶνφίλων,

127 3575 175 3614 nus
189 3568 304 3629 tautum,
315 3552 452 3612 sedetiam
466 3554 869 3634 extraneospertrabat.Exem·
922 3569 1062 3647 οοργοοῶν,
1076 3564 1142 3644 ὅπερ
1159 3565 1200 3623 ἀεὶ
1213 3561 1298 3642 λέγω,
1319 3558 1377 3620 οὐδὲ
1391 3562 1445 3618 τιῦν
1469 3555 1560 3637 γειτόν

127 3645 167 3726 pli
175 3666 265 3720 causa,
275 3645 307 3703 fit
318 3644 413 3721 oratio,
425 3645 514 3725 jaoeut
522 3645 616 3726 frigidi
622 3647 832 3726 omnesjurenes
844 3663 871 3709 et
922 3658 967 3718 καί
980 3657 1049 3718 ὥστε
1061 3656 1120 3724 τοὺς
1133 3656 1217 3725 ξένους
1229 3654 1392 3735 ἐφέλκεσθαι.
1402 3640 1485 3721 θέον,
1499 3647 1560 3729 εῦχί

126 3758 210 3814 5611085
225 3749 400 3818 purgamenta
412 3735 499 3816 ¹³³8ss
511 3758 592 3814 (lum
607 3738 731 3817 lulessffls
744 3739 871 3817 Γίὸῑῑίοῦθ·
923 3761 1024 3811 κεῖνται
1035 3751 1131 3818 πάντες
1144 3749 1197 3809 νέοι
1215 3746 1312 3829 ψυχροὶ
1325 3745 1370 3804 καί
1385 3743 1519 3823 γέροντες·
1534 3764 1560 3800 tu

125 3827 351 3905 chinnis,fabulis
361 3826 556 3906 incumbentes5
565 3828 751 3910 boeeuimego
763 3830 868 3910 audivi,
924 3843 1023 3916 μᾶλλον
1035 3841 1052 3912 ἢ
1066 3841 1134 3914 νέος,
1147 3843 1290 3922 γελῶντος,
1305 3836 1556 3917 ἀνοκσιγχάζοντες,

125 3932 152 3977 et
167 3919 281 3998 genibus
291 3919 351 3980 nixi
362 3918 430 3979 alios
438 3918 558 3979 dicteriis
581 3920 754 4001 impetentes:
776 3923 870 4001 tuqui
925 3956 997 4011 μενοι
1014 3933 1078 4008 (χοὶ
1092 3931 1143 4011 γὰρ
1165 3931 1211 3991 χοὶ
1233 3935 1309 3989 τοῦτο
1328 3927 1430 3999 ἤκουσα
1453 3924 1560 4004 γινόμεν

126 4009 201 4084 ades,
215 4011 325 4092 juvenis
339 4025 386 4070 aut
400 4032 489 4088 senex,
501 4012 609 4093 increpa
620 4011 643 4071 si
656 4011 757 4090 videas,
783 4014 867 4074 vehe-
886 4038 905 4084 5
923 4024 1051 4096 ἀλλήλους
1068 4023 1232 4089 σκώπτοντος
1248 4020 1292 4080 ἐπὶ
1304 4018 1404 4098 plum
1415 4016 1549 4094 ,atym-

128 4105 245 4165 mentius
259 4106 372 4181 incesse,
386 4121 412 4165 et
425 4105 449 4166 si
460 4128 512 4167 non
526 4108 603 4185 ferat,
616 4105 760 4168 diaeonum
780 4131 845 4169 voca
859 4156 867 4184 ,
922 4121 1043 4188 σιηκαςὸ
1056 4112 1333 4194 νέοςῆόπρεσόόεης,
1344 4107 1496 4183 ἐπίπληξον,
1511 4106 1544 4165 ἂν
1558 4111 1560 4119 ’

126 4194 312 4274 minare,quae
322 4218 401 4277 penes
412 4211 508 4257 tesunt
520 4198 652 4258 laeit02et
662 4199 761 4279 siquid
772 4202 869 4262 audeat
921 4208 1032 4268 κάλεσον
1052 4207 1222 4288 σφοδρότερον
1243 4209 1290 4264 οῦκ
1314 4201 1483 4283 ἀνεχόμενον,
1503 4198 1549 4258 τδν

125 4299 218 4345 eontra
233 4300 258 4346 te
270 4289 366 4363 faeere,
391 4289 490 4349 multos
503 4288 615 4350 babebis
636 4290 780 4371 adjutores.
800 4294 869 4366 Quis
922 4299 1043 4371 κάλεσον,
1063 4299 1216 4374 ᾀπείλησον,
1235 4296 1270 4356 τδι
1290 4294 1364 4375 παρδι
1384 4297 1481 4352 σαυτοῦ
1502 4289 1560 4350 arob

125 4377 198 4437 enim
213 4378 249 4437 ita
264 4376 456 4440 irrationabilis
473 4394 523 4455 est,
539 4381 587 4460 qui
604 4382 632 4441 te
648 4381 744 4442 videns
756 4384 818 4444 illos
834 4385 868 4446 de
921 4390 967 4450 έδιν
986 4390 1106 4470 τολμήσῃ
1120 4413 1147 4448 τι
1161 4391 1197 4454 είς
1211 4385 1241 4447 σέ
1249 4385 1425 4467 ἐργάσασθαι,
1441 4382 1560 4444 Ι’πόντον

124 4493 157 4533 ea
170 4495 199 4531 re
214 4472 411 4553 objurgantem,
424 4495 477 4533 non
492 4474 581 4533 stetin
592 4489 667 4556 parte
678 4479 746 4537 tua?
755 4479 869 4540 Discede
922 4481 987 4550 ἕξεις
997 4480 1057 4550 τοὺς
1077 4479 1286 4559 συναιρομένους.
1296 4475 1346 4544 Τίς
1359 4476 1411 4557 γὰρ
1431 4475 1516 4542 οὕτως
1538 4477 1560 4534 d}

126 4581 213 4626 sumta
222 4567 309 4647 precis
317 4566 448 4626 mercede.
459 4569 494 4626 lu
503 4567 561 4628 aede
571 4567 706 4628 dominica
717 4570 766 4631 bos
777 4594 867 4633 servus
920 4577 956 4643 ὡς
971 4572 1032 4634 ίδών
1051 4597 1079 4634 σε
1098 4575 1260 4653 ἐγκαλοῦντα
1278 4569 1345 4650 ὑπέρ
1359 4567 1485 4628 τοιούτων
1498 4570 1560 4627 κάκε

124 4660 186 4719 aliis
201 4657 428 4718 benevolentiores
448 4657 613 4739 judicamus,
628 4658 799 4738 qui'nullum
820 4683 867 4724 vas
920 4668 1110 4745 καλουμένους,
1125 4663 1163 4743 μὴ
1176 4669 1223 4735 τῆς
1244 4668 1291 4735 σῆς
1306 4661 1425 4741 γενέσθαι
1447 4659 1560 4739 μερίδος

124 4765 201 4809 extra
215 4747 338 4807 ordinem
360 4749 450 4828 jacere
462 4749 563 4811 sinunt.
579 4750 609 4810 Si
623 4750 727 4812 videres
741 4754 769 4812 in
784 4753 865 4815 domo
919 4759 1008 4819 λαόὼν
1021 4759 1065 4818 τδν
1092 4757 1183 4834 μισθὸν
1198 4753 1251 4813 ἀπὸ
1266 4757 1313 4824 τῆς
1336 4754 1421 4832 εθλῆτ·
1437 4752 1485 4811 Ἔν
1508 4750 1560 4811 olel

122 4865 171 4903 ras
181 4855 336 4922 argenteum
347 4855 445 4901 temere
452 4842 523 4900 foras
528 4843 686 4923 projectum,
693 4846 798 4906 etiamsi
812 4870 864 4908 non
919 4856 980 4930 τικῇ
995 4849 1102 4915 τούτους
1116 4846 1294 4928 εὐνουστέρους
1303 4849 1355 4904 τῶν
1369 4843 1466 4902 δούλων
1480 4840 1560 4922 κρίνοι

123 4958 192 4996 esses
205 4935 241 4995 ad
256 4935 308 4994 boe
319 4933 486 5016 deputatus,
503 4955 591 4995 annun
613 4936 683 4996 illud
698 4938 810 5000 domurn
823 4963 864 5000 re-
919 4968 969 5024 περ
988 4942 1018 5001 ἂν
1041 4941 1122 5018 μηδὲν
1147 4943 1297 5020 παρορῶσιν
1319 4936 1438 5002 ἀτάκτως
1454 4933 1560 5012 κείμενο

120 5029 224 5088 ferres?
239 5028 261 5087 si
277 5027 463 5089 vestimentum
476 5028 634 5109 projectum,
653 5031 757 5092 etiamsi
771 5054 863 5094 curum
920 5035 988 5096 Εἰπὲ
1003 5035 1036 5106 δή
1052 5056 1113 5112 μοι,
1130 5031 1160 5090 θν
1183 5032 1239 5109 ἴδῃς
1261 5032 1288 5089 ἐν
1308 5028 1378 5110 οἰκία
1400 5028 1431 5087 τὸ
1452 5027 1560 5108 άργόριι

152 5241 163 5265 ¹
176 5225 223 5276 Alli
238 5234 347 5292 θεμέλιον,
856 5296 861 5305 „
962 5231 1033 5282 l>Alli
1045 5241 1134 5290 πάντως
1145 5238 1230 5290 πάντας
1243 5236 1306 5292 litte.
