3728 5978
182 502 185 507 Ι
237 400 308 474 552

215 548 307 608 ‘nibil
331 568 387 608 osse
404 545 546 628 putabant,
561 544 717 604 crassiorem
729 545 804 604 illam
825 545 978 618 retinentes,

237 639 354 700 ostendit
362 638 431 698 bane
445 659 500 696 esse
514 637 600 716 magis
612 636 761 718 propriam,
775 657 924 696 sermonem
943 634 979 694 ad

237 734 324 792 Deum
339 730 484 790 adducens.
503 731 589 808 Atque
602 750 665 787 cum
675 728 719 788 bis
733 729 785 788 boc
796 728 876 787 etiam
886 726 978 786 decla·

238 836 290 899 rat,
305 822 377 901 quod
393 822 462 881 banc
475 819 539 880 fidei
553 820 756 879 retributionem
770 820 909 901 acceperit.
926 821 977 878 lta·

237 935 290 992 que
301 913 354 973 uisi
365 913 417 973 boc
429 912 557 986 adfuerit,
574 912 677 973 etiamsi
698 925 774 993 pater
790 912 824 971 sit
844 911 977 987 omnium,

237 1007 285 1084 qui
304 998 403 1067 terram
425 1007 561 1083 incolunt,
583 1005 670 1083 illud,
692 1006 791 1083 Ante,
814 1006 903 1065 locum
926 1026 978 1064 noo

236 1099 327 1173 habet,
336 1099 384 1159 sed
393 1099 527 1160 succisum
537 1112 563 1158 et
573 1099 746 1158 imminutum
757 1112 796 1157 est
804 1097 852 1157 Dei
862 1096 978 1156 donum:

588 422 615 468 S·
644 420 783 470 Joauuts
809 419 991 469 CHRYSOST·
1019 418 1177 468 tuentur.
1206 419 1475 466 consummor.

1031 542 1073 604 ὅτι
1085 542 1130 602 καί
1140 541 1254 621 άμοιὸὴν
1269 545 1317 614 τῆς
1329 542 1443 609 πίστεως
1455 542 1553 614 ταύτην
1565 540 1661 601 ἐλαῦεν
1672 564 1678 578 ·
1691 540 1760 600 ῶστε
1774 541 1802 601 ἂν

1033 635 1070 714 μὴ
1084 642 1160 695 τοῦτο
1171 626 1204 714 ᾗ,
1231 634 1280 694 κᾶν
1295 634 1401 693 πάντων
1415 625 1432 713 ᾖ
1446 634 1535 711 πατὴρ
1557 638 1612 693 τῶν
1630 633 1681 704 τὴν
1702 637 1751 711 γῆν
1769 638 1804 692 ol·

1032 727 1156 802 κοιίντων,
1165 728 1205 802 τὸ,
1218 727 1374 798 Κατέναντι,
1385 729 1432 785 οὐκ
1440 727 1495 807 ἔχει
1504 724 1607 806 χώραν,
1619 727 1679 784 ἀλλ’
1689 727 1805 803 τ’,κρονιη

1033 818 1140 898 ρίασται
1156 825 1174 891 ἡ
1190 826 1236 879 τοῦ
1252 822 1323 879 Θεοῦ
1331 818 1431 898 δωρεά·
1442 818 1471 875 τὸ
1480 817 1532 899 γάρ
1543 815 1804 892 aestumanda<

1032 911 1098 970 ἐστί.
1123 913 1180 972 Ποῦ
1203 912 1255 992 γὰρ
1272 911 1434 990 θαυμαστὸν,
1447 909 1505 969 είπέ
1516 931 1578 986 μοι,
1601 912 1656 967 τῶν
1677 907 1705 974 ἐξ
1727 910 1803 966 αὐτοῦ

1032 1003 1136 1084 πατέρα
1154 993 1238 1076 εἶναις
1259 1010 1336 1062 τοῦτο
1355 1002 1406 1081 γάρ
1418 1002 1529 1067 ἕκαστος
1550 998 1682 1071 κέκτηται
1696 1003 1749 1057 τῶν
1761 1002 1803 1057 άν-

1032 1093 1154 1184 θράνπων.
1171 1096 1211 1154 Τὸ
1229 1094 1279 1175 γίιρ
1300 1093 1446 1175 παράδοξον
1476 1092 1560 1151 ἐκεῖνά
1583 1096 1667 1163 ἐστιν,
1691 1091 1736 1158 οῦς
1760 1095 1804 1150 οὐκ

236 1189 307 1250 illud
314 1191 397 1267 enim,
408 1203 488 1265 ante,
499 1188 643 1270 significat,
651 1189 785 1267 similiter.
796 1188 863 1266 Qui,
876 1208 976 1267 quaeso,
995 1205 1014 1252 Ε
1032 1178 1102 1268 εἶχεν
1117 1191 1147 1248 ἐκ
1167 1186 1285 1266 φύσεως,
1310 1186 1415 1253 τούτους
1429 1186 1482 1245 ἀπὸ
1495 1189 1542 1256 τῆς
1557 1192 1603 1244 τοῦ
1616 1187 1691 1244 Θεοῦ
1706 1185 1803 1264 δωρεᾶς

236 1283 338 1343 mirum
351 1284 442 1360 fuerit,
455 1281 528 1361 quod
544 1293 620 1361 pater
633 1282 669 1340 sit
682 1301 785 1355 eorum,
804 1281 850 1359 qui
866 1301 901 1340 ex
915 1280 974 1361 ipso

236 1376 320 1434 sunt?
336 1375 387 1434 boc
400 1374 473 1434 enim
488 1373 658 1455 singulorum
671 1372 813 1432 homiuum
831 1384 879 1435 est.
894 1371 976 1446 Quod

235 1466 407 1550 stupendum,
420 1466 490 1526 illud
502 1481 550 1542 est,
562 1488 629 1545 quos
640 1487 693 1525 non
704 1464 801 1525 babuit
816 1486 850 1525 ex
870 1478 976 1540 natura,

234 1559 285 1620 bos
298 1582 333 1621 ex
343 1560 394 1621 Dei
402 1558 473 1620 dono
484 1560 562 1620 illum
573 1559 706 1640 accipere.

276 1653 304 1715 5.
318 1656 415 1733 ltaque
432 1653 454 1713 si
471 1653 512 1714 vis
531 1652 637 1712 credere
654 1649 817 1711 honoratum
829 1652 912 1711 fnisse
929 1674 977 1734 pa-

234 1747 390 1819 triarcham,
401 1745 479 1806 crede
488 1747 578 1826 ipsum
588 1745 709 1804 omniurn
716 1766 772 1804 esse
783 1758 896 1825 patrem.
906 1745 975 1804 Cum

235 1838 307 1899 dixit
316 1853 417 1909 autem,
433 1836 517 1896 Ante
530 1839 637 1908 Deum,
650 1840 698 1895 eui
711 1837 846 1909 credidit,
861 1857 913 1894 non
929 1836 975 1897 hic

234 1929 374 2002 substitit,
394 1928 441 1989 sed
459 1928 558 2010 adjecit
577 1951 584 1985 ε
603 1930 660 2007 Qui
679 1928 815 2010 vivificat
834 1942 972 2000 mortuos,

236 2034 264 2081 et
277 2034 366 2082 vocat
385 2040 422 2080 ea
437 2041 501 2102 quoe
520 2041 582 2078 non
600 2033 679 2095 sunt,
699 2033 844 2100 tanquam
857 2041 893 2079 ea
910 2041 975 2100 ριιιτ

235 2125 304 2173 sunt
316 2136 325 2169 .·
341 2133 403 2173 cum
412 2132 508 2193 nempe
517 2111 577 2191 jam
588 2109 623 2171 de
632 2111 827 2171 resurreetione
838 2132 916 2192 agere
925 2132 976 2171 εοε-

235 2203 318 2285 pisset
333 2229 339 2262 τ
356 2201 430 2283 qnod
444 2204 469 2263 ei
482 2200 608 2262 etiamad
617 2222 733 2283 praesens
742 2201 895 2261 institutum
909 2201 976 2262 utile

234 2288 301 2355 erat.
312 2298 382 2364 Nam
392 2296 415 2355 si
426 2309 513 2377 potest
523 2307 643 2354 mortuos
656 2291 692 2352 ad
703 2293 788 2353 vitam
802 2315 937 2372 revocare,
949 2308 976 2353 et

1031 1282 1132 1341 λαὸεῖν.

1070 1649 1154 1711 Ὥστε
1169 1654 1192 1711 εί
1207 1650 1295 1731 βούλει
1306 1656 1456 1725 πιστεῦσαι,
1467 1650 1507 1710 ίίτι
1518 1649 1638 1733 ,ἐτιμήθη
1650 1654 1665 1709 δ
1677 1647 1804 1729 πατριάρ

1030 1765 1096 1821 χης,
1110 1741 1266 1818 πίστευσον,
1281 1742 1321 1804 ὅτι
1334 1743 1439 1802 πάντων
1461 1742 1518 1801 ἐστὶ
1538 1742 1639 1824 πατήρ.
1654 1739 1749 1801 Εἰπὼν
1770 1741 1804 1813 δὲ,

1030 1834 1177 1895 Κατέναντι
1190 1830 1219 1896 ob
1238 1837 1375 1897 ἐπίστευσε
1392 1839 1479 1908 Θεοῦ,
1492 1837 1540 1894 οὐκ
1558 1834 1622 1906 ἔστη
1644 1833 1728 1916 μίχρι
1747 1831 1802 1893 τού·

1030 1950 1090 2001 του,
1105 1927 1174 1988 utut
1192 1929 1239 1989 καί
1258 1929 1391 2010 ἐπήγαγε·
1405 1931 1461 1988 Τοῦ
1478 1932 1667 1997 ζωοποιοῦντος
1681 1925 1744 1993 τοὺς
1760 1949 1801 1985 νε-

1030 2020 1123 2101 κροὺς,
1142 2021 1189 2081 καί
1208 2025 1348 2089 καλοῦντος
1361 2020 1395 2081 τά
1409 2020 1446 2099 μὴ
1462 2022 1525 2080 ὄντα
1542 2026 1579 2087 ὡς
1595 2021 1679 2079 ὄντα·
1694 2019 1748 2092 ἤδη
1762 2019 1801 2078 τὸν

1029 2112 1091 2194 περί
1106 2118 1154 2186 τῆς
1167 2114 1336 2181 ἀναστάσεως
1350 2112 1636 2196 προκαταὸαλλόμινος
1652 2111 1742 2190 λόγον.
1754 2111 1802 2170 Καὶ

1030 2209 1067 2275 είς
1080 2204 1111 2266 rb
1123 2206 1295 2289 προκείμενον
1309 2205 1336 2267 δὲ
1351 2209 1421 2286 αὐτῷ
1430 2205 1575 2287 υχρήσιμος
1588 2195 1631 2276 ἦν,
1644 2205 1678 2263 Et
1693 2203 1748 2282 γλρ
1761 2205 1802 2260 δυ·

1029 2298 1105 2358 νατὸν
1125 2302 1196 2378 αὐτῷ
1213 2299 1320 2381 νεκροὺς
1339 2302 1514 2370 ζωοποιῆσαι,
1529 2297 1574 2357 καὶ
1593 2294 1629 2355 τά
1641 2295 1679 2374 μὴ
1695 2293 1757 2355 ὄντα
1768 2298 1800 2362 ῶς

234 2409 329 2467 eaquae
338 2409 391 2447 non
400 2401 619 2465 sunt,tamquam
628 2406 726 2463 eaquae
734 2399 805 2462 sunt,
813 2386 973 2466 producere,
983 2441 1020 2482 tot
1029 2390 1092 2461 ὄντα
1103 2400 1284 2472 παραγαγεῖν,
1298 2392 1407 2450 δυνατὸν
1422 2394 1494 2472 αὐτῷ
1508 2391 1553 2449 καὶ
1567 2388 1628 2455 τοὺς
1641 2387 1679 2467 μὴ
1694 2387 1800 2468 τεχθέν·

234 2492 321 2560 potest
333 2479 415 2538 etiam
427 2499 483 2549 eos,
500 2479 547 2555 qui
562 2498 595 2536 ex
609 2477 657 2534 illo
673 2477 729 2534 nati
746 2498 797 2535 non
808 2490 886 2554 sont,
904 2477 975 2537 lilios
993 2496 1013 2541 n
1029 2507 1076 2550 τας
1088 2482 1113 2552 ἐξ
1134 2486 1212 2542 αὐτοῦ
1227 2489 1336 2556 ποιῆσαι
1354 2485 1451 2550 παῖδας
1470 2486 1560 2542 αὐτοῦ.
1582 2481 1636 2541 Διὰ
1650 2488 1728 2541 τοῦτο
1746 2479 1800 2539 οῦδὲ

233 2571 320 2652 ipsius
329 2571 422 2630 faeere.
435 2569 499 2629 Ideo
513 2590 566 2629 non
575 2566 657 2646 dixit,
668 2569 725 2641 Qui
738 2569 863 2651 producit
874 2589 974 2648 eaquae
1029 2566 1096 2647 εἶπε,
1106 2575 1151 2634 καί
1162 2574 1324 2656 παράγοντος
1335 2573 1368 2633 τά
1380 2579 1426 2633 οὐκ
1437 2574 1499 2633 ὄντα
1513 2578 1548 2640 ὡς
1564 2573 1637 2645 ὄντα,
1650 2570 1730 2644 α’λλά,
1744 2574 1800 2630 Κα·

234 2684 288 2724 non
301 2677 375 2737 sunt,
387 2677 526 2743 tamquam
537 2683 567 2721 ea
581 2682 642 2740 qum
654 2673 727 2740 sunt,
740 2660 787 2721 sed
801 2663 859 2740 Qui
872 2675 975 2738 noeat3
1027 2670 1148 2742 λσῦντσς,
1169 2668 1217 2740 τὴν
1232 2661 1341 2727 πλείονα
1362 2667 1482 2726 εὐκολίαν
1506 2667 1602 2738 δηλῶν.
1622 2663 1733 2742 Ὥσπερ
1752 2661 1801 2741 γάρ

233 2757 364 2838 majorem
371 2756 532 2815 facilitatem
544 2755 708 2835 significans.
721 2755 798 2816 Sicut
810 2755 881 2815 enim
897 2757 975 2816 nobis
1029 2764 1094 2837 ἡμῖν
1109 2760 1213 2821 εὔκολον
1230 2759 1264 2819 τά
1283 2760 1346 2819 ὄντα
1364 2759 1492 2831 καλέσαι,
1506 2757 1588 2826 οὕτως
1603 2759 1676 2837 αὐτῷ
1701 2757 1801 2835 ῥᾴδιον,

232 2847 312 2910 facile
326 2861 365 2909 est
378 2870 408 2908 ea
418 2870 478 2928 quae
492 2861 555 2908 sunt
569 2869 675 2920 vocare,
690 2848 727 2907 ita
740 2862 765 2907 et
784 2848 807 2907 ei
822 2849 937 2925 facilius,
949 2862 976 2908 et
1028 2851 1074 2913 καί
1084 2855 1175 2933 πολλῷ
1187 2858 1259 2934 ῥᾷον,
1272 2851 1306 2911 τὰ
1317 2851 1353 2931 μὴ
1368 2852 1430 2910 ὄντα
1444 2850 1652 2921 ὑποστήσασθαι.
1666 2846 1762 2908 Εἰπὼν
1775 2845 1801 2906 δὲ

232 2942 312 3025 longe
331 2941 437 3001 facilius
459 2955 506 3019 est,
526 2963 557 3001 ea
579 2961 639 3020 quae
656 2962 709 3001 non
729 2955 793 3001 sunt
814 2941 974 3023 producere.
1027 2951 1073 3005 τοῦ
1085 2947 1156 3005 Θεοῦ
1169 2944 1218 3017 τὴν
1229 2944 1329 3026 δωρεάν
1346 2944 1463 3024 μεγάλην
1477 2935 1558 3001 οὖσαν
1571 2940 1616 3000 καί
1630 2941 1742 3020 dputes,
1757 2938 1800 2998 καὶ

178 3035 181 3039 ’
231 3036 302 3095 Cum
312 3033 363 3093 Dei
374 3031 477 3092 donum
491 3053 621 3112 magnum
635 3047 662 3091 et
678 3029 816 3092 ineffabile
829 3053 973 3093 memoras·
1026 3037 1089 3117 περί
1102 3041 1149 3108 τῆς
1163 3036 1296 3116 δυνάμεως
1308 3040 1387 3095 αὐτοῦ
1401 3034 1556 3115 διαλεχθεὶς,
1570 3033 1686 3093 δείκνυσι
1699 3031 1746 3091 καί
1756 3037 1801 3090 τοῦ

231 3139 289 3202 set,
314 3139 340 3185 et
365 3125 400 3185 de
423 3126 482 3206 ejus
507 3125 626 3206 potentia
648 3124 832 3196 disseruisset,
858 3124 974 3184 ostendit
1027 3129 1149 3211 Ἀδραὰμ
1161 3128 1209 3203 τὴν
1223 3128 1312 3188 πίστιν
1333 3127 1407 3196 ἀξίαν
1425 3118 1505 3188 οὖσαν
1518 3123 1747 3207 τῆςδωρεᾶς,ίνα
1762 3121 1798 3200 μὴ

231 3217 347 3278 Abrabae
369 3216 452 3277 fidem
467 3217 537 3277 dono
552 3216 665 3296 dignam
685 3237 751 3293 esse,
769 3237 802 3275 ne
820 3230 973 3297 putescum
1025 3220 1137 3302 νομίσῃς
1155 3222 1232 3280 αὐτὸν
1249 3224 1308 3300 εἰκῇ
1322 3225 1488 3298 τετιμῆσθαι,
1502 3218 1554 3278 Καὶ
1565 3217 1609 3276 τὸν
1626 3215 1761 3296 ἀκροατὴν
1774 3215 1800 3273 δὲ

230 3311 365 3372 immerito
377 3312 535 3371 honoratum
547 3309 639 3368 fuisse.
652 3309 689 3368 Et
705 3324 849 3391 postquam
863 3309 971 3369 audito-
1026 3314 1191 3387 ἀνασείσας,
1209 3313 1253 3372 ίνα
1276 3313 1313 3392 μὴ
1337 3313 1494 3394 tepefieri,
1520 3313 1586 3390 μηδὲ
1608 3309 1768 3390 ἀμριόάλλη
1787 3311 1801 3366 ί

230 3425 289 3464 rem
307 3405 481 3480 excitaverat,
496 3417 525 3461 ut
541 3423 573 3461 ne
593 3403 757 3479 turbaretur,
772 3424 840 3463 neve
858 3403 972 3464 Judaeos
1026 3405 1151 3472 Ἰουδαῖος
1164 3404 1209 3464 καί
1227 3404 1292 3484 λέγῃ
1304 3405 1371 3477 ,καὶ
1387 3409 1443 3472 πῶς
1461 3403 1567 3462 δυνατὸν
1580 3401 1641 3466 τοὺς
1661 3404 1711 3460 οὐκ
1724 3402 1800 3466 ὄντας

231 3496 291 3554 haee
302 3496 429 3576 objiceret
445 3519 452 3552 ε
467 3495 504 3553 Et
516 3493 564 3572 qui
582 3493 640 3551 steri
657 3506 744 3575 potest
756 3506 787 3551 ut
809 3493 840 3564 ii,
855 3494 902 3571 qui
922 3493 973 3552 filii
991 3502 1009 3547 B
1026 3499 1122 3564 παῖδας
1136 3497 1257 3577 γενέσθαι
1270 3498 1379 3570 παῖδας,
1402 3496 1511 3574 μετάγει
1533 3495 1576 3553 τὸν
1598 3493 1676 3574 λόγον
1692 3493 1736 3553 ἐπί
1757 3493 1800 3550 τὸν

231 3609 285 3648 non
301 3601 373 3664 suut,
388 3588 440 3647 filii
454 3585 624 3646 efficiantur?
643 3606 792 3644 sermonem
805 3587 929 3645 transfert
944 3586 973 3646 in
1026 3587 1209 3671 πατριάρχην,
1227 3588 1272 3647 καὶ
1286 3590 1383 3670 ρησίν·
1399 3586 1450 3654 Ὃς
1463 3589 1526 3665 παρ’
1546 3586 1640 3646 ἐλπίδα
1654 3589 1698 3644 ἐπ’
1713 3585 1801 3645 ἐλπίδι

230 3679 424 3762 patriarcham,
442 3693 467 3738 et
484 3678 521 3737 ait
540 3703 546 3736 τ
566 3677 614 3738 18.
637 3679 694 3756 Qui
716 3690 822 3736 contro
841 3697 921 3757 spem
941 3681 974 3736 ἰιι

231 3795 311 3854 αρσια
327 3775 463 3847 credidit,
478 3785 510 3832 ut
522 3773 614 3854 fieret
625 3785 712 3851 pater
727 3771 887 3831 multarum
903 3794 973 3852 gen-

234 3873 318 3945 tium,
333 3871 493 3929 seeundum
504 3868 584 3949 quod
598 3869 709 3927 dietum
724 3881 767 3927 est
784 3872 812 3926 σι’
827 3892 836 3924 .·
850 3869 898 3929 Sic
915 3872 974 3929 erit

113 3977 225 4021 mnam
233 3978 332 4018 semen
341 3971 432 4018 tuum.
447 3954 591 4030 Quomodo
604 3968 696 4015 eontra
706 3977 781 4036 spem
791 3957 819 4016 in
831 3979 907 4038 spem
917 3978 974 4017 cre·

80 4040 225 4160 {2¹:2⁰ng
235 4053 327 4115 didit?
335 4056 434 4116 Contra
441 4075 517 4136 spem
527 4053 684 4128 humanam,
691 4052 719 4111 in
726 4074 802 4134 spem
809 4053 868 4113 Dei.
878 4054 973 4113 Osten-

81 4169 224 4224 ιιιῳωιισ
234 4151 276 4212 dit
294 4151 366 4211 enim
380 4150 419 4210 rei
430 4147 656 4229 magnitudinem,
665 4168 714 4210 nec
730 4149 794 4208 sinit
806 4148 881 4210 dieto
892 4148 974 4209 fidem

81 4228 149 4272 diist·
235 4243 380 4322 abrogari:
398 4264 458 4320 quae
475 4242 545 4300 inter
564 4261 591 4299 se
608 4240 741 4300 oeotraria
757 4255 821 4302 sunt
840 4240 894 4301 lide
914 4243 973 4324 ipsa

234 4346 405 4415 temperante.
419 4334 450 4394 si
469 4353 534 4393 vero
547 4331 582 4391 de
602 4329 650 4404 iis,
668 4333 715 4411 qui
733 4355 768 4392 ex
785 4333 898 4393 ismaele
920 4335 973 4393 orti

233 4439 317 4502 erant,
325 4426 453 4504 loquutus
460 4424 562 4499 fuisset,
571 4422 776 4507 superfluusbic
787 4445 874 4484 sermo
884 4441 952 4485 esset
961 4453 969 4485 ι

1027 3682 1195 3754 ἐπίστευσεν,
1218 3685 1254 3747 εἰς
1274 3682 1305 3741 τὸ
1326 3680 1447 3758 γενέσθαι
1471 3678 1545 3737 αὐτὸν
1567 3677 1670 3756 πατέρα
1695 3680 1801 3736 πολλῶν

1027 3776 1121 3845 ἐθνῶν,
1135 3773 1223 3832 “aetla
1237 3773 1268 3832 rb
1284 3772 1421 3853 εἰρημένον
1433 3795 1439 3808 ·
1454 3770 1536 3836 οὕτως
1550 3770 1625 3829 ἔσται
1639 3769 1670 3827 τὸ
1693 3769 1802 3847 σπέρμα

1028 3888 1083 3926 σου.
1102 3868 1165 3933 Πῶς
1189 3868 1252 3946 παρ’
1271 3865 1366 3925 ἐλπίδα
1386 3866 1428 3923 ἐπ’
1451 3863 1539 3923 ἐλπίδι
1559 3861 1710 3934 ἐπίστευσε;
1728 3864 1800 3941 Παρ’

1028 3956 1123 4017 ἐλπίδα
1138 3956 1186 4030 τὴν
1202 3956 1377 4039 ἀνθρωπίνην,
1393 3959 1435 4016 ἐπ’
1446 3955 1532 4015 ἐλπίδι
1546 3958 1636 4032 τῇτοῦ
1649 3956 1731 4012 Θεοῦ.
1744 3953 1802 4012 Δεί-

1028 4074 1104 4110 κνυσι
1117 4049 1169 4130 γάρ
1182 4048 1227 4108 καί
1241 4050 1271 4108 τὸ
1286 4052 1424 4128 μεγαλεῖον
1437 4054 1482 4107 τοῦ
1503 4047 1668 4126 πράγματος,
1683 4045 1730 4104 καὶ
1755 4048 1802 4104 οὐκ

1029 4141 1135 4222 ἀφίησιν
1158 4144 1335 4214 άπιστηθῆναι
1359 4140 1389 4199 τὸ
1410 4138 1574 4219 λεγόμενον·
1602 4137 1670 4216 άπερ
1696 4137 1803 4196 ἐναντία

1029 4234 1152 4306 ἀλλήλοις
1172 4233 1255 4305 ἐστίν,
1277 4235 1335 4292 ἀλλ’
1349 4238 1366 4304 ἡ
1381 4231 1469 4298 πίστις
1482 4230 1548 4289 αὐτά
1562 4228 1748 4307 συνεκέρασεν.
1769 4232 1802 4288 Ei

1029 4325 1056 4385 δὲ
1070 4325 1131 4407 περὶ
1148 4323 1254 4385 ἐκείνων
1268 4323 1341 4403 ἔλεγε
1364 4330 1416 4383 τῶν
1431 4326 1461 4382 ἐκ
1474 4328 1519 4381 τοῦ
1535 4321 1665 4399 ’ίσμαὴλ,
1680 4321 1803 4400 περιττὸς

1028 4410 1101 4486 οὗτος
1115 4422 1130 4479 ὁ
1141 4418 1233 4498 λόγος·
1248 4421 1341 4477 ἐκεῖνοι
1355 4414 1407 4496 γίιρ
1418 4419 1447 4474 οὗ
1458 4412 1527 4473 κατά
1540 4412 1640 4484 πίστιν,
1650 4412 1721 4471 ἀλλά
1733 4413 1803 4471 κατὰ

232 4522 274 4581 illi
287 4540 402 4598 namque
417 4538 469 4576 non
488 4515 740 4590 secundantem,
760 4517 808 4577 sed
824 4518 972 4579 secundum
989 4535 1009 4582 (ζ
1028 4511 1103 4592 φύσιν
1115 4510 1270 4591 ἐτέχθησαν.
1283 4507 1362 4568 Ἀλλά
1373 4506 1419 4566 καί
1432 4507 1475 4564 τὸν
1484 4504 1577 4565 Ἰσαάκ
1587 4507 1623 4570 εἷς
1637 4504 1718 4581 μέσον
1731 4507 1803 4582 ἄγει·

232 4623 357 4670 naturam
375 4606 428 4665 orti
447 4618 518 4663 sunt.
537 4603 591 4665 sed
609 4603 689 4664 etiam
705 4606 779 4663 lsaac
802 4605 829 4663 in
852 4605 972 4667 inedium

230 4701 358 4764 adoucit:
373 4720 426 4758 non
440 4697 512 4756 enim
523 4717 573 4777 pro
583 4696 639 4756 illis
649 4697 775 4778 gentibus
785 4696 908 4775 credidit,
923 4699 971 4760 sed

231 4817 279 4879 pro
296 4816 339 4873 σο,
351 4792 399 4874 qui
414 4814 449 4852 ex
464 4790 549 4850 sterili
562 4791 675 4849 muliere
688 4790 839 4850 nasciturus
853 4808 920 4852 erat.
939 4793 970 4853 Si

230 4910 294 4969 ergo
307 4907 409 4948 merces
425 4897 475 4959 est,
497 4880 570 4962 quod
591 4881 739 4940 multarum
755 4883 875 4962 gentium
894 4899 970 4965 pater

229 4982 288 5056 fiat,
300 4978 335 5041 de
345 4979 400 5040 illis
413 4976 537 5058 gentibus
550 4973 712 5055 intelligitur
728 4996 779 5055 pro
794 4976 895 5054 quibus
912 4999 969 5037 ere·

263 5167 273 5190 ‘
289 5157 417 5227 lutosas
429 5156 459 5209 Α.
471 5165 499 5206 et
508 5170 587 5221 marg.
600 5151 697 5219 savit]

263 5254 273 5278 ι
290 5235 377 5288 blorel.
400 5231 466 5285 male
489 5239 527 5285 καί
538 5239 564 5286 ελ
576 5240 700 5304 εἰρημένον.
714 5231 790 5314 Paulo
802 5245 859 5300 post
871 5234 985 5302 quiedam

1027 4607 1056 4664 οὗ
1068 4601 1119 4684 γάρ
1137 4602 1204 4683 ὑπὲρ
1218 4600 1325 4661 ἐκείνων
1342 4600 1480 4659 ἐπίστευσε
1490 4603 1543 4657 τῶν
1557 4600 1651 4668 ἐθνῶν,
1666 4597 1737 4655 ἀλλά
1758 4603 1803 4656 τοῦ

1027 4695 1080 4754 ἀπὸ
1092 4699 1140 4764 τῆς
1150 4694 1253 4775 στείρας
1269 4693 1390 4772 γυναικὸς
1408 4690 1540 4766 ἐσομένου.
1558 4691 1590 4747 Εἰ
1609 4688 1695 4747 τοίνυν
1710 4689 1802 4766 μισθός

1027 4792 1081 4847 ἐστι
1095 4785 1125 4845 τὸ
1143 4786 1247 4864 πατίρα
1264 4788 1367 4845 πολλῶν
1386 4786 1465 4843 ἐθνῶν
1477 4781 1613 4861 γενέσθαι,
1626 4781 1735 4839 ἐκείνων
1750 4785 1801 4839 τῶν

1025 4883 1105 4940 ἐθνῶν
1121 4877 1188 4958 ὑπὲρ
1202 4869 1238 4936 ῶν
1252 4877 1388 4937 ἐπίστευσε
1404 4877 1481 4945 δῆλον
1496 4874 1546 4932 ὅτι.
1561 4872 1620 4933 Ἵνα
1634 4872 1688 4954 γὰρ
1706 4873 1800 4951 μάθῃς,

1025 4981 1065 5039 ὅτι
1075 4978 1241 5059 περὶτούτων
1252 4978 1346 5057 φησὶν,
1355 4976 1466 5036 άκουσον
1475 4979 1527 5034 τῶν
1537 4973 1609 5044 ἑξῆς·
1619 4973 1672 5033 Καί
1678 4975 1715 5051 μὴ
1727 4978 1801 5033 dete-

1036 5159 1063 5210 in
1075 5155 1217 5210 llorelliaua
1230 5154 1347 5207 Editione
1360 5155 1437 5206 vitatu
1449 5170 1479 5203 rx
1492 5153 1548 5203 llss.
1562 5152 1714 5200 sarciuntur.
