3728 5978
100 471 171 550 588
439 493 467 538 s.
497 490 635 538 torturus
661 489 844 537 cunusosr.
872 487 1041 535 incurram
1057 484 1331 533 consuaseruntr

98 628 210 697 propter
224 635 277 673 non
290 612 370 674 ualde
379 612 535 694 expeditum
547 626 605 672 erat
619 611 653 672 ad
663 612 773 673 virtutis
782 632 841 670 cur·
895 610 1004 671 θάνατσν
1019 610 1064 669 καί
1081 608 1162 691 πολὺς
1183 613 1274 669 παθῶν
1294 609 1451 678 ἐπεισῆλθεν
1473 602 1571 685 ἐσμός·
1585 606 1671 688 διόπερ

98 727 160 766 sum
179 704 388 785 suscipiendum.
411 705 505 782 Neque
519 703 590 764 enim
611 702 702 762 aderat
720 702 841 783 Spiritus
894 701 952 762 οῦδὲ
964 701 1064 783 σφόδρα
1077 706 1171 781 κοῦρον
1181 692 1214 774 ἦν
1226 700 1290 782 πρδς
1302 699 1346 759 τδν
1358 698 1428 780 θπέρ
1438 703 1488 771 τῆς
1503 702 1602 780 ἀρετῆς
1616 700 1673 779 δρό-

99 797 147 876 qui
152 799 271 878 juvaret,
280 816 365 875 neqsre
373 796 536 878 baptismus,
547 794 594 874 qui
604 794 767 855 mortificare
777 815 839 875 pos·
896 818 952 872 μον.
967 793 1038 854 Οὔτε
1053 793 1105 874 γάρ
1119 795 1232 872 Πνεῦμα
1242 796 1330 870 παρ’ἦν
1351 791 1382 850 εδ
1402 789 1531 870 βοηθοῦν,
1553 790 1614 850 οὔτε
1628 793 1673 869 βά·

98 903 137 948 set
144 911 155 965 ρ
166 887 215 948 sed
227 888 302 948 velut
312 887 420 947 effrenis
428 908 513 966 equus
524 886 649 946 currebat
659 884 778 965 quidem,
791 883 839 945 sed
894 908 998 965 πτισμα
1011 885 1042 945 τδ
1052 889 1183 969 νεκρῶσαι
1194 883 1345 961 δυνάμενον,
1357 884 1416 943 ἀλλ’
1434 882 1532 962 ὥσπερ
1541 904 1583 949 τις
1596 882 1672 950 ἵππος

97 999 168 1060 saepe
179 979 330 1053 aberrabat,
342 977 560 1058 quandoquidem
570 978 616 1037 lex
631 999 692 1057 quae
701 976 804 1056 agenda
813 990 840 1037 et
896 976 1029 1048 δυσάνιος,
1043 976 1134 1057 ἔτρεχε
1155 975 1213 1054 μὲν,
1231 974 1396 1054 διημάρτανε
1418 971 1448 1033 δέ
1465 973 1612 1047 πολλάκις,
1628 980 1671 1033 τοῦ

97 1090 157 1149 que
170 1091 222 1130 non
233 1069 338 1151 agenda
353 1083 440 1130 essem
462 1068 584 1129 edicebat
597 1068 717 1148 quidem,
733 1068 781 1128 sed
794 1068 837 1128 ni-
856 1079 875 1126 E
894 1066 974 1144 νόμον
986 1065 1020 1127 za
1035 1067 1156 1147 πρακτέα
1172 1066 1218 1127 καί
1236 1066 1271 1126 rb
1284 1064 1323 1143 μὴ
1343 1071 1454 1125 τοιαῦτα
1475 1065 1671 1148 διαγορεύοντα,

96 1160 136 1220 nil
148 1175 247 1245 praeter
256 1163 404 1223 uerborum
418 1162 518 1221 monita
531 1161 695 1220 certantibus
705 1159 837 1241 suppedi-
893 1158 952 1236 μέν,
967 1158 1046 1219 πλέον
1062 1157 1090 1218 δέ
1110 1158 1182 1219 οῦδὲν
1195 1162 1243 1231 τῆς
1261 1157 1305 1217 διὰ
1326 1160 1378 1215 τῶν
1394 1157 1526 1240 βημάτων
1541 1159 1670 1236 παραινέ-

95 1253 185 1313 tabat:
198 1267 338 1335 postquam
348 1266 437 1313 autem
449 1253 573 1313 Christus
582 1251 703 1330 advenit,
715 1251 838 1311 certarm·
892 1273 959 1318 σεως
968 1259 1021 1319 τοῖς
1033 1250 1233 1329 ἀγωνιζομένοις
1243 1247 1418 1330 εἰσφέροντας·
1429 1247 1527 1320 ἐπειδὴ
1540 1246 1571 1306 δέ
1582 1252 1597 1308 b
1609 1250 1670 1331 Χρι

95 1362 129 1402 na
146 1341 246 1402 deinde
259 1341 379 1402 faciliora
404 1342 520 1400 suerunt.
540 1341 713 1421 Quapropter
736 1340 838 1420 majora
893 1343 954 1411 στός
964 1343 1146 1424 παραγέγονε,
1161 1339 1196 1400 eb
1209 1341 1383 1419 παλαίσματα
1394 1339 1491 1400 λσιπδν
1506 1339 1671 1421 εῦκσλύντερα

94 1433 174 1494 nobis
184 1434 321 1515 proposita
334 1447 396 1493 sunt
410 1432 567 1510 certamina,
583 1445 676 1514 utpote
685 1431 732 1510 qui
743 1431 839 1511 majori
893 1434 992 1514 γέγονε.
1004 1435 1053 1494 Διδ
1065 1435 1111 1493 καί
1125 1433 1231 1511 μείζονα
1241 1437 1306 1511 ἡμῖν
1320 1429 1449 1514 προετέθη
1460 1430 1499 1489 rb
1509 1431 1672 1510 σκάμματα,

24 1564 29 1575 ·
63 1565 68 1576 ·
94 1525 371 1610 fulciremurauxilio.
382 1523 488 1586 Idcirco
498 1523 606 1584 dicebat
615 1524 759 1583 Christus:
773 1524 840 1583 Nisi·
894 1524 940 1583 ότε
963 1524 1079 1603 μείζονος
1099 1524 1277 1605 μετεσχηκότι
1295 1526 1345 1594 τῆς
1368 1522 1569 1602 βοηθείας.Διδ
1591 1522 1637 1581 καὶ
1659 1530 1673 1583 δ

93 1619 287 1678 desudaverit
297 1621 527 1702 justitiaoestra
539 1616 608 1695 pius
622 1636 713 1696 quam
724 1617 839 1674 scriba-
894 1616 1008 1696 Χρισιδς
1027 1616 1128 1696 ἐλεγεν·
1144 1615 1211 1676 ’etv
1240 1616 1278 1693 μὴ
1302 1613 1464 1696 περισσεύσῃ
1479 1619 1499 1686 ἡ
1517 1615 1672 1687 δικαιοσύνη

93 1729 159 1769 rum
172 1721 201 1769 et
210 1711 439 1784 Pharisaeorum,
452 1728 511 1766 non
518 1708 665 1766 intrabitis
675 1710 708 1764 in
716 1725 839 1786 regnum
894 1712 971 1786 ἡμῶν
984 1707 1065 1768 πλέον
1075 1711 1128 1767 τῶν
1141 1705 1321 1789 γραμματέων
1337 1705 1383 1766 καί
1399 1704 1577 1788 Φαρισαίων,
1591 1709 1622 1766 ob
1636 1707 1670 1785 μιλ

92 1800 351 1864 σαίοειεαι.λίειυιιι
365 1798 418 1858 boc
432 1797 542 1878 quidem
550 1797 577 1855 in
595 1795 838 1874 sequentibuscla-
894 1799 1027 1871 εἰσέλθητε
1041 1802 1077 1867 είς
1087 1787 1135 1871 τόν
1148 1797 1285 1877 βασιλείαν
1295 1800 1349 1856 τῶν
1362 1798 1492 1879 σθρανιῦν.
1502 1795 1588 1856 Ἄλλδι
1599 1804 1671 1857 τοῦτο

92 1891 150 1951 rius
165 1890 298 1972 explicat,
314 1889 423 1950 interim
437 1909 502 1950 vero
518 1887 564 1947 hic
580 1886 651 1946 illud
666 1888 760 1968 paucis
772 1887 843 1962 sub·⁴
893 1890 941 1968 μέν
955 1894 982 1951 ἐν
996 1888 1286 1971 τοῖςέξῆςσαρέσεερον
1299 1888 1459 1970 λέγει,τέως
1475 1887 1583 1948 atate
1596 1888 1671 1949 σένίε-

29 2043 33 2053 ,
91 1981 203 2058 indicat,
221 1981 371 2058 ostendens,
392 1981 416 2040 si
439 2001 488 2040 uos
516 1979 588 2059 ipsos
612 1999 666 2038 non
687 1979 835 2039 admodum
891 1981 1021 2041 τεταιδιά
1035 1981 1156 2063 βραχίων
1170 1984 1296 2055 ἐνταῦθα,
1310 1980 1478 2054 deridebit
1492 1980 1540 2040 ἐὰν
1556 1979 1669 2062 μὴσρό-

90 2073 276 2154 dejecerimus,
284 2085 424 2154 peccatum
434 2092 482 2131 nos
497 2091 550 2130 uon
562 2085 753 2152 superantium
766 2092 832 2131 osse.
843 2129 880 2169 m
891 2074 941 2152 δρα
956 2073 1065 2141 ἑαυτούς
1077 2071 1337 2150 ὕποκατακλίνωμεν,
1353 2074 1383 2132 οὐ
1398 2073 1542 2153 περιέσται
1562 2075 1667 2149 apest

89 2165 183 2244 Neque
199 2163 271 2224 enim
289 2177 394 2223 tantum
412 2163 458 2222 lex
477 2175 591 2241 estque
611 2160 762 2242 praecipiat,
786 2162 834 2222 scd
853 2184 873 2230 Α
889 2165 1018 2247 ἁμαρτία.
1031 2168 1073 2224 Ob
1089 2165 1142 2246 γάρ
1157 2168 1213 2225 ἐστι
1226 2163 1304 2242 νόμος
1322 2168 1336 2222 ὁ
1358 2163 1472 2224 κελεύειν
1488 2164 1583 2242 μόνον,
1603 2166 1668 2225 ἀλλά

89 2255 171 2316 etiam
181 2255 279 2336 gratia,
293 2277 353 2335 quae
365 2269 391 2314 ct
401 2255 535 2337 praeterita
549 2253 691 2327 condonet,
705 2268 731 2313 et
744 2254 781 2314 ad
789 2255 833 2314 tu·
888 2257 934 2316 καί
946 2257 1025 2340 χάρις
1041 2261 1059 2329 ἡ
1084 2256 1129 2315 καί
1155 2257 1189 2315 τά
1211 2255 1326 2337 πρότερα
1343 2258 1458 2336 ἀφεῖσα,
1475 2255 1524 2314 καί
1546 2256 1614 2337 πρὸς
1635 2257 1667 2315 τά

89 2361 150 2406 tura
160 2347 264 2406 muniat
274 2361 300 2406 et
314 2346 462 2406 ooniinnet.
474 2343 582 2405 Etenim
590 2344 636 2403 lex
650 2357 710 2424 post
728 2345 833 2404 iabores
889 2348 1020 2425 μέλλοντα
1033 2346 1239 2428 ἀσρσλιζομίνη.
1252 2347 1369 2414 Ἐκεῖνος
1383 2344 1432 2424 μὲν
1445 2344 1500 2425 γδρ
1519 2344 1593 2423 μετὰ
1610 2345 1665 2413 τοῦς

89 2457 201 2498 coronas
214 2435 409 2518 pollicebatu13
422 2435 509 2515 gratia
517 2454 582 2496 vero
595 2435 672 2515 prius
686 2436 833 2512 coronavit,
887 2439 982 2506 πόνους
994 2438 1053 2507 πὼς
1066 2438 1208 2521 ατεράνους
1229 2438 1389 2518 ἐπόγγελτο,
1403 2437 1472 2510 αῦτη
1494 2436 1524 2498 δέ
1539 2439 1664 2521 πρότερον

88 2531 228 2595 acdcinde
236 2531 271 2590 ad
282 2530 425 2591 certamina
436 2530 530 2590 traxit.
542 2528 618 2589 Mihi
625 2543 717 2589 autem
726 2529 834 2591 videtur
887 2531 1067 2613 ἐστεφάνωσε,
1081 2533 1127 2592 καί
1138 2531 1199 2591 τότε
1212 2533 1249 2599 είς
1262 2531 1320 2598 τοῦς
1331 2535 1434 2608 ἀγῶνας
1445 2529 1580 2590 εἵλκυσεν.
1589 2531 1666 2608 Ἐμοί
1718 2558 1725 2568 ·

88 2646 142 2687 non
156 2640 211 2686 tota
221 2623 367 2684 hiciidelis
378 2623 431 2686 viri
444 2622 501 2683 vita
512 2621 687 2698 subindicari,
700 2620 748 2682 sed
760 2642 833 2683 com·
888 2621 915 2681 δὲ
941 2624 1013 2683 δοκεῖ
1034 2622 1092 2684 otti
1113 2621 1202 2682 πάντα
1221 2623 1266 2682 τδν
1289 2620 1344 2700 βίον
1366 2627 1413 2682 τοῦ
1432 2629 1532 2682 πιστοῦ
1554 2623 1663 2681 ἐνταῦθα

87 2717 253 2800 parationem
267 2715 325 2775 fieri
335 2713 464 2797 baptismi
475 2734 537 2772 cum
550 2713 609 2793 lege
621 2735 628 2770 :
640 2712 670 2773 id
683 2712 756 2792 quod
765 2713 832 2773 alibi
887 2712 1064 2789 αἰνίττεσθαι,
1087 2712 1155 2773 ἀλλά
1169 2706 1308 2793 σύγκρισιν
1330 2711 1518 2791 βαπτίσματος
1532 2719 1663 2774 ποιεῖσθαι

4 2840 34 2869 ν.
53 2824 195 2891 3.quoque
214 2807 301 2868 dicit:
325 2809 425 2868 litera
439 2806 557 2886 quidem
571 2805 691 2878 occidit,
714 2808 832 2886 spiritus
886 2804 991 2866 καὶτοῦ
1011 2805 1105 2884 νόμου·
1120 2804 1184 2886 άπερ
1198 2803 1244 2865 καὶ
1258 2806 1376 2885 ἀλλαχοῦ
1389 2804 1536 2885 percu-bn
1556 2806 1598 2866 Tb
1618 2807 1663 2885 μέν

88 2895 721 2981 omvtvificatnexenimpraevarioetionem
732 2895 832 2976 arguit,
885 2897 999 2978 γράμμα
1012 2895 1177 2973 ἀποκτείνει,
1193 2896 1225 2955 cb
1246 2895 1394 2975 δὲπνεῦμα
1413 2900 1549 2965 ζωοποιεῖ.
1561 2897 1596 2958 Ὁ
1618 2897 1663 2977 μέν

87 2990 175 3072 gratia
186 3011 251 3052 vero
270 2987 520 3072 prevaricationem
535 2988 614 3048 tollit
629 2989 668 3048 Ut
683 2984 769 3067 igitur
783 2987 831 3047 illa
885 2987 938 3069 γδιρ
952 2987 1031 3067 νόμος
1055 2987 1160 3068 ἐλέγχει
1176 2987 1226 3060 τλν
1247 2986 1409 3066 παράύασιν,
1424 2992 1441 3060 ἡ
1457 2987 1486 3048 δέ
1508 2987 1591 3069 χάρις
1609 2990 1665 3050 λύει

87 3077 263 3158 redarguens,
282 3090 423 3158 peccatum
436 3075 597 3136 constituit:
614 3075 652 3134 ita
665 3075 751 3154 gratia
766 3095 831 3135 eon-
848 3094 869 3142 n
884 3079 934 3153 τὴν
957 3079 1120 3162 παράύασιν.
1133 3079 1240 3160 Ὠσπερ
1263 3069 1308 3138 obv
1331 3082 1428 3147 ἐκεῖνος
1447 3079 1569 3162 ἐλέγχων
1591 3083 1663 3142 συνί-

87 3169 192 3230 donans
204 3190 257 3230 non
271 3168 334 3229 sinit
347 3189 403 3239 esse
417 3168 470 3228 sub
482 3180 608 3248 peccato,
623 3163 661 3226 ita
680 3181 711 3227 ut
725 3166 831 3248 duplici
885 3196 965 3243 στηαι
986 3171 1034 3244 τὴν
1058 3170 1201 3254 ἁμαρτίαν,
1217 3169 1300 3239 οὕτως
1324 3169 1391 3243 αὕτη
1415 3179 1594 3253 συγχωροῦσα
1618 3177 1663 3234 οῦκ

88 3263 170 3325 modo
184 3263 221 3324 sis
238 3263 273 3322 ah
287 3263 340 3322 bac
352 3260 495 3343 tyrannide
506 3259 647 3337 liberatus,
660 3272 686 3319 et
695 3259 770 3338 quod
779 3261 830 3320 sub
885 3264 993 3345 ἀρίησιν
1005 3255 1072 3323 εἶναι
1085 3264 1136 3324 ὑπὸ
1155 3263 1304 3345 ἁμαρτίαν·
1315 3262 1385 3322 ὥστε
1398 3265 1479 3343 διπλῇ
1503 3270 1555 3337 τῆς
1567 3289 1662 3345 τυραν-

87 3356 146 3436 lege
161 3375 213 3415 non
228 3355 298 3414 ultra
314 3354 361 3426 sis,
381 3366 407 3413 et
420 3350 493 3432 qnod
504 3352 589 3431 gratia
603 3352 712 3411 nuaric
885 3354 952 3420 νίδος
966 3344 991 3412 εἷ
1001 3353 1097 3427 ταύτης
1109 3353 1326 3433 ἀπηλλαγμένος,
1340 3357 1379 3435 τῷ
1398 3377 1428 3413 τε
1448 3353 1486 3432 μὴ
1511 3356 1566 3414 berb
1584 3357 1662 3436 νόμον

885 3437 965 3520 εἶναι,
979 3446 1025 3506 καλ
1039 3450 1078 3526 τῷ
1092 3446 1200 3527 χάριτος
1213 3444 1431 3506 ἀπολελαυκέναι.

128 3540 159 3598 b.
182 3539 328 3615 Postquam
339 3558 403 3597 vero
414 3557 462 3617 per
474 3536 533 3595 haec
543 3535 615 3611 iecit,
625 3549 656 3594 ut
668 3533 775 3594 auditor
788 3555 829 3594 re·
925 3536 1037 3610 Ἐπειδὴ
1056 3538 1143 3597 τοίνυν
1166 3538 1268 3604 τούτοις
1286 3539 1448 3597 ἀναπνεῦσαι
1467 3538 1603 3612 πεποίηκε
1618 3541 1661 3600 τὸν

88 3628 213 3712 spiraret,
224 3648 317 3687 rursus
334 3626 413 3686 illum
431 3627 550 3703 roborat,
566 3647 601 3685 ex
613 3625 761 3706 objectione
779 3622 829 3684 ad·
885 3628 1034 3708 ἀκροατλν,
1059 3628 1231 3710 ἀσραλίζεται
1246 3628 1327 3688 παλιν
1347 3627 1439 3702 αι’ντδν,
1460 3628 1487 3697 ἐξ
1505 3631 1662 3698 ἀντιθέσεως

88 3719 262 3781 monitionem
274 3716 403 3777 inducens
416 3717 459 3776 his
471 3716 560 3776 verbis
571 3739 577 3773 ι
590 3716 638 3777 15.
653 3717 733 3795 Quid
743 3721 831 3797 ergo?
885 3719 1041 3799 nupsissent
1053 3719 1166 3800 εἰσάγων
1175 3765 1187 3794 ,
1197 3718 1243 3778 καλ
1253 3720 1338 3798 λέγων
1349 3718 1433 3780 οὕτω·
1449 3720 1486 3779 Τί
1498 3712 1561 3795 obn
1576 3725 1663 3805 ἀμαρ-

85 3813 282 3892 peccabimus,
293 3813 366 3888 quio
380 3829 438 3867 non
451 3827 550 3866 sumns
561 3809 613 3867 sub
627 3807 700 3888 lege,
712 3807 764 3866 sed
775 3808 829 3866 snb
884 3812 1010 3890 τίσομεν,
1027 3810 1068 3870 ἀει
1082 3812 1130 3870 οὐκ
1150 3809 1228 3888 ἐσμὲν
1249 3811 1301 3871 ὑπὸ
1319 3809 1409 3889 νόμον,
1424 3812 1484 3871 ἀλλ’
1499 3814 1554 3873 {nib
1566 3815 1662 3895 χάριν;

87 3901 316 3980 gratiaPAbsit.
330 3900 422 3961 Primo
437 3899 588 3979 negatione,
600 3898 675 3979 quod
686 3898 767 3959 valde
777 3900 830 3959 ab·
885 3904 932 3975 Μὴ
955 3902 1066 3981 γένοιτο.
1091 3903 1204 3982 Πρῶτον
1221 3900 1269 3979 μέν
1287 3901 1386 3982 γάριῇ
1402 3903 1599 3982 ἀπαγορεύσει,
1621 3907 1662 3965 διά

88 3993 201 4055 surdum
218 3994 254 4053 sit
268 3992 349 4070 illud,
360 4013 425 4053 usus
435 4005 475 4052 est
489 4016 495 4049 ε
509 3990 609 4051 deinde
622 3990 650 4049 in
661 3990 830 4051 admonitio·
848 4008 867 4055 c
884 3993 915 4054 τδ
926 3993 1026 4074 σρόδρα
1039 3992 1136 4052 trono
1149 3983 1216 4052 εἶναι
1229 3993 1259 4052 τὸ
1269 3992 1420 4072 λεγόμενον,
1431 3993 1583 4077 κέχρηται·
1593 3997 1662 4058 ἐπει·

87 4107 150 4159 uem
163 4106 312 4146 sermonem
326 4085 466 4159 convertit,
477 4082 617 4143 ostendens
630 4081 779 4142 admodum
790 4083 830 4142 fa·
884 4107 919 4143 τα
934 4084 962 4143 δέ
973 4083 1020 4143 καί
1033 4086 1071 4150 είς
1082 4083 1239 4166 παραίνεσιν
1253 4086 1268 4117 *
1276 4082 1363 4163 ἐξάγει
1377 4083 1422 4143 τὸν
1442 4084 1533 4162 λόγον,
1548 4088 1596 4146 καί
1613 4089 1662 4148 δεί-

88 4177 150 4236 cilia
173 4197 230 4236 esse
251 4176 406 4252 certamina,
424 4175 463 4234 ita
481 4174 591 4253 loquens
602 4197 611 4230 :
622 4175 672 4234 16.
690 4175 827 4247 Nescitis,
884 4199 961 4236 ανυσι
974 4175 1075 4249 πολλὴν
1096 4166 1176 4237 οὖσαν
1189 4175 1238 4248 τὴν
1253 4175 1374 4236 εὐκολίαν
1388 4179 1440 4234 τῶν
1452 4174 1576 4256 ἀγώνων,
1592 4179 1663 4239 οὕτω

88 4271 231 4347 quoniam
247 4272 296 4326 cui
305 4269 448 4326 exhibetis
459 4286 514 4325 nos
525 4285 623 4324 servos
634 4266 675 4323 od
693 4266 830 4325 obedien·
884 4269 986 4344 λέγων·
1000 4270 1058 4328 Oba
1071 4268 1176 4343 οίδατε,
1189 4268 1230 4327 bn
1243 4259 1266 4348 ᾧ
1279 4268 1457 4348 παριστάνετε
1471 4272 1583 4338 ἑαυτούς
1597 4272 1661 4331 δού-

88 4359 169 4430 dum,
181 4362 258 4417 servi
269 4362 337 4418 estis
348 4361 422 4438 ejus,
439 4361 487 4415 cui
497 4357 633 4430 obeditis,
646 4359 707 4415 sive
717 4360 832 4435 peccati
884 4360 946 4425 λους
965 4361 1001 4426 εές
1021 4359 1158 4433 ὑπακοὴν,
1178 4359 1264 4419 δοῦλοί
1279 4361 1353 4433 ἐστε,
1380 4349 1583 4439 ᾧόπακσύετε,
1603 4364 1663 4436 ἤτοι

24 4452 33 4473 ¹
88 4450 270 4517 naimonem,
279 4451 341 4506 sive
351 4447 522 4505 obedientie
532 4447 574 4504 ad
577 4449 746 4527 Justitiom?
757 4448 831 4506 Nou·
885 4449 1018 4531 ἁμαρτίας
1038 4454 1075 4517 εἰς
1095 4449 1219 4525 θάνατον,
1237 4449 1394 4522 λ’ῦπακοῆς
1412 4455 1448 4518 εἰς
1472 4452 1663 4528 δικαιοσύνην,

86 4539 155 4599 dum
176 4538 325 4619 gehennam
345 4536 419 4610 dico,
434 4536 532 4614 inquit,
543 4556 630 4614 neque
642 4536 745 4616 grande
761 4536 832 4597 illud
885 4530 972 4602 Οὔτιοι
989 4539 1061 4621 λέγω
1082 4540 1131 4612 τὴν
1154 4540 1272 4620 γέενναν,
1296 4541 1385 4622 ρησλν,
1409 4543 1469 4601 οὐδὲ
1488 4542 1539 4615 τὴν
1560 4547 1662 4618 πολλὴν

86 4629 265 4713 supplicium,
277 4627 492 4708 sedprasentem
503 4627 712 4708 turpitudinem,
724 4628 831 4707 quando
885 4631 988 4705 ἐκείνην
1008 4630 1128 4704 κόλασιν,
1148 4631 1216 4690 ἀλλὰ
1230 4630 1279 4703 τὴν
1301 4636 1414 4692 ἐνταῦθα
1435 4634 1577 4714 αἰσχύνην,
1601 4640 1662 4696 ὅταν

86 4736 113 4782 ct
128 4723 201 4783 servi
213 4721 289 4798 estis,
304 4733 331 4780 et
345 4733 439 4800 sponte
450 4719 534 4796 servi,
549 4733 575 4777 et
587 4719 781 4800 peccatiservi3
792 4720 832 4781 id·
885 4726 972 4785 δοῦλοι
981 4721 1103 4804 γένησθε,
1117 4723 1162 4782 καί
1174 4723 1276 4791 ἑκόντες
1286 4725 1389 4799 δοῦλοι,
1398 4723 1444 4782 καλ
1455 4725 1592 4808 ἁμαρτίας
1604 4730 1662 4788 δοῦ-

87 4836 139 4892 que
154 4815 202 4873 tali
216 4837 278 4874 cum
298 4812 430 4888 mercede,
445 4825 476 4869 nt
498 4832 606 4870 rursum
626 4811 788 4870 moriamini.
800 4812 831 4872 Si
883 4819 942 4890 λοι,
958 4816 1005 4874 καί
1020 4815 1064 4876 ἐπί
1080 4815 1191 4898 τοιούτῳ
1205 4819 1306 4896 μισθῷ,
1328 4815 1398 4874 ὥστε
1410 4816 1492 4876 πάλιν
1508 4821 1661 4879 ἀποθανεῖν.

86 4909 158 4968 enim
168 4922 230 4969 ante
244 4910 411 4990 baptismum
424 4919 536 4966 mortem
555 4905 647 4966 intulit
662 4928 828 4988 corpoream,
847 4923 866 4969 n
882 4911 917 4969 Ei
930 4907 982 4990 γάρ
995 4909 1047 4988 πρὸ
1060 4915 1106 4968 τοῦ
1125 4907 1309 4986 βαπτίσματος
1325 4907 1435 4968 θάνατον
1448 4911 1594 4991 εἰργάσατο
1609 4937 1661 4972 σω·

86 4999 239 5077 suinusqnc
250 5013 325 5059 unta
337 4998 441 5059 medela
453 5020 520 5079 opus
534 4998 640 5072 habuit,
653 5012 682 5059 ut
697 5000 829 5061 Dominus
884 4999 1004 5077 ματικδν,
1015 4999 1061 5059 καί
1072 4999 1201 5073 τοσαύτης
1212 4998 1306 5071 ἐδεήθη
1319 5003 1367 5070 τῆς
1377 5001 1521 5080 θεραπείας
1531 5003 1562 5063 sb
1574 5003 1660 5074 ἐλκοε,
