<?xml version="1.0" encoding="UTF-8"?>
<!DOCTYPE html PUBLIC "-//W3C//DTD XHTML 1.0 Transitional//EN"
    "http://www.w3.org/TR/xhtml1/DTD/xhtml1-transitional.dtd">
<html xmlns="http://www.w3.org/1999/xhtml" xml:lang="en" lang="en">
 <head>
  <title>
</title>
<meta http-equiv="Content-Type" content="text/html;charset=utf-8" />
  <meta name='ocr-system' content='tesseract 3.04.00' />
  <meta name='ocr-capabilities' content='ocr_page ocr_carea ocr_par ocr_line ocrx_word'/>
</head>
<body>
  <div class='ocr_page' id='page_1' title='image "./sanctipatrisnos01chrygoog_0695.png"; bbox 0 0 3728 5978; ppageno 0'>
   <div class='ocr_carea' id='block_1_1' title="bbox 549 502 1137 554">
    <p class='ocr_par' dir='ltr' id='par_1_1' title="bbox 549 502 1137 554">
     <span class='ocr_line' id='line_1_1' title="bbox 549 502 1137 554; baseline 0 -4"><span class='ocrx_word' id='word_1_1' title='bbox 549 504 583 550; x_wconf 83' lang='lat' dir='ltr'><strong>nt</strong></span> <span class='ocrx_word' id='word_1_2' title='bbox 610 502 718 551; x_wconf 77' lang='lat' dir='ltr'><strong>nnts‘r.</strong></span> <span class='ocrx_word' id='word_1_3' title='bbox 746 502 792 551; x_wconf 83' lang='grc' dir='ltr'><strong>ΑΙ)</strong></span> <span class='ocrx_word' id='word_1_4' title='bbox 820 503 904 552; x_wconf 78' lang='lat' dir='ltr'><strong>nnat.</strong></span> <span class='ocrx_word' id='word_1_5' title='bbox 930 503 1048 554; x_wconf 80' lang='lat' dir='ltr'><strong>HOMlL·</strong></span> <span class='ocrx_word' id='word_1_6' title='bbox 1077 506 1137 554; x_wconf 73' lang='lat' dir='ltr'><strong>XV.</strong></span> 
     </span>
    </p>
   </div>
   <div class='ocr_carea' id='block_1_2' title="bbox 1569 481 1640 580">
    <p class='ocr_par' dir='ltr' id='par_1_2' title="bbox 1569 481 1640 580">
     <span class='ocr_line' id='line_1_2' title="bbox 1569 481 1640 580; baseline 0.014 -26"><span class='ocrx_word' id='word_1_7' title='bbox 1569 481 1640 580; x_wconf 79' lang='lat'><strong>657</strong></span> 
     </span>
    </p>
   </div>
   <div class='ocr_carea' id='block_1_3' title="bbox 10 626 1717 1818">
    <p class='ocr_par' dir='ltr' id='par_1_3' title="bbox 10 626 1717 1818">
     <span class='ocr_line' id='line_1_3' title="bbox 10 626 1642 713; baseline 0.006 -26"><span class='ocrx_word' id='word_1_8' title='bbox 10 626 17 652; x_wconf 65' lang='lat'><em>¹</em></span> <span class='ocrx_word' id='word_1_9' title='bbox 61 629 210 705; x_wconf 77' lang='grc' dir='ltr'>ἐπίδειξις,</span> <span class='ocrx_word' id='word_1_10' title='bbox 226 631 271 690; x_wconf 87' lang='grc' dir='ltr'><strong>καί</strong></span> <span class='ocrx_word' id='word_1_11' title='bbox 285 631 423 711; x_wconf 79' lang='grc' dir='ltr'>δογμάτων</span> <span class='ocrx_word' id='word_1_12' title='bbox 440 629 548 710; x_wconf 82' lang='grc' dir='ltr'>όρθθτης</span> <span class='ocrx_word' id='word_1_13' title='bbox 567 630 737 710; x_wconf 77' lang='grc' dir='ltr'>ἐλυμαίνετο,</span> <span class='ocrx_word' id='word_1_14' title='bbox 750 630 842 690; x_wconf 82' lang='grc' dir='ltr'>καὶδι-</span> <span class='ocrx_word' id='word_1_15' title='bbox 897 629 941 706; x_wconf 88' lang='lat' dir='ltr'><strong>iis,</strong></span> <span class='ocrx_word' id='word_1_16' title='bbox 949 631 998 712; x_wconf 80' lang='lat' dir='ltr'><strong>qni</strong></span> <span class='ocrx_word' id='word_1_17' title='bbox 1010 653 1064 694; x_wconf 90' lang='lat' dir='ltr'><strong>non</strong></span> <span class='ocrx_word' id='word_1_18' title='bbox 1074 632 1194 713; x_wconf 79' lang='lat' dir='ltr'><strong>diligunt</strong></span> <span class='ocrx_word' id='word_1_19' title='bbox 1204 631 1295 712; x_wconf 80' lang='lat' dir='ltr'><strong>illum,</strong></span> <span class='ocrx_word' id='word_1_20' title='bbox 1309 652 1413 712; x_wconf 83' lang='lat' dir='ltr'><strong>eaquae</strong></span> <span class='ocrx_word' id='word_1_21' title='bbox 1427 632 1506 705; x_wconf 84' lang='lat' dir='ltr'><strong>utilia</strong></span> <span class='ocrx_word' id='word_1_22' title='bbox 1514 633 1642 699; x_wconf 81' lang='lat' dir='ltr'><strong>videntur</strong></span> 
     </span>
     <span class='ocr_line' id='line_1_4' title="bbox 10 714 1642 806; baseline 0.004 -26"><span class='ocrx_word' id='word_1_23' title='bbox 10 714 24 744; x_wconf 73' lang='lat'>²</span> <span class='ocrx_word' id='word_1_24' title='bbox 61 722 215 790; x_wconf 84' lang='grc' dir='ltr'>δασκαλίεις</span> <span class='ocrx_word' id='word_1_25' title='bbox 230 722 383 804; x_wconf 87' lang='grc' dir='ltr'>ριλοσσρία·</span> <span class='ocrx_word' id='word_1_26' title='bbox 400 722 445 782; x_wconf 81' lang='grc' dir='ltr'>καί</span> <span class='ocrx_word' id='word_1_27' title='bbox 459 724 491 781; x_wconf 87' lang='grc' dir='ltr'><strong>δι’</strong></span> <span class='ocrx_word' id='word_1_28' title='bbox 506 724 594 782; x_wconf 74' lang='grc' dir='ltr'>ἐκεῖνα</span> <span class='ocrx_word' id='word_1_29' title='bbox 608 721 655 801; x_wconf 77' lang='grc' dir='ltr'><strong>μὲν</strong></span> <span class='ocrx_word' id='word_1_30' title='bbox 677 723 842 801; x_wconf 72' lang='grc' dir='ltr'>δαιμονῶντες</span> <span class='ocrx_word' id='word_1_31' title='bbox 896 743 964 800; x_wconf 81' lang='lat' dir='ltr'><strong>esse,</strong></span> <span class='ocrx_word' id='word_1_32' title='bbox 979 740 1083 794; x_wconf 79' lang='lat' dir='ltr'><strong>nocent.</strong></span> <span class='ocrx_word' id='word_1_33' title='bbox 1103 718 1212 787; x_wconf 82' lang='lat' dir='ltr'><strong>Judaos</strong></span> <span class='ocrx_word' id='word_1_34' title='bbox 1225 725 1297 785; x_wconf 86' lang='lat' dir='ltr'><strong>enim</strong></span> <span class='ocrx_word' id='word_1_35' title='bbox 1317 739 1344 785; x_wconf 83' lang='lat' dir='ltr'><strong>et</strong></span> <span class='ocrx_word' id='word_1_36' title='bbox 1362 725 1439 806; x_wconf 75' lang='lat' dir='ltr'><strong>signa</strong></span> <span class='ocrx_word' id='word_1_37' title='bbox 1453 724 1538 802; x_wconf 83' lang='lat' dir='ltr'><strong>edita,</strong></span> <span class='ocrx_word' id='word_1_38' title='bbox 1552 738 1579 786; x_wconf 86' lang='lat' dir='ltr'><strong>et</strong></span> <span class='ocrx_word' id='word_1_39' title='bbox 1592 724 1642 787; x_wconf 89' lang='lat' dir='ltr'><strong>do·</strong></span> 
     </span>
     <span class='ocr_line' id='line_1_5' title="bbox 10 810 1641 900; baseline 0.004 -30"><span class='ocrx_word' id='word_1_40' title='bbox 10 810 25 885; x_wconf 66' lang='lat'><strong>[¹</strong></span> <span class='ocrx_word' id='word_1_41' title='bbox 60 812 189 889; x_wconf 76' lang='grc' dir='ltr'>ἐκάλουν,</span> <span class='ocrx_word' id='word_1_42' title='bbox 207 813 249 873; x_wconf 85' lang='grc' dir='ltr'>διδι</span> <span class='ocrx_word' id='word_1_43' title='bbox 263 813 387 874; x_wconf 74' lang='grc' dir='ltr'>δὲταῦτα</span> <span class='ocrx_word' id='word_1_44' title='bbox 402 813 531 875; x_wconf 77' lang='grc' dir='ltr'>ἀντίθεον·</span> <span class='ocrx_word' id='word_1_45' title='bbox 541 813 607 894; x_wconf 78' lang='grc' dir='ltr'>ὑπὲρ</span> <span class='ocrx_word' id='word_1_46' title='bbox 620 811 647 875; x_wconf 74' lang='grc' dir='ltr'>δὲ</span> <span class='ocrx_word' id='word_1_47' title='bbox 657 817 710 874; x_wconf 77' lang='grc' dir='ltr'><strong>τῶν</strong></span> <span class='ocrx_word' id='word_1_48' title='bbox 725 812 842 889; x_wconf 77' lang='grc' dir='ltr'>σημείων</span> <span class='ocrx_word' id='word_1_49' title='bbox 897 830 986 896; x_wconf 76' lang='lat' dir='ltr'><strong>gmata</strong></span> <span class='ocrx_word' id='word_1_50' title='bbox 1000 831 1081 892; x_wconf 87' lang='lat' dir='ltr'><strong>recta,</strong></span> <span class='ocrx_word' id='word_1_51' title='bbox 1090 831 1116 877; x_wconf 93' lang='lat' dir='ltr'><strong>et</strong></span> <span class='ocrx_word' id='word_1_52' title='bbox 1126 817 1306 900; x_wconf 81' lang='lat' dir='ltr'><strong>philosophiae</strong></span> <span class='ocrx_word' id='word_1_53' title='bbox 1316 816 1439 877; x_wconf 90' lang='lat' dir='ltr'><strong>doctrina</strong></span> <span class='ocrx_word' id='word_1_54' title='bbox 1450 816 1641 900; x_wconf 85' lang='lat' dir='ltr'><strong>perdiderunt:</strong></span> 
     </span>
     <span class='ocr_line' id='line_1_6' title="bbox 10 900 1642 991; baseline 0.004 -28"><span class='ocrx_word' id='word_1_55' title='bbox 10 900 25 936; x_wconf 85' lang='lat'><em>²</em></span> <span class='ocrx_word' id='word_1_56' title='bbox 60 905 114 964; x_wconf 84' lang='grc' dir='ltr'><strong>καί</strong></span> <span class='ocrx_word' id='word_1_57' title='bbox 128 909 244 986; x_wconf 74' lang='grc' dir='ltr'>ἀναιρεῖν</span> <span class='ocrx_word' id='word_1_58' title='bbox 259 905 420 988; x_wconf 63' lang='grc' dir='ltr'>ἐπεγείρων.</span> <span class='ocrx_word' id='word_1_59' title='bbox 436 905 471 966; x_wconf 87' lang='grc' dir='ltr'><strong>Ὁ</strong></span> <span class='ocrx_word' id='word_1_60' title='bbox 486 907 575 986; x_wconf 73' lang='grc' dir='ltr'>μέντοι</span> <span class='ocrx_word' id='word_1_61' title='bbox 594 905 695 986; x_wconf 69' lang='grc' dir='ltr'>λῃστὴς</span> <span class='ocrx_word' id='word_1_62' title='bbox 716 904 843 987; x_wconf 83' lang='grc' dir='ltr'>σταυρσό-</span> <span class='ocrx_word' id='word_1_63' title='bbox 897 920 924 965; x_wconf 89' lang='lat' dir='ltr'><strong>et</strong></span> <span class='ocrx_word' id='word_1_64' title='bbox 936 920 1048 990; x_wconf 88' lang='lat' dir='ltr'><strong>propter</strong></span> <span class='ocrx_word' id='word_1_65' title='bbox 1062 908 1109 968; x_wconf 91' lang='lat' dir='ltr'><strong>illa</strong></span> <span class='ocrx_word' id='word_1_66' title='bbox 1124 907 1410 968; x_wconf 82' lang='lat' dir='ltr'><strong>illumdaemoniacum</strong></span> <span class='ocrx_word' id='word_1_67' title='bbox 1420 909 1563 984; x_wconf 85' lang='lat' dir='ltr'><strong>vocabant,</strong></span> <span class='ocrx_word' id='word_1_68' title='bbox 1578 929 1642 991; x_wconf 81' lang='lat' dir='ltr'><strong>pro-</strong></span> 
     </span>
     <span class='ocr_line' id='line_1_7' title="bbox 10 993 1642 1081; baseline 0.004 -27"><span class='ocrx_word' id='word_1_69' title='bbox 10 993 23 1021; x_wconf 72' lang='lat'><strong>·³</strong></span> <span class='ocrx_word' id='word_1_70' title='bbox 62 1018 160 1072; x_wconf 85' lang='grc' dir='ltr'>μενος,</span> <span class='ocrx_word' id='word_1_71' title='bbox 170 997 398 1078; x_wconf 80' lang='grc' dir='ltr'>προσηλσόμενος,</span> <span class='ocrx_word' id='word_1_72' title='bbox 411 997 621 1080; x_wconf 81' lang='grc' dir='ltr'>λοιδορούμενος,</span> <span class='ocrx_word' id='word_1_73' title='bbox 636 996 717 1080; x_wconf 82' lang='grc' dir='ltr'>μυρία</span> <span class='ocrx_word' id='word_1_74' title='bbox 730 997 842 1078; x_wconf 68' lang='grc' dir='ltr'>πσίσγων</span> <span class='ocrx_word' id='word_1_75' title='bbox 897 1012 957 1080; x_wconf 85' lang='lat' dir='ltr'><strong>pter</strong></span> <span class='ocrx_word' id='word_1_76' title='bbox 975 1000 1033 1062; x_wconf 85' lang='lat' dir='ltr'><strong>baec</strong></span> <span class='ocrx_word' id='word_1_77' title='bbox 1047 1000 1189 1061; x_wconf 87' lang='lat' dir='ltr'><strong>inimicum</strong></span> <span class='ocrx_word' id='word_1_78' title='bbox 1208 1003 1267 1060; x_wconf 90' lang='lat' dir='ltr'><strong>Deo</strong></span> <span class='ocrx_word' id='word_1_79' title='bbox 1273 1024 1283 1079; x_wconf 89' lang='lat'>;</span> <span class='ocrx_word' id='word_1_80' title='bbox 1303 1002 1339 1061; x_wconf 93' lang='lat' dir='ltr'><strong>ob</strong></span> <span class='ocrx_word' id='word_1_81' title='bbox 1355 1000 1432 1081; x_wconf 84' lang='lat' dir='ltr'><strong>signa</strong></span> <span class='ocrx_word' id='word_1_82' title='bbox 1451 1014 1541 1061; x_wconf 90' lang='lat' dir='ltr'><strong>autem</strong></span> <span class='ocrx_word' id='word_1_83' title='bbox 1560 1001 1642 1061; x_wconf 92' lang='lat' dir='ltr'><strong>illum</strong></span> 
     </span>
     <span class='ocr_line' id='line_1_8' title="bbox 10 1087 1641 1171; baseline 0.004 -24"><span class='ocrx_word' id='word_1_84' title='bbox 10 1087 22 1138; x_wconf 65' lang='lat'><strong>¹,</strong></span> <span class='ocrx_word' id='word_1_85' title='bbox 63 1089 158 1164; x_wconf 73' lang='grc' dir='ltr'>δεινὰ,</span> <span class='ocrx_word' id='word_1_86' title='bbox 171 1093 201 1149; x_wconf 81' lang='grc' dir='ltr'><strong>οὐ</strong></span> <span class='ocrx_word' id='word_1_87' title='bbox 223 1090 299 1169; x_wconf 87' lang='grc' dir='ltr'>μόνον</span> <span class='ocrx_word' id='word_1_88' title='bbox 323 1091 396 1151; x_wconf 76' lang='grc' dir='ltr'>οὐδὲν</span> <span class='ocrx_word' id='word_1_89' title='bbox 410 1090 584 1171; x_wconf 74' lang='grc' dir='ltr'>παρεόλόόη,</span> <span class='ocrx_word' id='word_1_90' title='bbox 600 1089 668 1151; x_wconf 72' lang='grc' dir='ltr'>ἀλλὰ</span> <span class='ocrx_word' id='word_1_91' title='bbox 688 1088 734 1149; x_wconf 87' lang='grc' dir='ltr'><strong>καί</strong></span> <span class='ocrx_word' id='word_1_92' title='bbox 748 1089 782 1147; x_wconf 83' lang='grc' dir='ltr'><strong>τὰ</strong></span> <span class='ocrx_word' id='word_1_93' title='bbox 796 1088 843 1168; x_wconf 80' lang='grc' dir='ltr'>μί·</span> <span class='ocrx_word' id='word_1_94' title='bbox 851 1125 888 1165; x_wconf 59' lang='grc' dir='ltr'><strong>,ω</strong></span> <span class='ocrx_word' id='word_1_95' title='bbox 898 1090 1046 1152; x_wconf 82' lang='lat' dir='ltr'><strong>interficere</strong></span> <span class='ocrx_word' id='word_1_96' title='bbox 1056 1092 1202 1152; x_wconf 77' lang='lat' dir='ltr'><strong>tentabant.</strong></span> <span class='ocrx_word' id='word_1_97' title='bbox 1212 1095 1294 1153; x_wconf 80' lang='lat' dir='ltr'><strong>Latro</strong></span> <span class='ocrx_word' id='word_1_98' title='bbox 1305 1105 1374 1152; x_wconf 85' lang='lat' dir='ltr'><strong>certe</strong></span> <span class='ocrx_word' id='word_1_99' title='bbox 1388 1092 1545 1166; x_wconf 82' lang='lat' dir='ltr'><strong>crucifixus,</strong></span> <span class='ocrx_word' id='word_1_100' title='bbox 1557 1091 1641 1154; x_wconf 82' lang='lat' dir='ltr'><strong>clavis</strong></span> 
     </span>
     <span class='ocr_line' id='line_1_9' title="bbox 10 1173 1642 1266; baseline 0.005 -28"><span class='ocrx_word' id='word_1_101' title='bbox 10 1173 23 1209; x_wconf 86' lang='lat'><em>¹</em></span> <span class='ocrx_word' id='word_1_102' title='bbox 61 1203 149 1258; x_wconf 90' lang='grc' dir='ltr'>γιστα</span> <span class='ocrx_word' id='word_1_103' title='bbox 173 1184 288 1242; x_wconf 80' lang='grc' dir='ltr'>ἐντεῦθεν</span> <span class='ocrx_word' id='word_1_104' title='bbox 313 1183 460 1264; x_wconf 77' lang='grc' dir='ltr'>ἐκέρδανεν.</span> <span class='ocrx_word' id='word_1_105' title='bbox 482 1174 559 1250; x_wconf 76' lang='grc' dir='ltr'>Εἶδες</span> <span class='ocrx_word' id='word_1_106' title='bbox 572 1186 629 1250; x_wconf 84' lang='grc' dir='ltr'><strong>πῶς</strong></span> <span class='ocrx_word' id='word_1_107' title='bbox 643 1191 698 1250; x_wconf 90' lang='grc' dir='ltr'>τοῖς</span> <span class='ocrx_word' id='word_1_108' title='bbox 719 1183 844 1261; x_wconf 78' lang='grc' dir='ltr'>ἀγαπῶσι</span> <span class='ocrx_word' id='word_1_109' title='bbox 861 1181 881 1226; x_wconf 68' lang='grc' dir='ltr'><strong>Α</strong></span> <span class='ocrx_word' id='word_1_110' title='bbox 897 1184 1007 1257; x_wconf 69' lang='lat' dir='ltr'><strong>allinus,</strong></span> <span class='ocrx_word' id='word_1_111' title='bbox 1015 1183 1142 1247; x_wconf 82' lang='lat' dir='ltr'><strong>conviciis</strong></span> <span class='ocrx_word' id='word_1_112' title='bbox 1154 1199 1291 1260; x_wconf 87' lang='lat' dir='ltr'><strong>oneratus,</strong></span> <span class='ocrx_word' id='word_1_113' title='bbox 1300 1184 1372 1243; x_wconf 90' lang='lat' dir='ltr'><strong>mala</strong></span> <span class='ocrx_word' id='word_1_114' title='bbox 1381 1187 1520 1244; x_wconf 88' lang='lat' dir='ltr'><strong>innumera</strong></span> <span class='ocrx_word' id='word_1_115' title='bbox 1528 1185 1642 1266; x_wconf 87' lang='lat' dir='ltr'><strong>patiens,</strong></span> 
     </span>
     <span class='ocr_line' id='line_1_10' title="bbox 10 1270 1642 1358; baseline 0.004 -28"><span class='ocrx_word' id='word_1_116' title='bbox 10 1270 25 1346; x_wconf 62' lang='grc' dir='ltr'><strong>ξ’</strong></span> <span class='ocrx_word' id='word_1_117' title='bbox 64 1271 113 1331; x_wconf 84' lang='grc' dir='ltr'><strong>τὸν</strong></span> <span class='ocrx_word' id='word_1_118' title='bbox 130 1272 198 1333; x_wconf 87' lang='grc' dir='ltr'>Θεὸν</span> <span class='ocrx_word' id='word_1_119' title='bbox 211 1274 300 1335; x_wconf 89' lang='grc' dir='ltr'>πσίντα</span> <span class='ocrx_word' id='word_1_120' title='bbox 322 1285 441 1358; x_wconf 81' lang='grc' dir='ltr'>συνεργεῖ</span> <span class='ocrx_word' id='word_1_121' title='bbox 457 1278 493 1343; x_wconf 90' lang='grc' dir='ltr'><strong>εἰς</strong></span> <span class='ocrx_word' id='word_1_122' title='bbox 514 1274 626 1355; x_wconf 71' lang='grc' dir='ltr'>ἐγαθόνς</span> <span class='ocrx_word' id='word_1_123' title='bbox 640 1273 733 1336; x_wconf 83' lang='grc' dir='ltr'>Εἰπὼν</span> <span class='ocrx_word' id='word_1_124' title='bbox 757 1271 843 1332; x_wconf 85' lang='grc' dir='ltr'>τοίνυν</span> <span class='ocrx_word' id='word_1_125' title='bbox 899 1297 952 1336; x_wconf 93' lang='lat' dir='ltr'><strong>nou</strong></span> <span class='ocrx_word' id='word_1_126' title='bbox 966 1276 1046 1337; x_wconf 90' lang='lat' dir='ltr'><strong>modo</strong></span> <span class='ocrx_word' id='word_1_127' title='bbox 1063 1276 1132 1335; x_wconf 91' lang='lat' dir='ltr'><strong>nibil</strong></span> <span class='ocrx_word' id='word_1_128' title='bbox 1146 1276 1238 1336; x_wconf 91' lang='lat' dir='ltr'><strong>damni</strong></span> <span class='ocrx_word' id='word_1_129' title='bbox 1253 1276 1367 1357; x_wconf 84' lang='lat' dir='ltr'><strong>accepit,</strong></span> <span class='ocrx_word' id='word_1_130' title='bbox 1381 1275 1518 1335; x_wconf 80' lang='lat' dir='ltr'><strong>sedetiam</strong></span> <span class='ocrx_word' id='word_1_131' title='bbox 1532 1274 1642 1336; x_wconf 89' lang='lat' dir='ltr'><strong>lucrum</strong></span> 
     </span>
     <span class='ocr_line' id='line_1_11' title="bbox 10 1363 1641 1449; baseline 0.004 -27"><span class='ocrx_word' id='word_1_132' title='bbox 10 1363 25 1397; x_wconf 55' lang='grc' dir='ltr'>θ</span> <span class='ocrx_word' id='word_1_133' title='bbox 65 1363 100 1423; x_wconf 88' lang='grc' dir='ltr'><strong>τδ</strong></span> <span class='ocrx_word' id='word_1_134' title='bbox 114 1364 183 1444; x_wconf 81' lang='grc' dir='ltr'>μέγα</span> <span class='ocrx_word' id='word_1_135' title='bbox 207 1373 283 1426; x_wconf 74' lang='grc' dir='ltr'>τοῦτο</span> <span class='ocrx_word' id='word_1_136' title='bbox 297 1368 406 1448; x_wconf 82' lang='grc' dir='ltr'>ἀγαθὸν,</span> <span class='ocrx_word' id='word_1_137' title='bbox 421 1368 466 1427; x_wconf 79' lang='grc' dir='ltr'>καὶ</span> <span class='ocrx_word' id='word_1_138' title='bbox 489 1367 588 1449; x_wconf 83' lang='grc' dir='ltr'>σρόδρα</span> <span class='ocrx_word' id='word_1_139' title='bbox 604 1366 651 1440; x_wconf 75' lang='grc' dir='ltr'><strong>την</strong></span> <span class='ocrx_word' id='word_1_140' title='bbox 676 1365 842 1446; x_wconf 78' lang='grc' dir='ltr'>ἀνθρωπίνην</span> <span class='ocrx_word' id='word_1_141' title='bbox 898 1369 1049 1428; x_wconf 86' lang='lat' dir='ltr'><strong>maximum</strong></span> <span class='ocrx_word' id='word_1_142' title='bbox 1062 1366 1125 1428; x_wconf 89' lang='lat' dir='ltr'><strong>inde</strong></span> <span class='ocrx_word' id='word_1_143' title='bbox 1138 1368 1239 1430; x_wconf 87' lang='lat' dir='ltr'><strong>retulit.</strong></span> <span class='ocrx_word' id='word_1_144' title='bbox 1254 1367 1354 1430; x_wconf 87' lang='lat' dir='ltr'><strong>Viden’</strong></span> <span class='ocrx_word' id='word_1_145' title='bbox 1367 1367 1502 1446; x_wconf 89' lang='lat' dir='ltr'><strong>quomodo</strong></span> <span class='ocrx_word' id='word_1_146' title='bbox 1519 1366 1641 1448; x_wconf 76' lang='lat' dir='ltr'><strong>diligen·</strong></span> 
     </span>
     <span class='ocr_line' id='line_1_12' title="bbox 10 1455 1717 1541; baseline 0.002 -27"><span class='ocrx_word' id='word_1_147' title='bbox 10 1455 25 1491; x_wconf 85' lang='lat'>²</span> <span class='ocrx_word' id='word_1_148' title='bbox 68 1455 148 1536; x_wconf 80' lang='grc' dir='ltr'>φόσιν</span> <span class='ocrx_word' id='word_1_149' title='bbox 161 1458 327 1536; x_wconf 82' lang='grc' dir='ltr'>όπερόαῖνον,</span> <span class='ocrx_word' id='word_1_150' title='bbox 341 1458 431 1530; x_wconf 70' lang='grc' dir='ltr'>ἐπειδη</span> <span class='ocrx_word' id='word_1_151' title='bbox 452 1461 558 1526; x_wconf 83' lang='grc' dir='ltr'>πολλοῖς</span> <span class='ocrx_word' id='word_1_152' title='bbox 572 1458 616 1519; x_wconf 85' lang='grc' dir='ltr'><strong>καί</strong></span> <span class='ocrx_word' id='word_1_153' title='bbox 636 1458 747 1519; x_wconf 86' lang='grc' dir='ltr'>ἄπιστον</span> <span class='ocrx_word' id='word_1_154' title='bbox 765 1464 843 1516; x_wconf 80' lang='grc' dir='ltr'>τοῦτο</span> <span class='ocrx_word' id='word_1_155' title='bbox 897 1458 971 1519; x_wconf 89' lang='lat' dir='ltr'><strong>tibus</strong></span> <span class='ocrx_word' id='word_1_156' title='bbox 985 1462 1074 1521; x_wconf 89' lang='lat' dir='ltr'><strong>Deum</strong></span> <span class='ocrx_word' id='word_1_157' title='bbox 1094 1460 1184 1519; x_wconf 87' lang='lat' dir='ltr'><strong>omnia</strong></span> <span class='ocrx_word' id='word_1_158' title='bbox 1201 1472 1378 1541; x_wconf 88' lang='lat' dir='ltr'><strong>cooperentur</strong></span> <span class='ocrx_word' id='word_1_159' title='bbox 1389 1458 1416 1517; x_wconf 92' lang='lat' dir='ltr'><strong>in</strong></span> <span class='ocrx_word' id='word_1_160' title='bbox 1431 1459 1555 1518; x_wconf 79' lang='lat' dir='ltr'><strong>bonum?</strong></span> <span class='ocrx_word' id='word_1_161' title='bbox 1570 1459 1641 1518; x_wconf 89' lang='lat' dir='ltr'><strong>Cum</strong></span> <span class='ocrx_word' id='word_1_162' title='bbox 1711 1526 1717 1538; x_wconf 47' lang='grc'>,</span> 
     </span>
     <span class='ocr_line' id='line_1_13' title="bbox 10 1538 1642 1632; baseline 0.005 -28"><span class='ocrx_word' id='word_1_163' title='bbox 10 1552 27 1584; x_wconf 65' lang='lat'><strong>³¹·</strong></span> <span class='ocrx_word' id='word_1_164' title='bbox 68 1538 139 1607; x_wconf 79' lang='grc' dir='ltr'>εἶναι</span> <span class='ocrx_word' id='word_1_165' title='bbox 159 1549 320 1625; x_wconf 75' lang='grc' dir='ltr'>ἓδόκει,όπδ</span> <span class='ocrx_word' id='word_1_166' title='bbox 335 1557 386 1612; x_wconf 85' lang='grc' dir='ltr'><strong>τῶν</strong></span> <span class='ocrx_word' id='word_1_167' title='bbox 401 1554 583 1632; x_wconf 79' lang='grc' dir='ltr'>παρελθόντων</span> <span class='ocrx_word' id='word_1_168' title='bbox 607 1550 670 1613; x_wconf 84' lang='grc' dir='ltr'>αιίτδ</span> <span class='ocrx_word' id='word_1_169' title='bbox 686 1556 842 1623; x_wconf 77' lang='grc' dir='ltr'>πιστοῦται,</span> <span class='ocrx_word' id='word_1_170' title='bbox 897 1549 1012 1611; x_wconf 81' lang='lat' dir='ltr'><strong>dixisset</strong></span> <span class='ocrx_word' id='word_1_171' title='bbox 1033 1551 1118 1632; x_wconf 76' lang='lat' dir='ltr'><strong>igitur</strong></span> <span class='ocrx_word' id='word_1_172' title='bbox 1136 1549 1190 1611; x_wconf 85' lang='lat' dir='ltr'><strong>boo</strong></span> <span class='ocrx_word' id='word_1_173' title='bbox 1213 1572 1341 1632; x_wconf 76' lang='lat' dir='ltr'><strong>magnum</strong></span> <span class='ocrx_word' id='word_1_174' title='bbox 1360 1571 1416 1610; x_wconf 85' lang='lat' dir='ltr'><strong>esse</strong></span> <span class='ocrx_word' id='word_1_175' title='bbox 1435 1551 1550 1630; x_wconf 78' lang='lat' dir='ltr'><strong>bonnm,</strong></span> <span class='ocrx_word' id='word_1_176' title='bbox 1567 1550 1642 1630; x_wconf 87' lang='lat' dir='ltr'><strong>qnod</strong></span> 
     </span>
     <span class='ocr_line' id='line_1_14' title="bbox 897 1641 1642 1725; baseline 0.007 -26"><span class='ocrx_word' id='word_1_177' title='bbox 897 1641 1043 1703; x_wconf 88' lang='lat' dir='ltr'><strong>humanam</strong></span> <span class='ocrx_word' id='word_1_178' title='bbox 1070 1657 1193 1704; x_wconf 89' lang='lat' dir='ltr'><strong>naturam</strong></span> <span class='ocrx_word' id='word_1_179' title='bbox 1214 1643 1362 1703; x_wconf 87' lang='lat' dir='ltr'><strong>admodum</strong></span> <span class='ocrx_word' id='word_1_180' title='bbox 1385 1656 1553 1725; x_wconf 82' lang='lat' dir='ltr'><strong>superaret:</strong></span> <span class='ocrx_word' id='word_1_181' title='bbox 1577 1643 1642 1724; x_wconf 81' lang='lat' dir='ltr'><strong>quia</strong></span> 
     </span>
     <span class='ocr_line' id='line_1_15' title="bbox 897 1735 1643 1818; baseline 0.005 -24"><span class='ocrx_word' id='word_1_182' title='bbox 897 1737 991 1796; x_wconf 84' lang='lat' dir='ltr'><strong>multis</strong></span> <span class='ocrx_word' id='word_1_183' title='bbox 1008 1735 1061 1795; x_wconf 92' lang='lat' dir='ltr'><strong>boc</strong></span> <span class='ocrx_word' id='word_1_184' title='bbox 1081 1735 1240 1796; x_wconf 79' lang='lat' dir='ltr'><strong>incredibile</strong></span> <span class='ocrx_word' id='word_1_185' title='bbox 1260 1735 1405 1796; x_wconf 87' lang='lat' dir='ltr'><strong>videbatur</strong></span> <span class='ocrx_word' id='word_1_186' title='bbox 1426 1758 1493 1810; x_wconf 85' lang='lat' dir='ltr'><strong>esse,</strong></span> <span class='ocrx_word' id='word_1_187' title='bbox 1508 1758 1524 1797; x_wconf 88' lang='lat' dir='ltr'><strong>a</strong></span> <span class='ocrx_word' id='word_1_188' title='bbox 1541 1743 1643 1818; x_wconf 82' lang='lat' dir='ltr'><strong>praelc·</strong></span> 
     </span>
    </p>
   </div>
   <div class='ocr_carea' id='block_1_4' title="bbox 10 1634 1743 4582">
    <p class='ocr_par' dir='ltr' id='par_1_4' title="bbox 10 1634 1743 4189">
     <span class='ocr_line' id='line_1_16' title="bbox 10 1634 844 1724; baseline 0.01 -27"><span class='ocrx_word' id='word_1_189' title='bbox 10 1643 28 1679; x_wconf 78' lang='lat'><strong>²²</strong></span> <span class='ocrx_word' id='word_1_190' title='bbox 68 1638 139 1698; x_wconf 80' lang='grc' dir='ltr'>οὕτω</span> <span class='ocrx_word' id='word_1_191' title='bbox 156 1640 256 1719; x_wconf 80' lang='grc' dir='ltr'>λέγων·</span> <span class='ocrx_word' id='word_1_192' title='bbox 268 1647 332 1711; x_wconf 85' lang='grc' dir='ltr'>Ταῖς</span> <span class='ocrx_word' id='word_1_193' title='bbox 350 1644 417 1703; x_wconf 78' lang='grc' dir='ltr'>κατθ</span> <span class='ocrx_word' id='word_1_194' title='bbox 438 1643 560 1724; x_wconf 83' lang='grc' dir='ltr'>πρόθεσιν</span> <span class='ocrx_word' id='word_1_195' title='bbox 576 1634 727 1716; x_wconf 80' lang='grc' dir='ltr'>κλητοῖς</span> <span class='ocrx_word' id='word_1_196' title='bbox 697 1666 764 1703; x_wconf 91' lang='grc' dir='ltr'>συσι.</span> <span class='ocrx_word' id='word_1_197' title='bbox 776 1642 844 1705; x_wconf 64' lang='lat' dir='ltr'><strong>End</strong></span> 
     </span>
     <span class='ocr_line' id='line_1_17' title="bbox 10 1732 843 1820; baseline 0.006 -31"><span class='ocrx_word' id='word_1_198' title='bbox 10 1738 29 1773; x_wconf 76' lang='lat'><strong>¹=</strong></span> <span class='ocrx_word' id='word_1_199' title='bbox 68 1755 114 1791; x_wconf 89' lang='grc' dir='ltr'><strong>πει</strong></span> <span class='ocrx_word' id='word_1_200' title='bbox 129 1732 224 1815; x_wconf 79' lang='grc' dir='ltr'><strong>γὰρ</strong></span> <span class='ocrx_word' id='word_1_201' title='bbox 200 1739 243 1794; x_wconf 89' lang='grc' dir='ltr'>ευθ</span> <span class='ocrx_word' id='word_1_202' title='bbox 245 1733 294 1803; x_wconf 92' lang='grc' dir='ltr'><strong>ως</strong></span> <span class='ocrx_word' id='word_1_203' title='bbox 307 1735 415 1797; x_wconf 87' lang='grc' dir='ltr'><strong>απδ</strong></span> <span class='ocrx_word' id='word_1_204' title='bbox 382 1760 430 1807; x_wconf 84' lang='grc' dir='ltr'><strong>της</strong></span> <span class='ocrx_word' id='word_1_205' title='bbox 451 1737 596 1808; x_wconf 79' lang='grc' dir='ltr'>κλήσεως</span> <span class='ocrx_word' id='word_1_206' title='bbox 582 1734 652 1794; x_wconf 90' lang='grc' dir='ltr'><strong>τδεί</strong></span> <span class='ocrx_word' id='word_1_207' title='bbox 655 1734 775 1820; x_wconf 83' lang='grc' dir='ltr'>ρημίνσν.</span> <span class='ocrx_word' id='word_1_208' title='bbox 791 1733 843 1794; x_wconf 78' lang='lat' dir='ltr'><strong>dud</strong></span> 
     </span>
     <span class='ocr_line' id='line_1_18' title="bbox 11 1818 1640 1911; baseline 0.006 -30.33"><span class='ocrx_word' id='word_1_209' title='bbox 68 1846 96 1881; x_wconf 90' lang='grc' dir='ltr'><strong>τι</strong></span> <span class='ocrx_word' id='word_1_210' title='bbox 11 1818 199 1905; x_wconf 77' lang='grc' dir='ltr'>’γδρμ</span> <span class='ocrx_word' id='word_1_211' title='bbox 200 1824 217 1897; x_wconf 75' lang='grc' dir='ltr'>ἡ</span> <span class='ocrx_word' id='word_1_212' title='bbox 232 1825 476 1907; x_wconf 69' lang='grc' dir='ltr'>ςσῖργηςπαντας</span> <span class='ocrx_word' id='word_1_213' title='bbox 489 1824 674 1901; x_wconf 75' lang='grc' dir='ltr'>ἰκαλεσε,ἣ</span> <span class='ocrx_word' id='word_1_214' title='bbox 684 1826 752 1906; x_wconf 72' lang='grc' dir='ltr'>μηδὲ</span> <span class='ocrx_word' id='word_1_215' title='bbox 764 1825 841 1886; x_wconf 83' lang='grc' dir='ltr'>αὐτον</span> <span class='ocrx_word' id='word_1_216' title='bbox 896 1830 958 1890; x_wconf 82' lang='lat' dir='ltr'><strong>rius</strong></span> <span class='ocrx_word' id='word_1_217' title='bbox 972 1826 1042 1889; x_wconf 83' lang='lat' dir='ltr'><strong>illud</strong></span> <span class='ocrx_word' id='word_1_218' title='bbox 1059 1830 1210 1907; x_wconf 83' lang='lat' dir='ltr'><strong>confirmat,</strong></span> <span class='ocrx_word' id='word_1_219' title='bbox 1222 1829 1266 1888; x_wconf 91' lang='lat' dir='ltr'><strong>lus</strong></span> <span class='ocrx_word' id='word_1_220' title='bbox 1279 1829 1391 1889; x_wconf 81' lang='lat' dir='ltr'><strong>verbis</strong></span> <span class='ocrx_word' id='word_1_221' title='bbox 1384 1833 1448 1889; x_wconf 86' lang='lat' dir='ltr'><strong>·Iis</strong></span> <span class='ocrx_word' id='word_1_222' title='bbox 1463 1834 1516 1911; x_wconf 78' lang='grc' dir='ltr'>ραι·</span> <span class='ocrx_word' id='word_1_223' title='bbox 1534 1850 1640 1890; x_wconf 81' lang='lat' dir='ltr'><strong>sccun-</strong></span> 
     </span>
     <span class='ocr_line' id='line_1_19' title="bbox 10 1909 1641 2026; baseline 0.007 -54.42"><span class='ocrx_word' id='word_1_224' title='bbox 10 1914 178 1974; x_wconf 82' lang='grc' dir='ltr'><strong>Ι·Παῦλσν</strong></span> <span class='ocrx_word' id='word_1_225' title='bbox 193 1941 243 1994; x_wconf 87' lang='grc' dir='ltr'>μετ</span> <span class='ocrx_word' id='word_1_226' title='bbox 232 1916 323 1977; x_wconf 85' lang='grc' dir='ltr'>διτῶν</span> <span class='ocrx_word' id='word_1_227' title='bbox 338 1919 424 1978; x_wconf 84' lang='grc' dir='ltr'>αλλων</span> <span class='ocrx_word' id='word_1_228' title='bbox 436 1917 507 1978; x_wconf 64' lang='lat' dir='ltr'><strong>root·</strong></span> <span class='ocrx_word' id='word_1_229' title='bbox 485 1943 570 1994; x_wconf 81' lang='grc' dir='ltr'>ιοσνς,</span> <span class='ocrx_word' id='word_1_230' title='bbox 557 1909 672 1980; x_wconf 70' lang='lat' dir='ltr'><strong>otbto&#39;u</strong></span> <span class='ocrx_word' id='word_1_231' title='bbox 662 1923 710 1990; x_wconf 80' lang='grc' dir='ltr'>ειὴ</span> <span class='ocrx_word' id='word_1_232' title='bbox 724 1917 841 1991; x_wconf 78' lang='grc' dir='ltr'>σίναόολή</span> <span class='ocrx_word' id='word_1_233' title='bbox 897 1923 966 1981; x_wconf 84' lang='lat' dir='ltr'><strong>dum</strong></span> <span class='ocrx_word' id='word_1_234' title='bbox 983 1926 1163 2026; x_wconf 77' lang='lat' dir='ltr'><strong>propositum</strong></span> <span class='ocrx_word' id='word_1_235' title='bbox 1185 1926 1289 1982; x_wconf 79' lang='lat' dir='ltr'><strong>vocati</strong></span> <span class='ocrx_word' id='word_1_236' title='bbox 1311 1933 1390 1982; x_wconf 80' lang='lat' dir='ltr'><strong>sunt.</strong></span> <span class='ocrx_word' id='word_1_237' title='bbox 1412 1921 1553 2003; x_wconf 86' lang='lat' dir='ltr'><strong>Perpende</strong></span> <span class='ocrx_word' id='word_1_238' title='bbox 1569 1922 1641 1983; x_wconf 86' lang='lat' dir='ltr'><strong>enim</strong></span> 
     </span>
     <span class='ocr_line' id='line_1_20' title="bbox 10 2000 1642 2118; baseline 0.007 -53"><span class='ocrx_word' id='word_1_239' title='bbox 10 2021 32 2054; x_wconf 71' lang='lat'><strong>¹²</strong></span> <span class='ocrx_word' id='word_1_240' title='bbox 71 2000 246 2086; x_wconf 82' lang='grc' dir='ltr'>ἰπιζηρισς</span> <span class='ocrx_word' id='word_1_241' title='bbox 221 2034 304 2085; x_wconf 87' lang='grc' dir='ltr'>ειναι,</span> <span class='ocrx_word' id='word_1_242' title='bbox 314 2011 384 2072; x_wconf 81' lang='grc' dir='ltr'>Ἀλλ’</span> <span class='ocrx_word' id='word_1_243' title='bbox 396 2011 468 2090; x_wconf 71' lang='grc' dir='ltr'>ὅμως</span> <span class='ocrx_word' id='word_1_244' title='bbox 479 2011 546 2071; x_wconf 75' lang='lat' dir='ltr'><strong>io</strong></span> <span class='ocrx_word' id='word_1_245' title='bbox 509 2035 534 2069; x_wconf 90' lang='grc' dir='ltr'>ι</span> <span class='ocrx_word' id='word_1_246' title='bbox 531 2016 582 2091; x_wconf 71' lang='grc' dir='ltr'>,οθη</span> <span class='ocrx_word' id='word_1_247' title='bbox 596 2009 689 2070; x_wconf 81' lang='grc' dir='ltr'>οιδι</span> <span class='ocrx_word' id='word_1_248' title='bbox 653 2034 705 2070; x_wconf 89' lang='grc' dir='ltr'><strong>των</strong></span> <span class='ocrx_word' id='word_1_249' title='bbox 716 2009 842 2093; x_wconf 81' lang='grc' dir='ltr'>πραγμό</span> <span class='ocrx_word' id='word_1_250' title='bbox 896 2012 948 2073; x_wconf 90' lang='lat' dir='ltr'><strong>boc</strong></span> <span class='ocrx_word' id='word_1_251' title='bbox 967 2014 1058 2073; x_wconf 82' lang='lat' dir='ltr'><strong>statim</strong></span> <span class='ocrx_word' id='word_1_252' title='bbox 1072 2014 1137 2075; x_wconf 89' lang='lat' dir='ltr'><strong>ab</strong></span> <span class='ocrx_word' id='word_1_253' title='bbox 1128 2035 1187 2118; x_wconf 77' lang='grc' dir='ltr'>ιρεα</span> <span class='ocrx_word' id='word_1_254' title='bbox 1210 2014 1349 2076; x_wconf 81' lang='lat' dir='ltr'><strong>vocatione</strong></span> <span class='ocrx_word' id='word_1_255' title='bbox 1365 2013 1478 2073; x_wconf 89' lang='lat' dir='ltr'><strong>dictum.</strong></span> <span class='ocrx_word' id='word_1_256' title='bbox 1493 2015 1549 2075; x_wconf 87' lang='lat' dir='ltr'><strong>Cor</strong></span> <span class='ocrx_word' id='word_1_257' title='bbox 1568 2015 1642 2082; x_wconf 84' lang='lat' dir='ltr'><strong>enim</strong></span> 
     </span>
     <span class='ocr_line' id='line_1_21' title="bbox 10 2062 1642 2186; baseline 0.007 -29"><span class='ocrx_word' id='word_1_258' title='bbox 10 2092 31 2166; x_wconf 61' lang='lat' dir='ltr'><strong>&#39;n</strong></span> <span class='ocrx_word' id='word_1_259' title='bbox 70 2123 133 2172; x_wconf 91' lang='grc' dir='ltr'>των,</span> <span class='ocrx_word' id='word_1_260' title='bbox 147 2101 187 2159; x_wconf 86' lang='grc' dir='ltr'><strong>ότι</strong></span> <span class='ocrx_word' id='word_1_261' title='bbox 201 2101 341 2182; x_wconf 80' lang='grc' dir='ltr'>χρησίμως</span> <span class='ocrx_word' id='word_1_262' title='bbox 357 2128 385 2183; x_wconf 81' lang='grc' dir='ltr'><strong>γε</strong></span> <span class='ocrx_word' id='word_1_263' title='bbox 374 2103 456 2182; x_wconf 68' lang='grc' dir='ltr'>ἰγσνε</span> <span class='ocrx_word' id='word_1_264' title='bbox 473 2062 633 2182; x_wconf 75' lang='grc' dir='ltr'>Πρόθεσινδ</span> <span class='ocrx_word' id='word_1_265' title='bbox 619 2101 776 2182; x_wconf 69' lang='grc' dir='ltr'>δὲένταυθσί</span> <span class='ocrx_word' id='word_1_266' title='bbox 792 2126 843 2182; x_wconf 82' lang='grc' dir='ltr'>ρη-</span> <span class='ocrx_word' id='word_1_267' title='bbox 859 2117 949 2164; x_wconf 88' lang='lat' dir='ltr'><strong>Bnon</strong></span> <span class='ocrx_word' id='word_1_268' title='bbox 971 2104 1062 2164; x_wconf 88' lang='lat' dir='ltr'><strong>statim</strong></span> <span class='ocrx_word' id='word_1_269' title='bbox 1083 2105 1148 2165; x_wconf 90' lang='lat' dir='ltr'><strong>ab</strong></span> <span class='ocrx_word' id='word_1_270' title='bbox 1139 2105 1218 2165; x_wconf 86' lang='lat' dir='ltr'><strong>tuitio</strong></span> <span class='ocrx_word' id='word_1_271' title='bbox 1237 2125 1328 2165; x_wconf 85' lang='lat' dir='ltr'><strong>omnes</strong></span> <span class='ocrx_word' id='word_1_272' title='bbox 1347 2106 1471 2182; x_wconf 77' lang='lat' dir='ltr'><strong>vocavit,</strong></span> <span class='ocrx_word' id='word_1_273' title='bbox 1486 2119 1534 2165; x_wconf 88' lang='lat' dir='ltr'><strong>aut</strong></span> <span class='ocrx_word' id='word_1_274' title='bbox 1556 2126 1642 2186; x_wconf 82' lang='lat' dir='ltr'><strong>nequo</strong></span> 
     </span>
     <span class='ocr_line' id='line_1_22' title="bbox 10 2150 1640 2277; baseline 0.006 -28"><span class='ocrx_word' id='word_1_275' title='bbox 10 2187 33 2241; x_wconf 71' lang='grc' dir='ltr'><strong>ἓν</strong></span> <span class='ocrx_word' id='word_1_276' title='bbox 70 2213 122 2260; x_wconf 89' lang='grc' dir='ltr'>σιν,</span> <span class='ocrx_word' id='word_1_277' title='bbox 132 2189 175 2250; x_wconf 83' lang='grc' dir='ltr'>ἵνα</span> <span class='ocrx_word' id='word_1_278' title='bbox 190 2191 227 2271; x_wconf 76' lang='grc' dir='ltr'><strong>μὴ</strong></span> <span class='ocrx_word' id='word_1_279' title='bbox 240 2193 389 2253; x_wconf 80' lang='grc' dir='ltr'>δπᾶν</span> <span class='ocrx_word' id='word_1_280' title='bbox 357 2219 390 2274; x_wconf 80' lang='grc' dir='ltr'><strong>τη</strong></span> <span class='ocrx_word' id='word_1_281' title='bbox 402 2195 545 2267; x_wconf 86' lang='grc' dir='ltr'>κλησι</span> <span class='ocrx_word' id='word_1_282' title='bbox 530 2199 581 2274; x_wconf 77' lang='grc' dir='ltr'><strong>οὔ</strong></span> <span class='ocrx_word' id='word_1_283' title='bbox 603 2193 661 2253; x_wconf 74' lang='grc' dir='ltr'>ἐπεὶ</span> <span class='ocrx_word' id='word_1_284' title='bbox 674 2192 756 2261; x_wconf 85' lang='grc' dir='ltr'>σθτως</span> <span class='ocrx_word' id='word_1_285' title='bbox 767 2193 844 2272; x_wconf 81' lang='grc' dir='ltr'>ἔμελ</span> <span class='ocrx_word' id='word_1_286' title='bbox 897 2197 988 2277; x_wconf 87' lang='lat' dir='ltr'><strong>ipsum</strong></span> <span class='ocrx_word' id='word_1_287' title='bbox 1003 2197 1119 2257; x_wconf 88' lang='lat' dir='ltr'><strong>Paulum</strong></span> <span class='ocrx_word' id='word_1_288' title='bbox 1135 2217 1197 2255; x_wconf 85' lang='lat' dir='ltr'><strong>eom</strong></span> <span class='ocrx_word' id='word_1_289' title='bbox 1210 2195 1283 2269; x_wconf 85' lang='lat' dir='ltr'><strong>alus,</strong></span> <span class='ocrx_word' id='word_1_290' title='bbox 1298 2217 1359 2254; x_wconf 89' lang='lat' dir='ltr'><strong>cum</strong></span> <span class='ocrx_word' id='word_1_291' title='bbox 1372 2196 1431 2254; x_wconf 87' lang='lat' dir='ltr'><strong>baec</strong></span> <span class='ocrx_word' id='word_1_292' title='bbox 1452 2150 1548 2256; x_wconf 83' lang='lat' dir='ltr'><strong>dilatio</strong></span> <span class='ocrx_word' id='word_1_293' title='bbox 1563 2197 1640 2258; x_wconf 81' lang='lat' dir='ltr'><strong>vide·</strong></span> 
     </span>
     <span class='ocr_line' id='line_1_23' title="bbox 10 2281 1642 2369; baseline 0.002 -24"><span class='ocrx_word' id='word_1_294' title='bbox 10 2301 33 2345; x_wconf 72' lang='lat' dir='ltr'><strong>:t</strong></span> <span class='ocrx_word' id='word_1_295' title='bbox 53 2283 115 2341; x_wconf 93' lang='grc' dir='ltr'><strong>λον</strong></span> <span class='ocrx_word' id='word_1_296' title='bbox 130 2282 176 2342; x_wconf 86' lang='grc' dir='ltr'>καί</span> <span class='ocrx_word' id='word_1_297' title='bbox 192 2282 360 2358; x_wconf 62' lang='grc' dir='ltr'><strong>υἘλληνες</strong></span> <span class='ocrx_word' id='word_1_298' title='bbox 345 2286 490 2365; x_wconf 83' lang='grc' dir='ltr'>αντιλέγειν</span> <span class='ocrx_word' id='word_1_299' title='bbox 505 2287 549 2345; x_wconf 82' lang='grc' dir='ltr'>καὶ</span> <span class='ocrx_word' id='word_1_300' title='bbox 563 2286 694 2347; x_wconf 79' lang='grc' dir='ltr'>Ἰουδαῖοι.</span> <span class='ocrx_word' id='word_1_301' title='bbox 711 2288 746 2346; x_wconf 84' lang='grc' dir='ltr'><strong>Εἰ</strong></span> <span class='ocrx_word' id='word_1_302' title='bbox 761 2285 843 2368; x_wconf 77' lang='grc' dir='ltr'>γὰρὴ</span> <span class='ocrx_word' id='word_1_303' title='bbox 896 2301 972 2347; x_wconf 88' lang='lat' dir='ltr'><strong>retur</strong></span> <span class='ocrx_word' id='word_1_304' title='bbox 990 2286 1118 2347; x_wconf 88' lang='lat' dir='ltr'><strong>damnosa</strong></span> <span class='ocrx_word' id='word_1_305' title='bbox 1132 2286 1348 2346; x_wconf 69' lang='lat' dir='ltr'><strong>esselalttamen</strong></span> <span class='ocrx_word' id='word_1_306' title='bbox 1368 2306 1398 2345; x_wconf 88' lang='lat' dir='ltr'><strong>re</strong></span> <span class='ocrx_word' id='word_1_307' title='bbox 1413 2285 1470 2367; x_wconf 84' lang='lat' dir='ltr'><strong>ipsa</strong></span> <span class='ocrx_word' id='word_1_308' title='bbox 1483 2281 1642 2369; x_wconf 71' lang='grc' dir='ltr'>συναίρεσθα-</span> 
     </span>
     <span class='ocr_line' id='line_1_24' title="bbox 17 2375 1641 2462; baseline 0.006 -30"><span class='ocrx_word' id='word_1_309' title='bbox 17 2375 34 2429; x_wconf 71' lang='lat' dir='ltr'><strong>&#39;e</strong></span> <span class='ocrx_word' id='word_1_310' title='bbox 69 2375 210 2459; x_wconf 83' lang='grc' dir='ltr'>κλῆσιςῆρ</span> <span class='ocrx_word' id='word_1_311' title='bbox 211 2400 251 2437; x_wconf 86' lang='grc' dir='ltr'><strong>κει</strong></span> <span class='ocrx_word' id='word_1_312' title='bbox 263 2375 350 2455; x_wconf 90' lang='grc' dir='ltr'>μόνον,</span> <span class='ocrx_word' id='word_1_313' title='bbox 362 2376 431 2448; x_wconf 90' lang='grc' dir='ltr'>τίνος</span> <span class='ocrx_word' id='word_1_314' title='bbox 441 2381 527 2438; x_wconf 84' lang='grc' dir='ltr'>ἕνεκεν</span> <span class='ocrx_word' id='word_1_315' title='bbox 539 2380 568 2436; x_wconf 87' lang='grc' dir='ltr'><strong>οὐ</strong></span> <span class='ocrx_word' id='word_1_316' title='bbox 580 2378 677 2443; x_wconf 83' lang='grc' dir='ltr'>πάντες</span> <span class='ocrx_word' id='word_1_317' title='bbox 690 2379 843 2453; x_wconf 74' lang='grc' dir='ltr'>ἔσώθητανς</span> <span class='ocrx_word' id='word_1_318' title='bbox 896 2393 956 2439; x_wconf 90' lang='lat' dir='ltr'><strong>tum</strong></span> <span class='ocrx_word' id='word_1_319' title='bbox 975 2393 1026 2454; x_wconf 86' lang='lat' dir='ltr'><strong>est,</strong></span> <span class='ocrx_word' id='word_1_320' title='bbox 1053 2379 1083 2440; x_wconf 93' lang='lat' dir='ltr'><strong>id</strong></span> <span class='ocrx_word' id='word_1_321' title='bbox 1103 2379 1209 2439; x_wconf 85' lang='lat' dir='ltr'><strong>utiliter</strong></span> <span class='ocrx_word' id='word_1_322' title='bbox 1231 2379 1332 2438; x_wconf 79' lang='lat' dir='ltr'><strong>lactum</strong></span> <span class='ocrx_word' id='word_1_323' title='bbox 1352 2377 1445 2441; x_wconf 82' lang='lat' dir='ltr'><strong>luisse.</strong></span> <span class='ocrx_word' id='word_1_324' title='bbox 1469 2379 1641 2462; x_wconf 85' lang='lat' dir='ltr'><strong>Propositum</strong></span> 
     </span>
     <span class='ocr_line' id='line_1_25' title="bbox 18 2465 1666 2582; baseline 0.007 -62"><span class='ocrx_word' id='word_1_325' title='bbox 18 2467 34 2520; x_wconf 75' lang='lat' dir='ltr'><strong>o</strong></span> <span class='ocrx_word' id='word_1_326' title='bbox 69 2465 123 2525; x_wconf 79' lang='grc' dir='ltr'><strong>Διδ</strong></span> <span class='ocrx_word' id='word_1_327' title='bbox 133 2468 210 2528; x_wconf 86' lang='grc' dir='ltr'>τουτό</span> <span class='ocrx_word' id='word_1_328' title='bbox 221 2492 309 2548; x_wconf 82' lang='grc' dir='ltr'>φησιν,</span> <span class='ocrx_word' id='word_1_329' title='bbox 321 2470 363 2530; x_wconf 84' lang='grc' dir='ltr'><strong>ότι</strong></span> <span class='ocrx_word' id='word_1_330' title='bbox 373 2474 449 2550; x_wconf 82' lang='grc' dir='ltr'><strong>οθχή</strong></span> <span class='ocrx_word' id='word_1_331' title='bbox 462 2471 554 2541; x_wconf 76' lang='grc' dir='ltr'>κὶησις</span> <span class='ocrx_word' id='word_1_332' title='bbox 572 2468 659 2582; x_wconf 81' lang='grc' dir='ltr'>μόνρν,</span> <span class='ocrx_word' id='word_1_333' title='bbox 670 2470 739 2529; x_wconf 84' lang='grc' dir='ltr'>ἀλλθι</span> <span class='ocrx_word' id='word_1_334' title='bbox 758 2468 804 2529; x_wconf 83' lang='grc' dir='ltr'>καὶ</span> <span class='ocrx_word' id='word_1_335' title='bbox 824 2475 872 2544; x_wconf 76' lang='grc' dir='ltr'><strong>ἡ</strong></span> <span class='ocrx_word' id='word_1_336' title='bbox 897 2485 986 2532; x_wconf 85' lang='lat' dir='ltr'><strong>antem</strong></span> <span class='ocrx_word' id='word_1_337' title='bbox 1005 2472 1050 2531; x_wconf 89' lang='lat' dir='ltr'><strong>bic</strong></span> <span class='ocrx_word' id='word_1_338' title='bbox 1063 2470 1143 2549; x_wconf 86' lang='lat' dir='ltr'><strong>dicit,</strong></span> <span class='ocrx_word' id='word_1_339' title='bbox 1162 2483 1239 2530; x_wconf 89' lang='lat' dir='ltr'><strong>utne</strong></span> <span class='ocrx_word' id='word_1_340' title='bbox 1254 2482 1342 2529; x_wconf 88' lang='lat' dir='ltr'><strong>totum</strong></span> <span class='ocrx_word' id='word_1_341' title='bbox 1360 2469 1494 2531; x_wconf 82' lang='lat' dir='ltr'><strong>vocationi</strong></span> <span class='ocrx_word' id='word_1_342' title='bbox 1509 2470 1641 2532; x_wconf 87' lang='lat' dir='ltr'><strong>tribuere-</strong></span> <span class='ocrx_word' id='word_1_343' title='bbox 1664 2527 1666 2531; x_wconf 93' lang='lat'>.</span> 
     </span>
     <span class='ocr_line' id='line_1_26' title="bbox 10 2557 1643 2677; baseline 0.006 -62"><span class='ocrx_word' id='word_1_344' title='bbox 10 2557 32 2628; x_wconf 77' lang='lat' dir='ltr'><strong>ri</strong></span> <span class='ocrx_word' id='word_1_345' title='bbox 68 2559 240 2677; x_wconf 86' lang='grc' dir='ltr'>πρόθεσις</span> <span class='ocrx_word' id='word_1_346' title='bbox 205 2583 257 2620; x_wconf 86' lang='grc' dir='ltr'><strong>των</strong></span> <span class='ocrx_word' id='word_1_347' title='bbox 271 2562 389 2639; x_wconf 79' lang='grc' dir='ltr'>καλουμέ</span> <span class='ocrx_word' id='word_1_348' title='bbox 379 2587 485 2621; x_wconf 81' lang='grc' dir='ltr'>νωντ</span> <span class='ocrx_word' id='word_1_349' title='bbox 463 2563 511 2636; x_wconf 77' lang='grc' dir='ltr'><strong>την</strong></span> <span class='ocrx_word' id='word_1_350' title='bbox 533 2560 665 2642; x_wconf 84' lang='grc' dir='ltr'>σωτηρίαν</span> <span class='ocrx_word' id='word_1_351' title='bbox 683 2560 847 2667; x_wconf 78' lang='grc' dir='ltr'>εἰργάσατο</span> <span class='ocrx_word' id='word_1_352' title='bbox 896 2577 941 2622; x_wconf 91' lang='lat' dir='ltr'><strong>tur</strong></span> <span class='ocrx_word' id='word_1_353' title='bbox 956 2587 963 2621; x_wconf 78' lang='grc' dir='ltr'>ι</span> <span class='ocrx_word' id='word_1_354' title='bbox 978 2562 1099 2643; x_wconf 90' lang='lat' dir='ltr'><strong>alioquin</strong></span> <span class='ocrx_word' id='word_1_355' title='bbox 1114 2562 1312 2622; x_wconf 76' lang='lat' dir='ltr'><strong>recusaturum</strong></span> <span class='ocrx_word' id='word_1_356' title='bbox 1327 2574 1393 2634; x_wconf 83' lang='lat' dir='ltr'><strong>erat,</strong></span> <span class='ocrx_word' id='word_1_357' title='bbox 1408 2572 1479 2620; x_wconf 88' lang='lat' dir='ltr'><strong>utet</strong></span> <span class='ocrx_word' id='word_1_358' title='bbox 1492 2561 1643 2642; x_wconf 81' lang='lat' dir='ltr'><strong>gentileset</strong></span> 
     </span>
     <span class='ocr_line' id='line_1_27' title="bbox 10 2635 1642 2735; baseline 0 -16"><span class='ocrx_word' id='word_1_359' title='bbox 10 2652 29 2724; x_wconf 69' lang='lat' dir='ltr'><strong>ei</strong></span> <span class='ocrx_word' id='word_1_360' title='bbox 69 2675 100 2712; x_wconf 80' lang='grc' dir='ltr'>ου</span> <span class='ocrx_word' id='word_1_361' title='bbox 88 2651 166 2731; x_wconf 64' lang='lat' dir='ltr'><strong>’alp</strong></span> <span class='ocrx_word' id='word_1_362' title='bbox 186 2653 375 2733; x_wconf 57' lang='grc' dir='ltr'>ἠναγκασμένη</span> <span class='ocrx_word' id='word_1_363' title='bbox 395 2653 499 2733; x_wconf 66' lang='grc' dir='ltr'>γέγονεν</span> <span class='ocrx_word' id='word_1_364' title='bbox 524 2656 589 2725; x_wconf 77' lang='grc' dir='ltr'>θ</span> <span class='ocrx_word' id='word_1_365' title='bbox 563 2659 656 2726; x_wconf 63' lang='lat' dir='ltr'><strong>&gt;taint</strong></span> <span class='ocrx_word' id='word_1_366' title='bbox 677 2653 736 2714; x_wconf 76' lang='grc' dir='ltr'>ὠδὲ</span> <span class='ocrx_word' id='word_1_367' title='bbox 751 2635 847 2735; x_wconf 83' lang='grc' dir='ltr'>βεόιὰ·</span> <span class='ocrx_word' id='word_1_368' title='bbox 896 2658 986 2721; x_wconf 82' lang='lat' dir='ltr'><strong>Judaei</strong></span> <span class='ocrx_word' id='word_1_369' title='bbox 1002 2657 1221 2719; x_wconf 70' lang='lat' dir='ltr'><strong>contradicerent</strong></span> <span class='ocrx_word' id='word_1_370' title='bbox 1240 2658 1269 2717; x_wconf 90' lang='lat' dir='ltr'><strong>Si</strong></span> <span class='ocrx_word' id='word_1_371' title='bbox 1289 2655 1362 2716; x_wconf 90' lang='lat' dir='ltr'><strong>enim</strong></span> <span class='ocrx_word' id='word_1_372' title='bbox 1374 2656 1431 2717; x_wconf 87' lang='lat' dir='ltr'><strong>sola</strong></span> <span class='ocrx_word' id='word_1_373' title='bbox 1446 2658 1552 2718; x_wconf 78' lang='lat' dir='ltr'><strong>vocatio</strong></span> <span class='ocrx_word' id='word_1_374' title='bbox 1565 2659 1642 2719; x_wconf 85' lang='lat' dir='ltr'><strong>sulfi-</strong></span> 
     </span>
     <span class='ocr_line' id='line_1_28' title="bbox 11 2746 1639 2831; baseline 0.003 -25.183"><span class='ocrx_word' id='word_1_375' title='bbox 11 2746 166 2824; x_wconf 78' lang='grc' dir='ltr'>ί’.σμίνη</span> <span class='ocrx_word' id='word_1_376' title='bbox 179 2746 354 2826; x_wconf 79' lang='grc' dir='ltr'>Πάντεςγοῢν</span> <span class='ocrx_word' id='word_1_377' title='bbox 374 2747 536 2821; x_wconf 65' lang='grc' dir='ltr'>ἐκλήθησαν,</span> <span class='ocrx_word' id='word_1_378' title='bbox 550 2750 650 2807; x_wconf 69' lang='grc' dir='ltr'><strong>ἀλλΗ</strong></span> <span class='ocrx_word' id='word_1_379' title='bbox 624 2772 654 2807; x_wconf 92' lang='grc' dir='ltr'><strong>ου</strong></span> <span class='ocrx_word' id='word_1_380' title='bbox 669 2771 765 2816; x_wconf 88' lang='grc' dir='ltr'>παντες</span> <span class='ocrx_word' id='word_1_381' title='bbox 774 2747 842 2821; x_wconf 68' lang='lat' dir='ltr'><strong>baral</strong></span> <span class='ocrx_word' id='word_1_382' title='bbox 897 2751 995 2829; x_wconf 85' lang='lat' dir='ltr'><strong>ciebat,</strong></span> <span class='ocrx_word' id='word_1_383' title='bbox 1010 2772 1059 2811; x_wconf 92' lang='lat' dir='ltr'><strong>cur</strong></span> <span class='ocrx_word' id='word_1_384' title='bbox 1069 2770 1122 2810; x_wconf 89' lang='lat' dir='ltr'><strong>non</strong></span> <span class='ocrx_word' id='word_1_385' title='bbox 1136 2771 1229 2811; x_wconf 88' lang='lat' dir='ltr'><strong>omnes</strong></span> <span class='ocrx_word' id='word_1_386' title='bbox 1247 2748 1316 2810; x_wconf 83' lang='lat' dir='ltr'><strong>salvi</strong></span> <span class='ocrx_word' id='word_1_387' title='bbox 1329 2749 1393 2808; x_wconf 85' lang='lat' dir='ltr'><strong>sacti</strong></span> <span class='ocrx_word' id='word_1_388' title='bbox 1412 2749 1494 2809; x_wconf 73' lang='lat' dir='ltr'><strong>sunt?</strong></span> <span class='ocrx_word' id='word_1_389' title='bbox 1507 2746 1588 2812; x_wconf 85' lang='lat' dir='ltr'><strong>ldeo</strong></span> <span class='ocrx_word' id='word_1_390' title='bbox 1590 2751 1639 2831; x_wconf 84' lang='lat' dir='ltr'><strong>ait,</strong></span> 
     </span>
     <span class='ocr_line' id='line_1_29' title="bbox 13 2838 1641 2952; baseline 0.006 -55"><span class='ocrx_word' id='word_1_391' title='bbox 13 2856 19 2888; x_wconf 79' lang='lat'><em>¹</em></span> <span class='ocrx_word' id='word_1_392' title='bbox 67 2861 178 2899; x_wconf 85' lang='grc' dir='ltr'>κσυσαν.</span> <span class='ocrx_word' id='word_1_393' title='bbox 193 2838 257 2899; x_wconf 86' lang='grc' dir='ltr'><strong>Ὅτι</strong></span> <span class='ocrx_word' id='word_1_394' title='bbox 280 2839 325 2906; x_wconf 85' lang='grc' dir='ltr'><strong>σθς</strong></span> <span class='ocrx_word' id='word_1_395' title='bbox 345 2839 481 2920; x_wconf 85' lang='grc' dir='ltr'>προέγνω,</span> <span class='ocrx_word' id='word_1_396' title='bbox 501 2839 546 2898; x_wconf 87' lang='grc' dir='ltr'>καί</span> <span class='ocrx_word' id='word_1_397' title='bbox 567 2839 699 2920; x_wconf 80' lang='grc' dir='ltr'>πρσιθρισε</span> <span class='ocrx_word' id='word_1_398' title='bbox 717 2839 842 2922; x_wconf 85' lang='grc' dir='ltr'>συμμόρ·</span> <span class='ocrx_word' id='word_1_399' title='bbox 896 2867 949 2906; x_wconf 90' lang='lat' dir='ltr'><strong>non</strong></span> <span class='ocrx_word' id='word_1_400' title='bbox 969 2847 1137 2908; x_wconf 77' lang='lat' dir='ltr'><strong>vocationem</strong></span> <span class='ocrx_word' id='word_1_401' title='bbox 1158 2858 1272 2918; x_wconf 87' lang='lat' dir='ltr'><strong>tantum,</strong></span> <span class='ocrx_word' id='word_1_402' title='bbox 1296 2841 1344 2904; x_wconf 86' lang='lat' dir='ltr'><strong>sed</strong></span> <span class='ocrx_word' id='word_1_403' title='bbox 1361 2843 1442 2904; x_wconf 89' lang='lat' dir='ltr'><strong>etiam</strong></span> <span class='ocrx_word' id='word_1_404' title='bbox 1461 2843 1641 2952; x_wconf 80' lang='lat' dir='ltr'><strong>propositum,</strong></span> 
     </span>
     <span class='ocr_line' id='line_1_30' title="bbox 10 2921 1640 3014; baseline 0 -16"><span class='ocrx_word' id='word_1_405' title='bbox 10 2929 13 2960; x_wconf 78' lang='lat'>²</span> <span class='ocrx_word' id='word_1_406' title='bbox 65 2953 132 3010; x_wconf 67' lang='lat' dir='ltr'><strong>&lt;tows</strong></span> <span class='ocrx_word' id='word_1_407' title='bbox 144 2935 191 3003; x_wconf 67' lang='grc' dir='ltr'><strong>τῆς</strong></span> <span class='ocrx_word' id='word_1_408' title='bbox 206 2930 361 2998; x_wconf 71' lang='grc' dir='ltr'>εἶκόνοςτοῦ</span> <span class='ocrx_word' id='word_1_409' title='bbox 376 2932 440 2991; x_wconf 76' lang='grc' dir='ltr'>Υίοῦ</span> <span class='ocrx_word' id='word_1_410' title='bbox 455 2934 543 2991; x_wconf 70' lang='grc' dir='ltr'>αὐτοῦ·</span> <span class='ocrx_word' id='word_1_411' title='bbox 557 2921 635 2999; x_wconf 69' lang='grc' dir='ltr'>Εἶδες</span> <span class='ocrx_word' id='word_1_412' title='bbox 654 2935 733 3008; x_wconf 69' lang='grc' dir='ltr'>τιμῆς</span> <span class='ocrx_word' id='word_1_413' title='bbox 747 2931 841 3012; x_wconf 54' lang='lat' dir='ltr'><strong>danem</strong></span> <span class='ocrx_word' id='word_1_414' title='bbox 896 2934 1325 2997; x_wconf 82' lang='lat' dir='ltr'><strong>vocatorumsalutemcllecisse:</strong></span> <span class='ocrx_word' id='word_1_415' title='bbox 1340 2921 1511 3014; x_wconf 88' lang='lat' dir='ltr'><strong>nequeenim</strong></span> <span class='ocrx_word' id='word_1_416' title='bbox 1526 2938 1640 2998; x_wconf 82' lang='lat' dir='ltr'><strong>necessi·</strong></span> 
     </span>
     <span class='ocr_line' id='line_1_31' title="bbox 65 3013 1638 3109; baseline 0.002 -21"><span class='ocrx_word' id='word_1_417' title='bbox 65 3020 159 3101; x_wconf 78' lang='grc' dir='ltr'>Ὅπερ</span> <span class='ocrx_word' id='word_1_418' title='bbox 171 3021 253 3102; x_wconf 61' lang='lat' dir='ltr'><strong>altpt</strong></span> <span class='ocrx_word' id='word_1_419' title='bbox 275 3021 427 3103; x_wconf 74' lang='grc' dir='ltr'>Μονογενθτ</span> <span class='ocrx_word' id='word_1_420' title='bbox 440 3013 472 3095; x_wconf 67' lang='grc' dir='ltr'><strong>ἦν</strong></span> <span class='ocrx_word' id='word_1_421' title='bbox 493 3020 569 3102; x_wconf 75' lang='grc' dir='ltr'>φύσει</span> <span class='ocrx_word' id='word_1_422' title='bbox 575 3067 585 3100; x_wconf 86' lang='grc'>,</span> <span class='ocrx_word' id='word_1_423' title='bbox 608 3028 686 3082; x_wconf 80' lang='grc' dir='ltr'>τοῦτο</span> <span class='ocrx_word' id='word_1_424' title='bbox 705 3023 752 3082; x_wconf 88' lang='grc' dir='ltr'>καί</span> <span class='ocrx_word' id='word_1_425' title='bbox 769 3024 842 3086; x_wconf 78' lang='grc' dir='ltr'>αὐτοί</span> <span class='ocrx_word' id='word_1_426' title='bbox 897 3044 977 3090; x_wconf 86' lang='lat' dir='ltr'><strong>tatem</strong></span> <span class='ocrx_word' id='word_1_427' title='bbox 996 3029 1089 3089; x_wconf 86' lang='lat' dir='ltr'><strong>intulit</strong></span> <span class='ocrx_word' id='word_1_428' title='bbox 1101 3029 1216 3091; x_wconf 81' lang='lat' dir='ltr'><strong>vocatio.</strong></span> <span class='ocrx_word' id='word_1_429' title='bbox 1230 3028 1381 3088; x_wconf 67' lang='lat' dir='ltr'><strong>Omnes‘e</strong></span> <span class='ocrx_word' id='word_1_430' title='bbox 1353 3028 1436 3107; x_wconf 79' lang='lat' dir='ltr'><strong>igitur</strong></span> <span class='ocrx_word' id='word_1_431' title='bbox 1455 3042 1518 3089; x_wconf 90' lang='lat' dir='ltr'><strong>suut</strong></span> <span class='ocrx_word' id='word_1_432' title='bbox 1534 3031 1638 3109; x_wconf 78' lang='lat' dir='ltr'><strong>vocati,</strong></span> 
     </span>
     <span class='ocr_line' id='line_1_32' title="bbox 63 3112 1640 3203; baseline 0.008 -31"><span class='ocrx_word' id='word_1_433' title='bbox 63 3112 193 3193; x_wconf 85' lang='grc' dir='ltr'>γεγόνασι</span> <span class='ocrx_word' id='word_1_434' title='bbox 205 3114 272 3173; x_wconf 76' lang='grc' dir='ltr'>κατὰ</span> <span class='ocrx_word' id='word_1_435' title='bbox 289 3113 377 3195; x_wconf 77' lang='grc' dir='ltr'>χάριν.</span> <span class='ocrx_word' id='word_1_436' title='bbox 389 3113 460 3174; x_wconf 76' lang='grc' dir='ltr'>Ἀλλ’</span> <span class='ocrx_word' id='word_1_437' title='bbox 471 3113 542 3191; x_wconf 77' lang='grc' dir='ltr'>ὅμως</span> <span class='ocrx_word' id='word_1_438' title='bbox 556 3117 604 3175; x_wconf 74' lang='grc' dir='ltr'>οθκ</span> <span class='ocrx_word' id='word_1_439' title='bbox 622 3114 739 3197; x_wconf 54' lang='lat' dir='ltr'><strong>desinit</strong></span> <span class='ocrx_word' id='word_1_440' title='bbox 758 3115 841 3198; x_wconf 69' lang='grc' dir='ltr'>τούτῳ</span> <span class='ocrx_word' id='word_1_441' title='bbox 858 3137 877 3184; x_wconf 86' lang='lat' dir='ltr'>c</span> <span class='ocrx_word' id='word_1_442' title='bbox 896 3120 945 3183; x_wconf 90' lang='lat' dir='ltr'><strong>sed</strong></span> <span class='ocrx_word' id='word_1_443' title='bbox 964 3142 1017 3182; x_wconf 90' lang='lat' dir='ltr'><strong>nou</strong></span> <span class='ocrx_word' id='word_1_444' title='bbox 1035 3141 1127 3182; x_wconf 88' lang='lat' dir='ltr'><strong>omnes</strong></span> <span class='ocrx_word' id='word_1_445' title='bbox 1144 3120 1313 3180; x_wconf 82' lang='lat' dir='ltr'><strong>obedierunt.</strong></span> <span class='ocrx_word' id='word_1_446' title='bbox 1329 3121 1380 3182; x_wconf 65' lang='lat'><strong>29.</strong></span> <span class='ocrx_word' id='word_1_447' title='bbox 1402 3120 1548 3198; x_wconf 81' lang='lat' dir='ltr'><strong>Quoniam</strong></span> <span class='ocrx_word' id='word_1_448' title='bbox 1567 3143 1640 3203; x_wconf 83' lang='lat' dir='ltr'><strong>quos</strong></span> 
     </span>
     <span class='ocr_line' id='line_1_33' title="bbox 64 3204 1639 3295; baseline 0.008 -32"><span class='ocrx_word' id='word_1_449' title='bbox 64 3209 108 3286; x_wconf 77' lang='grc' dir='ltr'><strong>τῷ</strong></span> <span class='ocrx_word' id='word_1_450' title='bbox 121 3208 214 3281; x_wconf 88' lang='grc' dir='ltr'>εἰπεῖν,</span> <span class='ocrx_word' id='word_1_451' title='bbox 229 3206 422 3288; x_wconf 81' lang='grc' dir='ltr'>Συμρόρρους,</span> <span class='ocrx_word' id='word_1_452' title='bbox 438 3205 507 3266; x_wconf 75' lang='lat' dir='ltr'><strong>alta</strong></span> <span class='ocrx_word' id='word_1_453' title='bbox 529 3207 575 3265; x_wconf 84' lang='grc' dir='ltr'><strong>καί</strong></span> <span class='ocrx_word' id='word_1_454' title='bbox 600 3204 689 3287; x_wconf 75' lang='grc' dir='ltr'>ἕτερον</span> <span class='ocrx_word' id='word_1_455' title='bbox 712 3207 841 3286; x_wconf 81' lang='grc' dir='ltr'>προσέθη·</span> <span class='ocrx_word' id='word_1_456' title='bbox 894 3217 1049 3295; x_wconf 75' lang='lat' dir='ltr'><strong>praescivit,</strong></span> <span class='ocrx_word' id='word_1_457' title='bbox 1062 3214 1177 3273; x_wconf 83' lang='lat' dir='ltr'><strong>eosdem</strong></span> <span class='ocrx_word' id='word_1_458' title='bbox 1191 3224 1219 3271; x_wconf 87' lang='lat' dir='ltr'><strong>et</strong></span> <span class='ocrx_word' id='word_1_459' title='bbox 1235 3213 1456 3292; x_wconf 77' lang='lat' dir='ltr'><strong>praedestinavit</strong></span> <span class='ocrx_word' id='word_1_460' title='bbox 1473 3215 1639 3292; x_wconf 74' lang='lat' dir='ltr'><strong>conformes</strong></span> 
     </span>
     <span class='ocr_line' id='line_1_34' title="bbox 63 3291 1638 3387; baseline 0.006 -30"><span class='ocrx_word' id='word_1_461' title='bbox 63 3321 131 3357; x_wconf 85' lang='grc' dir='ltr'>κεν·</span> <span class='ocrx_word' id='word_1_462' title='bbox 146 3300 193 3366; x_wconf 86' lang='grc' dir='ltr'><strong>Εἰς</strong></span> <span class='ocrx_word' id='word_1_463' title='bbox 206 3300 236 3358; x_wconf 87' lang='grc' dir='ltr'><strong>τδ</strong></span> <span class='ocrx_word' id='word_1_464' title='bbox 258 3291 325 3358; x_wconf 82' lang='grc' dir='ltr'>εἰναι</span> <span class='ocrx_word' id='word_1_465' title='bbox 340 3299 417 3359; x_wconf 82' lang='grc' dir='ltr'>αὐτδν</span> <span class='ocrx_word' id='word_1_466' title='bbox 441 3297 617 3378; x_wconf 80' lang='grc' dir='ltr'>πρωτότοκον.</span> <span class='ocrx_word' id='word_1_467' title='bbox 640 3297 778 3359; x_wconf 68' lang='lat' dir='ltr'><strong>Koloboi</strong></span> <span class='ocrx_word' id='word_1_468' title='bbox 801 3304 843 3361; x_wconf 83' lang='grc' dir='ltr'><strong>ἐν·</strong></span> <span class='ocrx_word' id='word_1_469' title='bbox 895 3310 1034 3387; x_wconf 76' lang='lat' dir='ltr'><strong>imaginis</strong></span> <span class='ocrx_word' id='word_1_470' title='bbox 1043 3306 1119 3364; x_wconf 81' lang='lat' dir='ltr'><strong>Filii</strong></span> <span class='ocrx_word' id='word_1_471' title='bbox 1127 3307 1182 3365; x_wconf 86' lang='lat' dir='ltr'><strong>sui.</strong></span> <span class='ocrx_word' id='word_1_472' title='bbox 1192 3302 1293 3366; x_wconf 87' lang='lat' dir='ltr'><strong>Viden’</strong></span> <span class='ocrx_word' id='word_1_473' title='bbox 1304 3302 1638 3381; x_wconf 80' lang='lat' dir='ltr'><strong>bonorisculmen?Qu0d</strong></span> 
     </span>
     <span class='ocr_line' id='line_1_35' title="bbox 63 3389 1639 3476; baseline 0.006 -28"><span class='ocrx_word' id='word_1_474' title='bbox 63 3395 153 3450; x_wconf 82' lang='grc' dir='ltr'>ταδθα</span> <span class='ocrx_word' id='word_1_475' title='bbox 166 3389 243 3466; x_wconf 83' lang='grc' dir='ltr'>ἔστη,</span> <span class='ocrx_word' id='word_1_476' title='bbox 256 3390 325 3451; x_wconf 78' lang='grc' dir='ltr'>ἀλλὰ</span> <span class='ocrx_word' id='word_1_477' title='bbox 339 3391 384 3450; x_wconf 77' lang='grc' dir='ltr'>καὶ</span> <span class='ocrx_word' id='word_1_478' title='bbox 396 3390 464 3470; x_wconf 77' lang='grc' dir='ltr'>μετὰ</span> <span class='ocrx_word' id='word_1_479' title='bbox 476 3390 568 3451; x_wconf 81' lang='grc' dir='ltr'>τούτου</span> <span class='ocrx_word' id='word_1_480' title='bbox 582 3391 661 3451; x_wconf 76' lang='grc' dir='ltr'>ποθιν</span> <span class='ocrx_word' id='word_1_481' title='bbox 677 3390 764 3471; x_wconf 78' lang='grc' dir='ltr'>ἕτερον</span> <span class='ocrx_word' id='word_1_482' title='bbox 774 3392 841 3453; x_wconf 80' lang='grc' dir='ltr'>ἐπεί·</span> <span class='ocrx_word' id='word_1_483' title='bbox 895 3396 966 3457; x_wconf 89' lang='lat' dir='ltr'><strong>enim</strong></span> <span class='ocrx_word' id='word_1_484' title='bbox 977 3395 1140 3476; x_wconf 74' lang='lat' dir='ltr'><strong>Unigenitus</strong></span> <span class='ocrx_word' id='word_1_485' title='bbox 1152 3409 1247 3454; x_wconf 83' lang='lat' dir='ltr'><strong>natura</strong></span> <span class='ocrx_word' id='word_1_486' title='bbox 1259 3407 1324 3470; x_wconf 83' lang='lat' dir='ltr'><strong>erat,</strong></span> <span class='ocrx_word' id='word_1_487' title='bbox 1337 3393 1389 3453; x_wconf 93' lang='lat' dir='ltr'><strong>boc</strong></span> <span class='ocrx_word' id='word_1_488' title='bbox 1403 3406 1429 3454; x_wconf 87' lang='lat' dir='ltr'><strong>et</strong></span> <span class='ocrx_word' id='word_1_489' title='bbox 1440 3395 1481 3454; x_wconf 87' lang='lat' dir='ltr'><strong>illi</strong></span> <span class='ocrx_word' id='word_1_490' title='bbox 1490 3395 1639 3457; x_wconf 87' lang='lat' dir='ltr'><strong>secundom</strong></span> 
     </span>
     <span class='ocr_line' id='line_1_36' title="bbox 62 3482 1743 3573; baseline 0.004 -32"><span class='ocrx_word' id='word_1_491' title='bbox 62 3507 126 3561; x_wconf 88' lang='grc' dir='ltr'>γει,</span> <span class='ocrx_word' id='word_1_492' title='bbox 139 3482 236 3563; x_wconf 81' lang='grc' dir='ltr'>λέγων·</span> <span class='ocrx_word' id='word_1_493' title='bbox 252 3483 298 3544; x_wconf 84' lang='grc' dir='ltr'><strong>Ἐν</strong></span> <span class='ocrx_word' id='word_1_494' title='bbox 312 3487 419 3552; x_wconf 86' lang='grc' dir='ltr'>πολλοῖς</span> <span class='ocrx_word' id='word_1_495' title='bbox 437 3485 570 3564; x_wconf 82' lang='grc' dir='ltr'>ἀδελφοῖς·</span> <span class='ocrx_word' id='word_1_496' title='bbox 586 3482 629 3543; x_wconf 84' lang='grc' dir='ltr'>δεδι</span> <span class='ocrx_word' id='word_1_497' title='bbox 644 3483 750 3544; x_wconf 87' lang='grc' dir='ltr'>πόντων</span> <span class='ocrx_word' id='word_1_498' title='bbox 768 3491 839 3566; x_wconf 84' lang='grc' dir='ltr'>σαρῆ</span> <span class='ocrx_word' id='word_1_499' title='bbox 895 3486 1008 3568; x_wconf 74' lang='lat' dir='ltr'><strong>gratiam</strong></span> <span class='ocrx_word' id='word_1_500' title='bbox 1023 3488 1084 3546; x_wconf 87' lang='lat' dir='ltr'><strong>lacti</strong></span> <span class='ocrx_word' id='word_1_501' title='bbox 1098 3499 1171 3545; x_wconf 88' lang='lat' dir='ltr'><strong>sunt.</strong></span> <span class='ocrx_word' id='word_1_502' title='bbox 1189 3486 1246 3545; x_wconf 87' lang='lat' dir='ltr'><strong>Nec</strong></span> <span class='ocrx_word' id='word_1_503' title='bbox 1256 3498 1344 3573; x_wconf 83' lang='lat' dir='ltr'><strong>tamen</strong></span> <span class='ocrx_word' id='word_1_504' title='bbox 1358 3485 1422 3544; x_wconf 85' lang='lat' dir='ltr'><strong>satis</strong></span> <span class='ocrx_word' id='word_1_505' title='bbox 1440 3485 1482 3544; x_wconf 93' lang='lat' dir='ltr'><strong>illi</strong></span> <span class='ocrx_word' id='word_1_506' title='bbox 1501 3486 1554 3546; x_wconf 87' lang='lat' dir='ltr'><strong>luit</strong></span> <span class='ocrx_word' id='word_1_507' title='bbox 1574 3508 1639 3558; x_wconf 86' lang='lat' dir='ltr'><strong>con·</strong></span> <span class='ocrx_word' id='word_1_508' title='bbox 1741 3569 1743 3572; x_wconf 21' lang='grc' dir='ltr'>Ι</span> 
     </span>
     <span class='ocr_line' id='line_1_37' title="bbox 60 3572 1640 3658; baseline 0.004 -25"><span class='ocrx_word' id='word_1_509' title='bbox 60 3574 115 3646; x_wconf 77' lang='grc' dir='ltr'><strong>τὴν</strong></span> <span class='ocrx_word' id='word_1_510' title='bbox 128 3572 277 3654; x_wconf 80' lang='grc' dir='ltr'>συγγένειαν</span> <span class='ocrx_word' id='word_1_511' title='bbox 288 3575 416 3645; x_wconf 77' lang='grc' dir='ltr'>ἐπιδεῖξαι</span> <span class='ocrx_word' id='word_1_512' title='bbox 432 3574 595 3655; x_wconf 87' lang='grc' dir='ltr'>βουλόμενος.</span> <span class='ocrx_word' id='word_1_513' title='bbox 607 3577 701 3636; x_wconf 76' lang='grc' dir='ltr'>Ταῦτα</span> <span class='ocrx_word' id='word_1_514' title='bbox 711 3576 738 3635; x_wconf 78' lang='grc' dir='ltr'>δὲ</span> <span class='ocrx_word' id='word_1_515' title='bbox 752 3577 840 3637; x_wconf 81' lang='grc' dir='ltr'>πάντα</span> <span class='ocrx_word' id='word_1_516' title='bbox 894 3581 992 3640; x_wconf 79' lang='lat' dir='ltr'><strong>formes</strong></span> <span class='ocrx_word' id='word_1_517' title='bbox 1003 3578 1117 3654; x_wconf 78' lang='lat' dir='ltr'><strong>dixisse,</strong></span> <span class='ocrx_word' id='word_1_518' title='bbox 1129 3575 1176 3637; x_wconf 82' lang='lat' dir='ltr'><strong>sed</strong></span> <span class='ocrx_word' id='word_1_519' title='bbox 1190 3589 1217 3636; x_wconf 84' lang='lat' dir='ltr'><strong>et</strong></span> <span class='ocrx_word' id='word_1_520' title='bbox 1229 3574 1307 3635; x_wconf 86' lang='lat' dir='ltr'><strong>aliud</strong></span> <span class='ocrx_word' id='word_1_521' title='bbox 1319 3575 1426 3637; x_wconf 81' lang='lat' dir='ltr'><strong>addidit</strong></span> <span class='ocrx_word' id='word_1_522' title='bbox 1440 3599 1447 3634; x_wconf 80' lang='lat' dir='ltr'><strong>t</strong></span> <span class='ocrx_word' id='word_1_523' title='bbox 1466 3579 1505 3638; x_wconf 83' lang='lat' dir='ltr'><strong>Ut</strong></span> <span class='ocrx_word' id='word_1_524' title='bbox 1519 3581 1558 3638; x_wconf 80' lang='lat' dir='ltr'><strong>sit</strong></span> <span class='ocrx_word' id='word_1_525' title='bbox 1578 3582 1640 3658; x_wconf 79' lang='lat' dir='ltr'><strong>ipse</strong></span> 
     </span>
     <span class='ocr_line' id='line_1_38' title="bbox 61 3655 1640 3755; baseline 0.006 -31"><span class='ocrx_word' id='word_1_526' title='bbox 61 3665 188 3747; x_wconf 79' lang='grc' dir='ltr'>περὶτῆς</span> <span class='ocrx_word' id='word_1_527' title='bbox 204 3667 352 3746; x_wconf 84' lang='grc' dir='ltr'>οἰκονομίας</span> <span class='ocrx_word' id='word_1_528' title='bbox 364 3655 484 3749; x_wconf 78' lang='grc' dir='ltr'>εἰρῆσθαι</span> <span class='ocrx_word' id='word_1_529' title='bbox 498 3667 603 3747; x_wconf 82' lang='grc' dir='ltr'>νόμιζε·</span> <span class='ocrx_word' id='word_1_530' title='bbox 626 3667 696 3729; x_wconf 74' lang='grc' dir='ltr'>κατὰ</span> <span class='ocrx_word' id='word_1_531' title='bbox 717 3667 768 3751; x_wconf 89' lang='grc' dir='ltr'>γδιρ</span> <span class='ocrx_word' id='word_1_532' title='bbox 790 3669 840 3742; x_wconf 72' lang='lat' dir='ltr'><strong>clv</strong></span> <span class='ocrx_word' id='word_1_533' title='bbox 892 3677 1112 3755; x_wconf 82' lang='lat' dir='ltr'><strong>primogenitus.</strong></span> <span class='ocrx_word' id='word_1_534' title='bbox 1124 3675 1160 3731; x_wconf 76' lang='lat' dir='ltr'><strong>At</strong></span> <span class='ocrx_word' id='word_1_535' title='bbox 1174 3692 1227 3731; x_wconf 90' lang='lat' dir='ltr'><strong>non</strong></span> <span class='ocrx_word' id='word_1_536' title='bbox 1242 3669 1287 3731; x_wconf 90' lang='lat' dir='ltr'><strong>bic</strong></span> <span class='ocrx_word' id='word_1_537' title='bbox 1298 3670 1418 3730; x_wconf 80' lang='lat' dir='ltr'><strong>substitit</strong></span> <span class='ocrx_word' id='word_1_538' title='bbox 1426 3694 1435 3747; x_wconf 73' lang='grc' dir='ltr'><strong>ς</strong></span> <span class='ocrx_word' id='word_1_539' title='bbox 1452 3670 1498 3732; x_wconf 83' lang='lat' dir='ltr'><strong>scd</strong></span> <span class='ocrx_word' id='word_1_540' title='bbox 1512 3687 1573 3754; x_wconf 83' lang='lat' dir='ltr'><strong>post</strong></span> <span class='ocrx_word' id='word_1_541' title='bbox 1581 3673 1640 3734; x_wconf 81' lang='lat' dir='ltr'><strong>baeo</strong></span> 
     </span>
     <span class='ocr_line' id='line_1_39' title="bbox 61 3759 1638 3845; baseline 0.005 -27"><span class='ocrx_word' id='word_1_542' title='bbox 61 3759 178 3833; x_wconf 81' lang='grc' dir='ltr'>θεότητα</span> <span class='ocrx_word' id='word_1_543' title='bbox 195 3760 353 3840; x_wconf 75' lang='grc' dir='ltr'>Μονογενίς.</span> <span class='ocrx_word' id='word_1_544' title='bbox 893 3765 991 3826; x_wconf 86' lang='lat' dir='ltr'><strong>iterum</strong></span> <span class='ocrx_word' id='word_1_545' title='bbox 999 3762 1074 3824; x_wconf 90' lang='lat' dir='ltr'><strong>aliud</strong></span> <span class='ocrx_word' id='word_1_546' title='bbox 1082 3763 1200 3838; x_wconf 87' lang='lat' dir='ltr'><strong>addidit,</strong></span> <span class='ocrx_word' id='word_1_547' title='bbox 1209 3761 1362 3822; x_wconf 86' lang='lat' dir='ltr'><strong>dicens:In</strong></span> <span class='ocrx_word' id='word_1_548' title='bbox 1370 3762 1472 3823; x_wconf 83' lang='lat' dir='ltr'><strong>multis</strong></span> <span class='ocrx_word' id='word_1_549' title='bbox 1477 3765 1638 3845; x_wconf 61' lang='lat' dir='ltr'><strong>fratribusf</strong></span> 
     </span>
     <span class='ocr_line' id='line_1_40' title="bbox 892 3852 1638 3937; baseline 0.003 -22"><span class='ocrx_word' id='word_1_550' title='bbox 892 3864 942 3937; x_wconf 87' lang='lat' dir='ltr'><strong>per&#39;</strong></span> <span class='ocrx_word' id='word_1_551' title='bbox 952 3855 1041 3916; x_wconf 89' lang='lat' dir='ltr'><strong>omnia</strong></span> <span class='ocrx_word' id='word_1_552' title='bbox 1054 3855 1148 3914; x_wconf 84' lang='lat' dir='ltr'><strong>volens</strong></span> <span class='ocrx_word' id='word_1_553' title='bbox 1161 3853 1329 3913; x_wconf 74' lang='lat' dir='ltr'><strong>manifestam</strong></span> <span class='ocrx_word' id='word_1_554' title='bbox 1342 3852 1480 3913; x_wconf 83' lang='lat' dir='ltr'><strong>ostendere</strong></span> <span class='ocrx_word' id='word_1_555' title='bbox 1493 3853 1638 3937; x_wconf 75' lang='lat' dir='ltr'><strong>cognatio-</strong></span> 
     </span>
     <span class='ocr_line' id='line_1_41' title="bbox 893 3941 1636 4024; baseline 0.003 -18"><span class='ocrx_word' id='word_1_556' title='bbox 893 3967 965 4007; x_wconf 83' lang='lat' dir='ltr'><strong>ncm.</strong></span> <span class='ocrx_word' id='word_1_557' title='bbox 990 3946 1056 4006; x_wconf 85' lang='lat' dir='ltr'><strong>llaec</strong></span> <span class='ocrx_word' id='word_1_558' title='bbox 1079 3965 1161 4024; x_wconf 87' lang='lat' dir='ltr'><strong>porro</strong></span> <span class='ocrx_word' id='word_1_559' title='bbox 1184 3943 1274 4002; x_wconf 90' lang='lat' dir='ltr'><strong>omnia</strong></span> <span class='ocrx_word' id='word_1_560' title='bbox 1300 3941 1335 4002; x_wconf 85' lang='lat' dir='ltr'><strong>de</strong></span> <span class='ocrx_word' id='word_1_561' title='bbox 1358 3944 1540 4005; x_wconf 84' lang='lat' dir='ltr'><strong>incarnatione</strong></span> <span class='ocrx_word' id='word_1_562' title='bbox 1564 3946 1636 4009; x_wconf 91' lang='lat' dir='ltr'><strong>dicta</strong></span> 
     </span>
     <span class='ocr_line' id='line_1_42' title="bbox 892 4031 1637 4118; baseline 0.001 -21"><span class='ocrx_word' id='word_1_563' title='bbox 892 4038 1044 4098; x_wconf 85' lang='lat' dir='ltr'><strong>existimato</strong></span> <span class='ocrx_word' id='word_1_564' title='bbox 1053 4059 1060 4094; x_wconf 83' lang='grc' dir='ltr'>ι</span> <span class='ocrx_word' id='word_1_565' title='bbox 1068 4056 1131 4095; x_wconf 91' lang='lat' dir='ltr'><strong>nam</strong></span> <span class='ocrx_word' id='word_1_566' title='bbox 1138 4031 1464 4095; x_wconf 85' lang='lat' dir='ltr'><strong>sccundumdivinitateru</strong></span> <span class='ocrx_word' id='word_1_567' title='bbox 1475 4036 1637 4118; x_wconf 79' lang='lat' dir='ltr'><strong>[inigenitus</strong></span> 
     </span>
     <span class='ocr_line' id='line_1_43' title="bbox 892 4143 942 4189; baseline -0.02 0"><span class='ocrx_word' id='word_1_568' title='bbox 892 4143 942 4189; x_wconf 73' lang='lat'><strong>081.</strong></span> 
     </span>
    </p>

    <p class='ocr_par' dir='ltr' id='par_1_5' title="bbox 62 4216 1637 4580">
     <span class='ocr_line' id='line_1_44' title="bbox 107 4216 1636 4340; baseline -0.001 -55"><span class='ocrx_word' id='word_1_569' title='bbox 107 4216 233 4291; x_wconf 70' lang='grc' dir='ltr'>Είδες’</span> <span class='ocrx_word' id='word_1_570' title='bbox 198 4247 267 4284; x_wconf 90' lang='grc' dir='ltr'>πσσα</span> <span class='ocrx_word' id='word_1_571' title='bbox 281 4229 346 4302; x_wconf 78' lang='grc' dir='ltr'>ἡμῖν</span> <span class='ocrx_word' id='word_1_572' title='bbox 359 4226 515 4340; x_wconf 71' lang='grc' dir='ltr'>ἰχαρίσατος</span> <span class='ocrx_word' id='word_1_573' title='bbox 529 4221 576 4296; x_wconf 79' lang='grc' dir='ltr'><strong>Μὴ</strong></span> <span class='ocrx_word' id='word_1_574' title='bbox 590 4223 677 4282; x_wconf 85' lang='grc' dir='ltr'>τοίνυν</span> <span class='ocrx_word' id='word_1_575' title='bbox 687 4221 837 4303; x_wconf 80' lang='grc' dir='ltr'>σῖμρίόαλλε</span> <span class='ocrx_word' id='word_1_576' title='bbox 932 4223 961 4280; x_wconf 70' lang='lat'><strong>9.</strong></span> <span class='ocrx_word' id='word_1_577' title='bbox 972 4218 1073 4284; x_wconf 82' lang='lat' dir='ltr'><strong>Viden&#39;</strong></span> <span class='ocrx_word' id='word_1_578' title='bbox 1083 4229 1150 4298; x_wconf 89' lang='lat' dir='ltr'><strong>quot</strong></span> <span class='ocrx_word' id='word_1_579' title='bbox 1158 4228 1312 4297; x_wconf 84' lang='lat' dir='ltr'><strong>quantaque</strong></span> <span class='ocrx_word' id='word_1_580' title='bbox 1324 4216 1439 4297; x_wconf 81' lang='lat' dir='ltr'><strong>largitus</strong></span> <span class='ocrx_word' id='word_1_581' title='bbox 1451 4217 1509 4280; x_wconf 75' lang='lat' dir='ltr'><strong>sit?</strong></span> <span class='ocrx_word' id='word_1_582' title='bbox 1519 4221 1562 4282; x_wconf 83' lang='lat' dir='ltr'><strong>Ne</strong></span> <span class='ocrx_word' id='word_1_583' title='bbox 1573 4241 1636 4303; x_wconf 75' lang='lat' dir='ltr'><strong>crgo</strong></span> 
     </span>
     <span class='ocr_line' id='line_1_45' title="bbox 62 4308 1636 4400; baseline 0.001 -24"><span class='ocrx_word' id='word_1_584' title='bbox 62 4318 192 4400; x_wconf 76' lang='grc' dir='ltr'>περὶτῶν</span> <span class='ocrx_word' id='word_1_585' title='bbox 207 4318 372 4395; x_wconf 73' lang='grc' dir='ltr'>μελλόντων</span> <span class='ocrx_word' id='word_1_586' title='bbox 388 4343 432 4377; x_wconf 89' lang='grc' dir='ltr'><strong>και</strong></span> <span class='ocrx_word' id='word_1_587' title='bbox 422 4317 501 4399; x_wconf 79' lang='grc' dir='ltr'><strong>γὰρ</strong></span> <span class='ocrx_word' id='word_1_588' title='bbox 525 4317 570 4376; x_wconf 80' lang='grc' dir='ltr'><strong>καί</strong></span> <span class='ocrx_word' id='word_1_589' title='bbox 589 4315 684 4396; x_wconf 80' lang='grc' dir='ltr'>ἐτόρωθ</span> <span class='ocrx_word' id='word_1_590' title='bbox 686 4338 713 4374; x_wconf 90' lang='grc' dir='ltr'>εν</span> <span class='ocrx_word' id='word_1_591' title='bbox 671 4315 837 4375; x_wconf 87' lang='grc' dir='ltr'>θδείκνυ</span> <span class='ocrx_word' id='word_1_592' title='bbox 891 4310 927 4372; x_wconf 91' lang='lat' dir='ltr'><strong>de</strong></span> <span class='ocrx_word' id='word_1_593' title='bbox 940 4311 1039 4379; x_wconf 80' lang='lat' dir='ltr'><strong>futuris</strong></span> <span class='ocrx_word' id='word_1_594' title='bbox 1049 4310 1193 4389; x_wconf 80' lang='lat' dir='ltr'><strong>ambigas</strong></span> <span class='ocrx_word' id='word_1_595' title='bbox 1210 4329 1273 4368; x_wconf 88' lang='lat' dir='ltr'><strong>narn</strong></span> <span class='ocrx_word' id='word_1_596' title='bbox 1286 4321 1312 4369; x_wconf 88' lang='lat' dir='ltr'><strong>et</strong></span> <span class='ocrx_word' id='word_1_597' title='bbox 1326 4308 1436 4369; x_wconf 82' lang='lat' dir='ltr'><strong>aliunde</strong></span> <span class='ocrx_word' id='word_1_598' title='bbox 1451 4332 1546 4372; x_wconf 86' lang='lat' dir='ltr'><strong>curam</strong></span> <span class='ocrx_word' id='word_1_599' title='bbox 1558 4334 1636 4378; x_wconf 86' lang='lat' dir='ltr'><strong>snam</strong></span> 
     </span>
     <span class='ocr_line' id='line_1_46' title="bbox 62 4400 1637 4520; baseline 0.001 -51"><span class='ocrx_word' id='word_1_600' title='bbox 62 4435 108 4470; x_wconf 89' lang='grc' dir='ltr'>σιν</span> <span class='ocrx_word' id='word_1_601' title='bbox 118 4413 197 4469; x_wconf 85' lang='grc' dir='ltr'>αὐτοῦ</span> <span class='ocrx_word' id='word_1_602' title='bbox 208 4410 255 4482; x_wconf 79' lang='grc' dir='ltr'><strong>την</strong></span> <span class='ocrx_word' id='word_1_603' title='bbox 264 4409 479 4487; x_wconf 82' lang='grc' dir='ltr'>κηδεμονίαν,</span> <span class='ocrx_word' id='word_1_604' title='bbox 444 4434 483 4490; x_wconf 81' lang='grc' dir='ltr'><strong>τῳ</strong></span> <span class='ocrx_word' id='word_1_605' title='bbox 492 4409 577 4520; x_wconf 84' lang='grc' dir='ltr'>λέγειν</span> <span class='ocrx_word' id='word_1_606' title='bbox 588 4410 686 4469; x_wconf 81' lang='grc' dir='ltr'>ἄνωθεν</span> <span class='ocrx_word' id='word_1_607' title='bbox 699 4407 766 4469; x_wconf 85' lang='grc' dir='ltr'>αθτδι</span> <span class='ocrx_word' id='word_1_608' title='bbox 775 4431 838 4491; x_wconf 93' lang='grc' dir='ltr'>πρσ</span> <span class='ocrx_word' id='word_1_609' title='bbox 892 4401 1023 4470; x_wconf 83' lang='lat' dir='ltr'><strong>ostendit.</strong></span> <span class='ocrx_word' id='word_1_610' title='bbox 1043 4421 1107 4462; x_wconf 90' lang='lat' dir='ltr'><strong>cum</strong></span> <span class='ocrx_word' id='word_1_611' title='bbox 1118 4400 1157 4460; x_wconf 88' lang='lat' dir='ltr'><strong>ait</strong></span> <span class='ocrx_word' id='word_1_612' title='bbox 1169 4400 1255 4459; x_wconf 82' lang='lat' dir='ltr'><strong>baec&#39;</strong></span> <span class='ocrx_word' id='word_1_613' title='bbox 1243 4421 1301 4481; x_wconf 71' lang='lat' dir='ltr'><strong>jam</strong></span> <span class='ocrx_word' id='word_1_614' title='bbox 1320 4400 1433 4460; x_wconf 91' lang='lat' dir='ltr'><strong>olim</strong></span> <span class='ocrx_word' id='word_1_615' title='bbox 1411 4422 1451 4461; x_wconf 81' lang='lat' dir='ltr'><strong>sic</strong></span> <span class='ocrx_word' id='word_1_616' title='bbox 1462 4403 1637 4510; x_wconf 61' lang='lat' dir='ltr'><strong>nrcfignrata</strong></span> 
     </span>
     <span class='ocr_line' id='line_1_47' title="bbox 62 4490 1638 4582; baseline -0.001 -23"><span class='ocrx_word' id='word_1_617' title='bbox 62 4505 233 4560; x_wconf 65' lang='lat' dir='ltr'><strong>recondebat</strong></span> <span class='ocrx_word' id='word_1_618' title='bbox 246 4501 336 4567; x_wconf 83' lang='grc' dir='ltr'>σίτοις.</span> <span class='ocrx_word' id='word_1_619' title='bbox 343 4499 536 4580; x_wconf 84' lang='grc' dir='ltr'>Ἄνθρωποι</span> <span class='ocrx_word' id='word_1_620' title='bbox 506 4525 554 4578; x_wconf 85' lang='grc' dir='ltr'>μεν</span> <span class='ocrx_word' id='word_1_621' title='bbox 569 4499 622 4582; x_wconf 77' lang='grc' dir='ltr'><strong>γὰρ</strong></span> <span class='ocrx_word' id='word_1_622' title='bbox 635 4500 734 4560; x_wconf 83' lang='grc' dir='ltr'><strong>ἀπο</strong></span> <span class='ocrx_word' id='word_1_623' title='bbox 699 4523 751 4558; x_wconf 89' lang='grc' dir='ltr'><strong>των</strong></span> <span class='ocrx_word' id='word_1_624' title='bbox 765 4523 836 4579; x_wconf 80' lang='grc' dir='ltr'>πρα·</span> <span class='ocrx_word' id='word_1_625' title='bbox 854 4509 873 4556; x_wconf 85' lang='lat' dir='ltr'><strong>t)</strong></span> <span class='ocrx_word' id='word_1_626' title='bbox 891 4496 984 4554; x_wconf 82' lang='lat' dir='ltr'><strong>fuisse</strong></span> <span class='ocrx_word' id='word_1_627' title='bbox 996 4493 1126 4553; x_wconf 86' lang='lat' dir='ltr'><strong>Homines</strong></span> <span class='ocrx_word' id='word_1_628' title='bbox 1139 4491 1210 4550; x_wconf 90' lang='lat' dir='ltr'><strong>enirn</strong></span> <span class='ocrx_word' id='word_1_629' title='bbox 1224 4490 1351 4552; x_wconf 82' lang='lat' dir='ltr'><strong>exrebus</strong></span> <span class='ocrx_word' id='word_1_630' title='bbox 1364 4493 1507 4555; x_wconf 81' lang='lat' dir='ltr'><strong>sententias</strong></span> <span class='ocrx_word' id='word_1_631' title='bbox 1520 4494 1638 4578; x_wconf 79' lang='lat' dir='ltr'><strong>deipsis</strong></span> 
     </span>
    </p>
   </div>
   <div class='ocr_carea' id='block_1_5' title="bbox 59 4590 837 5035">
    <p class='ocr_par' dir='ltr' id='par_1_6' title="bbox 59 4590 837 5035">
     <span class='ocr_line' id='line_1_48' title="bbox 61 4590 836 4675; baseline 0 -24"><span class='ocrx_word' id='word_1_632' title='bbox 61 4592 174 4671; x_wconf 80' lang='grc' dir='ltr'>γιεότων</span> <span class='ocrx_word' id='word_1_633' title='bbox 188 4593 293 4660; x_wconf 77' lang='grc' dir='ltr'><strong>τὰς</strong></span> <span class='ocrx_word' id='word_1_634' title='bbox 248 4618 296 4653; x_wconf 92' lang='grc' dir='ltr'>υπε</span> <span class='ocrx_word' id='word_1_635' title='bbox 285 4619 314 4675; x_wconf 97' lang='grc' dir='ltr'>ρ</span> <span class='ocrx_word' id='word_1_636' title='bbox 334 4596 383 4651; x_wconf 84' lang='grc' dir='ltr'><strong>αὐτ</strong></span> <span class='ocrx_word' id='word_1_637' title='bbox 383 4596 419 4651; x_wconf 81' lang='grc' dir='ltr'><strong>ῶν</strong></span> <span class='ocrx_word' id='word_1_638' title='bbox 433 4591 540 4671; x_wconf 84' lang='grc' dir='ltr'>γνώμας</span> <span class='ocrx_word' id='word_1_639' title='bbox 552 4591 734 4669; x_wconf 84' lang='grc' dir='ltr'>λαμόσίνουσι,</span> <span class='ocrx_word' id='word_1_640' title='bbox 753 4615 791 4671; x_wconf 84' lang='grc' dir='ltr'><strong>τῳ</strong></span> <span class='ocrx_word' id='word_1_641' title='bbox 772 4590 836 4651; x_wconf 81' lang='grc' dir='ltr'>δί</span> 
     </span>
     <span class='ocr_line' id='line_1_49' title="bbox 60 4682 837 4768; baseline -0.006 -22"><span class='ocrx_word' id='word_1_642' title='bbox 60 4690 127 4768; x_wconf 76' lang='grc' dir='ltr'>Θεῷ</span> <span class='ocrx_word' id='word_1_643' title='bbox 142 4686 225 4745; x_wconf 88' lang='grc' dir='ltr'>πσίλαι</span> <span class='ocrx_word' id='word_1_644' title='bbox 238 4691 324 4746; x_wconf 81' lang='grc' dir='ltr'>ταῦτα</span> <span class='ocrx_word' id='word_1_645' title='bbox 344 4684 429 4755; x_wconf 79' lang='grc' dir='ltr'>ἔδοξε,</span> <span class='ocrx_word' id='word_1_646' title='bbox 444 4683 489 4742; x_wconf 82' lang='grc' dir='ltr'><strong>καί</strong></span> <span class='ocrx_word' id='word_1_647' title='bbox 503 4684 600 4744; x_wconf 80' lang='grc' dir='ltr'>ἄνωθεν</span> <span class='ocrx_word' id='word_1_648' title='bbox 614 4684 680 4763; x_wconf 87' lang='grc' dir='ltr'>πρδς</span> <span class='ocrx_word' id='word_1_649' title='bbox 694 4687 765 4762; x_wconf 81' lang='grc' dir='ltr'>ἡμᾶς</span> <span class='ocrx_word' id='word_1_650' title='bbox 785 4682 837 4742; x_wconf 87' lang='grc' dir='ltr'>διί-</span> 
     </span>
     <span class='ocr_line' id='line_1_50' title="bbox 60 4770 836 4859; baseline -0.004 -21"><span class='ocrx_word' id='word_1_651' title='bbox 60 4803 135 4838; x_wconf 89' lang='grc' dir='ltr'>κειτσ</span> <span class='ocrx_word' id='word_1_652' title='bbox 147 4803 153 4815; x_wconf 87' lang='grc'><strong>’</strong></span> <span class='ocrx_word' id='word_1_653' title='bbox 166 4778 261 4859; x_wconf 68' lang='grc' dir='ltr'><strong>1’ρηο-ἰν</strong></span> <span class='ocrx_word' id='word_1_654' title='bbox 277 4770 331 4850; x_wconf 75' lang='grc' dir='ltr'>σόν,</span> <span class='ocrx_word' id='word_1_655' title='bbox 350 4777 405 4844; x_wconf 73' lang='lat' dir='ltr'><strong>Ob&lt;</strong></span> <span class='ocrx_word' id='word_1_656' title='bbox 421 4776 449 4836; x_wconf 80' lang='grc' dir='ltr'>δὲ</span> <span class='ocrx_word' id='word_1_657' title='bbox 464 4776 590 4849; x_wconf 80' lang='grc' dir='ltr'>ἐκάλεσε,</span> <span class='ocrx_word' id='word_1_658' title='bbox 602 4775 709 4844; x_wconf 72' lang='grc' dir='ltr'>τούτους</span> <span class='ocrx_word' id='word_1_659' title='bbox 723 4775 768 4834; x_wconf 83' lang='grc' dir='ltr'>καὶ</span> <span class='ocrx_word' id='word_1_660' title='bbox 782 4777 836 4835; x_wconf 80' lang='grc' dir='ltr'>ίδι·</span> 
     </span>
     <span class='ocr_line' id='line_1_51' title="bbox 60 4870 834 4946; baseline -0.004 -16"><span class='ocrx_word' id='word_1_661' title='bbox 60 4871 187 4931; x_wconf 89' lang='grc' dir='ltr'>καίωσεν.</span> <span class='ocrx_word' id='word_1_662' title='bbox 200 4871 358 4930; x_wconf 83' lang='grc' dir='ltr'>Ἐδικαίωσε</span> <span class='ocrx_word' id='word_1_663' title='bbox 375 4870 418 4929; x_wconf 79' lang='grc' dir='ltr'><strong>διδ</strong></span> <span class='ocrx_word' id='word_1_664' title='bbox 433 4875 480 4941; x_wconf 80' lang='grc' dir='ltr'><strong>τῆς</strong></span> <span class='ocrx_word' id='word_1_665' title='bbox 491 4876 537 4927; x_wconf 81' lang='grc' dir='ltr'><strong>τοῦ</strong></span> <span class='ocrx_word' id='word_1_666' title='bbox 556 4871 664 4946; x_wconf 79' lang='grc' dir='ltr'>λουτροῦ</span> <span class='ocrx_word' id='word_1_667' title='bbox 675 4870 834 4946; x_wconf 87' lang='grc' dir='ltr'>παλιγγενε-</span> 
     </span>
     <span class='ocr_line' id='line_1_52' title="bbox 59 4957 834 5035; baseline -0.004 -12"><span class='ocrx_word' id='word_1_668' title='bbox 59 4963 131 5029; x_wconf 85' lang='grc' dir='ltr'>σίας.</span> <span class='ocrx_word' id='word_1_669' title='bbox 149 4963 203 5032; x_wconf 70' lang='lat' dir='ltr'><strong>Ob&lt;</strong></span> <span class='ocrx_word' id='word_1_670' title='bbox 220 4964 247 5022; x_wconf 80' lang='grc' dir='ltr'>δὲ</span> <span class='ocrx_word' id='word_1_671' title='bbox 261 4962 415 5035; x_wconf 82' lang='grc' dir='ltr'>ἐδικαίωσε,</span> <span class='ocrx_word' id='word_1_672' title='bbox 431 4960 537 5028; x_wconf 79' lang='grc' dir='ltr'>τούτους</span> <span class='ocrx_word' id='word_1_673' title='bbox 555 4959 600 5019; x_wconf 89' lang='grc' dir='ltr'>καί</span> <span class='ocrx_word' id='word_1_674' title='bbox 612 4957 741 5028; x_wconf 78' lang='grc' dir='ltr'>ἐδόξασεν.</span> <span class='ocrx_word' id='word_1_675' title='bbox 757 4959 834 5020; x_wconf 83' lang='grc' dir='ltr'>Ἐδό·</span> 
     </span>
    </p>
   </div>
   <div class='ocr_carea' id='block_1_6' title="bbox 96 5139 396 5210">
    <p class='ocr_par' dir='ltr' id='par_1_7' title="bbox 96 5139 396 5210">
     <span class='ocr_line' id='line_1_53' title="bbox 96 5139 396 5210; baseline -0.02 -15"><span class='ocrx_word' id='word_1_676' title='bbox 96 5144 105 5160; x_wconf 81' lang='grc'><strong>’</strong></span> <span class='ocrx_word' id='word_1_677' title='bbox 124 5139 302 5206; x_wconf 71' lang='grc' dir='ltr'>[ἥσόγευίανιισ</span> <span class='ocrx_word' id='word_1_678' title='bbox 313 5159 342 5191; x_wconf 81' lang='lat' dir='ltr'><strong>es</strong></span> <span class='ocrx_word' id='word_1_679' title='bbox 356 5141 396 5210; x_wconf 64' lang='lat' dir='ltr'><strong>b]</strong></span> 
     </span>
    </p>
   </div>
   <div class='ocr_carea' id='block_1_7' title="bbox 61 5296 186 5361">
    <p class='ocr_par' dir='ltr' id='par_1_8' title="bbox 61 5296 186 5361">
     <span class='ocr_line' id='line_1_54' title="bbox 61 5296 186 5361; baseline -0.008 -14"><span class='ocrx_word' id='word_1_680' title='bbox 61 5296 186 5361; x_wconf 65' lang='lat' dir='ltr'><strong>videtum]</strong></span> 
     </span>
    </p>
   </div>
   <div class='ocr_carea' id='block_1_8' title="bbox 890 4583 1636 5036">
    <p class='ocr_par' dir='ltr' id='par_1_9' title="bbox 890 4583 1636 5036">
     <span class='ocr_line' id='line_1_55' title="bbox 892 4583 1636 4665; baseline 0.003 -19"><span class='ocrx_word' id='word_1_681' title='bbox 892 4599 1066 4663; x_wconf 79' lang='lat' dir='ltr'><strong>mutuantur3</strong></span> <span class='ocrx_word' id='word_1_682' title='bbox 1080 4586 1137 4644; x_wconf 89' lang='lat' dir='ltr'><strong>Deo</strong></span> <span class='ocrx_word' id='word_1_683' title='bbox 1148 4597 1239 4643; x_wconf 87' lang='lat' dir='ltr'><strong>autem</strong></span> <span class='ocrx_word' id='word_1_684' title='bbox 1245 4583 1304 4664; x_wconf 86' lang='lat' dir='ltr'><strong>jam</strong></span> <span class='ocrx_word' id='word_1_685' title='bbox 1312 4583 1401 4643; x_wconf 91' lang='lat' dir='ltr'><strong>olim</strong></span> <span class='ocrx_word' id='word_1_686' title='bbox 1392 4598 1430 4643; x_wconf 86' lang='lat' dir='ltr'><strong>tta</strong></span> <span class='ocrx_word' id='word_1_687' title='bbox 1442 4585 1535 4646; x_wconf 78' lang='lat' dir='ltr'><strong>visum</strong></span> <span class='ocrx_word' id='word_1_688' title='bbox 1547 4602 1598 4665; x_wconf 83' lang='lat' dir='ltr'><strong>est,</strong></span> <span class='ocrx_word' id='word_1_689' title='bbox 1609 4603 1636 4650; x_wconf 89' lang='lat' dir='ltr'><strong>et</strong></span> 
     </span>
     <span class='ocr_line' id='line_1_56' title="bbox 890 4633 1636 4762; baseline 0.003 -23"><span class='ocrx_word' id='word_1_690' title='bbox 890 4701 942 4762; x_wconf 91' lang='lat' dir='ltr'><strong>pro</strong></span> <span class='ocrx_word' id='word_1_691' title='bbox 955 4676 1053 4738; x_wconf 87' lang='lat' dir='ltr'><strong>nobis</strong></span> <span class='ocrx_word' id='word_1_692' title='bbox 1045 4690 1083 4736; x_wconf 89' lang='lat' dir='ltr'><strong>rta</strong></span> <span class='ocrx_word' id='word_1_693' title='bbox 1095 4676 1208 4736; x_wconf 75' lang='lat' dir='ltr'><strong>affectus</strong></span> <span class='ocrx_word' id='word_1_694' title='bbox 1221 4689 1278 4736; x_wconf 87' lang='lat' dir='ltr'><strong>erat</strong></span> <span class='ocrx_word' id='word_1_695' title='bbox 1293 4701 1301 4735; x_wconf 85' lang='grc' dir='ltr'>ι</span> <span class='ocrx_word' id='word_1_696' title='bbox 1317 4676 1357 4736; x_wconf 87' lang='lat' dir='ltr'><strong>ait</strong></span> <span class='ocrx_word' id='word_1_697' title='bbox 1367 4677 1452 4757; x_wconf 79' lang='lat' dir='ltr'><strong>igitur</strong></span> <span class='ocrx_word' id='word_1_698' title='bbox 1468 4702 1477 4737; x_wconf 83' lang='grc' dir='ltr'>ι</span> <span class='ocrx_word' id='word_1_699' title='bbox 1492 4681 1540 4740; x_wconf 79' lang='grc'><strong>50.</strong></span> <span class='ocrx_word' id='word_1_700' title='bbox 1557 4633 1636 4760; x_wconf 78' lang='grc' dir='ltr'>ρόοε</span> 
     </span>
     <span class='ocr_line' id='line_1_57' title="bbox 891 4769 1636 4850; baseline 0.004 -19"><span class='ocrx_word' id='word_1_701' title='bbox 891 4785 990 4831; x_wconf 84' lang='lat' dir='ltr'><strong>autem</strong></span> <span class='ocrx_word' id='word_1_702' title='bbox 1003 4773 1135 4844; x_wconf 81' lang='lat' dir='ltr'><strong>vocavit,</strong></span> <span class='ocrx_word' id='word_1_703' title='bbox 1149 4769 1218 4828; x_wconf 79' lang='lat' dir='ltr'><strong>illos</strong></span> <span class='ocrx_word' id='word_1_704' title='bbox 1231 4770 1454 4850; x_wconf 77' lang='lat' dir='ltr'><strong>etjnstificavit.</strong></span> <span class='ocrx_word' id='word_1_705' title='bbox 1468 4772 1636 4834; x_wconf 75' lang='lat' dir='ltr'><strong>testificavit</strong></span> 
     </span>
     <span class='ocr_line' id='line_1_58' title="bbox 891 4859 1636 4949; baseline -0.004 -22"><span class='ocrx_word' id='word_1_706' title='bbox 891 4885 939 4949; x_wconf 87' lang='lat' dir='ltr'><strong>per</strong></span> <span class='ocrx_word' id='word_1_707' title='bbox 945 4864 1086 4923; x_wconf 82' lang='lat' dir='ltr'><strong>lavacrum</strong></span> <span class='ocrx_word' id='word_1_708' title='bbox 1094 4859 1310 4940; x_wconf 82' lang='lat' dir='ltr'><strong>regenerationis.</strong></span> <span class='ocrx_word' id='word_1_709' title='bbox 1326 4863 1405 4938; x_wconf 85' lang='lat' dir='ltr'><strong>Quos</strong></span> <span class='ocrx_word' id='word_1_710' title='bbox 1416 4875 1515 4922; x_wconf 84' lang='lat' dir='ltr'><strong>autem</strong></span> <span class='ocrx_word' id='word_1_711' title='bbox 1522 4866 1636 4946; x_wconf 75' lang='lat' dir='ltr'><strong>justifi-</strong></span> 
     </span>
     <span class='ocr_line' id='line_1_59' title="bbox 890 4950 1636 5036; baseline 0 -19"><span class='ocrx_word' id='word_1_712' title='bbox 890 4950 1636 5036; x_wconf 56' lang='lat' dir='ltr'><strong>eutoniumetglorificocit.Glorilicaritpergratiam,⁴</strong></span> 
     </span>
    </p>
   </div>
   <div class='ocr_carea' id='block_1_9' title="bbox 909 5135 1636 5205">
    <p class='ocr_par' dir='ltr' id='par_1_10' title="bbox 909 5135 1636 5205">
     <span class='ocr_line' id='line_1_60' title="bbox 909 5135 1636 5205; baseline 0.004 -17"><span class='ocrx_word' id='word_1_713' title='bbox 909 5141 923 5179; x_wconf 71' lang='grc' dir='ltr'><strong>ἲ»</strong></span> <span class='ocrx_word' id='word_1_714' title='bbox 941 5136 1041 5201; x_wconf 86' lang='lat' dir='ltr'><strong>[Iidem</strong></span> <span class='ocrx_word' id='word_1_715' title='bbox 1061 5143 1124 5205; x_wconf 83' lang='grc' dir='ltr'>ρησίν</span> <span class='ocrx_word' id='word_1_716' title='bbox 1141 5135 1190 5188; x_wconf 80' lang='grc' dir='ltr'>οὖν·</span> <span class='ocrx_word' id='word_1_717' title='bbox 1205 5138 1240 5192; x_wconf 86' lang='grc' dir='ltr'><strong>οδς</strong></span> <span class='ocrx_word' id='word_1_718' title='bbox 1253 5137 1276 5185; x_wconf 78' lang='grc' dir='ltr'>δί</span> <span class='ocrx_word' id='word_1_719' title='bbox 1289 5144 1414 5204; x_wconf 81' lang='grc' dir='ltr'>προώρισε,</span> <span class='ocrx_word' id='word_1_720' title='bbox 1428 5139 1518 5195; x_wconf 75' lang='grc' dir='ltr'>τούτους</span> <span class='ocrx_word' id='word_1_721' title='bbox 1529 5142 1567 5190; x_wconf 85' lang='grc' dir='ltr'>καί</span> <span class='ocrx_word' id='word_1_722' title='bbox 1584 5145 1636 5191; x_wconf 61' lang='lat' dir='ltr'><strong>lad-</strong></span> 
     </span>
    </p>
   </div>
   <div class='ocr_carea' id='block_1_10' title="bbox 98 5215 1635 5362">
    <p class='ocr_par' dir='ltr' id='par_1_11' title="bbox 98 5215 1635 5362">
     <span class='ocr_line' id='line_1_61' title="bbox 98 5215 1635 5285; baseline -0.008 -6"><span class='ocrx_word' id='word_1_723' title='bbox 98 5236 107 5255; x_wconf 74' lang='lat'><strong>³¹</strong></span> <span class='ocrx_word' id='word_1_724' title='bbox 127 5220 186 5284; x_wconf 59' lang='lat' dir='ltr'><strong>litis·</strong></span> <span class='ocrx_word' id='word_1_725' title='bbox 205 5217 271 5269; x_wconf 67' lang='lat' dir='ltr'><strong>ldssm</strong></span> <span class='ocrx_word' id='word_1_726' title='bbox 289 5239 346 5270; x_wconf 75' lang='lat' dir='ltr'><strong>cum</strong></span> <span class='ocrx_word' id='word_1_727' title='bbox 363 5237 443 5284; x_wconf 71' lang='lat' dir='ltr'><strong>marg.</strong></span> <span class='ocrx_word' id='word_1_728' title='bbox 457 5217 545 5282; x_wconf 67' lang='lat' dir='ltr'><strong>Salii,</strong></span> <span class='ocrx_word' id='word_1_729' title='bbox 558 5216 626 5284; x_wconf 80' lang='lat' dir='ltr'><strong>qnod</strong></span> <span class='ocrx_word' id='word_1_730' title='bbox 646 5217 825 5285; x_wconf 66' lang='lat' dir='ltr'><strong>praeferendum</strong></span> <span class='ocrx_word' id='word_1_731' title='bbox 877 5225 935 5282; x_wconf 81' lang='lat' dir='ltr'><strong>laer,</strong></span> <span class='ocrx_word' id='word_1_732' title='bbox 946 5224 985 5269; x_wconf 78' lang='grc' dir='ltr'><strong>καί</strong></span> <span class='ocrx_word' id='word_1_733' title='bbox 997 5221 1140 5278; x_wconf 67' lang='grc' dir='ltr'>οθςίιιαῖλεσε,</span> <span class='ocrx_word' id='word_1_734' title='bbox 1152 5219 1242 5276; x_wconf 73' lang='grc' dir='ltr'>τούτους</span> <span class='ocrx_word' id='word_1_735' title='bbox 1256 5219 1417 5278; x_wconf 64' lang='lat' dir='ltr'><strong>calliculam</strong></span> <span class='ocrx_word' id='word_1_736' title='bbox 1427 5217 1464 5267; x_wconf 82' lang='grc' dir='ltr'><strong>διὰ</strong></span> <span class='ocrx_word' id='word_1_737' title='bbox 1476 5227 1523 5276; x_wconf 81' lang='grc' dir='ltr'>τῆς.</span> <span class='ocrx_word' id='word_1_738' title='bbox 1533 5215 1566 5266; x_wconf 82' lang='lat' dir='ltr'><strong>Et</strong></span> <span class='ocrx_word' id='word_1_739' title='bbox 1576 5232 1635 5267; x_wconf 82' lang='lat' dir='ltr'><strong>mox</strong></span> 
     </span>
     <span class='ocr_line' id='line_1_62' title="bbox 876 5292 1631 5362; baseline -0.02 -14"><span class='ocrx_word' id='word_1_740' title='bbox 876 5295 950 5349; x_wconf 79' lang='lat' dir='ltr'><strong>semel</strong></span> <span class='ocrx_word' id='word_1_741' title='bbox 963 5292 1057 5346; x_wconf 87' lang='lat' dir='ltr'><strong>babent</strong></span> <span class='ocrx_word' id='word_1_742' title='bbox 1069 5293 1180 5362; x_wconf 64' lang='lat' dir='ltr'><strong>lintona]</strong></span> <span class='ocrx_word' id='word_1_743' title='bbox 1629 5312 1631 5318; x_wconf 86' lang='lat'><em>.</em></span> 
     </span>
    </p>
   </div>
   <div class='ocr_carea' id='block_1_11' title="bbox 0 0 1868 5978">
    <p class='ocr_par' dir='ltr' id='par_1_12' title="bbox 0 0 1868 5978">
     <span class='ocr_line' id='line_1_63' title="bbox 0 0 1868 5978; baseline 0 2"><span class='ocrx_word' id='word_1_744' title='bbox 0 0 1868 5978; x_wconf 95' lang='lat' dir='ltr'><strong> </strong></span> 
     </span>
    </p>
   </div>
  </div>
 </body>
</html>
