3742 5970
77 508 150 587 9¹⁰
207 485 209 488 Α

78 629 205 691 nudatus.
220 624 335 689 Etiamsi
346 626 417 686 enim
428 626 549 687 velamen
562 625 681 718 corporis
691 624 822 706 deposue

77 711 127 786 rit,
151 721 179 767 at
202 707 350 766 castitatem
371 726 448 765 suam
469 719 495 764 et
512 727 588 788 spem
610 727 638 764 ιιι
655 706 745 765 Deum
768 723 821 762 non

82 786 223 868 deposuit,
242 785 291 844 sed
304 783 338 844 ad
352 786 441 843 Deum
452 784 499 843 ille
511 805 619 845 causam
633 804 710 843 suam
721 783 823 844 retulit.

79 866 199 926 lloedum
210 872 369 937 mactarunt,
382 862 501 923 tunicam
515 865 573 944 ejus
588 864 717 943 sanguine
731 861 821 942 reple-

80 957 191 1021 verunt,
207 957 233 1002 et
246 942 316 1033 patri
332 943 444 1002 attulere
457 942 591 1002 dicentes:
605 947 725 1022 Agnosce
744 940 823 1077 ουρίιε

80 1024 117 1083 sit
131 1023 189 1082 haec
199 1035 300 1082 tunica.
318 1022 438 1101 Agnovit
470 1036 527 1080 ater
540 1022 590 1081 filii
604 1023 722 1081 tunicam
739 1041 775 1100 po
787 1040 822 1100 y-

80 1102 185 1162 mitam.
201 1103 306 1180 Lugere
319 1101 400 1182 eoepit
413 1045 469 1160 eti

80 1181 147 1241 luat:
160 1181 226 1239 Fera
240 1178 356 1262 pessima
372 1179 513 1239 devoravit
527 1181 637 1262 loseph.
662 1183 735 1241 Vere
751 1178 822 1238 enim

80 1261 144 1320 ferae
177 1259 278 1319 essimm
293 1272 368 1318 erant
385 1260 432 1338 qni
448 1260 506 1319 haec
525 1261 653 1334 fecerant3
679 1259 734 1317 ime
759 1257 823 1338 ipsis

81 1339 145 1399 seris
157 1282 310 1411 lenonium,
327 1338 375 1417 qui
388 1339 499 1398 consilio
512 1338 579 1398 inito
591 1339 700 1398 fratrem
714 1337 822 1397 occide-

81 1419 146 1489 rint,
157 1432 183 1477 et
194 1416 372 1477 fratricidium
384 1431 536 1499 perpetrare
546 1418 688 1478 voluerint.
700 1421 823 1477 Attamen

81 1498 176 1562 heatus
192 1498 293 1578 Joseph
307 1511 461 1557 concertans
481 1519 542 1557 cum
557 1497 684 1578 patientia
697 1496 797 1556 ferebat
814 1518 820 1552 :

82 1577 195 1668 injectus
210 1578 289 1635 estin
303 1576 393 1635 lacum
400 1601 409 1654 3
425 1576 454 1636 id
468 1599 574 1657 quoque
587 1576 720 1636 toleravit.
735 1575 824 1635 Dicite

82 1657 163 1731 mihi,
188 1676 205 1714 ο
224 1655 391 1728 exsecrandi,
413 1678 461 1717 cur
480 1671 581 1716 tantam
600 1653 825 1715 inhumanitatem

81 1735 111 1794 in
125 1737 235 1795 fratrem
248 1734 415 1794 admisistis?
432 1756 485 1795 non
499 1737 563 1794 satis
579 1737 630 1795 suit
643 1734 732 1806 vobis,
752 1731 824 1824 quod

82 1814 163 1874 illum
182 1813 273 1872 tunica
287 1813 416 1873 exueritis
429 1819 537 1894 :ipsum
555 1815 635 1875 etiarn
650 1807 778 1893 injecistis
796 1813 824 1872 in

81 1893 193 1953 lacum?
213 1913 265 1950 nun
287 1893 422 1973 cogitastis
435 1895 524 1952 Deum
543 1895 572 1952 in
590 1895 655 1952 caelo
670 1893 761 1951 omnia
781 1892 824 1953 ri·

81 1969 167 2032 dere?
190 1991 242 2030 non
252 1970 393 2030 exhorruit
406 1993 503 2053 corpus
513 1973 657 2031 vestrum?
667 1993 720 2031 non
731 1972 825 2031 formi-

81 2051 160 2111 davit
184 2071 230 2110 cor
251 2064 383 2127 vestrum,
407 2073 469 2110 cum
488 2051 540 2110 hoc
557 2053 644 2110 lacere
664 2050 723 2113 ausi
740 2051 825 2110 estis?

81 2130 190 2190 nescitis
203 2129 323 2209 primum
337 2131 404 2209 legis
419 2144 587 2220 preceptum
609 2153 675 2205 esse,
692 2132 761 2190 Non
777 2150 824 2190 oc·

81 2210 161 2270 eides
172 2233 182 2264 .·
194 2223 220 2267 et
233 2210 285 2267 hoc
302 2208 330 2269 in
365 2210 440 2268 rimus
453 2211 540 2269 facere
553 2211 677 2287 curastis,
693 2210 824 2269 maxime·

81 2289 175 2367 quein
189 2287 321 2347 lraucm?
337 2232 363 2347 ll

81 2381 146 2426 runt
166 2366 245 2426 illum
262 2366 377 2427 vendere
391 2367 418 2427 in
431 2368 596 2428 servitutem.
622 2368 825 2429 Descendebant

81 2445 224 2506 ismaelita
241 2447 269 2504 in
294 2447 364 2527 ὣς]
384 2459 461 2505 tum:
473 2448 597 2507 viderunt
617 2469 671 2522 eos,
694 2462 720 2508 et
737 2462 824 2508 extra·

81 2541 182 2585 xerunt
205 2525 284 2584 illum
309 2526 345 2585 dc
366 2470 453 2602 lacu,
481 2541 508 2586 et
525 2526 704 2586 vendiderunt
734 2548 824 2606 regem

82 2624 173 2679 strum,
186 2604 263 2681 quasi
280 2603 365 2683 isqui
379 2619 553 2673 sumserat,
569 2628 716 2685 numquam
731 2626 825 2685 regna·

81 2695 160 2742 turus
174 2697 252 2742 esset.
271 2682 472 2743 Descendcrunt
486 2685 514 2743 in
528 2685 687 2767 AEgyptum.
707 2685 743 2745 Et
761 2685 826 2745 vide

82 2761 219 2839 quomodo
240 2763 352 2820 tentatio
372 2764 542 2823 tentationem
562 2765 706 2845 exceperit.
730 2767 824 2845 lpsum

81 2841 206 2900 convenit
220 2841 350 2979 AEgthia
364 2867 371 2900 ι
384 2843 533 2923 pernicioso
548 2845 630 2903 verbo
640 2845 745 2924 justum
758 2844 823 2902 alli-

48 2941 141 2996 7.cere
159 2922 269 2980 tentarit
307 2921 387 2994 icens,
403 2924 511 2980 Dornu'
526 2944 648 2995 mecum,
670 2938 696 2982 et
713 2924 824 3004 prumia

80 2999 204 3090 donaque
226 3000 275 3059 tibi
297 3001 526 3079 praebebotsctvi
550 3003 602 3061 mei
627 3002 678 3060 snb
698 3002 824 3062 manibus

80 3080 135 3138 tuis
149 3093 213 3151 srnt,
229 3078 327 3160 opibus
344 3092 369 3138 te
382 3080 466 3139 variis
479 3095 506 3139 et
518 3082 612 3141 multis
622 3081 725 3156 ditabo,
739 3095 823 3141 totam

80 3157 193 3219 domum
207 3179 294 3217 meam
308 3158 358 3216 tibi
373 3159 548 3236 committam,
562 3174 588 3220 et
599 3181 648 3241 ego
662 3160 758 3220 ancilla
776 3174 822 3220 tna

81 3260 127 3298 ere
151 3238 267 3298 :solum
292 3237 446 3318 obtempera
464 3240 544 3312 mihi,
570 3240 690 3321 loseph,
717 3241 822 3300 uulneri

82 3339 141 3378 meo
156 3317 373 3393 tcaccorumoda,
389 3319 530 3397 exstingue
542 3321 679 3379 [lammam
694 3320 820 3379 inlusar-

798 501 929 551 SPURll.

873 614 998 683 Ἧλθενὸ
1012 623 1075 681 ἀδελ
1132 623 1197 702 πρὸς
1210 618 1322 695 αὐτοὺς,
1334 619 1383 679 καὶ
1392 628 1406 653 ⁸
1417 617 1568 679 ἀπέειδυσαν
1579 623 1641 683 ulum

874 702 919 761 τὸν
933 707 1085 783 γιτῶνα·οἰ
1121 705 1188 761 ’oux
1203 700 1313 778 ἐγένετο
1331 700 1438 778 γυμνὸς
1459 702 1641 779 τῆςθπομοιῆς,

875 782 910 840 El
923 771 975 860 γθρ
988 781 1034 839 καί
1054 782 1084 840 τδ
1104 780 1233 858 κάλυμμα
1254 783 1307 850 τῆς
1322 779 1428 858 σαρκὸς
1453 777 1577 850 ἀπέθετο,
1591 781 1643 839 fut

874 858 924 930 τὴν
935 859 1103 940 σωφροσύνην
1115 862 1192 918 αὐτοῦ
1202 859 1251 918 καί
1262 858 1316 930 τὴν
1330 858 1434 918 ἐλπίδα
1444 858 1497 928 τὴν
1506 859 1584 924 είςτδν
1591 859 1644 918 Gur

875 940 923 997 οὐκ
935 943 1061 1012 ἀπέθετο,
1072 941 1089 1012 ἢ
1103 940 1148 999 καὶ
1157 938 1282 1017 ἀνέφερεν
1298 942 1385 997 αὐτοῦ
1398 935 1452 1008 τὴν
1467 935 1553 1007 δίκην.
1562 935 1644 1016 'Ee-se·

876 1016 921 1086 ξαν
936 1016 1033 1098 ἔριφον,
1052 1017 1171 1091 ἔπλησαν
1181 1018 1228 1075 τὸν
1241 1015 1343 1076 τούτου
1357 1020 1470 1096 χιτῶνα
1484 1015 1600 1093 αίματος,
1610 1017 1644 1074 καί

461 1101 602 1178 amentari,
619 1101 736 1178 flensque
750 1099 823 1159 dice·
840 1105 859 1152 B
875 1097 1060 1235 προοήγφγιαν
1075 1102 1114 1177 τῷ
1131 1096 1214 1176 πατρί
1235 1097 1384 1174 λέγοντες,
1419 1093 1550 1172 ἕπίγνωθι
1565 1095 1644 1158 rival

875 1177 958 1256 χιτὼν
1001 1199 1052 1242 τος.
1067 1175 1213 1256 Ἐπίγνωὸ
1229 1175 1328 1254 πατὴρ
1351 1174 1402 1233 τδν
1416 1179 1466 1233 τοῦ
1483 1177 1539 1232 υἱοῦ
1551 1175 1645 1234 ποικίλαν

898 1260 990 1314 ιτῶνα·
1004 1255 1103 1334 ἤρξατο
1124 1260 1228 1314 πενθεῖν
1247 1256 1298 1314 καὶ
1321 1254 1489 1334 ὀδύρεσθαι,
1504 1254 1549 1312 καί
1566 1258 1645 1332 iprum

920 1358 967 1413 γε,
981 1335 1070 1415 θηρίον
1094 1334 1207 1416 πονηρὸν
1226 1333 1372 1414 κατέφαγε
1391 1333 1443 1391 τδν
1459 1331 1567 1412 Ἰωσήφ.
1578 1336 1647 1410 Θῆρις

895 1413 928 1494 ἀρ
941 1417 1045 1486 ἀληθῶς
1057 1413 1102 1472 καί
1117 1413 1228 1492 πονηροί
1241 1418 1266 1473 οἱ
1281 1419 1368 1472 τοῦτο
1378 1412 1560 1484 ποιήσαντες,
1569 1414 1647 1488 nititur

875 1436 905 1551 θὲ
919 1496 963 1551 καί
974 1499 1026 1552 τῶν
1043 1493 1139 1572 θηρίων
1154 1492 1338 1572 ἀγριώτεροι,
1352 1492 1404 1550 ἅτε
1420 1492 1469 1549 τὸν
1483 1490 1547 1549 ἴδιον
1559 1491 1646 1567 ἀδελφίν

878 1575 1030 1633 θανατῶσαι
1043 1571 1312 1650 συμόουλευσιίμενοι
1323 1571 1375 1630 καὶ
1391 1568 1593 1651 ἀδελφοκτονίαν
1605 1573 1648 1647 βον

876 1650 982 1730 λόμενοι
1001 1652 1169 1733 ἐργάσασθαι
1184 1649 1257 1709 Ἀλλ’
1281 1650 1364 1729 ὅμως
1384 1656 1400 1709 ὁ
1428 1650 1560 1729 μακάριος
1571 1647 1650 1718 lucie

876 1731 1018 1808 ιγωιαω
1037 1736 1071 1810 τι
1091 1733 1229 1808 ὑπομονῇ·
1250 1731 1363 1802 tentor,
1396 1733 1426 1789 a
1449 1733 1490 1810 τι,
1505 1730 1602 1809 mu,
1616 1714 1650 1786 ut

876 1814 955 1869 τοῦτο
977 1810 1124 1886 ὑπέμεινεν.
1138 1811 1243 1869 Εἴπατε
1267 1809 1301 1868 δέ
1327 1832 1396 1886 μοι,
1415 1798 1440 1867 fit
1458 1809 1562 1886 μιαροὶ,
1581 1806 1650 1866 tart

877 1887 1010 1962 τοσαύτην
1023 1889 1214 1969 ἀπανθρωπίαν
1231 1888 1394 1948 Ι’έὸἀλεσθε
1409 1892 1451 1955 είς
1460 1889 1507 1947 τόν
1521 1888 1580 1953 ἴδιοι
1589 1888 1650 1946 ἀδελ·

877 1968 941 2047 φόνς
955 1971 1003 2029 οὐκ
1014 1967 1125 2050 ἤρκεσεν
1138 1974 1199 2046 ὑμῖν
1210 1973 1232 2041 ἢ
1241 1975 1292 2028 τοῦ
1311 1972 1437 2048 χιτῶνος
1452 1967 1588 2038 ἀπόδυσις,
1599 1965 1650 2024 ἀλλά

877 2048 923 2105 καί
935 2048 1012 2107 αθτδν
1024 2048 1148 2131 ἐρρίψατε
1159 2050 1186 2105 ἐν
1197 2051 1237 2126 τῷ
1248 2048 1369 2128 λοίκκιρς
1383 2050 1438 2106 οὐκ
1457 2047 1608 2124 ἐλογίζισθε,
1618 2045 1649 2102 ότι

877 2127 972 2195 όΘεδς
991 2130 1017 2187 ἐν
1044 2131 1144 2209 οὐρανῷ
1161 2133 1211 2207 ὁρᾷ
1224 2127 1258 2186 τὰ
1274 2127 1390 2201 πάντας
1402 2128 1456 2187 οὐκ
1478 2125 1575 2206 ἔφριξεν
1592 2128 1649 2201 ὑμῶν

877 2204 908 2265 τδ
923 2209 1016 2283 σῶμα;
1030 2209 1078 2266 οὐκ
1097 2206 1240 2266 ίδειλίασεν
1255 2208 1341 2284 ὑμῶν
1360 2211 1381 2278 ἡ
1398 2206 1501 2286 καρδία
1522 2211 1648 2282 τοῦτοτρί-

363 2288 441 2347 einde
454 2289 547 2349 habito
563 2289 685 2363 consiliu,
700 2288 825 2348 decreve-
843 2307 862 2358 c
878 2283 919 2353 ξαι
932 2287 1104 2363 τολμήσασας
1115 2288 1162 2345 οὐκ
1177 2285 1269 2345 οἴδατε
1280 2331 1289 2357 ,
1302 2285 1348 2344 ὅτι
1367 2289 1386 2357 ἧ
1410 2285 1512 2368 πρώτα,
1525 2281 1650 2353 {malaleel

877 2363 1028 2440 νόμου,οθ
1043 2365 1187 2447 φονεύσεις,
1201 2365 1248 2424 καί
1262 2371 1349 2424 τοῦτο
1362 2368 1393 2424 ἐν
1415 2363 1536 2442 πρώτοις
1544 2362 1648 2422 imat-

877 2465 941 2502 σατε
952 2447 1063 2515 ποιῆσαι
1081 2445 1198 2525 μαλιστα
1213 2447 1249 2510 εἰς
1273 2445 1417 2524 ἀδελφόν;
1432 2436 1505 2504 Εἶτα
1518 2440 1649 2520 συμθαίλισι

876 2522 1050 2601 ποιησόμενοι
1070 2523 1199 2605 ἐπήροντο
1212 2529 1312 2582 τοῦτον
1335 2527 1376 2592 είς
1392 2523 1519 2582 δουλείαν
1537 2523 1648 2589 πωλῆσαι

879 2604 1016 2673 Κατῆλθον
1027 2605 1051 2661 oi
1061 2603 1231 2682 Ἰσραηλῖται
1242 2606 1284 2668 είς
1305 2603 1456 2681 Αἴγυπτον
1468 2627 1475 2640 ·
1488 2593 1552 2661 εἶδον
1562 2599 1647 2668 πίτυός,

877 2682 922 2740 καί
935 2683 1080 2760 ἀνήνεγκαν
1096 2682 1173 2743 αὐτόν
1187 2686 1217 2742 ἐκ
1226 2686 1275 2740 τοῦ
1293 2682 1426 2752 λάκκου,
1442 2682 1490 2740 καὶ
1500 2679 1648 2741 τωλῶσιτδν

877 2763 975 2820 tumn
991 2763 1117 2840 βασιλέα,
1131 2766 1168 2828 ὡς
1181 2761 1322 2839 μηδέποτε
1337 2763 1441 2822 δούλου
1459 2758 1646 2840 &unledam-

876 2840 1014 2912 Κατῆλθον
1028 2845 1063 2908 είς
1076 2841 1218 2923 Αἴγυπτον.
1229 2841 1287 2900 Καὶ
1308 2841 1363 2923 ὅρα
1378 2845 1443 2909 πῶς
1454 2839 1594 2923 πειρασμὸς
1602 2861 1647 2896 nst·

894 2920 979 2997 ασμδν
993 2920 1133 3001 διεδέχετο,
1152 2920 1311 3024 Προσετέθη
1334 2923 1415 3001 αύτῷ
1432 2919 1578 2999 Αἰγυπτία·
1597 2918 1647 2994 βλι-

876 2941 946 3078 ίερῷ
957 3004 996 3079 τῷ
1011 2999 1082 3081 λόγῳ
1095 3001 1139 3060 τδν
1162 3002 1263 3059 δικαιον
1280 3001 1420 3080 ἐπειρᾶτο
1436 3003 1520 3080 συλᾷν
1539 2999 1647 3075 λέγωσι,

876 3079 1028 3156 Κοιμήθητι
1045 3084 1102 3157 μετ’
1118 3084 1195 3158 ἐμοῦ,
1206 3079 1253 3138 καί
1272 3079 1361 3155 τιμὰς
1376 3080 1429 3138 καί
1439 3079 1513 3158 δῶρά
1528 3101 1566 3138 σοι
1578 3076 1647 3154 περί-

875 3179 984 3236 σρωμαι
992 3163 1037 3259 :ot
1053 3159 1079 3257 dl
1095 3161 1154 3238 ἐμοί
1165 3158 1267 3219 οἰκέται
1282 3159 1337 3218 ὑπὸ
1355 3158 1411 3260 τάφς
1422 3158 1474 3226 σὰς
1484 3155 1647 3255 χεῖραςίστιν

873 3259 1125 3384 statuuat
1141 3238 1648 3399 ιιιιιιιιιιιιι

81 3397 201 3474 dentem,
213 3419 258 3456 eor
273 3418 363 3455 meum
376 3399 473 3456 affectu
488 3399 585 3458 ardens
599 3399 736 3478 refrigera,
756 3399 824 3458 infe·
840 3406 860 3452 θ
875 3418 921 3455 σου
933 3397 1077 3476 θεράπαινα
1087 3397 1219 3474 γένωμαι·
1234 3397 1316 3473 μόνον
1329 3398 1466 3468 πείσθητί
1482 3419 1540 3474 μοι,
1553 3393 1646 3490 Ἰωσὴφ,

81 3477 128 3535 lici
139 3477 234 3535 animae
246 3497 311 3534 meac
321 3490 346 3534 te
354 3489 510 3556 attempera.
527 3479 577 3537 llle
588 3500 651 3537 vero
663 3478 823 3559 respondeus

81 3555 207 3614 dixit:0
230 3554 338 3627 mulier,
362 3576 454 3614 servus
479 3577 615 3635 nunquam
637 3557 752 3627 fueram,
776 3557 824 3617 sed

102 3655 132 3692 er
146 3633 277 3692 invidiam
291 3647 316 3690 et
336 3633 449 3692 livorem
461 3656 554 3693 servus
567 3636 621 3695 huc
633 3635 769 3697 descendi.
783 3639 824 3696 Ne

81 3655 165 3772 ioedes
186 3734 271 3771 meam
287 3711 444 3786 castitatem,
465 3735 498 3772 ne
513 3714 632 3795 abripias
645 3737 733 3774 meam
747 3717 825 3776 nohi-

80 3791 185 3852 litatem
198 3816 204 3849 :
217 3813 269 3851 non
289 3792 376 3872 prodo
396 3814 502 3851 sensum
516 3815 614 3869 meum,
633 3816 685 3853 non
705 3817 748 3854 me
757 3818 825 3886 pro-

79 3872 145 3953 jicio
165 3872 193 3931 in
208 3894 238 3931 os
251 3872 354 3945 mortis,
376 3892 429 3931 non
466 3872 530 3932 erdo
544 3874 649 3953 generis
662 3875 715 3933 mei
734 3873 824 3955 digni·

81 3965 173 4011 tatem.
194 3952 340 4011 Abrahami
355 3974 415 4011 sum
429 3895 556 4033 alinepos,
574 3954 621 4032 qui
636 3975 698 4012 cum
716 3956 773 4013 Deo
786 3956 825 4013 lo·

49 4085 55 4099 ,
82 4046 183 4110 qnutns
201 4045 240 4091 est
264 4052 326 4090 cunr
345 4031 454 4106 fiducia,
476 4033 518 4090 cui
534 4035 608 4092 Dens
627 4033 724 4092 dixit:
741 4035 825 4093 Certe

82 4113 253 4170 benedicens
281 4113 450 4169 benedicum
479 4115 542 4183 tibi,
568 4126 596 4171 et
624 4113 824 4193 multiplicans

876 3477 1057 3553 συγκατόὸηθι
1071 3480 1110 3534 τῶ
1123 3477 1257 3556 τραύματι
1282 3480 1323 3533 τῶ
1347 3474 1646 3557 ἡμετέρῳ,σόε’σοντηι

877 3553 949 3612 ίνδον
971 3537 1146 3632 ἔκκαιομένην
1174 3556 1274 3637 φλόγα,
1302 3536 1436 3633 δρόσισόν
1458 3579 1509 3632 μου
1533 3553 1578 3624 τὴν
1595 3573 1647 3629 καρ

878 3633 936 3691 θίαν
949 3634 997 3706 τὴν
1014 3637 1164 3711 ἀθυμοῦσαν
1184 3640 1222 3717 τῷ
1243 3634 1343 3707 πόθει,
1363 3634 1595 3716 certamenque}
1608 3633 1647 3708 ἐμῇ

879 3713 999 3794 δυστήνῳ
1020 3717 1102 3794 ψυχῇ.
1121 3715 1156 3775 Ὁ
1180 3714 1208 3774 δὲ
1235 3715 1400 3794 ἀποκριθεὶς
1424 3706 1515 3773 εἶπεν·
1534 3717 1555 3770 ὠ
1573 3711 1647 3788 γύναι,

878 3794 968 3860 δοῦλος
992 3792 1039 3871 μέν
1063 3793 1157 3871 γέγονα
1180 3792 1356 3855 οὐδεπώποτε
1370 3817 1377 3829 ·
1393 3794 1441 3853 διὰ
1465 3792 1494 3851 δὲ
1518 3791 1602 3872 φθόνον
1614 3788 1647 3845 mi

879 3873 1026 3951 βασκανίαν
1051 3876 1087 3940 εἰς
1108 3873 1226 3932 δουλείαν
1250 3874 1394 3941 κατῆλθον
1418 3874 1525 3932 ἐνθάδε.
1544 3874 1582 3929 (λθ
1600 3866 1648 3944 nti·

878 3974 923 4029 νῃς
940 3975 989 4028 μου
1003 3950 1051 4022 τὴν
1063 3952 1243 4034 σωφροσύνην,
1258 3956 1289 4010 οὐ
1301 3954 1391 4033 συλᾷς
1406 3977 1461 4030 μου
1471 3952 1522 4022 τὴν
1530 3951 1648 4027 εὐγένειαν

878 4032 907 4089 ot
922 4032 1038 4109 προδιδῶ
1054 4055 1103 4108 μου
1118 4033 1147 4091 τὸ
1171 4031 1313 4113 φρόνημα,
1329 4033 1363 4088 οὐ
1382 4034 1474 4114 ρίπτω
1498 4029 1603 4108 ἐμαυτὸν
1622 4028 1649 4090 εἰς

877 4109 907 4168 τό
919 4110 1005 4187 στόμα
1016 4118 1062 4170 τοῦ
1076 4111 1200 4182 θανᾶτου,
1214 4113 1261 4170 οὐκ
1274 4109 1423 4187 ἀπολλυμι
1436 4110 1487 4181 τὴν
1506 4115 1558 4167 τῶν
1575 4129 1649 4184 σιγγε

877 4193 929 4248 νῶν
951 4214 1001 4267 μου
1025 4190 1109 4259 ἀξίαν.
1120 4190 1246 4269 Ἔγγονός
1269 4192 1325 4266 είμι
1345 4197 1398 4248 τοῦ
1411 4188 1539 4268 {ilipula
1560 4187 1649 4244 utre

877 4273 940 4349 Θεῷ
961 4271 1066 4350 διαλεγο
1090 4269 1146 4329 ένου
1159 4268 1226 4348 μετὰ
1245 4261 1466 4350 medensium}
1485 4268 1649 4345 aerumnae

876 4350 945 4414 Θεὸς
959 4339 1045 4407 εἶπεν·
1087 4353 1098 4408 l
1121 4349 1173 4426 μὴν
1190 4350 1305 4424 εὐλογῶν
1321 4349 1472 4427 εὐλογήσω
1484 4371 1530 4416 σε,
1542 4348 1584 4404 καὶ
1595 4345 1649 4411 τίς·

877 4429 960 4487 θύνων
973 4431 1096 4500 πληθυνῶ
1109 4429 1139 4487 τδ
1154 4426 1262 4508 σπέρμα
1275 4449 1342 4499 σου,
1360 4432 1401 4494 ὡς
1415 4428 1452 4487 τὰ
1464 4429 1550 4508 ἄστρα
1563 4430 1603 4484 τοῦ
1615 4423 1649 4479 ui·

81 4190 285 4270 multiplicabo
299 4211 397 4248 semen
410 4204 490 4249 tuum
502 4196 577 4250 sicut
590 4193 691 4251 stellas
704 4194 779 4263 coeli,
796 4206 824 4252 et

80 4274 157 4328 sicut
177 4290 299 4327 arenam
320 4291 385 4347 que
399 4283 442 4328 est
461 4274 492 4327 in
508 4272 606 4329 littore
625 4277 726 4331 meris.
748 4277 824 4330 Artas

79 4368 156 4406 meus
169 4361 207 4405 est
220 4349 294 4405 lsaac
308 4348 362 4420 ille,
382 4349 427 4427 qui
448 4349 473 4407 in
485 4350 648 4409 sacrificium
660 4373 688 4410 se
700 4351 824 4410 alacriter

79 4426 181 4485 obtulit
199 4449 205 4481 :
223 4442 298 4505 pater
322 4448 397 4484 meus
421 4440 460 4486 est
473 4430 567 4505 Jacob,
590 4431 636 4508 qui
652 4452 713 4488 cnm
729 4432 823 4509 angelo

78 4505 197 4565 luctatus
210 4519 258 4579 est,
281 4505 326 4563 ille
339 4505 386 4584 qui
401 4506 470 4564 vidit
483 4509 614 4568 calestem
627 4511 741 4581 scalam,
764 4532 823 4588 quoe

79 4597 175 4644 aterrn
189 4585 216 4642 in
228 4585 323 4643 calum
335 4586 440 4643 lirmata
450 4589 663 4666 cratetangelos
673 4589 723 4648 Dei
733 4611 824 4648 aseen-
877 4588 984 4657 λίσσης.
1000 4588 1115 4654 Ποίππος
1130 4612 1179 4665 μου
1199 4584 1329 4664 τυγχάνει
1345 4585 1354 4605 ’

79 4663 172 4723 dentes
192 4677 218 4722 et
236 4662 434 4722 descendentes.
459 4664 547 4747 llujns
573 4669 646 4727 filius
666 4689 726 4727 sum
746 4691 752 4724 :
771 4690 823 4728 non
877 4666 967 4727 θυσίαν
981 4668 1072 4726 ἑαυτὸν
1084 4664 1229 4742 ἀνενεγκὼν
1241 4663 1412 4741 προθύμως·
1425 4666 1521 4743 πατήρ
1534 4665 1579 4742 μού
1592 4666 1647 4720 ἐστιν

80 4764 141 4802 sum
158 4743 303 4822 fugitivus,
322 4764 375 4802 non
390 4745 502 4803 acerbus
512 4768 520 4818 ς
548 4768 599 4805 non
619 4747 761 4807 damnatus
779 4747 824 4807 hic
840 4765 859 4813 tt
876 4745 975 4805 Ἰακὼό
988 4751 1003 4804 ὁ
1017 4746 1085 4822 μετὰ
1108 4746 1219 4824 ἀγγέλου
1242 4745 1401 4812 παλαίσας,
1421 4750 1551 4808 &sinoce
1569 4739 1647 4801 θιατί-

77 4822 206 4882 vcnditns
220 4844 292 4899 sum,
315 4823 361 4881 sed
375 4845 425 4903 per
439 4824 570 4884 iuvidiam
585 4841 610 4884 et
629 4827 753 4885 livorem.
784 4831 823 4888 Ut
874 4849 953 4904 μενοι
964 4825 1012 4894 τὴν
1024 4825 1141 4907 οὐράνιον
1155 4824 1277 4901 κλίμακα
1289 4823 1338 4881 καὶ
1357 4824 1417 4883 ἀπὸ
1428 4829 1479 4895 τῆς
1501 4826 1647 4899 *sitim*

75 4920 141 4963 vero
154 4901 210 4960 suis
223 4904 392 4962 sermonibus
407 4924 460 4962 non
476 4905 566 4984 potuit
579 4906 656 4965 illum
669 4906 704 4965 ad
718 4907 822 4966 adulte·
874 4905 975 4984 γμένην
989 4904 1038 4970 ἕως
1049 4910 1094 4962 τοῦ
1109 4908 1232 4985 οὐρανοῦ,
1246 4901 1294 4961 καί
1305 4901 1373 4971 τοὺς
1386 4904 1520 4982 ἀγγέλους
1531 4908 1574 4960 τοῦ
1590 4900 1646 4958 6ιῶ

74 4981 147 5038 rium
165 4979 317 5056 deducere,
344 5001 430 5059 neque
449 4984 598 5043 castitatem
630 4987 687 5076 ejus
711 4985 821 5046 blandis
874 4985 1063 5051 ἀναίαίνοντας
1083 4984 1128 5043 καθ
1148 4981 1377 5050 καταόαίνοντας.
1397 4981 1508 5042 Τούτου
1526 4982 1578 5059 εἰμὶ
1593 4977 1644 5039 utic·

73 5058 187 5137 eloquiis
198 5060 368 5138 labefactare,
383 5060 500 5121 detinuit
510 5084 571 5123 cum
587 5079 761 5125 vestimento:
774 5067 819 5125 ille
872 5068 920 5124 οὐκ
938 5063 991 5141 εἰμί
1006 5062 1138 5143 δραπέτης
1152 5060 1210 5122 οὐδὲ
1229 5060 1408 5139 ἀμείλικτος·
1424 5063 1454 5120 od
1468 5055 1644 5138 mummi<

878 4512 970 4588 ρανοῦ,
982 4509 1027 4566 καί
1038 4513 1073 4576 ὡς
1089 4509 1136 4581 τὴν
1149 4508 1236 4584 ἄμμον
1250 4505 1300 4576 τὴν
1312 4506 1396 4644 παρδι
1407 4508 1440 4565 τὸ
1453 4510 1545 4587 χεῖλος
1559 4510 1601 4575 τῆς
1612 4507 1648 4559 θα·

1372 4587 1465 4657 mlx,
1480 4589 1601 4651 ἐκεῖνοςό
1615 4579 1648 4639 tel

104 5273 113 5293 ¹¹
127 5255 223 5321 [Sunii.
238 5267 266 5309 ie.
278 5260 434 5320 ἀπιξιθυσαν]
914 5267 925 5301 h
939 5262 1031 5328 [Sutil.
1047 5274 1073 5315 ie
1089 5269 1186 5329 ἀπαιθρ.
1201 5262 1310 5321 ἐπιδείξαι
1322 5264 1448 5313 ι’ἓούλιαθε
1463 5261 1515 5323 τίς]
