3728 5978
62 447 68 457 ·
130 409 202 510 098
476 433 506 480 s.
533 428 673 482 ioannis
699 429 880 479 cunrsosn.
909 429 1066 480 nncnrnr.
1094 427 1375 477 consranmnor.

131 578 167 616 ex
181 555 252 630 fide,
262 555 328 615 fides
336 577 370 614 ex
379 554 491 634 auditu,
505 555 614 615 auditus
625 576 660 613 en
671 551 874 635 praedicatione,
929 556 1051 625 στεῦται,
1063 550 1094 610 τὸ
1106 551 1133 612 δὲ
1145 557 1288 612 πιστεῦσαι
1298 553 1332 610 ἐκ
1344 554 1395 609 τοῦ·
1407 551 1548 622 ἀκοῦσαι,
1559 550 1590 608 τὸ
1602 549 1627 607 δὲ
1639 553 1695 609 dael·

132 645 288 728 praedicatio
301 669 335 706 ex
356 647 495 721 missione,
514 646 555 705 illi
579 667 644 706 vcro
666 644 741 705 missi
769 657 875 704 suntet
930 641 1276 722 σαιάκτοῢκηρῦξαητὸδί
1289 640 1698 722 κηρῦξαιέιιτῶἀποσταλῇντι,

132 737 364 821 praedicaverunt,
382 754 484 799 etcum
507 738 563 798 illis
586 738 716 820 proplreta
744 735 889 795 circuibat>
929 734 1116 809 ἀπεστάλησαν
1125 734 1152 795 δὲ
1164 735 1209 794 καί
1223 732 1373 814 ἐκήρυξαν,
1388 733 1441 792 καί
1455 734 1520 812 μετ’
1535 735 1622 791 αὗτιῗιν
1633 738 1700 812 bap„

132 831 195 893 illos
204 829 359 907 ostendens,
374 844 400 891 et
411 830 559 913 praedicans
573 829 734 910 dicensque:
749 828 786 887 lli
802 843 874 905 sunt,
929 827 1014 907 νήτης
1032 826 1138 908 περιῄει
1153 826 1254 895 δεικνὺς
1275 825 1377 894 αὐτούς
1391 825 1446 886 καὶ
1468 824 1657 908 ἀνακηρύττων
1670 827 1701 884 καὶ

132 943 200 1002 ques
217 943 232 980 a
256 922 349 983 multis
371 937 443 982 retro
468 923 636 1004 temporibus
651 921 875 994 manifestabam,
928 919 1023 999 λέγων,
1037 920 1076 979 ότι
1091 911 1162 980 οὑτοί
1175 924 1254 991 εἰσιν,
1265 917 1311 985 ebe
1330 917 1387 999 πρὸ
1411 918 1531 978 πολλῶν
1545 916 1642 976 ἀνωθεν
1658 919 1702 975 tti-

134 1035 250 1092 quorum
264 1014 344 1074 etiam
356 1014 436 1096 pedes
453 1014 624 1074 celebrabam
632 1014 667 1072 ob
679 1012 876 1094 predicationis
928 1013 990 1069 λουν
1001 1010 1114 1092 χρόνων,
1133 1002 1169 1071 ὧν
1184 1010 1230 1070 καὶ
1243 1008 1302 1076 τοὺς
1320 1009 1414 1078 πόδας
1424 1007 1616 1087 ἐνεκωμίαζεν
1628 1009 1702 1068 idm

133 1105 246 1165 modum
258 1131 264 1164 :
277 1107 365 1188 palam
376 1120 415 1167 est
429 1106 534 1186 igitur,
550 1105 621 1185 quod
632 1126 685 1164 non
700 1103 875 1180 crediderint,
928 1108 973 1163 τοῦ
987 1104 1156 1184 κηρύγματος
1170 1103 1280 1185 τρόπον·
1298 1101 1433 1176 ε’ύδηλσν,
1453 1101 1500 1161 δτι
1521 1102 1555 1162 τὺ
1569 1100 1607 1180 μή
1621 1109 1702 1161 acze

132 1198 241 1258 illorum
253 1200 333 1281 culpa
343 1200 445 1259 factum
457 1220 513 1258 esse
528 1223 534 1257 ι
550 1220 612 1258 nam
625 1220 640 1257 a
655 1200 713 1258 Deo
727 1196 815 1257 omnia
826 1196 875 1254 im·
929 1219 992 1270 σαι,
1003 1195 1109 1255 ἐκείνων
1120 1197 1241 1275 ἔγκλημα
1251 1193 1347 1273 γέγονε
1360 1193 1469 1272 μόνον·
1482 1195 1533 1253 καὶ
1544 1195 1599 1275 γάρ
1608 1194 1640 1252 τό
1650 1197 1702 1278 ταρὶ

131 1291 203 1372 plcta
219 1303 289 1350 sunt.
304 1294 352 1351 16.
364 1292 421 1350 Sed
429 1312 488 1350 non
498 1311 596 1350 omnes
606 1291 776 1349 obedierunt
786 1309 875 1346 evan·
884 1326 920 1365 „1
928 1289 999 1347 Θεοῦ
1013 1287 1101 1346 πάντα
1113 1287 1283 1365 ἀπήρτισται.
1293 1285 1368 1345 Ἀλλ’
1395 1290 1431 1346 οὖ
1447 1284 1556 1353 πάντες
1576 1285 1702 1357 brixensi

9 1389 42 1435 ai.
55 1388 119 1438 tsi.
131 1385 217 1464 gelio.
232 1387 329 1442 Isoias
341 1391 419 1442 enim
431 1384 524 1442 dicit:
544 1385 682 1453 Domine,
699 1385 765 1461 qnis
782 1379 875 1439 credi·
894 1381 912 1426 Α
928 1381 966 1458 τῷ
986 1379 1140 1458 εὐαγγελίῳ.
1154 1376 1268 1445 Ἡσαΐας
1289 1377 1346 1459 γὰρ
1368 1377 1472 1456 λέγει·
1489 1376 1598 1459 Κύριε,
1611 1378 1647 1444 τίς
1663 1380 1701 1437 ἐπ’

133 1477 177 1536 dit
186 1476 303 1536 auditui
314 1482 436 1537 nostro?
449 1477 498 1534 f'f.
517 1478 597 1556 Ergo
604 1475 686 1556 fides
700 1497 736 1533 ex
751 1474 872 1550 auditu,
928 1491 1020 1528 στευσε
1034 1474 1067 1549 τῇ
1082 1473 1148 1549 ἀκοῇ
1162 1468 1334 1549 ήμῶνςἌρα
1356 1475 1374 1542 ἡ
1396 1468 1500 1537 πίστις
1514 1469 1547 1537 ἒξ
1562 1472 1701 1542 ἀκοῆς,ήέἒ

131 1569 251 1628 auditus
277 1581 375 1627 nutem
389 1589 443 1648 per
458 1570 576 1627 verbum
594 1568 662 1625 Dei.
686 1565 758 1637 Quia
780 1586 875 1623 rursus

131 1660 214 1720 aliam
229 1660 407 1741 objectionem
421 1659 585 1718 inducebant
597 1657 734 1716 dicentes:
752 1657 834 1734 Atqui
852 1656 875 1714 si

131 1755 162 1814 hi
171 1769 234 1815 sunt
243 1756 291 1834 qui
300 1755 375 1814 missi
386 1799 396 1831 ,
408 1769 489 1832 atque
501 1774 518 1811 a
533 1755 592 1812 Deo
608 1751 684 1811 missi
697 1764 779 1829 sunt,
796 1773 877 1833 opor·

54 1906 59 1919 ,
111 1860 114 1872 ·
130 1845 206 1905 tebet
214 1865 305 1904 omncs
315 1843 425 1905 obedire
435 1869 441 1901 ι
453 1842 518 1902 ride
526 1842 605 1902 Pauli
614 1841 797 1923 prudentiam,
808 1864 875 1921 quo-

127 1935 213 1997 modo
226 1957 322 2017 nempe
336 1933 407 1994 illud
421 1935 526 2015 ipsum,
543 1933 615 2013 quod
626 1934 718 1993 turbas
727 1933 873 2011 excitabat,

130 2050 223 2090 ornnes
243 2029 336 2088 turbas
350 2041 377 2088 et
392 2028 525 2086 tumultus
538 2027 632 2086 tollere
650 2025 782 2086 ostendat.
798 2026 874 2098 Quid

126 2120 203 2180 euim
218 2134 244 2180 te
256 2118 381 2195 offendit,
396 2117 499 2198 inquit,
515 2117 653 2192 oJudaee,
667 2130 727 2199 post
743 2117 796 2177 tale
810 2130 874 2177 tan-

127 2225 239 2292 tumque
251 2209 434 2270 testimonium
449 2223 475 2268 et
490 2230 580 2269 rerum
599 2208 871 2287 demonstrationem,

127 2302 201 2382 quod
213 2323 304 2362 omnes
315 2321 369 2361 non
379 2299 529 2360 obedierint
539 2299 678 2378 evaugelio
687 2298 701 2357 ‚⁹
711 2298 771 2359 lloc
783 2299 873 2381 ipsum

127 2416 189 2455 eum
203 2395 265 2454 aliis
278 2394 466 2473 conjunctum,
477 2391 611 2451 dictorum
626 2389 708 2450 fidem
722 2391 772 2450 tibi
786 2392 873 2452 faeere

930 1561 997 1633 ἀκοή
1013 1559 1056 1621 διθι
1071 1561 1188 1641 ῥήματος
1199 1564 1278 1621 Θεοῦ.
1293 1560 1421 1633 Ἐπειδὴ
1438 1561 1532 1619 πόλιν
1553 1561 1644 1642 ἑτέραν
1657 1563 1702 1627 lni-

928 1673 1005 1731 γοντο
1017 1653 1147 1712 ἀντίθεσιν
1165 1651 1302 1732 λέγοντες,
1318 1651 1361 1712 ότι
1382 1653 1438 1712 καί
1453 1652 1514 1733 μὴν
1531 1656 1556 1712 εί
1572 1645 1639 1719 dem
1654 1645 1702 1711 edm

929 1749 953 1807 οί
968 1747 1160 1825 ἀπεσταλμένοι
1174 1746 1219 1806 καί
1231 1746 1305 1827 παρὰ
1317 1751 1364 1806 τοῦ
1381 1749 1467 1807 Θεοῦ
1479 1746 1660 1827 πεμφθέντες,
1669 1749 1702 1806 ἔδει

928 1839 1030 1907 πάντας
1043 1843 1207 1899 ὑπακοῦσαι·
1225 1838 1321 1898 σκόπει
1342 1846 1395 1899 τοῦ
1410 1838 1539 1900 Παύλω
1556 1839 1606 1913 τήν
1619 1839 1701 1910 σύνεσις

929 1936 985 2000 πῶς
1005 1932 1068 1992 αὐτὸ
1085 1936 1178 2003 τοῦτο,
1191 1931 1207 1992 θ
1219 1931 1262 1991 τόν
1276 1929 1394 2012 θόρυὺον
1418 1931 1537 2006 ἐποίει,
1551 1939 1600 1991 τοῦ
1620 1933 1702 2012 θορίύκ

929 2023 1034 2096 καὶτῆς
1047 2028 1167 2104 ταραχῆς
1183 2022 1312 2084 δείκνυσιν
1328 2021 1358 2082 δν
1373 2023 1575 2103 ἀναιρετικόν.
1584 2023 1621 2083 Τί
1629 2025 1671 2103 γίρ
1683 2046 1701 2080 π

929 2113 1109 2189 σκανδαλίζει,
1123 2113 1234 2195 ρησίν*,
1247 2103 1270 2174 όν
1285 2113 1426 2189 Ἰουδαία,
1442 2117 1520 2193 μετὰ
1533 2115 1699 2187 tenuitenui

928 2195 1089 2279 τηλικαύτην
1103 2204 1249 2287 μαρτυρίαν
1259 2204 1304 2266 καί
1320 2206 1510 2286 πραγμάτων
1533 2206 1667 2279 ἀπόδειξιν,
1673 2208 1699 2264 ir.

928 2302 957 2358 ού
971 2299 1067 2368 πάντες
1080 2299 1232 2372 ὑπήκουσαν
1245 2302 1283 2378 τῷ
1303 2299 1480 2380 εὐαγγελίοις
1499 2303 1595 2361 Τοῦτο
1611 2298 1654 2379 μίν
1669 2290 1698 2357 eir

927 2393 991 2452 αὑτὸ
1004 2392 1071 2469 μετθ
1091 2396 1142 2451 τῶν
1163 2391 1250 2450 ἄλλων
1270 2389 1361 2450 ἱκανόν
1386 2414 1422 2450 σε
1439 2391 1639 2452 πιστώσασθαι
1655 2390 1699 2467 ὑπὲρ

125 2498 229 2566 potest,
246 2483 321 2563 quod
339 2503 393 2543 non
404 2502 495 2542 omnes
513 2481 658 2542 obediant:
674 2501 738 2540 nam
752 2480 804 2541 boc
813 2481 871 2562 jam
890 2495 907 2540 B
924 2487 977 2542 τῶν
989 2483 1145 2564 εἰρημένων,
1158 2484 1189 2543 τὸ
1199 2481 1238 2562 μή
1249 2482 1353 2550 πάντας
1367 2483 1552 2544 ὑπακούειν·
1564 2483 1611 2543 καί
1620 2484 1698 2564 γίριά

125 2575 192 2636 olim
208 2575 336 2658 predixit
344 2574 488 2661 propheta.
504 2574 540 2635 Et
557 2572 694 2655 perpende
706 2573 869 2634 ineffabilem

123 2668 293 2750 sapientiam,
304 2666 440 2746 quomodo
456 2665 519 2747 plus
528 2664 650 2726 ostendat
663 2686 744 2744 quam
759 2664 811 2746 ipsi
822 2687 870 2725 ex-

123 2761 279 2842 spectabant
296 2772 344 2833 aut
361 2780 395 2818 se
417 2757 600 2816 confutaturos
624 2757 778 2838 sperabant.
792 2756 870 2828 Quid

122 2854 197 2917 enim
208 2853 316 2930 dicitis,
331 2852 437 2931 inquit?
449 2849 524 2930 quod
542 2869 596 2910 non
613 2870 705 2910 omues
719 2847 869 2909 obedierint

41 2974 43 2979 ·
122 2944 281 3023 evangelio?
295 2940 348 3005 Sed
364 2957 391 3003 et
402 2942 456 3002 boc
468 2940 536 3003 olim
554 2940 682 3022 praedinit
695 2942 780 3001 lsaias
788 2964 797 3020 3
813 2943 867 3002 imo

121 3054 176 3095 nm
187 3034 240 3093 hoc
250 3047 365 3105 mutum,
382 3031 429 3092 sed
441 3032 520 3112 longe
528 3032 654 3114 amplius.
666 3033 725 3093 llos
737 3032 810 3092 enim
819 3054 866 3094 ac·

122 3125 240 3203 cusatis,
252 3147 300 3185 cur
311 3144 364 3184 non
374 3145 465 3185 omnes
475 3124 612 3184 audierint
619 3148 629 3202 ;
636 3124 721 3184 lsaias
730 3146 794 3186 vem
805 3126 867 3207 plus

121 3237 204 3296 quam
219 3215 270 3276 lroc
286 3216 363 3276 dicit.
380 3216 457 3290 Quid
475 3216 546 3276 enirn
566 3215 627 3275 ait?
643 3218 785 3293 Domine,
801 3223 866 3299 q'uis

924 2581 1001 2635 τοῦτο
1014 2574 1112 2635 ἀνωθεν
1131 2584 1254 2656 προεῖπεν
1274 2575 1466 2655 δπρορήτης.
1482 2575 1546 2636 Καί
1560 2575 1649 2636 σκότει
1667 2575 1699 2644 alr

924 2664 1026 2749 ἀρατον
1039 2664 1143 2747 σορίαν,
1156 2671 1213 2734 πῶς
1226 2665 1305 2726 πλέον
1327 2665 1488 2740 δείκνυσιν,
1509 2666 1531 2739 ἢ
1556 2668 1698 2751 reperebitur

924 2759 1018 2818 ἐκεῖνοι
1031 2758 1076 2818 καί
1098 2759 1208 2831 ήλπιζον
1228 2759 1356 2839 ἀντερεῖν.
1372 2759 1403 2816 Τ
1406 2756 1417 2815 ί
1438 2758 1500 2839 γιίρ
1523 2782 1612 2841 φατε,
1628 2761 1698 2839 quein

922 2848 964 2910 ότι
983 2852 1012 2910 ού
1037 2850 1134 2919 πάντες
1146 2850 1299 2924 ὑπήκουσαν
1313 2852 1354 2929 τῷ
1378 2851 1566 2932 εὖαγγελίιρς
1579 2851 1654 2912 latit
1668 2851 1697 2908 ιιί

921 2947 998 3002 τοῦτο
1013 2941 1111 3002 ἀνωθεν
1124 2951 1248 3023 προεῖπεν
1268 2940 1405 3008 Ἠσαίας·
1421 2944 1539 3021 μᾶλλον
1555 2942 1585 3004 dl
1598 2946 1628 3003 ού
1644 2947 1696 3002 ank!

922 3031 1010 3112 μόνον,
1025 3033 1093 3094 ἀλλά
1106 3033 1151 3095 καί
1162 3036 1252 3115 πολλῷ
1265 3031 1357 3093 τούτου
1369 3034 1472 3094 πλέον.
1492 3034 1596 3115 Ὑμεῖς
1609 3035 1696 3115 pirri?

920 3126 1057 3204 ἐγκαλεῖτε
1068 3126 1112 3186 διδι
1121 3126 1149 3187 τί
1162 3124 1199 3205 μή
1216 3126 1311 3192 πάντες
1328 3124 1518 3199 ὑπήκουσαν·
1536 3133 1553 3188 ὑ
1567 3128 1597 3188 δὲ
1609 3127 1696 3191 Ἠσαίας

920 3216 999 3275 πλέον
1022 3217 1114 3277 τούτου
1135 3218 1215 3297 λέγει.
1229 3220 1254 3276 Τ
1257 3216 1265 3276 ί
1288 3216 1340 3296 γὰρ
1362 3217 1438 3297 φησί
1445 3218 1583 3302 ;ῚΚύριε,
1604 3220 1640 3287 τίς
1656 3218 1694 3278 ἐπ’·

120 3311 245 3370 credidit
256 3309 371 3368 auditui
387 3314 504 3368 nostro?
517 3307 623 3369 Deinde
634 3323 777 3389 postquam
793 3311 866 3371 hunc
920 3315 1058 3389 στευσεπῇ
1074 3313 1140 3388 ἀκοῇ
1152 3300 1340 3389 ἡμῶνςΕίτα,
1355 3310 1457 3382 ἐπειδὴ
1472 3312 1526 3370 τὸν
1543 3313 1693 3394 θόρυόσντάι

119 3400 229 3460 sustulit
253 3399 417 3477 tumultum,
435 3400 564 3480 propheta
585 3399 760 3480 interposito,
772 3423 865 3460 rursus
919 3426 962 3462 τον
982 3402 1063 3473 slede
1083 3401 1265 3483 παρεμύαλὼν
1280 3403 1324 3461 τὸν
1336 3403 1503 3483 προφήτην,
1527 3406 1612 3465 πάλιν
1626 3405 1692 3484 ἔχεται

119 3489 237 3570 priorem
249 3490 405 3567 exsequitur
417 3489 519 3549 seriem.
536 3493 682 3568 Postquam
696 3490 767 3549 euim
784 3491 865 3552 dixe-
918 3499 966 3566 τῆς
978 3495 1108 3577 προτέρας
1122 3493 1285 3562 ἀκολουθίας.
1298 3493 1414 3567 Ἐπειδὴ
1429 3494 1490 3576 γὰρ
1507 3487 1641 3571 sinenda
1652 3500 1691 3554 ἐπ’

118 3595 170 3660 rat,
184 3580 367 3641 invocandum
378 3603 442 3657 esse,
456 3596 482 3641 et
497 3602 542 3640 eos
554 3582 602 3660 qui
613 3581 766 3642 invocaturi
776 3600 862 3658 erant,
881 3589 900 3636 C
918 3587 1081 3648 καλέσασθαι
1095 3586 1162 3661 ἔδει,
1175 3585 1234 3654 τοὺς
1253 3586 1281 3644 δὲ
1298 3588 1540 3664 ἐπικαλουμένους
1555 3595 1690 3649 πιστεῦσαι,

116 3671 225 3733 credere
237 3672 406 3754 oportuisse,
422 3687 448 3732 et
465 3674 512 3752 qui
526 3673 654 3733 credituri
668 3688 758 3749 eraut,
770 3676 864 3737 audire
917 3679 976 3747 τοὺς
986 3680 1156 3747 πιστεύοντας
1168 3683 1278 3739 ἀκοῦσαι
1290 3681 1410 3758 πρῶτον,
1426 3679 1495 3749 τοὺς
1516 3680 1547 3742 δὲ
1568 3681 1690 3760 μελλοῦς

115 3765 248 3845 debuisse,
257 3765 398 3824 audituros
408 3765 631 3847 predicatoribus
641 3788 710 3848 opus
723 3766 860 3848 habuisse,

115 3857 305 3938 predicatores
314 3873 404 3918 auteur
413 3857 486 3917 mitti
495 3860 645 3938 oportuisse
650 3884 659 3939 5
670 3874 696 3920 et
710 3860 862 3920 ostenderat

115 3951 211 4015 missos
224 3952 285 4013 illos
294 3952 408 4012 fuisseet
417 3952 624 4034 predicavisse:
637 3955 719 4014 aliam
732 3954 861 4015 inductu-

115 4066 162 4104 rus
175 4045 362 4126 objectionem,
381 4045 519 4105 occasione
540 4046 630 4128 primo
650 4062 738 4107 sumta
759 4071 794 4108 ex
807 4048 862 4108 alio

114 4135 251 4215 prophetae
274 4135 443 4209 testimonio,
467 4158 521 4214 quo
548 4139 629 4218 paulo
652 4139 729 4219 prius
751 4139 861 4200 allatam

114 4224 292 4303 objectionem
306 4226 399 4301 solvit,
411 4227 448 4286 ita
464 4227 540 4287 illam
552 4230 634 4289 nectit
647 4244 673 4290 et
685 4233 777 4312 jungit
785 4255 860 4314 prae-

113 4315 281 4375 cedentibus.
298 4318 370 4388 Quia
379 4320 454 4378 enim
474 4322 634 4402 prophetam
655 4323 799 4385 induxerat
812 4325 859 4385 di-

113 4419 226 4478 centem,
240 4409 379 4480 Domine,
395 4415 460 4490 quis
468 4415 591 4472 eredidit
603 4417 719 4474 auditui
739 4426 860 4477 nostro?

916 3772 1079 3833 ἀκούσασθαι
1087 3772 1148 3840 τοὺς
1157 3771 1336 3852 κηρύσσοντας
1347 3768 1431 3850 ἔχειν,
1441 3772 1511 3840 τοὺς
1523 3775 1554 3833 δὲ
1565 3772 1689 3852 κηρύσσω
1733 3822 1736 3839 ,

915 3888 963 3931 τας
972 3865 1150 3936 ἀπεστάλθαι,
1164 3864 1209 3922 καί
1224 3864 1316 3929 ἔδειξεν
1329 3861 1371 3922 ότι
1390 3865 1596 3938 ἀπεστάλησαν
1607 3864 1648 3923 καί
1660 3863 1688 3920 ότι
1733 3850 1736 3855 ’

916 3955 1059 4037 ἐκήρυξαν·
1081 3956 1172 4036 ἑτέραν
1191 3956 1270 4014 πόλιν
1293 3952 1410 4031 είσύγειν
1430 3955 1548 4032 μέλλων
1567 3956 1689 4016 ἀντίθετα,

916 4047 1037 4129 ἀφορμήν
1048 4047 1138 4106 λαθὼν
1153 4047 1278 4128 πρότερον
1292 4047 1346 4105 ἀπὸ
1360 4045 1457 4126 ἑτέρας
1487 4049 1641 4131 μαρτυρίας
1657 4052 1689 4103 αὖ

914 4138 1064 4220 προρήτου,
1088 4141 1147 4198 καθ’
1172 4139 1203 4210 ἣν
1225 4137 1302 4196 ἔλυσε
1330 4136 1380 4208 τήν
1402 4142 1500 4220 μικρῷ
1527 4141 1584 4219 πρὸ
1610 4138 1690 4205 ταύτης

915 4229 1056 4303 ἀντίθεσιν,
1073 4228 1156 4297 οὑτως
1170 4229 1250 4301 αὐτήν
1262 4228 1355 4288 πλέκει
1365 4229 1411 4286 καί
1425 4231 1553 4309 συνείρει
1567 4242 1624 4297 τοῖς
1633 4253 1688 4308 προ-

913 4322 1006 4403 τέροις.
1018 4322 1130 4396 Ἐπειδὴ
1142 4322 1192 4404 γδιρ
1201 4320 1341 4403 παρήγαγε
1352 4322 1397 4380 τὸν
1410 4323 1563 4404 προρήτην
1580 4324 1690 4403 λέγοντι
1734 4306 1736 4373 i

913 4415 1012 4495 Κύριε,
1036 4415 1075 4482 τίς
1098 4415 1282 4492 ἐπίστευσετῇ
1303 4415 1369 4491 ἀκοῇ
1384 4416 1488 4491 ἡμίση
1511 4416 1692 4498 εὖκαίρωςτῆι

48 4502 51 4507 ’
112 4510 265 4580 opportune
278 4499 429 4559 testimonio
439 4517 548 4583 accepto
561 4504 637 4580 dicit,
648 4509 728 4588 Ergo
729 4511 811 4589 sides
824 4533 860 4568 ex
876 4531 896 4576 ι)
914 4507 1060 4589 μαρτυρίας
1084 4505 1273 4582 ἐπιλαύόμενός
1298 4528 1388 4584 φησιν,
1409 4505 1483 4586 Ἄρα
1507 4513 1526 4580 ή
1558 4510 1651 4576 πίστις
1673 4506 1692 4570 ἐξ

111 4591 226 4653 auditu.
238 4591 297 4650 lloe
317 4606 407 4651 autem
428 4614 480 4653 nou
500 4595 657 4676 simpliciter
681 4601 791 4678 posuit,
813 4605 859 4662 sed
914 4603 1003 4671 ἀκοῆς.
1014 4599 1135 4660 Τοῦτοδέ
1146 4602 1196 4678 οὐχ
1209 4598 1300 4665 ἁπλῶς
1311 4597 1440 4670 τέθεικεν,
1454 4601 1521 4659 ἀλλ’
1535 4602 1632 4674 ἐπειδὴ
1642 4603 1690 4659 καθ’

109 4685 237 4767 quoniam
252 4686 366 4766 siugulis
380 4689 549 4769 temporibus
563 4680 860 4771 signaquaerebantluss
912 4691 1023 4752 ἕκαστον
1046 4692 1136 4772 καιρὸν
1164 4698 1262 4768 σημεῖα
1282 4689 1389 4761 ἐζήτουν
1407 4688 1560 4766 Ἰουδαῖοι,
1587 4695 1632 4753 καὶ
1654 4691 1691 4761 τί*

109 4779 174 4858 daei,
191 4779 332 4861 ipsamque
346 4781 567 4848 resurrectionem
586 4784 678 4844 videre
699 4788 857 4866 cupiebant,
912 4784 971 4865 ὄψιν
996 4788 1044 4856 τῆς
1070 4783 1238 4849 ἀναστάσεως
1249 4826 1257 4855 ,
1273 4780 1318 4840 καί
1340 4781 1435 4841 πολλοὶ
1458 4784 1533 4864 πρὸς
1551 4792 1640 4844 ταῦτα
1659 4809 1692 4842 ιτ-

108 4888 135 4935 et
153 4874 234 4934 multi
255 4873 290 4932 ad
308 4874 364 4935 lraec
378 4875 539 4954 inhiabant,
556 4876 593 4935 ait
617 4876 678 4936 ille:
693 4880 774 4958 Atqui
798 4904 860 4962 pro-
912 4877 1022 4956 χηνότες
1043 4867 1120 4949 ήσαν,
1134 4874 1212 4956 ρησίν
1225 4874 1267 4935 ότι
1281 4873 1326 4932 καί
1341 4872 1395 4951 μήν
1416 4876 1430 4931 ὁ
1452 4878 1606 4958 προρήτης
1620 4882 1693 4953 ἐπηγ-

108 4965 190 5046 pheta
208 4967 405 5046 prenunciavit
423 4982 545 5048 oportere
563 4989 611 5029 nos
631 4971 774 5030 exauditu
800 4995 858 5033 cre·
911 4966 1033 5050 γείλατο,
1048 4969 1088 5029 δτι
1099 4968 1125 5037 ἐξ
1137 4970 1218 5039 ἀκοῆς
1227 4972 1299 5045 ἡμᾶς
1310 4967 1350 5024 δεῖ
1363 4972 1526 5030 πιστεῦσαι.
1540 4972 1594 5031 un
1608 4973 1692 5051 πρότι

107 5055 181 5119 dere.
194 5057 301 5117 Idcirco
312 5059 389 5140 prius
403 5061 494 5140 arguit
507 5061 563 5136 ille,
574 5062 666 5121 dicens
678 5055 858 5146 :Ergofides
912 5084 955 5142 ρον
971 5061 1035 5121 αὐτὸ
1056 5060 1264 5130 κατασκευᾶζῑῑι
1280 5056 1328 5118 uel
1341 5081 1432 5138 φησιν,
1443 5057 1519 5141 Ἄρα
1536 5069 1555 5135 ἡ
1570 5063 1661 5130 πίστις
1672 5062 1693 5127 ἐξ

106 5167 143 5206 σα
156 5151 269 5208 auditu
281 5150 384 5211 Deinde
402 5153 468 5232 quia
487 5153 540 5213 hoe
556 5152 700 5215 demissius
714 5156 858 5218 videbatur
911 5155 1001 5224 ἀκοῆς.
1018 5143 1102 5226 Εἶτα,
1116 5152 1207 5224 ἐπειδὴ
1223 5149 1308 5211 ἐδόκει
1328 5154 1405 5209 τοῦτο
1418 5151 1534 5221 εὐτελὲς
1557 5145 1691 5233 εἶναι,ίρα

104 5259 172 5316 osse,
185 5239 250 5300 vide
264 5241 401 5321 quomodo
418 5243 489 5306 illud
507 5245 653 5308 sublimius
664 5248 776 5310 efficiat.
794 5251 856 5312 Non
908 5255 966 5324 πῶς
987 5252 1052 5313 αὐτὸ
1064 5252 1167 5331 ἀνάγιι.
1189 5251 1231 5312 Οὐ
1247 5248 1299 5332 γὰρ
1313 5249 1406 5318 ἁπλῶς
1417 5252 1533 5315 ἀκούειν
1548 5245 1637 5332 σῖτον,
1649 5278 1689 5336 pn
