3728 5978
360 457 365 465 ·
449 433 485 482 tte
513 434 600 482 Acen
627 431 887 482 APOSTOLORUM·
915 435 1035 485 ίίΟθΙΙῙι.
1061 438 1158 489 xxxi·
1513 443 1577 514 271

112 580 136 619 ιο
145 563 289 641 τιμῶμεν,
299 561 346 622 καί
358 562 417 631 τοὺς
432 565 604 646 μαινομένους
621 569 683 646 γοῦν
704 569 786 644 τιμῶ
838 585 907 625 mus.
919 567 960 626 Ne
973 579 1052 650 putes
1071 568 1123 629 hoc
1136 568 1266 629 honorem
1279 586 1335 628 esse
1346 589 1353 625 ι
1364 565 1485 646 alioquin
1498 567 1584 628 t‘eram

112 676 136 712 ιν
157 652 348 732 θιαλίνωμινς
364 657 515 737 Οὐδαμῶς·
531 656 625 737 ἀτιμία
638 655 715 717 τοῦτό
728 659 786 715 ἐστι
838 656 1013 736 honoramus,
1024 675 1050 721 et
1070 662 1188 722 furentes
1199 659 1315 742 proinde
1327 659 1508 733 honoramus,
1520 681 1584 721 cum

112 766 161 813 tte·
176 746 287 823 μᾶλλον
307 745 336 807 δέ
360 751 408 808 οὐκ
429 748 524 828 ἀτιμία
545 749 590 811 καί
614 748 703 829 ὕύρις,
726 748 785 806 ἀλλ’
836 746 1324 833 declinamus?Minimerignominie
1335 750 1387 810 hoc
1397 765 1474 811 estet
1486 767 1582 812 contu·

112 834 358 918 αίφιλανθρωπία.
370 841 431 921 Οὐχ
443 844 505 921 ὁρᾷς
518 839 578 909 τοὺς
598 841 709 911 ναύτας,
721 837 785 900 ὅταν
836 843 917 902 melia
925 867 935 922 ς
950 844 1006 905 imo
1017 866 1072 905 nen
1085 845 1233 925 ignominia
1244 858 1270 905 et
1283 844 1457 918 contumelia,
1469 844 1516 904 sed
1530 847 1583 906 mi-

112 927 268 1010 »ίμκνεύσῃ
279 930 438 1010 τὸπνεῦμα,
447 938 638 1012 καθαιροῦντος
646 932 680 993 τὰ
694 930 766 992 ἱστία
775 972 826 1014 „4⁶
835 933 1181 1017 sericordiactbenignites.
1192 938 1252 996 Non
1263 935 1341 996 vides
1353 948 1459 1011 nautas,
1472 938 1582 1016 quando

112 1017 292 1092 ίκαταῶσαι
302 1022 334 1082 τὸ
346 1023 459 1104 σκάφας,
467 1022 528 1093 roh<
539 1024 636 1094 ίππονς
646 1024 708 1085 ὅταν
719 1048 784 1085 συν-
798 1027 819 1074 A
837 1029 1007 1090 vehementer
1020 1030 1069 1090 ssat
1081 1045 1187 1109 ventus,
1198 1028 1339 1089 demittere
1347 1028 1418 1103 vela,
1431 1050 1464 1088 ne
1472 1029 1582 1090 demer-

112 1134 146 1173 m
158 1114 207 1174 rho
221 1113 366 1190 έπιύάτην,
380 1116 633 1192 σονενδιδάντιι,καί
649 1118 784 1180 οθκαθέλ·
822 1137 914 1202 φειιιι
942 1124 1039 1184 naris?
1066 1124 1184 1203 equitem
1205 1144 1259 1182 non
1282 1121 1376 1198 vides,
1398 1144 1461 1182 cum
1481 1122 1583 1204 abripit

112 1203 152 1265 he
165 1204 207 1284 μὴ
219 1206 379 1286 αὐτομάτως
389 1210 491 1290 κενύσῃ
504 1207 554 1282 τὴν
564 1208 689 1290 δύναμιν,
834 1234 935 1293 equus,
951 1215 1089 1276 cedentem
1113 1236 1163 1277 nee
1183 1214 1352 1290 retinentem,
1368 1235 1401 1274 ne
1425 1228 1519 1296 sponte
1538 1215 1581 1276 vi-

833 1327 875 1365 res
886 1307 1031 1367 absumat?

112 1391 193 1453 οκαὶ
210 1390 245 1451 σὺ
258 1392 380 1480 ποίησον.
394 1397 455 1476 Πύρ
473 1397 545 1456 ἐστιν
567 1399 582 1455 θ
601 1395 694 1474 θυμὸς,
716 1395 782 1476 φλόξ
872 1401 901 1458 ί.
922 1399 981 1460 Ηοο
995 1415 1021 1460 et
1034 1415 1063 1461 tu
1078 1400 1168 1461 heito.
1177 1401 1267 1459 Furor
1279 1397 1351 1478 ignis
1362 1412 1410 1478 est,
1419 1399 1529 1459 flamma
1538 1420 1582 1459 ar-

112 1482 166 1553 irir
184 1483 299 1565 δεομένη
312 1485 392 1560 ὅλης·
408 1486 445 1566 μὴ
460 1488 603 1569 παράσχῃς
621 1485 670 1558 τὴν
681 1486 781 1568 τροφὴν
831 1488 897 1551 dens
910 1493 1021 1552 materia
1034 1513 1114 1572 egens
1129 1516 1135 1549 :
1151 1513 1185 1551 ne
1199 1491 1257 1572 igni
1272 1512 1361 1550 escam
1375 1491 1539 1573 suppedites,
1554 1506 1581 1552 et

112 1580 134 1645 ί,
153 1573 204 1633 καί
216 1574 324 1655 ταχέως
342 1573 452 1643 έσόεσαι
474 1575 506 1634 τὸ
527 1573 618 1635 κακόν.
643 1578 701 1635 Οὐκ
723 1575 781 1655 ἔχει
833 1583 886 1642 cito
896 1583 1000 1643 malum
1018 1582 1177 1664 exstinguis.
1192 1583 1235 1641 Ira
1250 1603 1303 1642 non
1319 1602 1366 1663 per
1379 1583 1474 1644 serim
1487 1582 1580 1660 habet,

112 1663 175 1738 ιιὴν
185 1665 264 1749 ίφχθν
276 1672 295 1739 ἡ
311 1666 392 1747 ὀργὴ,
402 1666 434 1726 ἂν
448 1666 486 1746 μὴ
497 1667 583 1748 έτιρος
591 1672 609 1727 θ
620 1665 722 1748 τρέφων
734 1670 781 1727 αὖ·
831 1673 884 1733 nisi
893 1673 964 1734 alins
976 1674 1063 1756 ipsam
1077 1674 1140 1734 alat.
1152 1673 1265 1734 Nullam
1275 1687 1304 1732 tn
1315 1674 1517 1735 exeusationem
1531 1674 1581 1734 ha-

112 1758 231 1837 θθδεμία
244 1757 286 1818 σοί
303 1760 374 1819 έστιν
389 1759 527 1839 ἀπολογία.
540 1759 657 1827 Ἐκεῖνος
669 1759 782 1840 κατέχε·
830 1761 887 1823 bes.
901 1762 952 1822 llle
970 1763 1062 1823 surore
1073 1762 1222 1836 detinetur,
1239 1781 1287 1820 nec
1303 1761 1354 1821 seit
1374 1762 1442 1840 quid
1457 1763 1537 1843 facit5
1550 1776 1580 1822 tu

134 1849 239 1932 μανίφ,
259 1850 306 1910 καὶ
319 1855 367 1911 ούκ
379 1841 433 1911 εἶδε
456 1851 484 1912 τί
502 1860 585 1912 ποιεῖ·
606 1851 638 1912 σὺ
651 1858 779 1933 ιθεωρῶν
831 1854 878 1932 qui
897 1854 977 1914 illum
994 1854 1117 1932 intueris,
1130 1875 1193 1914 cum
1210 1852 1239 1913 in
1254 1853 1331 1935 paria
1346 1853 1480 1927 incidens,
1494 1876 1581 1934 neque

112 1940 170 2002 Ιιαν
183 1949 241 2008 τοῖς
258 1944 346 2011 αὐτοῖς
357 1941 574 2024 περιπέσῃς,καί
586 1942 654 2022 μηδὲ
667 1943 694 2011 ἐξ
708 1942 779 2004 ἐκεί-
831 1945 895 2006 ίιίιιο
908 1947 1053 2028 sapientior
1066 1946 1169 2022 evadis,
1181 1967 1264 2025 qoam
1278 1946 1386 2006 veniam
1402 1947 1534 2007 mereris?
1549 1950 1580 2009 Si

112 2039 252 2116 ρονισθῇς,
264 2034 329 2094 ποία
343 2035 543 2116 ονγγνώμηγΕί
551 2037 578 2094 έν
590 2034 730 2117 συμποσίῳ
741 2059 780 2104 τις
794 2039 813 2086 Β
830 2038 859 2097 in
867 2039 1023 2101 convivium
1034 2040 1096 2119 quis
1106 2039 1227 2115 veniens,
1239 2039 1266 2099 in
1276 2041 1412 2100 vestibulo
1423 2040 1580 2123 quempiam

112 2126 207 2195 εςτινᾶ
216 2130 246 2188 έν
254 2127 392 2208 προθύροις
402 2128 452 2188 ίδοι
463 2128 591 2207 μεθύοντα
602 2128 647 2188 καὶ
658 2133 780 2208 ἀσγημο·
830 2131 937 2193 videret
946 2133 1053 2192 ebrium
1066 2131 1192 2193 indecore
1204 2146 1338 2212 egentem,
1354 2133 1505 2212 deindeque
1519 2134 1579 2216 ipse

134 2207 196 2277 εἶτα
220 2215 266 2277 καὶ
291 2218 370 2286 αὐτὸς
389 2226 444 2284 τοῖς
468 2217 567 2297 ὁμοίοις
588 2217 737 2301 περιπέσῃ,
750 2221 780 2278 οὐ
830 2221 859 2282 in
875 2223 952 2305 paria
975 2222 1121 2297 incideret,
1144 2243 1232 2283 nonne
1248 2236 1309 2303 post
1327 2222 1408 2283 ilium
1427 2223 1519 2283 ebrius
1539 2225 1580 2283 ia·

112 2310 208 2371 ιῦλον
231 2310 290 2388 μετ’
307 2311 407 2369 ἐκεῖνον
427 2309 530 2387 μεθύων
550 2308 733 2391 ἀσύγγνωστος
748 2309 781 2369 ἂν
831 2327 889 2374 etus
903 2315 993 2376 minus
1007 2316 1088 2378 venia
1105 2314 1206 2394 dignus
1219 2313 1306 2374 esset?
1321 2317 1362 2375 Ita
1380 2329 1406 2375 et
1426 2314 1473 2375 hie
1485 2315 1580 2375 dicen·

112 2400 158 2463 ires
178 2401 364 2464 κπίένταῶθα·
380 2402 418 2482 μὴ
429 2402 579 2482 νομίζωμεν
599 2395 666 2463 εἶναι
679 2405 776 2463 ainoho<
830 2406 897 2466 dum
911 2431 918 2465 ι
933 2428 967 2468 ne
987 2421 1115 2489 putemus
1137 2405 1267 2489 possead
1291 2405 1475 2468 defensionem
1494 2406 1579 2468 dici:

133 2495 237 2576 λέγειν,
262 2494 304 2555 ὅτι
323 2498 371 2555 οὐκ
395 2493 449 2576 ἐγὼ
468 2496 602 2577 κατῆρξε·
618 2500 696 2556 τοῦτο
717 2498 777 2555 καθ’
829 2501 890 2560 Non
910 2521 960 2580 ego
985 2500 1055 2581 coepi
1078 2523 1085 2557 :
1106 2499 1158 2560 hec
1182 2513 1344 2560 contrarios
1368 2513 1422 2575 est,
1440 2500 1505 2580 quia
1532 2492 1580 2559 ne-

112 2587 306 2665 nmeupntt
315 2591 413 2648 irrisor
424 2587 521 2657 ἰδόντες
534 2588 778 2670 έσωφφονίσθημεν·
830 2613 882 2671 que
895 2591 977 2653 illum
994 2591 1129 2667 videntes,
1145 2591 1365 2673 temperantiores
1382 2591 1447 2652 sacti
1466 2613 1578 2652 sumus:

112 2677 138 2741 b
153 2679 227 2740 είπσι
238 2704 294 2755 τις,
308 2682 357 2740 οθκ
370 2679 423 2759 ἐγὼ
445 2679 572 2761 ἐφόνευσα
594 2685 708 2762 πρῶτος.
725 2678 780 2743 Δια
829 2681 1058 2762 quemadmodum
1069 2683 1093 2743 si
1106 2682 1251 2761 quisdicat
1263 2707 1269 2741 :
1280 2683 1402 2763 Egonen
1413 2682 1521 2764 primus
1533 2703 1580 2742 oc-

112 2793 141 2833 ιο
152 2772 290 2842 κολάσεως
301 2764 326 2832 εἶ
344 2772 414 2841 ἄξιος
424 2819 433 2847 ,
445 2772 486 2835 ὅτι
506 2772 574 2850 μηδέ
593 2775 631 2840 είς
643 2772 675 2832 τὸ
686 2772 779 2854 παρά·
830 2774 894 2834 cidi.
913 2774 976 2837 ideo
993 2795 1110 2853 namque
1132 2795 1210 2855 poena
1228 2774 1329 2854 dignus
1348 2795 1386 2842 es,
1401 2773 1466 2852 quia
1481 2794 1578 2842 exem-

118 2862 185 2924 idrhr
208 2864 321 2946 ίπίσχες
342 2863 447 2926 σαντύν.
462 2865 499 2924 Ei
518 2865 584 2932 ῐδοις
606 2866 720 2943 έμοῶντα
733 2863 778 2925 τὸν
828 2867 907 2947 plum
921 2865 1026 2944 videns,
1036 2887 1090 2925 non
1100 2880 1126 2926 te
1137 2865 1292 2927 cohibuisti.
1305 2864 1456 2946 stridores
1471 2864 1579 2925 ebrium

112 2954 357 3035 ιι,διασπάιμενσν,
369 2954 600 3039 διαρρηγνύμενον,
611 2955 671 3023 τοὺς
685 2959 779 3036 θφθαλ·
829 2979 951 3034 vomere,
968 2957 1101 3036 distrahi,
1121 2957 1258 3040 dirumpi,
1275 2958 1361 3018 oculis
1381 2957 1468 3017 torvis
1488 2955 1577 3037 respi-

112 3070 178 3126 οετα
191 3049 411 3127 διατεταμένους,
426 3048 590 3130 ἀκαθαρσίας
610 3048 658 3121 τὴν
679 3048 811 3131 τράπε-ο
830 3071 906 3128 cere,
932 3048 1106 3110 immunditia
1132 3070 1252 3109 mensem
1274 3048 1392 3130 replere,
1414 3052 1508 3108 'omnes
1537 3047 1577 3106 il·

112 3144 241 3223 αρῶντα,
266 3139 369 3208 πάντας
390 3140 467 3200 αὐτὸν
494 3141 702 3223 ἀποφεύγοντας,
721 3130 778 3202 εἶτα
827 3141 887 3202 lum
903 3143 1005 3223 sugere,
1020 3139 1171 3220 deindeque
1185 3139 1212 3200 in
1226 3139 1303 3222 paria
1326 3139 1470 3217 incideres,
1486 3159 1576 3198 annon

112 3241 167 3301 τοῖς
187 3232 353 3313 περιπέσῃς,
367 3231 427 3314 οὐχὶ
452 3234 552 3312 μάλλον
579 3233 627 3314 έσῃ
649 3235 776 3312 μισητύςς
828 3235 915 3317 magis
928 3233 1081 3317 culpandus
1094 3232 1274 3294 esses?Talis
1289 3245 1329 3292 est
1344 3231 1579 3292 iracundusame-
1640 3270 1706 3302 m..

112 3323 198 3393 ἰιέστι
208 3324 283 3386 καὶὸ
297 3325 478 3406 ὀργιζόμενος·
494 3323 617 3406 Ι’μᾶλλον
627 3331 672 3388 τοῦ
686 3330 777 3405 έμοῦν·
829 3328 872 3407 gis
882 3350 964 3389 venas
978 3329 1064 3403 inflat,
1075 3347 1158 3405 quam
1167 3325 1192 3385 is
1201 3325 1248 3404 qui
1259 3324 1461 3387 vomitroculos
1473 3325 1578 3384 inflam-
1587 3321 1632 3363 ⁵¹⁰³
1646 3334 1669 3364 ⁰·

112 3415 185 3479 ιίνιι
197 3417 247 3486 τὰς
256 3417 370 3498 φλέθας,
384 3425 463 3500 πυροί
470 3416 532 3488 τοὺς
544 3416 709 3500 ὀφθαλμοὺς,
720 3420 777 3479 δια·
828 3433 894 3492 mat,
908 3420 1011 3479 viscera
1031 3417 1171 3499 discerpit,
1186 3417 1272 3478 vomit
1285 3417 1369 3479 verba
1385 3416 1434 3477 illo
1452 3417 1514 3476 cibo
1526 3416 1580 3476 im-

112 3510 315 3592 οὶσπλάγγνα,
326 3513 385 3589 έμεῑ
398 3513 490 3592 πολλῷ
505 3511 611 3591 ῥήματα
622 3517 669 3584 τῆς
678 3517 778 3594 τροφῆς
810 3575 815 3591 ,
828 3511 950 3593 puriora,
964 3510 1098 3591 indigesta
1111 3509 1202 3570 emnia
1215 3509 1335 3589 loquitur
1349 3508 1474 3588 nihilque
1487 3509 1579 3590 perse-

113 3601 513 3683 ὀιιθαρτάτερα,ἀδιαμάσητα
521 3603 609 3664 πάντα
621 3602 776 3684 φθέγγεται,
828 3617 902 3664 ctum
913 3608 986 3677 (non
1003 3603 1076 3663 enim
1094 3602 1158 3662 sinit
1178 3602 1255 3679 ira);
1270 3600 1320 3663 sed
1342 3601 1413 3661 sicut
1433 3600 1493 3660 iliic
1510 3621 1580 3682 saepe

112 3693 313 3778 ιτειργαογεένον
324 3698 371 3769 (οὐ
384 3696 437 3776 γὰρ
447 3696 555 3777 ἀφίησιν
568 3696 704 3775 θθνμός)·
715 3699 774 3758 ἀλλ’
828 3695 999 3756 immoderati
1011 3695 1140 3754 humores
1151 3692 1321 3753 stomachum
1332 3693 1473 3752 turbantes
1487 3691 1578 3752 omnia

112 3789 169 3848 έιιί
187 3787 319 3856 πολλάκις
333 3788 449 3871 ἀμετρία
471 3791 565 3869 χυμῶν
583 3789 775 3870 διενοχλήσασα
827 3802 959 3850 evacuant
973 3812 980 3845 ι
994 3787 1032 3847 ita
1047 3801 1073 3847 et
1083 3787 1129 3847 hie
1144 3786 1218 3846 calor
1228 3785 1329 3846 nimius
1340 3785 1458 3846 animam
1473 3805 1577 3844 concu-

112 3902 213 3961 γεαχσν,
235 3879 324 3939 πάντα
347 3879 491 3940 ἐκένωσεν·
512 3879 581 3941 οὕτω
594 3882 640 3940 καί
664 3885 776 3943 ἐνταῦθα
826 3880 905 3956 tiens,
915 3879 1039 3940 nonsinit
1050 3886 1208 3959 tegerequae
1222 3877 1302 3938 silere
1315 3875 1521 3959 oporteret5sed
1532 3875 1577 3936 di·

112 3996 116 4031 ι
136 3971 301 4053 θερμότητος
319 3971 513 4053 διενοχλήσασα
533 3972 582 4046 τὴν
609 3974 708 4054 ψυχὴν,
728 3979 776 4035 οὐκ
827 3971 911 4033 cende
922 3986 948 4032 et
961 3993 1015 4032 non
1029 3970 1145 4031 dicenda
1158 3962 1285 4045 effundit,
1299 3990 1353 4030 non
1364 3969 1515 4043 audientes,
1529 3969 1577 4030 sed

112 4063 216 4147 στέγειν
229 4065 247 4124 θ
258 4075 335 4146 σιγᾷν
347 4065 438 4140 καλὸν,
453 4065 522 4127 ἀλλὰ
534 4062 601 4148 ῥητά
614 4066 660 4125 καὶ
673 4065 776 4148 ἄρρητα
789 4076 809 4123 l)
827 4064 1000 4146 semetipsum
1014 4063 1171 4144 deturpans.
1187 4064 1265 4123 Sicut
1280 4062 1365 4142 igitur
1378 4076 1516 4123 vomentes
1529 4063 1576 4121 fu-

112 4157 167 4239 ὦχί
186 4157 247 4225 roh<
265 4157 420 4233 ἀκούοντας,
441 4161 499 4219 ἀλλ’
522 4158 615 4219 ἑαυτὸν
635 4159 774 4240 αίσγύνων.
827 4157 936 4238 gimus,
954 4157 993 4218 sic
1017 4172 1043 4218 et
1063 4156 1145 4217 iratos
1166 4155 1312 4237 fugiemus.
1331 4155 1406 4229 Quid
1428 4157 1578 4218 faciemus?

118 4239 166 4312 σύν
180 4252 236 4311 ἀπὸ
253 4255 307 4310 τῶν
330 4250 464 4328 έμσύντων
487 4251 626 4333 φεύγομεν,
642 4252 711 4314 οὕτω
730 4253 776 4315 καὶ
828 4248 944 4310 Pulvere
962 4248 1096 4310 vomitum
1119 4260 1253 4327 tegamus,
1269 4246 1380 4307 tacendo
1401 4269 1479 4308 canes
1493 4269 1576 4309 voee-

112 4341 314 4426 »έργιζομάνωκ
328 4343 366 4404 Τί
378 4349 528 4420 ποιοῦντες,
543 4343 623 4404 Κύνιν
638 4345 776 4405 έπιύάλω-
828 4363 899 4420 mus,
913 4355 944 4401 ut
953 4341 1087 4403 vomitum
1098 4339 1188 4400 edant.
1204 4340 1267 4401 Scio
1280 4362 1328 4402 vos
1337 4340 1397 4401 haec
1407 4362 1471 4401 eum
1479 4363 1577 4401 nausea

112 4439 148 4496 'err
160 4440 203 4517 τῷ
216 4434 317 4518 ἐμέτῳ,
332 4440 456 4515 σιγῶντες
468 4435 529 4504 τοὺς
541 4435 622 4504 κύνας
638 4439 775 4515 καλῶμεν,
827 4435 922 4495 audire
938 4458 945 4493 ι
961 4434 1009 4495 sed
1028 4448 1093 4494 tune
1110 4434 1150 4494 sic
1170 4455 1218 4495 vos
1240 4433 1315 4511 affici
1333 4434 1428 4510 velim,
1446 4455 1510 4495 cunr
1530 4435 1576 4494 ilh

112 4526 157 4587 'nh
178 4538 343 4610 καταφαγεῖν
358 4526 393 4588 rh
407 4528 543 4608 έμιθέντα.
558 4520 628 4590 Οἶδα
650 4528 690 4589 άτι
714 4552 775 4588 ναυ-
827 4527 887 4587 fieri
902 4525 1012 4604 videtis,
1030 4548 1078 4586 uec
1092 4526 1128 4587 de
1144 4548 1173 4587 re
1186 4526 1234 4586 illa
1254 4526 1392 4587 oblectari.
1407 4527 1578 4588 immundior

112 4619 249 4686 καίοντες·
263 4623 323 4681 ἀλλ’
345 4620 410 4683 ύταν
434 4626 512 4701 ὁρᾶτε
527 4627 615 4682 ταῦτα
632 4620 774 4699 γινόμενα,
827 4636 867 4681 est
887 4619 1095 4681 contumeliosus
1121 4641 1185 4680 cane
1209 4633 1361 4681 revertente
1385 4618 1420 4679 ad
1443 4619 1576 4682 vomitum

112 4735 131 4772 u
146 4715 227 4771 τῶτο
243 4716 337 4771 παθεῖν
359 4716 448 4792 ὑμᾶς,
463 4712 533 4773 ἀλλὰ
557 4714 594 4793 μὴ
610 4714 719 4787 ἥδεσθαι
734 4718 773 4796 τῷ
827 4734 916 4773 suum.
927 4712 957 4772 si
972 4711 1043 4771 enim
1055 4724 1199 4793 postquam
1211 4710 1294 4771 semel
1302 4710 1434 4787 evomuit,
1448 4726 1574 4789 cessaret,

112 4802 383 4886 τιἈκιιθαρτύτερος
399 4810 413 4865 θ
428 4806 554 4886 θύριστὴς
574 4813 619 4868 τοῦ
633 4808 709 4877 κυνὸς
728 4815 774 4869 τοῦ
827 4826 880 4865 non
899 4819 968 4865 esset
988 4804 1049 4864 cani
1070 4803 1188 4882 similis,
1211 4801 1235 4863 si
1260 4824 1324 4864 vere
1347 4825 1460 4864 rursum
1478 4803 1573 4865 eadem

112 4918 200 4979 φοντος
222 4895 286 4958 ‘ert
305 4895 350 4957 rho
367 4899 462 4959 ίαοτοθ
482 4898 584 4977 ἔμετον.
603 4901 639 4960 Et
655 4898 772 4982 μὲνγὰρ
826 4898 886 4980 ipsa
895 4911 1012 4977 cremat,
1021 4896 1113 4979 palam
1122 4909 1161 4956 est
1169 4916 1231 4955 eum
1240 4894 1334 4954 eadem
1343 4895 1402 4976 ipsa
1416 4896 1574 4958 comedisse.

112 5082 142 5134 ri.
155 5081 223 5134 maie
240 5092 331 5152 θεωρῶν
341 5090 420 5147 utero
431 5084 478 5137 etit
490 5095 579 5158 θεωρῶν
590 5094 665 5143 αὐτόν.
811 5089 843 5142 D.
857 5085 1015 5156 aliquantulo
1023 5084 1194 5139 honestiorem
1204 5081 1349 5136 lectionem.
1356 5086 1388 5135 ln
1398 5085 1506 5139 eundem
1516 5103 1574 5140 sen·

112 5158 169 5211 dum
178 5167 271 5228 patto»
283 5166 387 5218 δίκαιον
398 5172 438 5218 τοῦ
448 5171 562 5230 έμοθντσι.
813 5185 867 5222 sum
881 5164 958 5223 Sevil.
972 5183 1030 5220 cum
1042 5163 1125 5218 codd.
1136 5164 1165 5216 B.
1177 5164 1207 5216 C.
1220 5169 1256 5218 ίπί
1267 5171 1306 5218 τθν
1318 5165 1393 5232 ἴδιον]

123 5248 165 5296 τοι
180 5251 264 5297 επιτοθ
274 5242 367 5297 Uenti.
380 5255 438 5311 post
449 5244 572 5297 Commel.
586 5243 735 5314 Recepimus
750 5263 763 5297 e
