3728 5978
127 421 151 474 Χ
616 421 740 470 sivisti
766 424 798 470 ΙΝ
825 423 913 471 acri
939 421 1203 487 Arosrotoltust.

128 547 245 623 (malim
257 555 327 628 τρεῖς
338 568 344 603 :
354 544 472 626 respexit
485 543 557 604 enim
568 544 605 604 ad
618 545 709 606 locum
724 545 753 604 in
763 545 838 605 hom.
851 546 1055 625 quadragesima
1069 557 1165 624 quarta
1175 544 1219 604 διὰ
1229 548 1309 626 τριῶν
1325 546 1453 617 πολλάκις
1466 551 1574 629 ἡμερῶν
1585 548 1603 622 ἡ
1625 551 1696 612 tmt

128 649 207 705 τοῦτο
216 642 369 721 ποιοῦντες)
382 641 426 700 καί
441 639 507 720 ὑπὲρ
522 638 606 714 ἑπτὰ,
617 640 663 700 καί
682 639 767 701 πλείω
781 641 862 714 (fort.
874 641 980 708 πλείους
995 661 1077 699 :narn
1085 639 1120 699 de
1129 639 1226 700 diebus
1236 639 1372 720 loquitur)
1386 642 1547 722 καθωμίλει·
1563 644 1593 712 ἃς
1615 646 1696 718 δῆλον

131 737 209 805 αὐτὸς
221 745 308 810 ποιιί,
321 736 363 796 ὅτι
386 732 579 817 ἀρχιερατεύων
593 733 663 795 κατὰ
679 734 711 795 rb
723 734 810 817 τρίτον
830 734 888 804 icoc
910 733 1039 814 ὡμίλησε.
1063 734 1160 808 Locus,
1178 731 1214 791 ad
1230 754 1311 813 quem
1334 734 1453 816 respexit
1467 735 1589 812 Photius,
1602 750 1642 796 est
1668 737 1698 795 in

129 829 204 890 horn.
221 828 427 909 quadragesima
435 841 541 905 quarta,
551 848 613 909 pag.
622 827 692 904 856,
700 827 750 887 lin.
758 830 798 889 59
807 828 976 910 [p.555,u.,
986 827 1112 906 Monti.],
1123 825 1172 885 ubi
1185 841 1291 907 arrepta
1304 829 1441 889 occasione
1454 850 1489 889 ex
1502 829 1583 890 Pauli
1592 830 1697 906 verbis,

131 926 347 1004 μνημονεύοντες,
358 923 399 983 dri
405 923 519 1003 τριετίαν
526 922 608 983 νύκτα
617 923 663 999 καὶ
671 923 773 1003 ἡμέραν
786 927 834 984 οὐκ
845 923 1013 1002 ἐπαυσάμην,
1020 925 1150 981 Actorum
1161 923 1262 1000 2051,
1276 923 1484 1004 Chrysostomus
1495 924 1530 983 de
1544 945 1581 1000 se,
1592 923 1648 984 ῖδοθ
1662 929 1697 1004 τῇ

130 1021 223 1101 χάριτι
236 1025 282 1080 τοῦ
298 1022 368 1081 Θεοῦ
382 1019 427 1078 καί
445 1022 524 1096 ἡμεῖς
534 1018 626 1078 λοιπὸν
636 1019 752 1098 τριετίαν
765 1020 872 1101 ἔχομεν.
883 1022 972 1097 Atque
988 1031 1086 1078 utnon
1101 1016 1188 1076 alium
1200 1038 1256 1077 esse
1274 1017 1357 1098 hujus
1371 1018 1435 1078 libri
1449 1033 1597 1095 auctorem,
1613 1040 1697 1097 quarn

130 1114 418 1188 iohannemnostrum,
425 1111 558 1192 liquidius
565 1126 703 1193 appareat,
713 1112 770 1172 haec
780 1135 866 1195 pauca
874 1112 1003 1195 adjecisse
1013 1133 1066 1173 non
1080 1111 1128 1172 abs
1139 1133 1169 1172 re
1178 1111 1269 1172 suerit.
1279 1113 1383 1172 Omitto
1394 1114 1493 1174 multas
1503 1113 1631 1192 loquendi
1640 1115 1698 1173 l'or-

129 1210 286 1270 mulashuie
291 1222 381 1269 nostro
387 1206 1024 1290 peculiares,interrogatiunculas,dialogismus,
1037 1206 1216 1288 digressiones
1222 1207 1347 1282 morales,
1359 1207 1431 1289 leges
1442 1220 1534 1268 contra
1543 1209 1697 1289 juramenta

129 1302 207 1379 latas,
218 1304 297 1364 Sixto
311 1302 421 1363 Senensi
437 1316 517 1381 atque
530 1301 582 1382 ipsi
603 1301 717 1361 Erasmo
733 1316 832 1362 notata.
845 1302 931 1379 Quod
947 1303 975 1364 iu
994 1302 1070 1362 horn.
1088 1302 1178 1384 prima
1200 1301 1339 1362 invehitur
1354 1303 1451 1375 ineos,
1466 1303 1512 1382 qui
1527 1302 1697 1384 baptismum

128 1398 255 1479 rejiciunt
265 1419 350 1477 usque
364 1396 399 1457 ad
410 1411 543 1457 extremas
558 1397 707 1466 ἀναπνοοίςτ
721 1397 796 1476 quod
810 1398 838 1456 in
848 1398 922 1457 hom.
936 1397 1074 1477 trigesima
1087 1397 1175 1477 legem
1182 1396 1275 1457 statuit
1284 1397 1313 1456 in
1323 1418 1376 1473 eos,
1388 1397 1436 1476 qui
1449 1397 1574 1479 episcopo
1589 1398 1697 1456 concio·

128 1492 204 1551 nanti
214 1491 327 1573 plausus
336 1492 419 1551 cient:
427 1490 502 1570 quod
510 1505 602 1550 contra
613 1491 752 1551 Platonem
763 1506 789 1551 et
798 1491 975 1574 philosophos
987 1492 1066 1552 toties
1079 1512 1110 1551 ac
1124 1505 1180 1550 tarn
1189 1490 1361 1551 vehementer
1371 1490 1503 1572 disputat,
1518 1511 1552 1549 an
1562 1511 1615 1550 non
1629 1491 1696 1552 satis

128 1584 250 1646 indicant
263 1586 405 1666 antiquum
415 1606 471 1646 esse
483 1584 649 1667 scriptorem,
665 1586 711 1665 qui
722 1585 751 1646 in
761 1586 830 1647 vitia
843 1586 940 1662 multis
947 1588 1005 1668 jam
1015 1585 1078 1646 inde
1088 1585 1193 1646 saeeulis
1203 1586 1341 1665 antiquata
1354 1599 1409 1645 tarn
1422 1585 1521 1646 acriter
1531 1584 1695 1647 invehatur?

129 1678 285 1759 Quidquod
291 1680 385 1740 homil.
393 1680 546 1758 undecima,
554 1679 657 1754 ἤκουσά
664 1704 728 1742 ποτε
734 1681 856 1766 πατέρων
868 1684 921 1742 τῶν
930 1681 1077 1764 ἡμετέρων,
1087 1680 1184 1760 inquit,
1192 1680 1322 1762 λεγόντων
1324 1679 1378 1754 ,ὅτι
1388 1680 1457 1743 κατὰ
1469 1681 1514 1741 τὸν
1526 1681 1640 1762 διωγμὸν
1650 1681 1696 1742 τὸν

123 1776 239 1839 παλαιὸν
252 1768 284 1850 ἡν
298 1776 360 1836 ἰδεῖν
369 1776 450 1844 ὄντως
459 1775 634 1859 Χριστιανοὺς
647 1777 816 1859 ἄνδρας,οῑυ.
827 1777 872 1839 Ex
882 1777 981 1858 quibus
994 1791 1106 1860 apparet
1119 1776 1200 1859 hujus
1214 1776 1279 1836 libri
1294 1790 1432 1838 auctorem
1447 1776 1538 1837 statim
1549 1789 1611 1858 post
1624 1789 1694 1835 tcm-

90 1942 99 1963 .
126 1892 193 1955 pora
207 1870 400 1955 persecutionis
412 1871 525 1946 vixisse,
540 1872 586 1952 qui
600 1871 658 1932 bec
672 1894 688 1932 a
701 1872 824 1955 patribus
836 1874 893 1934 suis
904 1872 1000 1933 audire
1013 1872 1140 1955 potuerit.
1155 1871 1232 1948 Quid
1243 1871 1318 1951 quod
1327 1871 1421 1931 homil.
1431 1872 1562 1953 vigesima
1576 1870 1696 1930 secunda

125 1964 239 2048 legitiu,
256 1975 370 2050 σπεῖρα,
382 1966 537 2046 θκαλοῦμεν
551 1973 596 2026 νῦν
607 1966 756 2049 νοιίμερονί
770 1983 796 2029 et
808 1970 883 2049 quod
895 1968 992 2030 homil.
1011 1967 1216 2049 quadragesima
1230 1981 1316 2045 sexta,
1328 1967 1415 2049 θπαρ’
1430 1972 1495 2048 ἡμῖν
1508 1966 1696 2047 liqueretur&

5 2110 8 2115 .
127 2062 178 2137 τὴν
191 2060 348 2142 Ῥωμαϊκὴν
366 2061 554 2136 συνὴθειαν,ἐν
570 2074 624 2132 τοῖς
642 2064 740 2145 σίγνοις
754 2066 830 2126 αὐτὸν
851 2064 968 2147 ἔμὸαλε,
981 2085 1069 2124 nonne
1086 2064 1151 2124 satis
1169 2063 1229 2123 baee
1241 2084 1291 2145 per
1308 2084 1337 2124 se
1348 2063 1536 2142 antiquitatem
1556 2061 1697 2143 produnt?

127 2152 183 2215 Sed
195 2152 264 2234 quid
276 2154 443 2236 conjecturas
456 2169 604 2235 consector,
622 2177 685 2216 eum
698 2157 756 2239 ipse
769 2171 860 2239 aperte
878 2158 952 2218 hom.
966 2157 1172 2238 quadragesima
1182 2156 1271 2238 prima
1295 2171 1546 2238 contemporaneum
1565 2176 1594 2214 se
1608 2155 1696 2236 profi-

128 2259 217 2305 teatur
234 2244 362 2306 tuliano?
379 2247 468 2306 Locus
483 2260 524 2307 est
536 2267 598 2329 pag.
615 2247 684 2326 859,
700 2250 719 2308 ⁷
733 2251 773 2331 [p.
787 2251 841 2310 3ll
859 2263 927 2311 extr.
941 2251 1074 2329 Monti.]:
1091 2248 1145 2311 ίδοθ
1167 2249 1219 2334 γὰρ
1232 2248 1276 2310 ἐπί
1296 2254 1348 2310 τῶν
1369 2251 1469 2330 καιρῶν
1489 2253 1542 2308 τῶν
1557 2247 1697 2329 ἡμετέρων

127 2337 164 2401 τὰ
173 2339 242 2399 κατὰ
255 2341 299 2401 τὸν
316 2340 446 2422 μακάριον
459 2341 583 2403 Βαθθλαν
597 2341 706 2425 γέγονε,
718 2342 752 2403 τὰ
761 2344 832 2405 κατὰ
845 2345 880 2405 τὰ
895 2343 1081 2426 Ἱεροσόλυμα,
1092 2345 1126 2406 τὰ
1140 2344 1210 2405 κατὰ
1223 2342 1272 2418 riv
1286 2343 1438 2423 καθαίρεσιν
1448 2347 1501 2403 τῶν
1519 2344 1595 2426 ἱερῶν
1604 2342 1618 2400 i
1628 2364 1699 2422 quo·

127 2431 358 2516 rumduopriora
372 2434 423 2495 snb
441 2434 552 2499 iuliano
563 2435 740 2516 contigerunt,
756 2437 867 2497 tertium
883 2438 936 2498 sub
955 2438 1119 2500 Theodosio.
1135 2440 1198 2501 Jam
1217 2436 1288 2496 illud
1299 2436 1376 2496 bom,
1400 2435 1539 2517 trigesima
1553 2449 1647 2497 actara
1661 2436 1699 2499 de

126 2524 315 2609 liltromagioo
325 2529 434 2591 invento
443 2530 471 2590 iu
485 2529 605 2607 flumine,
617 2552 679 2590 cum
692 2530 782 2591 adhue
799 2532 934 2615 μειράκιον
947 2547 1016 2593 esset
1025 2532 1248 2616 chrysostomus,
1260 2530 1412 2591 cardinalis
1423 2531 1556 2591 Baronins
1566 2544 1648 2608 reete,
1660 2544 1693 2592 ut

127 2620 234 2703 opinor,
247 2620 282 2681 ad
294 2635 417 2706 tempora
433 2623 557 2684 Valentis
570 2625 660 2684 refert.
679 2624 725 2685 Ex
737 2624 783 2685 his
795 2624 882 2704 liquet
893 2624 1052 2708 scriptorem
1064 2625 1147 2686 fuisse
1160 2638 1314 2707 temporum
1325 2623 1436 2683 illorum
1446 2623 1584 2702 aqualem.
1597 2623 1652 2685 Sed
1668 2639 1695 2685 et

128 2713 287 2797 episcopum
296 2715 379 2775 inisse
389 2716 455 2776 satis
468 2716 608 2777 constabit.
622 2716 702 2776 Hom.
714 2717 795 2779 tertia
811 2717 933 2798 loquitur
945 2717 980 2777 de
993 2718 1090 2800 seipso,
1101 2731 1130 2777 ut
1143 2717 1278 2800 episcopo.
1292 2716 1373 2776 Hom.
1386 2736 1456 2775 nona
1471 2728 1563 2797 aperte
1576 2716 1697 2798 seipsum

129 2808 286 2899 episcopum
303 2823 393 2890 vocat,
411 2812 480 2872 siti
493 2810 541 2887 σθ,
554 2812 643 2894 ρηολν,
658 2813 748 2894 ἄρχων
763 2805 842 2874 είκαί
855 2813 1007 2884 ἐπίσκοπος.
1016 2813 1118 2873 Homil.
1130 2828 1226 2874 octava
1238 2811 1274 2872 de
1287 2811 1374 2895 seipso
1386 2809 1517 2891 loquitur,
1526 2825 1557 2870 ut
1571 2810 1697 2894 episeopo

128 2902 283 2965 incivitate
296 2906 472 2986 βασιλευούσῃ
493 2906 582 2985 (quod
593 2928 690 2966 nomen
704 2922 884 2988 praeterquam
896 2911 990 2970 Roma
1007 2923 1034 2970 et
1049 2907 1292 2991 Constantinopoli,
1305 2906 1375 2967 nulli
1392 2906 1440 2966 alii
1454 2906 1628 2966 conveniebat
1653 2908 1697 2966 ci-

128 2996 228 3075 vitati)
250 2998 398 3079 suspiciose
413 2998 541 3077 quaednm
565 3020 708 3080 aspergens
722 3000 757 3059 de
779 3023 827 3061 sua
852 3004 1023 3084 expulsione,
1038 3005 1101 3087 περί
1121 3009 1170 3076 τῆς
1195 3006 1290 3064 ἑαυτοῦ
1311 3002 1487 3084 καθαιρέσεως
1502 3024 1509 3057 ι
1524 3000 1615 3079 qualia
1633 3015 1698 3063 sunt
1718 3020 1723 3027 “

127 3113 194 3177 pag.
207 3093 277 3166 655,
294 3094 428 3177 θῆρες.
443 3092 494 3171 68,
511 3096 547 3172 Α,
563 3095 678 3173 illonti]
693 3119 699 3151 ε
716 3094 875 3167 ἢκαθέλετέ
899 3119 933 3175 με
952 3096 1050 3170 ταύτης
1061 3103 1109 3169 τῆς
1123 3100 1223 3177 ἀρχῆς,
1240 3097 1259 3169 ἢ
1280 3097 1392 3173 μένοντά
1412 3120 1446 3174 με
1469 3096 1506 3174 μὴ
1521 3096 1696 3177 περιὸιίλλετε

128 3187 264 3256 κινδύνοις.
280 3187 317 3247 Et
334 3189 432 3270 pagina
447 3202 582 3267 sequente,
601 3188 650 3248 lin.
678 3192 717 3251 ld
738 3192 819 3272 [pag.
835 3192 885 3266 69,
904 3192 945 3271 Α]
962 3215 968 3248 :
986 3190 1035 3259 ἕως
1060 3189 1091 3250 ἂν
1114 3194 1140 3250 ἐν
1154 3194 1193 3271 τῷ
1214 3188 1296 3270 θρόνῳ
1320 3187 1475 3266 καθέζωμαι
1496 3187 1600 3270 τούτῳ,
1621 3193 1696 3253 οὐδὲν

129 3283 240 3366 προήσω
252 3287 305 3344 τῶν
319 3287 399 3345 αὐτοῦ
409 3284 606 3363 δικαιωμάτων.
619 3283 666 3345 Ἂν
679 3285 763 3364 μέτις
773 3285 955 3367 καταὸιὸοίσῃ,
966 3286 1059 3347 λοιπθν
1070 3283 1206 3352 ἀνεθθυνός
1221 3286 1285 3363 εἰμι.
1303 3282 1442 3343 Etbomil.
1454 3282 1597 3342 undecima
1607 3285 1697 3366 loqui·

128 3392 185 3456 tur,
198 3392 229 3439 ut
243 3378 271 3437 in
281 3377 400 3457 civitate,
416 3400 475 3458 qua
485 3393 584 3459 preter
596 3378 705 3441 iudaeos
718 3396 745 3441 et
760 3381 884 3462 gentiles,
897 3381 1115 3442 Christianorum
1125 3380 1224 3440 babeat
1238 3379 1383 3462 plusquam
1391 3392 1498 3438 centurn
1509 3378 1603 3438 millia.
1611 3381 1694 3442 llorn.

130 3470 335 3552 quadragesima
346 3471 477 3546 secunda,
488 3495 516 3553 p.
531 3470 600 3548 848,
611 3473 631 3532 l.
645 3475 684 3533 lb
697 3473 737 3556 [p
748 3477 818 3548 ὅθί,
829 3475 879 3555 B]:
893 3474 962 3537 Ἰθοθ
979 3475 1059 3548 ἡλίκη
1075 3474 1151 3542 πόλις
1164 3478 1229 3554 ἡμῖν
1245 3476 1315 3533 ἐστιν
1329 3478 1346 3546 ἡ
1361 3472 1464 3552 μεγάλη
1479 3471 1557 3544 αθτη.
1573 3473 1611 3534 Et
1622 3475 1697 3554 qnod

129 3586 273 3645 nusquam,
280 3580 309 3625 ut
316 3567 420 3647 opinor,
427 3565 494 3626 alibi
505 3566 531 3625 in
539 3567 596 3647 ejus
607 3568 733 3649 operibus
738 3569 979 3651 reperitur,bomil.
988 3567 1211 3648 quinquagesima
1216 3566 1343 3645 secunda,
1350 3587 1412 3648 pag.
1420 3566 1492 3646 909,
1501 3567 1520 3627 l.
1527 3569 1697 3651 40,[p.595,

129 3662 169 3741 D]
177 3682 274 3720 nornen
286 3682 365 3720 suum
375 3659 476 3719 directe
487 3661 576 3742 ponit:
588 3663 654 3740 Εἶμί
664 3669 710 3722 τοῦ
719 3663 851 3747 μακαρίου
866 3662 914 3744 μὲν
924 3663 1038 3739 ἐκείνου(
1046 3663 1183 3737 Ἰωάννου)
1194 3662 1343 3742 ὁμώνυμος,
1357 3664 1386 3720 οὐ
1400 3660 1454 3740 μὴν
1468 3659 1626 3742 συνώνυμος.
1638 3668 1697 3727 Οὐκ

130 3754 186 3833 εἰμί
200 3752 340 3828 Ἰωάννης,
355 3752 422 3815 ἀλλὰ
437 3757 581 3833 καλοῦμαι.
593 3756 732 3815 Postremo
753 3758 884 3818 accedunt
900 3771 927 3818 et
942 3770 1065 3819 veterum
1081 3757 1242 3839 scriptorum
1254 3754 1289 3815 de
1307 3755 1390 3837 hujus
1410 3754 1476 3814 libri
1496 3769 1604 3816 auctore
1622 3759 1697 3821 testi·

131 3846 230 3907 monia.
241 3845 385 3906 DePhotio
395 3868 478 3928 supra
489 3847 619 3908 diximus.
629 3851 821 3928 Damascenus‚
832 3853 882 3913 lib.
894 3852 924 3930 3,
936 3851 1108 3933 eap.15,De
1120 3849 1175 3910 lide
1183 3848 1344 3923 orthodoxa,
1356 3849 1446 3909 locum
1457 3848 1521 3908 citat
1535 3869 1569 3908 cx
1578 3852 1696 3912 secunda

130 3940 226 4001 bomil.
244 3940 271 3999 in
286 3942 368 3999 Aeta:
384 3940 433 4020 qui
452 3955 543 4003 tamen
558 3943 677 4003 auctoris
690 3965 723 4003 an
735 3944 841 4005 librarii
852 3947 943 4028 lapsu,
955 3942 1051 4004 nonin
1072 3944 1187 4004 secunda
1208 3943 1342 4026 reperitur
1353 3941 1460 4016 homil,
1475 3939 1522 3999 scd
1544 3940 1572 4000 iu
1593 3943 1695 4026 prima,

131 4037 235 4118 pag.6l
242 4036 271 4111 0,
280 4033 353 4095 titt.
362 4035 467 4096 Deinde
480 4038 642 4099 Catenarum
653 4040 807 4123 scriptores,
818 4039 1147 4120 Nicctas,0Ecnmenius,
1158 4051 1209 4099 etc.
1225 4059 1279 4099 non
1291 4059 1326 4098 cx
1340 4037 1403 4097 aliis
1413 4057 1495 4116 quarn
1512 4057 1547 4095 cx
1556 4035 1608 4096 hoc
1616 4037 1696 4099 horto

131 4129 298 4212 depromptis
311 4129 431 4190 flosculis
442 4153 503 4192 suas
518 4149 679 4197 contexuere
688 4135 803 4198 corollas
815 4160 822 4194 :
833 4150 863 4196 ut
874 4138 933 4219 jam
946 4135 1059 4197 stultum
1073 4134 1108 4219 sit
1127 4133 1263 4216 deinceps,
1276 4146 1307 4193 nt
1320 4131 1390 4193 mibi
1401 4131 1510 4214 quidem
1531 4130 1649 4212 videtur,
1661 4133 1697 4197 de

131 4226 215 4307 liujus
223 4223 289 4286 libri
298 4238 406 4285 auctore
419 4224 553 4290 dubitare.
