3728 5978
231 407 303 496 412
570 422 600 470 S.
629 421 769 470 Joeuurs
795 419 977 469 CHRYSOST·
1007 420 1164 471 lucretur.
1193 421 1463 473 consulumue.

228 548 295 609 satis
315 545 430 623 habent,
450 546 523 625 quod
538 566 595 606 sese
607 558 703 605 mutuo
717 557 911 625 corrumpant,
926 540 977 603 sed
1027 544 1186 624 ἀρκοῦνται,
1199 544 1268 605 ἀλλά
1282 546 1329 606 καί
1342 546 1387 606 εδν
1400 546 1518 628 ἀρχοντα
1532 549 1731 631 συνδιαφθεῖραι
1744 550 1800 608 ἀπι-

228 640 310 701 etiam
323 640 477 722 principem
490 661 544 699 una
555 655 728 720 eorrumpere
742 650 883 717 satagunt:
899 636 973 697 ideo·
990 649 1009 696 E
1027 642 1144 716 χωροῦσι
1155 660 1161 673 ·
1176 637 1221 699 δεδι
1232 643 1310 698 τοῦτο
1322 639 1479 718 ᾠκονομήδη
1492 637 1561 698 ὥστε
1575 643 1697 701 κάκεῖνον
1710 645 1799 718 μαθεῖν

228 755 280 814 que
293 734 435 814 provisum
448 748 486 793 est
492 779 502 807 ,
519 747 550 793 ut
563 733 610 792 ille
624 733 705 792 etiam
723 731 839 791 disceret
853 730 976 812 ipsorum
1029 729 1115 788 αὐτῶν
1125 728 1174 802 τὴν
1186 730 1338 803 ἀπιὸουλήν.
1352 731 1435 789 Αὐτοὶ
1446 730 1474 790 δὲ
1484 732 1514 789 ού
1526 730 1607 809 μόνον
1617 735 1648 791 ἐκ
1661 738 1708 792 τοῦ
1720 731 1799 809 μηδὲν

228 824 348 887 insidias.
363 824 420 907 lpsi
433 846 497 886 vero
507 846 559 885 non
570 826 660 885 solum
670 846 706 884 ex
716 845 759 904 eo,
771 823 844 902 quod
853 823 923 882 nihil
932 823 976 882 di·
1028 819 1099 900 ίχειν
1113 823 1205 896 εἰπεῖν,
1218 820 1288 880 ἀλλὰ
1300 820 1347 881 καί
1360 825 1390 882 ἀκ
1404 826 1450 881 τοῦ
1464 822 1550 902 λάθρᾳ
1562 825 1710 903 ἐπιχειρεῖν
1723 823 1799 903 ellep-

229 917 346 979 cendum
363 918 512 991 haherent,
535 917 681 978 sedetiam
700 938 735 977 ex
758 938 804 992 eo,
819 916 893 994 quod
907 917 977 976 clam
1029 910 1074 980 ξαν
1090 910 1197 978 ἑαυτούς
1212 911 1283 972 ὠδὶν
1303 914 1388 980 ὄντας·
1407 913 1488 980 Eut:
1501 912 1528 973 δδ
1543 914 1589 972 καὶ
1603 913 1719 992 metet
1734 916 1797 972 ἀπο-

228 1010 406 1086 molirentur,
419 1023 568 1091 arguerunt
593 1031 622 1069 se
639 1009 722 1069 nihili
738 1030 803 1069 esse.
819 1008 977 1070 Verisimile
1028 1005 1158 1074 σταλῆναι
1173 1003 1262 1074 αθτδν,
1274 1006 1427 1085 προσελθεῖν
1439 1002 1497 1071 τοὺς
1509 1008 1642 1086 ἀρχιερεῖς
1657 1009 1799 1076 αἶτῶντας,

228 1115 317 1161 autem
329 1115 368 1161 est
380 1100 457 1178 illos,
472 1115 615 1182 postquam
627 1101 729 1160 Paulus
742 1099 903 1160 amandatus
914 1112 972 1177 est,
1028 1092 1073 1154 καλ
1083 1100 1309 1175 ααταισχυνθῆναι
1320 1096 1470 1175 ἀπράκτως
1483 1096 1671 1165 ἀπολυθέντας.
1684 1097 1800 1164 Εἰκότως

228 1213 347 1251 summos
358 1191 508 1251 sacerdotes
530 1191 649 1268 adiisse,
666 1203 693 1249 et
712 1211 741 1249 re
754 1190 852 1250 infecta
873 1188 977 1271 pudore
1028 1185 1057 1246 δδ
1071 1193 1148 1248 τοῦτο
1160 1194 1231 1246 ποιεῖ
1244 1191 1258 1247 δ
1271 1186 1423 1268 χιλίαρχος·
1438 1193 1467 1248 οὗ
1485 1188 1537 1270 γάρ
1556 1189 1589 1263 δὴ
1606 1189 1732 1250 ἀύούλετο
1744 1188 1801 1249 ὥτε

228 1283 345 1343 suffusos
358 1282 525 1343 abscessisse.
539 1285 605 1344 Jurc
626 1295 717 1342 autem
733 1282 786 1341 hoc
800 1281 865 1341 iacit
883 1282 976 1342 tribu·
1028 1279 1189 1360 χαρίσασθαι
1201 1280 1416 1341 ciscisensium.
1432 1280 1485 1341 Καί
1498 1284 1568 1355 πῶς,
1582 1282 1672 1362 ρησίν,
1685 1280 1801 1342 ἐπίστω·

227 1395 299 1434 nus:
314 1375 423 1435 nolebat
436 1374 507 1434 enim
517 1374 560 1435 vel
575 1373 724 1453 gratificari
737 1375 781 1434 vel
796 1394 925 1433 annuere.
938 1373 975 1432 Et
1029 1393 1073 1430 σιν
1088 1373 1174 1444 ἀληθῆ
1194 1362 1308 1432 εἶναιτὰ
1322 1371 1517 1452 ἀπαγγελθέντα
1532 1373 1605 1455 παρδ
1619 1379 1667 1433 τοῦ
1687 1373 1801 1445 νεανίου,

228 1466 379 1546 quomodo,
405 1467 525 1546 inquies,
548 1464 664 1526 credidit
685 1487 748 1526 vera
772 1488 844 1541 esse,
859 1486 920 1543 quae
938 1465 974 1524 ab
1029 1459 1081 1522 Ἐκ
1099 1467 1152 1523 τῶν
1172 1464 1224 1536 ἤδη
1245 1463 1392 1543 γενομένων
1406 1465 1587 1545 ἐστοχάσατο,
1605 1465 1649 1526 δτι
1661 1464 1709 1525 καὶ
1729 1473 1801 1525 calte

228 1558 394 1620 adolescente
408 1558 625 1618 nuntiabantur?
640 1559 685 1619 Ex
700 1558 752 1634 iis,
767 1557 896 1637 quaejam
913 1577 976 1617 cve·
984 1556 1099 1653 metat<
1112 1547 1145 1628 ἦν
1167 1555 1259 1623 αὐτούς
1275 1561 1395 1629 ποιῆσαι.
1409 1557 1463 1616 Καὶ
1484 1556 1533 1637 δρα
1553 1557 1602 1629 τὴν
1625 1556 1800 1639 κακουργίαν

228 1665 337 1726 nerant,
346 1652 527 1733 conjectabat,
542 1651 605 1729 quia
616 1665 642 1710 et
653 1652 704 1710 lroc
714 1651 832 1710 facturos
844 1650 906 1709 illos
920 1669 976 1710 esse
993 1669 1014 1717 Α
1029 1646 1120 1728 ὥσπερ
1132 1648 1249 1730 ἀνάγκην
1264 1648 1310 1709 καλ
1319 1658 1374 1717 τοῖς
1384 1652 1549 1730 ἀρχιερεῦσιν
1560 1649 1721 1722 ἀπέστησαν.
1731 1655 1742 1682 ⁸
1751 1649 1801 1710 Καὶ

228 1743 377 1804 verisimile
395 1757 460 1805 erat.
477 1742 513 1802 Et
528 1741 591 1802 vide
604 1741 771 1821 nequitiam:
789 1741 865 1820 quasi
885 1761 975 1800 neccs-
1030 1740 1068 1819 μὴ
1080 1739 1235 1820 θαυμάσῃς·
1248 1744 1271 1801 εἰ
1281 1739 1333 1821 γάρ
1345 1745 1469 1802 τοσούτου
1480 1740 1582 1802 εἵλοντο
1595 1741 1689 1815 αὐτοί,
1703 1741 1751 1800 καί
1759 1742 1801 1802 τδν

229 1833 336 1893 sitatem
360 1833 473 1894 summis
495 1832 679 1893 sacerdotibus
701 1832 860 1892 intulerunt.
888 1832 925 1892 Et
944 1853 978 1892 ne
1029 1829 1147 1890 κίνδυνον
1160 1831 1313 1901 ἀνεδέξαντο
1325 1833 1429 1907 πάντα,
1444 1835 1536 1915 πολλῷ
1552 1835 1655 1911 μάλλον
1669 1833 1716 1893 καί
1731 1834 1801 1893 ἀκτί-

230 1927 353 1986 mireris:
366 1948 429 1986 nam
442 1926 465 1986 si
480 1940 585 1986 tantum
597 1925 624 1985 in
637 1947 666 1986 se
679 1938 852 2006 susceperunt
870 1924 931 1999 illi,
951 1939 978 1985 et
1030 1947 1089 1992 νους
1100 1931 1177 1985 τοῦτο
1190 1931 1300 1998 ποιῆσαι
1313 1926 1381 1993 είκδς
1394 1916 1437 1998 ἦν.
1450 1925 1550 2005 Ὁρᾷς,
1563 1929 1621 1992 πῶς
1632 1925 1676 1983 διδ
1689 1930 1739 1998 τῆς
1748 1927 1801 2005 ψη-

230 2038 310 2078 ουιυε
323 2017 483 2100 perieulum
493 2030 686 2098 acceptarunt,
709 2017 796 2076 multo
816 2015 903 2095 magis
916 2015 978 2076 illos
1030 2038 1079 2095 ρον
1092 2020 1145 2075 τῶν
1163 2015 1213 2084 ἔξω
1226 2020 1309 2098 ἀθῷος
1321 2015 1421 2095 γίνεται
1435 2018 1583 2090 δΠαῦλος,
1604 2020 1642 2085 ὡς
1655 2016 1802 2098 καλδΧρι-

165 2098 176 2107 ’
230 2106 351 2190 idipsum
378 2109 497 2169 facturos
519 2130 575 2168 esse
600 2108 748 2169 verisimile
775 2121 840 2168 erat.
859 2106 977 2182 Viden’,
1031 2107 1092 2175 στδς
1106 2106 1180 2187 παρδ
1193 2107 1326 2181 Πιλάτου,
1347 2108 1418 2167 Ἀλλ’
1438 2107 1488 2186 ὅρα
1512 2107 1622 2181 καλιὴν
1645 2108 1743 2168 κακίαν
1763 2113 1801 2190 ύρ’

229 2201 367 2282 quomodo
377 2216 551 2263 externorum
563 2203 692 2262 sententia
701 2202 828 2262 innocens
837 2215 894 2261 erat
907 2203 978 2261 Pau·
1031 2201 1126 2272 ἑαυτῆς
1147 2199 1346 2280 ἀναιρουμένην.
1371 2199 1536 2281 Παρίδωκαν
1563 2201 1610 2278 μὲν
1636 2199 1690 2283 γάρ
1717 2202 1800 2274 αὐτὸν,

230 2296 292 2373 lus,
308 2308 337 2354 ut
352 2309 379 2355 el
394 2295 519 2355 Christus
533 2294 608 2377 apud
621 2294 764 2355 Pilatum?
779 2293 832 2354 Sed
846 2293 911 2353 vide
924 2316 977 2354 ne·
1031 2289 1101 2350 ιίνστε
1114 2292 1160 2351 καλ
1174 2294 1275 2352 ἀνελεῖν
1291 2292 1336 2352 καὶ
1350 2291 1542 2351 καταδικάσαι·
1565 2291 1668 2373 γίνεται
1692 2293 1720 2354 di
1745 2298 1799 2353 τού·

230 2385 346 2464 quitiam
361 2407 376 2445 a
398 2385 486 2467 seipsa
507 2399 690 2467 expugnatam
707 2409 714 2442 ε
731 2407 794 2444 nam
809 2383 979 2444 tradiderunt
1032 2383 1144 2458 ναντίον,
1160 2384 1207 2444 καλ
1219 2385 1349 2458 σώζεται,
1365 2383 1411 2443 καί
1425 2386 1508 2464 ἀθῷος
1529 2385 1738 2468 suplementum
1755 2387 1801 2467 γδρ

231 2478 310 2537 illurn
319 2522 329 2554 ,
346 2490 376 2535 ut
398 2477 559 2537 damnarent
574 2475 800 2554 occiderentque:
816 2488 843 2535 et
866 2488 978 2535 contra-
1033 2474 1070 2554 μὴ
1082 2475 1168 2550 ούτω,
1182 2476 1231 2536 κάν
1247 2475 1409 2550 διεσπάσθη·
1425 2477 1447 2536 εί
1461 2474 1499 2554 μὴ
1514 2476 1595 2549 ούτω,
1606 2478 1656 2537 κάν
1667 2479 1800 2549 ἀπώλετο,

160 2639 162 2643 ¹
232 2569 305 2628 rium
323 2567 412 2627 evenit
424 2592 433 2644 ς
449 2568 507 2650 ipse
526 2588 642 2646 namque
657 2567 749 2626 salvus
765 2564 874 2643 evadit,
889 2580 916 2626 et
932 2565 979 2625 in·
1032 2568 1081 2628 κάν
1104 2569 1351 2641 κατεδικάσθη.ού
1375 2568 1453 2647 μόνον
1476 2568 1504 2628 δὲ
1526 2569 1629 2642 ἐκείνης
1657 2571 1736 2630 αὐτὸν
1759 2577 1802 2644 τῆς

231 2681 328 2720 nocens
343 2659 486 2740 reperitur.
502 2658 562 2719 Nisi
578 2657 651 2718 enim
663 2657 700 2717 ita
713 2656 866 2727 accidisset,
879 2656 979 2716 discer-
997 2671 1016 2718 u
1033 2663 1117 2743 ὁρμῆς
1140 2661 1285 2741 ἀξαιρεῖται
1303 2660 1485 2742 δχιλίαρχος,
1510 2660 1579 2721 ἀλλά
1597 2663 1645 2722 καί
1672 2663 1802 2746 ὑπηρέτης

231 2765 295 2833 ptus
307 2751 402 2811 luisset
418 2773 425 2809 z
440 2750 463 2810 si
485 2771 539 2809 non
564 2749 620 2826 ita,
642 2747 766 2829 periisset
786 2761 813 2807 et
837 2747 981 2808 damnatus
1033 2755 1106 2834 αὐτῷ
1116 2750 1232 2831 γίνεται,
1247 2751 1315 2812 ὥστε
1334 2751 1478 2820 ἀκινδύνως
1493 2753 1656 2827 διασωθῆναι
1678 2755 1746 2834 μετὰ
1760 2779 1802 2815 το-

232 2841 336 2902 fuisset.
353 2842 413 2900 Non
428 2840 515 2900 solum
537 2852 628 2898 autem
642 2837 678 2897 ab
690 2838 742 2898 hoc
756 2838 859 2919 impetu
880 2837 978 2898 liberat
1034 2841 1133 2917 ααύτης
1145 2842 1330 2925 παρατάξεως·
1351 2843 1397 2904 καί
1411 2842 1497 2919 ὅπως,
1510 2844 1606 2905 άκοοε·
1629 2845 1726 2926 ἀπάγει
1741 2847 1801 2928 γάρ·

230 2933 323 3015 ipsum
342 2933 486 3009 tribunum
500 2930 640 2992 sedetiam
653 2930 748 3011 juvat,
775 2945 805 2991 ut
831 2931 889 2992 sine
902 2929 978 3012 peri-
1033 2933 1087 2995 Καὶ
1103 2934 1352 3018 προσκαλεσάμενος
1372 2934 1417 2996 δύο
1432 2935 1505 3004 τινδς
1524 2939 1576 2995 τῶν
1591 2938 1801 3020 ἑκατοντάρχων,

231 3023 294 3093 culo
303 3044 366 3085 cum
378 3037 452 3083 muta
464 3023 584 3082 militum
594 3035 683 3081 turma
694 3021 801 3082 evadat.
810 3021 847 3081 Et
858 3042 979 3100 quomo·
1033 3017 1107 3088 eine·
1130 3025 1291 3106 ίτοιμάσατί
1306 3049 1360 3106 μοι
1371 3026 1535 3109 στρατιώτας
1557 3030 1724 3106 διακοσίους,
1737 3032 1803 3099 ὅπως

231 3117 285 3189 do,
295 3117 377 3177 audi:
389 3115 530 3197 subjungit
541 3115 612 3175 enim
620 3117 686 3178 :aa
699 3118 740 3175 Et
749 3119 899 3176 accersitis
909 3117 980 3175 duo-
1032 3121 1194 3201 πορευθῶσιν
1212 3122 1249 3188 εἰς
1262 3116 1434 3199 Καισάρειαν,
1453 3120 1499 3178 καί
1511 3122 1600 3188 ἱππεῖς
1611 3120 1805 3200 ἕύδομήκοντα,

232 3211 288 3269 bus
299 3210 475 3290 patibusdam
487 3210 724 3284 centurionibus,
742 3209 817 3266 dixit
831 3231 840 3263 .·
855 3210 981 3286 Proepa-
1033 3209 1079 3270 καλ
1101 3208 1265 3279 δεξιολάὸους
1284 3211 1450 3286 διακοσίους,
1474 3212 1528 3273 ἀπδ
1552 3212 1644 3293 τρίτης
1667 3214 1741 3296 ὥρας
1760 3221 1805 3288 τῆς

231 3316 298 3364 rate
311 3306 385 3363 milii
406 3305 513 3363 milites
527 3305 685 3377 ducentos,
702 3315 734 3361 ut
754 3303 982 3384 proficiscantur
1032 3303 1139 3377 νυκτδς,
1152 3302 1236 3375 κτίνη
1247 3326 1275 3361 τε
1289 3307 1476 3384 παραστῆσαι,
1489 3302 1532 3362 ίνα
1547 3305 1750 3377 ἀπιύιὸάσαντες
1764 3307 1805 3367 τὸν

234 3398 415 3470 Coesaream,
430 3408 458 3454 et
470 3399 580 3475 equites
593 3399 781 3475 septuaginta
789 3438 799 3467 ,
820 3407 848 3453 et
863 3396 982 3455 lancea-
1033 3396 1149 3468 Παῦλον,
1163 3394 1284 3472 ἀγάγωσι
1295 3394 1360 3475 πρὸς
1371 3393 1483 3465 Φήλικα
1493 3395 1537 3454 τδν
1548 3397 1684 3475 ἡγεμόνα·
1705 3399 1805 3480 γράψας

232 3489 292 3554 rios
312 3488 471 3561 ducemus,
493 3506 514 3543 a
535 3489 623 3544 tertia
652 3486 727 3544 liora
748 3489 842 3543 noctis
855 3508 864 3540 .·
879 3485 929 3544 ἀί.
953 3499 983 3545 et
1032 3486 1185 3559 ἀποστολὴν,
1199 3484 1373 3566 περιέχουσαν
1391 3485 1436 3545 τδν
1455 3485 1535 3546 τύπον
1555 3493 1661 3548 τοῦτον·
1678 3491 1806 3557 Κλαύδιος

228 3581 367 3659 jumento
385 3591 568 3657 preparate,
583 3591 616 3637 ut
632 3581 814 3657 imponentes
829 3578 980 3649 Paulum,
1035 3576 1807 3664 ΛυσίαςτῷκρατίστιρἡγεμόνιΦήλικιχαίρειν.Τδνἀνδρα

233 3670 348 3730 salvum
363 3671 527 3751 perducant
538 3670 580 3728 nd
596 3670 726 3729 Felicem
737 3670 890 3749 praesidem
904 3694 913 3726 .·
929 3672 981 3731 ao
1033 3675 1126 3730 τοῦτον
1140 3667 1322 3750 συλληφθέντα
1333 3669 1384 3729 ύπδ
1398 3674 1450 3729 τῶν
1464 3669 1609 3746 Ἰουδαίων,
1620 3673 1666 3732 καί
1678 3672 1807 3750 μελλοντα

233 3765 364 3823 συνίδετε
375 3762 827 3844 ερίεῖοίαηιοοαῖίπανντσπνίιαοτ
840 3763 984 3824 Οάιαάίαε
1000 3769 1019 3818 G
1035 3766 1198 3843 ἀναιρεῖσθαι
1209 3765 1254 3820 ὑπ’
1272 3766 1367 3834 αι’πῶν,
1380 3762 1490 3832 ἀπιστδις
1502 3762 1549 3823 σὺν
1569 3770 1608 3845 τῷ
1628 3767 1807 3846 στρατεύματι

233 3856 345 3929 Lysias
361 3858 472 3935 optimo
486 3855 606 3934 praesidi
617 3853 714 3913 Felici
727 3853 862 3913 salutem.
879 3857 918 3914 27
934 3856 985 3913 Vi·
1035 3854 1172 3934 ἐξειλόμην
1188 3852 1288 3933 μαθὼν,
1302 3853 1343 3915 δτι
1354 3853 1489 3932 Ῥωμαῖός
1510 3858 1584 3916 ἐστι·
1597 3857 1758 3937 βουλόμενος
1781 3859 1806 3919 δδ

234 3967 300 4005 rum
320 3948 399 4006 liunc
419 3947 659 4025 comprehensum
671 3966 690 4004 a
704 3946 833 4018 Judoeis,
859 3958 887 4004 et
906 3949 982 4005 inci·
1035 3952 1133 4030 γνῶναι
1145 3948 1194 4020 τὴν
1210 3948 1307 4023 αἰτίαν,
1322 3949 1355 4006 δι’
1369 3947 1401 4020 ἣν
1421 3949 1558 4010 ἐνεκάλουν
1576 3951 1668 4030 αὐτῷ,
1688 3951 1807 4031 κατήγα-

232 4043 361 4118 pientem
386 4039 515 4120 interfici
540 4041 579 4099 ab
600 4043 660 4110 eis,
688 4041 895 4118 superveniens
917 4057 985 4117 cum
1034 4065 1081 4120 γον
1095 4038 1405 4119 αύτδνείςτδσυνάδριαν
1419 4043 1513 4102 αὐτῶν.
1528 4041 1580 4102 Ὃν
1593 4033 1668 4123 cipes
1683 4042 1807 4121 ἔγκαλού·

235 4133 364 4189 euercitu
374 4133 487 4208 eripui,
502 4133 619 4209 cognito
633 4129 714 4209 quod
723 4130 876 4188 Romanus
888 4141 983 4188 esset.-
1036 4151 1113 4208 μενον
1127 4129 1189 4209 περὶ
1202 4127 1362 4204 ζητημάτων
1377 4134 1423 4188 τοῦ
1436 4128 1515 4208 νόμου
1530 4133 1628 4206 αὐτῶν,
1642 4132 1727 4210 μηδδν
1739 4133 1806 4203 ἀξιον

234 4223 284 4291 28.
295 4224 459 4303 nolensque
471 4212 690 4293 scirecausam,
703 4243 792 4303 priam
804 4224 985 4302 objiciebant
1036 4218 1177 4293 θανάτουῆ
1196 4221 1299 4298 δεσμῶν
1320 4217 1442 4299 ἔγκλημα
1462 4221 1566 4301 ἔχοντα.
1589 4224 1761 4298 Μηνυθείσης
1781 4223 1808 4285 δύ

235 4315 297 4385 illi,
310 4314 420 4372 deduxi
429 4333 495 4372 eum
507 4317 540 4371 in
549 4314 706 4373 concilium
714 4333 822 4374 eorum.
833 4315 881 4374 29.
893 4315 985 4392 Quem
1036 4336 1082 4391 μοι
1092 4311 1234 4383 ἀπιὸουλῆς
1247 4309 1352 4388 μέλλειν
1366 4311 1473 4371 ἔσεσθαι
1486 4315 1523 4382 εἰς
1535 4312 1580 4372 τδν
1592 4313 1677 4396 ἀνδρα
1691 4316 1744 4376 ύπδ
1756 4320 1807 4376 τῶν

237 4409 365 4486 comperi
387 4409 527 4465 accusari
542 4407 579 4465 de
591 4410 802 4487 questionibus
818 4407 891 4486 legis
908 4411 986 4487 ipso·
1005 4406 1012 4418 ”
1035 4403 1170 4464 Ἰουδαίων
1189 4402 1216 4471 ἀί
1234 4404 1330 4477 αὐτῶν,
1349 4403 1458 4484 ἔπεμψα
1477 4404 1543 4486 πρδς
1558 4405 1607 4480 ol,
1626 4408 1807 4489 παραγγείλας

236 4519 319 4574 rum,
332 4498 410 4556 nteit
432 4517 505 4556 uero
524 4498 645 4578 dignum
666 4510 758 4557 morte
780 4511 833 4558 aut
855 4501 985 4560 uinculis
1035 4496 1080 4560 καὶ
1098 4504 1153 4563 τοῖς
1170 4492 1327 4575 κατηγόροις
1346 4493 1432 4575 λέγειν
1447 4495 1481 4556 cd
1498 4497 1564 4576 πρδς
1583 4496 1663 4558 αὐτὸν
1685 4499 1730 4559 ἀπὶ
1751 4504 1807 4559 σού.

237 4592 544 4671 ἀρδονεῖοπιονὶναὶνιίε.
556 4589 604 4649 50.
616 4590 657 4647 Et
669 4609 734 4647 cum
747 4590 820 4648 milii
835 4590 984 4670 perlatum
1035 4587 1186 4670 Ι’Ὶάρρωοα
1199 4585 1274 4667 Ὅρα
1293 4585 1338 4644 καί
1351 4585 1399 4659 τὴν
1414 4587 1554 4661 ἐπιστολὴν
1570 4589 1716 4670 ἀπολογίαν
1734 4591 1806 4671 ἔχου·

237 4695 313 4743 esset
328 4683 365 4740 de
377 4682 512 4757 insidiis,
529 4700 603 4761 quos
612 4695 793 4761 paraverant
806 4683 854 4742 illi
864 4683 983 4760 Judoei,
1034 4703 1083 4742 σαν
1097 4678 1144 4759 μὲν
1159 4677 1226 4757 ὑπὲρ
1241 4679 1320 4737 αὐτοῦ
1335 4677 1439 4751 (Οὐδὲν
1457 4678 1527 4759 γάρ,
1541 4681 1631 4760 ρησίν,
1648 4672 1723 4762 εὗρον
1737 4683 1806 4752 ιίίιον

237 4779 304 4834 misi
316 4775 439 4832 eumad
449 4785 495 4845 te,
516 4776 687 4852 precipiens
701 4778 938 4851 accusatoribus,
951 4788 983 4834 ut
1000 4789 1019 4835 u
1035 4772 1145 4832 θανάτου
1160 4770 1282 4850 ἔγκλημα
1296 4767 1416 4849 ἔχοντα),
1431 4771 1591 4852 κατηγορίαν
1612 4772 1640 4833 δὲ
1658 4778 1719 4833 κατ’
1736 4775 1805 4834 ἐκεί-

241 4889 305 4947 quoe
333 4878 437 4925 coritra
459 4865 545 4924 illurn
569 4865 697 4942 liabent,
721 4866 823 4924 dicant
841 4867 921 4945 apud
942 4878 980 4925 te.
1035 4887 1086 4923 νων
1098 4861 1116 4933 ἢ
1129 4860 1198 4921 κατδι
1206 4858 1307 4920 τούτου·
1322 4859 1405 4926 ούτως
1419 4860 1561 4921 ἀθανάτων.
1577 4862 1628 4923 Καὶ
1642 4867 1748 4945 πρῶτον
1758 4863 1805 4943 μέν

268 5095 280 5117 ¹
298 5086 379 5143 καὶμὴ
394 5087 509 5148 θαυμάσῃς
520 5075 590 5128 deest
601 5078 626 5127 in
640 5093 689 5128 uno
699 5075 803 5130 Codice.
1044 5079 1072 5129 Α.
1086 5073 1161 5142 (liber
1173 5092 1223 5129 non
1236 5073 1374 5127 admodum
1387 5073 1479 5142 graiis)
1491 5086 1516 5126 ct
1530 5073 1621 5139 Sauli]

272 5156 284 5194 ν
302 5153 389 5208 Metel.
401 5162 508 5226 ε’ρρινιθι.
522 5156 573 5221 [Sic
591 5166 616 5206 ct
634 5157 662 5205 B.
677 5156 706 5206 l).
724 5165 751 5207 et
761 5154 895 5222 Commi,
909 5162 922 5206 ε“’
933 5161 993 5226 lure
