3728 5978
520 428 553 475 ru
581 428 667 476 εστι
695 424 950 476 εεοετοιοιιαιι.
978 425 1097 476 nonu„
1124 429 1194 477 xm.
1309 473 1314 482 ,
1564 402 1629 474 351

68 544 256 624 δαιμονῶντων
285 556 374 629 χεῖρον
400 548 553 628 διακείμεθα
584 553 618 610 οῖ.
638 549 839 632 ἁμαρτάνοντες.
894 547 981 608 multo
1001 548 1119 609 deterius
1138 549 1226 609 affecti
1247 568 1342 610 sumus
1363 570 1446 629 quam
1466 545 1636 610 demoniaci.
1682 577 1690 591 ··

68 632 140 694 Ἀλλ’
155 635 255 698 άτιούκ
266 639 487 721 ἀφρῖζομιν,οιίδδ
501 641 691 722 διαστρέφομεν
703 639 841 720 τάςκόρας
893 639 949 700 Sed
968 660 1022 699 non
1042 663 1210 722 spumamus,
1234 663 1282 701 nee
1300 641 1418 722 pupillas
1438 639 1637 719 distorquemus

67 726 128 786 οιίδδ
145 725 195 796 τάς
207 738 315 809 χεῖρας;
330 730 394 791 Είθε
408 734 435 790 έν
448 736 485 810 τῷ
498 731 603 811 σώματι
618 739 696 792 τοῦτο
708 731 841 814 ίπράττο-
892 732 938 792 νεῖ
951 735 1073 793 manus?
1089 736 1201 795 Utinam
1216 735 1269 794 hoc
1293 735 1320 792 in
1340 755 1450 815 corpore
1471 746 1636 815 pateremur,

69 839 128 892 μιν,
139 817 185 876 καλ
197 818 234 896 μὴ
247 822 317 900 ἐντῇ
328 825 412 902 ψυχῇ.
423 825 518 884 Βούλει
527 847 568 883 σοι
578 824 653 893 δείξω
663 822 750 905 ψυχὴν
762 821 841 904 άφρέ-
857 834 877 882 n
894 844 947 884 non
961 824 988 883 in
997 826 1096 885 anima.
1105 828 1158 888 Vis
1164 827 1216 886 tibi
1226 826 1366 886 ostendam
1376 826 1495 884 animam
1504 846 1637 906 spuman-

68 909 166 974 ζουσαν
177 910 336 991 ἀκάθαρτον,
344 913 390 972 καί
403 914 562 995 διαστροφὴν
573 915 701 993 ὀμμάτων
713 914 841 986 διανοίαις
894 928 959 994 mm,
974 916 1120 999 impuram,
1128 931 1156 977 et
1165 917 1293 978 distortos
1306 918 1398 977 oeulos
1409 915 1530 976 mentis?
1541 916 1637 994 Cogita

68 999 212 1075 Ἐννόησον
223 1002 282 1072 τοθς
302 1007 485 1086 ὀργιζομένους
505 1007 550 1067 καί
573 1007 715 1085 μεθύοντας
727 1006 779 1066 tat
795 1011 841 1066 τοῦ
893 1004 975 1067 iratos
988 1022 1014 1067 et
1028 1009 1118 1068 surore
1128 1008 1225 1083 ebrios,
1238 1030 1291 1088 qua
1299 1029 1395 1090 spuma
1408 1029 1461 1066 uon
1473 1006 1637 1066 immundio-

68 1097 166 1170 θυμοῦ,
179 1095 262 1156 πόσαι
285 1101 368 1178 ἀφροῦ
392 1101 439 1159 ούκ
462 1099 661 1182 ἀκαθαρτότερα
682 1098 840 1158 ίκύάλλουσι
892 1118 922 1156 ra
932 1099 1072 1179 proferunt
1081 1100 1190 1160 rerba?
1210 1099 1419 1178 Proseetequmi
1433 1097 1559 1158 soetidum
1572 1119 1636 1178 spu·

68 1183 193 1263 ῥήματα,
207 1185 310 1257 Ὄντως
323 1189 414 1273 ὥσπερ
428 1190 532 1264 δυσώδη
549 1192 636 1251 σίελον
656 1191 839 1260 ἀπούλύζουσι.
893 1203 951 1250 tum
964 1192 1099 1252 emittunt.
1114 1193 1151 1252 Et
1160 1193 1230 1253 sieut
1239 1193 1280 1253 iili
1296 1193 1403 1251 nullum
1411 1213 1445 1251 ex
1458 1191 1637 1272 praesentibus

67 1277 124 1335 Καὶ
139 1277 259 1358 καθάπερ
273 1282 368 1341 ε’κεῖνοι
378 1281 470 1341 οῦδένα
484 1280 558 1343 ίσασι
571 1287 624 1342 τῶν
636 1282 783 1363 παρόντων,
797 1281 840 1342 ού-
891 1297 999 1358 nerunt,
1011 1284 1053 1343 sic
1061 1306 1147 1364 neque
1163 1285 1202 1345 bi.
1226 1285 1408 1344 Obtenebrata
1431 1284 1504 1343 enim
1525 1284 1637 1343 illorum

66 1390 120 1434 τως
132 1370 191 1430 οὐδὲ
204 1360 285 1432 οὗτοι.
299 1373 488 1446 Σκοτιαθιίσης
501 1374 553 1454 γδρ
568 1376 653 1442 αὐτοῖς
666 1380 715 1448 τῆς
726 1372 840 1441 διανοίας
891 1389 979 1434 mente
993 1376 1147 1436 etdistortis
1160 1377 1317 1450 oeulis,nou
1333 1375 1463 1453 amicum,
1480 1396 1533 1435 uon
1545 1373 1637 1434 inimi-

65 1458 113 1517 καλ
136 1461 348 1544 διαστραφέντων
376 1468 429 1524 τῶν
455 1468 608 1545 ὀφθαλμῶν,
632 1468 662 1524 ού
688 1465 772 1546 φίλον,
792 1467 840 1523 οῦκ
891 1486 964 1542 cum,
980 1487 1034 1526 non
1056 1468 1251 1542 venerabilem,
1263 1489 1316 1527 nou
1343 1465 1557 1548 despiciendum,
1589 1467 1637 1526 sed

64 1549 171 1632 ἐχθρὸν,
192 1554 239 1612 αθκ
259 1554 405 1633 αἰδέσιμον,
430 1557 476 1615 ούκ
506 1556 741 1640 εθκαταφρόνητον,
771 1553 840 1616 ἀλλά
892 1577 984 1617 omues
996 1579 1051 1618 uno
1061 1558 1160 1618 intuitu
1170 1573 1292 1619 cernunt.
1306 1561 1366 1619 Non
1377 1558 1455 1618 vides
1467 1558 1637 1617 bostremere

65 1642 170 1711 πάντας
183 1645 274 1713 ἁπλῶς
287 1650 392 1727 ὁρῶσιν.
407 1649 468 1727 Οὐχ
481 1653 543 1728 δρᾷς
555 1647 649 1717 αθτοθς
663 1649 708 1709 καί
723 1647 839 1727 τρέμον·
848 1692 884 1731 ³1⁵
891 1645 961 1706 sicut
968 1647 1051 1707 illos?
1059 1649 1174 1709 Sednon
1183 1647 1284 1708 cadunt
1293 1648 1321 1709 in
1333 1648 1452 1707 terram?
1464 1650 1568 1718 Verum
1576 1647 1636 1708 ani-

65 1757 113 1801 τας
123 1736 244 1818 καθάπερ
254 1737 381 1810 έκείνοος;
393 1739 462 1799 Ἀλλ’
474 1742 502 1798 ού
514 1739 640 1800 πίπτωσι
649 1740 738 1820 χαμαί
745 1738 840 1813 ,Ἀλλὰ
857 1747 877 1793 Δ
892 1759 936 1798 ma
945 1760 1038 1799 eorum
1051 1739 1129 1800 humi
1140 1741 1210 1821 jacet
1219 1755 1246 1800 et
1256 1740 1329 1800 cadit
1345 1740 1499 1822 palpitans:
1513 1741 1536 1800 si
1562 1741 1635 1800 enim

64 1831 83 1897 ἡ
96 1828 169 1908 ψυχὴ
184 1829 270 1889 αὐτῶν
283 1830 372 1911 χαμαί
385 1839 472 1889 κεῖται
485 1830 531 1890 καί
539 1830 631 1891 πίπτει
642 1831 801 1912 σπαίρουσα·
812 1833 840 1891 εί
891 1843 963 1889 reeta
974 1844 1056 1890 staret
1069 1875 1080 1909 ,
1107 1852 1160 1891 non
1172 1837 1308 1912 pateretur
1324 1830 1373 1889 illa
1383 1852 1443 1909 quae
1450 1830 1563 1912 patitur.
1575 1835 1634 1890 Λιι-

55 1916 119 2001 Ιγέιρ
129 1920 195 2002 ὀρθὴ
208 1922 343 1995 εἱστήκει,
354 1925 401 1982 ούκ
413 1922 444 1981 δν
454 1922 548 1982 ἔπαθεν
560 1925 646 1983 ἐκεῖνα
656 1923 723 2003 άπερ
731 1923 836 1984 ἔπαθεν.
890 1941 944 1980 non
952 1921 1078 1982 videntur
1087 1923 1137 1982 tibi
1150 1922 1324 2002 abjectaeessc
1332 1922 1440 1998 anima,
1450 1943 1509 2000 quac
1521 1920 1635 2000 vigilan·

64 2011 144 2073 Ἦού
161 2015 233 2073 δοκεῖ
253 2037 294 2074 σοι
317 2014 554 2093 καταύεύλημένης
576 2006 643 2075 εἶναι
668 2019 772 2096 ψυχῆς,
793 2016 840 2076 καὶ
890 2013 957 2072 tiam
970 2036 1048 2074 suam
1058 2014 1215 2096 perdiderit,
1226 2036 1257 2074 ea
1267 2036 1328 2094 quae
1338 2015 1380 2074 illi
1394 2014 1489 2074 dicunt
1499 2028 1525 2074 et
1533 2014 1635 2074 faciunt

64 2102 113 2175 τὴν
131 2104 231 2164 οἰκείαν
244 2109 322 2185 νῆψιν
338 2107 572 2177 ’ἀπολωλεκυίας,
583 2107 628 2166 καὶ
640 2107 657 2165 δ
671 2112 775 2167 ποιοῦσι
793 2109 840 2167 καὶ
890 2105 981 2167 animo
994 2106 1088 2166 ebrii?
1100 2107 1186 2166 Estet
1202 2106 1280 2166 aliud
1295 2106 1395 2166 sumtis
1411 2126 1495 2186 genus
1507 2106 1559 2166 boc
1569 2127 1633 2186 gra·

64 2196 171 2277 λέγουσι
183 2198 320 2276 μεθύοντες
334 2204 373 2281 τῷ
390 2204 465 2282 θυμῷ
482 2226 491 2274 ;
504 2199 584 2261 Ἔστι
594 2224 621 2259 τι
630 2201 676 2259 καλ
686 2201 775 2281 έτερον
786 2223 839 2280 μα-
889 2197 960 2258 vius.
970 2200 1115 2273 Quodnam
1128 2200 1197 2260 illud
1209 2201 1224 2260 θ
1234 2200 1352 2278 Quando
1361 2200 1522 2278 uequeiram
1531 2200 1633 2261 remitti

64 2289 123 2357 νίας
145 2281 213 2357 εἶδος
239 2291 332 2351 τούτου
358 2292 556 2373 χαλεπώτερον.
579 2295 660 2353 Ποῖον
688 2292 720 2365 δὴ
744 2299 838 2368 τοῦτο,
889 2291 1037 2371 sustinent,
1054 2291 1185 2374 sedapud
1201 2315 1230 2352 se
1244 2293 1337 2370 alunt,
1352 2292 1431 2372 quasi
1455 2291 1635 2354 domesticum

62 2379 150 2442 Ὅταν
161 2383 230 2460 μηδὲ
245 2388 350 2463 ἀφεῖναι
363 2384 411 2456 τὴν
426 2385 506 2467 ἀργὴν
521 2385 684 2464 ἀνέχωνται,
697 2385 765 2445 ἀλλά
778 2386 837 2470 τρέ·
888 2383 1045 2443 carnificem
1064 2384 1212 2444 ulciscendi
1221 2405 1250 2443 se
1270 2384 1460 2466 cupiditatem.
1474 2384 1538 2444 illos
1560 2384 1633 2444 enim

63 2495 132 2552 φωσι
143 2477 208 2555 παρ’
224 2478 326 2543 έαυτοῖς
336 2478 465 2537 οἶκειακθν
475 2476 596 2557 καθάπερ
609 2477 668 2537 τινά
681 2477 776 2557 δήμιον
786 2477 835 2552 τὴν
888 2477 989 2557 primos
998 2477 1057 2537 haec
1069 2476 1205 2558 cupiditas
1216 2477 1261 2538 hic
1270 2476 1369 2558 perdit,
1378 2490 1408 2536 ut
1417 2477 1510 2536 sutura
1523 2491 1633 2558 praeter·-

63 2567 252 2643 μνησικακίαν.
268 2567 370 2636 Αὐτοὺς
383 2569 436 2650 γδιρ
449 2568 568 2650 πρώτους
582 2569 712 2630 ἀπολλυσι
725 2570 754 2629 τδ
766 2596 835 2650 μνη-
884 2589 954 2629 eam.
976 2570 1047 2629 Nam
1066 2584 1199 2650 quantum
1222 2584 1302 2651 putas
1324 2591 1381 2630 esse
1403 2583 1565 2629 tormentum
1584 2570 1633 2630 bo·

62 2669 181 2719 σικακεῐν
195 2662 310 2722 έντεῦθεν
321 2662 387 2735 ἤδη,
399 2661 442 2721 ἵνα
452 2662 486 2721 τδι
500 2662 631 2740 μέλλοντα
641 2668 727 2744 παρῶ.
742 2664 835 2738 Πύσην
887 2662 969 2721 minis
982 2663 1072 2722 animo
1086 2662 1216 2744 perculsi,
1232 2661 1453 2741 singulisdicbus
1464 2661 1630 2737 meditantis,

61 2750 112 2829 γὰρ
126 2751 177 2810 οίει
191 2751 304 2830 βάσανον
311 2745 378 2813 εἶναι
391 2753 522 2835 ἀνθρώπῳ
532 2754 712 2836 πεπληγμένῳ
721 2755 770 2828 τλν
783 2761 835 2838 ψο
887 2773 941 2830 quo
954 2767 1032 2834 paeto
1050 2753 1192 2822 inimicum
1208 2752 1385 2813 ulciscatur?
1400 2752 1492 2812 Primo
1511 2752 1632 2832 seipsum

61 2843 122 2923 χὴν,
134 2848 195 2902 καθ’
210 2846 326 2918 ἑκάστην
339 2845 442 2927 ἡμέραν
459 2852 600 2906 σκοποῦντι
618 2848 688 2916 ὅπως
700 2848 834 2925 ἀμύνηται
852 2851 870 2898 Β
885 2846 975 2927 punit,
991 2860 1017 2906 et
1030 2847 1154 2906 inflatum
1163 2847 1266 2927 plectit,
1277 2858 1369 2904 contra
1380 2844 1630 2924 seipsumpugnans

61 2938 104 2995 τὸν
115 2938 226 3018 ἐχθρόν,
240 2937 373 3018 Πρότερον
390 2937 482 2997 ἑαυτὸν
498 2938 603 3007 κολάζει
618 2944 633 2998 θ
647 2947 773 3014 τοιοῦτος,
788 2943 834 3003 καί
884 2936 1049 2996 θῑίθθθῠὸῑῑδ·
1063 2940 1176 2998 Nm
1188 2938 1261 2997 enim
1275 2951 1315 2997 0⁵¹
1326 2937 1417 3015 ignem
1438 2956 1542 3016 semper
1555 2935 1583 2993 θ]
1605 2949 1632 2996 ῑθ

61 3040 221 3111 τιμωρεῖται
238 3030 369 3102 οίδαίνων,
382 3031 448 3111 πρὸς
461 3030 551 3090 έαυτθν
571 3031 735 3112 μαχόμενος,
749 3037 833 3112 έμπυ·
886 3020 1029 3089 arderem
1038 3030 1136 3089 febrim
1146 3044 1252 3090 tantum
1267 3027 1419 3103 intendem,
1432 3048 1486 3086 uon
1499 3028 1566 3086 sinis
1579 3026 1631 3087 dc·-

62 3122 205 3200 ριζόμενος.
217 3121 331 3202 Ἀνάγκη
345 3121 395 3202 γάρ
413 3122 555 3189 διαπαντὸς
568 3122 690 3184 καίεσθαι
702 3124 777 3204 παρά
792 3126 834 3186 σοί
886 3140 1011 3198 crescere,
1027 3135 1158 3202 putasque
1170 3135 1197 3181 te
1209 3121 1366 3181 iltivmalum
1380 3119 1491 3195 inferre3
1505 3118 1562 3199 ipse
1584 3140 1633 3192 vc·

12 3275 15 3282 ,
60 3211 231 3294 τθπτι“ρ·καλ
243 3212 288 3272 τὸν
302 3213 412 3294 πυρετὸν
430 3216 474 3273 ἐπὶ
492 3221 613 3274 τοσοῦτον
638 3214 769 3289 ἐκτείνων,
787 3219 833 3276 ούκ
886 3234 917 3272 ro
932 3213 1048 3294 teipsum
1062 3215 1199 3292 tabesacis,
1222 3213 1360 3273 flammam
1373 3232 1477 3291 semper
1497 3211 1632 3292 vigentem

61 3304 140 3384 ἀφίης
159 3307 353 3386 παρακμάσαι,
377 3307 422 3366 καὶ
443 3307 554 3385 νομίζεις
578 3307 671 3389 ἐκείνῳ
692 3308 791 3369 διδόναι
807 3334 833 3369 τι
887 3319 1003 3384 gestans,
1014 3326 1063 3365 nec
1076 3307 1165 3366 sinens
1177 3305 1296 3365 animam
1311 3303 1458 3384 quiescere,
1475 3303 1524 3362 sed
1536 3304 1632 3364 effera·

58 3399 157 3472 κακὸν,
171 3397 249 3467 αὐτὸς
261 3400 288 3458 δὲ
300 3399 407 3459 σεαυτὸν
416 3398 520 3474 τήκεις,
531 3401 671 3469 διαπαντὸς
685 3399 733 3473 τὴν
750 3401 840 3482 φλόγα.
886 3411 930 3459 tus
945 3420 1059 3479 semper,
1073 3412 1098 3457 et
1114 3398 1143 3458 in
1159 3398 1346 3480 pertubatione
1360 3410 1387 3456 et
1395 3408 1550 3478 tempestate
1561 3418 1633 3468 meu·

59 3490 229 3568 ἀκμάζουσαν
252 3490 347 3572 φέρων,
362 3490 408 3550 καί
432 3492 662 3551 διαναπαύσασθαι
679 3492 728 3564 τὴν
744 3493 834 3574 ψυχὴν
885 3503 941 3550 tem
954 3492 1077 3551 retinens.
1435 3484 1438 3489 ⁴

11 3602 18 3619 ⁴
58 3585 107 3641 uix
120 3586 181 3657 ἐῶν,
196 3585 255 3642 ἀλλ’
275 3584 474 3663 έκθηριούμενσς
488 3584 545 3658 ἀεὶ,
556 3583 601 3642 καλ
618 3586 645 3642 έν
659 3590 764 3667 ταραχῇ
788 3587 833 3646 καὶ

58 3676 85 3732 έν
99 3680 216 3754 χειμῶνι
227 3676 271 3736 τὸν
284 3674 412 3755 λογισμὸν
428 3674 507 3755 ἔχων.

98 3767 135 3828 Τί
147 3766 248 3841 ταύτης
257 3765 442 3848 χαλεπώτερον
449 3772 497 3838 τῆς
509 3766 621 3845 μανίας,
636 3770 777 3839 διαπαντὸς
786 3774 833 3831 λυ-
927 3771 953 3830 5.
970 3771 1046 3846 Quid
1058 3772 1111 3830 boc
1125 3772 1216 3830 furore
1229 3768 1359 3846 deterius,
1375 3789 1479 3849 semper
1499 3767 1536 3842 ita
1554 3767 1630 3827 dole·

57 3865 166 3919 πεῖσθαι
179 3860 225 3919 καλ
241 3862 318 3918 οἰδεῖν
335 3859 380 3917 καλ
394 3859 579 3938 φλεγμαίνειν,
592 3863 722 3920 Τοιαῦται
736 3863 788 3942 γάρ
803 3866 831 3922 αῖ
849 3859 869 3907 ¹2
884 3884 931 3941 re,
952 3862 1057 3939 inflari,
1078 3862 1192 3922 ardere?
1206 3863 1287 3920 Tales
1300 3861 1371 3921 enim
1395 3875 1458 3919 sunt
1482 3861 1632 3920 uindictam

56 3956 110 4010 τῶν
123 3950 295 4029 μνησικάκων
309 3950 411 4031 ψυχαί·
429 3951 490 4009 ἔνθα
501 3950 531 4009 διν
548 3950 638 4011 ἴδωσιν
651 3953 679 4012 δν
694 3954 832 4031 βούλονται
883 3956 1073 4016 meditantium
1094 3956 1217 4014 animae:
1238 3954 1284 4012 ubi
1310 3953 1429 4013 viderint
1452 3974 1533 4030 eum,
1550 3974 1634 4031 quem,

56 4042 224 4120 ἀμύνασθαι,
243 4043 337 4110 εθθέως
351 4040 522 4122 έπλάγησαν·
538 4043 568 4101 διν
580 4047 667 4124 φωνῆς
681 4045 831 4122 ἀκούσωσι,
882 4048 977 4108 ulcisci
991 4048 1116 4128 cupiunt,
1130 4047 1222 4106 statim
1239 4046 1406 4105 concitantur
1411 4068 1420 4121 ς
1432 4044 1455 4103 si
1469 4065 1562 4105 rocem
1577 4066 1631 4103 au-

56 4134 213 4208 κατέπεσον,
231 4135 386 4216 τρέμουσιν·
412 4133 442 4192 ἀν
466 4134 510 4194 ἐπὶ
531 4134 622 4208 κλίνης
645 4127 713 4211 ὦσι,
735 4137 831 4219 μυρίας
882 4139 992 4215 dierint,
1004 4138 1145 4212 decidunt,
1157 4151 1293 4213 tremunt;
1306 4137 1329 4195 si
1341 4137 1369 4196 in
1381 4136 1449 4195 lecto
1459 4134 1631 4212 decumbant,

55 4231 159 4294 ἑαυτοῖς
172 4230 353 4309 ύπογράφουσι
365 4226 511 4306 τιμωρίας,
524 4232 702 4311 ἀναρτῶντες,
717 4231 830 4309 βασανί-
883 4231 957 4290 mille
971 4230 1034 4308 sibi.
1045 4230 1197 4311 depingunt
1211 4228 1322 4287 ultiouis
1342 4247 1450 4307 genera,
1462 4227 1630 4308 suspenden-

55 4322 144 4388 ζοντες
157 4323 255 4379 ἐκεῖνον
275 4320 320 4379 τὸν
335 4321 442 4399 ἐχθράν·
466 4319 532 4399 πρδς
545 4320 579 4379 ,δὲ
601 4321 715 4394 τούτοις,
735 4322 765 4380 ἂν
784 4323 830 4382 καὶ
881 4335 933 4400 tes,
946 4337 1098 4401 torquentes
1112 4321 1253 4381 inimicum
1269 4321 1348 4379 illum
1360 4345 1366 4377 ι
1376 4321 1412 4380 ad
1426 4321 1494 4398 bac,
1508 4320 1534 4384 si
1551 4319 1631 4380 illum

55 4413 246 4489 εὐδοκιμοῦντα
259 4411 353 4485 ίδωσι,
369 4410 450 4489 βαύαλ
463 4415 511 4482 τῆς
521 4412 659 4491 τιμωρίας.
669 4412 746 4494 Ἄφες
759 4418 830 4497 αὐτῷ
882 4416 987 4476 clarum
1006 4429 1033 4475 ct
1055 4413 1232 4495 conspicuum
1253 4412 1384 4492 viderint,
1397 4434 1485 4493 papae,
1500 4427 1631 4492 quiantum

54 4505 86 4563 τὸ
105 4504 267 4586 ἁμάρτημα,
289 4502 335 4562 καλ
351 4501 501 4571 ἀπάλλαξον
516 4505 613 4564 σαυτὸν
636 4511 684 4578 τῆς
701 4507 828 4586 βασάνου.
883 4506 1066 4588 supplicium!
1080 4506 1195 4565 Dimitte
1214 4505 1256 4564 illi
1275 4519 1425 4586 peecatum,
1438 4520 1518 4584 teque
1536 4528 1552 4564 a
1572 4520 1630 4565 tor·
1733 4521 1739 4528 ’

53 4595 92 4655 Τί
112 4596 199 4673 μένεις
218 4593 361 4662 διαπαντός
374 4594 560 4673 κολαζόμενος,
584 4595 627 4656 ίνα
648 4600 746 4658 ἐκεῖνον
759 4600 829 4669 άπαξ
882 4613 971 4658 mento
983 4598 1081 4658 exime.
1094 4598 1150 4656 Cur
1164 4618 1269 4678 semper
1281 4597 1415 4655 cruciatus
1424 4617 1589 4676 perseveras,
1601 4610 1632 4656 ut

53 4688 171 4767 κολάαῃς
191 4687 239 4747 καὶ
257 4687 417 4767 τιμωρήση,
438 4685 465 4744 τί
484 4689 687 4758 κατασκευάζεις
703 4689 829 4752 1’ἑκτικδν
882 4691 960 4750 illum
975 4690 1055 4750 semel
1071 4688 1209 4749 ulciscaris
1229 4701 1256 4746 et
1273 4687 1392 4769 punias?
1403 4687 1472 4769 quid
1485 4709 1563 4768 paras
1580 4688 1631 4746 tibi

52 4785 145 4862 σαυτῷ
157 4778 279 4857 νόσημα,
301 4777 328 4837 τί
342 4778 500 4857 βουλόμενον
522 4781 710 4861 ἀπαλλαγῆναί
724 4805 771 4842 σου
785 4783 829 4844 τὸν
881 4784 1017 4843 boeticum
1041 4780 1186 4848 morbum?¹
1208 4801 1256 4838 eur
1273 4778 1394 4837 animum
1418 4792 1496 4837 nrum
1519 4779 1631 4838 liberari

52 4871 136 4950 θιμδν
150 4872 290 4953 κατέχεις;
315 4872 391 4944 Μηδὲ
406 4870 500 4951 μέχρις
515 4874 627 4953 ἑσπέρας
643 4874 761 4951 μενέτω,
775 4900 827 4957 ρη-
845 4880 866 4929 n
881 4872 1198 4938 volentemdetines?Ne
1212 4869 1343 4949 usquead
1356 4891 1497 4950 vesperam
1511 4884 1627 4950 maneat,
1641 4906 1722 4961 epta.
1740 4904 1764 4969 4.

51 4965 106 5039 σῖν,
119 4969 134 5024 θ
148 4967 264 5032 Παῦλος.
290 4963 416 5045 Καθάπερ
439 4966 491 5045 γάρ
513 4966 630 5037 τηκεδύν
649 4991 689 5035 τις
705 4969 750 5028 καί
766 4969 828 5046 σὴς,
882 4970 972 5049 inquit
981 4967 1091 5027 Paulus.
1104 4965 1183 5026 Sicut
1197 4964 1270 5045 enim
1283 4963 1357 5022 tabes
1371 4961 1495 5041 quaedam
1509 4977 1535 5024 ct
1549 4964 1629 5042 tinea,
1640 4965 1678 5014 εθ·

87 5138 97 5160 ·
116 5119 165 5171 utu
183 5126 334 5178 ἀπολωλυίας.
865 5126 1022 5196 spernenda,
1038 5137 1061 5176 te
1072 5124 1155 5175 morbo
1176 5119 1340 5189 tabescerem.

87 5204 100 5241 b
118 5196 232 5262 Quidam
245 5206 336 5258 εκτηκου
346 5206 426 5252 σαυτὸν
437 5213 468 5265 τῷ
480 5211 602 5264 νοσήματι,
612 5217 667 5268 quae
680 5200 754 5255 lectio
765 5221 817 5259 noa
831 5266 836 5275 ⁸
