3728 5978
469 467 504 514 ιιι
531 464 617 513 acan
645 466 900 517 snosrononun.
928 469 1046 518 nonin.
1074 470 1170 519 xiix.
1528 450 1599 541 415

116 588 179 647 Ούκ
192 584 355 667 ἐδειζδοδλον
373 587 493 665 γενέσθαι
513 590 544 650 τδ
567 590 660 670 δῶρον,
686 591 745 651 ἀλλ’
768 593 804 659 είς
819 595 839 644 C
856 605 886 652 ut
905 591 1011 652 Pharao
1024 599 1076 653 non
1096 592 1258 654 beneficium
1270 592 1366 672 dans,
1376 592 1424 655 sed
1435 595 1471 654 ab
1484 613 1515 654 eo
1528 597 1598 657 aeci·

111 704 150 752 ιην
159 685 324 752 καταστῆναι
336 680 381 739 τὸν
394 680 520 758 βασιλέα·
535 681 588 740 ἔδει
599 682 715 762 φανιρδιν
725 683 804 743 αι’ντοῦ
856 684 947 765 piens,
962 685 1053 768 boum
1067 707 1101 747 ex
1117 707 1223 746 carcere
1245 686 1362 768 ejiceret.
1384 691 1444 749 Non
1459 690 1599 771 oportebat

112 770 211 842 λοιπὴν
227 772 331 852 σοφίαν.
344 771 397 832 nrt
412 780 488 832 roim
502 772 652 834 λανθένιιὸ
669 777 802 855 εὐνοῦχος,
854 777 952 857 serrile
966 777 1069 837 donum
1082 799 1155 852 esse,
1169 779 1218 839 sed
1239 799 1332 859 regem
1345 781 1502 842 necesitate
1516 782 1597 863 cogis

112 861 209 942 ἠλάθη
221 864 369 943 Αἴγυπτος,
381 864 426 924 ἵνα
447 863 484 943 μὴ
503 865 620 945 ἀγνοήσῃ
636 866 713 925 αὐτὸν
724 872 738 927 θ
751 871 802 946 βα·
854 870 996 950 oportebat
1006 869 1081 930 illius
1096 871 1255 952 sapientiam
1273 873 1440 934 manifestam
1454 896 1518 935 esse.
1534 875 1599 936 ldeo

112 957 173 1023 ;.El
186 954 246 1015 τότε
264 954 407 1037 ἐξηνέχθη,
427 956 491 1025 ἴσως
513 956 544 1015 ἂν
568 956 614 1015 καὶ
636 958 802 1035 ἐπιθύμησο
854 961 1025 1023 obliviscitur
1037 963 1193 1041 eunuchus,
1206 978 1238 1023 ut
1250 985 1284 1025 ne
1293 965 1374 1025 lateat
1387 966 1538 1049 Egyptum
1545 1012 1554 1042 ,
1568 982 1599 1028 ut

112 1056 154 1108 ιιίν
168 1050 205 1116 είς
220 1048 268 1121 τὴν
281 1049 376 1107 αὐτοῦ·
398 1050 441 1108 διδ
455 1056 532 1108 τοῦτο
553 1047 660 1127 μυρίαις
675 1049 802 1127 ἀνάγκαις
854 1073 887 1112 ne
900 1053 979 1113 illum
1002 1076 1051 1114 rex
1075 1054 1187 1134 ignoret
1211 1056 1241 1116 Si
1259 1071 1324 1119 tunc
1345 1057 1460 1134 eductus
1481 1060 1598 1136 luisset,

112 1163 188 1220 εται,
203 1145 308 1220 πρῶτον
329 1140 532 1220 τῇδεσποτιίφι,
556 1139 675 1220 δεύτερον
697 1144 736 1220 τῷ
757 1141 802 1199 δι·
852 1146 922 1206 sorte
939 1146 1068 1207 voluisset
1094 1147 1121 1206 in
1145 1161 1245 1208 terram
1258 1170 1336 1209 suam
1350 1150 1449 1210 reverti
1463 1175 1470 1207 ι
1486 1148 1599 1231 ideoque

112 1232 195 1312 ηρίφ,
209 1232 296 1312 τρίτον
312 1235 383 1312 ἐντῇ
399 1232 534 1313 βασιλεία,
548 1230 592 1290 ίνα
602 1237 686 1291 ταῦτα
698 1234 800 1292 οίκονο-
853 1238 929 1299 mille
941 1239 1143 1301 necessitatibus
1155 1241 1304 1301 retinetur:
1321 1242 1442 1324 primum
1456 1244 1597 1319 dominio,
1706 1234 1710 1241 ¹

126 1324 256 1404 Καθάπερ
273 1315 318 1383 σύν
335 1348 395 1383 τινα
408 1331 526 1404 γενναῖον
543 1326 633 1383 πῶλον
650 1324 801 1396 ἐκπηδῆσαι
852 1327 951 1391 deinde
964 1353 1084 1407 earcere,
1098 1333 1178 1393 tertio
1189 1333 1217 1394 in
1231 1354 1325 1414 regno,
1343 1348 1374 1394 nt
1386 1335 1445 1394 bec
1456 1333 1599 1417 dispensa·

112 1438 190 1493 tutor
211 1416 275 1497 πρὸς
296 1415 357 1483 τοὺς
382 1419 475 1486 αὐτῶν
500 1421 646 1496 metim&
660 1414 728 1482 θεὸς
746 1419 801 1475 luti
851 1436 954 1484 rentur.
964 1423 1041 1486 Sicut
1053 1447 1118 1505 ergo
1128 1447 1284 1506 generosum
1294 1447 1393 1506 equum
1405 1424 1440 1487 ad
1454 1448 1517 1487 snos
1527 1429 1598 1488 exsi-

112 1512 177 1568 πιῶν
199 1507 318 1576 ἐνδόξων.
333 1507 399 1569 Ὀτι
412 1508 464 1589 γὰρ
479 1507 604 1586 ἐπεθύμει
626 1509 671 1568 τδν
696 1507 800 1591 πατέρα
851 1515 902 1575 lire
910 1515 1062 1591 volentem,
1075 1520 1148 1579 Deus
1159 1539 1221 1578 eum
1232 1517 1313 1578 isthic
1323 1519 1452 1599 gloriosas
1460 1519 1497 1579 ob
1503 1541 1598 1582 causas

112 1599 149 1659 “tl
159 1599 366 1672 monetat&
376 1599 484 1675 ὀδύνης,
498 1601 577 1671 δῆλον
591 1603 676 1660 ἐμοῦ
688 1600 801 1664 καλέσαι
815 1598 835 1645 Ῑ)
851 1610 970 1670 retinuit.
985 1610 1067 1684 Quod
1085 1611 1157 1671 enirn
1172 1625 1275 1693 patrem
1289 1611 1381 1672 videre
1399 1625 1525 1693 optaret,
1540 1627 1598 1673 eta

120 1694 185 1753 lui
850 1701 944 1763 dolore
964 1703 1092 1779 liberari,
1118 1704 1210 1785 palam
1231 1716 1271 1764 est
1294 1725 1329 1764 ex
1355 1698 1597 1786 e0,‹‘1uodipsnm

850 1796 941 1858 isthuc
955 1798 1094 1859 acciverit.

112 1891 198 1952 ίλωθε
211 1889 256 1950 καί
279 1889 371 1972 ἐτέρας
387 1889 485 1969 ίδωμεν
500 1888 658 1964 ἐπιύουλδς,
678 1888 718 1950 δτι
732 1888 799 1970 θπίρ
888 1889 920 1950 ί.
936 1891 1029 1952 Vultis
1038 1891 1106 1951 alias
1115 1891 1374 1972 quoquevideamus
1387 1891 1511 1968 insidias,
1522 1893 1596 1974 qnod

118 1982 254 2064 γίνονται,
270 1985 299 2042 οὗ
313 1982 392 2061 μόνον
405 1986 443 2062 τῷ
458 1983 550 2061 μισθὸν
566 1982 652 2063 ἔχειν,
667 1980 737 2042 ἀλλὰ
752 1981 798 2041 καί
849 2003 900 2062 pro
914 1983 993 2044 nobis
1007 1984 1090 2059 fiant,
1112 2005 1165 2045 non
1188 1983 1270 2045 modo
1282 1983 1358 2063 quod
1379 1986 1530 2047 mercedem
1545 1986 1597 2046 ba-

133 2077 207 2155 αὐτῷ
222 2078 260 2155 τῷ
279 2079 365 2156 καιρῷ
378 2073 413 2135 sl
426 2074 492 2154 ὑπὲρ
506 2078 582 2152 ἡμῶν
598 2081 698 2149 ποιεῖν,
714 2073 798 2133 Ἐπε-
849 2074 945 2147 beant,
961 2074 1008 2135 aed
1031 2075 1113 2136 etiam
1133 2076 1235 2158 inipso
1248 2090 1370 2157 tempore
1388 2076 1439 2159 'pro
1455 2077 1535 2138 nobis
1555 2079 1595 2138 fa·

112 2190 155 2227 νσε
169 2172 208 2248 τῷ
218 2166 310 2226 τούτου
322 2167 406 2247 πατρὶ
427 2171 441 2226 δ
465 2172 531 2234 θεῖος
538 2159 556 2224 Ιδ
569 2166 678 2240 τούτου,
691 2165 737 2225 καί
750 2169 799 2238 τῆς
850 2165 944 2226 ciant?
963 2167 1053 2248 Hujus
1070 2169 1140 2248 patri
1154 2181 1267 2248 patruus
1279 2169 1366 2250 ipsius
1380 2168 1524 2230 insidiatus
1538 2185 1593 2247 est,

112 2262 154 2328 δας
191 2259 312 2333 ἐξήλασε·
348 2259 376 2318 τί
401 2250 461 2331 σύν,
493 2257 547 2318 Καὶ
582 2257 659 2324 αὐτὸς
692 2257 798 2339 μακρδν
850 2272 948 2318 eteum
962 2281 978 2318 a
991 2259 1079 2340 patria
1092 2259 1199 2340 expulit
1213 2283 1220 2317 ι
1233 2259 1302 2339 qnid
1317 2262 1509 2342 ergollpsnm
1522 2283 1594 2341 quo-

112 2352 213 2413 ινδύνου
238 2352 315 2412 αθτδν
345 2351 520 2424 κατέστησεν·
545 2354 572 2410 ἐν
593 2348 723 2430 ἀσφαλείᾳ
746 2347 798 2428 γὰρ
851 2373 903 2430 que
915 2352 1011 2432 procul
1027 2351 1175 2434 apericulo
1191 2351 1346 2429 constituit,
1359 2374 1422 2412 nam
1434 2352 1533 2414 intuto
1547 2354 1595 2414 ille

112 2447 170 2514 θτδς
193 2446 311 2527 γέγονεν·
335 2445 444 2516 ἐποίησε
465 2442 684 2525 φιλοσοφώτερον,
709 2440 799 2514 ἐποίη·
849 2441 919 2502 fuit:
934 2442 1055 2503 reddidit
1076 2465 1140 2504 eum
1153 2444 1239 2524 magis
1257 2445 1463 2526 philosophum,
1476 2445 1541 2505 lecit
1564 2460 1595 2507 ut

112 2539 159 2599 δεῖν
185 2537 215 2597 τδ
235 2538 307 2618 ὄναρ.
342 2535 413 2596 Ἀλλ’
434 2536 586 2595 ἐδούλευσεν
605 2537 632 2594 ἐν
655 2533 797 2613 ἀλλοτρίας
849 2534 954 2595 videret
973 2536 1120 2597 somnium.
1136 2535 1192 2597 Sed
1212 2537 1327 2598 servivit
1349 2537 1378 2596 in
1396 2536 1483 2596 aliena
1503 2538 1594 2599 tetra?

121 2629 196 2711 παρδ
211 2639 264 2697 τοῖς
284 2633 363 2689 αὑτοῦ
379 2626 499 2689 ἀπελθὼν
520 2625 671 2705 Ι’λαμὸοίνει
683 2625 798 2706 νύμφην,
848 2628 954 2687 Verum
963 2626 999 2687 ad
1011 2649 1075 2688 suos
1088 2630 1224 2709 profectus
1235 2648 1361 2709 sponsam
1373 2626 1549 2710 accipitille‚
1567 2644 1594 2689 et

113 2722 166 2793 ξιος
183 2723 302 2804 φαίνεται
321 2726 360 2805 τῷ
375 2724 499 2801 κηδεστῇ.
523 2720 592 2780 Ἀλλ’
606 2718 729 2791 ἧπάτησε
748 2721 797 2777 κδ·
847 2715 947 2797 dignus
968 2718 1079 2778 videtur
1099 2740 1200 2779 socero.
1215 2719 1270 2781 Sed
1293 2717 1397 2800 decepit
1410 2734 1437 2780 et
1452 2720 1519 2780 illei
1538 2721 1593 2782 Sed

116 2840 125 2889 ;
152 2814 232 2875 Ἀλλδ
260 2816 305 2876 καί
328 2820 405 2875 τοῦτο
428 2818 464 2881 είς
489 2814 586 2893 ἀγαθὸν
606 2810 728 2891 γέγονεν,
752 2809 795 2868 ίνιι
811 2815 829 2862 E
848 2809 920 2870 illud
934 2810 962 2869 in
973 2811 1076 2870 bonum
1091 2811 1184 2886 cessit,
1197 2824 1228 2870 ut
1242 2812 1390 2871 multorum
1410 2812 1531 2873 liliorum
1544 2836 1592 2895 pa-

112 2914 133 2967 ίν
156 2908 258 2968 παίδοιν
286 2905 396 2987 γένηται
421 2905 522 2987 πατήρ.
564 2904 634 2964 Ἀλλ’
664 2901 794 2974 ἐύουλήθη
847 2916 889 2962 ter
901 2903 988 2963 lieret.
1006 2903 1061 2964 Sed
1079 2903 1169 2965 voluit
1187 2904 1331 2964 insidiari?
1345 2910 1380 2965 At
1397 2906 1449 2965 boc
1469 2907 1549 2966 etiam
1562 2908 1592 2968 in

112 3003 232 3073 ιλεδσαις
262 2999 342 3060 Ἄλλδι
371 2999 417 3059 καί
446 3004 523 3057 τοῦτο
550 3000 587 3064 τίς
613 2996 724 3076 ἀγαθὸν,
751 2993 795 3053 ίνα
846 2994 948 3053 bonum
960 2994 1090 3072 cedit,nt
1102 2994 1214 3055 demam
1225 2994 1261 3055 ad
1271 3010 1372 3055 terram
1386 3018 1463 3056 suam
1472 2998 1589 3059 rediret:

112 3118 124 3154 ν
139 3095 219 3153 αὐτοῦ
231 3093 322 3152 λοιπδν
336 3090 486 3170 ἐπανέλθῃ·
508 3093 531 3149 εἰ
546 3088 598 3168 γὰρ
612 3080 644 3161 ἦν
659 3092 686 3149 δν
696 3092 795 3168 εὖπρα-
846 3106 910 3145 nam
925 3085 948 3145 si
967 3087 996 3146 ia
1016 3109 1047 3146 re
1066 3107 1195 3168 prospera
1216 3086 1328 3163 suisset,
1343 3108 1396 3147 non
1417 3088 1453 3147 ita
1476 3089 1591 3169 patriam

112 3189 150 3245 θκ
162 3184 193 3244 δν
208 3185 290 3250 οὕτως
303 3185 427 3261 ἐπεθύμει
439 3188 487 3254 τῆς
500 3186 602 3241 ἑαυτοῦ.
618 3177 690 3238 Ἀλλ’
704 3179 794 3259 ἀφεῖλε
846 3177 1033 3239 desiderasset.
1050 3178 1106 3240 Sed
1118 3178 1268 3239 mercedem
1285 3178 1325 3238 illi
1337 3179 1473 3240 abstulit?
1485 3182 1520 3241 At
1533 3202 1591 3242 ma·

112 3276 199 3350 ισθύν;
219 3275 298 3336 Ἀλλδ
313 3277 403 3334 πλεῖον
421 3274 536 3353 γέγονεν.
564 3271 646 3332 (δύτω
657 3274 795 3350 πανταχοῦ
843 3270 888 3351 jor
898 3269 995 3331 deinde
1007 3272 1069 3331 fuir.
1085 3271 1132 3332 Sic
1145 3271 1246 3350 ubique
1264 3285 1365 3350 quanto
1379 3273 1466 3353 magis
1484 3273 1591 3333 insidiis

112 3367 306 3439 πεδσνλεύοντυ,
322 3366 438 3447 τοσούτῳ
452 3366 485 3425 τδ
502 3366 599 3426 τούτων
611 3364 692 3435 ἤνθει.
709 3365 743 3422 El
757 3360 793 3440 μὴ
847 3361 1056 3442 impetebantur,
1074 3375 1149 3423 tanto
1162 3363 1250 3441 magis
1262 3362 1433 3444 resipsorum
1447 3364 1588 3425 florebant.

112 3460 267 3542 ρισύυτέραν
281 3459 393 3528 ἔλαθεν,
413 3461 460 3517 οὐκ
474 3458 505 3515 δν
518 3455 620 3536 ταχέως
633 3454 737 3534 ἐγένετο
749 3477 795 3513 το-
847 3454 905 3514 Nisi
924 3456 1053 3536 majorem
1066 3455 1207 3532 dnxisset,
1220 3476 1273 3519 non
1285 3455 1338 3515 cito
1358 3456 1450 3517 luisset
1463 3471 1501 3518 tot
1514 3459 1590 3519 lilio-

112 3577 127 3612 ν
147 3553 249 3612 παίδων
273 3551 378 3631 πατὴρ,
401 3550 461 3610 ἀλλ’
481 3553 527 3609 ῑέν
543 3546 655 3627 ἀπαιδίᾳ
666 3544 749 3606 πολὺν
764 3546 794 3605 δν
847 3569 908 3606 rum
921 3561 1011 3628 ροισι,
1027 3549 1074 3608 sed
1093 3548 1121 3609 iu
1135 3548 1250 3608 orbitate
1262 3548 1381 3609 mullum
1393 3551 1523 3632 temporis
1541 3573 1591 3613 ex·

112 3669 129 3706 ἰ
148 3645 259 3726 χρόνον,
288 3645 334 3705 καί
355 3643 497 3714 ἐπένθησεν
521 3641 551 3699 διν
573 3640 694 3721 καθάπερ
716 3640 763 3699 καὶ
776 3645 793 3712 ἡ
799 3683 838 3722 37,
846 3640 961 3720 egisset,
976 3655 1003 3700 et
1012 3641 1127 3701 luxisset
1139 3654 1168 3700 ut
1179 3660 1250 3700 uxor
1264 3663 1321 3701 sua.
1338 3641 1387 3701 llla
1402 3645 1519 3722 namq‘ue
1534 3666 1591 3705 me·
1610 3635 1612 3639 ⁷

126 3737 233 3809 Ἐκείνη
253 3736 368 3819 μὲνγὰρ
384 3735 491 3801 εἰκότως
505 3733 620 3806 ἐπένθει,
636 3735 681 3792 δτι
697 3732 735 3812 μὴ
748 3756 790 3813 γε·
809 3739 829 3785 Δ
846 3732 899 3791 rito
914 3731 1039 3811 lugebat,
1053 3732 1170 3811 eoquod
1186 3753 1239 3792 non
1254 3747 1323 3792 esset
1335 3748 1437 3808 mater;
1458 3734 1515 3816 ipse
1528 3758 1591 3798 vero

112 3855 121 3904 ι
145 3831 253 3910 μήτηρ·
271 3819 345 3897 οἶτος
358 3828 385 3888 δέ
400 3828 455 3907 ἔχει
470 3826 656 3908 παραμυθίαν·
676 3829 733 3885 ὅθεν
748 3827 795 3884 oti·
846 3822 1054 3882 consolationem
1064 3822 1240 3883 babettidoo
1253 3823 1339 3905 ipsam
1351 3825 1466 3905 repellit.
1486 3828 1592 3888 Rursus

112 3923 131 3982 ιί
145 3923 322 4004 διακρούεται.
337 3921 425 3980 Πιῦιν
440 3922 462 3978 εἷ
478 3919 516 3997 μὴ
533 3920 611 3978 αὐτὸν
627 3917 793 3998 ἀπεστέρησε
845 3917 936 3976 sinon
958 3916 1037 3991 illum
1058 3938 1074 3976 a
1098 3917 1221 3976 mercede
1236 3917 1384 3998 privasset,
1408 3938 1461 3977 non
1473 3933 1591 3999 optasset

112 4020 198 4089 ισθῶν,
208 4019 255 4075 οὐκ
270 4015 302 4072 δν
314 4012 479 4092 ἐπεθύμησεν
495 4014 557 4071 ἰδεῖν
573 4010 621 4084 τὴν
636 4015 724 4082 αὐτοῦ,
746 4012 793 4070 ούκ
845 4007 939 4069 videre
954 4022 1052 4068 terram
1072 4029 1167 4084 suam,
1189 4029 1274 4088 neque
1286 4009 1458 4090 philosophia
1472 4009 1527 4069 viri
1542 4033 1590 4092 ap·

112 4106 370 4188 ἱνηήφιλοσοφίατοῦ
382 4106 536 4185 δνδρδς,οὖκ
543 4104 573 4162 ἂν
586 4106 686 4183 μᾶλλον
693 4102 793 4183 ᾠκειώ·
843 4101 987 4180 paruisset,
1001 4122 1050 4160 nec
1069 4099 1158 4179 magis
1175 4100 1215 4159 illi
1235 4100 1382 4160 familiares
1396 4101 1458 4160 lacti
1468 4102 1589 4163 fuissent.

118 4197 331 4281 εὐτῷ.”οραγδιρ
341 4198 447 4279 τίφασι·
459 4197 633 4277 Καταδριύσει
644 4195 791 4275 κατέφαγεν
844 4192 918 4254 Vide
932 4213 1049 4272 namque
1067 4192 1134 4270 quid
1147 4191 1256 4252 dicant:
1272 4195 1450 4252 Devorando
1467 4196 1588 4255 devora-
1602 4218 1659 4260 c...
1669 4217 1708 4264 31.

112 4292 156 4353 καί
166 4292 196 4352 τδ
208 4290 331 4373 ἀργύριον
342 4295 429 4370 ἡμῶν.
442 4290 528 4350 Ὥστε
540 4298 584 4349 τοῦ
596 4288 704 4370 φίλτρου
715 4293 792 4348 τοῦτο
847 4289 887 4345 vit
905 4307 958 4345 nos
972 4299 1002 4344 et
1013 4299 1166 4367 argentum
1182 4298 1324 4346 nostrum.
1340 4286 1435 4364 ltaque
1449 4286 1501 4346 hoc
1514 4309 1588 4347 amo·
1601 4278 1637 4326 ¹⁵·

114 4407 126 4443 ν
149 4384 242 4443 αίτιον.
267 4383 367 4450 Δούλας
388 4372 443 4463 ε’ίχε
460 4382 551 4442 λοιπδν
571 4381 630 4441 ἀντὶ
647 4384 790 4460 γυναικῶν,
845 4379 884 4439 ris
897 4400 976 4439 eausa
991 4381 1054 4438 suit.
1079 4377 1198 4439 Ancillas
1213 4377 1323 4438 demum
1337 4378 1435 4438 habuit
1454 4401 1504 4461 pro
1517 4403 1587 4441 uxo·

116 4478 197 4543 ιλιῑτο
210 4475 275 4555 παρ’
289 4478 385 4546 αὐτῶν,
396 4465 425 4532 ού
439 4473 510 4534 οὐδέν
522 4474 578 4534 ίσον
590 4479 681 4551 κτῆμα
691 4472 792 4553 γένοιτο
844 4470 935 4545 ribus,
958 4484 984 4531 et
1004 4470 1170 4550 diligebatur
1198 4469 1234 4529 ab
1263 4469 1334 4548 illis,
1363 4471 1406 4531 cui
1427 4473 1587 4553 possessioni

112 4568 155 4629 δέν
166 4566 227 4648 γδρ,
247 4567 320 4628 οὐδὲν
333 4575 379 4626 τοῦ
390 4566 457 4626 ούτω
471 4568 602 4647 φιλεῖσθαι
613 4565 686 4645 παρὰ
697 4589 792 4643 γυναι·
845 4564 920 4623 nulla
932 4565 1045 4624 conferri
1056 4563 1172 4646 poterit:
1183 4562 1253 4623 nibil
1267 4564 1340 4624 enim
1351 4565 1495 4646 pretiosius
1506 4588 1588 4646 qnam

112 4661 132 4720 ιί
151 4663 235 4741 φιλεῖν
253 4657 419 4738 τιμιώτερον.
441 4659 494 4718 Καί
510 4657 590 4736 γυνὴ,
606 4656 699 4737 φησὶν,
716 4655 791 4736 ἀνδρί
844 4655 930 4715 amari
950 4656 985 4715 ab
999 4677 1103 4731 uxore,
1117 4669 1143 4715 ct
1161 4677 1251 4715 amare
1264 4655 1351 4715 illam.
1373 4660 1413 4717 Et
1438 4679 1526 4734 uxor,
1544 4659 1587 4717 in·
1597 4695 1660 4739 M
1674 4693 1738 4740 ,5¹²¹

112 4751 278 4834 ριφερομένη.
287 4750 339 4810 Ἔν
351 4758 428 4810 τοῦτο
438 4754 490 4809 τῶν
504 4753 675 4830 μακαριστῶν
686 4748 788 4820 τίθησιν
807 4751 826 4796 Β
843 4748 916 4826 quit,
930 4753 997 4808 niro
1010 4752 1204 4808 consentiens.
1225 4747 1302 4808 Hanc
1322 4769 1404 4807 unam
1421 4749 1490 4808 inter
1503 4749 1587 4810 beati-

112 4843 240 4912 ς·τούτου
252 4843 304 4924 γδιρ
317 4845 389 4909 ὄντος
403 4853 455 4910 πᾶς
468 4845 594 4916 πλοῦτος,
606 4853 680 4901 πᾶσα
692 4842 790 4920 εὐπρα·
843 4838 951 4899 tudines
960 4839 1037 4921 ponit
1046 4839 1158 4921 Sapiens
1171 4862 1178 4896 τ
1193 4839 1221 4897 in
1234 4838 1586 4916 hoceoimornnesdivitiae,

113 4934 225 5019 ρίεστιν·
240 4935 331 5015 ὥσπερ
346 4926 391 4994 οὖν
406 4935 443 5013 μὴ
458 4937 539 5008 ὄντος,
550 4939 602 4994 τῶν
618 4935 704 4994 ἄλλοιν
715 4933 789 4993 οὐδὲν
842 4932 930 4993 omnis
939 4931 1053 4992 felicitas
1063 4932 1198 4992 consistit:
1211 4931 1281 4990 sicut
1293 4931 1316 4990 si
1323 4931 1394 4990 illud
1406 4954 1458 4992 non
1474 4932 1522 5008 sit,
1536 4935 1589 4994 alia

116 5072 124 5101 ,
145 5027 214 5088 ἀλλὰ
229 5028 316 5087 πάντα
333 5025 546 5106 ἀνατέτραπται,
567 5026 612 5086 καί
627 5024 721 5097 ἀηδίας
733 5024 788 5085 ἐστὶ
843 5023 912 5082 nibil
927 5024 1041 5104 juvant,
1063 5021 1110 5082 scd
1128 5021 1257 5083 subversa
1277 5035 1355 5099 sunt,
1374 5036 1400 5081 et
1425 5023 1587 5087 insuavitate

112 5243 151 5279 lut
160 5231 290 5293 λοιμδοίνιιν,
863 5238 873 5262 ⁸
884 5220 972 5274 Morel.
987 5219 1124 5288 etquidem
1137 5218 1179 5271 elil
1189 5226 1211 5273 ἐν
1222 5223 1348 5287 ἀποδημίᾳ.
