3728 5978
99 376 167 447 128
422 397 452 445 s.
480 395 623 444 solonis
648 394 834 444 cunrsosn.
863 394 1019 443 innume.
1048 393 1323 443 consummor.

92 542 243 585 caveamus,
256 521 440 587 liberemure
454 522 548 600 laqueo
568 537 685 602 satane3
698 522 840 585 timeamus
894 523 1027 596 σατο,τδν
1041 522 1127 605 φόνον.
1142 523 1231 584 Πάλιν
1245 527 1261 583 δ
1273 521 1375 595 Ἰησοῖς
1395 519 1440 581 διδ
1458 519 1505 580 τδν
1527 516 1605 600 δρκον
1625 517 1668 576 ἐπὶ

92 615 268 675 Dominiunn
282 628 446 697 preceptum
454 636 464 692 ρ
482 615 510 674 in
523 614 654 696 optimam
667 614 840 675 consuetudi·
892 617 945 674 τῶν
962 614 1142 675 Γαὸαωνιτῶν
1153 606 1196 675 οἷα
1209 613 1337 676 πέπονθεν
1354 612 1444 693 ἔγνως.
1463 607 1604 682 Σατανικὴ
1618 607 1668 689 γὰρ

91 730 155 769 nem
169 728 217 768 nos
227 706 393 768 deducamus
407 730 414 766 ι
427 721 457 767 ut
477 708 625 789 progressi,
642 722 669 770 et
681 708 734 769 hoc
747 722 774 769 et
786 708 840 770 alia
892 705 973 774 ὄντως
985 706 1043 766 ἐστί
1056 707 1136 785 παγίς
1148 706 1179 766 τδ
1191 704 1314 786 ὀμνύναι.
1328 703 1523 786 Διαῤῥήξωμεν
1537 700 1625 762 τοίνυν
1634 699 1667 760 εδ

91 815 224 883 precepta
238 801 398 882 implentes,
411 801 543 883 promissa
555 801 732 882 diligentibus
748 802 840 883 ipsum
892 797 1013 879 σχοινία,
1025 798 1070 858 καί
1083 801 1109 858 ἔν
1120 797 1229 880 εὖκολίφι
1242 797 1447 876 καταστήσομεν
1456 792 1568 861 ίαυτοδς
1579 791 1666 865 πάσης

90 913 286 971 consequamur
302 893 388 970 bona,
401 891 486 972 gretia
506 906 533 953 et
552 893 716 973 benignitate
728 893 841 955 Domini
891 892 1020 971 φυλακῆς.
1032 891 1241 972 Ἀπολλσγῶμεν
1255 893 1304 961 τῆς
1323 893 1467 962 σατανικῆς
1483 885 1610 966 παγίδος·
1623 907 1665 965 φο

90 983 175 1043 nostri
186 985 251 1045 ,lesu
264 982 385 1060 Christi,
398 982 509 1062 quicum
521 983 597 1042 Patri
609 997 636 1044 et
650 976 766 1065 Spiritui
777 1004 839 1044 san·
892 981 1017 1060 δηθῶμιν
1034 981 1083 1055 τὴν
1100 982 1210 1057 ἔντολτλν
1222 981 1271 1057 τὴν
1286 982 1462 1055 δεσποτικήν·
1477 983 1517 1048 εἰς
1529 978 1666 1051 συνήθειαν

90 1088 134 1134 oto
148 1073 247 1156 gloria,
261 1074 422 1157 imperium,
434 1074 540 1153 honor,
553 1089 663 1136 nuncet
681 1096 799 1158 semper,
813 1088 839 1136 et
893 1072 1003 1152 ἀρίστην
1014 1074 1142 1143 Ιἕαοτοίις
1154 1075 1333 1153 έμδίλωμιν·
1346 1071 1389 1133 ίνα
1399 1074 1453 1154 δδῷ
1466 1070 1665 1154 epotatione,

90 1166 228 1228 insaecula
244 1165 413 1230 seculorum.
429 1170 523 1228 lmen.
892 1164 938 1225 καί
955 1165 1053 1239 ταύτην
1077 1167 1123 1225 καί
1144 1165 1193 1235 τὰς
1206 1165 1302 1235 λοιπδς
1316 1158 1424 1234 δνιολίις
1437 1160 1665 1243 antepodium,

892 1260 945 1316 τῶν
959 1257 1163 1338 ἔιιηγγελμίνων
1177 1257 1345 1340 ίπιαίχωμκν
1361 1259 1468 1338 ἇγαδῖνν
1483 1262 1541 1323 τοῖς
1556 1255 1666 1333 aym

893 1371 934 1408 σιν
946 1349 1036 1424 mtto,
1045 1349 1138 1431 χάριτι
1150 1351 1195 1410 καί
1209 1349 1394 1432 φιλανδρωπίφ
1409 1353 1456 1410 τῶ
1471 1345 1574 1428 Κυρίου
1591 1349 1663 1424 ἡμῦν

858 1461 877 1510 c
894 1441 982 1514 Ἰησοῦ
1000 1444 1135 1522 Χριστοῦ,
1160 1445 1218 1522 μεθ’
1240 1433 1270 1503 οὗ
1293 1445 1334 1524 τῷ
1348 1441 1439 1522 Πατρί
1462 1436 1523 1519 ἅμα
1538 1441 1579 1520 τῷ
1601 1437 1665 1519 δγίφ

894 1532 1032 1612 Πνεύμαπι
1047 1532 1128 1608 δόξα,
1148 1535 1261 1617 κράτος,
1273 1534 1354 1613 τιμὴ,
1366 1537 1411 1593 νῦν
1425 1532 1473 1593 καί
1486 1530 1547 1606 δελ,
1567 1528 1613 1599 καλ
1631 1531 1664 1598 είς

894 1622 955 1691 τοὺς
965 1627 1062 1695 αἰῶνας
1073 1630 1126 1686 τῶν
1138 1624 1354 1704 αἰώνων.”Ἆμήν.

128 1830 139 1855 ⁰
152 1815 199 1869 Alii
209 1819 301 1876 ίαυτώς
312 1819 553 1881 καταστήσωμεν,ίνα.

337 2182 497 2246 nonullo
516 2181 597 2246 XlV.
1182 2184 1319 2244 ΟΜΙΛΙΑ
1343 2180 1384 2244 ιδ’.

95 2372 163 2433 Gar.
179 2373 217 2432 V.
231 2392 259 2432 ν.
272 2371 322 2431 ct.
344 2371 470 2453 Surgeos
484 2383 585 2431 autem
597 2370 840 2451 quidamincon-
893 2369 1019 2438 Ἀναστὰς
1039 2371 1067 2431 δι’
1085 2393 1126 2440 τις
1138 2370 1215 2451 ἰντῷ
1232 2367 1359 2451 συνεδρίῳ
1378 2369 1547 2449 Φαρισαῖος,
1558 2368 1663 2447 δείματι

133 2466 203 2525 σι’ίίο
211 2466 391 2536 Plurimus,
403 2467 520 2523 nomine
531 2463 693 2535 Gamaliel,
709 2463 780 2543 legis
789 2462 841 2521 do-
931 2460 1087 2541 Γαμαλιὴλ,
1099 2460 1336 2541 νομοδιδάσκαλος,
1348 2459 1436 2539 τίμιος
1449 2459 1534 2521 muel
1546 2484 1586 2542 τιρ
1597 2460 1664 2540 luffa,

134 2570 207 2629 otor,
220 2556 402 2616 honorabilis
411 2559 553 2616 universae
560 2555 652 2636 plebi,
658 2557 749 2636 jussit
748 2555 840 2638 sorae
932 2553 1128 2624 ἐκέλεοσινίξω
1142 2553 1229 2637 βραχὺ
1240 2546 1606 2634 τοδςάνθροίπουςγινέοδαι.
1651 2568 1663 2601 t

134 2654 176 2712 ad
184 2654 269 2711 breve
282 2651 414 2710 homines
422 2650 501 2732 fieri.

134 2852 163 2908 1.
189 2846 240 2908 Hic
260 2845 395 2909 Gamaliel
418 2846 496 2906 Pauli
514 2844 609 2905 doctor
627 2857 685 2904 erat
699 2869 705 2903 :
721 2844 875 2907 admira-1)
931 2835 1195 2923 ΟὗτοςδΓαμαλιὴλ
1203 2843 1310 2906 Παύλου
1319 2842 1477 2912 διδάσκαλος
1485 2833 1529 2917 ην.
1543 2842 1691 2906 Καίδων.

92 2943 217 3020 tionequc
228 2939 344 3020 dignum
357 2952 413 3013 est,
426 2938 581 3016 quomodo,
591 2935 695 3019 judicio
707 2938 801 2998 valens
813 2951 840 2999 et
892 2935 977 3017 μᾶσαι
990 2937 1070 3013 ἄξιον,
1082 2942 1140 3004 πῶς
1152 2938 1198 2997 καί
1210 2936 1258 3005 τδς
1271 2934 1341 2997 κατδ
1356 2943 1414 2998 νοῦν
1424 2935 1527 3019 κρίσεις
1538 2937 1608 3018 ἔχων
1621 2934 1664 2995 καί

93 3034 121 3094 in
136 3034 195 3113 lege
209 3031 331 3113 peritus,
352 3030 474 3090 nondum
492 3030 613 3090 crederet
627 3053 634 3087 ι
648 3049 734 3109 neque
751 3031 840 3111 potuit
893 3028 1046 3114 ωμομαδὴς
1060 3028 1221 3100 ὣν,οὐδίπω
1232 3029 1393 3090 ἐπίστευσεν.
1405 3028 1467 3090 Οὔκ
1480 3026 1577 3089 έστιδδ
1590 3027 1663 3088 atet·

93 3126 204 3187 omnino
223 3123 380 3183 incredulus
402 3142 525 3200 manere,
539 3136 569 3182 ut
584 3122 672 3204 palam
684 3136 724 3183 cst
738 3123 840 3204 exejus
894 3130 982 3202 μεῖναι
1006 3121 1044 3200 μὴ
1065 3121 1244 3183 πιστεύσαντα
1266 3123 1299 3181 δι’
1312 3120 1384 3183 moe.
1396 3119 1451 3181 Καί
1472 3110 1553 3194 δῆλον
1567 3122 1598 3180 ἔτι
1610 3122 1664 3179 xeo

93 3216 197 3295 verbis,
208 3236 269 3295 quae
279 3212 443 3275 consulendo
451 3214 538 3276 affert
547 3215 642 3274 Josstt
652 3214 734 3290 enim,
744 3214 840 3293 inquit,
895 3212 1019 3293 ῥημάτων
1035 3216 1115 3274 αὐτοῦ
1120 3256 1129 3284 ,
1150 3213 1185 3273 δι’
1198 3204 1235 3273 ὧν
1252 3212 1432 3293 ουμδονλεύιι.
1447 3211 1591 3274 'Eadem
1603 3211 1663 3296 γίρ,

88 3312 176 3392 foros
189 3312 232 3370 ad
246 3312 330 3369 breve
349 3308 569 3392 hominesfieri.
581 3307 655 3370 Vide
670 3307 841 3390 prudentiam
894 3306 987 3388 φησίν,
998 3305 1048 3377 ἔξω
1063 3305 1148 3390 βραχὺ
1161 3306 1222 3375 τοὺς
1235 3305 1387 3389 ἀνθρώπους
1400 3308 1523 3378 ποιῆσαι.
1533 3304 1606 3388 Ὅρα
1618 3304 1664 3378 τὴν

92 3402 289 3479 concionantis,
305 3416 330 3462 et
345 3401 481 3480 quomodo
501 3402 592 3462 statim
611 3401 674 3462 illos
692 3402 721 3462 in
739 3415 842 3462 metum
894 3398 997 3460 σύνεσιν
1018 3404 1065 3473 τῆς
1089 3400 1265 3484 δημηγορίας,
1277 3399 1322 3460 καί
1342 3403 1400 3467 πῶς
1413 3397 1509 3467 αὐτοὺς
1521 3397 1615 3466 εὐδίοις
1630 3398 1664 3465 τίς

92 3494 227 3575 conjiciat.
244 3495 285 3554 Ne
304 3513 370 3555 vero
389 3493 417 3552 in
437 3494 618 3575 suspicionem
636 3495 754 3572 veniret,
768 3493 841 3573 quod
894 3491 975 3575 φέὸον
987 3493 1140 3554 ί’ίσίδαλεν
1152 3491 1237 3555 Ὥστε
1251 3493 1278 3553 δὲ
1291 3490 1328 3573 μὴ
1342 3485 1665 3565 ὕποπτευδῆναιαίπδιὸς
1698 3544 1700 3551 .

91 3585 187 3645 eadem
200 3607 261 3662 quae
277 3584 318 3643 illi
330 3583 454 3660 sentiret,
467 3606 512 3643 eos
527 3585 574 3663 qui
589 3586 615 3645 in
633 3586 747 3646 concilio
765 3586 841 3646 sede·
895 3585 930 3646 τδ
947 3585 1052 3647 ἐκείνων
1066 3593 1223 3668 φρονοῦντα,
1236 3590 1273 3653 ὡς
1292 3586 1358 3667 πρδς
1379 3581 1572 3664 ὁμογνώμονας
1584 3582 1663 3645 διαλί-

92 3675 170 3754 bant,
191 3675 258 3735 acsi
272 3697 326 3734 suae
346 3675 481 3756 opinionis
501 3688 589 3737 essent
611 3676 773 3756 alloquitur,
793 3698 842 3738 nec
895 3702 984 3761 γεται,
999 3677 1046 3738 καί
1069 3679 1098 3737 οὐ
1117 3680 1252 3759 πολλῇτῇ
1273 3677 1431 3761 σφοδρότητι
1448 3675 1596 3760 κέχρηται,
1608 3676 1662 3737 ἀλλ’

88 3769 179 3847 multa
196 3768 284 3829 utitur
300 3768 481 3846 vehementia,
495 3767 631 3847 sedquasi
643 3790 706 3828 cum
719 3769 839 3831 virisfu-
857 3766 877 3816 Ε
896 3775 931 3839 ὡς
955 3771 1007 3832 ὑπὸ
1025 3776 1071 3832 τοῦ
1088 3776 1170 3850 θυμοῦ
1193 3770 1340 3850 μεδίονσιν,
1365 3766 1434 3830 odem
1452 3768 1551 3852 φησίν·
1565 3768 1663 3852 Ἀνδρος

92 3883 153 3922 rore
167 3861 261 3938 ebriis,
274 3860 312 3919 ita
325 3859 392 3920 dicit
407 3883 414 3917 ε
427 3860 476 3919 55.
495 3862 558 3920 Vtri
573 3861 728 3934 Israeliten,
745 3874 842 3922 atten·
895 3861 1076 3944 Ἰσραηλῖται,
1096 3862 1241 3945 προσέχετε
1260 3865 1362 3930 ίαυτοῑς
1379 3861 1423 3922 ἐπὶ
1444 3871 1500 3932 τοῖς
1523 3861 1664 3944 δνδρῶποις

92 3954 154 4014 dite
169 3956 257 4014 vobis
276 3973 363 4033 snper
382 3953 549 4012 hominibus
570 3956 634 4012 istis
650 3955 723 4034 quid
745 3960 842 4031 acturi
894 3955 994 4025 τούτοις
1004 3955 1030 4016 τί
1045 3954 1154 4036 μέλλετε
1167 3953 1304 4036 πράσσειν.
1321 3954 1368 4028 Μὴ
1383 3954 1488 4026 ἁπλῶς,
1502 3954 1584 4038 φησί,
1602 3952 1663 4036 μηδί

91 4051 168 4109 satis.
179 4047 223 4121 lle
241 4058 351 4121 temere,
372 4043 471 4124 inquit,
488 4065 574 4124 nequo
591 4043 687 4105 leviter
707 4046 840 4107 feramini.
893 4052 930 4116 ὡς
942 4048 1020 4130 ἔτυχε
1040 4048 1157 4130 φέρεσθε.
1172 4046 1232 4130 Πρὸ
1247 4043 1297 4127 γδρ
1310 4045 1409 4107 τοίτων
1423 4048 1476 4105 τῶν
1486 4046 1664 4130 ἡμερῶνίνέ-

92 4138 143 4200 56.
167 4136 252 4199 Ante
271 4142 350 4198 enim
374 4138 427 4197 loos
451 4139 513 4198 dies
537 4142 664 4197 surrexit
686 4141 837 4212 utendas,
894 4165 944 4214 στη
956 4139 1166 4221 Θευδδςλέγων,
1180 4128 1665 4221 είναίτινσέαυτδν,ιῖιπροσαιολλνίδη

92 4236 193 4294 dicens
205 4254 236 4293 se
246 4253 307 4293 esse
320 4233 450 4312 aliquem
467 4234 537 4290 :cui
546 4232 695 4291 consensit
705 4253 840 4292 numerus
894 4231 1003 4314 ἀριθμὸς
1026 4233 1127 4313 ἀνδρῶν
1150 4234 1186 4298 ὡς
1206 4228 1396 4310 τετρακοσίων·
1421 4229 1604 4312 δςένηρίδη,
1616 4230 1664 4292 «u

92 4332 227 4387 virorum
251 4329 368 4386 circiter
385 4324 663 4404 quadringentorum
675 4347 684 4380 .·
697 4328 749 4405 qut
766 4324 841 4384 occi·
893 4324 990 4393 πάντες
1000 4325 1056 4385 ὅσοι
1067 4323 1200 4384 ἐπείθοντο
1211 4323 1296 4404 αὐτῷ,
1306 4322 1464 4396 διελύθησαν
1472 4322 1521 4383 καί
1533 4324 1682 4406 Ἶγένονπ·

59 4461 64 4471 ·
92 4438 142 4479 sus
164 4431 220 4488 σοις
234 4429 263 4477 et
283 4436 382 4475 omnes
401 4418 454 4496 qui
477 4416 637 4474 credebant
654 4418 690 4489 ei,
704 4415 841 4494 dissipati
894 4416 1024 4485 είςούδέν.
1038 4412 1436 4495 Ἇπδπαραδειγμοίτωναῦτοδς
1448 4412 1666 4497 σιοφρονίζιι,καί

92 4523 160 4570 sunt
177 4522 205 4570 et
219 4509 332 4568 redacti
350 4509 393 4566 ed
411 4506 547 4568 nihilum.
560 4504 703 4586 Exemplis
723 4505 785 4565 illos
804 4506 841 4567 ad
893 4509 937 4569 τὸν
949 4506 1269 4581 πλείονοςᾶποστιίσαντα
1281 4505 1387 4587 ὕστερον
1396 4500 1487 4581 τίθησι
1500 4506 1667 4590 παραμυθοῖ-

89 4622 185 4662 sanam
196 4612 314 4660 mentem
323 4597 399 4659 ducit
407 4622 417 4677 3
431 4612 458 4659 et
472 4597 568 4673 illum,
581 4597 630 4676 qui
644 4597 735 4678 plures
757 4596 839 4657 sedu-
848 4643 882 4685 „¹
895 4623 970 4682 μενος
985 4603 1087 4669 αὐτούς.
1103 4599 1163 4683 Πρδ
1180 4599 1228 4677 μὲν
1241 4590 1286 4661 οὖν
1299 4606 1346 4660 τοῦ
1365 4597 1400 4658 τδ
1412 4599 1621 4682 παραδείγματα
1632 4603 1668 4661 εί-

92 4707 184 4768 xerat,
205 4691 316 4753 dentum
339 4692 418 4751 affert
431 4689 467 4749 ad
482 4689 592 4751 illorum
617 4688 837 4751 consolationem.
856 4701 876 4747 Α
894 4702 969 4764 πεῖν,
982 4692 1068 4774 λέγει,
1089 4691 1242 4773 Προσέχετε
1265 4694 1384 4758 ἑαυτοῖς·
1406 4690 1499 4765 ἐπειδὴ
1515 4691 1544 4754 δέ
1562 4690 1667 4762 ἔδειξεν,

92 4790 243 4866 Antequam
263 4804 328 4846 vero
346 4782 470 4863 exempla
487 4781 615 4864 proferat,
629 4780 696 4841 dicit
712 4782 840 4843 :Atten-
894 4783 1065 4865 &repetissem
1077 4783 1176 4861 λέγων·
1188 4783 1241 4843 Καί
1255 4781 1289 4842 τὰ
1304 4788 1348 4842 νῦν
1368 4779 1438 4862 λέγω
1451 4786 1523 4862 ὑμῖν,
1536 4783 1668 4855 ἀπόστητε

93 4880 154 4940 dite
174 4882 259 4940 vobis
274 4902 283 4934 .·
298 4877 332 4937 iis
345 4897 409 4936 vero
429 4875 530 4953 allatis,
551 4876 710 4936 sententiam
722 4877 838 4957 profert,
894 4876 946 4937 ἀπὸ
959 4880 1011 4935 τῶν
1025 4874 1169 4958 ἀνθρώπων
1182 4874 1290 4935 τούτων.
1300 4872 1377 4933 Μετίι
1387 4880 1480 4935 τοῦτον
1496 4875 1595 4950 ἀνέστη
1606 4875 1668 4937 Ἰοῖ·

92 4971 183 5032 dicens
199 4996 205 5029 ι
220 4974 262 5032 Et
289 4989 366 5030 nnnc
398 4972 499 5050 itaque
525 4970 591 5027 dico
615 4972 710 5042 vobis,
735 4971 838 5030 Disce·
893 4970 1113 5037 δαςὸΓαλιλαῖος
1127 4969 1154 5027 έν
1166 4975 1224 5036 ταῖς
1237 4965 1351 5047 ἡμέραις
1365 4968 1415 5037 ,τῆς
1434 4970 1611 5051 ἀπογραφῆς,
1625 4967 1667 5028 καί

128 5171 254 5234 heusen«,
268 5177 305 5223 καί
316 5176 373 5223 ὥστε
384 5178 420 5236 μὴ
432 5172 610 5232 δποπτεοθηναι,
623 5167 658 5218 eic
672 5183 742 5218 unus.
939 5181 948 5204 ν
961 5164 1064 5234 [ίρένετο
1073 5167 1117 5230 D.]
