3728 5978
129 413 193 461 100
461 416 490 464 S.
517 411 653 464 ioannis
678 409 860 459 cunvsosr.
889 410 1042 460 tuctttttt‘.
1069 411 1334 461 cousnsumnot’.

120 539 230 621 quidem
250 562 285 601 ex
299 542 424 603 satanicis
442 544 582 605 cantilenis
595 539 686 621 aliqua
706 553 862 616 mutuatus,
914 539 1113 624 ὅσαίσχυσετῇ
1134 541 1227 622 μνήμῃ
1249 539 1427 612 καταθέσθαι,
1447 543 1564 621 συνεχῶς
1580 539 1625 600 leel
1640 542 1686 612 τῆς

120 651 181 708 quae
209 632 298 713 potuit
320 635 447 695 memoria
469 635 593 713 retinere,
614 634 767 712 frequenter
786 629 897 690 domic
915 633 998 703 οἰκίας
1009 634 1142 716 plumbi
1153 633 1320 717 πρεσύύτης,
1332 630 1421 704 ἀτεδὴ
1432 630 1686 712 σεμνύτερος,τοῦτο

119 738 223 802 cantat;
237 727 325 787 senior
337 741 438 807 autem,
450 742 543 812 utpote
554 726 674 810 gravior,
684 727 737 786 hoe
749 723 861 805 quidem
915 725 963 804 μὲν
979 729 1009 787 ού
1021 735 1106 802 ποιεῖ,
1120 726 1213 786 τῶνδὲ
1225 729 1310 785 ἐκεῖσε
1323 721 1472 804 λεγομίνιον
1496 723 1624 803 ῥημάτων
1638 722 1687 800 με’·

119 836 172 876 non
194 819 269 894 lacit,
282 819 331 879 sed
350 821 440 880 omnia
460 843 520 901 quae
540 820 580 881 ibi
593 819 674 887 ‚dicta
696 830 760 878 suut
779 817 862 878 verba
915 841 1013 897 μνηται
1028 819 1145 880 πάντων.
1158 820 1296 879 Ἐντεῦθεν
1314 815 1388 876 οὐδὲν
1404 814 1509 896 ἔχοντες
1527 814 1617 874 ἄπιτε.
1632 813 1685 874 Καὶ

118 923 257 969 memorat.
273 910 418 972 indeuihil
428 913 556 974 habentes
569 909 723 972 abseeditis.
739 909 776 969 Et
791 929 860 988 quo-
913 914 970 979 πῶς
983 914 1030 973 οὐκ
1040 911 1166 994 αἰσχύνης
1176 910 1265 985 ἀξιονς
1276 908 1367 987 Νόμαν
1378 907 1526 986 ἐθήκαμεν·
1543 903 1684 986 μᾶλλῠνδί

117 1000 198 1061 modo
211 1002 307 1062 nonsit
316 1003 386 1064 illud
398 1006 514 1086 dignum
526 998 756 1088 pudorelLegem
766 1002 861 1085 posui·
914 1006 963 1086 οὐχ
974 1008 1052 1084 ἡμεῖς
1064 1005 1212 1082 ἐθήκαμεν·
1225 1000 1263 1081 μὴ
1277 1001 1392 1082 γίνοιτο·
1404 998 1452 1072 Μὴ
1471 996 1523 1078 γὰρ
1540 997 1683 1071 καλέσητε,

1 1093 53 1143 seem
68 1096 108 1146 εδ.
118 1114 178 1152 mus
183 1115 193 1172 3
207 1094 262 1155 imo
272 1117 324 1156 non
334 1117 382 1158 nos
391 1097 546 1178 posuimus:
561 1096 632 1157 absit
636 1118 646 1175 3
660 1097 761 1156 Nolite
770 1114 861 1156 uoca-
913 1099 993 1181 ρησί,
1004 1099 1162 1160 διδάσκαλον
1176 1097 1220 1158 ἐπὶ
1231 1102 1280 1169 τῆς
1292 1100 1358 1177 γῆς·
1370 1093 1449 1173 νόμον
1463 1092 1558 1163 ἔθηκεν
1568 1095 1584 1150 ⁶
1596 1087 1683 1172 ίΧρῑ·

116 1204 158 1256 re,
174 1185 274 1265 inquit,
285 1193 456 1270 magistrum
466 1208 553 1269 super
560 1200 681 1259 terram·
707 1188 795 1268 legem
811 1209 860 1269 po-
912 1193 986 1267 στδς,
1000 1191 1069 1253 ὥστε
1087 1190 1187 1271 μηδένα
1208 1187 1328 1268 ὀμνύναι.
1346 1186 1384 1247 Τί
1404 1184 1523 1266 γίγονιν,
1545 1181 1605 1243 εἰπί
1625 1204 1683 1262 μοι,

116 1276 170 1336 suit
191 1279 328 1355 Christus,
341 1303 375 1341 ne
387 1282 449 1360 quis
464 1282 546 1365 juret.
561 1279 646 1354 Quid,
669 1301 770 1359 quaeso,
787 1280 860 1341 circa
910 1286 973 1366 περί
984 1285 1130 1346 τούτουτοῦ
1144 1283 1280 1364 νύμοοςού
1300 1280 1352 1363 γδρ
1364 1279 1504 1358 παύσομαι
1514 1276 1576 1358 περί
1591 1275 1683 1336 τούτω

116 1368 187 1429 hanc
198 1370 284 1450 legem
296 1373 397 1432 factum
409 1373 470 1433 est?
484 1393 568 1452 neque
581 1371 653 1432 enim
666 1371 748 1430 finem
761 1371 859 1432 faciam
911 1379 1111 1459 διαλεγόμενος,
1123 1377 1170 1449 Μή
1187 1401 1244 1444 πως
1256 1375 1338 1436 πύλιν
1352 1373 1444 1446 ἐλθὼν,
1458 1370 1529 1432 κατδι
1546 1370 1593 1430 τδν
1614 1367 1681 1429 ἀπύ-

9 1482 56 1512 ον.
69 1465 105 1515 ιθ.
116 1460 167 1520 hac
180 1461 215 1521 de
233 1484 262 1523 re
280 1464 416 1544 loquendi,
427 1467 474 1525 Ne
478 1465 565 1547 sorte
588 1468 694 1524 iterum
720 1468 855 1538 veniens,
911 1472 1013 1540 στολου,
1027 1472 1056 1529 ού
1071 1469 1213 1548 ρείσωμαι.
1222 1456 1291 1546 Ἆρα
1303 1461 1500 1546 ἐμεριμνιίσατε
1510 1460 1541 1522 rh
1550 1468 1680 1540 πρθγμας

115 1565 146 1612 ut
160 1554 197 1613 ait
211 1557 358 1637 apostolus,
369 1579 429 1617 non
439 1578 572 1638 parcam.
589 1557 662 1615 Num
675 1555 706 1616 id
721 1556 857 1616 curastis?
911 1554 963 1643 ἀρα
974 1558 1157 1643 ἐρροντίσατες
1171 1551 1223 1640 ἀρα
1234 1556 1326 1640 γέγονέ
1336 1580 1376 1623 τις
1388 1560 1449 1633 ὑμῖν
1466 1551 1585 1626 σποιδὴ,
1598 1549 1680 1622 dasci-

113 1665 179 1706 num
201 1648 310 1708 solliciti
336 1649 426 1710 fuistis
441 1663 487 1708 aut
501 1648 636 1708 studiosi?
649 1669 683 1708 an
698 1647 792 1708 eadem
809 1669 857 1708 no·
909 1656 951 1713 λιν
964 1658 1017 1713 τῶν
1028 1656 1114 1712 αὐτῶν
1129 1650 1249 1732 ἀγόμεθα
1262 1643 1521 1729 λόγωνςΜάλλονδδ
1539 1641 1680 1723 είτεγίγο-

111 1737 156 1798 bis
169 1762 261 1800 rursus
271 1741 384 1802 dicenda
396 1744 480 1803 sunt?
493 1743 552 1802 lmo
567 1741 625 1803 sive
638 1741 745 1822 aliquid
755 1743 857 1803 laetum
872 1750 892 1797 θ
909 1772 961 1822 νεν,
977 1747 1029 1808 εἰτε
1040 1745 1078 1825 μὴ
1088 1749 1158 1820 ,τῶν
1175 1744 1262 1802 αὐτῶν
1278 1740 1400 1822 ἀψύμεθα
1412 1733 1563 1817 λόγωνίθα
1576 1732 1679 1815 limi·

111 1830 158 1907 sit,
170 1832 228 1892 sive
241 1853 305 1908 nou,
318 1834 413 1894 eadem
430 1835 489 1916 ipsa
504 1832 704 1915 aggrediemur,
719 1849 750 1894 ut
762 1856 857 1896 curam
908 1843 1017 1913 σητι·εἰ
1030 1837 1057 1900 δέ
1066 1835 1271 1920 ἰμεριμνίσατι,
1280 1831 1322 1892 ίνα
1333 1831 1414 1892 πάλιν
1425 1826 1593 1909 βεύαιύτιρον
1603 1830 1679 1887 wiso

110 1922 241 2001 habeatis,
258 1939 288 1985 ut
308 1926 377 1986 illud
391 1928 497 1988 firmius
510 1926 658 1988 observetis
671 1941 697 1987 et
710 1927 778 1987 alios
791 1928 856 1989 hor·
907 1932 1069 2014 ἐργάσησθε,
1080 1929 1126 1989 καὶ
1147 1927 1206 1997 τούς
1221 1926 1316 1995 ἀλλους
1337 1920 1554 2004 παρακαλίοητε.
1572 1917 1677 1979 οΠόθεν

110 2018 214 2078 temini.
235 2019 316 2079 Unde
336 2041 401 2101 ergo
422 2020 606 2104 incipiemus?
622 2020 707 2081 vultis
729 2042 745 2080 a
770 2023 855 2083 veteri
906 2017 951 2084 σύν
965 2028 1031 2101 ἡμῖν
1046 2021 1155 2103 ἀρκτέον
1173 2017 1325 2098 τοῦλόγου,
1340 2014 1465 2097 βούλεσθε
1483 2012 1537 2074 &ul
1555 2014 1677 2085 135<ssss-

109 2107 187 2189 lege?
201 2112 283 2191 atqui
301 2112 353 2171 hoc
366 2112 444 2173 nobis
464 2111 563 2194 pudori
583 2127 632 2190 est,
648 2113 725 2192 quod
737 2134 778 2194 ea,
794 2136 855 2193 quae
905 2121 994 2190 λαιᾶς
1010 2114 1089 2176 Ἀλλά
1099 2120 1175 2174 τοῦτο
1192 2110 1310 2193 ἡμετέρα
1323 2107 1455 2190 αἰσχύνη,
1473 2104 1518 2165 ὅτι
1532 2105 1569 2166 τδι
1592 2106 1620 2164 ἀν
1642 2107 1674 2184 τῇ

108 2199 136 2260 in
146 2203 230 2263 veteri
247 2203 306 2284 lege
318 2217 392 2282 sunt,
406 2225 467 2284 quae
480 2225 643 2287 exsuperare
661 2217 808 2285 oporteret,
820 2227 855 2266 ne
905 2211 1031 2290 Παλαιᾷ,
1045 2207 1062 2266 ἀ
1076 2205 1243 2287 ύπερύαίνειν
1254 2203 1324 2277 ἔδει,
1335 2199 1394 2261 ούδέ
1411 2197 1480 2260 οὕτω
1499 2197 1675 2279 φυλάττομεν.

106 2313 244 2354 servemus
258 2295 377 2375 quidem.
394 2298 449 2357 Nos
472 2310 544 2357 certe
564 2318 618 2357 non
639 2295 674 2356 de
694 2296 738 2356 his
760 2297 855 2359 audire
903 2301 992 2381 Ἦράς
1011 2300 1063 2382 γδρ
1086 2301 1117 2358 οὗ
1143 2297 1205 2380 περὶ
1225 2295 1323 2357 τούτων
1339 2290 1443 2354 ἀκούειν
1462 2291 1516 2351 ἔδει
1535 2290 1603 2370 (τῆς
1624 2288 1674 2368 γδρ

107 2385 423 2461 conveniebarmudaicae
436 2386 508 2447 enim
519 2387 634 2449 vilitatis
646 2388 705 2447 haee
719 2403 855 2471 praecepta
903 2395 1050 2465 Ἰουδαϊκῆς
1063 2389 1193 2457 εὐτελείας
1206 2393 1290 2448 ταῦτα
1303 2385 1338 2446 rh
1353 2382 1603 2465 παραγγέλματα),
1616 2381 1673 2440 ἀλλ’

106 2477 264 2555 suut),sed
280 2478 328 2538 illa
341 2479 576 2560 persectathbjice
593 2480 731 2560 pecunias,
743 2494 783 2541 sta
799 2483 856 2542 for·
905 2489 992 2547 ἐιιεῖνα
1010 2483 1045 2544 τδι
1068 2483 1170 2544 τέλεια·
1193 2481 1267 2561 ῥῖψον
1289 2477 1324 2538 τδι
1347 2475 1493 2558 χρήματα,
1515 2477 1596 2546 wilt
1615 2494 1674 2551 θεν·

104 2567 180 2644 titer,
203 2570 322 2630 animam
353 2593 403 2652 pro
431 2570 622 2653 predicatione
646 2571 722 2648 dato,
749 2586 855 2634 terrena
904 2580 1000 2652 ναίοις,
1014 2574 1163 2658 πλνθοιχὴν
1182 2573 1269 2640 ἐπίδος
1282 2570 1349 2653 ὑπὲρ
1362 2573 1408 2629 τοῦ
1426 2565 1613 2647 *efflemsi
1626 2587 1675 2624 δα·

103 2661 194 2721 omnia
214 2661 273 2722 ride
277 2707 287 2741 ,
310 2662 383 2723 nihil
399 2663 451 2723 tihi
476 2663 512 2723 sit
532 2684 673 2723 commune
696 2685 759 2724 cum
778 2687 852 2747 prae·
903 2670 1049 2752 σαγίλασον
1063 2671 1116 2728 τῶν
1129 2666 1173 2727 ἐπὶ
1185 2669 1233 2739 τῆς
1246 2668 1296 2743 γῆς
1309 2661 1443 2733 ἁπάντων,
1457 2657 1542 2738 μηδὲν
1554 2657 1624 2718 ἐστιν
1634 2680 1674 2717 σοι

103 2754 170 2813 scuti
186 2754 243 2815 vita
251 2779 260 2833 ρ
274 2756 297 2815 si
311 2756 374 2835 quis
399 2769 425 2816 te
445 2755 538 2835 laedat,
550 2756 713 2834 benefacite,
724 2758 747 2817 si
761 2771 788 2818 te
804 2758 853 2819 de-
867 2775 887 2823 n
903 2764 988 2825 κοινὸν
1002 2762 1068 2842 seph<
1081 2761 1125 2821 τδν
1139 2757 1259 2840 παρόντα
1276 2753 1345 2835 βίον·
1357 2752 1390 2812 ἀν
1400 2751 1516 2832 ἀδικήσῃ
1530 2772 1588 2825 τις,
1604 2751 1675 2828 δίδρ-

102 2846 219 2923 l'raudet,
244 2849 415 2928 benedicito,
448 2851 473 2910 si
497 2864 590 2911 contra
619 2864 645 2911 te
667 2850 852 2932 blasphemet,
904 2857 1026 2938 γίτησον·
1041 2853 1073 2912 ἀν
1086 2850 1284 2930 πλεονεκτήση,
1310 2845 1468 2926 εὐλόγησαν·
1496 2842 1528 2903 ἀν
1552 2845 1674 2922 βλασφη-

101 2936 250 3014 honorato;
276 2941 402 3000 omnibus
424 2941 547 3022 superior
580 2955 647 3004 esto.
672 2941 738 3001 Haec
761 2956 788 3001 et
813 2943 853 3003 si·
904 2950 992 3030 μήση,
1005 2944 1249 3027 rippam-edorum
1264 2939 1393 3019 ἀνύτερος
1403 2938 1457 2999 ἔσο.
1468 2939 1566 2996 Ταῦτα
1579 2933 1627 2996 καλ
1641 2933 1675 2993 rh

12 3030 179 3090 contumilia
198 3031 293 3091 audire
304 3033 453 3113 oportebat.
472 3035 551 3093 Nune
563 3048 652 3094 autem
668 3034 851 3115 dejuramcn·
903 3048 1012 3103 τοιαῦτα
1024 3037 1126 3099 ἀκούειν
1141 3035 1203 3096 ίδει.
1226 3033 1293 3095 Νυνὶ
1307 3031 1336 3093 δέ
1359 3029 1425 3111 ὑπὲρ
1450 3027 1530 3109 ύρκου
1553 3024 1675 3106 διαλεγό-

4 3116 85 3153 “¹²¹⁸'‘
103 3135 131 3183 to
143 3122 298 3204 loquimur;
309 3138 390 3203 atque
409 3123 531 3206 idipsum
550 3125 697 3207 contingit,
708 3148 741 3187 ac
753 3128 776 3186 si
789 3130 850 3207 quis
904 3139 988 3213 ρεθα·
1002 3130 1049 3192 καί
1061 3127 1155 3189 ταύτδν
1171 3125 1289 3207 γίνεται,
1302 3123 1393 3202 ὥσπερ
1407 3120 1439 3180 ἀν
1452 3119 1528 3185 etue
1545 3114 1674 3197 τδθθφῑί·

103 3236 176 3296 eum,
193 3216 240 3296 qui
260 3219 318 3297 jam
333 3215 429 3276 debeat
444 3216 650 3299 philosophari,
664 3239 679 3277 a
695 3217 851 3281 doctoribus
901 3228 982 3286 λοντα
1003 3226 1163 3306 φιλοσοφεῖν,
1178 3217 1328 3300 ἀρελκύσας
1349 3216 1402 3273 τῶν
1421 3210 1587 3272 διδασκάλοιν
1610 3206 1674 3269 exnt-

103 3307 159 3366 suis
172 3306 322 3383 abstrahat,
337 3319 418 3386 atque
432 3306 552 3388 syllabas
572 3321 599 3367 et
619 3308 749 3370 elementa
761 3311 850 3391 legere
863 3369 888 3407 ⁸7
901 3339 962 3391 οων,
974 3312 1107 3381 συλλαὸδς
1118 3313 1158 3374 ἔτι
1168 3311 1214 3370 καί
1222 3310 1253 3370 τδ
1263 3307 1333 3369 κατδι
1340 3314 1470 3386 στοιχεῖον
1482 3300 1673 3383 ἀναγινώσκειν

103 3412 191 3478 coget.
209 3399 306 3479 Cogita
324 3396 393 3458 milri
413 3412 529 3478 quantus
549 3398 640 3481 pudor
659 3401 695 3461 sit
711 3402 850 3464 hominem
865 3423 884 3470 Α
902 3416 983 3468 ποιοῖ.
996 3404 1159 3478 αἘννοήσύν
1174 3426 1220 3482 μοι
1232 3401 1281 3474 θση
1297 3397 1369 3459 ἐστίν
1389 3395 1520 3477 αἰσχύνη,
1535 3390 1673 3473 ἄνθρωπόν

101 3491 265 3572 pmfundam
279 3490 420 3550 habentem
433 3491 562 3569 barbam,
575 3491 705 3552 baculum
720 3494 848 3555 serentem
901 3523 961 3560 τινα
974 3499 1076 3571 ύπίνην
1098 3501 1206 3577 βαθεῖαν
1228 3494 1340 3576 ἔχοντα,
1354 3490 1401 3552 καί
1422 3489 1539 3571 ρύπαλον
1552 3482 1674 3566 amnes

102 3595 128 3641 et
141 3583 268 3664 pallium,
281 3580 318 3641 ad
331 3583 472 3662 magistros
483 3604 546 3661 cum
559 3583 650 3666 pueris
662 3584 748 3662 abire,
760 3601 791 3646 ut
804 3609 847 3647 ea·
902 3615 989 3671 μινον,
997 3592 1043 3652 καί
1056 3589 1171 3670 ἐξωμίδα
1185 3588 1295 3670 ἔχοντα,
1308 3589 1344 3654 εἰς
1356 3582 1531 3648 διδασκάλους
1543 3577 1613 3656 unet
1622 3579 1673 3636 τῶν

101 3673 166 3735 dem
179 3696 242 3735 cum
256 3674 312 3734 illis
330 3674 531 3735 diseatenonue
550 3675 616 3738 hinc
630 3698 745 3759 magnus
758 3680 847 3740 risus?
900 3685 1002 3746 παίδων
1017 3684 1138 3752 ἀπιέναι,
1153 3682 1199 3742 καί
1209 3680 1244 3741 rh
1255 3677 1321 3739 αύτά
1332 3677 1439 3743 ἐκείνοις
1449 3671 1594 3752 μανθάνειν
1622 3661 1674 3750 ἀρα

102 3769 220 3852 Sedjam
231 3771 319 3851 major
329 3791 363 3829 ex
374 3770 462 3830 nobis.
475 3771 535 3831 Non
551 3771 622 3831 enim
636 3785 741 3833 tantum
751 3772 848 3834 discri-
900 3782 929 3839 οὐ
938 3776 1019 3844 πολύς
1032 3781 1047 3836 δ
1060 3775 1158 3856 γελωςς
1170 3770 1250 3832 tut
1260 3769 1357 3830 πλείων
1369 3759 1443 3836 οὗτοι
1456 3763 1620 3843 ildim-
1632 3760 1672 3820 οὗ

101 3863 183 3924 minis
200 3878 240 3923 est
255 3862 456 3946 philosophiam
475 3863 545 3925 inter
556 3877 583 3925 et
601 3865 748 3944 elementa,
761 3890 846 3948 quan·
898 3871 951 3953 γάρ
963 3871 1024 3931 ὅσον
1034 3865 1187 3949 φιλοσοφίας
1203 3864 1234 3924 τδ
1256 3861 1335 3941 μίσον
1359 3859 1407 3919 καί
1427 3855 1609 3940 γραμμάτων
1630 3874 1672 3910 ³⁰·

100 3971 158 4017 tum
167 3957 355 4020 interludaica
367 3973 393 4019 et
402 3972 491 4019 nostra
498 3982 508 4038 3
518 3958 566 4020 sed
576 3967 710 4039 quantum
717 3962 845 4024 interan-
898 3970 990 4025 σοῦσον
1001 3966 1048 4034 τῆς
1061 3961 1208 4028 Ἰουδαϊκῆς
1219 3952 1353 4020 πολιτείας
1366 3951 1413 4011 καί
1427 3953 1476 4021 τῆς
1492 3944 1628 4027 ἡμέρας
1642 3942 1672 4002 ‘l

99 4051 172 4128 gelos
180 4064 206 4111 et
212 4051 343 4112 homines.
356 4052 386 4114 Si
393 4051 554 4132 quis,queso
562 4067 597 4130 te,
608 4054 774 4135 angelumde
780 4057 845 4118 eaelo
897 4055 1030 4134 διάρορον,
1044 4054 1103 4110 ἀλλ’
1118 4050 1179 4111 ὅσον
1193 4047 1312 4128 ἀγγέλων
1328 4043 1374 4105 καλ
1395 4038 1550 4122 ἀνθρώπων.
1562 4036 1600 4097 Εἰ
1616 4059 1671 4105 τις,

98 4142 246 4203 deductum
259 4144 367 4225 juberet
375 4145 420 4204 hic
430 4158 501 4204 stare
509 4159 535 4205 et
546 4146 629 4206 verba
640 4161 729 4207 nostra
739 4147 843 4226 audire,
897 4146 956 4208 εἰπί
968 4170 1030 4226 μοι,
1049 4145 1158 4224 ἄγγελον
1169 4143 1199 4200 ἐκ
1212 4144 1259 4198 τοῦ
1274 4141 1384 4218 ούρανοῦ
1394 4129 1567 4211 καταγαγὼν,
1581 4126 1671 4189 ulmi·

98 4251 128 4296 ιιι
143 4236 289 4297 secundum
303 4259 334 4297 ea
347 4259 375 4299 se
385 4252 563 4318 componeret,
576 4258 664 4298 annon
676 4240 767 4321 pudor
780 4242 844 4303 inde
896 4264 964 4300 σιιεν
977 4242 1088 4298 ἐνταῦθα
1103 4232 1212 4294 ἐστσίναι
1233 4229 1279 4291 καί
1300 4232 1446 4309 ἀκροᾶσθαι
1464 4227 1519 4283 τῶν
1529 4220 1669 4302 ἡμετέρων

96 4341 122 4387 et
135 4328 206 4388 risus
220 4341 375 4406 sequeretur
384 4330 398 4388 θ
407 4329 437 4389 Si
451 4349 515 4390 vero
527 4328 563 4389 de
575 4329 609 4388 iis
619 4330 677 4411 jam
688 4331 790 4392 erudiri
805 4335 842 4394 ri·
895 4333 989 4413 λόγων,
1000 4334 1035 4399 ὡς
1048 4328 1186 4410 θρείλοντα
1206 4322 1259 4384 ἀπὸ
1281 4319 1381 4382 τούτων
1406 4316 1593 4401 ῥυθμίζῑῦθθῑν
1617 4306 1669 4394 39²

94 4419 217 4480 diculum
236 4434 289 4496 est,
303 4420 347 4479 his
367 4442 400 4479 ue
425 4419 537 4498 quidem
561 4420 716 4497 attendere,
738 4440 838 4503 quauta
857 4429 940 4488 Βούκ
954 4422 1066 4505 αἰσχύνη
1079 4420 1125 4482 καί
1138 4418 1221 4499 γέλως
1235 4408 1281 4489 dm
1295 4417 1330 4476 Εἰ
1343 4413 1371 4476 δέ
1384 4413 1416 4473 τδ
1434 4411 1497 4494 περὶ
1516 4408 1668 4470 τούτωνίτι

92 4512 249 4574 damuatio?
263 4526 380 4592 quamus
392 4511 500 4594 pudor?
514 4511 550 4572 Et
570 4514 706 4592 quomodo
720 4536 773 4576 non
787 4539 838 4598 pu-
891 4515 1061 4578 παιδεύεσθαι
1073 4512 1169 4594 γίλοιτ·
1185 4510 1216 4569 τδ
1238 4507 1306 4586 μηδὲ
1323 4504 1425 4572 τούτοις
1437 4501 1593 4586 speckw,
1609 4498 1669 4562 ῑίπί

123 4719 218 4769 ''Uffl
229 4725 325 4786 Χθωῗίί
335 4724 369 4783 μθ
382 4719 482 4781 ίάἰῦναῑ·
813 4706 816 4711 ’
900 4733 979 4784 quam
990 4713 1060 4780 quod
1069 4711 1170 4760 tuemini
1179 4748 1185 4770 ,
1194 4716 1315 4757 memorat
1325 4711 1367 4763 τὴν
1378 4703 1494 4766 lesistis«,
1504 4696 1552 4746 sed
1561 4695 1667 4745 bartam

122 4813 133 4836 ο
144 4796 190 4847 Alii
201 4804 269 4851 ποθεν
279 4798 316 4848 οὖν
327 4802 389 4860 ἡμῖν,
402 4801 469 4849 πδθεν
479 4801 586 4863 ἀρκτέον.
897 4797 1056 4862 promissam,
1066 4788 1194 4847 baculum,
1203 4797 1229 4836 et
1240 4790 1369 4856 τριάιύνιον,
1381 4779 1429 4829 hoe
1440 4778 1596 4839 est‚trinum
1612 4771 1669 4867 ρσί-

121 4877 175 4926 ⁶In
191 4874 258 4925 hunc
276 4873 359 4924 locum
382 4871 434 4923 haec
457 4882 530 4922 notat
545 4873 670 4921 Douneeus
687 4870 757 4938 apud
777 4873 850 4924 Sari-
899 4872 969 4921 lium.
983 4870 1024 4919 At
1033 4867 1120 4918 Julius
1132 4865 1241 4924 Pollux,
1252 4872 1340 4927 κωμικὴ
1352 4865 1375 4911 δὲ
1390 4865 1463 4921 ἐσθὴς,
1475 4863 1566 4920 ἰέοιμίς.
1585 4862 1631 4902 ἔστι
1643 4868 1666 4900 σε

87 4954 149 5004 lium
163 4973 167 5001 :
182 4954 245 5003 Haec
259 4952 372 5020 imigm'a
384 4961 441 5001 sunt
451 4948 667 5018 philosophorum,
675 4962 756 5016 πώρου,
766 4957 846 5020 βαθὺς,
895 4960 966 5020 χηὼυ
978 4956 1056 5007 λευκὸς
1065 4956 1166 5012 ἄσημος,
1177 4951 1238 4996 κατὰ
1249 4951 1290 5001 τὴν
1301 4946 1424 5018 ἀριστερὰν
1432 4940 1534 5003 πλευρὰν
1543 4935 1665 5021 ραρὴνουίρ

86 5040 215 5098 sarapta,
227 5038 396 5097 truptfquam
412 5026 542 5093 capullum
558 5029 717 5095 interpretor,
732 5029 802 5096 quod
812 5029 849 5078 ad
896 5037 966 5096 ἔχωνς
980 5040 1007 5077 et
1021 5023 1077 5076 vult
1091 5040 1144 5073 esse
1164 5019 1260 5072 servilis
1281 5017 1425 5066 resumenu
1444 5024 1531 5076 genus,
1548 5024 1586 5058 src
1600 5005 1663 5056 dictu

84 5110 231 5176 magisteria
246 5118 331 5156 nostra
352 5106 450 5156 videtur
467 5124 483 5154 u
499 5107 584 5172 prisco
600 5121 667 5153 οιοισ
686 5106 844 5166 translatum,
895 5107 963 5174 quod
987 5104 1065 5155 latere
1084 5112 1173 5167 aperto
1201 5096 1320 5147 dextrum
1337 5090 1473 5169 humerum
1501 5082 1659 5137 exserebant,

83 5203 238 5256 quamquam
257 5185 384 5234 Leuciauus
406 5187 431 5233 in
455 5183 541 5233 tuatim
558 5180 764 5251 philosophorum
785 5205 845 5236 πιισ.
894 5186 982 5251 [paulo
995 5195 1052 5234 amp
1065 5184 1095 5235 γ),
1115 5170 1439 5237 ,ηγχῶρςχπάπωχεῑωγ
