3728 5978
91 414 164 509 294
423 428 451 475 s.
479 425 625 475 cornuis
650 423 833 473 crnrsosr.
862 423 1023 472 ιιοιιιιιιι.
1050 422 1332 473 eousrsurrnor.

92 555 173 616 minis
184 566 281 630 essent,
290 573 325 612 cx
336 549 380 610 bis
393 549 584 627 omnibusbaec
593 547 750 608 inferebant.
762 546 835 606 tlio
888 546 940 606 ὑπὸ
953 569 999 607 του
982 547 1173 626 Ἤνιιίματος,
1185 547 1275 608 καί
1238 571 1278 628 τῳ
1290 546 1358 628 πρθς
1370 552 1426 612 τοῖς
1435 543 1508 624 δροις
1521 534 1570 603 τίνι

91 649 157 729 quin
173 640 309 726 naiigatio
324 643 395 704 illud
408 619 563 704 indicabat:
575 663 660 721 noque
674 641 747 700 enim
758 641 835 701 mul·
888 637 988 699 τούτων
1006 639 1130 699 ἁπάντων
1147 647 1212 704 ταῦτ
1213 665 1231 700 α
1248 638 1397 718 συνῆγον.
1412 634 1561 703 diducti

91 755 149 800 tum
168 754 275 819 tempus
287 750 345 796 erat
346 756 421 815 ,quo
436 734 464 794 in
483 733 558 793 illam
575 731 741 792 lllacedoniae
762 731 835 791 rudi·
889 732 970 798 πλους
982 753 1060 791 τουτο
1073 731 1224 811 ἐνέφαινεν·
1236 729 1329 810 οὐγίιρ
1342 728 1448 809 ἐγίνετο
1464 726 1571 809 χρόνοςι

91 855 149 892 cem
165 843 301 892 venerant
317 828 424 908 Atque'
416 841 454 886 ιιι
466 825 596 886 dissensio
610 825 713 885 utiliter
727 824 836 906 provisa
889 820 946 882 όθιν
960 826 997 890 εἰς
1011 823 1092 896 αὐτὴν
1105 824 1154 897 τὴν
1172 822 1296 904 ῥίζαν
1262 847 1311 896 της
1324 820 1494 889 Μακεδονίας
1506 843 1570 898 παρα

90 922 331 1002 surt.Nequecnrm
341 919 532 1000 aliasbprrrtus
543 932 652 978 sanctus
662 931 837 999 operatores
890 939 944 975 τοι.
944 843 1229 996 Ὥστιόπαροξυσρμδς
1238 937 1424 998 συμφερόντως
1431 916 1570 991 οἰκονομιιι

91 1030 139 1092 set,
151 1035 237 1093 neque
246 1010 403 1072 Macedonia
415 1011 529 1071 verbum
553 1008 718 1091 suscepisset.
732 1009 838 1069 Tantus
891 1005 989 1066 νέσθαι.
1009 1011 1067 1069 Οὐκ
1087 1007 1118 1066 ἂν
1133 1006 1185 1088 γὰρ
1203 1007 1332 1088 ἐνήργησε
1343 1008 1376 1066 τὸ
1394 1008 1507 1083 Πνεῦμα
1524 1003 1555 1063 τθ

92 1127 157 1165 roro
176 1104 222 1163 ille
235 1103 370 1185 profectus
383 1101 493 1181 signum
504 1113 573 1177 erat,
589 1120 646 1158 rcrn
665 1112 767 1179 gestam
786 1119 838 1158 non
855 1111 874 1157 E
891 1102 938 1159 οὐκ
952 1099 983 1158 ἂν
995 1098 1039 1158 τὸν
1054 1097 1130 1179 λόγω
1148 1099 1302 1160 Μακεδονία
1325 1098 1441 1169 ἐδέξατο
1454 1097 1490 1156 Ἡ
1504 1095 1531 1157 δέ
1546 1119 1570 1156 τι

91 1197 175 1256 lursse
185 1195 341 1254 humanam
353 1192 436 1272 liqui
451 1213 503 1251 non
517 1144 599 1269 dixit,
612 1191 765 1250 barnabam
773 1212 839 1251 exa
891 1191 1013 1271 προκοπὴ
1023 1201 1133 1272 σημεῖον
1145 1217 1190 1254 του
1173 1192 1243 1272 μὴ
1254 1184 1569 1272 elestatensis-'immet

94 1289 233 1347 cubatum
247 1286 346 1364 suissc3
362 1283 418 1360 sed,
428 1288 511 1344 Inter
527 1284 596 1343 illos
610 1284 752 1343 dissensio
763 1285 835 1365 suit.
891 1282 942 1351 νός.
954 1282 1085 1343 Καίτοι
1058 1307 1107 1344 ουκ
1119 1282 1180 1366 έρη
1193 1284 1234 1344 ὅτι
1245 1282 1386 1364 Βαρναόας
1398 1279 1566 1397 παρυξυνθο

90 1379 122 1438 δι
133 1379 178 1438 luc
194 1330 370 1438 exacerbatis
383 1397 436 1436 non
449 1388 488 1436 cst
489 1395 603 1455 neque
611 1374 666 1434 ille
759 1437 761 1441 ,
892 1373 1044 1443 Μιταξθ’
1015 1379 1101 1436 αυτῶν
1117 1375 1283 1458 παροξυσμὸς
1296 1374 1406 1455 ἐγένετο
1421 1363 1570 1440 Etcum

894 1464 1026 1547 ρωξιίνθη,
1041 1466 1221 1536 cottiarum.

134 1565 160 1623 5.
178 1564 242 1623 Haec
256 1584 318 1623 curn
336 1562 471 1641 sciamus,
483 1583 518 1621 nc
529 1559 710 1643 perfunctorie
723 1559 772 1619 illa
785 1580 838 1620 ex·
932 1561 1025 1620 Ἰαῦτα
1049 1560 1159 1635 ιίδότις,
1181 1559 1219 1640 μὴ
1241 1560 1332 1628 ἁπλῶς
1353 1558 1385 1632 δῆ
1405 1557 1474 1618 ιωτδ
1494 1554 1570 1636 tots

94 1655 234 1737 cipiamus,
256 1653 303 1714 sed
330 1653 465 1714 discamus
488 1666 515 1713 et
537 1652 730 1727 instituamur3
754 1672 840 1729 neque
893 1649 961 1710 ἄλλθ
978 1647 1526 1732 μανθοίνωμενκαίπαιδιυῶμιθο·οθγθρ
1539 1651 1570 1708 clu

90 1745 164 1804 eninr
190 1760 290 1806 temere
309 1745 502 1826 scriptumest.
518 1745 651 1823 Magnum
671 1742 775 1801 melum
799 1754 840 1801 est
891 1767 1020 1826 γραπται.
1035 1743 1206 1825 Μίγαιιακδν
1222 1748 1326 1825 θγνοιῑν
1338 1742 1465 1825 Γραφάς·
1480 1730 1568 1822 ἐρ’ὗι

90 1838 214 1918 ignorare
236 1838 389 1920 Scripturas
405 1836 555 1915 :aquibus
566 1835 659 1916 juvari
684 1847 838 1916 oporteret,
891 1837 994 1894 λιῑσθαι
1016 1836 1072 1910 διί,
1099 1834 1153 1897 ἀπὸ
1181 1835 1280 1897 τοίτων
1306 1833 1489 1915 βλαπτόμιθα
1513 1830 1570 1892 otu

93 1931 157 1989 ab
139 1952 172 1990 us
181 1930 315 1990 laedrmur
332 1929 379 1991 Sic
391 1929 542 2008 frequenter
555 1927 742 2032 pharmaca
714 1948 771 1989 vim
782 1946 840 1985 me-
893 1924 1021 2008 ροίρμακα
1039 1926 1218 1997 πολλάκις’
1184 1951 1262 2009 φυσιν
1280 1926 1375 2008 ἔχοντα
1392 1923 1570 2006 θεραπευτὴν

90 2021 174 2081 dendi
190 2021 326 2100 babentia,
340 2021 471 2102 cumejus
482 2040 562 2079 usum
580 2019 703 2079 nesciunt
728 2040 777 2098 qur
769 2017 858 2111 ille
860 2016 1047 2112 ωιίδότωᾘ
1012 2042 1063 2078 των
1077 2020 1222 2100 χρωμένων
1238 2020 1327 2087 καλως
1343 2021 1461 2100 χρῆσθαι
1480 2019 1570 2089 αιίτοίς,

91 2107 232 2188 adhibent,
242 2120 338 2168 nocent
347 2128 380 2167 ae
392 2105 582 2188 pessumdant.
588 2118 768 2210 etarmuquae
775 2126 840 2186 pos·
856 2129 876 2174 Α
860 2075 991 2190 ⁰⁶pdeipsr
1011 2110 1056 2169 καλ
1081 2111 1226 2172 ἀπόλλυσι·
1240 2111 1286 2170 καὶ
1303 2109 1373 2170 όπλα
1391 2108 1570 2188 δυνιίμιναρυ]

91 2197 253 2271 sunttueri,
272 2197 324 2258 nisi
338 2196 400 2277 quis
416 2196 694 2278 rectecircumponet,
708 2194 742 2255 iis
761 2209 839 2255 uten-
892 2200 924 2260 ἂν
938 2201 1030 2280 μηδιλς
1047 2201 1113 2263 αὐτὰ
1130 2205 1187 2285 αἰδῇ
1201 2203 1389 2283 περιθέσθαι,
1377 2225 1416 2260 υπ
1416 2200 1570 2260 ’atzmu

90 2307 144 2352 tem
159 2293 303 2374 perimunt.
316 2293 404 2352 (lausa
416 2312 480 2354 vero
495 2305 546 2370 est,
562 2290 638 2370 quod
649 2289 740 2351 omnia
751 2290 838 2370 magis
893 2317 975 2374 ριται.
988 2294 1029 2354 'll
1039 2292 1067 2355 δθ
1078 2293 1175 2370 αίτιον,
1186 2294 1275 2354 ίτι’
1235 2318 1324 2355 παντο
1337 2294 1438 2372 μᾶλλον
1451 2294 1570 2370 (arripe

92 2406 255 2463 queramus,
267 2405 349 2464 quarn
362 2383 637 2461 animuutilitatcm3
652 2396 678 2442 et
690 2383 839 2462 eliamagis
891 2389 939 2457 τῆς
952 2387 1040 2467 ψυχῆς
1058 2387 1163 2468 δρολος,
1181 2387 1228 2447 καὶ
1243 2385 1278 2447 τὰ
1290 2384 1417 2466 ἀλλότρια
1435 2385 1535 2464 μᾶλλον
1546 2406 1570 2445 σι

91 2490 253 2557 spectemus,
270 2495 352 2552 quam
361 2473 507 2533 utilitatem
517 2486 644 2532 nostram.
652 2474 756 2532 Domus
769 2486 840 2533 corte
893 2500 957 2556 μεν,
968 2476 986 2550 ἢ
999 2476 1030 2536 τό
1042 2478 1170 2559 ἡμέτερον
1183 2476 1324 2560 ουμρέρον.
1337 2476 1390 2537 Καί
1402 2476 1489 2544 οἰκίας
1502 2473 1570 2554 μίνι

89 2571 250 2631 firmitatem
258 2590 328 2651 saepe
341 2569 495 2650 querimus,
509 2590 558 2628 nec
568 2568 688 2650 patimur
700 2568 777 2628 illam
791 2589 839 2629 re-
892 2591 933 2628 σιν
947 2567 1074 2637 πολλάκις
1086 2573 1230 2647 ζητοῦμεν,
1244 2567 1290 2628 nul
1301 2571 1348 2629 οὐκ
1361 2566 1394 2626 ἃν
1405 2567 1570 2648 ἄνασχοίμεθι

91 2675 191 2723 tustate
215 2675 354 2722 nutantem
374 2662 420 2722 vel
445 2661 579 2721 labentem
599 2659 701 2736 videre,
726 2681 839 2741 nequea
891 2659 1049 2739 λαιουμένην
1062 2660 1141 2735 αὐτὴν
1157 2664 1221 2722 ἰδεῖν
1231 2660 1291 2723 utet
1306 2659 1526 2720 καταπίπτουσαν
1541 2660 1570 2718 ιθ

90 2768 248 2836 tempestate
270 2752 468 2836 periclitantem
482 2777 490 2812 ι
503 2752 539 2814 de
561 2753 651 2814 anima
673 2774 739 2814 vero
765 2754 839 2814 nulla
891 2751 1030 2834 χειμώνων
1047 2754 1275 2836 ἐπαριαζομὲνην·
1289 2752 1351 2836 περὶ
1366 2751 1454 2823 δίτῆς
1471 2754 1570 2834 ’θορῆς

92 2847 287 2924 cura,·ctiamsi
301 2846 475 2906 fundamenta
486 2848 545 2930 ejus
558 2846 666 2907 infirma
676 2845 839 2924 rideamus,
893 2843 942 2924 μία
953 2844 1072 2928 φροντίς,
1084 2843 1153 2905 ἀλλὰ
1171 2843 1221 2905 κᾶν
1235 2843 1296 2915 rob<
1313 2843 1450 2924 θεμελίους
1466 2846 1546 2915 αιίιῆς
1562 2845 1570 2902 l

91 2941 154 3001 licet
178 2954 204 3000 et
220 2953 385 3000 structuram
404 2953 430 3000 ct
455 2952 557 3000 tectum
581 2938 693 3021 perinde
716 2940 816 3000 babere
828 2963 838 3020 3
893 2935 1064 3014 σηπομένους,
1078 2935 1127 2996 κᾶν
1144 2936 1194 3010 elo
1212 2935 1353 3016 οἰκοδομὴν
1320 2935 1421 3009 leel
1439 2935 1486 2995 τὸν
1497 2935 1570 3018 όρορο

93 3032 302 3094 nullamborom
311 3031 444 3091 rationem
453 3031 593 3093 babemus.
607 3030 716 3092 Item
694 3052 717 3091 σι
732 3052 839 3093 οιιιιοιι-
857 3035 875 3082 B
893 3028 945 3096 δελτ
963 3032 1057 3106 ῆμῑνὸ
1075 3027 1153 3110 λόγος
1164 3028 1229 3089 ἐστί.
1241 3026 1328 3089 Πόλιν
1343 3028 1428 3108 ἄλογα
1447 3026 1479 3086 δν
1496 3025 1570 3108 &pop

93 3120 539 3203 tababeamus,quidtllrspros1t
563 3120 721 3200 querimus,
740 3122 840 3184 ducto-
892 3120 995 3200 ουμρέρ
981 3143 1025 3200 ον
1036 3122 1121 3181 αυτων
1138 3124 1281 3198 ζητοῦμεν,
1293 3120 1340 3181 καί
1350 3118 1531 3200 ίππορορόους
1547 3141 1570 3178 ιιι

94 3235 229 3294 resqueac
239 3212 358 3273 medicos
360 3233 541 3291 ,omnemque
555 3212 675 3294 lapidem
684 3234 839 3275 movemus:
891 3211 1032 3290 πιατροθς,
1054 3210 1130 3271 xit*
1139 3211 1227 3272 ποίντα
1246 3211 1335 3271 κοίλων
1356 3218 1494 3289 κινοῦμεν·
1513 3209 1558 3271 καί

94 3304 189 3365 domos
202 3323 457 3383 quoquecuramus,
469 3316 500 3362 et
515 3303 673 3381 eosquibus
687 3304 746 3364 bec
766 3326 840 3365 com·
891 3301 1102 3382 ἐπιμελώμεθα,
1112 3302 1160 3362 καὶ
1174 3312 1229 3371 τοῖς
1248 3304 1502 3381 ἐμπιπιστιυμένοις
1518 3325 1570 3383 παρ

93 3397 176 3456 missa
193 3409 255 3455 sunt
273 3395 424 3470 hortamur,
443 3406 536 3453 utnon
552 3408 649 3453 temere
663 3395 706 3456 vel
728 3397 838 3476 perlun-
893 3415 951 3471 μεν,
962 3391 1031 3453 ὥστε
1042 3393 1081 3472 μὴ
1095 3396 1186 3463 ἁπλῶς
1203 3394 1304 3474 μηδέ“
1289 3419 1326 3462 ως
1343 3394 1437 3475 ἐτυγεν
1447 3394 1564 3454 ἐλατίνων

93 3486 179 3546 ctorie
191 3487 313 3566 jumenta
333 3485 456 3565 abigant,
477 3506 564 3564 neque
583 3506 664 3546 onera
679 3487 837 3567 imponant,
893 3484 973 3565 βάρος
994 3487 1152 3560 ἐπιτιθέναι,
1175 3487 1242 3566 μηδὲ
1263 3486 1331 3567 ἀωρὶ
1351 3491 1405 3546 τῶν
1424 3491 1527 3546 νυκτῶν
1548 3485 1570 3555 ll

93 3578 139 3637 vel
151 3577 309 3657 intempesta
329 3589 405 3635 nocte
420 3574 556 3649 educant,
572 3575 615 3636 vel
635 3576 764 3637 alimenta
790 3600 838 3639 ve·
894 3578 962 3657 μηδὲ
973 3577 1021 3646 τὰς
1033 3580 1131 3662 τρορδις
1145 3582 1323 3658 ἀπεμπολεῐν,
1339 3580 1386 3639 καί
1400 3578 1496 3640 πολλοὶ
1511 3577 1570 3657 νόμι

93 3666 234 3745 numdent,
252 3668 397 3747 multaequc
410 3668 481 3747 leges
492 3667 566 3748 apud
580 3689 628 3728 nos
643 3670 754 3731 suntad
766 3671 842 3731 utili·
892 3678 938 3731 τοῦ
955 3671 1130 3753 συμφέροντος
1149 3677 1202 3732 τῶν
1216 3673 1318 3752 ἀλόγων
1330 3681 1431 3732 κεῖνται
1440 3668 1507 3753 παρ’
1520 3674 1570 3750 ἠμί

92 3773 176 3820 tatem
191 3760 376 3841 jumentorum
389 3783 396 3816 ι
410 3757 445 3818 dc
461 3758 550 3818 anima
561 3759 632 3819 ratio
642 3760 726 3821 nulla.
736 3764 841 3824 Verum
892 3759 920 3819 δὲ
939 3763 1027 3842 ψυχῆς
1044 3764 1120 3845 λόγος
1136 3762 1230 3832 οὐδείς.
1248 3764 1336 3824 Πυίλιν
1350 3762 1377 3822 τί
1392 3762 1464 3844 λέγω
1481 3762 1544 3844 περὶ
1561 3767 1570 3823 i

93 3851 161 3931 quid
175 3851 236 3910 dico
249 3851 285 3911 de
299 3851 399 3926 brutis,
409 3851 645 3930 quae-nobisutilia
660 3854 747 3913 sunt?
758 3856 841 3914 Multi
892 3859 946 3914 τῶν
956 3855 1097 3937 χρησίμων
1108 3862 1189 3936 ἡμῖν,
1199 3857 1262 3917 Elei
1270 3855 1363 3917 πολλοὶ
1373 3855 1399 3915 ol
1410 3853 1570 3936 στρουθοθςέ

44 3940 47 3945 ’
91 3956 165 4018 sunt,
179 3942 228 4021 qui
246 3964 364 4024 passeres
385 3942 531 4002 babentad
545 3943 616 4002 nibil
633 3945 724 4022 miles,
733 3946 784 4006 sed
793 3946 841 4026 qui
893 3944 966 4005 οὐδὲν
977 3946 1086 4027 iporeae
1096 3948 1238 4029 χρήσιμον,
1250 3945 1444 4019 ἀλλ’ῆθπλῶς
1452 3945 1570 4029 τίρποντ

95 4036 184 4095 solum
202 4048 331 4110 romeam,
349 4034 494 4114 multaeque
510 4048 574 4095 sunt
586 4035 659 4095 circa
670 4037 732 4097 illos
748 4039 840 4119 leges,
893 4037 986 4098 πολλοὶ
998 4039 1043 4098 καλ
1056 4039 1118 4119 περὶ
1131 4039 1237 4100 ἐκείνων
1250 4038 1340 4118 νόμω,
1354 4039 1400 4100 καί
1410 4038 1485 4100 οθδλν
1496 4041 1570 4118 ἠμαλ·

94 4126 218 4206 nihilque
231 4126 380 4207 negligitur
402 4127 445 4187 rel
457 4127 607 4187 omittitur:
621 4128 765 4208 omniaque
782 4152 841 4190 ma·
858 4141 877 4188 c
894 4127 951 4188 οὐδέ
961 4129 1074 4189 ἄτακτόν
1084 4133 1158 4207 ἐστι,
1174 4131 1220 4191 καὶ
1229 4132 1334 4192 πάντων
1345 4132 1447 4210 μᾶλλον
1459 4133 1570 4209 ἐπιμιλσ

95 4219 138 4301 gis
149 4241 287 4298 curamus,
299 4241 382 4299 quam
396 4241 444 4279 nos
457 4221 538 4302 ipsos.
549 4222 595 4282 Sic
606 4222 730 4283 omnrbus
749 4245 842 4285 sumus
893 4221 911 4293 ἢ
924 4227 1000 4300 ἡμῶν
1015 4225 1111 4284 αὐτῶν.
1125 4222 1205 4284 Οὕτω
1215 4223 1321 4284 πάντων
1333 4221 1413 4302 ἐσμὲν
1431 4223 1570 4304 ἀτιμότερα

95 4310 279 4392 ignobiliores.
293 4311 323 4372 Si
338 4311 401 4391 quis
415 4313 607 4374 contumeliose
624 4315 702 4375 nobis
721 4314 839 4397 dixerit,
894 4314 942 4392 μέν
952 4339 992 4384 τις
1005 4320 1076 4395 ἡμᾶς
1094 4317 1205 4397 θὸρίζων
1226 4317 1305 4397 einp,
1323 4314 1407 4389 κίων,
1422 4317 1571 4395 ἀλγοῢμιν·

94 4401 189 4476 Canis,
197 4400 323 4462 dolemus
334 4425 345 4482 3
357 4424 420 4462 cum
427 4424 491 4464 vero
499 4425 547 4464 nos
553 4404 605 4487 ipsi
614 4407 693 4466 nobis
704 4423 842 4470 contume-
894 4406 923 4468 δέ
941 4411 1012 4486 ἡμᾶς
1025 4407 1118 4477 αὐτοὺς
1132 4408 1281 4491 θθρίζοντις
1295 4410 1325 4468 οὐ
1341 4407 1427 4490 λόγῳ,
1446 4407 1508 4468 ἀλλ’
1522 4406 1570 4491 ἔῃ

95 4491 162 4552 liam
176 4491 330 4571 inserimus,
343 4514 399 4553 non
418 4494 515 4568 verbo,
541 4495 589 4555 sod
607 4518 646 4574 re,
668 4519 717 4558 nec
740 4513 842 4559 mntem
896 4498 963 4579 μηδὲ
973 4500 1102 4580 τοσαύτης
1112 4500 1294 4579 μεταδιδόντες
1305 4498 1458 4578 ἐπιμελείας
1471 4503 1505 4580 τῇ
1518 4502 1570 4582 ψιγ

93 4585 192 4647 animm
212 4606 307 4644 curem
321 4585 462 4662 babemus,
481 4608 563 4666 quam
583 4610 692 4670 canum,
710 4591 842 4654 nibilnos
894 4592 1058 4666 scientiole,
1079 4592 1151 4653 οὐδὲν
1170 4591 1305 4673 ἡγούμεθα
1324 4591 1438 4670 ποίσγιιν
1457 4593 1553 4652 δεινόν.
1567 4593 1570 4611 ⁴

95 4681 153 4762 pati
168 4694 307 4762 putamus.
326 4679 426 4744 Videte
451 4683 559 4786 quantis
572 4685 662 4745 omnia
684 4686 764 4768 plena
786 4688 843 4749 sint
894 4688 957 4749 ὅσου
972 4686 1079 4755 σκότους
1092 4685 1178 4745 τδ’
1139 4683 1442 4762 πανταέμπέπληοταις
1460 4682 1570 4766 Πόσοιγ

96 4774 221 4834 tenebris.
242 4774 315 4846 Quot
342 4786 407 4833 sunt
424 4775 471 4854 qui
493 4775 612 4851 student,
635 4801 669 4838 ne
682 4802 760 4842 canes
779 4783 841 4887 plus
895 4783 1012 4850 ζουσι
976 4802 1029 4841 των
1041 4802 1140 4853 κυνων
1155 4778 1223 4837 ωστι
1235 4777 1272 4856 μὴ
1287 4775 1366 4836 πλέον
1380 4782 1428 4836 τοῦ
1448 4774 1570 4843 δίοντοςι

95 4888 173 4945 aequo
193 4867 377 4943 exsatientur3
399 4880 429 4925 ut
452 4865 506 4928 sint
525 4869 629 4931 veloces
652 4886 678 4932 et
705 4874 838 4935 senatorii
894 4871 1051 4948 σθῆναι,*’
1032 4895 1101 4931 ωστε
1122 4826 1234 4940 distel
1211 4892 1279 4928 ιναι
1297 4866 1344 4928 καί
1365 4866 1570 4948 θηρατικοθςθ

127 5069 140 5107 ¹³
158 5067 225 5119 A¹¹¹¹⁸
237 5082 338 5136 Μῆλον)
351 5078 453 5125 ἵθυῗέσῗ(
464 5079 501 5125 καί
513 5077 525 5125 θ
537 5079 612 5134 δθθῧὶ·
939 5077 952 5117 ¹³
969 5084 1045 5129 πάντα
1063 5079 1137 5127 κόλων
1154 5080 1267 5140 κιιοῦμιν,
1281 5069 1314 5121 ed
1327 5071 1425 5122 literam
1437 5111 1444 5137 ,
1457 5086 1570 5138 omnem,

122 5160 133 5184 ⁸
152 5146 222 5197 ΗΜ*
232 5157 303 5214 luxit
314 5153 381 5209 olitis
393 5155 468 5216 Meos,
480 5155 549 5203 ἀλλὰ·
906 5153 957 5202 lum
970 5168 1102 5202 moremur.
