3728 5978
327 388 400 490 ⁸9⁸

325 545 374 605 ulii
395 542 513 604 divitum
531 537 736 601 inhumanitas?
748 537 795 597 ubi
806 535 932 619 judicum
980 558 1071 597 rsona-

325 644 388 683 rum
410 620 614 713 acoeptiofubi
627 618 779 699 juventutis
803 617 941 698 pulchritu
962 638 989 694 o,
1015 630 1072 676 tam

325 703 479 783 imaginarii
490 700 597 760 decoris
609 699 623 758 p
632 699 761 779 juventus
775 697 949 770 insensibilis,
959 698 1070 777 longam

325 782 390 841 vitae
402 803 478 863 spem
494 779 613 853 habens;
621 780 752 856 juventus
765 777 846 836 corde
870 776 1007 850 seditioso,
1023 775 1072 835 ad-

326 861 438 921 modum
459 859 574 919 sollicita
584 858 709 938 voluptas
720 877 729 934 3
741 857 870 937 juventus
886 878 946 936 quae
960 857 988 915 in
999 857 1071 915 mul·

326 939 362 1000 tis
372 962 443 1021 saepe
455 940 569 1008 labitur,
580 959 641 1016 qua
652 937 722 996 male
735 937 809 995 carui
820 936 948 996 adulatur
959 937 1072 1016 ;juven·

244 1060 248 1067 ·
320 1034 379 1097 tos,
395 1020 439 1079 cui
452 1017 573 1078 adulatio
586 1017 721 1076 fallaciam
742 1017 823 1096 parit,
836 1033 895 1096 quae
913 1016 1000 1075 lutum
1019 1029 1069 1090 est,

1048 404 1181 455 seuera·

1128 535 1309 622 όπερηρανίας
1321 541 1377 598 ποῦ
1403 537 1469 596 τῶν
1494 529 1700 594 πλουτούντων
1720 533 1737 601 ἡ
1755 532 1863 610 lexim,-

1128 626 1179 682 troii
1193 622 1246 677 τῶν
1259 617 1427 688 δικαζόντων
1444 620 1466 688 ἡ
1483 609 1817 693 προσυνποληψίαςτυὸτὸ
1844 616 1859 625 ”“

1127 703 1175 771 τῆς
1188 698 1309 773 νεότητος
1327 699 1359 758 τὸ
1379 695 1651 776 marginaretur,
1669 689 1769 761 νεότης,
1780 695 1795 759 ἡ
1805 694 1861 749 ἐπ’...

1127 801 1184 847 τος,
1198 784 1216 850 ἡ
1232 777 1335 860 μακρὸς
1349 777 1473 842 ἐλπίδας
1487 776 1571 843 ζωῆς
1585 771 1706 851 ἔχωσε·
1718 770 1854 842 νιότης,ἡ,

1128 857 1227 929 σιώδης
1248 859 1360 938 καρδία,
1381 863 1400 931 ἡ
1428 852 1659 935 πολυμέρεμνος
1677 850 1768 922 ἡδονή·
1788 851 1856 941 *lift-

1127 938 1213 997 πολλά
1231 937 1276 996 καί
1288 937 1422 1003 πολλάκις
1433 933 1707 1012 caprimum,
1720 933 1840 999 κααωςτην

1128 1039 1163 1076 κα
1171 1016 1366 1078 κολακεύουσα·
1378 1016 1497 1088 νεότης,
1510 1018 1532 1084 ἡ
1544 1012 1623 1092 πρὸς
1638 1010 1747 1083 ἀπάτην
1760 1012 1852 1068 rainer

326 1120 435 1171 misera,
447 1099 548 1158 foeuum
557 1097 637 1156 facile
649 1115 815 1156 marcescens
824 1118 832 1171 3
842 1096 915 1175 spica
928 1096 1072 1175 quaefacile
1081 1126 1118 1166 ω,
1128 1118 1177 1170 νη,
1188 1101 1206 1168 ἡ
1216 1096 1317 1172 πηλὸς,
1328 1102 1346 1169 ἡ
1359 1094 1570 1173 ταλαίπωρος,
1587 1095 1605 1150 ό
1620 1091 1722 1171 χόρτος
1734 1092 1859 1187 δρὸμίρπ

1384 1175 1392 1198 Ι

326 1178 518 1258 corrumpitur;
529 1179 668 1256 juventus,
683 1176 815 1234 somnium
825 1175 956 1235 oblivioni
967 1174 1071 1251 datum,
1090 1182 1110 1229 Λ
1129 1180 1143 1235 θ
1162 1177 1286 1257 στάχυςθ
1300 1180 1516 1312 ίτοιμορθορος·
1531 1170 1658 1241 νεότης,
1670 1171 1704 1230 τὸ
1723 1173 1861 1229 favestris·

1389 1280 1398 1313 ί

327 1258 423 1317 umbra
435 1258 491 1315 sinc
509 1277 555 1327 re;
575 1258 703 1336 juventus
716 1252 800 1335 impia
811 1269 885 1325 aetas,
908 1276 955 1314 cor
964 1275 1016 1313 uon
1027 1256 1072 1314 la-

327 1336 484 1410 boriosum,
506 1335 601 1394 oculus
632 1336 759 1408 intentus,
781 1335 888 1394 lrrcerna
913 1356 974 1412 que
994 1335 1073 1394 facile

328 1417 510 1495 exstinguitur
519 1438 527 1490 3
539 1418 676 1495 juventus,
691 1415 780 1473 fervor
798 1414 947 1493 sanguinis,
962 1435 1073 1475 consue·

327 1496 398 1556 tudo
413 1496 579 1554 macularum
593 1518 601 1569 3
609 1496 749 1587 juventus,
769 1493 879 1553 infrenis
889 1516 983 1572 eqrrus,
997 1509 1024 1554 et
1036 1495 1071 1555 ad

327 1596 435 1635 omnem
452 1574 597 1655 perniciem
608 1574 728 1633 adoneus.
741 1578 865 1633 Attamen
874 1575 922 1652 qui
938 1573 982 1632 bic
996 1575 1072 1635 ferox

327 1655 444 1728 estillic
461 1667 500 1713 est
510 1653 692 1731 miserabilis,
709 1654 756 1731 qui
775 1652 821 1712 bic
835 1653 1072 1728 temulentus,illic

328 1734 400 1794 stilla
431 1755 506 1812 aquae
528 1732 654 1812 indiget;
674 1733 720 1811 qui
742 1731 787 1790 bic
805 1745 846 1790 cst
863 1731 899 1790 ad
916 1733 1071 1793 convicium

328 1826 448 1894 paratus,
461 1812 520 1871 illic
529 1812 651 1891 linguam
664 1812 787 1871 adustam
798 1810 897 1885 babct;
911 1811 956 1889 qui
971 1811 1071 1872 hicse-

328 1892 393 1951 ricis
412 1890 575 1950 induebatur
591 1891 722 1966 vestibus,
743 1890 801 1950 illic
813 1890 901 1950 nudus
921 1889 1017 1951 aderit.
1031 1893 1072 1952 Ne

328 1970 495 2045 mihidiras,
519 1974 560 2030 Da
585 1971 655 2030 milri
677 1970 838 2029 hodiernum
865 1969 949 2041 diem,
976 1985 1002 2030 et
1022 1993 1072 2031 ac·

329 2050 389 2133 cipe
419 2051 566 2111 crastinum
580 2074 588 2106 ι
602 2071 689 2131 neque
713 2050 785 2110 enim
809 2050 855 2109 bic
884 2064 908 2109 te
933 2050 1072 2111 considero

328 2131 391 2210 quis
405 2130 451 2203 sis,
470 2130 515 2190 scd
538 2130 594 2189 illic
616 2143 643 2189 tc
667 2143 802 2209 exspecto,
825 2128 937 2188 ubinam
964 2130 1072 2191 futurus

262 2256 265 2261 -
328 2211 375 2271 sis.
399 2213 456 2270 Nec
476 2210 544 2269 milri
556 2210 642 2284 dieas,
665 2210 788 2268 Clemens
807 2222 847 2268 est
869 2210 952 2280 Deus,
966 2209 1072 2270 etiamsi

327 2310 484 2372 peccavero,
502 2289 673 2349 miserebitur
687 2289 738 2347 mei
754 2288 822 2364 ;scd
835 2287 906 2346 illud
925 2288 1071 2365 considera,

1127 1254 1309 1335 ληθάργητον,
1322 1261 1339 1327 ἡ
1352 1280 1387 1316 σκ
1428 1261 1449 1327 ἡ
1474 1251 1699 1316 ἀνυπόστατος·
1713 1250 1808 1321 νεότης,
1818 1254 1831 1319 i,
1852 1282 1864 1301 ν

1128 1336 1161 1369 *¹*
1172 1345 1257 1415 κεῖρα,
1271 1341 1288 1408 ἡ
1304 1334 1400 1402 ἄπονος
1413 1333 1537 1413 καρδία,
1554 1329 1828 1407 όάνατεταμένοςδρθ
1839 1330 1852 1404 ’1

1128 1419 1142 1474 ό
1154 1415 1274 1496 λύχνοςό
1285 1413 1516 1493 ίτοιμόσόεστος·
1528 1410 1654 1481 νεότης,
1668 1410 1806 1489 θβρασμὸς
1815 1413 1848 1466 εἶν
1861 1446 1864 1458 r

1128 1494 1220 1573 μάτων
1240 1495 1286 1554 καί
1312 1494 1439 1566 συνήθεια
1471 1496 1534 1552 τῶν
1559 1492 1775 1567 σπελωμάτων·
1792 1488 1859 1556 uita.

1127 1574 1247 1645 δοσήνισς
1260 1573 1340 1640 ἵππος
1362 1573 1408 1632 καί
1436 1572 1511 1654 πρὸς
1524 1580 1632 1630 πᾶσαν
1649 1568 1860 1646 ίξολόθρεισινί...

1127 1654 1203 1722 δειος.
1217 1652 1314 1731 Ὅμως
1328 1657 1342 1711 ὁ
1355 1656 1474 1712 ἐνταῦθα
1486 1651 1642 1729 σοὸαρὸς,
1659 1652 1719 1709 ἐκεῖ
1728 1648 1863 1713 limanici

1126 1738 1212 1792 ταῢθα
1225 1730 1438 1812 μεθυσκόμενος,
1455 1732 1518 1791 ἐκεῖ
1534 1729 1683 1808 σταγόνος
1696 1728 1787 1796 ύδατος
1801 1728 1836 1801 ’;
1861 1761 1864 1775 r

1127 1802 1206 1872 odis
1220 1814 1284 1894 πρὸς
1294 1811 1425 1890 λοιδορίαν
1448 1809 1591 1888 ἕτοιμος,
1605 1813 1669 1869 ἐκεῖ
1681 1808 1862 1888 τὴνγλὶιτπι·

1127 1889 1251 1972 γόμενος·
1263 1898 1278 1952 θ
1291 1883 1343 1951 ὧδε
1354 1898 1479 1969 σηρικαῖς
1499 1889 1640 1969 ἱματίοις
1664 1889 1862 1968 ἀμφιεζόμενκ,

1126 1972 1224 2051 γυμνὸς
1236 1971 1440 2052 παριστάμενος.
1457 1969 1510 2041 Μή
1528 1992 1585 2048 μοι
1597 1967 1684 2048 λέγε,
1703 1969 1746 2037 δός
1753 1993 1799 2070 μοι
1812 1967 1862 2039 τὴν.

1126 2153 1310 2290 δελείνθρωπος
1335 2154 1359 2269 δι
1371 2152 1602 2281 ίίίεὸίίῗοσκᾶύωςί
1624 2154 1762 2290 apud-riom
1772 2153 1861 2288 r'aridii

1126 2310 1188 2363 μοι·
1201 2289 1269 2348 &tlt
1282 2290 1388 2348 κίκεῑνο
1404 2288 1507 2366 βλέπε,
1524 2287 1577 2346 ὅτι
1620 2292 1653 2348 δε
1670 2292 1759 2357 ἐλεεῖ,
1770 2292 1845 2348 lxeii.

328 2369 401 2449 quod
422 2372 495 2429 Deus
517 2370 563 2428 bic
588 2369 753 2440 misereatur,
767 2367 825 2426 illic
845 2368 1000 2445 examinct3
1025 2369 1071 2429 bic
1088 2383 1106 2429 tt
1126 2361 1178 2428 ιίνδε
1189 2378 1310 2449 παρορᾷ,
1327 2372 1379 2427 ἐκεῖ
1388 2359 1577 2449 §pseud-dide
1592 2369 1747 2450 ἐκδέχεται
1755 2370 1862 2442 ciriae:

328 2449 432 2518 toleret,
445 2448 503 2507 illic
520 2461 669 2523 scrutetur3
688 2446 734 2506 bic
750 2446 950 2506 conversionem
974 2468 1071 2529 exspe·
1126 2447 1188 2527 ρὴν,
1198 2449 1253 2507 ἐκεῖ
1263 2446 1430 2527 παραδίδωσι
1440 2451 1483 2527 τῷ
1497 2448 1585 2528 πυρί.
1605 2452 1673 2510 Ποῦ
1688 2451 1770 2530 σορὸς
1779 2454 1857 2517 freti

328 2542 390 2602 etet,
404 2528 461 2587 illic
479 2527 536 2606 igni
556 2526 655 2590 tradat.
676 2526 795 2586 Ubinam
811 2526 916 2607 sapiens
931 2526 988 2586 illic
1005 2529 1067 2606 erit,
1125 2526 1183 2608 pol3
1193 2534 1244 2587 ποῦ
1259 2526 1398 2599 δυνάστης,
1414 2531 1497 2597 ποῦὴ
1520 2529 1667 2610 ταραχής
1683 2537 1739 2589 ποῦ
1749 2531 1783 2588 τὸ
1793 2531 1853 2610 dem

176 3523 231 3565 an.
244 3518 267 3565 3.
279 3521 317 3566 23.

177 3585 200 3627 iu
221 3582 305 3628 Grmco.

327 2608 431 2682 fratres,
444 2607 491 2667 ubi
504 2607 621 2687 potens?
635 2605 832 2678 ubitumultus,
847 2606 894 2665 ubi
903 2607 976 2665 lauta
989 2629 1069 2687 pran-

328 2686 385 2764 dia,
403 2688 552 2758 ubicornae,
568 2686 723 2764 ubiilliqui
733 2687 973 2767 cumtympaniset
984 2687 1073 2747 eboris

327 2768 423 2828 vinum
442 2769 556 2851 potant?
580 2767 628 2825 ubi
652 2766 774 2848 parasiti,
795 2766 926 2825 theatra?
949 2767 1069 2827 maxime

327 2845 395 2907 dum
418 2849 514 2907 fratres
533 2845 617 2906 nostri
643 2846 774 2919 esuriunt,
799 2845 902 2920 sitiunt,
926 2846 1069 2907 infeliciter

327 2941 355 2987 et
367 2926 437 2986 male
456 2926 565 2999 habent,
578 2926 646 2986 nudi
661 2939 732 3001 sunt,
747 2927 943 3006 lacrymantur,
954 2939 1069 2987 mortem

328 3027 364 3066 ex
376 3027 490 3067 moerore
503 3019 596 3096 optant
609 3020 635 3065 et
650 3005 800 3084 quarunt?
820 3009 899 3084 Papae
911 3001 919 3064 l
932 3005 1004 3065 calix
1021 3005 1068 3066 ille

327 3085 612 3159 omnibusborrrbilis,
618 3086 652 3145 iis
663 3085 710 3164 qui
720 3084 747 3144 in
762 3085 982 3145 necessitatcsunt
995 3084 1068 3145 desi-

327 3165 511 3236 derabilisest,
519 3166 707 3304 atrita,rpuam
718 3186 809 3224 omnes
817 3179 915 3237 amant,
922 3165 997 3246 apud
1008 3165 1068 3226 illos

327 3245 390 3306 odio
403 3246 526 3317 liabetur,
540 3261 621 3323 atquc
648 3268 684 3303 ux
697 3245 754 3304 lrac
768 3245 847 3303 nobis
862 3245 1000 3324 optabilis,
1015 3245 1069 3305 illis

327 3340 366 3385 cst
377 3326 478 3386 odiosa.
503 3326 661 3385 Benedictus
680 3328 761 3396 Deus,
773 3325 819 3403 qui
842 3325 931 3383 omnia
947 3325 1011 3384 facit
1034 3326 1069 3385 ad

328 3406 481 3464 utilitatem.
496 3406 556 3463 Non
576 3406 658 3474 mala,
674 3405 776 3469 fratres,
790 3403 836 3462 scd
851 3404 926 3462 utilis
935 3419 975 3462 est
988 3426 1068 3465 mors

329 3486 389 3543 Non
412 3505 488 3542 nreus
502 3497 541 3541 cst
559 3483 604 3541 bic
622 3505 729 3542 sermo:
745 3485 827 3541 Mors
846 3487 912 3540 uiro
934 3487 1067 3564 requies,

1124 2609 1271 2680 πολυτελῆ,
1282 2613 1333 2666 ποῦ
1345 2606 1378 2665 τό
1389 2608 1502 2678 deinum
1515 2613 1578 2666 ποῦ
1597 2615 1627 2669 oi
1643 2609 1721 2687 μετὰ
1734 2610 1857 2686 τυμπάνων

1121 2690 1208 2768 χορῶν
1219 2688 1262 2746 τὸν
1273 2676 1340 2745 ebor
1351 2685 1484 2755 πίνοντες
1493 2691 1552 2744 ποῦ
1564 2693 1585 2759 ἡ
1600 2690 1764 2770 παρασιτία
1777 2689 1861 2748 καὶτὸ

1121 2791 1188 2848 τρα,
1204 2767 1250 2826 καί
1263 2773 1347 2825 ταῦτα
1359 2769 1412 2824 τῶν
1422 2765 1555 2902 άδελρῶν
1568 2773 1660 2845 ἡμῶν
1673 2769 1824 2829 πεινώντων
1832 2772 1863 2828 ui

1123 2845 1244 2926 ψύντων,
1250 2844 1445 2925 δυστυχούντων
1459 2867 1498 2903 κα
1519 2849 1781 2923 κακοπαθούντων,
1788 2875 1836 2928 pp
1853 2900 1856 2917 ,

1123 2928 1215 3000 όντων,
1221 2926 1397 3005 δακρυόντων,
1404 2924 1448 2983 τὸν
1457 2923 1585 2986 θάνατον
1595 2928 1813 3003 ἐπιποθούντων,
1821 2932 1855 2988 ιιι

1122 3030 1167 3066 τον
1183 3006 1211 3075 ίξ
1230 3004 1342 3083 ἀθυμίας
1353 3002 1577 3080 ίπιζητούντωνς
1591 3009 1709 3068 Βαὸαί·
1722 3011 1755 3069 τὸ
1765 3012 1846 3088 ποτνζρ

1123 3095 1191 3145 πᾶσι
1200 3085 1307 3167 φρικτὸν
1316 3081 1417 3161 γίνεται
1427 3091 1483 3150 τοῖς
1495 3085 1525 3141 έν
1537 3087 1661 3168 ἀνάγκῃ
1672 3089 1841 3166 ἐπιθυμητὸν,

1126 3165 1181 3243 βίος
1199 3171 1213 3225 θ
1224 3163 1299 3248 παρὸ
1309 3174 1375 3223 πᾶσι
1385 3161 1552 3236 ποθούμενος
1565 3167 1672 3247 γέγονε
1683 3169 1754 3249 παρ’
1766 3169 1856 3233 ἐκείνοις

1124 3245 1260 3323 σούμενος,
1269 3244 1348 3303 καὶτὸ
1356 3247 1408 3323 poi<
1417 3247 1498 3301 τοῦτο
1506 3245 1538 3304 τὸ
1550 3250 1628 3328 παρ’
1640 3254 1713 3326 ἡμῖν
1720 3250 1829 3318 παθητὸν
1835 3250 1856 3325 μ’

1125 3330 1188 3425 παρ’
1203 3325 1309 3390 ἐκείνοις
1333 3322 1486 3402 βδελυκτόν.
1506 3325 1682 3404 Εὐλογητὸς
1697 3334 1713 3387 ὸ
1731 3331 1800 3396 Θεὸς
1815 3336 1827 3386 ὸ
1842 3373 1843 3378 =
1858 3332 1861 3337 ⁴

1125 3429 1190 3483 προς
1204 3407 1234 3464 τὸ
1246 3403 1376 3541 συμρίρον
1388 3400 1579 3484 ἐργαζόμενος.
1597 3409 1646 3466 Οὐ
1662 3411 1799 3489 πονηρὸς,
1811 3399 1830 3466 ὦ
1840 3412 1862 3465 2'2

1125 3485 1167 3563 poi
1177 3530 1184 3558 ‚
1194 3483 1262 3543 ἀλλὰ
1273 3506 1307 3541 κα
1329 3482 1460 3563 ὠρέλιμος
1471 3484 1486 3539 ό
1501 3484 1641 3554 θάνατος.
1656 3492 1724 3547 Οὐκ
1737 3491 1799 3563 ἐμὸς
1810 3495 1823 3546 ὁ
1833 3489 1863 3563 ii,

328 3562 400 3623 dixit
422 3562 534 3621 divinus
560 3563 630 3624 Job:
651 3561 777 3652 quoniam
799 3561 845 3640 qui
874 3577 999 3637 moritur,
1014 3564 1105 3638 ,iamc
1125 3565 1247 3630 Θάνατος
1261 3563 1336 3645 ἀνδρὶ
1351 3563 1542 3634 ἀνάπαυσις,θ
1560 3570 1640 3633 θεῖος
1657 3568 1728 3627 ’loe
1746 3569 1863 3647 διηγόρεν.

329 3662 381 3703 non
393 3643 464 3703 ultra
474 3656 575 3723 peccat,
592 3642 734 3701 avaritiam
745 3640 866 3722 deponit,
878 3655 961 3699 cessat
973 3641 1070 3702 addcrc

328 3725 400 3784 nralo
418 3724 530 3796 malum,
545 3737 571 3781 ct
584 3743 682 3801 augere
696 3744 764 3781 onus
778 3736 803 3780 et
819 3722 961 3796 sarcinam,
977 3722 1069 3781 fruem-

347 3827 380 3865 ue
399 3806 463 3863 facit
477 3803 602 3862 irritandi
628 3806 715 3862 Deum
734 3824 823 3861 suum.
850 3800 998 3860 Prudenter
1022 3824 1070 3860 au·

327 3827 357 3944 di
372 3910 379 3943 ε
394 3906 466 3944 mors
482 3897 521 3942 est
538 3883 684 3941 infantibus
708 3882 863 3955 consolatio,
884 3903 955 3940 mors
980 3903 1071 3940 servo·

327 3988 390 4026 rum
415 3964 530 4044 requies,
552 3964 734 4022 laborantium
757 3961 937 4039 refrigerium,
960 3961 1070 4020 debito-

327 4068 389 4106 rum
396 4045 541 4117 absolutio,
557 4065 629 4102 mors
642 4043 819 4101 sollicitorum
831 4042 964 4113 liberatio,
978 4040 1073 4100 defati-

328 4141 451 4203 gatorum
463 4125 599 4195 recreatio,
610 4145 683 4182 mors
695 4122 825 4203 peccandi
837 4121 1068 4201 impedimentum.

329 4207 389 4265 Nisi
414 4227 486 4263 mors
510 4205 641 4275 instaret,
666 4224 714 4261 nos
739 4215 833 4260 mutuo
856 4202 1070 4276 devorarcmus;

329 4285 381 4344 nisi
396 4283 520 4344 Judicem
531 4297 675 4341 uenturum
688 4296 911 4363 exspectaremus,
923 4282 986 4340 vitto
995 4303 1072 4362 spem

329 4385 383 4423 non
416 4362 660 4433 lrabercm1u3uisi
690 4363 819 4420 ultionem
843 4363 1070 4443 praestolaremur,

328 4445 400 4504 male
413 4441 511 4523 agendi
529 4441 636 4501 nullutn
646 4443 728 4501 sinent
742 4444 900 4515 diceremus,
912 4463 996 4520 neque
1006 4463 1073 4519 prar-

328 4524 470 4585 varicandi
508 4522 706 4603 corruptionem
742 4523 945 4603 deponeremus.
974 4518 1071 4578 Vidcn'

330 4606 440 4665 Domini
461 4604 652 4684 benignitatem
665 4604 678 4659 ἶ)
690 4602 929 4661 praevaricantium
952 4599 1020 4657 ultio
1032 4621 1073 4657 sa-

330 4685 425 4744 lutaris
438 4685 532 4743 evasit.
546 4686 575 4742 Si
589 4684 678 4763 jus'tus
692 4697 730 4742 cst
744 4682 825 4760 isqui
841 4681 964 4747 moritur,
977 4677 1073 4756 gaude,

1124 3641 1165 3703 ότι
1184 3649 1198 3703 θ
1213 3643 1350 3702 ἀποθανὼν
1365 3641 1538 3700 δεδικαίωται
1561 3644 1625 3705 ἀπὸ
1648 3653 1704 3719 τῆς
1719 3649 1854 3724 iusserat,

1123 3722 1258 3783 πέπαυται
1272 3727 1319 3793 τῆς
1340 3728 1386 3781 τοῦ
1409 3722 1465 3800 βίου
1489 3724 1676 3798 πλεονεξίας,
1692 3729 1741 3786 καί
1763 3712 1850 3787 ἔπαυσε

1123 3809 1277 3881 προσθεῖναι
1286 3802 1367 3862 κακὸν
1378 3805 1417 3880 τῷ
1428 3805 1522 3880 κακῷ,
1534 3804 1587 3861 καὶ
1604 3805 1730 3866 ἐνέδωκε
1745 3814 1791 3867 τοῦ
1805 3812 1858 3866 ἐττν

1124 3883 1154 3942 τὸ
1172 3882 1277 3962 ρορτίον
1301 3885 1393 3950 αὐτοῦ,
1409 3881 1455 3939 καί
1475 3879 1610 3959 ἠρίμησε
1625 3893 1677 3945 τοῦ
1700 3887 1780 3966 [μὴ]
1794 3911 1863 3965 περιρ

1123 3966 1175 4031 ζειν
1196 3963 1240 4021 τὸν
1262 3962 1331 4021 Θεὸν
1346 3963 1433 4019 αὐτοῦ.
1448 3959 1542 4020 Ἄκουε
1567 3971 1719 4032 συνετῶς·
1742 3970 1845 4032 θάνατος

1124 4040 1193 4108 πίοις
1207 4042 1390 4139 παράκλησις,
1403 4039 1515 4106 θάνατος
1540 4040 1656 4113 δούλοις
1681 4046 1792 4121 ἄνεσις,
1810 4070 1858 4105 corr

1124 4145 1175 4180 των
1205 4119 1348 4200 ἀνεψυξις,
1374 4117 1581 4200 χρεωστούντων
1622 4126 1787 4208 πλήρωσις·
1813 4128 1864 4185 oin

1125 4198 1312 4283 μεριμνώντων
1328 4199 1415 4270 λύσις,
1430 4203 1690 4280 καταπονουμένων
1708 4207 1855 4271 ίπίσκεθις·

1125 4304 1201 4348 νατος
1211 4278 1343 4360 ἁμαρτίας
1355 4279 1490 4357 ἐμπόδιον.
1503 4281 1538 4338 El
1548 4281 1590 4357 μὴ
1608 4289 1626 4343 ὁ
1637 4285 1761 4355 θάνατος
1772 4270 1857 4366 rpite

1126 4357 1233 4426 ἑαυτούς
1247 4359 1278 4417 δν
1296 4358 1472 4436 κατησθίομεν
1483 4383 1489 4395 ·
1500 4361 1525 4417 εί
1542 4361 1583 4438 μὴ
1598 4365 1706 4444 κριτὴν
1729 4369 1862 4447 ίργόυωιν

1125 4464 1220 4522 γομεν,
1235 4441 1304 4509 ζωῆς
1326 4439 1421 4498 ἐλπίδα
1435 4442 1483 4497 οὐκ
1501 4438 1533 4496 ἂν
1548 4441 1688 4522 εἴχομεν·
1705 4448 1732 4505 εἰ
1758 4448 1796 4524 pl,
1815 4448 1856 4506 >mi

1125 4510 1315 4600 ἐζεδεχόμεθα,
1330 4521 1452 4594 οὐδαμῶς
1473 4523 1528 4576 τῶν
1549 4528 1653 4582 κακῶν
1668 4526 1864 4606 ἓπειυόμεθε,1

1125 4601 1173 4675 τὴν
1188 4604 1219 4658 ἐκ
1238 4598 1414 4677 παραδόσεως
1437 4597 1534 4678 ρθορὸιν
1550 4603 1763 4681 ἀπετιθέμεθα.
1780 4600 1850 4671 Εἶδες

1126 4680 1223 4740 σπότου
1240 4678 1453 4761 ριλανθρωπίανς
1465 4679 1505 4736 Τὸ
1517 4681 1549 4736 ἐκ
1570 4684 1774 4762 παραόάσεως
1793 4688 1863 4761 iureis

330 4764 390 4842 quia
406 4786 469 4824 cum
480 4763 580 4821 fiducia
600 4762 635 4820 ad
661 4762 808 4821 Dominum
819 4760 939 4838 requicut
961 4758 1072 4816 habitu·
1091 4791 1108 4835 η)
1125 4760 1155 4836 γε’
1173 4782 1215 4818 ονε
1232 4758 1372 4837 σωτήριον.
1389 4759 1422 4816 El
1437 4755 1485 4834 μὲν
1499 4755 1703 4854 γὸιρδίκαιοςθ
1718 4767 1819 4841 θανὼν,
1831 4793 1862 4848 χε

330 4865 376 4902 rus
398 4844 484 4924 pergit
498 4867 505 4900 ι
521 4843 542 4900 si
556 4854 689 4921 peccator,
710 4863 743 4900 ue
754 4842 857 4915 lugeas,
872 4838 936 4917 quia
951 4837 996 4895 illa
1011 4858 1071 4915 quar

329 4922 472 4983 additurus
483 4935 540 4981 erat
553 4919 624 4979 mala
641 4920 692 4979 sibi
702 4921 822 4979 lucratus
845 4933 895 4978 cst.
921 4917 950 4977 si
967 4937 1013 4975 nos
1027 4916 1072 4974 hic

329 5002 449 5060 mansuri
470 5023 598 5075 essemus,
627 5001 689 5081 jure
714 5014 833 5059 mortuos
857 4998 1027 5076 lugeremus:
1047 4996 1071 5054 si

330 5101 393 5139 vero
415 5101 505 5141 omnes
521 5081 631 5140 omnino
654 5079 722 5139 illuc
733 5078 942 5160 proficiscimur,
965 5098 997 5135 nc
1011 5075 1072 5135 illos

330 5161 376 5239 qui
395 5161 532 5219 tantillum
555 5181 603 5221 nos
615 5158 772 5241 praecedunt
783 5158 961 5240 plangamus:
976 5178 1009 5215 nc
1024 5156 1071 5216 illa

329 5264 390 5321 quac
404 5239 473 5300 circa
498 5254 618 5301 mortuos
641 5252 712 5300 recte
734 5237 925 5322 pcrsolrimus,
952 5256 1000 5315 pet·
1026 5257 1068 5314 ea,

1126 4840 1192 4899 διοτι
1206 4843 1308 4918 θαρρῶν
1321 4837 1386 4916 πρὸς
1397 4837 1440 4896 τόν
1451 4839 1593 4908 Λεοποτην
1607 4842 1639 4898 έν
1657 4846 1756 4906 ἀνέσει
1771 4852 1859 4928 scopein

1126 4922 1148 4978 εί
1161 4918 1188 4979 δὲ
1199 4918 1245 4976 καί
1255 4917 1429 5000 ἁμαρτωλὸς,
1441 4915 1478 4994 μὴ
1488 4919 1575 4975 λυποῦ
1586 4942 1593 4952 ·
1607 4922 1753 5000 ἐκέρδησε
1764 4930 1817 5008 γάρ
1827 4933 1859 4986 ir

1125 4997 1306 5080 θπροσθεῖναι
1320 4996 1414 5073 ἔμελλε
1429 4995 1508 5055 κακά.
1524 4998 1559 5056 Ei
1577 4997 1634 5075 μὲν
1652 4996 1703 5063 οὖν
1721 5012 1807 5079 ἡμεῖς
1817 5011 1856 5067 ir:

1126 5078 1261 5155 ἐμένομεν,
1272 5076 1379 5144 δικαίως
1389 5075 1420 5134 dr
1434 5073 1493 5142 τοθς
1503 5081 1661 5151 τεθνεῶτας
1677 5066 1846 5164 {aldim-
1862 5122 1864 5137 2

1125 5157 1221 5224 πάντες
1239 5156 1344 5223 πόντιος
1364 5160 1418 5217 ἐκεῖ
1438 5153 1623 5234 πορευόμεθα,
1642 5163 1686 5265 μὴ
1702 5166 1781 5228 οὕτω
1793 5173 1852 5238 τὼς

1125 5238 1186 5318 κρὸν
1195 5235 1376 5317 προλαόόντας
1385 5233 1538 5316 δθυριὸμιθα
1550 5237 1608 5317 ’μὴ
1619 5265 1660 5303 τα
1666 5289 1682 5328 ,
1691 5245 1770 5325 άπερ
1781 5254 1851 5312 rat·
