3728 5978
658 478 702 526 nu
728 475 923 527 osriaurit.
1504 480 1571 555 μοι

108 604 195 684 γελων
208 604 271 684 ρούς
290 602 330 677 ἀς,
335 601 380 661 καὶ
385 599 433 675 τὴν
440 597 659 669 ἑαυτοῢέξσυσίαν
669 604 705 668 ὡς
716 601 780 682 ἀρά·
829 620 906 660 neam
920 599 1088 662 existimavit
1095 622 1105 679 3
1119 598 1187 663 vidit
1198 599 1297 662 formas
1308 597 1468 677 dominicas,
1478 618 1504 663 et
1515 605 1572 665 lor·

108 684 233 762 ιορίοατο·
247 675 299 742 εἷοε
311 681 413 764 μορράς
423 681 591 754 δεσποτικὰς,
602 679 704 752 reli-ils
717 704 781 762 μορ-
830 700 903 738 mam
920 701 997 740 suam
1020 680 1137 741 mutavit
1145 703 1154 757 ς
1166 679 1276 740 audivit
1293 683 1450 743 seutentiam
1463 683 1492 742 in
1513 686 1573 745 ani·

108 763 257 822 λοοοοοοο
273 762 384 833 ἤαοοοςν
400 759 531 841 ατεόραοιν
545 762 651 841 θωχῆς,
664 761 710 819 καλ
721 758 781 827 θλος
830 779 915 834 mam,
928 774 955 818 et
975 773 1049 819 totus
1071 761 1100 819 in
1118 781 1197 820 carne
1216 761 1386 839 contremuit,
1399 784 1431 821 ac
1451 765 1528 842 quasi
1543 766 1572 826 in
1622 819 1626 825 .

108 843 138 911 ;ξε
156 849 188 920 τῇ
211 866 245 901 σα
263 842 291 900 xl
300 886 310 913 ,
331 841 377 901 κοιλ
399 832 441 899 οἶα
463 842 499 906 εἰς
518 843 611 900 ἑαυτὸν
629 842 780 912 διανοεῖται,
830 839 917 918 seipso
933 840 1072 919 recogitat,
1086 839 1286 920 obstupefactus
1304 855 1330 899 et
1351 863 1441 901 secum
1454 864 1571 933 perpen-

108 922 194 998 ςμονος
214 945 260 980 νον
282 920 444 999 ἐννοούμενος
463 926 513 979 τοῦ
534 924 587 978 τῶν
606 921 739 1056 proditor
764 924 781 991 ἡ
830 917 910 990 deus,
923 940 978 997 quo
992 919 1120 1000 migravit
1132 940 1227 999 regum
1239 921 1338 994 fastus,
1350 942 1405 1000 quo
1418 926 1573 1004 principum

108 1002 157 1073 εία,
184 1007 235 1060 ποῦ
257 1004 310 1059 τῶν
333 999 504 1080 ἀργάντωνή
529 997 642 1066 ἐξουσα.
674 997 815 1058 Redde
849 1011 956 1057 otestas.
980 998 1150 1080 Papaelecce
1159 1021 1239 1059 verus
1250 1000 1326 1074 ordo,
1334 1022 1393 1060 eoee
1401 1016 1572 1082 potestasvu·

108 1080 162 1149 pp„
196 1079 312 1152 ἀληθὴς,
344 1067 398 1138 teob
429 1078 538 1155 δονομνς
565 1077 698 1179 αρατανὰ,
726 1076 781 1137 ἰδοὺ
829 1018 895 1150 lida,
907 1098 966 1138 ecce
981 1079 1100 1158 potentia
1112 1100 1164 1138 uon
1174 1078 1248 1151 ficta,
1258 1101 1317 1139 eece
1326 1082 1418 1139 iormae
1430 1083 1572 1160 terribiles,

108 1160 268 1239 ἀψευδὴς,
291 1157 346 1218 taor,
369 1156 468 1237 μορφαὶ
490 1158 616 1239 ροίεραι,
642 1157 697 1217 idoli
717 1157 781 1217 ἀθά·
830 1176 892 1214 eeee
902 1157 1062 1217 immortalis
1071 1158 1214 1217 exercitus.
1225 1160 1290 1217 Haec
1299 1173 1325 1218 et
1333 1159 1433 1219 similia
1443 1182 1475 1220 ac
1485 1163 1573 1243 magis

116 1239 236 1319 στρατιά.
265 1241 357 1298 Ταῦτα
383 1235 483 1296 scaled
506 1235 606 1304 τούτοις
630 1235 709 1313 ὅμοια
736 1236 781 1295 καί
829 1256 926 1294 arcana
935 1237 1156 1316 cogitantesque
1167 1237 1186 1295 ii
1197 1238 1308 1317 soli,qui
1316 1261 1364 1298 uos
1374 1257 1573 1321 praecesserunt,

108 1318 210 1397 γτότερα
235 1316 411 1395 ἐννοούμενοι,
438 1315 506 1398 ἅπερ
532 1316 606 1395 μόνοι
629 1319 654 1374 ol
676 1318 780 1394 προλα-
829 1316 933 1394 experti
948 1331 1066 1391 norunt,
1081 1318 1129 1375 alii
1143 1317 1171 1376 iu
1182 1317 1250 1377 lecto
1256 1319 1373 1397 jacentes
1383 1319 1516 1395 resiliunt,
1528 1323 1573 1380 su·

122 1399 168 1457 καὶ
189 1398 355 1477 πειραθέντες
377 1396 549 1472 ἐπίστανται,
577 1401 602 1455 οἱ
627 1393 676 1473 μὲν
698 1398 781 1474 ἐντῇ
830 1413 892 1472 gere
912 1395 1043 1472 volentes,
1063 1395 1111 1454 sed
1135 1396 1211 1455 irrito
1234 1411 1351 1473 eonatu3
1375 1399 1421 1457 alii
1444 1399 1572 1462 dentibus

108 1478 223 1556 κείμενον
241 1477 412 1548 ἀναπηδῶαι,
454 1483 526 1555 νγεῑν
547 1473 595 1552 μὲν
619 1474 781 1552 βουλόμενοι,
829 1472 953 1551 strident,
968 1475 1016 1535 alii
1029 1495 1110 1554 genas
1122 1476 1286 1555 percutiunt,
1296 1477 1343 1535 alii
1354 1480 1445 1538 oculos
1460 1481 1573 1540 misera-

108 1557 193 1634 ίρενοι
208 1557 237 1616 δέ
243 1581 249 1592 ’
264 1558 288 1615 ol
305 1555 333 1615 δὲ
351 1554 409 1623 τοὺς
424 1499 530 1623 θύοντας
542 1553 691 1634 βρύχουσιν,
706 1555 782 1615 ἄλλοι
829 1553 920 1613 biliter
932 1569 1049 1631 versant,
1064 1568 1094 1613 ut
1112 1555 1205 1616 vident
1219 1558 1339 1637 corporis
1356 1558 1427 1617 vires
1440 1560 1573 1639 paulatim

108 1637 208 1714 ,αγάνας
221 1634 371 1708 κόπτουσιν,
387 1635 470 1715 ἕτεροι
483 1633 544 1701 τοὺς
557 1638 571 1693 ὀ
591 1631 707 1712 θαλμοὺς
720 1636 797 1693 ἀλα--
828 1631 952 1711 delicere,
972 1634 1094 1712 linguam
1113 1635 1264 1713 loquentem
1278 1651 1304 1696 et
1325 1635 1477 1717 depositum
1490 1661 1570 1700 suurn

108 1717 332 1798 περιστθὲφθυσιν,
353 1719 388 1782 ὡς
405 1717 487 1793 ὁρῶσι
507 1711 554 1780 τὰς
572 1658 696 1790 insipat<
720 1712 781 1771 κατ’
828 1711 942 1771 firmiter
956 1715 1113 1773 retinentem
1125 1737 1134 1790 ς
1147 1719 1294 1775 contrarias
1306 1731 1447 1796 potestates
1460 1718 1571 1779 adstan-

113 1801 158 1854 τοῦ
173 1801 296 1873 σώματος
310 1793 456 1872 ληγούοας,
470 1791 518 1865 τὴν
534 1795 654 1872 γλῶτταν
672 1796 782 1871 φθεγγο-
829 1804 877 1864 tes,
894 1793 1009 1851 rationes
1019 1806 1177 1872 repetentes,
1189 1810 1353 1870 accusantes,
1370 1817 1462 1876 rapere
1473 1820 1572 1859 conan-

125 1875 170 1934 καὶ
183 1875 232 1947 τὴν
245 1872 473 1954 παρακαταθήκην
496 1872 608 1950 βεύαίως
623 1871 778 1947 ἀνυομένην,
829 1883 884 1928 tes:
896 1872 995 1931 deiude
1008 1872 1095 1931 furem
1108 1872 1260 1943 intrantem,
1276 1874 1465 1947 declarantem,
1476 1891 1502 1936 et
1512 1883 1571 1939 aui-

108 1955 195 2032 ,ἄγρης
212 1952 259 2020 τὰς
280 1954 399 2020 ἐναντίος
413 1952 613 2032 παρισταμένας
629 1951 780 2027 λογοθετού·
828 1970 926 2008 mama
938 1972 1050 2032 corpore
1060 1951 1089 2010 vi
1100 1951 1308 2013 abstrahentem.
1323 1957 1402 2014 Tunc
1412 1957 1490 2014 nobis
1502 1961 1573 2019 mul·

108 2033 305 2115 αεηγορούσας,
321 2033 440 2111 ἁρπάσαι
451 2029 636 2131 ἐπιγιιρούσας
647 2076 654 2102 ,
666 2021 722 2089 εἶτα
734 2029 780 2089 καὶ
828 2030 863 2088 tis
885 2050 953 2110 opus
976 2044 1016 2089 est
1037 2032 1223 2104 orationibus,
1237 2033 1331 2092 multis
1354 2034 1432 2093 bonis
1454 2038 1572 2108 actibus,

108 2112 189 2185 ἐπι-ην
206 2112 354 2176 εἰσελθόντα
367 2111 413 2170 καὶ
435 2133 588 2188 μηνυσαντα
604 2111 650 2169 καλ
664 2117 710 2170 τοῦ
725 2108 778 2168 σύο-
828 2109 915 2168 multo
930 2111 1087 2189 angelorum
1100 2111 1261 2190 patrocinio,
1275 2112 1359 2171 multo
1369 2113 1451 2173 ductu
1465 2116 1491 2175 in
1502 2119 1572 2178 aeris

108 2193 153 2263 τὴν
164 2192 251 2272 psyllo
265 2191 449 2274 διαρρήξανρα.
465 2193 577 2252 Πολλῶν
590 2194 654 2266 ἡμῖν
669 2191 708 2248 δεῖ
720 2190 779 2248 τότε
828 2209 948 2248 ascensu.
965 2191 1034 2248 Nam
1049 2190 1072 2248 si
1089 2210 1150 2247 cum
1166 2190 1194 2248 in
1214 2192 1382 2271 peregrinam
1396 2195 1531 2271 regionem
1545 2212 1572 2258 et

108 2276 173 2352 «ρῶν,
192 2260 296 2331 πολλῶν
315 2275 368 2330 τῶν
381 2270 502 2350 πράξεων
517 2274 569 2328 τῶν
583 2271 698 2349 ἀγαθῶν,
714 2271 779 2328 πολ·
794 2268 923 2330 [turbem
937 2269 1099 2347 migramus,
1112 2289 1222 2346 egemus
1234 2271 1356 2347 ductore,
1372 2287 1438 2350 quot
1451 2278 1571 2354 patronis
1616 2337 1618 2340 s

108 2341 138 2410 νῖν
151 2351 211 2411 τότε
224 2355 271 2422 τῆς
286 2357 337 2410 τῶν
353 2351 472 2431 ἀγγέλων
487 2350 661 2429 προστασίας,
679 2350 779 2420 πολλῆς
828 2347 1091 2429 etductoribusopus
1103 2348 1295 2427 babemus,qui
1307 2370 1356 2409 uos
1366 2368 1473 2412 servent
1487 2369 1570 2416 trans·

107 2437 139 2504 ἧς
155 2435 181 2490 ρ,
195 2437 227 2503 ,ἦ
243 2438 289 2490 τοῦ
303 2430 378 2509 μέρος
398 2429 527 2490 ἀνοοάοον
540 2429 727 2508 χονραγονγίας,
745 2432 779 2489 Et
828 2440 920 2486 euntes
928 2448 975 2507 per
985 2427 1152 2508 principatus
1161 2443 1186 2486 et
1195 2442 1337 2511 potestates
1346 2444 1372 2489 et
1382 2432 1477 2492 mundi
1486 2450 1570 2495 recto·
1604 2446 1607 2451 '

108 2496 222 2590 ςγώροινΙ
236 2511 281 2569 καὶ
297 2510 371 2582 ξένην
387 2512 464 2568 πάλιν
479 2512 590 2567 ἐνταῦθα
607 2509 779 2587 πορευόμενοι
827 2527 870 2565 res
893 2506 1042 2568 invisibiles
1058 2508 1138 2587 hujus
1161 2509 1247 2582 aeris,
1261 2531 1329 2587 quos
1353 2529 1568 2601 persequutores,

108 2616 120 2649 τ
140 2598 185 2649 τοῦ
208 2598 444 2671 γειραγωγοῒιντος,
469 2588 557 2647 πόσων
579 2594 643 2665 ἡμῖν
664 2590 703 2646 δεῖ
726 2592 778 2647 τῶν
850 2585 988 2647 ublicauos
1003 2600 1029 2645 ct
1047 2601 1184 2648 exactores
1203 2605 1282 2649 vocat
1300 2589 1395 2651 divina
1410 2592 1569 2675 Scriptura?

108 2669 171 2728 ικαὶ
190 2657 362 2750 χειραγωγῶν
383 2675 429 2728 τοῦ
443 2669 573 2726 διασῶσαι
588 2668 633 2726 καί
648 2667 777 2765 ἀιαπερά-
828 2608 908 2724 Il'unc
925 2668 1025 2747 optima
1046 2666 1124 2727 nobis
1143 2669 1195 2726 viae
1212 2669 1283 2729 socia
1301 2684 1340 2730 est
1358 2672 1525 2755 eleemosyna
1543 2690 1571 2736 ot

108 2775 116 2817 t
132 2749 216 2830 ἀργὰς
230 2749 274 2808 χαλ
286 2748 332 2816 τὰς
347 2747 463 2818 ἐξουσίας
472 2747 518 2805 καὶ
530 2746 587 2813 τοὺς
600 2769 778 2827 κοομοκρατο-
829 2745 1033 2821 commiseratio,
1043 2755 1103 2825 quar
1113 2768 1160 2806 uos
1171 2749 1273 2827 possint
1281 2749 1339 2808 sine
1348 2750 1448 2810 damno
1461 2754 1496 2812 ad
1508 2777 1571 2835 por·

108 2852 130 2895 ις
143 2817 249 2909 ἀρἀνεῐς
266 2835 312 2888 τοῦ
332 2828 405 2907 ἀέρος
417 2827 521 2900 τούτου,
545 2825 587 2892 οὓς
601 2827 714 2893 ὃιύικτας
733 2826 778 2886 καλ
828 2837 885 2883 tam
898 2825 1026 2884 caelorum
1040 2825 1185 2906 perducere
1198 2841 1223 2886 et
1232 2849 1339 2888 servare
1348 2830 1487 2892 :ibinobis
1498 2835 1580 2915 opti-t

108 2934 126 2977 ,ς
148 2909 194 2967 χοὶ
221 2908 388 2988 φορολόγους
401 2906 522 2984 ὀνομάζει
545 2913 562 2980 ἡ
585 2905 643 2964 θεία
667 2906 777 2986 Γραφής
830 2905 869 2962 mi
880 2906 988 2985 patroni
1007 2919 1069 2965 sunt
1080 2926 1221 2985 pauperes,
1235 2928 1350 2985 quorum
1364 2910 1409 2970 bic
1424 2925 1485 2971 aute
1498 2934 1570 2973 mor·

107 2987 161 3047 ,ὅτε
183 2989 365 3068 σονοδονπορος
384 2992 448 3063 ἡμῖν
471 2991 489 3058 η
508 2984 672 3063 ἐλεημοσύνη
692 2985 737 3044 καὶ
759 2991 777 3057 ἡ
829 2984 997 3043 temrniserti
1011 3004 1115 3043 sumus.
1130 2983 1195 3044 Ideo
1209 2988 1408 3065 praeveniamus
1427 3005 1569 3070 antequam

108 3073 173 3137 λεια,
195 3067 338 3144 δυνάμεναι
359 3066 490 3131 ἀοιάντως
512 3070 584 3142 ἡμᾶς
603 3068 639 3133 εἰς
659 3063 776 3138 τὴντῶν
827 3063 1344 3144 praeveniamur;curramusantequam
1361 3072 1570 3151 comprehenda-

109 3172 122 3206 ν
140 3145 225 3219 πύλην
243 3149 373 3227 θάηγησαι
393 3146 438 3204 καὶ
457 3146 604 3205 διασῶσαι·
623 3145 699 3205 καλοὶ
712 3148 778 3224 ἡμῖν
828 3143 971 3204 murrvita
983 3143 1074 3206 brevis
1085 3158 1136 3218 est,
1151 3165 1193 3203 ars
1206 3145 1251 3204 lon
1272 3168 1296 3217 a,
1308 3148 1570 3228 finisprorimuati-

108 3227 220 3306 ινήγοροι
233 3231 257 3286 οἱ
275 3227 403 3298 πένητες,
421 3223 464 3291 οὓς
479 3228 591 3284 ἐνταῦθα
603 3223 655 3305 πρὸ
666 3223 778 3283 θανάτου
828 3242 888 3280 mor
902 3244 1023 3303 maguus,
1038 3236 1064 3282 et
1079 3245 1156 3282 nemo
1168 3225 1216 3302 qui
1230 3166 1326 3285 sdivat.
1341 3228 1520 3307 Egrediamur
1532 3232 1570 3293 ad

108 3330 170 3384 ιμεν.
192 3306 241 3365 Διὸ
260 3306 455 3387 προρθάσωμεν
477 3304 587 3382 προτοῦ
600 3306 776 3382 προρθασθῶ-
827 3302 997 3381 septdcrum,
1011 3302 1096 3362 douec
1112 3325 1205 3362 sumus
1222 3305 1251 3363 in
1272 3327 1303 3364 co
1354 3329 1382 3366 re
1393 3331 1402 3383 3
1428 3310 1570 3371 videamus

108 3386 134 3444 νά
170 3385 576 3465 νμενπρὸτοῧκαταληρθῶμεν.
599 3382 776 3463 Ὁβίοςβρα-
827 3402 928 3442 vanum
949 3404 1056 3451 sensum
1075 3398 1206 3457 nostrum,
1220 3329 1420 3463 quamrlirbeat
1438 3388 1569 3466 domum3

117 3467 145 3525 δ,
159 3466 239 3544 ,tm
256 3465 360 3544 μακρὰ,
372 3463 402 3521 τὸ
420 3465 494 3529 τέλος
505 3463 599 3543 ἐγγύς,
614 3463 684 3522 καὶὸ
698 3463 776 3542 ρόύος
827 3461 966 3522 videamus
978 3462 1045 3541 quid
1059 3463 1212 3544 paulopost
1225 3464 1334 3540 erimus,
1348 3481 1373 3525 et
1387 3489 1421 3526 ne
1431 3490 1569 3547 erremus;

118 3545 163 3604 rel
173 3550 186 3602 θ
198 3533 266 3602 λύων
279 3544 370 3610 οὐδείς.
384 3542 548 3620 Ἰίξελθωμεν
560 3547 586 3602 ἐν
597 3547 635 3622 τῷ
646 3542 775 3619 μνήματι,
793 3533 811 3580 Ε
827 3541 966 3603 videamus
981 3543 1117 3622 quomodo
1129 3543 1321 3622 dissolvamur,
1337 3560 1362 3604 et
1377 3568 1426 3607 nos
1444 3549 1569 3611 emende-

109 3623 157 3700 μὲν
175 3626 202 3682 ἐν
216 3628 254 3704 τῷ
272 3623 394 3704 σώματι·
408 3622 506 3702 ἴδωμεν
524 3621 555 3680 τὸ
576 3622 687 3700 μάταιον
698 3627 775 3700 ἡμῶν
826 3621 1084 3695 mus3videamusin
1093 3621 1157 3700 qnid
1168 3622 1363 3700 desinamus‚et
1370 3626 1404 3687 de
1415 3628 1469 3688 stne
1477 3645 1570 3691 nostro

108 3726 147 3776 οα,
162 3709 212 3762 τοῦ
227 3706 283 3783 ἔχει
299 3704 329 3764 τὸ
341 3702 455 3781 οἴκημα·
471 3702 567 3780 ἴδωμεν
581 3702 607 3761 τί
620 3705 677 3780 μετ’
688 3702 776 3780 ὀλίγον
826 3701 936 3760 solliciti
959 3703 1052 3762 simus.
1070 3704 1209 3780 Quotquot
1234 3704 1334 3763 formas
1357 3709 1525 3789 conspicitis,
1539 3713 1569 3771 in

108 3789 152 3852 tu,
172 3782 218 3842 καλ
235 3784 272 3861 μὴ
291 3783 469 3860 πλανώμεθα·
483 3782 582 3859 ἴδωμεν
595 3785 652 3849 πῶς
666 3781 775 3842 διαλυά-
825 3782 948 3860 sepulcro
962 3803 1005 3840 eas
1014 3784 1119 3841 curiose
1131 3782 1302 3842 intueamini:
1313 3801 1444 3866 quotquot
1454 3789 1488 3848 de
1494 3791 1570 3870 prin·

113 3863 158 3921 καλ
171 3862 276 3930 ἑαυτοὺς
291 3862 511 3942 διορθωσύιμεθα·
524 3862 621 3937 ἴδωμεν
638 3862 673 3926 είς
684 3861 710 3917 τί
722 3884 774 3920 κα·
826 3860 915 3939 cipotu
928 3874 954 3918 et
966 3875 1092 3940 potestate
1104 3883 1151 3920 vos
1163 3862 1303 3937 extollitis,
1315 3865 1342 3921 iu
1354 3863 1449 3926 loculis
1458 3872 1568 3949 respici·

110 3965 166 4019 μεν,
180 3944 225 4002 καὶ
246 3949 291 4001 τοῦ
312 3945 402 4009 τελους
422 3938 613 4022 φροντίσωμεν.
642 3938 722 3998 Ὅσοι
741 3938 775 3996 τὰ
825 3950 861 4013 te,
877 3942 996 3998 etDeurn
1012 3940 1120 3999 timete:
1136 3954 1266 4020 quotquot
1280 3941 1441 4021 injuriarum
1455 3962 1481 4005 et
1494 3950 1569 4010 rixa-

110 4032 320 4092 ααταενοτεῖτε,
336 4025 362 4081 ἐν
384 4025 422 4101 τῷ
438 4020 514 4100 τάρῳ
532 4025 616 4079 ταῦτα
639 4021 775 4100 πολυπρα-
825 4039 886 4077 rum
901 4019 1058 4078 memoriam
1073 4021 1292 4079 mutuoservatis
1311 4043 1359 4081 nec
1372 4025 1566 4088 eamdissolri·

108 4124 144 4159 ος·
159 4102 218 4162 ὅσον
230 4105 267 4169 τις
285 4100 370 4181 ἀργὰς
381 4101 428 4160 κοιλ
442 4100 558 4168 ἐξουσίας
571 4097 726 4178 ἐπαίρεσθε,
747 4100 774 4156 ἐν
826 4097 1070 4175 tis,venite,videte
1079 4098 1212 4175 quomodo
1220 4099 1280 4158 illas
1289 4099 1454 4164 dissolvatis,
1462 4110 1569 4168 Attente

111 4189 162 4263 ροῑς
178 4180 342 4261 ἐμύλέψατε,
357 4179 459 4239 καὶτὸν
473 4180 541 4239 Θεὸν
556 4178 704 4256 ρούίνθητε·
719 4176 775 4237 door
825 4178 927 4257 respice
951 4177 978 4237 in
997 4179 1146 4237 feretrum:
1169 4177 1233 4236 vide
1249 4180 1368 4259 jacentes
1391 4183 1429 4243 ibi
1451 4208 1505 4263 eos,
1520 4190 1568 4267 qui

108 4260 147 4318 καὶ
160 4261 336 4339 μνησικακίας
350 4261 415 4340 πρὸς
429 4258 558 4330 ἀλλήλους
570 4256 713 4336 συνάγετε,
729 4257 775 4317 καὶ
826 4258 893 4316 olim
914 4278 990 4337 reges
1003 4271 1088 4331 eraut,
1103 4257 1167 4317 vide
1179 4259 1315 4340 principes
1330 4262 1356 4321 in
1373 4264 1487 4344 loculis,
1503 4269 1568 4328 vido

108 4341 207 4413 ονομα,
224 4342 314 4413 δεῦτε,
329 4340 397 4399 ἴδετε
410 4345 466 4406 πῶς
481 4338 624 4398 διαλύεσθε.
639 4337 775 4416 Ἔγκυψον
827 4336 992 4397 horrendum
1003 4337 1179 4416 reliquiarum
1187 4341 1379 4419 spectaculum,
1390 4357 1414 4402 et
1424 4345 1469 4405 dic
1483 4348 1568 4419 :Quia

108 4425 139 4486 ὥς
151 4425 184 4492 τῆ
195 4425 282 4503 σορῷ·
297 4421 336 4480 lde
350 4422 485 4497 κειμένους
502 4421 555 4477 ἐκεῖ
569 4416 627 4483 τούς
642 4440 706 4476 ποτε
725 4420 775 4496 βα·
827 4418 885 4476 illic
896 4417 1020 4495 rex,quis
1032 4418 1167 4498 princeps,
1181 4419 1243 4496 quis
1256 4421 1342 4494 miles,
1353 4425 1414 4502 quis
1423 4425 1481 4486 dux
1490 4450 1568 4489 exer·

118 4500 156 4559 ἴάε
172 4489 234 4568 ’τούς
246 4524 309 4562 ποτε
323 4500 452 4580 άργοντας
465 4503 491 4558 ἐν
502 4507 556 4564 τοῖς
569 4496 715 4574 λειψάνοις,
736 4496 775 4558 ἴδε
826 4498 907 4571 citus,
919 4498 979 4576 quis
994 4496 1081 4572 dives,
1097 4497 1158 4574 quis
1171 4520 1284 4580 pauper,
1299 4502 1360 4579 quis
1371 4504 1490 4584 juvenis,
1505 4511 1568 4586 quis

108 4579 181 4658 θεράν
196 4581 306 4661 θεωρίαν
320 4568 376 4639 τῶν
390 4578 530 4659 λειψάνων,
549 4576 594 4636 καὶ
608 4576 680 4635 εἰπέ·
701 4586 775 4645 ποῖος
782 4613 817 4654 ,ον
826 4598 918 4649 senex,
934 4577 994 4654 quis
1008 4576 1155 4653 formosus,
1169 4578 1230 4657 quis
1242 4579 1385 4662 AEtbiops?
1399 4586 1424 4642 N
1427 4608 1473 4644 um
1493 4603 1567 4667 potes

108 4658 242 4734 λαοιλεθς,
266 4661 311 4719 καὶ
332 4669 404 4725 ποῖος
417 4665 431 4719 θ
445 4659 553 4738 άρχων;
573 4660 673 4723 ποῖοςὸ
690 4680 774 4739 στρα-
791 4671 810 4716 A
826 4656 926 4733 dicere,
943 4656 1105 4716 haecomnia
1121 4678 1173 4716 nen
1187 4680 1243 4718 esse
1256 4661 1381 4738 cinerem,
1399 4685 1451 4723 nou
1466 4667 1568 4748 pulve-

110 4786 117 4814 ‚
132 4740 177 4799 καὶ
191 4749 264 4809 ποῖος
281 4744 295 4798 ὁ
309 4739 504 4821 στρατιάργηςς
518 4747 591 4803 ποῖος
604 4741 618 4795 θ
632 4736 773 4811 πλούσιος,
826 4750 901 4812 rem,
910 4758 962 4796 nou
973 4736 1092 4796 foetorem
1102 4737 1210 4797 Pannon
1221 4741 1379 4820 omniaqum
1389 4744 1456 4804 olim‘
1464 4749 1567 4808 amabi-

108 4825 169 4890 ῑοςο
184 4820 282 4892 τεένης;
297 4827 369 4885 ποῖος
382 4819 546 4898 θνεώτερος,
561 4816 605 4874 καί
615 4821 689 4883 ποῖος
700 4822 714 4876 θ
725 4816 773 4896 γε’-
826 4817 874 4890 lia,
889 4838 961 4876 nuuc
972 4816 1105 4876 horrenda
1118 4816 1268 4879 videntur?
1280 4821 1304 4879 0
1318 4823 1476 4888 stultitiam!
1489 4829 1567 4901 Quid

108 4911 173 4967 τοῖος
193 4906 207 4960 ο
223 4899 338 4971 εὐειδὴς,
352 4898 397 4957 καὶ
408 4907 482 4964 ποῑος
499 4896 631 4972 baillol,
648 4895 693 4969 Mt
705 4897 775 4996 ἔγεις
826 4897 877 4957 boc
888 4917 1017 4977 maguum
1031 4897 1100 4956 cirea
1111 4918 1153 4955 me
1168 4899 1348 4978 mysterium?
1362 4904 1416 4975 Qui
1428 4905 1486 4964 heri
1498 4909 1567 4969 mibi

110 4981 153 5041 dri
162 4982 191 5039 οὐ
203 4979 291 5038 πάντα
300 4978 384 5050 κύυιςς
398 4982 426 5036 οὐ
437 4976 524 5036 πάντα
535 4977 618 5055 τέφρα
627 5000 634 5047 3
644 4978 674 5033 οὐ
686 4999 774 5035 παντα
826 4977 950 5036 amabilis
961 4978 1038 5051 erat,
1058 4997 1128 5035 nuuc
1138 4977 1209 5056 jacet
1226 4978 1395 5041 horrendus:
1416 4986 1490 5063 quod
1509 4988 1566 5048 beri

108 5083 133 5134 ας
147 5063 176 5119 οὐ
189 5060 276 5119 πάντα
287 5058 322 5117 τά
332 5057 395 5117 ποτὲ
408 5055 517 5137 ριλητά,
534 5062 578 5114 νῦν
589 5057 773 5135 epsicopa-
827 5056 894 5116 milii
915 5078 964 5117 cen
984 5056 1135 5115 membrum
1155 5071 1222 5133 erat,
1240 5079 1310 5118 nunc
1328 5061 1446 5123 alienum
1463 5066 1564 5128 video:

136 5136 176 5197 Ὢ
206 5145 253 5211 τῆς
280 5135 436 5219 ἅρροαύνης.
472 5135 508 5194 Τί
537 5143 614 5195 τοῦτο
642 5136 672 5196 τὸ
705 5135 775 5215 μέγα
826 5158 905 5215 quem
919 5136 1001 5216 paulo
1017 5149 1077 5193 ante
1090 5135 1118 5193 in
1137 5135 1209 5195 uluis
1222 5139 1429 5219 complectebar,
1444 5167 1515 5206 nunc
1535 5171 1569 5209 ne

109 5219 141 5295 μὲ
175 5219 329 5298 μασι-η’ριονς
366 5216 400 5277 ‘0
422 5214 484 5295 γθάς
507 5239 552 5274 αοι
575 5216 705 5291 ποθηεάς,
730 5222 774 5275 νῦν
828 5230 936 5294 tangere
959 5213 1068 5293 quidem
1087 5215 1188 5275 velim:
1208 5215 1285 5276 illum
1307 5219 1436 5300 lacrymis
1458 5227 1518 5307 rigo
1538 5245 1568 5290 ut

108 5299 144 5357 ,ον’
170 5323 213 5376 μον
236 5296 386 5377 pastorem·
410 5285 441 5356 οὗ
463 5273 525 5376 ptri<
550 5319 595 5374 μοι
617 5297 712 5375 μελος,
730 5301 775 5355 νῦν
828 5316 931 5365 meum,
951 5308 976 5354 et
990 5295 1090 5355 saniem
1104 5294 1161 5375 ejus
1175 5297 1252 5376 qnasi
1265 5298 1345 5360 alieni
1362 5303 1529 5384 fugiendi
1552 5347 1567 5357 -
