3728 5978
559 469 592 515 ιιι
620 465 728 517 emer.
756 466 803 515 sn
827 467 911 518 non.
935 442 1058 522 Ιιιοιιιι.
1087 473 1160 523 κκι.
1571 459 1641 554 739

68 589 173 647 λεῑοθαι
192 590 256 670 παρ’
273 583 379 669 ἐτίραο,
394 590 452 648 ἀλλ’
469 590 546 658 αδτδς
561 589 678 663 ἐπιπόδοι
695 589 842 671 τούτῳκαὶ
897 592 955 653 εἰπε
967 594 1042 674 dolo,
1067 594 1114 655 sed
1133 616 1186 655 non
1194 595 1328 657 ferventer
1342 597 1438 658 amas?
1457 597 1641 672 Quamobrem

67 681 218 761 κατάρχου·
236 679 305 739 οὓτω
318 679 370 763 γδιρ
383 680 429 742 καί
443 684 491 752 τῆς
507 680 606 742 ἐκείνου
626 680 715 764 φιλίας
734 682 779 743 τδν
799 707 842 762 μι·
895 680 978 760 dixit,
992 689 1123 746 Invicem
1138 688 1293 768 diligentes
1300 713 1314 758 ‚·
1328 688 1356 748 id
1372 702 1411 748 est
1422 712 1429 746 ε
1441 690 1589 752 Ferventer
1597 690 1640 762 di-

67 772 131 831 σθὸν
145 770 284 851 καρπώσῃ.
694 818 699 827 .
894 774 957 855 ligo.
975 779 1015 836 Nc
1033 791 1168 858 exspectes
1183 789 1214 837 ut
1236 777 1360 858 diligeris
1381 780 1416 839 ab
1431 779 1528 860 altero,
1545 781 1592 843 sed
1608 796 1639 843 tu

894 867 985 946 potius
997 868 1033 927 ad
1043 868 1122 928 illum
1133 868 1228 950 prosili
1246 882 1273 928 et
1289 869 1394 952 incipe:
1408 870 1446 931 sic
1459 871 1541 932 etiam
1554 871 1641 956 ipsius

893 957 1045 1019 dilectionis
1057 960 1208 1021 mercedem
1216 960 1338 1041 recipies.

108 1043 200 1106 Είπῶν
215 1047 300 1106 τοίνυν
314 1045 362 1120 τὴν
378 1048 478 1123 αἰτίαν,
493 1051 527 1109 δι’
551 1049 584 1122 ἣν
602 1048 741 1132 ὀφείλομεν
757 1048 840 1122 ἀλλή·
932 1052 962 1110 ὅ.
979 1053 1050 1112 Cum
1059 1052 1173 1113 dixisset
1181 1075 1244 1134 ergo
1252 1074 1361 1113 causam
1371 1075 1420 1115 cur
1430 1054 1561 1117 debemus
1571 1055 1640 1117 alter

65 1137 129 1204 λους
143 1140 235 1218 φιλεῖν,
250 1137 321 1217 λέγει
342 1140 458 1210 καὶπῶς
473 1142 503 1200 ἂν
521 1142 622 1221 γίνοιτο
636 1141 670 1200 τὰ
689 1145 737 1213 τῇς
751 1141 839 1221 φιλίας
890 1140 1006 1203 alterum
1023 1144 1152 1224 diligere,
1171 1145 1239 1204 dicit
1259 1145 1340 1204 ctiam
1360 1167 1415 1224 quo
1431 1161 1509 1227 pacto
1528 1146 1639 1210 dilectio

66 1228 195 1302 ἀκίνητα·
213 1229 312 1290 διὸκαὶ
330 1231 438 1310 ῖπάγει·
451 1236 495 1313 Τῇ
514 1238 579 1314 τιμῇ
602 1231 732 1305 ἀλλήλους
752 1257 837 1313 προη-
891 1248 981 1293 nostra
998 1235 1108 1296 immoto
1119 1251 1224 1296 maneat
1243 1261 1250 1294 ε
1265 1236 1324 1296 ideo
1338 1237 1500 1318 subjungit:
1515 1241 1639 1299 Honore

65 1319 292 1398 γοόμενοι.οῖίτιο
305 1322 357 1404 γδιρ
370 1325 445 1404 φιλία
466 1325 511 1384 καί
522 1324 639 1406 γίνεται,
653 1324 698 1384 καί
713 1324 838 1404 γινομένη
891 1329 1017 1387 invicem
1032 1331 1251 1408 prevenientes.
1265 1329 1307 1386 lta
1323 1327 1404 1386 enim·
1417 1328 1570 1406 dilectioret
1588 1350 1637 1390 na·

67 1411 151 1490 μένει.
164 1412 217 1473 Καί
231 1415 304 1474 οὐδὲν
318 1416 387 1474 οὕτω
395 1416 484 1497 φίλους
495 1427 579 1492 ποιεῖ,
594 1421 630 1483 ῶς
640 1417 671 1476 τδ
683 1418 839 1486 σπουδάζειν
891 1417 975 1477 scitor
982 1463 992 1496 ,
1009 1433 1035 1478 et
1054 1433 1144 1500 postca
1159 1433 1324 1500 perseverat.
1338 1418 1416 1477 Nihil
1431 1432 1501 1478 certe
1518 1419 1556 1480 ita
1571 1419 1637 1481 iacit

65 1510 101 1585 τῇ
115 1509 182 1586 τιμῇ
199 1517 274 1588 νικῇν
288 1507 332 1568 τδν
348 1511 469 1581 πλησίον.
487 1513 528 1573 Οὐ
539 1511 614 1595 φιλία
623 1513 650 1574 δὲ
667 1512 755 1590 μόνον,
769 1513 839 1573 ἀλλὰ
891 1508 1228 1583 amicos,utsistudermus
1240 1511 1397 1590 proximum
1405 1507 1636 1572 honorandovin·

66 1597 113 1655 καί
124 1595 190 1676 τιμὴ
207 1599 302 1676 μείζων
321 1605 437 1661 ἐντεῦθεν
448 1603 557 1682 γίνεται.
570 1603 614 1664 Τδι
636 1604 683 1684 μίν
696 1605 748 1686 γὰρ
761 1606 837 1686 ιίρη-
856 1599 875 1646 Β
891 1620 957 1659 ecre.
974 1601 1030 1659 Nec
1048 1599 1158 1660 dilectio
1171 1613 1275 1660 tantum
1282 1646 1293 1673 ‚
1309 1601 1357 1660 sed
1374 1601 1454 1660 etiam
1471 1600 1559 1660 honor
1571 1599 1636 1662 inde

36 1742 41 1748 .
66 1687 135 1765 μένα
148 1689 274 1774 πρότερον
289 1694 342 1753 ἀπὸ
359 1697 406 1765 τῇς
420 1693 566 1774 ἀγάπης,ἡ
581 1696 609 1755 δὲ
620 1695 712 1777 ἀγάπη
726 1696 780 1756 ἀπὸ
790 1701 838 1767 τῆς
890 1693 977 1772 major
995 1691 1094 1754 evadit.
1107 1694 1177 1751 Nam
1192 1714 1251 1772 quae
1271 1693 1348 1773 prius
1361 1693 1435 1752 dicta
1455 1707 1519 1752 sunt
1531 1714 1548 1753 a
1561 1693 1634 1754 dile·

65 1787 165 1858 τιμῇς,
187 1781 278 1865 ὥσπερ
296 1777 340 1843 οόν
351 1786 396 1845 καὶ
419 1787 485 1865 τιμὴ
506 1787 559 1847 ἀπὸ
576 1793 624 1860 τῆς
638 1787 753 1868 ἀγάπης.
767 1778 837 1848 Εἶτα
889 1783 976 1843 ctione
990 1797 1146 1861 nascuntur,
1163 1783 1274 1843 dilectio
1287 1798 1379 1843 autem
1391 1785 1427 1843 ab
1439 1784 1556 1859 honore,
1567 1798 1635 1846 utet

65 1871 109 1931 ivn
133 1872 170 1951 μὴ
191 1880 310 1954 τιμῶμεν
329 1878 417 1954 μόνον,
437 1877 483 1939 καί
509 1878 596 1959 ἕτερόν
618 1904 646 1938 τι
668 1880 749 1941 πλέον
773 1884 836 1941 ἐπι-
887 1874 1003 1934 honora
1022 1875 1174 1936 dilectione.
1191 1875 1297 1935 Deinde
1312 1890 1342 1935 ut
1361 1897 1414 1936 non
1433 1890 1540 1936 tantum
1553 1876 1635 1949 modo

65 1966 139 2034 ζητεῖ
149 1964 250 2045 λέγων·
263 1970 306 2048 Τῇ
320 1971 421 2050 σπουδῇ
441 1971 478 2049 μὴ
498 1972 613 2051 ὀκνηροί.
640 1972 694 2031 Καὶ
718 1971 769 2053 γδρ
789 1971 835 2032 καί
888 1965 1068 2045 honoremus,
1100 1964 1179 2025 aliud
1203 1966 1345 2048 quidpiam
1369 1967 1486 2048 amphus
1515 1967 1633 2048 expetit:

64 2063 143 2117 τοῦτο
171 2058 277 2174 ἀγάπην
297 2061 398 2136 τίκτει,
418 2063 481 2123 όταν
506 2065 520 2095 *
532 2065 600 2142 μετὰ
622 2069 669 2137 τῆς
690 2068 770 2142 τιμῆς
790 2063 835 2125 καί
888 2063 936 2122 il.
949 2063 1154 2122 Sollicitudine
1168 2082 1227 2120 non
1235 2066 1322 2142 pigri.
1332 2064 1402 2121 Nam
1416 2076 1443 2121 et
1452 2060 1634 2123 hocdilectio·

64 2151 228 2264 προστασίας
246 2157 290 2212 ἐπι
292 2153 450 2233 δειξώμεθα·
466 2156 539 2217 οὐδὲν
554 2157 606 2239 γὰρ
621 2156 731 2225 οὕτωςι
716 2182 752 2224 ως
769 2156 833 2235 τιμὴ
887 2176 949 2215 nem
961 2156 1043 2237 parit,
1056 2155 1165 2260 quando
1178 2177 1241 2214 cum
1254 2157 1354 2216 honore
1363 2155 1542 2260 patrocipium
1556 2156 1634 2217 exhi·

64 2241 111 2298 και
138 2241 248 2325 πρόνοια
266 2243 296 2304 τδ
316 2249 449 2326 φιλεῖσθαι
473 2256 552 2307 ποιεῖ.
569 2250 610 2309 Οὐ
630 2249 721 2331 γδιρά
725 2259 819 2333 ρκιῖτ
803 2251 834 2310 τδ
885 2247 999 2308 bemus:
1013 2248 1083 2307 nihil
1096 2249 1167 2308 enim
1180 2262 1219 2306 rte
1231 2247 1403 2322 delecnonem
1413 2262 1494 2329 parit,
1505 2261 1536 2308 ut
1545 2248 1633 2308 honor

63 2335 160 2413 φιλεῖν,
181 2336 249 2395 ent
268 2339 372 2398 δεῖκαὶ
391 2339 504 2401 τούτου·
520 2343 620 2419 μάλλον
643 2342 671 2401 δὲ
692 2342 835 2405 καὶτοῦτο
885 2352 912 2399 et
920 2353 1110 2421 patrocrmum
1120 2341 1181 2400 Non
1190 2361 1262 2399 emm
1272 2354 1383 2399 satrsest
1394 2339 1568 2421 diligere,sed
1581 2340 1634 2400 hoc

63 2430 94 2485 ἐκ
124 2432 171 2486 τοῦ
200 2431 332 2506 φιλεῑν’
304 2452 417 2510 γινεται,
442 2432 532 2513 ῶσπερ
555 2426 598 2493 ουν
623 2433 668 2494 καῖ
691 2435 722 2495 τδ
749 2439 833 2517 φιλεῖν
885 2431 967 2490 etiam
987 2430 1179 2507 addendum,
1172 2452 1227 2491 nno
1252 2431 1342 2511 potius
1361 2430 1413 2490 hoc
1432 2452 1467 2491 cx
1486 2429 1639 2497 dilectione

63 2516 118 2576 ἀπὸ
139 2518 232 2579 τούτου
256 2523 437 2600 θερμαίνεται,
452 2524 498 2584 καί
520 2524 641 2597 ἀλλήλων
669 2526 726 2586 ἐστί
749 2549 833 2587 κατα·
851 2523 1018 2604 cgignitur‚
1033 2536 1063 2583 ut
1074 2537 1101 2583 et
1114 2523 1224 2584 drlectrn
1234 2524 1269 2583 ab
1283 2524 1335 2582 hoc
1346 2525 1465 2602 fovetur,
1479 2538 1506 2583 et
1519 2538 1633 2604 utraque
1667 2521 1673 2527 ’
1756 2597 1764 2605 ·

61 2612 233 2672 σκευαστικά.
249 2611 355 2672 Καί’
320 2637 371 2693 γαρ
394 2618 444 2675 εἰσι
466 2615 559 2675 πολλοί
573 2615 696 2675 κατδιδ
654 2618 770 2677 διανοιαν
784 2617 832 2696 μὲν
884 2615 1224 2676 sesemutuooonfirmant.
1229 2618 1301 2675 Nam
1312 2615 1465 2676 multisunt
1479 2616 1527 2694 qui
1540 2616 1632 2676 animo

61 2705 212 2783 φιλοῦντες,
235 2704 279 2765 καὶ
302 2707 350 2764 οὐκ
370 2705 503 2786 ὀρέγοντες
519 2710 546 2767 δὲ
570 2717 657 2790 χεῖρα.
682 2708 735 2768 Διά
756 2717 832 2771 τοῦτο
885 2707 1113 2786 quidemamaut,
1125 2729 1174 2767 nec
1185 2729 1296 2767 manum
1309 2708 1462 2789 porrigunt.
1478 2707 1542 2769 Ideo
1551 2707 1633 2769 undi-

60 2794 188 2854 πάντοθεν
203 2797 351 2875 ὀἰκοδομεῖ
363 2797 412 2870 τὴν
431 2799 546 2879 ἀγάπην.
559 2801 612 2859 Καί
626 2804 682 2869 πῶς
699 2801 730 2860 ἀν
746 2801 832 2882 γενοί-
885 2820 937 2877 que
946 2799 1118 2859 diletionem
1130 2799 1239 2859 excitat.
1249 2798 1286 2857 Et
1298 2799 1432 2877 quomodo
1441 2798 1542 2859 erimus
1552 2800 1631 2860 solll-
1708 2850 1714 2863 .

61 2892 177 2964 μεθα
143 2912 176 2967 τῃ
199 2890 299 2967 σπουδῇ
320 2889 500 2972 pidnmpoh
515 2896 564 2974 Τῷ
576 2891 708 2971 πνεύματι
721 2894 830 2964 ζέοντες.
884 2891 1002 2951 crtudrne
1012 2912 1065 2950 non
1075 2890 1283 2973 prgn⁹Spmtn
1294 2893 1452 2970 ferventes
1453 2889 1554 2954 Viden
1567 2912 1633 2970 que·

59 2978 144 3058 Ὁρᾶς
165 2983 222 3046 πῶς
237 3005 384 3093 πανταχφυ
409 2983 455 3049 τάς
471 2983 604 3051 ἐπιτάσεις
624 2990 715 3058 ζητεῖς
724 2989 765 3046 Οὐ
780 2984 831 3066 γδιρ
883 2983 965 3042 modo
978 2981 1080 3061 ubsque
1092 2982 1290 3042 vehementiam
1302 2983 1443 3062 requrrat³
1456 2985 1550 3063 Neque
1559 3005 1633 3044 enlm

60 3060 134 3144 tine,
149 3094 217 3147 μετα
219 3072 316 3147 δίδοτε,
332 3097 420 3151 μονον,
442 3075 508 3134 ἀλλά
523 3075 591 3154 μετὰ
605 3076 758 3158 δαψιλείας,
772 3077 831 3136 οὐδὲ
883 3073 966 3151 dun,
978 3076 1057 3148 Date
1070 3088 1192 3151 tantom;
1185 3072 1252 3134 sed
1260 3073 1379 3150 addidit,
1390 3074 1531 3154 Largtter
1544 3096 1630 3154 neque

60 3159 236 3242 προίστασθε,
252 3163 321 3223 ἀλλά
343 3165 410 3243 μετὰ
424 3168 554 3240 σπουδῆς,
571 3167 628 3228 οὐδὲ
643 3167 755 3240 ἐλεεῖτε,
770 3170 829 3229 ἀλλ’
883 3165 1093 3226 Patrocinamini
1110 3119 1215 3245 solutis,
1238 3164 1285 3225 sed
1303 3180 1330 3226 et
1348 3187 1411 3225 cum
1430 3165 1630 3246 sollicitudine3

58 3256 172 3333 ἱλαρῶς,
183 3254 240 3315 οὐδὲ
251 3267 360 3335 τιμᾶτε,
371 3258 438 3317 etit
449 3264 621 3339 προηγεῖσθε,
633 3257 830 3339 οάδὲάγαπᾶτε,
884 3279 970 3338 neque
986 3258 1154 3318 Miseremini
1175 3271 1300 3335 tantum,
1321 3256 1368 3316 sed
1387 3257 1469 3316 etiam
1492 3257 1633 3335 hilariter3

60 3347 121 3403 ἀλλ’
137 3347 333 3426 ἀνυποκρίτως,
357 3349 414 3408 οὐδὲ
433 3350 564 3430 ἀπέχεσθε
581 3355 633 3410 τῶν
648 3356 747 3426 κακῶν,
761 3351 830 3411 ἀλλά
884 3372 970 3430 neque
984 3351 1119 3411 Honorate
1132 3350 1232 3427 solum,
1250 3349 1296 3409 sed
1306 3363 1333 3410 et
1343 3350 1549 3430 patrocinamini
1558 3372 1568 3427 3
1584 3370 1633 3410 nec

57 3446 175 3515 μισεῖτε,
191 3439 250 3500 οὐδὲ
269 3440 358 3519 ἔχεσθε
374 3443 427 3500 τῶν
453 3445 568 3520 ἀγαθῶν,
592 3441 661 3502 ἀλλὰ
685 3446 828 3517 κολλᾶσθε,
885 3443 1002 3523 Diligite
1014 3440 1161 3519 mod03sed
1172 3441 1229 3500 sine
1242 3441 1415 3500 simulatione
1420 3463 1430 3519 3
1446 3462 1532 3520 noque
1543 3441 1633 3501 hhsti·

57 3529 118 3587 οὐδὲ
135 3531 249 3610 φιλεῖτε,
271 3530 340 3592 ἀλλὰ
357 3533 555 3615 φιλοστόργως,
574 3533 632 3594 οὐδὲ
649 3535 829 3607 σπουδάζετε,
846 3533 867 3582 D
882 3548 967 3594 netea
982 3533 1072 3607 mulis,
1090 3532 1136 3593 sed
1148 3547 1175 3592 et
1187 3532 1251 3592 odio
1264 3532 1361 3592 habete
1369 3556 1380 3610 3
1396 3553 1482 3611 neque
1491 3533 1634 3595 ndhaerete

56 3620 127 3679 ἀλλὰ
142 3621 178 3698 μὴ
195 3624 326 3703 ὀκνηρῶς,
341 3623 444 3685 οὐδὲτὸ
459 3631 564 3702 πνεῦμα
578 3626 669 3705 ἔχετε,
687 3626 755 3686 ἀλλά
773 3626 829 3695 ζίον
882 3627 971 3687 εοίυιιι
985 3627 1081 3699 bonis,
1096 3624 1143 3686 sed
1160 3638 1185 3685 et
1208 3623 1453 3704 conglutinemini3
1469 3646 1555 3706 neque
1568 3639 1632 3686 tan-

54 3713 88 3771 τδ
101 3719 219 3792 πνεῦμα,
232 3715 377 3788 τουτέστιν,
393 3716 438 3776 ἵνα
451 3707 498 3788 ἦτε
518 3717 609 3798 θερμοί
624 3718 668 3777 καί
689 3719 829 3801 διεγηγερ-
882 3732 940 3779 tum
955 3719 1079 3798 Diligite,
1095 3716 1142 3776 sed
1158 3738 1221 3775 cum
1237 3716 1349 3775 amabili
1364 3716 1508 3797 complexu
1517 3742 1529 3794 3
1546 3738 1632 3796 neque

55 3802 140 3879 μένοι.
156 3804 221 3865 Ἐὰν
243 3806 296 3889 γὰρ
317 3808 403 3866 ἐκεῖνα
419 3807 483 3887 ἔχῃς
502 3806 536 3866 rh
551 3808 746 3889 προειρημένα,
768 3813 828 3871 ἐπι·
882 3813 1017 3889 Studete,
1038 3810 1183 3871 sedetiam
1203 3830 1256 3868 non
1279 3809 1359 3889 pigre
1365 3832 1376 3886 3
1396 3830 1482 3888 nequo
1496 3810 1632 3891 Spiritum

54 3896 147 3978 σπάοῃ
159 3899 316 3978 τδπνεῖμα·
332 3900 377 3961 ἐὰν
390 3901 455 3980 μένῃ
465 3906 543 3960 τοῦτο
552 3901 625 3981 παρδι
636 3902 692 3976 σοί,
706 3902 752 3961 καί
764 3902 829 3983 πρὸς
881 3906 987 3982 habete,
1001 3905 1049 3965 sed
1062 3904 1189 3985 spiritum
1204 3904 1366 3979 ferventem3
1381 3902 1467 3978 idest,
1480 3918 1511 3963 ut
1524 3904 1583 3964 sitis
1592 3926 1633 3963 ur·

54 3990 144 4048 ἒκεῖνά
170 4014 201 4050 σε
223 3993 362 4052 σπουδαῖον
381 3993 535 4073 ἐργάσεται,
552 3993 596 4051 καί
620 3993 708 4051 πάντα
733 3993 828 4053 εὔκολα
880 3998 973 4058 dentes
986 4012 1012 4057 et
1025 3996 1160 4057 concitati.
1176 3996 1246 4055 Nam
1261 3994 1283 4053 si
1297 3992 1427 4074 praedicta
1448 3995 1497 4054 illa
1512 3994 1630 4070 habeus,
1710 4067 1715 4076 ι
1817 4058 1822 4065 ,
1848 3982 1854 3993 ’

54 4081 110 4141 ἀπὸ
119 4086 164 4141 τοῦ
175 4081 322 4163 πνεύματος
335 4084 436 4154 mitit
447 4084 552 4164 ἀγάπης
564 4084 651 4157 ἔσται,
665 4084 827 4166 ἑκατέρωθέν
881 4091 1007 4172 spiritum
1023 4089 1159 4149 attrahes:
1171 4087 1194 4145 si
1210 4086 1269 4146 haec
1288 4085 1362 4167 apud
1376 4101 1402 4145 tc
1413 4102 1538 4147 maneant
1543 4101 1585 4163 ,te
1595 4087 1631 4147 ad

53 4196 102 4233 σου
112 4176 311 4258 πεπυρωμένου.
326 4180 387 4258 Οίνχ
399 4183 461 4258 δρᾷς
473 4177 532 4245 τοὺς
546 4176 655 4258 ταόρους
668 4175 727 4244 τοδς
741 4177 827 4258 φλόγα
880 4183 928 4241 illa
949 4182 1100 4241 studiosum
1119 4179 1300 4253 constituent,
1316 4177 1521 4258 omniaquetihi
1536 4180 1627 4240 facilia

52 4266 156 4326 ἐπὶτοῦ
174 4268 257 4327 νώτου
272 4269 413 4350 φέρονται,
428 4273 486 4335 πῶς
498 4268 580 4328 πᾶσίν
602 4272 667 4327 εἰσιν
684 4268 826 4349 ἀφόρητος
880 4295 896 4332 a
912 4274 1011 4355 spirim
1026 4287 1052 4332 et
1068 4270 1212 4330 dilectione
1232 4268 1396 4344 reddentur,
1414 4291 1478 4329 cum
1500 4271 1629 4352 utrinque

51 4356 135 4418 Οὕτω
147 4361 193 4418 καί
210 4359 241 4419 σίν
254 4364 293 4441 τῷ
307 4359 422 4442 διαόόλῳ
435 4361 564 4443 ἀφόρητος
579 4360 642 4442 ἔσῃ,
656 4360 687 4418 ἀν
699 4360 826 4440 ἑκατέραν
880 4365 1004 4425 incensus
1018 4363 1080 4425 eris.
1095 4365 1155 4422 Non
1167 4359 1245 4422 vides
1258 4374 1351 4421 tauros
1360 4362 1499 4423 flammam
1508 4362 1537 4423 in
1548 4362 1630 4424 dorso

48 4449 138 4529 λάθῃς
152 4449 200 4521 τὴν
225 4452 317 4532 φλόγα.
334 4455 383 4534 Τῷ
407 4452 498 4532 Κυρίῳ
521 4451 695 4518 δουλεύοντες.
709 4450 761 4510 nrt
775 4452 827 4535 γάρ
880 4470 1029 4536 gestantes,
1048 4451 1182 4533 quomodo
1198 4452 1254 4511 sint
1275 4452 1401 4512 omnibus
1426 4453 1631 4515 intolerabiles?

47 4541 150 4601 τούτων
170 4543 294 4603 ἁπάντων
311 4543 368 4605 ἔστι
390 4545 527 4605 δουλεῦσαι
540 4550 578 4624 τῷ
592 4547 665 4624 Θεῷ.
679 4543 754 4604 Ὅσα
773 4546 826 4627 γὰρ
844 4553 863 4600 Β
880 4550 921 4607 lta
937 4562 963 4607 et
980 4561 1011 4606 tu
1030 4544 1140 4605 diabolo
1158 4543 1335 4603 intolerabilis
1357 4546 1424 4634 eris,
1445 4545 1467 4605 si
1483 4560 1631 4626 *utramque

48 4635 83 4692 ἂν
97 4634 209 4716 ποιήσῃς
219 4640 255 4705 εἰς
266 4638 311 4697 τδν
323 4638 444 4757 ἀδελφὸν,
457 4641 492 4705 εἰς
504 4637 547 4696 τὸν
560 4636 697 4709 Δεσπότην
709 4659 756 4694 σου
770 4637 825 4694 δια·
880 4637 1018 4696 flammam
1029 4633 1175 4715 acceperis.
1190 4635 1318 4692 Domino
1327 4638 1496 4695 servientes.
1513 4636 1565 4694 Per
1572 4636 1631 4694 hnc

47 4727 151 4786 όαίνει
144 4730 245 4788 καί
231 4756 266 4798 ως
281 4730 356 4797 αυτδς
376 4755 404 4790 ευ
389 4723 571 4804 πεπονθὼς,
585 4730 653 4790 οῖίτοι
666 4753 708 4788 σοι
719 4753 763 4788 τον
776 4752 825 4806 μι-
880 4747 1049 4787 onnnomnra
1059 4727 1117 4783 Dco
1128 4745 1229 4783 scrrrrc
1244 4737 1328 4804 potes.
1343 4723 1486 4802 Quidquid
1497 4745 1569 4783 cnrm
1580 4746 1632 4805 pro

48 4819 112 4878 σθδν
125 4821 263 4899 λογιεῖται.
286 4813 363 4889 Εἶδες
380 4846 431 4881 που
452 4821 482 4882 τδ
496 4821 619 4937 φρόνημα
638 4821 765 4899 ἀνήνεγκε
779 4842 825 4878 του
880 4818 1135 4894 iratrefccer1s3ad
1154 4816 1304 4875 Dominum
1328 4830 1406 4877 tuum
1418 4817 1583 4897 pertransit:
1604 4831 1631 4878 ει

50 4912 338 4994 ταῦταέργαζομένους
353 4903 543 4981 Εῖτοδειννὺς
564 4917 621 4980 πῶς
644 4911 675 4971 ἀν
698 4911 825 4991 ἀναφθείη
880 4911 956 4991 quasi
971 4910 1027 4993 ipse
1036 4907 1198 4969 heneficium
1213 4906 1355 4987 acceperit,
1367 4907 1519 4969 mercedem
1531 4907 1634 4970 tibirc-

91 5102 125 5170 ί
134 5113 195 5171 μετὰ
211 5116 251 5165 τῆς
263 5109 356 5164 monn
365 5104 393 5156 Α.
405 5116 431 5154 et
439 5121 518 5170 marg.
531 5102 621 5170 Sunii]
871 5114 897 5155 ct
908 5120 982 5172 supra
995 5106 1177 5171 διαθιρμαίνεται
1188 5113 1235 5166 pro
1249 5100 1415 5169 θερμαίνεται]

91 5198 101 5221 ·
121 5181 231 5247 Quidam
243 5184 301 5234 lisa.
312 5192 430 5249 οἰκονομεῖ.
445 5181 533 5249 [Paulo
545 5193 604 5235 ente
616 5186 642 5233 Α.
655 5187 769 5252 δρίγοντις
782 5186 821 5249 tt,
