3728 5978
204 387 281 479 488
551 406 580 454 s.
608 404 749 456 rotulus
775 405 957 456 euersosr.
987 392 1145 458 a'ncuurr.
1172 409 1441 459 cousrsurmor.

204 547 255 598 ret.
269 533 374 594 Verum
386 526 446 591 bne
459 529 490 603 in¹
512 528 685 608 sequentibus
690 552 700 606 ς
725 527 834 588 interim
856 548 954 611 propo·
1007 553 1096 604 τατον,
1114 529 1177 593 όταν
1199 531 1258 599 sobe
1280 531 1462 611 ἀντιλέγοντας
1483 533 1548 611 αὐτῇ
1564 534 1597 611 τῇ
1612 528 1733 608 ἀληθεία,
1746 529 1779 587 δι’

206 625 286 686 sitam
309 643 367 684 rem
389 635 543 685 tractemus.
559 621 811 681 Revelaturenim
831 623 878 681 ira
896 622 955 681 Det
1007 612 1044 682 ὧν
1058 627 1164 685 ποιοῦσι
1176 625 1235 684 καθ’
1258 622 1404 698 ίκοίοτηνῆ
1423 624 1469 684 καὶ
1489 624 1610 703 λέγουσι,
1624 621 1783 698 συνεπομέ-

206 717 244 776 de
254 715 336 775 coelo.
345 713 427 793 atqui
438 713 465 772 iu
476 712 527 772 bac
537 711 594 772 vita
606 711 637 771 id
648 732 718 793 saepe
731 711 829 772 accidit
842 711 871 772 in
885 712 956 772 lame
1007 736 1066 782 νους
1082 714 1175 782 αὐτούς
1197 715 1338 796 ἀποφαίνει
1356 724 1411 782 τοῖς
1428 720 1476 787 τῆς
1493 712 1617 786 ἀληθείας
1637 712 1780 791 δόγμασιν.

206 820 234 866 et
242 820 316 889 peste
325 819 352 864 et
364 804 444 864 bellis
456 829 462 861 ι
474 824 536 864 nam
549 804 679 886 privatim
692 803 795 884 singuli
805 818 832 864 et
842 803 870 864 in
881 823 955 864 eom·
1009 805 1089 865 Ἀλλδι
1100 813 1184 866 ταῦτα
1198 807 1245 886 μὲν
1259 810 1286 866 ἀν
1298 816 1353 876 τοῖς
1366 807 1425 879 ίξῆς
1432 850 1441 879 ,
1454 807 1520 874 τίως
1534 805 1561 867 δὲ
1572 810 1625 866 τῶν
1639 804 1782 884 προκειμέ-

206 899 283 960 ιιιιιοί
309 918 402 957 omnes
423 897 584 979 puniuntur.
609 895 682 970 Quid
708 896 793 976 igitur
820 911 886 957 tunc
907 917 956 957 no·
1008 919 1059 957 νων
1081 897 1213 978 ἐχώμεθα.
1237 899 1465 960 ’ἀποκαλύπτεται
1483 897 1536 980 γὰρ
1553 896 1618 979 ὀργὴ
1641 900 1712 957 Θεοῦ
1734 896 1782 955 ἀπ’

206 989 314 1052 vierit?
324 989 405 1064 Quod
415 991 503 1071 majus
515 990 638 1051 futurum
651 989 686 1050 sit
699 989 872 1070 supplicium,
882 989 956 1070 quod
1009 992 1129 1070 ούρανοῦ.
1154 990 1248 1051 Καίτοι
1261 990 1307 1050 καί
1319 995 1429 1051 ἐνταῦθα
1440 990 1569 1057 πολλάκις
1579 994 1657 1048 τοῦτο
1669 987 1781 1067 γίνεται,

208 1103 350 1143 commuue
371 1097 397 1142 et
417 1103 471 1142 non
487 1082 643 1143 earumdem
664 1103 756 1142 rerttm
776 1103 857 1142 causa
867 1106 874 1138 z
885 1104 957 1142 nune
1009 1073 1062 1142 οἷον
1082 1083 1109 1140 ἐν
1125 1083 1212 1161 λιμοῑς
1227 1083 1273 1142 καί
1283 1085 1385 1161 λοιμοῖς
1395 1082 1440 1142 καί
1455 1082 1591 1160 πολέμοις·
1605 1081 1650 1141 καλ
1662 1079 1714 1161 γδιρ
1727 1079 1782 1157 tete

208 1176 280 1236 enim
295 1175 330 1236 ad
345 1176 559 1238 emendationem
572 1177 630 1236 baec
642 1176 723 1254 liunt,
739 1188 803 1234 ιιιιιο
820 1188 910 1234 autem
922 1173 957 1234 ad
1008 1172 1128 1248 ἕκαστος,
1146 1174 1279 1254 καὶκοινῇ
1297 1174 1394 1244 πάντες
1407 1175 1571 1243 κολάζονται.
1586 1173 1622 1232 Τί
1636 1163 1681 1232 ούν
1694 1171 1726 1230 τδ
1741 1170 1783 1239 ξί·

61 1295 82 1326 ι.
95 1279 151 1326 θον.
163 1290 199 1324 ιι.
209 1266 358 1329 ultionem:
378 1268 451 1348 quod
461 1267 616 1352 significans
631 1267 733 1327 Paulus
752 1266 871 1326 dicebat:
886 1270 956 1327 Cor·
1008 1290 1050 1326 νον
1060 1266 1133 1340 τότε;
1144 1264 1209 1327 Ὅτι
1221 1267 1265 1327 καί
1276 1266 1371 1345 μείζων
1383 1272 1400 1339 ἡ
1412 1267 1520 1334 κόλασις
1532 1265 1577 1325 καὶ
1591 1263 1664 1337 κοινὴ
1676 1262 1722 1322 καί
1733 1265 1782 1321 οὐκ

60 1343 101 1390 ³²·
210 1363 333 1441 ripimur
350 1381 437 1434 nuno,
448 1373 481 1420 ιιι
492 1381 550 1420 non
565 1380 632 1423 cum
643 1359 752 1418 mundo
767 1360 952 1418 damnemur.
972 1363 992 1409 1)
1009 1358 1053 1418 ἐπὶ
1068 1367 1122 1428 τοῖς
1136 1362 1237 1428 αὐτοῖς·
1259 1365 1304 1419 νῦν
1323 1359 1371 1438 μὲν
1383 1358 1434 1440 γάρ
1443 1359 1508 1440 πρδς
1520 1356 1657 1437 διόρθωσιν
1666 1354 1702 1414 εδ
1711 1353 1782 1435 γινό·

211 1448 248 1513 Ει
262 1473 334 1512 nune
355 1452 465 1532 quidem
478 1473 531 1512 non
545 1473 581 1512 ex
597 1472 712 1532 superna
726 1451 778 1530 ira,
793 1450 842 1511 sed
853 1452 889 1511 nb
903 1451 955 1511 bn·
1009 1473 1086 1527 μενα,
1103 1449 1164 1511 τότε
1180 1449 1208 1511 δὲ
1221 1449 1287 1532 πρδς
1300 1451 1443 1534 τιμωρίαν·
1453 1449 1520 1531 όπερ
1530 1450 1575 1509 καί
1586 1454 1600 1508 θ
1610 1450 1718 1515 Παῦλος
1731 1449 1780 1519 δη-

211 1543 318 1605 minum
339 1544 440 1627 injuria
454 1545 512 1607 haeo
527 1565 542 1604 a
556 1543 651 1606 multis
665 1541 785 1608 accidere
807 1556 954 1625 putantur:
1007 1542 1061 1600 λῶν
1074 1541 1171 1622 ἔλεγεν,
1182 1541 1223 1602 ὅτι
1234 1542 1419 1619 Παιδευόμεθα
1432 1547 1488 1612 νῦν,
1499 1540 1543 1600 ίνα
1557 1541 1595 1620 μὴ
1609 1540 1655 1600 σύν
1675 1543 1715 1620 τῷ
1736 1538 1781 1599 κύ·

209 1650 276 1697 tunc
286 1657 351 1699 vero
363 1638 503 1697 manifesta
516 1636 568 1696 erit
589 1635 640 1696 Dei
650 1636 731 1709 ultio,
742 1635 851 1715 quando
864 1636 955 1698 Judex
1009 1655 1069 1715 σμῳ
1078 1637 1289 1718 κατακριθῶμεν.
1299 1633 1350 1694 Καὶ
1361 1638 1406 1692 νῦν
1419 1633 1467 1712 μὲν
1478 1636 1506 1692 ού
1515 1631 1559 1693 διδ
1570 1632 1618 1705 τὴν
1627 1633 1726 1691 ἀνωθεν
1737 1632 1782 1709 ὀρ

211 1727 307 1790 sedens
322 1729 350 1790 in
365 1728 503 1790 tremendo
517 1727 596 1807 solio,
610 1727 677 1788 alios
690 1726 728 1787 ad
749 1727 868 1788 caminos
882 1729 954 1790 trebi
1008 1723 1057 1805 γὴν
1067 1727 1175 1794 πολλοῖς
1184 1727 1255 1786 δοκεῖ
1267 1725 1397 1786 τάπολλίι
1406 1725 1532 1807 γίνεσθαι,
1544 1724 1614 1785 ἀλλά
1628 1726 1661 1783 δι’
1675 1721 1779 1804 ἀνθρώ-

210 1820 331 1902 jubebit,
341 1820 409 1881 alios
424 1819 459 1882 ad
472 1820 595 1881 tenebras
607 1819 761 1896 exteriores,
775 1818 843 1879 alios
854 1819 956 1882 adalia
1007 1840 1065 1876 πων
1076 1815 1200 1900 ἐπήρειαν
1210 1841 1218 1855 ·
1228 1816 1289 1877 τότε
1300 1816 1328 1878 δὲ
1338 1817 1438 1899 ρανερδι
1449 1816 1523 1878 ἔσται
1534 1823 1551 1890 ἡ
1563 1816 1638 1896 παρὰ
1649 1822 1696 1875 τοῦ
1708 1818 1781 1875 Θεοῦ

213 1911 380 1975 inevitabilia
393 1926 419 1973 et
433 1912 601 1973 intoleranda
620 1912 765 1996 supplicia.
781 1901 817 1972 Ei
840 1934 955 1973 sunnon
1007 1909 1124 1986 κόλασις,
1142 1910 1206 1973 όταν
1220 1910 1366 1990 καθήμενος
1379 1911 1424 1971 ἐπὶ
1438 1918 1484 1972 τοῦ
1497 1911 1608 1992 φοόεροῦ
1630 1909 1751 1991 βήματος
1766 1913 1781 1968 θ

211 2004 252 2066 sie
265 2017 355 2087 aperte
368 2003 447 2080 dicit,
467 2004 568 2065 Filium
581 2003 634 2066 Dei
647 2018 791 2067 ventumm
814 2026 872 2067 esse
892 2027 956 2065 eum
1009 2001 1109 2085 κριτὴς,
1129 2001 1189 2071 τοὺς
1206 2002 1253 2082 μὲν
1271 2001 1315 2063 ἐπὶ
1333 2002 1381 2070 τδις
1398 2004 1524 2082 καμίνους
1536 2003 1659 2062 ἕλκεσθαι
1673 1998 1780 2078 κελεύῃ,

212 2095 361 2159 innumeris
374 2095 486 2177 angelis,
496 2110 521 2156 et
534 2096 665 2157 rationem
674 2118 691 2156 a
700 2096 816 2177 singulis
828 2096 956 2180 repetitu-
1009 2092 1069 2163 τοὺς
1089 2094 1118 2156 δὲ
1137 2095 1181 2157 ἐπί
1193 2096 1224 2157 τὸ
1237 2096 1329 2164 σκότος
1341 2095 1371 2155 τὸ
1382 2094 1515 2176 ἐξύντερον,
1532 2093 1592 2162 τοὺς
1604 2092 1631 2154 δὲ
1643 2092 1687 2154 ἀπ’
1697 2092 1781 2158 ἄλλας

133 2212 140 2224 ·
212 2209 287 2268 rum;
300 2187 348 2273 ogd
358 2189 405 2266 ait,
415 2189 574 2251 Revelntur
583 2194 629 2249 ira
639 2191 698 2249 Dei
702 2189 860 2272 PNeopbyti
867 2189 957 2251 adbuc
1009 2186 1205 2268 inopen-imo<
1218 2188 1264 2248 καί
1278 2187 1424 2271 ἀρορήτους
1434 2189 1565 2255 κολοίσεις.
1582 2185 1635 2247 Καί
1645 2184 1714 2252 τίνος
1725 2182 1780 2243 ἕνε-

212 2294 288 2341 erant
302 2274 440 2343 dbditores
447 2302 457 2358 3
473 2278 586 2359 ideoque
602 2279 637 2341 ab
658 2279 707 2356 iis,
723 2301 783 2360 quae
797 2281 906 2343 omnino
928 2281 957 2345 in
1009 2303 1054 2340 κον
1068 2281 1119 2362 οὐχ
1134 2278 1216 2347 ούτως
1233 2270 1292 2340 εῙπε
1309 2284 1415 2361 σαριῦς,
1429 2273 1482 2341 οἷον
1494 2281 1535 2340 ότι
1548 2286 1562 2340 θ
1573 2279 1637 2346 tuq
1650 2282 1696 2338 τοῦ
1708 2280 1779 2338 Θεοῦ

211 2372 331 2435 eonium
340 2386 415 2433 erant
424 2370 498 2454 apud
506 2394 561 2449 eoS,
569 2373 690 2454 primum
701 2372 773 2454 ipsos
782 2373 876 2435 allicit.
884 2376 956 2436 Prae-
973 2376 992 2422 Ε
1010 2371 1102 2452 μέλλει
1112 2373 1304 2457 παραγίνεσθαι
1324 2374 1391 2452 μετὰ
1406 2375 1506 2454 μυρίων
1527 2373 1655 2452 ἀγγελοιν,
1674 2370 1720 2430 καί
1732 2368 1782 2434 nd<

211 2479 283 2527 terea
295 2485 361 2526 vero
375 2465 487 2546 gentiles
500 2464 603 2546 alloqui
624 2465 693 2525 mihi
705 2465 828 2542 videtur3
842 2465 957 2548 ideoque
1009 2464 1115 2535 εὐθύνας
1134 2471 1255 2528 ἀπαιτεῖν
1276 2466 1398 2541 ἕκαστον,
1418 2468 1477 2527 ἀλλ’
1496 2465 1536 2525 ότι
1550 2464 1781 2525 ’ἀποκαλύπτεται

212 2555 276 2617 bine
288 2556 407 2636 orditur,
416 2570 508 2639 postea
518 2570 610 2617 autem
623 2556 774 2639 dejudieio
786 2558 888 2620 Christi
901 2581 956 2620 ser-
1008 2557 1074 2639 θργλ
1089 2561 1160 2619 Θεοῦ
1168 2580 1178 2636 ;
1199 2560 1261 2620 Τῶν
1279 2555 1410 2640 νεορύτων
1431 2548 1499 2630 ἦσαν
1520 2561 1544 2617 οἱ
1563 2554 1701 2623 ἀκούοντες
1720 2553 1779 2613 ἔτι·

211 2669 319 2711 monem
331 2648 444 2710 inducit.
455 2651 547 2730 Super
556 2670 672 2710 omnem
683 2653 863 2731 impietatem
873 2664 903 2713 et
911 2657 956 2712 in·
1009 2651 1053 2711 διὰ
1064 2657 1141 2711 τοῦτο
1151 2651 1204 2712 eet
1216 2654 1269 2711 τῶν
1279 2649 1379 2732 σφόδρα
1390 2647 1603 2728 ὡμολογημένων
1612 2652 1677 2729 παρ’
1691 2650 1781 2713 αὐτοῖς

204 2743 355 2823 justitiam
364 2745 526 2820 lominum,
538 2747 591 2825 qui
600 2747 756 2804 unitatem
766 2747 799 2803 in
808 2747 957 2826 injustitia
1008 2746 1113 2823 πρῶτον
1129 2742 1387 2810 αύτοδςέπισπάται.
1416 2740 1544 2821 Χωρὶςδὲ
1557 2745 1609 2800 τῶν
1622 2739 1781 2821 εἰρημένων,

210 2834 351 2897 detinent.
363 2835 415 2896 Hic
426 2834 543 2897 ostendit
551 2822 716 2896 multasesse
728 2834 875 2917 impietatis
885 2836 956 2916 vias,
1009 2833 1055 2894 καί
1068 2833 1133 2916 πρδς
1144 2832 1279 2908 Ἕλληνας
1300 2832 1482 2895 ύποτείνεσθαί
1503 2856 1548 2911 μοι
1567 2834 1655 2893 δοκεῖ·
1675 2833 1716 2893 διδ
1734 2832 1781 2890 καί

131 2926 331 2996 umfredum
344 2941 434 2989 autern
449 2947 539 2989 unam.
554 2925 664 2989 Etenim
678 2925 764 3003 veria,
779 2925 956 2995 multiformis
1008 2927 1125 3001 ἐντεῦθεν
1145 2927 1364 3009 προοιμιάζεται·
1380 2924 1486 3006 ὕστερον
1502 2925 1530 2987 δὲ
1543 2925 1588 2985 καί
1601 2926 1646 2985 τὸν
1658 2926 1719 3006 περὶ
1732 2930 1780 2996 τῆς

60 3012 144 3085 ΨΜ·
163 3028 200 3057 '⁶‘
210 3031 238 3082 et
251 3021 361 3081 confusa
373 3040 417 3080 res
425 3033 464 3080 eet
477 3040 552 3080 error
559 3041 569 3097 ς
585 3018 686 3081 veritas
700 3033 790 3081 autem
802 3040 866 3085 une.
879 3021 956 3084 Post:
1009 3017 1120 3102 κρίσεως
1133 3023 1180 3079 τοῦ
1192 3019 1309 3101 Χριστοῦ
1323 3018 1400 3097 λόγον
1410 3019 1519 3099 είσύγει.
1542 3018 1607 3078 Ἐπί
1617 3027 1706 3078 πᾶσαν
1719 3018 1781 3079 ἀσί-

59 3081 113 3119 ηω
132 3089 184 3120 ⁸⁰⁸¹
210 3132 368 3194 quamrem
379 3111 414 3173 de
424 3111 598 3192 dogmatibus
610 3111 695 3190 dixit,
706 3109 742 3171 de
755 3111 810 3174 vita
823 3111 955 3191 loquitur,
1009 3108 1083 3171 ύειαν
1102 3110 1149 3172 καί
1169 3109 1273 3171 ἀδικίαν
1296 3110 1442 3193 ἀνθρώπων
1463 3113 1515 3169 τῶν
1539 3110 1588 3184 τὴν
1604 3111 1732 3184 ἀλήθειαν
1752 3114 1780 3171 ἐν

120 3279 121 3282 γ
211 3203 372 3288 injustitiam
385 3204 528 3265 hominum
540 3225 701 3265 memorans.
718 3203 827 3265 Etenim
848 3204 957 3287 injusti·
1008 3203 1099 3286 ἀδικίη
1121 3202 1295 3285 κατεχόντων.
1322 3201 1455 3264 Ἐνταῦθα
1472 3202 1611 3277 δείκνυσιν,
1626 3204 1668 3264 ότι
1682 3204 1780 3264 πολλαὶ

210 3297 255 3359 tiae
268 3297 352 3360 variae
365 3310 429 3357 sunt
438 3321 445 3356 ι
454 3310 480 3357 et
495 3296 548 3358 alia
561 3294 672 3375 quidem
685 3296 757 3357 circa
767 3297 896 3378 pecunias
907 3313 955 3376 est,
1008 3299 1056 3368 τῆς
1067 3295 1190 3364 ἀσεύείας
1209 3299 1237 3356 αἱ
1249 3295 1312 3370 ὁδοί,
1330 3302 1348 3369 ἡ
1365 3295 1392 3357 δὲ
1403 3300 1451 3369 τῆς
1462 3296 1583 3370 ἀληθείας
1596 3297 1657 3375 μία·
1668 3296 1715 3357 καί
1728 3298 1780 3379 γὰρ

210 3402 243 3450 ut
256 3389 391 3468 numquis
403 3388 430 3450 in
444 3389 479 3448 iis
489 3389 646 3471 proximum
660 3387 736 3450 laedit
742 3412 752 3466 ς
766 3389 819 3448 alia
829 3390 955 3452 mulieres
963 3432 999 3472 tue
1007 3389 1128 3452 ποικίλον
1141 3389 1187 3450 καί
1200 3387 1335 3457 πολυειδίς
1347 3388 1393 3449 καί
1406 3389 1600 3470 συγκεχυμένον
1614 3396 1630 3463 ί,
1642 3388 1741 3465 πλυίνη,
1761 3396 1777 3461 ἡ

210 3494 323 3565 spectat,
338 3495 368 3541 ut
378 3482 485 3561 quando
496 3481 557 3560 quis
570 3480 663 3542 relicta
676 3503 772 3556 uxore,
783 3482 892 3544 alterius
904 3505 955 3544 nu·
971 3488 992 3534 Α
1008 3482 1035 3542 δὲ
1049 3483 1161 3556 ἀλήθεια
1174 3483 1231 3562 μία.
1259 3482 1352 3543 Εἰπὼν
1367 3481 1394 3543 δὲ
1408 3484 1469 3562 περί
1483 3484 1633 3562 δογμοίτων,
1648 3484 1780 3564 λέγεικαὶ

210 3573 281 3655 ptias
288 3573 403 3638 dirimit.
416 3574 475 3634 lloc
485 3587 556 3634 certe
565 3573 689 3634 fraudem
700 3589 781 3636 vocet
795 3576 955 3655 Paulus‚di·
1007 3576 1069 3658 περί
1091 3575 1159 3657 βίαι,
1182 3575 1286 3638 ἀδικίαν
1307 3574 1452 3659 ἀνθρώπων
1477 3575 1567 3635 εἰπών.
1591 3575 1647 3638 Καὶ
1664 3577 1717 3658 γὰρ
1729 3584 1740 3611 ⁸
1751 3582 1779 3637 αί

63 3695 84 3728 ι.
94 3684 198 3744 Τίτιος.
210 3684 287 3726 oens:
301 3668 348 3727 Ne
360 3670 426 3749 quis
438 3670 584 3747 opprimat
597 3666 649 3725 oei
655 3667 777 3746 fraudet
789 3671 821 3728 in
840 3674 954 3751 negotio
1007 3669 1108 3727 ἀδικίαι
1128 3667 1261 3730 ποικίλαι·
1278 3667 1324 3727 καί
1343 3672 1361 3739 ἡ
1382 3665 1429 3745 μὲν
1450 3666 1510 3747 περὶ
1528 3667 1656 3749 χρήματα
1667 3668 1778 3747 γίνεται,

58 3746 82 3794 ⁶·
202 3760 343 3844 fratrem.
360 3760 416 3820 atii
433 3782 543 3822 rursum
552 3781 606 3821 non
616 3781 730 3823 uxorem
743 3761 789 3824 vel
799 3765 951 3846 pecuniam,
1006 3751 1060 3821 οἷον
1076 3759 1138 3820 όταν
1156 3784 1196 3828 τις
1206 3762 1233 3819 ἐν
1248 3759 1351 3828 τούτοις
1366 3761 1445 3838 ἀδικῇ
1457 3761 1501 3819 τὸν
1511 3760 1638 3831 πλησίον·
1651 3765 1668 3832 ἡ
1679 3759 1707 3819 δὲ
1716 3761 1777 3842 περί

210 3851 257 3915 ted
272 3852 386 3933 gloriam
399 3853 519 3934 proximi
536 3853 746 3914 labefactaottet
757 3854 810 3915 boe
822 3855 953 3938 injustitia
1005 3861 1145 3934 γυναῖκας,
1164 3853 1227 3913 όταν
1238 3877 1277 3919 τις
1296 3852 1370 3934 ἀφείς
1382 3852 1429 3926 τὴν
1445 3856 1551 3927 ἑαυτοῦ,
1561 3852 1606 3912 τὸν
1618 3853 1708 3933 ἑτέρου
1721 3856 1776 3913 διυ-

58 3945 198 3997 Pmm·
209 3957 259 4005 eet.
271 3945 342 4005 Nam
355 3946 464 4006 Melius
473 3957 517 4006 est
529 3965 635 4004 nomen
646 3948 765 4019 bonnm,
778 3968 868 4027 quum
878 3949 953 4011 divi·
1007 3945 1089 4028 ρύττη
1101 3946 1201 4025 γόμον·
1216 3945 1262 4008 καί
1273 3945 1325 4026 γὰρ
1335 3945 1381 4006 καί
1395 3950 1472 4007 τοῦτο
1483 3943 1635 4013 πλεονεξίαν
1646 3951 1660 4005 θ
1671 3948 1776 4012 Παῦλος

208 4043 258 4102 tioe
278 4041 388 4105 multae.
400 4039 521 4117 Quidam
534 4061 598 4100 vero
617 4039 712 4101 dicunt
726 4042 778 4103 hoc
799 4064 905 4124 quoque
918 4044 953 4105 de
1005 4042 1097 4110 καλεῖ,
1118 4037 1188 4098 ούτω
1204 4038 1306 4117 λίγιυν·
1326 4037 1367 4099 Τὸ
1387 4037 1425 4117 μὴ
1439 4037 1606 4120 ύπερύαίνειν
1619 4037 1665 4097 καί
1676 4040 1775 4098 πλεον-

207 4130 407 4215 dogmatibusa
421 4133 506 4193 Paulo
519 4132 635 4213 intelligi
644 4157 651 4191 ι
660 4147 788 4195 eaeterum
801 4135 870 4196 nihil
880 4149 953 4198 vemt
1005 4139 1089 4193 εκτεῖν
1101 4133 1128 4190 ἀν
1140 4133 1179 4211 τῷ
1198 4128 1339 4212 πράγματι
1359 4130 1403 4189 τὸν
1422 4130 1543 4210 ἀδελφόν.
1563 4128 1672 4212 Ἔτεροι
1684 4132 1774 4208 πόλιν,

207 4222 243 4286 de
251 4239 365 4306 utroque
373 4224 477 4287 dietum
491 4225 582 4287 luisse.
592 4224 667 4300 Quid
679 4241 769 4289 autem
781 4227 825 4306 sit,
839 4230 952 4290 Veritu·
1005 4225 1063 4287 ἀντί
1077 4222 1196 4305 γυναικός
1216 4220 1263 4282 καὶ
1280 4221 1441 4303 χρημάτων,
1455 4221 1529 4291 δόξαν
1543 4223 1715 4303 λυμαίνονται
1726 4223 1775 4296 πλν

209 4327 266 4376 tem
276 4321 309 4376 in
319 4319 467 4398 injustitia
476 4317 619 4391 detinent,
632 4338 669 4378 ex
679 4318 852 4398 sequentibus
867 4319 950 4381 disce.
1004 4319 1050 4377 τοῦ
1062 4313 1188 4388 πλησίον·
1205 4314 1251 4374 καί
1269 4320 1346 4374 τοῦτο
1364 4314 1392 4374 δὲ
1404 4314 1510 4374 ἀδικία·
1522 4313 1568 4374 καί
1579 4315 1632 4397 γὰρ
1645 4317 1774 4396 Κρεῖσσον

209 4409 257 4469 19.
273 4409 441 4491 Quinquod
454 4421 554 4469 notum
565 4423 608 4470 est
622 4411 691 4481 Dei,
708 4411 897 4493 mamjestnm
906 4428 950 4476 est
968 4413 986 4460 Β
1004 4409 1087 4487 ὄνομα
1105 4406 1195 4479 καλὸν,
1211 4405 1229 4480 ἢ
1245 4409 1356 4495 πλοῦτος
1373 4406 1464 4475 πολύς.
1484 4406 1561 4475 Τινδς
1574 4406 1602 4467 δέ
1618 4431 1710 4488 φασιν,
1734 4409 1774 4467 θτι

205 4503 240 4573 in
248 4500 419 4562 iliis:De1u
428 4505 506 4560 enirn
514 4503 575 4563 iliis
589 4504 804 4582 manifestavit.
818 4502 871 4564 Sed
880 4503 951 4566 hanc
1003 4500 1139 4560 καὶτοῦτο
1158 4498 1220 4581 περὶ
1240 4499 1380 4579 δογμάτων
1392 4499 1497 4580 εἴρηται
1511 4502 1550 4578 τῷ
1569 4500 1688 4579 Παύλῳ·
1704 4501 1773 4572 πλὴν

207 4591 322 4673 gloriam
335 4592 418 4674 lignis
427 4593 611 4656 attribuerunt
622 4607 649 4653 et
661 4593 808 4677 lapidibus.
1003 4591 1077 4655 οὐδὲν
1096 4592 1194 4652 κωλύει
1213 4591 1274 4672 περί
1295 4591 1451 4672 ἀμφοτέρων
1468 4595 1597 4671 εἰρῆσθαι.
1618 4592 1655 4651 Τί
1669 4592 1697 4652 δέ
1707 4594 1773 4662 ἐστι,

1001 4685 1059 4758 Τὴν
1080 4684 1205 4757 ἀλήθειαν
1225 4686 1251 4743 ἐν
1274 4681 1363 4763 ἀδικίᾳ
1382 4683 1557 4764 κατεχόντων,
1578 4683 1623 4744 διδι
1640 4687 1692 4743 τῶν
1714 4683 1773 4754 ἑξῆς

1002 4779 1125 4857 μαίνθανε.
1145 4776 1210 4837 Ὅτι
1227 4777 1257 4837 τὸ
1270 4777 1386 4853 γνωστὸν
1397 4781 1442 4836 τοῦ
1454 4780 1523 4837 Θεοῦ
1537 4777 1647 4858 φανερόν
1663 4781 1735 4837 ἐστιν
1746 4781 1771 4838 ἐν

1000 4875 1103 4937 αὐτοῖς·
1117 4871 1209 4938 θΘεὸς
1220 4868 1271 4950 γὰρ
1282 4871 1370 4936 αὐτοῖς
1384 4869 1558 4948 ἐφανέρωσεν.
1580 4869 1660 4932 Ἀλλδι
1672 4869 1771 4942 ταύτην

999 4963 1047 5036 τὴν
1062 4962 1137 5032 δόξαν
1149 4961 1233 5032 ξύλοις
1247 4962 1406 5042 περιέθηκαν
1422 4961 1467 5020 καί
1479 4961 1569 5031 λίθοις.

237 5155 248 5181 ⁸
266 5141 337 5193 Unus
354 5139 419 5194 Cod.
432 5148 515 5198 ἀδικίαι
533 5151 624 5201 πολλαί·
639 5147 677 5211 [δ.
692 5152 728 5201 eii·
743 5156 841 5206 ποικίλαι
862 5154 914 5204 sinu
927 5154 1059 5223 articulo]
