3728 5978
79 378 85 389 -
185 328 305 443 “63⁰
332 412 335 417 ,
578 364 609 414 ε.
636 362 777 414 ioannis
791 357 986 428 ‚euersosu
1015 358 1172 411 secures.
1199 362 1472 435 consriunuor.

103 508 154 563 ttae
164 478 367 570 rtvtteetifltil
377 488 527 553 hamanum
540 487 608 573 pati,
623 506 711 566 neque
723 481 910 566 voluptatibus
923 502 978 542 sen
1033 482 1110 561 μόνον
1122 483 1224 560 ζωὴ,τδ
1235 485 1317 564 μηδὲν
1330 484 1496 569 ἂνθρύιπινον
1505 481 1743 562 mpietatem&
1756 487 1806 555 ἡδο-

78 580 128 650 qut·
161 578 387 650 'merim-Itan
403 581 449 662 qui
463 602 492 642 se
505 580 562 640 illis
574 576 709 650 subdidit,
721 576 857 636 nerivere
868 570 978 653 quidem
1032 584 1089 645 ναῖς
1115 577 1256 639 δουλεύειν.
1276 577 1311 639 Ὁ
1334 578 1387 661 γὰρ
1409 578 1523 646 ταύταις
1547 576 1648 636 ἑαυτὸν
1670 576 1805 647 ῦποτύὶας,

77 641 192 749 {idm
231 677 305 741 οιιιι
317 686 404 760 pomi
418 676 456 735 ου
471 692 609 748 memte,
622 671 742 748 umores,
760 688 793 727 οε
810 664 930 748 puisun
944 684 979 724 ει
995 675 1014 723 ο
1032 665 1090 728 orei
1107 670 1153 742 ιῇι
1168 668 1278 729 ουτοι
1293 670 1385 730 unu
1403 669 1448 731 ιω
1465 670 1516 738 τις
1535 668 1567 738 ιε
1583 672 1676 730 εοεαε
1692 669 1806 747 mutu,

231 769 287 830 illis
297 781 385 851 parta,
400 786 502 826 necnon
515 785 550 825 ex
563 763 673 823 infinito
684 761 832 821 affectuum
844 756 977 818 examine.
1032 760 1079 820 καί
1106 759 1166 829 τοῦς
1193 760 1303 843 μύθους,
1331 762 1377 822 καλ
1406 761 1469 831 τοὺς
1492 761 1649 832 κινδύνους,
1674 761 1744 820 1’καί
1767 764 1808 820 nir

231 859 414 923 Namsimors
422 868 602 939 exspectetur,
610 868 672 914 ante
683 852 788 915 obitum
798 872 832 912 ex
839 863 913 910 metu
921 869 979 910 mo-
1034 851 1135 934 μυρίων
1156 858 1248 914 παθῶν
1278 853 1369 934 ἐσμέν.
1393 853 1438 915 'Au
1470 879 1501 916 τε
1531 854 1591 934 γὰρ
1611 853 1730 920 θάνατος
1741 876 1809 932 προτ-

231 950 324 1012 ritur=
340 950 364 1010 si
381 948 519 1025 morbum,
530 946 559 1026 si
577 944 779 1019 contumeliam,
797 941 821 1001 si
834 953 978 1023 pauperta·
1035 945 1152 1025 δοκηθῇ,
1175 946 1284 1020 τέθνηκε
1321 948 1374 1030 πρδ
1399 956 1447 1009 τοῦ
1467 947 1592 1008 θανᾶτου
1619 950 1665 1028 τῷ
1695 946 1762 1006 δίεν
1785 947 1809 1004 έν

230 1057 297 1123 ιειιε,
307 1043 332 1104 si
341 1041 418 1102 aliud
426 1039 495 1120 quid
505 1040 717 1120 inexspectatum
728 1035 881 1117 suspicatus
888 1032 980 1110 suerit,
1033 1061 1064 1097 πε
1077 1037 1152 1099 νόσον
1165 1039 1318 1122 ὑποπτεύσῃ
1328 1085 1336 1113 ,
1350 1041 1382 1099 δν
1394 1040 1489 1123 ῦθριν,
1504 1040 1541 1099 ἂν
1553 1039 1668 1112 πενίαν,
1680 1036 1713 1096 dv
1724 1038 1783 1098 ἄλλο
1791 1062 1810 1096 τι

231 1136 313 1220 periit
323 1150 350 1197 et
360 1136 502 1196 absumtus
510 1145 559 1192 est.
568 1130 645 1204 Quid
656 1128 779 1210 ergo'nac
788 1127 846 1188 vita
856 1124 981 1186 miserius
1034 1133 1088 1189 τῶν
1109 1130 1255 1206 ἀδοκήτων,
1273 1131 1397 1192 ἀπόλωλε
1411 1132 1457 1192 καί
1479 1131 1661 1213 διέφθαρται.
1684 1129 1724 1191 Τί
1741 1131 1810 1190 τοίνυν

231 1227 339 1289 fuerit?
353 1230 390 1286 At
400 1246 454 1299 non
466 1223 579 1306 perinde
592 1244 620 1282 se
632 1221 712 1281 habet
726 1220 759 1298 is,
772 1218 821 1299 qui
834 1217 863 1278 in
877 1215 981 1298 Spiritu
1035 1227 1083 1295 πῆς
1097 1226 1166 1295 ζωῆς
1182 1222 1281 1297 ταύτης
1294 1222 1390 1305 γένοιτ’
1404 1225 1435 1284 ἃς
1452 1223 1644 1306 &atratum
1665 1223 1739 1282 Ἀλλ’
1751 1227 1793 1303 ε’,ρ
1801 1230 1811 1282 t

233 1320 306 1384 vivit
314 1344 324 1400 3
343 1318 392 1380 sed
410 1331 493 1394 metu,
510 1316 612 1395 dolore,
634 1314 773 1396 perieulis,
791 1325 818 1372 et
836 1309 983 1370 mutatione
1036 1318 1075 1395 τῷ
1089 1314 1227 1393 Πνεύματι
1243 1318 1293 1384 ζῶν
1306 1322 1440 1389 τοιοῦτος,
1456 1315 1598 1376 ἀλλὰκαὶ
1612 1314 1710 1397 μόθων
1722 1314 1766 1374 καί
1776 1316 1811 1374 λύ-

235 1411 311 1474 omni
325 1410 448 1492 superior
461 1422 511 1486 est,
523 1428 576 1468 non
596 1405 671 1486 quod
685 1405 756 1465 nihil
772 1403 911 1486 patiatur3
926 1401 982 1474 sed,
1036 1405 1143 1477 πηςκαί
1154 1405 1278 1466 κινδύνων
1288 1408 1334 1466 καί
1344 1406 1494 1486 μεταύολῆς
1505 1406 1811 1480 διτοίοηςὲσεηκενδύ

236 1503 310 1584 quod
324 1503 404 1583 longe
418 1502 507 1583 majus
520 1514 570 1575 est,
585 1497 659 1577 quod
674 1498 838 1574 omniaque
854 1490 984 1574 ingruunt
1037 1520 1126 1581 τερος,
1142 1499 1171 1556 οὐ
1184 1501 1223 1579 τῷ
1237 1497 1319 1575 μηδὲν
1333 1497 1485 1577 ὑπομένειν,
1498 1500 1579 1574 ἀλλ’,
1597 1498 1614 1558 θ
1631 1500 1728 1578 πολλῷ
1741 1500 1811 1575 μαζόν

237 1594 378 1679 despiciat.
390 1591 536 1666 Quomodo
548 1604 638 1650 antem
651 1589 723 1650 illud
736 1588 808 1649 erit?
822 1587 853 1648 Si
865 1585 984 1668 Spiritus
1038 1590 1111 1664 ἐστι,
1134 1594 1173 1670 τῷ
1192 1589 1239 1650 καὶ
1255 1588 1381 1650 ἐπιόντων
1396 1594 1483 1650 αἰετῶν
1495 1599 1699 1672 καταφρονεῖν.
1725 1591 1811 1656 Ilicet

236 1709 343 1771 semper
351 1687 457 1748 habitet
470 1685 498 1745 in
508 1683 588 1744 nohis
599 1704 607 1740 ε
619 1703 704 1762 neque
712 1680 785 1741 enim
793 1678 865 1739 dixit
877 1677 913 1737 ad
923 1679 985 1738 hre-
1001 1686 1020 1735 c
1037 1687 1113 1741 τοῦτο
1123 1680 1199 1745 ίσται
1209 1706 1218 1757 3
1231 1681 1297 1743 Ἐδιν
1306 1683 1338 1743 τὸ
1348 1685 1461 1762 Πνεῦμα
1472 1683 1566 1744 διύλου
1578 1686 1703 1763 κατοικῇ
1718 1686 1811 1762 tripu·

236 1800 272 1841 ve
291 1792 398 1860 tempus
416 1775 550 1850 habitare,
572 1772 618 1834 sed
636 1785 773 1855 perpetuo.
794 1771 913 1848 Ideoque
931 1788 984 1828 non
1037 1773 1096 1834 ούδί
1117 1760 1170 1858 γδρ
1185 1764 1276 1843 ἁπλῶς
1302 1774 1366 1834 αὐτὸ
1380 1765 1450 1835 εἶπεν
1464 1778 1552 1837 οἰκεῖν
1566 1777 1640 1859 πρὸς
1656 1775 1754 1857 βραχύ,
1766 1778 1811 1836 ἀλλ’

236 1868 320 1948 dixit,
328 1866 449 1950 Spiritum
457 1864 654 1946 quihabitavit,
662 1862 720 1937 sed,
727 1865 784 1941 Qui
790 1863 917 1938 habitat,
926 1881 986 1941 per·
1038 1867 1147 1925 ἐνοικεῖν
1165 1867 1299 1940 διηνεκῶς.
1323 1866 1376 1927 Διὰ
1390 1873 1469 1928 τοῦτο
1487 1871 1540 1928 οὐκ
1552 1859 1629 1944 εἷπε,
1644 1868 1679 1929 τὸ
1690 1871 1813 1939 ἐνοικῆσαι

236 1974 347 2045 petuam
354 1960 521 2020 mansionem
532 1957 697 2040 significans.
708 1955 796 2036 Igitur
806 1954 854 2014 ille
866 1953 985 2013 maxime
1038 1958 1159 2036 Πνεῦμα,
1174 1958 1252 2032 ἀλλὰ,
1266 1960 1308 2020 Τδ
1318 1962 1444 2032 ἐνοικοῦν,
1458 1960 1507 2034 τὴν
1524 1961 1622 2021 διόλου
1645 1960 1732 2039 μονὴν
1745 1963 1813 2020 tetri-

238 2052 319 2130 ririt,
334 2051 382 2133 qui
402 2049 468 2110 huic
487 2048 550 2110 vitae
569 2061 692 2111 mortuus
710 2060 759 2107 eat
775 2044 841 2106 Ideo
854 2043 981 2105 dicebat:
1037 2048 1174 2128 κινύμενος.
1196 2054 1297 2112 Οὐκοῦν
1311 2053 1362 2119 ζῶν
1379 2044 1453 2120 οὗτος
1468 2053 1596 2130 μάλιστά
1611 2055 1692 2112 ίστιν
1706 2056 1814 2131 ὀνειρο-

238 2144 364 2227 Spiritus
375 2147 443 2203 vita
454 2155 624 2223 estprupter
630 2143 790 2223 justitiam.
800 2137 837 2197 Et
847 2136 984 2197 aedictum
1039 2139 1091 2207 θεὶς
1104 2144 1144 2221 τῷ
1158 2140 1216 2223 βίῳ.
1229 2142 1277 2202 Διὸ
1289 2143 1334 2202 καί
1345 2143 1437 2223 ἔλεγε,
1452 2144 1494 2203 Τὸ
1506 2145 1634 2224 Πνεῦμα
1654 2144 1713 2219 ζωὴ
1729 2144 1815 2204 utu

238 2233 427 2296 illud'clarius
446 2233 551 2311 evadat,
569 2230 638 2291 duos
657 2228 840 2312 producamus
854 2226 985 2304 homines,
1038 2231 1190 2306 καιοσύνην.
1214 2233 1267 2294 Καί
1287 2233 1330 2294 ἵνα
1351 2235 1511 2319 σαφέστερον
1531 2235 1565 2294 τδ
1581 2237 1736 2318 λεγόμενον
1752 2236 1816 2314 ρξη.

102 2386 105 2393 ,
173 2386 177 2397 ,
237 2327 329 2388 alium·
339 2325 431 2404 luxui,
451 2322 638 2406 voluptatibus
657 2335 683 2383 et
698 2321 813 2382 fallacia
826 2320 890 2382 ritae
907 2318 987 2379 dedi-
1039 2346 1100 2400 ται,
1121 2324 1169 2383 δύο
1186 2326 1349 2407 παράγωμεν
1364 2325 1540 2410 ἀνθρώπους,
1556 2329 1607 2389 τδν
1624 2327 1680 2406 μὲν
1692 2330 1816 2406 ἐκδεδυμέ

239 2433 310 2499 tum,
322 2418 410 2479 ‘saliam
419 2418 463 2478 his
473 2430 611 2478 mortuum
622 2438 631 2492 3
645 2428 671 2474 et
682 2414 826 2476 videamus
837 2424 897 2471 uter
908 2432 943 2471 ex
953 2410 986 2470 il·
1041 2440 1083 2477 νον
1097 2416 1224 2486 ἀσωτίαις
1236 2418 1281 2479 καί
1292 2420 1398 2492 ἡδοναῖς
1412 2419 1504 2499 καλιῇ
1520 2419 1622 2501 ἀπάτῃ
1635 2427 1688 2480 τοῦ
1699 2421 1770 2501 βίου·
1780 2422 1817 2481 τὸν

239 2511 276 2571 lis
285 2510 405 2571 maxime
419 2509 504 2569 vivat.
520 2507 566 2567 Ex
575 2505 620 2565 his
634 2503 743 2565 duobus
757 2504 825 2564 alter
837 2501 873 2563 sit
888 2500 985 2561 admo·
1042 2508 1072 2570 δέ
1081 2507 1274 2594 νενεκρωμένον
1289 2510 1402 2578 τούτοις·
1417 2511 1463 2571 καί
1477 2511 1581 2592 ἰ’δωμεν
1593 2513 1642 2582 τίς
1657 2519 1719 2577 ἐστι
1729 2517 1817 2594 μᾶλλον

240 2601 309 2663 dum
321 2594 410 2678 dives,
422 2598 547 2668 illustris,
557 2595 690 2678 parasitos
704 2607 730 2655 et
740 2593 892 2656 adulatores
900 2591 989 2652 nuui-
1041 2603 1056 2660 δ
1075 2605 1136 2670 ζῶν.
1157 2598 1250 2661 Ἔστω
1270 2601 1323 2686 γὰρ
1342 2611 1397 2664 τοῖν
1419 2605 1489 2664 δυοῖν
1504 2605 1619 2668 τούτοιν
1635 2606 1716 2687 ὑμίν
1731 2607 1819 2689 σσρύῦρε

239 2716 302 2777 etna,
318 2696 367 2777 qui
382 2709 467 2757 totam
481 2693 525 2754 his
539 2693 567 2753 in
580 2691 663 2751 rebus
681 2689 754 2750 diem
768 2691 900 2766 absnmt,
918 2687 988 2770 gulae
1004 2704 1024 2751 1)
1041 2692 1164 2761 πλούσιος
1176 2693 1222 2753 κοιλ
1232 2692 1371 2773 ἐπίτομος,
1389 2695 1553 2776 παρασίτους
1563 2698 1681 2780 τρέφων
1691 2699 1738 2759 καί
1748 2700 1819 2759 κέλε-

240 2804 267 2852 ct
276 2790 394 2873 crapulae
406 2787 535 2867 deditus3
546 2786 613 2845 alter
627 2784 656 2844 iu
668 2794 826 2866 paupertate
833 2782 944 2862 degens,
959 2783 988 2843 in
1041 2806 1107 2857 κας,
1117 2783 1163 2843 καί
1173 2794 1262 2845 πᾶσαν
1273 2788 1308 2854 είς
1318 2790 1395 2847 τοῦτο
1404 2787 1574 2848 ἀναλισκέτω
1583 2789 1640 2864 τὴν
1651 2791 1769 2872 ἡμέραν,
1777 2816 1820 2850 κο

237 2881 353 2964 jejunio,
366 2880 506 2959 etreliqua
515 2877 579 2938 ritae
592 2875 693 2936 duritie
705 2889 785 2955 atque
797 2874 988 2956 philosophia3
1043 2877 1133 2955 μείζων
1154 2877 1200 2937 καλ
1209 2881 1381 2959 κραιπαλῶν·
1400 2885 1414 2940 δ
1427 2879 1454 2940 δί
1466 2880 1556 2964 ίτερος
1562 2926 1573 2959 ,
1583 2883 1676 2965 πενίᾳ
1685 2888 1772 2953 συζῶν
1782 2884 1819 2943 καί

241 2995 353 3056 vespere
372 2969 550 3033 necessarium
572 2966 758 3029 tautummodo
779 2967 871 3026 cibum
891 2967 989 3049 capiat,
1042 2969 1151 3051 νηστεία
1163 2970 1211 3034 καί
1224 2972 1348 3052 τῇλοιιτῇ
1363 2974 1556 3055 σκληραγιογίρ
1569 2998 1602 3035 τε
1614 2978 1667 3036 καί
1678 2976 1819 3058 ριλοαορίρ,

242 3077 291 3125 aut
301 3066 325 3124 si
334 3064 431 3140 mavis,
442 3061 512 3121 duos
521 3073 608 3120 tresve
619 3059 677 3119 dies
684 3059 794 3140 jejunus
803 3072 908 3118 maneat
916 3082 923 3116 :
931 3071 991 3119 uter
1042 3065 1070 3122 ίν
1081 3062 1181 3146 ίαπίρρ
1195 3067 1244 3135 τῆς
1257 3063 1401 3142 ἀναγκαίας
1413 3067 1655 3144 μεταλαμθανέτω
1664 3075 1766 3150 τΜῇς
1778 3069 1818 3146 μ’.

243 3157 333 3218 σκίιίε
340 3155 449 3215 duobus
462 3152 682 3215 maximevirere
691 3149 992 3223 demetientem
1044 3177 1097 3228 νον,
1109 3153 1127 3226 ἢ
1141 3157 1164 3214 εί
1175 3155 1276 3234 βούλει,
1293 3155 1339 3216 καί
1351 3155 1397 3216 δύο
1408 3157 1454 3216 καί
1463 3168 1535 3238 τρεῖς
1546 3159 1648 3228 ἄσιτος
1658 3161 1765 3242 ἡμέρῃ
1780 3184 1820 3240 μ.

244 3251 313 3311 bene
324 3248 398 3325 nori,
413 3216 608 3307 existimibunt
619 3243 699 3302 illum
712 3243 892 3302 exsultantem
906 3255 932 3301 et
943 3263 991 3301 sua
1044 3246 1111 3306 νίτω
1122 3271 1129 3284 ·
1140 3247 1179 3314 τίς
1189 3237 1233 3307 ούν
1244 3253 1307 3326 ἡμῖν
1317 3247 1392 3308 ἔσται
1403 3252 1433 3308 ἐκ
1443 3254 1497 3309 τῶν
1507 3251 1554 3311 δύο
1565 3252 1675 3314 τούτων
1688 3259 1702 3314 δ
1714 3253 1821 3331 μα’λιττι

245 3355 415 3425 spargentem
429 3362 437 3396 ε
451 3360 500 3399 nos
514 3358 580 3398 vero
596 3336 687 3414 illum,
704 3336 750 3415 qui
764 3335 901 3395 moderate
913 3336 991 3395 bonis
1045 3341 1111 3412 ζῶν,
1125 3341 1160 3398 ot
1175 3339 1222 3416 μὲν
1234 3341 1327 3400 πολλοί
1342 3331 1370 3400 sd
1386 3332 1433 3401 οἶδ’
1444 3340 1484 3402 δτι
1496 3345 1598 3404 ἐκεῖνον
1610 3346 1775 3425 ἡγήσονται,
1784 3349 1821 3405 ’.ἰν

246 3435 354 3494 fruitur.
369 3435 464 3511 ltaque
481 3450 544 3489 cum
559 3429 624 3488 inde
640 3428 822 3489 controversia
837 3428 949 3504 oriatur,
963 3427 991 3487 in
1044 3432 1221 3513 'neptium
1233 3431 1279 3490 καί
1289 3431 1463 3513 οκορπίζοντα
1473 3433 1508 3493 τδι
1519 3438 1622 3494 αὑτοῦ·
1633 3441 1717 3515 ἡμεῖς
1729 3439 1757 3498 δὲ
1767 3443 1823 3498 art-

247 3527 389 3607 utriusque
411 3522 483 3582 sedes
504 3519 702 3601 ingrediamur,
722 3533 748 3578 et
767 3532 832 3578 tunc
853 3519 991 3596 intremus,
1015 3558 1020 3565 ·
1046 3545 1090 3582 νον
1099 3523 1144 3584 τὸν
1154 3523 1318 3605 συμμετρίας
1329 3524 1503 3585 ἀπολαύοντα.
1518 3528 1631 3587 Οὐκοῦν
1644 3530 1743 3601 ἐπειδὴ
1756 3529 1823 3608 μέρη

247 3637 312 3677 oum
321 3615 399 3676 dives
410 3613 457 3672 ille
466 3611 587 3671 maxime
597 3610 693 3672 virere
702 3609 753 3669 tihi
765 3608 884 3686 ridetur,
896 3610 993 3692 inipso
1046 3615 1092 3674 καί
1109 3615 1254 3697 φιλονεικία
1268 3615 1333 3684 τέως
1344 3617 1427 3689 ἐστίν,
1440 3616 1535 3686 εἰςτὰς
1547 3620 1690 3701 ἑκατέρω,
1702 3622 1824 3682 gemm.

248 3707 397 3790 voluptatis
407 3720 528 3787 tempore
537 3728 545 3780 3
555 3718 582 3765 et
594 3702 708 3783 ingressi
720 3701 932 3783 contemplemur
940 3724 993 3783 quo
1010 3724 1029 3771 E
1048 3732 1096 3787 μιν
1111 3708 1211 3782 οἰκίας,
1234 3705 1301 3768 1’κοιλ
1318 3709 1377 3769 τότε
1385 3751 1393 3779 ,
1411 3708 1455 3769 ὅτε
1475 3733 1517 3770 σοι
1530 3711 1657 3788 μάλιστα
1670 3715 1747 3775 δοκεῖ
1758 3718 1824 3795 {fiet

248 3802 277 3862 in
286 3815 358 3863 statu
369 3813 482 3878 uterque
492 3799 527 3859 sit
543 3822 550 3856 :
566 3818 629 3857 nam
639 3817 675 3857 ex
688 3795 770 3877 gestis
783 3794 994 3877 deprehenditur
1047 3801 1191 3874 πλούσιος,
1210 3805 1237 3862 ἐν
1248 3804 1321 3883 αι’πῷ
1331 3805 1369 3881 τῷ
1381 3805 1465 3882 καιρῷ
1479 3807 1526 3875 τῆς
1540 3810 1667 3884 τρυφῆς,
1682 3806 1733 3866 καὶ
1747 3811 1823 3866 εὶς-ε’,-

247 3909 309 3957 uter
316 3895 401 3971 vivat,
410 3906 471 3952 uter
479 3904 602 3951 mortuus
610 3891 655 3951 sit.
666 3891 790 3951 Alterum
800 3904 871 3950 certe
878 3889 993 3951 invenie·
1045 3894 1132 3962 θέντες
1142 3894 1292 3972 κατίδωμεν
1307 3897 1334 3953 ἐν
1345 3892 1413 3953 τίσιν
1424 3893 1493 3954 ἐστὶν
1504 3894 1632 3977 ἑκάτερος
1640 3900 1749 3958 τούτων
1760 3923 1767 3935 ·
1778 3902 1824 3958 ἀπὸ

248 4008 309 4048 mus
323 3987 393 4047 inter
404 3984 501 4059 libros,
513 3983 540 4042 in
551 3982 680 4061 oratione,
695 3983 722 4042 in
730 3982 847 4066 jejunio,
858 3996 906 4043 aut
916 3983 993 4043 alteri
1047 3974 1164 4067 γδρτῦν
1177 3985 1297 4065 πράξεων
1311 3984 1384 4044 καλδ
1400 3988 1451 4053 ζῶν
1461 3985 1529 4045 καὶὸ
1540 3989 1681 4061 τεθνηκὼς
1693 3992 1823 4072 φαίνεται.

248 4082 368 4165 cuipiam
380 4082 419 4142 rei
433 4078 591 4160 vigilantem
603 4098 636 4137 ao
654 4077 789 4156 deditum,
806 4100 868 4139 curn
882 4080 940 4138 Deo
952 4078 995 4138 lo-
1049 4083 1151 4140 Οὗκυῦν
1162 4077 1207 4137 τὸν
1223 4076 1271 4156 μὲν
1281 4081 1307 4138 ἐν
1321 4076 1420 4156 βίύλοις
1430 4077 1575 4158 εὑρήσομεν
1585 4080 1674 4154 ὄντα,
1689 4082 1709 4154 ἢ
1723 4088 1751 4144 ἐν
1766 4087 1823 4164 εὐχῇ

249 4187 374 4254 urentem
389 4171 527 4233 :alterum
543 4168 670 4228 ebrietate
684 4169 830 4241 obrutum,
843 4190 875 4227 ac
888 4182 995 4229 mortuo
1049 4171 1095 4231 καί
1113 4169 1237 4251 νηστείρ,
1251 4168 1269 4240 ἢ
1283 4172 1310 4228 ἐν
1324 4171 1398 4249 σίλλιρ
1410 4169 1462 4228 τινί
1475 4173 1526 4227 τῶν
1543 4172 1704 4251 ἀναγκαίων
1720 4178 1825 4256 ἐγρηγο

250 4253 337 4327 nihiio
350 4264 448 4325 melius
457 4264 586 4334 affectum
597 4260 760 4331 videbimus.
768 4263 798 4323 si
811 4262 847 4321 ad
856 4284 995 4344 vesperam
1051 4265 1134 4345 ρύτα,
1156 4263 1203 4323 καί
1225 4262 1341 4342 νήφοντα
1360 4262 1405 4322 καί
1428 4265 1491 4342 Θεῷ
1505 4263 1715 4343 διαλεγόμενος·
1740 4271 1785 4329 τὸ,
1802 4270 1825 4327 3}

250 4378 338 4439 usque
352 4376 524 4431 maneamus,
538 4367 653 4413 mortem
667 4354 754 4434 magis
768 4354 847 4414 illum
861 4354 996 4416 invaden-
1050 4354 1157 4426 ὑπὸτῆς
1168 4353 1248 4431 μέθης
1260 4353 1454 4431 βαπτισθέντα,
1469 4352 1514 4411 καί
1524 4362 1620 4433 νεκροῦ
1631 4359 1712 4418 οὐδὲν
1725 4359 1824 4438 ἄμεινον

251 4463 308 4512 tem
325 4448 488 4524 videbimus,
505 4459 531 4506 et
547 4460 638 4526 postea
651 4446 836 4507 succedentem
849 4468 974 4507 somnum
989 4470 996 4504 ι
1051 4444 1214 4524 διακείμενον
1233 4446 1364 4524 θίνύμεθα·
1379 4443 1428 4502 κᾶν
1444 4443 1524 4524 μέχρι
1536 4449 1585 4517 τῆς
1599 4449 1725 4532 ἑσπέρας
1739 4452 1827 4529 μείνω

252 4543 369 4604 alterum
381 4539 537 4602 nemetiam
550 4551 631 4598 noctu
644 4539 812 4619 vigilantem.
823 4542 925 4601 Utrum
933 4561 998 4621 ergo
1006 4586 1043 4625 572
1053 4562 1111 4617 μεν,
1125 4536 1232 4597 πλείονα
1243 4537 1288 4595 τὸν
1300 4535 1409 4596 θάνατον
1420 4542 1509 4594 τοῦτον
1521 4535 1632 4597 ἐπιόντα
1645 4544 1721 4621 αὐτῷ
1736 4546 1825 4605 θεοπύ-

233 4637 375 4700 ιᾶἰοειιιυε
384 4633 475 4716 potius
485 4631 589 4710 rivere,
601 4653 697 4691 eumue
707 4632 754 4711 qui
764 4633 821 4693 sine
830 4655 907 4694 seusu
915 4634 997 4716 jacet,
1014 4642 1034 4688 Α
1053 4636 1137 4709 μεθα,
1151 4631 1270 4689 κάκεῖθεν
1280 4627 1360 4687 πάλιν
1371 4626 1450 4687 ύπνον
1461 4629 1671 4709 διαδεχόμενον·
1686 4634 1736 4694 τδν
1750 4636 1777 4694 δὲ
1789 4637 1828 4696 καὶ

253 4729 292 4791 ad'
300 4728 386 4790 risum
399 4723 526 4786 omnibus
537 4722 693 4803 expositum
708 4746 718 4800 3
733 4744 768 4783 an
781 4745 853 4797 eum,
869 4724 918 4803 qui
931 4747 996 4808 ope-
1052 4726 1078 4783 ἐν
1089 4721 1164 4782 νυκτί
1175 4719 1290 4800 νήφοντα
1304 4719 1349 4777 καί
1359 4719 1531 4800 ἐγρηγορότα.
1553 4719 1627 4780 Τίνα
1645 4714 1691 4784 οῦν
1707 4725 1743 4784 διν
1752 4727 1829 4785 εἴποι·

254 4838 331 4883 εοεαε
342 4835 370 4881 et
381 4840 444 4880 curn
458 4819 516 4877 Deo
530 4815 651 4894 loquitur
664 4816 676 4875 i
690 4815 773 4877 illum
786 4816 858 4877 enim
871 4816 894 4877 si
907 4817 997 4899 adeas,
1053 4810 1101 4897 μεν
1116 4815 1216 4893 μᾶλλον
1230 4815 1294 4891 ζῇν,
1308 4812 1352 4872 τδν
1364 4811 1527 4885 ἀναισθήτως
1545 4813 1683 4893 κείμενον,
1701 4820 1751 4879 καί
1772 4844 1830 4900 τρο

288 5022 301 5050 ⁸
318 5023 328 5088 [
341 5024 369 5072 Α.
380 5027 418 5075 καί
429 5027 468 5074 τδν
478 5026 560 5089 μυρίον
570 5029 615 5071 τῶν
626 5025 703 5072 παθῶν
715 5019 748 5084 λ]
1094 5019 1107 5056 ¹³
1130 5011 1217 5066 Murci.
1231 5011 1296 5064 maie
1308 5019 1345 5067 καὶ
1356 5022 1409 5066 τύτι
1420 5018 1531 5079 μάλιστα,
1542 5017 1583 5067 δτι
1593 5036 1628 5070 σοι
1639 5023 1759 5083 μάλιστα.

288 5118 299 5142 ·
316 5101 326 5166 [
337 5113 454 5170 τρυφῶντα
464 5100 492 5148 Α.
503 5107 530 5149 et
539 5112 618 5164 marg,
631 5094 722 5161 Sunii]
