<?xml version="1.0" encoding="UTF-8"?>
<!DOCTYPE html PUBLIC "-//W3C//DTD XHTML 1.0 Transitional//EN"
    "http://www.w3.org/TR/xhtml1/DTD/xhtml1-transitional.dtd">
<html xmlns="http://www.w3.org/1999/xhtml" xml:lang="en" lang="en">
 <head>
  <title>
</title>
<meta http-equiv="Content-Type" content="text/html;charset=utf-8" />
  <meta name='ocr-system' content='tesseract 3.04.00' />
  <meta name='ocr-capabilities' content='ocr_page ocr_carea ocr_par ocr_line ocrx_word'/>
</head>
<body>
  <div class='ocr_page' id='page_1' title='image "./sanctipatrisnos01chrygoog/sanctipatrisnos01chrygoog_0307.png"; bbox 0 0 3728 5978; ppageno 0'>
   <div class='ocr_carea' id='block_1_1' title="bbox 118 435 1344 521">
    <p class='ocr_par' dir='ltr' id='par_1_1' title="bbox 118 435 1344 521">
     <span class='ocr_line' id='line_1_1' title="bbox 118 435 1344 521; baseline -0.009 -26"><span class='ocrx_word' id='word_1_1' title='bbox 118 446 187 521; x_wconf 74' lang='lat'>272</span> <span class='ocrx_word' id='word_1_2' title='bbox 450 441 480 491; x_wconf 88' lang='lat' dir='ltr'>S</span> <span class='ocrx_word' id='word_1_3' title='bbox 506 441 649 491; x_wconf 69' lang='lat' dir='ltr'>tubulus</span> <span class='ocrx_word' id='word_1_4' title='bbox 674 437 859 490; x_wconf 75' lang='lat' dir='ltr'>CHRYSOST</span> <span class='ocrx_word' id='word_1_5' title='bbox 886 437 1043 486; x_wconf 71' lang='lat' dir='ltr'>suntuna.</span> <span class='ocrx_word' id='word_1_6' title='bbox 1070 435 1344 486; x_wconf 68' lang='lat' dir='ltr'>consubrino?</span> 
     </span>
    </p>
   </div>
   <div class='ocr_carea' id='block_1_2' title="bbox 0 552 1703 5080">
    <p class='ocr_par' dir='ltr' id='par_1_2' title="bbox 0 552 1703 5080">
     <span class='ocr_line' id='line_1_2' title="bbox 115 552 1685 649; baseline -0.008 -20"><span class='ocrx_word' id='word_1_7' title='bbox 115 567 191 641; x_wconf 82' lang='lat' dir='ltr'>Quid</span> <span class='ocrx_word' id='word_1_8' title='bbox 206 565 496 628; x_wconf 82' lang='lat' dir='ltr'>illoabominabilius?</span> <span class='ocrx_word' id='word_1_9' title='bbox 509 567 600 647; x_wconf 93' lang='lat' dir='ltr'>quid</span> <span class='ocrx_word' id='word_1_10' title='bbox 592 567 726 649; x_wconf 84' lang='lat' dir='ltr'>impurius</span> <span class='ocrx_word' id='word_1_11' title='bbox 740 565 788 625; x_wconf 92' lang='lat' dir='ltr'>illo</span> <span class='ocrx_word' id='word_1_12' title='bbox 802 585 859 635; x_wconf 89' lang='lat' dir='ltr'>ore,</span> <span class='ocrx_word' id='word_1_13' title='bbox 914 562 984 631; x_wconf 78' lang='grc' dir='ltr'>ἅπαξ</span> <span class='ocrx_word' id='word_1_14' title='bbox 998 561 1234 642; x_wconf 79' lang='grc' dir='ltr'>ύμίσαςίπαύετο,</span> <span class='ocrx_word' id='word_1_15' title='bbox 1245 565 1292 622; x_wconf 80' lang='grc' dir='ltr'>οὐκ</span> <span class='ocrx_word' id='word_1_16' title='bbox 1305 552 1337 634; x_wconf 70' lang='grc' dir='ltr'>ἦν</span> <span class='ocrx_word' id='word_1_17' title='bbox 1351 583 1404 620; x_wconf 87' lang='grc' dir='ltr'>κατ</span> <span class='ocrx_word' id='word_1_18' title='bbox 1405 559 1543 620; x_wconf 71' lang='grc' dir='ltr'>’ίιιιῑνοψ</span> <span class='ocrx_word' id='word_1_19' title='bbox 1536 555 1685 618; x_wconf 55' lang='lat' dir='ltr'>wldri-</span> 
     </span>
     <span class='ocr_line' id='line_1_3' title="bbox 115 639 1683 739; baseline -0.006 -21"><span class='ocrx_word' id='word_1_20' title='bbox 115 681 164 738; x_wconf 84' lang='lat' dir='ltr'>qui</span> <span class='ocrx_word' id='word_1_21' title='bbox 156 658 238 718; x_wconf 88' lang='lat' dir='ltr'>tales</span> <span class='ocrx_word' id='word_1_22' title='bbox 250 646 354 719; x_wconf 82' lang='lat' dir='ltr'><strong>mandit</strong></span> <span class='ocrx_word' id='word_1_23' title='bbox 363 659 455 719; x_wconf 80' lang='lat' dir='ltr'>escas?</span> <span class='ocrx_word' id='word_1_24' title='bbox 464 659 547 738; x_wconf 76' lang='lat' dir='ltr'>Atqui</span> <span class='ocrx_word' id='word_1_25' title='bbox 555 659 608 719; x_wconf 90' lang='lat' dir='ltr'>boe</span> <span class='ocrx_word' id='word_1_26' title='bbox 618 680 687 739; x_wconf 88' lang='lat' dir='ltr'>opus</span> <span class='ocrx_word' id='word_1_27' title='bbox 698 671 738 717; x_wconf 90' lang='lat' dir='ltr'>est</span> <span class='ocrx_word' id='word_1_28' title='bbox 748 669 859 729; x_wconf 83' lang='lat' dir='ltr'>namrae,</span> <span class='ocrx_word' id='word_1_29' title='bbox 876 659 896 708; x_wconf 79' lang='lat' dir='ltr'><strong>E</strong></span> <span class='ocrx_word' id='word_1_30' title='bbox 913 657 956 714; x_wconf 88' lang='grc' dir='ltr'>λιν</span> <span class='ocrx_word' id='word_1_31' title='bbox 969 654 1004 713; x_wconf 77' lang='grc' dir='ltr'>τὰ</span> <span class='ocrx_word' id='word_1_32' title='bbox 1016 652 1084 714; x_wconf 78' lang='grc' dir='ltr'>αὐτὰ</span> <span class='ocrx_word' id='word_1_33' title='bbox 1098 657 1172 734; x_wconf 78' lang='grc' dir='ltr'>ἐμαί,</span> <span class='ocrx_word' id='word_1_34' title='bbox 1182 655 1261 726; x_wconf 69' lang='grc' dir='ltr'>δῆλον</span> <span class='ocrx_word' id='word_1_35' title='bbox 1273 653 1314 714; x_wconf 82' lang='grc' dir='ltr'>ότι</span> <span class='ocrx_word' id='word_1_36' title='bbox 1332 651 1366 713; x_wconf 73' lang='grc' dir='ltr'>τί</span> <span class='ocrx_word' id='word_1_37' title='bbox 1381 651 1449 712; x_wconf 69' lang='lat' dir='ltr'>ebed</span> <span class='ocrx_word' id='word_1_38' title='bbox 1467 649 1573 734; x_wconf 73' lang='grc' dir='ltr'>φαγών.</span> <span class='ocrx_word' id='word_1_39' title='bbox 1592 639 1672 709; x_wconf 89' lang='grc' dir='ltr'>Τί</span> <span class='ocrx_word' id='word_1_40' title='bbox 1644 671 1683 707; x_wconf 91' lang='grc' dir='ltr'>ουν</span> 
     </span>
     <span class='ocr_line' id='line_1_4' title="bbox 117 742 1682 828; baseline -0.004 -20"><span class='ocrx_word' id='word_1_41' title='bbox 117 749 188 809; x_wconf 87' lang='lat' dir='ltr'>illud</span> <span class='ocrx_word' id='word_1_42' title='bbox 208 750 332 828; x_wconf 89' lang='lat' dir='ltr'>minime3</span> <span class='ocrx_word' id='word_1_43' title='bbox 341 750 397 810; x_wconf 91' lang='lat' dir='ltr'>imo</span> <span class='ocrx_word' id='word_1_44' title='bbox 410 763 437 810; x_wconf 88' lang='lat' dir='ltr'>et</span> <span class='ocrx_word' id='word_1_45' title='bbox 453 751 505 810; x_wconf 90' lang='lat' dir='ltr'>boo</span> <span class='ocrx_word' id='word_1_46' title='bbox 516 764 541 809; x_wconf 88' lang='lat' dir='ltr'>et</span> <span class='ocrx_word' id='word_1_47' title='bbox 553 750 624 810; x_wconf 90' lang='lat' dir='ltr'>illud</span> <span class='ocrx_word' id='word_1_48' title='bbox 637 763 728 810; x_wconf 86' lang='lat' dir='ltr'>eontra</span> <span class='ocrx_word' id='word_1_49' title='bbox 737 762 862 808; x_wconf 86' lang='lat' dir='ltr'>naturam</span> <span class='ocrx_word' id='word_1_50' title='bbox 916 747 1116 828; x_wconf 79' lang='grc' dir='ltr'>βδελυκτότερον</span> <span class='ocrx_word' id='word_1_51' title='bbox 1126 770 1173 807; x_wconf 90' lang='grc' dir='ltr'>του</span> <span class='ocrx_word' id='word_1_52' title='bbox 1182 769 1313 805; x_wconf 76' lang='grc' dir='ltr'>τοιουτου</span> <span class='ocrx_word' id='word_1_53' title='bbox 1306 742 1682 827; x_wconf 80' lang='grc' dir='ltr'>,τίθίάκαθαρτύτιρανέκιύ</span> 
     </span>
     <span class='ocr_line' id='line_1_5' title="bbox 117 836 1678 920; baseline -0.004 -20"><span class='ocrx_word' id='word_1_54' title='bbox 117 853 166 900; x_wconf 87' lang='lat' dir='ltr'>est.</span> <span class='ocrx_word' id='word_1_55' title='bbox 183 839 350 915; x_wconf 84' lang='lat' dir='ltr'>Quomodo?</span> <span class='ocrx_word' id='word_1_56' title='bbox 361 843 422 900; x_wconf 88' lang='lat' dir='ltr'>Non</span> <span class='ocrx_word' id='word_1_57' title='bbox 442 841 592 900; x_wconf 85' lang='lat' dir='ltr'>secundum</span> <span class='ocrx_word' id='word_1_58' title='bbox 606 854 732 900; x_wconf 79' lang='lat' dir='ltr'>nanuum</span> <span class='ocrx_word' id='word_1_59' title='bbox 746 853 787 899; x_wconf 87' lang='lat' dir='ltr'>est</span> <span class='ocrx_word' id='word_1_60' title='bbox 803 838 862 898; x_wconf 86' lang='lat' dir='ltr'>sine</span> <span class='ocrx_word' id='word_1_61' title='bbox 913 863 959 899; x_wconf 91' lang='grc' dir='ltr'>νου</span> <span class='ocrx_word' id='word_1_62' title='bbox 972 846 1018 900; x_wconf 83' lang='grc' dir='ltr'>τοῦ</span> <span class='ocrx_word' id='word_1_63' title='bbox 1037 839 1183 920; x_wconf 88' lang='grc' dir='ltr'>στόματος,</span> <span class='ocrx_word' id='word_1_64' title='bbox 1196 843 1243 898; x_wconf 79' lang='grc' dir='ltr'>τοῦ</span> <span class='ocrx_word' id='word_1_65' title='bbox 1257 837 1381 905; x_wconf 74' lang='grc' dir='ltr'>τοιαύτας</span> <span class='ocrx_word' id='word_1_66' title='bbox 1403 836 1612 916; x_wconf 79' lang='grc' dir='ltr'>διαμασωμένυι</span> <span class='ocrx_word' id='word_1_67' title='bbox 1623 859 1678 917; x_wconf 88' lang='grc' dir='ltr'>τρυ-</span> 
     </span>
     <span class='ocr_line' id='line_1_6' title="bbox 116 927 1677 1013; baseline -0.001 -22"><span class='ocrx_word' id='word_1_68' title='bbox 116 951 197 991; x_wconf 83' lang='lat' dir='ltr'>oausa</span> <span class='ocrx_word' id='word_1_69' title='bbox 215 932 406 993; x_wconf 84' lang='lat' dir='ltr'>contumeliam</span> <span class='ocrx_word' id='word_1_70' title='bbox 423 933 530 1009; x_wconf 90' lang='lat' dir='ltr'>inferre,</span> <span class='ocrx_word' id='word_1_71' title='bbox 545 933 594 993; x_wconf 87' lang='lat' dir='ltr'>sed</span> <span class='ocrx_word' id='word_1_72' title='bbox 607 947 699 992; x_wconf 79' lang='lat' dir='ltr'>oonua</span> <span class='ocrx_word' id='word_1_73' title='bbox 713 945 859 992; x_wconf 85' lang='lat' dir='ltr'>naturam:</span> <span class='ocrx_word' id='word_1_74' title='bbox 915 930 982 1012; x_wconf 81' lang='grc' dir='ltr'>φός;</span> <span class='ocrx_word' id='word_1_75' title='bbox 997 932 1084 992; x_wconf 90' lang='grc' dir='ltr'>καίτοι</span> <span class='ocrx_word' id='word_1_76' title='bbox 1098 956 1129 1012; x_wconf 91' lang='grc' dir='ltr'>γε</span> <span class='ocrx_word' id='word_1_77' title='bbox 1141 937 1219 992; x_wconf 84' lang='grc' dir='ltr'>τοῦτο</span> <span class='ocrx_word' id='word_1_78' title='bbox 1236 929 1338 1011; x_wconf 77' lang='grc' dir='ltr'>φύσεως</span> <span class='ocrx_word' id='word_1_79' title='bbox 1355 928 1431 1013; x_wconf 77' lang='grc' dir='ltr'>ἔργον</span> <span class='ocrx_word' id='word_1_80' title='bbox 1454 929 1538 1002; x_wconf 71' lang='grc' dir='ltr'>ἐστίν,</span> <span class='ocrx_word' id='word_1_81' title='bbox 1552 931 1634 990; x_wconf 80' lang='grc' dir='ltr'>ίκιῖνο</span> <span class='ocrx_word' id='word_1_82' title='bbox 1652 927 1677 989; x_wconf 81' lang='grc' dir='ltr'>δί</span> 
     </span>
     <span class='ocr_line' id='line_1_7' title="bbox 116 1020 1674 1108; baseline -0.004 -24"><span class='ocrx_word' id='word_1_83' title='bbox 116 1027 202 1106; x_wconf 76' lang='lat' dir='ltr'>igitur</span> <span class='ocrx_word' id='word_1_84' title='bbox 210 1027 280 1087; x_wconf 90' lang='lat' dir='ltr'>nihil</span> <span class='ocrx_word' id='word_1_85' title='bbox 291 1041 320 1087; x_wconf 90' lang='lat' dir='ltr'>ut</span> <span class='ocrx_word' id='word_1_86' title='bbox 326 1027 408 1088; x_wconf 91' lang='lat' dir='ltr'>homo</span> <span class='ocrx_word' id='word_1_87' title='bbox 415 1028 544 1108; x_wconf 87' lang='lat' dir='ltr'>loquitur</span> <span class='ocrx_word' id='word_1_88' title='bbox 557 1028 605 1087; x_wconf 89' lang='lat' dir='ltr'>sed</span> <span class='ocrx_word' id='word_1_89' title='bbox 614 1027 669 1087; x_wconf 87' lang='lat' dir='ltr'>alia</span> <span class='ocrx_word' id='word_1_90' title='bbox 683 1040 715 1086; x_wconf 93' lang='lat' dir='ltr'>ut</span> <span class='ocrx_word' id='word_1_91' title='bbox 727 1026 795 1104; x_wconf 85' lang='lat' dir='ltr'>sera,</span> <span class='ocrx_word' id='word_1_92' title='bbox 807 1025 862 1084; x_wconf 89' lang='lat' dir='ltr'>alia</span> <span class='ocrx_word' id='word_1_93' title='bbox 915 1022 976 1104; x_wconf 80' lang='grc' dir='ltr'>οὐχί</span> <span class='ocrx_word' id='word_1_94' title='bbox 986 1047 992 1061; x_wconf 92' lang='grc'>·</span> <span class='ocrx_word' id='word_1_95' title='bbox 1003 1026 1102 1102; x_wconf 74' lang='grc' dir='ltr'>μᾶλλον</span> <span class='ocrx_word' id='word_1_96' title='bbox 1116 1023 1143 1085; x_wconf 74' lang='grc' dir='ltr'>δὲ</span> <span class='ocrx_word' id='word_1_97' title='bbox 1157 1023 1205 1084; x_wconf 81' lang='grc' dir='ltr'>καί</span> <span class='ocrx_word' id='word_1_98' title='bbox 1218 1029 1297 1082; x_wconf 75' lang='grc' dir='ltr'>τοῦτο</span> <span class='ocrx_word' id='word_1_99' title='bbox 1306 1021 1380 1103; x_wconf 80' lang='grc' dir='ltr'>πορθ</span> <span class='ocrx_word' id='word_1_100' title='bbox 1391 1020 1469 1102; x_wconf 82' lang='grc' dir='ltr'>φύσιν</span> <span class='ocrx_word' id='word_1_101' title='bbox 1486 1023 1601 1080; x_wconf 77' lang='grc' dir='ltr'>κάκεῖνο.</span> <span class='ocrx_word' id='word_1_102' title='bbox 1610 1021 1674 1091; x_wconf 65' lang='lat' dir='ltr'>uae</span> 
     </span>
     <span class='ocr_line' id='line_1_8' title="bbox 116 1111 1671 1200; baseline -0.002 -24"><span class='ocrx_word' id='word_1_103' title='bbox 116 1132 148 1177; x_wconf 89' lang='lat' dir='ltr'>ut</span> <span class='ocrx_word' id='word_1_104' title='bbox 166 1120 265 1179; x_wconf 87' lang='lat' dir='ltr'>furens</span> <span class='ocrx_word' id='word_1_105' title='bbox 279 1119 515 1192; x_wconf 78' lang='lat' dir='ltr'>Quemadmodum</span> <span class='ocrx_word' id='word_1_106' title='bbox 532 1139 597 1199; x_wconf 74' lang='lat' dir='ltr'>ergo</span> <span class='ocrx_word' id='word_1_107' title='bbox 618 1139 762 1200; x_wconf 87' lang='lat' dir='ltr'>oorporeus</span> <span class='ocrx_word' id='word_1_108' title='bbox 785 1137 860 1176; x_wconf 88' lang='lat' dir='ltr'>mor·</span> <span class='ocrx_word' id='word_1_109' title='bbox 915 1119 956 1176; x_wconf 86' lang='grc' dir='ltr'>Οθ</span> <span class='ocrx_word' id='word_1_110' title='bbox 970 1117 1149 1197; x_wconf 78' lang='grc' dir='ltr'>γὰρκατθ’</span> <span class='ocrx_word' id='word_1_111' title='bbox 1117 1140 1194 1198; x_wconf 79' lang='grc' dir='ltr'>φυσιν</span> <span class='ocrx_word' id='word_1_112' title='bbox 1208 1114 1325 1196; x_wconf 77' lang='grc' dir='ltr'>τθθόρίζ</span> <span class='ocrx_word' id='word_1_113' title='bbox 1325 1138 1362 1174; x_wconf 86' lang='grc' dir='ltr'>ειν</span> <span class='ocrx_word' id='word_1_114' title='bbox 1377 1117 1450 1194; x_wconf 77' lang='grc' dir='ltr'>οἰκῇ,</span> <span class='ocrx_word' id='word_1_115' title='bbox 1465 1111 1671 1194; x_wconf 71' lang='grc' dir='ltr'>θλλίιπαγᾶγί-</span> 
     </span>
     <span class='ocr_line' id='line_1_9' title="bbox 115 1203 1671 1292; baseline -0.003 -22"><span class='ocrx_word' id='word_1_116' title='bbox 115 1211 169 1271; x_wconf 91' lang='lat' dir='ltr'>bus</span> <span class='ocrx_word' id='word_1_117' title='bbox 184 1225 282 1292; x_wconf 65' lang='lat' dir='ltr'>praeter</span> <span class='ocrx_word' id='word_1_118' title='bbox 301 1226 425 1272; x_wconf 87' lang='lat' dir='ltr'>naturam</span> <span class='ocrx_word' id='word_1_119' title='bbox 445 1227 500 1286; x_wconf 81' lang='lat' dir='ltr'>est,</span> <span class='ocrx_word' id='word_1_120' title='bbox 516 1214 557 1272; x_wconf 86' lang='lat' dir='ltr'>sie</span> <span class='ocrx_word' id='word_1_121' title='bbox 578 1227 603 1273; x_wconf 92' lang='lat' dir='ltr'>et</span> <span class='ocrx_word' id='word_1_122' title='bbox 622 1212 669 1272; x_wconf 89' lang='lat' dir='ltr'>bio</span> <span class='ocrx_word' id='word_1_123' title='bbox 688 1212 810 1271; x_wconf 84' lang='lat' dir='ltr'>morbus.</span> <span class='ocrx_word' id='word_1_124' title='bbox 824 1211 862 1270; x_wconf 88' lang='lat' dir='ltr'>Et</span> <span class='ocrx_word' id='word_1_125' title='bbox 915 1232 970 1269; x_wconf 89' lang='grc' dir='ltr'>σιν·</span> <span class='ocrx_word' id='word_1_126' title='bbox 963 1208 1055 1270; x_wconf 79' lang='grc' dir='ltr'>·ούδὲν</span> <span class='ocrx_word' id='word_1_127' title='bbox 1067 1216 1127 1289; x_wconf 79' lang='grc' dir='ltr'>γοῦν</span> <span class='ocrx_word' id='word_1_128' title='bbox 1141 1205 1493 1317; x_wconf 78' lang='grc' dir='ltr'>ὡςύνθροιπρςφθίγγιται,</span> <span class='ocrx_word' id='word_1_129' title='bbox 1507 1205 1578 1266; x_wconf 75' lang='grc' dir='ltr'>ἀλλὰ</span> <span class='ocrx_word' id='word_1_130' title='bbox 1591 1203 1671 1285; x_wconf 78' lang='grc' dir='ltr'>τλγίν</span> 
     </span>
     <span class='ocr_line' id='line_1_10' title="bbox 115 1288 1669 1384; baseline -0.003 -23"><span class='ocrx_word' id='word_1_131' title='bbox 115 1303 188 1381; x_wconf 91' lang='lat' dir='ltr'>quod</span> <span class='ocrx_word' id='word_1_132' title='bbox 199 1319 295 1384; x_wconf 82' lang='lat' dir='ltr'>praeter</span> <span class='ocrx_word' id='word_1_133' title='bbox 307 1319 430 1366; x_wconf 91' lang='lat' dir='ltr'>naturam</span> <span class='ocrx_word' id='word_1_134' title='bbox 443 1306 488 1381; x_wconf 86' lang='lat' dir='ltr'>sit,</span> <span class='ocrx_word' id='word_1_135' title='bbox 502 1328 525 1364; x_wconf 82' lang='grc' dir='ltr'>ιι</span> <span class='ocrx_word' id='word_1_136' title='bbox 536 1326 564 1364; x_wconf 87' lang='grc' dir='ltr'>ιι</span> <span class='ocrx_word' id='word_1_137' title='bbox 579 1305 627 1364; x_wconf 91' lang='lat' dir='ltr'>illo</span> <span class='ocrx_word' id='word_1_138' title='bbox 645 1318 765 1364; x_wconf 80' lang='lat' dir='ltr'>moretur</span> <span class='ocrx_word' id='word_1_139' title='bbox 767 1325 861 1384; x_wconf 85' lang='lat' dir='ltr'>,-pau</span> <span class='ocrx_word' id='word_1_140' title='bbox 915 1305 951 1369; x_wconf 82' lang='grc' dir='ltr'>ὡς</span> <span class='ocrx_word' id='word_1_141' title='bbox 964 1300 1063 1382; x_wconf 80' lang='grc' dir='ltr'>θηρίον,</span> <span class='ocrx_word' id='word_1_142' title='bbox 1077 1324 1111 1359; x_wconf 90' lang='grc' dir='ltr'>τα</span> <span class='ocrx_word' id='word_1_143' title='bbox 1097 1299 1187 1360; x_wconf 75' lang='lat' dir='ltr'>&#39;‘dl</span> <span class='ocrx_word' id='word_1_144' title='bbox 1172 1323 1209 1366; x_wconf 86' lang='grc' dir='ltr'>ως</span> <span class='ocrx_word' id='word_1_145' title='bbox 1227 1298 1393 1378; x_wconf 80' lang='grc' dir='ltr'>μαινόμενος.</span> <span class='ocrx_word' id='word_1_146' title='bbox 1407 1288 1575 1378; x_wconf 77' lang='grc' dir='ltr'>Ὧοπτρυίν</span> <span class='ocrx_word' id='word_1_147' title='bbox 1594 1299 1669 1370; x_wconf 79' lang='grc' dir='ltr'>ἡτιιν</span> 
     </span>
     <span class='ocr_line' id='line_1_11' title="bbox 116 1388 1668 1506; baseline -0.001 -53"><span class='ocrx_word' id='word_1_148' title='bbox 116 1393 192 1454; x_wconf 89' lang='lat' dir='ltr'>latim</span> <span class='ocrx_word' id='word_1_149' title='bbox 204 1395 288 1476; x_wconf 84' lang='lat' dir='ltr'>perit3</span> <span class='ocrx_word' id='word_1_150' title='bbox 303 1396 331 1455; x_wconf 93' lang='lat' dir='ltr'>in</span> <span class='ocrx_word' id='word_1_151' title='bbox 344 1418 376 1456; x_wconf 89' lang='lat' dir='ltr'>eo</span> <span class='ocrx_word' id='word_1_152' title='bbox 389 1411 479 1457; x_wconf 89' lang='lat' dir='ltr'>autem</span> <span class='ocrx_word' id='word_1_153' title='bbox 490 1395 563 1475; x_wconf 91' lang='lat' dir='ltr'>quod</span> <span class='ocrx_word' id='word_1_154' title='bbox 577 1394 726 1455; x_wconf 87' lang='lat' dir='ltr'>seeundum</span> <span class='ocrx_word' id='word_1_155' title='bbox 737 1407 862 1453; x_wconf 89' lang='lat' dir='ltr'>naturam</span> <span class='ocrx_word' id='word_1_156' title='bbox 916 1392 1047 1506; x_wconf 67' lang='lat' dir='ltr'>ompdrqu</span> <span class='ocrx_word' id='word_1_157' title='bbox 1059 1391 1133 1459; x_wconf 82' lang='grc' dir='ltr'>νόσος</span> <span class='ocrx_word' id='word_1_158' title='bbox 1146 1391 1264 1471; x_wconf 77' lang='grc' dir='ltr'>παρὰ’</span> <span class='ocrx_word' id='word_1_159' title='bbox 1231 1413 1319 1472; x_wconf 81' lang='grc' dir='ltr'>φυσιν,</span> <span class='ocrx_word' id='word_1_160' title='bbox 1329 1389 1399 1450; x_wconf 80' lang='grc' dir='ltr'>σύτο)</span> <span class='ocrx_word' id='word_1_161' title='bbox 1417 1389 1464 1450; x_wconf 85' lang='grc' dir='ltr'>καί</span> <span class='ocrx_word' id='word_1_162' title='bbox 1481 1395 1568 1450; x_wconf 78' lang='grc' dir='ltr'>τοῦτο.</span> <span class='ocrx_word' id='word_1_163' title='bbox 1579 1388 1628 1449; x_wconf 82' lang='grc' dir='ltr'>Καὶ</span> <span class='ocrx_word' id='word_1_164' title='bbox 1637 1388 1668 1451; x_wconf 71' lang='lat' dir='ltr'>te</span> 
     </span>
     <span class='ocr_line' id='line_1_12' title="bbox 117 1480 1667 1569; baseline -0.003 -24"><span class='ocrx_word' id='word_1_165' title='bbox 117 1499 157 1545; x_wconf 90' lang='lat' dir='ltr'>est</span> <span class='ocrx_word' id='word_1_166' title='bbox 176 1506 292 1563; x_wconf 90' lang='lat' dir='ltr'>morans,</span> <span class='ocrx_word' id='word_1_167' title='bbox 310 1509 363 1548; x_wconf 92' lang='lat' dir='ltr'>non</span> <span class='ocrx_word' id='word_1_168' title='bbox 380 1488 489 1569; x_wconf 87' lang='lat' dir='ltr'>peribit.</span> <span class='ocrx_word' id='word_1_169' title='bbox 509 1488 624 1549; x_wconf 86' lang='lat' dir='ltr'>Mallem</span> <span class='ocrx_word' id='word_1_170' title='bbox 643 1487 783 1548; x_wconf 87' lang='lat' dir='ltr'>convivari</span> <span class='ocrx_word' id='word_1_171' title='bbox 799 1507 861 1545; x_wconf 89' lang='lat' dir='ltr'>oum</span> <span class='ocrx_word' id='word_1_172' title='bbox 916 1481 1037 1565; x_wconf 73' lang='lat' dir='ltr'>uapd&#39;</span> <span class='ocrx_word' id='word_1_173' title='bbox 1004 1506 1079 1564; x_wconf 82' lang='grc' dir='ltr'>φυσιν</span> <span class='ocrx_word' id='word_1_174' title='bbox 1102 1482 1182 1556; x_wconf 80' lang='grc' dir='ltr'>ἐστίν,</span> <span class='ocrx_word' id='word_1_175' title='bbox 1197 1485 1220 1541; x_wconf 80' lang='grc' dir='ltr'>εἰ</span> <span class='ocrx_word' id='word_1_176' title='bbox 1236 1480 1383 1562; x_wconf 79' lang='grc' dir='ltr'>ἐγχρονίστι</span> <span class='ocrx_word' id='word_1_177' title='bbox 1400 1482 1428 1540; x_wconf 83' lang='grc' dir='ltr'>ἰν</span> <span class='ocrx_word' id='word_1_178' title='bbox 1450 1484 1667 1562; x_wconf 80' lang='grc' dir='ltr'>αύτῷ,ιἰποίιίιαι</span> 
     </span>
     <span class='ocr_line' id='line_1_13' title="bbox 117 1572 1703 1658; baseline -0.002 -21"><span class='ocrx_word' id='word_1_179' title='bbox 117 1577 227 1638; x_wconf 89' lang='lat' dir='ltr'>bomine</span> <span class='ocrx_word' id='word_1_180' title='bbox 238 1578 328 1638; x_wconf 91' lang='lat' dir='ltr'>lutum</span> <span class='ocrx_word' id='word_1_181' title='bbox 346 1578 450 1658; x_wconf 88' lang='lat' dir='ltr'>edente,</span> <span class='ocrx_word' id='word_1_182' title='bbox 463 1600 545 1658; x_wconf 91' lang='lat' dir='ltr'>quam</span> <span class='ocrx_word' id='word_1_183' title='bbox 565 1600 628 1639; x_wconf 89' lang='lat' dir='ltr'>oum</span> <span class='ocrx_word' id='word_1_184' title='bbox 648 1579 712 1638; x_wconf 84' lang='lat' dir='ltr'>talia</span> <span class='ocrx_word' id='word_1_185' title='bbox 726 1578 858 1657; x_wconf 86' lang='lat' dir='ltr'>loquente.</span> <span class='ocrx_word' id='word_1_186' title='bbox 917 1575 986 1636; x_wconf 75' lang='grc' dir='ltr'>κατὰ</span> <span class='ocrx_word' id='word_1_187' title='bbox 1000 1574 1148 1656; x_wconf 81' lang='grc' dir='ltr'>μικρόν·ίν</span> <span class='ocrx_word' id='word_1_188' title='bbox 1173 1573 1253 1654; x_wconf 65' lang='lat' dir='ltr'>step</span> <span class='ocrx_word' id='word_1_189' title='bbox 1277 1574 1347 1632; x_wconf 77' lang='grc' dir='ltr'>κατὰ</span> <span class='ocrx_word' id='word_1_190' title='bbox 1366 1572 1443 1653; x_wconf 80' lang='grc' dir='ltr'>φύσιν</span> <span class='ocrx_word' id='word_1_191' title='bbox 1464 1573 1666 1653; x_wconf 73' lang='grc' dir='ltr'>ἰγγγονίζυιν,οθι</span> <span class='ocrx_word' id='word_1_192' title='bbox 1701 1594 1703 1603; x_wconf 92' lang='grc'>·</span> 
     </span>
     <span class='ocr_line' id='line_1_14' title="bbox 118 1662 1664 1754; baseline -0.004 -22"><span class='ocrx_word' id='word_1_193' title='bbox 118 1677 215 1733; x_wconf 84' lang='lat' dir='ltr'>Annon</span> <span class='ocrx_word' id='word_1_194' title='bbox 228 1673 328 1735; x_wconf 82' lang='lat' dir='ltr'>videtis</span> <span class='ocrx_word' id='word_1_195' title='bbox 343 1694 439 1754; x_wconf 86' lang='lat' dir='ltr'>porcos</span> <span class='ocrx_word' id='word_1_196' title='bbox 453 1686 554 1733; x_wconf 89' lang='lat' dir='ltr'>stereus</span> <span class='ocrx_word' id='word_1_197' title='bbox 568 1673 694 1732; x_wconf 65' lang='grc' dir='ltr'>οιίιιιιοιο</span> <span class='ocrx_word' id='word_1_198' title='bbox 705 1672 751 1731; x_wconf 88' lang='lat' dir='ltr'>Sic</span> <span class='ocrx_word' id='word_1_199' title='bbox 767 1684 794 1730; x_wconf 92' lang='lat' dir='ltr'>et</span> <span class='ocrx_word' id='word_1_200' title='bbox 806 1670 860 1729; x_wconf 89' lang='lat' dir='ltr'>isti</span> <span class='ocrx_word' id='word_1_201' title='bbox 853 1710 908 1750; x_wconf 74' lang='lat'>„7</span> <span class='ocrx_word' id='word_1_202' title='bbox 918 1668 1067 1727; x_wconf 79' lang='grc' dir='ltr'>ἀπολεῖται</span> <span class='ocrx_word' id='word_1_203' title='bbox 1087 1665 1216 1745; x_wconf 85' lang='grc' dir='ltr'>Ἑλοίμην</span> <span class='ocrx_word' id='word_1_204' title='bbox 1244 1663 1275 1724; x_wconf 74' lang='grc' dir='ltr'>ἂν</span> <span class='ocrx_word' id='word_1_205' title='bbox 1301 1662 1432 1747; x_wconf 74' lang='grc' dir='ltr'>ἀνθρώπῳ</span> <span class='ocrx_word' id='word_1_206' title='bbox 1456 1663 1581 1745; x_wconf 80' lang='grc' dir='ltr'>βόρόορον</span> <span class='ocrx_word' id='word_1_207' title='bbox 1599 1687 1664 1726; x_wconf 82' lang='grc' dir='ltr'>σιιοι·</span> 
     </span>
     <span class='ocr_line' id='line_1_15' title="bbox 118 1755 1703 1869; baseline -0.002 -47"><span class='ocrx_word' id='word_1_208' title='bbox 118 1764 195 1839; x_wconf 89' lang='lat' dir='ltr'>Quid</span> <span class='ocrx_word' id='word_1_209' title='bbox 207 1762 280 1825; x_wconf 82' lang='lat' dir='ltr'>enirn</span> <span class='ocrx_word' id='word_1_210' title='bbox 299 1764 397 1825; x_wconf 79' lang='lat' dir='ltr'>loedius</span> <span class='ocrx_word' id='word_1_211' title='bbox 410 1765 511 1842; x_wconf 85' lang='lat' dir='ltr'>verbis,</span> <span class='ocrx_word' id='word_1_212' title='bbox 526 1787 586 1845; x_wconf 82' lang='lat' dir='ltr'>quae</span> <span class='ocrx_word' id='word_1_213' title='bbox 604 1765 754 1844; x_wconf 88' lang='lat' dir='ltr'>loquuntur</span> <span class='ocrx_word' id='word_1_214' title='bbox 768 1775 862 1822; x_wconf 89' lang='lat' dir='ltr'>contu·</span> <span class='ocrx_word' id='word_1_215' title='bbox 880 1759 990 1839; x_wconf 80' lang='grc' dir='ltr'>Αμίνῳ</span> <span class='ocrx_word' id='word_1_216' title='bbox 1002 1763 1160 1831; x_wconf 81' lang='grc' dir='ltr'>κοινωνῆσαι</span> <span class='ocrx_word' id='word_1_217' title='bbox 1178 1758 1324 1869; x_wconf 79' lang='grc' dir='ltr'>τραπέζης,</span> <span class='ocrx_word' id='word_1_218' title='bbox 1336 1755 1355 1828; x_wconf 74' lang='grc' dir='ltr'>ἢ</span> <span class='ocrx_word' id='word_1_219' title='bbox 1379 1757 1549 1839; x_wconf 72' lang='grc' dir='ltr'>φθεγγομένῳ</span> <span class='ocrx_word' id='word_1_220' title='bbox 1570 1758 1703 1819; x_wconf 63' lang='grc' dir='ltr'>τοιαῦταἰ</span> 
     </span>
     <span class='ocr_line' id='line_1_16' title="bbox 118 1848 1703 1936; baseline -0.004 -21"><span class='ocrx_word' id='word_1_221' title='bbox 118 1856 291 1917; x_wconf 74' lang='grc' dir='ltr'>ιιισίίοσίίΗί</span> <span class='ocrx_word' id='word_1_222' title='bbox 314 1870 409 1916; x_wconf 87' lang='lat' dir='ltr'>curant</span> <span class='ocrx_word' id='word_1_223' title='bbox 430 1856 500 1915; x_wconf 89' lang='lat' dir='ltr'>nibil</span> <span class='ocrx_word' id='word_1_224' title='bbox 513 1876 609 1916; x_wconf 88' lang='lat' dir='ltr'>sanum</span> <span class='ocrx_word' id='word_1_225' title='bbox 626 1856 712 1936; x_wconf 92' lang='lat' dir='ltr'>loqui,</span> <span class='ocrx_word' id='word_1_226' title='bbox 728 1854 799 1914; x_wconf 90' lang='lat' dir='ltr'>nihil</span> <span class='ocrx_word' id='word_1_227' title='bbox 812 1875 863 1936; x_wconf 92' lang='lat' dir='ltr'>pu·</span> <span class='ocrx_word' id='word_1_228' title='bbox 918 1849 1293 1933; x_wconf 69' lang='grc' dir='ltr'>Ούχθρᾶτιτοθςγοίρυυς</span> <span class='ocrx_word' id='word_1_229' title='bbox 1262 1850 1597 1932; x_wconf 84' lang='grc' dir='ltr'>κοπρυνθιαμασοιγένυος;</span> <span class='ocrx_word' id='word_1_230' title='bbox 1590 1848 1703 1912; x_wconf 73' lang='grc' dir='ltr'>θίαν·</span> 
     </span>
     <span class='ocr_line' id='line_1_17' title="bbox 117 1935 1703 2029; baseline -0.001 -23"><span class='ocrx_word' id='word_1_231' title='bbox 117 1968 195 2025; x_wconf 84' lang='lat' dir='ltr'>rum,</span> <span class='ocrx_word' id='word_1_232' title='bbox 209 1940 255 2008; x_wconf 72' lang='lat' dir='ltr'>sed</span> <span class='ocrx_word' id='word_1_233' title='bbox 271 1946 376 2027; x_wconf 81' lang='lat' dir='ltr'>siquid</span> <span class='ocrx_word' id='word_1_234' title='bbox 389 1947 505 2023; x_wconf 80' lang='lat' dir='ltr'>foedum</span> <span class='ocrx_word' id='word_1_235' title='bbox 521 1947 625 2026; x_wconf 87' lang='lat' dir='ltr'>siqmd</span> <span class='ocrx_word' id='word_1_236' title='bbox 638 1961 732 2029; x_wconf 89' lang='lat' dir='ltr'>turpe</span> <span class='ocrx_word' id='word_1_237' title='bbox 748 1945 778 2005; x_wconf 92' lang='lat' dir='ltr'>id</span> <span class='ocrx_word' id='word_1_238' title='bbox 796 1967 863 2026; x_wconf 82' lang='lat' dir='ltr'>age·</span> <span class='ocrx_word' id='word_1_239' title='bbox 918 1943 964 2005; x_wconf 80' lang='grc' dir='ltr'>καί</span> <span class='ocrx_word' id='word_1_240' title='bbox 977 1935 1056 2003; x_wconf 69' lang='grc' dir='ltr'>οὗτοι</span> <span class='ocrx_word' id='word_1_241' title='bbox 1073 1942 1110 2002; x_wconf 89' lang='grc' dir='ltr'>Τί</span> <span class='ocrx_word' id='word_1_242' title='bbox 1128 1943 1181 2025; x_wconf 77' lang='grc' dir='ltr'>γὰρ</span> <span class='ocrx_word' id='word_1_243' title='bbox 1195 1942 1436 2024; x_wconf 82' lang='grc' dir='ltr'>θυσωδίστερον</span> <span class='ocrx_word' id='word_1_244' title='bbox 1400 1966 1455 2001; x_wconf 82' lang='grc' dir='ltr'>των</span> <span class='ocrx_word' id='word_1_245' title='bbox 1471 1935 1662 2024; x_wconf 76' lang='grc' dir='ltr'>ῥημάτωνύνιί</span> <span class='ocrx_word' id='word_1_246' title='bbox 1694 1938 1703 1971; x_wconf 69' lang='lat'>²</span> 
     </span>
     <span class='ocr_line' id='line_1_18' title="bbox 117 2032 1703 2118; baseline -0.001 -21"><span class='ocrx_word' id='word_1_247' title='bbox 117 2059 147 2097; x_wconf 91' lang='lat' dir='ltr'>re</span> <span class='ocrx_word' id='word_1_248' title='bbox 160 2053 186 2098; x_wconf 86' lang='lat' dir='ltr'>et</span> <span class='ocrx_word' id='word_1_249' title='bbox 203 2039 300 2100; x_wconf 78' lang='lat' dir='ltr'>ellari·</span> <span class='ocrx_word' id='word_1_250' title='bbox 313 2039 439 2118; x_wconf 89' lang='lat' dir='ltr'>quodque</span> <span class='ocrx_word' id='word_1_251' title='bbox 460 2038 571 2118; x_wconf 83' lang='lat' dir='ltr'>gravius</span> <span class='ocrx_word' id='word_1_252' title='bbox 595 2051 645 2117; x_wconf 88' lang='lat' dir='ltr'>est,</span> <span class='ocrx_word' id='word_1_253' title='bbox 659 2039 728 2098; x_wconf 89' lang='lat' dir='ltr'>dum</span> <span class='ocrx_word' id='word_1_254' title='bbox 747 2058 803 2097; x_wconf 86' lang='lat' dir='ltr'>sese</span> <span class='ocrx_word' id='word_1_255' title='bbox 815 2036 863 2098; x_wconf 89' lang='lat' dir='ltr'>de-</span> <span class='ocrx_word' id='word_1_256' title='bbox 918 2037 967 2117; x_wconf 84' lang='grc' dir='ltr'>ύόρ</span> <span class='ocrx_word' id='word_1_257' title='bbox 970 2061 1040 2099; x_wconf 88' lang='grc' dir='ltr'>ισται</span> <span class='ocrx_word' id='word_1_258' title='bbox 1029 2036 1229 2118; x_wconf 75' lang='grc' dir='ltr'>φθέγγονται,</span> <span class='ocrx_word' id='word_1_259' title='bbox 1244 2036 1352 2108; x_wconf 83' lang='grc' dir='ltr'>Σπουδὴ</span> <span class='ocrx_word' id='word_1_260' title='bbox 1366 2034 1469 2103; x_wconf 79' lang='grc' dir='ltr'>τούτοις</span> <span class='ocrx_word' id='word_1_261' title='bbox 1487 2036 1544 2097; x_wconf 80' lang='grc' dir='ltr'>ἐστὶ</span> <span class='ocrx_word' id='word_1_262' title='bbox 1558 2032 1703 2115; x_wconf 84' lang='grc' dir='ltr'>μηθίνιί··</span> 
     </span>
     <span class='ocr_line' id='line_1_19' title="bbox 117 2127 1663 2212; baseline -0.001 -22"><span class='ocrx_word' id='word_1_263' title='bbox 117 2142 237 2212; x_wconf 86' lang='lat' dir='ltr'>tmpant,</span> <span class='ocrx_word' id='word_1_264' title='bbox 261 2131 329 2191; x_wconf 90' lang='lat' dir='ltr'>alios</span> <span class='ocrx_word' id='word_1_265' title='bbox 349 2153 378 2191; x_wconf 91' lang='lat' dir='ltr'>se</span> <span class='ocrx_word' id='word_1_266' title='bbox 401 2129 546 2211; x_wconf 82' lang='lat' dir='ltr'>deturpare</span> <span class='ocrx_word' id='word_1_267' title='bbox 562 2143 668 2212; x_wconf 84' lang='lat' dir='ltr'>putant.</span> <span class='ocrx_word' id='word_1_268' title='bbox 686 2129 769 2203; x_wconf 93' lang='lat' dir='ltr'>Quod</span> <span class='ocrx_word' id='word_1_269' title='bbox 790 2128 864 2189; x_wconf 91' lang='lat' dir='ltr'>enim</span> <span class='ocrx_word' id='word_1_270' title='bbox 917 2139 978 2190; x_wconf 85' lang='grc' dir='ltr'>πεῖν</span> <span class='ocrx_word' id='word_1_271' title='bbox 989 2129 1074 2209; x_wconf 59' lang='lat' dir='ltr'>oque,</span> <span class='ocrx_word' id='word_1_272' title='bbox 1086 2129 1169 2207; x_wconf 79' lang='grc' dir='ltr'>μηδὲν</span> <span class='ocrx_word' id='word_1_273' title='bbox 1181 2127 1305 2211; x_wconf 91' lang='grc' dir='ltr'>καθαρον,</span> <span class='ocrx_word' id='word_1_274' title='bbox 1321 2130 1380 2189; x_wconf 78' lang='grc' dir='ltr'>ἀλλ’</span> <span class='ocrx_word' id='word_1_275' title='bbox 1398 2127 1424 2188; x_wconf 85' lang='grc' dir='ltr'>εἰ</span> <span class='ocrx_word' id='word_1_276' title='bbox 1443 2153 1471 2188; x_wconf 92' lang='grc' dir='ltr'>τι</span> <span class='ocrx_word' id='word_1_277' title='bbox 1491 2128 1632 2211; x_wconf 61' lang='grc' dir='ltr'>αἰσγρσνμί</span> <span class='ocrx_word' id='word_1_278' title='bbox 1644 2152 1663 2189; x_wconf 88' lang='grc' dir='ltr'>ιι</span> 
     </span>
     <span class='ocr_line' id='line_1_20' title="bbox 116 2218 1703 2304; baseline -0.001 -21"><span class='ocrx_word' id='word_1_279' title='bbox 116 2243 173 2282; x_wconf 86' lang='lat' dir='ltr'>sese</span> <span class='ocrx_word' id='word_1_280' title='bbox 187 2224 348 2304; x_wconf 85' lang='lat' dir='ltr'>deturpent,</span> <span class='ocrx_word' id='word_1_281' title='bbox 370 2222 433 2283; x_wconf 89' lang='lat' dir='ltr'>inde</span> <span class='ocrx_word' id='word_1_282' title='bbox 449 2222 543 2301; x_wconf 87' lang='lat' dir='ltr'>liquet.</span> <span class='ocrx_word' id='word_1_283' title='bbox 568 2223 610 2282; x_wconf 89' lang='lat' dir='ltr'>Ne</span> <span class='ocrx_word' id='word_1_284' title='bbox 629 2222 697 2282; x_wconf 87' lang='lat' dir='ltr'>mibi</span> <span class='ocrx_word' id='word_1_285' title='bbox 716 2221 790 2282; x_wconf 89' lang='lat' dir='ltr'>enim</span> <span class='ocrx_word' id='word_1_286' title='bbox 808 2242 863 2297; x_wconf 88' lang='lat' dir='ltr'>eos,</span> <span class='ocrx_word' id='word_1_287' title='bbox 919 2223 1053 2303; x_wconf 75' lang='grc' dir='ltr'>ἄσχημον,</span> <span class='ocrx_word' id='word_1_288' title='bbox 1065 2229 1143 2283; x_wconf 79' lang='grc' dir='ltr'>τοῦτο</span> <span class='ocrx_word' id='word_1_289' title='bbox 1159 2221 1208 2282; x_wconf 82' lang='grc' dir='ltr'>καί</span> <span class='ocrx_word' id='word_1_290' title='bbox 1219 2225 1330 2293; x_wconf 78' lang='grc' dir='ltr'>ποιῆσαι</span> <span class='ocrx_word' id='word_1_291' title='bbox 1346 2221 1391 2281; x_wconf 84' lang='grc' dir='ltr'>καὶ</span> <span class='ocrx_word' id='word_1_292' title='bbox 1412 2219 1585 2303; x_wconf 79' lang='grc' dir='ltr'>φθέγξασθαι·</span> <span class='ocrx_word' id='word_1_293' title='bbox 1596 2220 1664 2281; x_wconf 71' lang='lat' dir='ltr'>aulul</span> <span class='ocrx_word' id='word_1_294' title='bbox 1685 2218 1703 2283; x_wconf 56' lang='grc' dir='ltr'>,Ξ</span> 
     </span>
     <span class='ocr_line' id='line_1_21' title="bbox 117 2312 1703 2396; baseline 0.002 -25"><span class='ocrx_word' id='word_1_295' title='bbox 117 2313 165 2391; x_wconf 89' lang='lat' dir='ltr'>qui</span> <span class='ocrx_word' id='word_1_296' title='bbox 187 2312 328 2372; x_wconf 87' lang='lat' dir='ltr'>mendacia</span> <span class='ocrx_word' id='word_1_297' title='bbox 350 2312 511 2392; x_wconf 87' lang='lat' dir='ltr'>loquuntur,</span> <span class='ocrx_word' id='word_1_298' title='bbox 532 2313 631 2393; x_wconf 84' lang='lat' dir='ltr'>alleges</span> <span class='ocrx_word' id='word_1_299' title='bbox 636 2336 647 2390; x_wconf 89' lang='lat'>3</span> <span class='ocrx_word' id='word_1_300' title='bbox 668 2313 715 2373; x_wconf 85' lang='lat' dir='ltr'>sed</span> <span class='ocrx_word' id='word_1_301' title='bbox 736 2312 773 2372; x_wconf 88' lang='lat' dir='ltr'>sit</span> <span class='ocrx_word' id='word_1_302' title='bbox 790 2333 864 2392; x_wconf 85' lang='lat' dir='ltr'>quae·</span> <span class='ocrx_word' id='word_1_303' title='bbox 920 2312 1163 2396; x_wconf 79' lang='grc' dir='ltr'>δὴχαλεπύιττρον,</span> <span class='ocrx_word' id='word_1_304' title='bbox 1183 2314 1224 2375; x_wconf 81' lang='grc' dir='ltr'>ὅτι</span> <span class='ocrx_word' id='word_1_305' title='bbox 1247 2313 1355 2381; x_wconf 73' lang='grc' dir='ltr'>ἑαυτούς</span> <span class='ocrx_word' id='word_1_306' title='bbox 1381 2316 1482 2393; x_wconf 70' lang='grc' dir='ltr'>μᾶλλον</span> <span class='ocrx_word' id='word_1_307' title='bbox 1506 2313 1663 2394; x_wconf 79' lang='grc' dir='ltr'>αἰσχύναντος,</span> <span class='ocrx_word' id='word_1_308' title='bbox 1694 2314 1703 2319; x_wconf 78' lang='grc'><em>”</em></span> 
     </span>
     <span class='ocr_line' id='line_1_22' title="bbox 116 2400 1703 2487; baseline -0.001 -23"><span class='ocrx_word' id='word_1_309' title='bbox 116 2403 184 2464; x_wconf 88' lang='lat' dir='ltr'>dam</span> <span class='ocrx_word' id='word_1_310' title='bbox 200 2404 314 2485; x_wconf 79' lang='lat' dir='ltr'>insignis</span> <span class='ocrx_word' id='word_1_311' title='bbox 331 2405 470 2482; x_wconf 83' lang='lat' dir='ltr'>meretrix,</span> <span class='ocrx_word' id='word_1_312' title='bbox 484 2405 542 2465; x_wconf 86' lang='lat' dir='ltr'>sive</span> <span class='ocrx_word' id='word_1_313' title='bbox 560 2405 703 2485; x_wconf 81' lang='lat' dir='ltr'>quisalius</span> <span class='ocrx_word' id='word_1_314' title='bbox 724 2427 759 2466; x_wconf 87' lang='lat' dir='ltr'>ex</span> <span class='ocrx_word' id='word_1_315' title='bbox 777 2426 865 2482; x_wconf 88' lang='lat' dir='ltr'>soona,</span> <span class='ocrx_word' id='word_1_316' title='bbox 920 2408 1023 2487; x_wconf 78' lang='grc' dir='ltr'>ἑτέρους</span> <span class='ocrx_word' id='word_1_317' title='bbox 1043 2404 1177 2487; x_wconf 77' lang='grc' dir='ltr'>αἰσχύνειν</span> <span class='ocrx_word' id='word_1_318' title='bbox 1191 2404 1378 2467; x_wconf 74' lang='grc' dir='ltr'>οἴονταιὍτι</span> <span class='ocrx_word' id='word_1_319' title='bbox 1400 2404 1452 2487; x_wconf 72' lang='grc' dir='ltr'>γὰρ</span> <span class='ocrx_word' id='word_1_320' title='bbox 1467 2404 1572 2473; x_wconf 62' lang='lat' dir='ltr'>leuem&lt;</span> <span class='ocrx_word' id='word_1_321' title='bbox 1590 2400 1663 2485; x_wconf 81' lang='grc' dir='ltr'>αἰσγί·</span> <span class='ocrx_word' id='word_1_322' title='bbox 1692 2400 1703 2415; x_wconf 88' lang='grc'><em>“</em></span> 
     </span>
     <span class='ocr_line' id='line_1_23' title="bbox 116 2496 1703 2582; baseline 0.003 -28"><span class='ocrx_word' id='word_1_323' title='bbox 116 2497 247 2576; x_wconf 90' lang='lat' dir='ltr'>quicum</span> <span class='ocrx_word' id='word_1_324' title='bbox 267 2498 321 2557; x_wconf 92' lang='lat' dir='ltr'>alio</span> <span class='ocrx_word' id='word_1_325' title='bbox 344 2519 463 2579; x_wconf 78' lang='lat' dir='ltr'>pugnam</span> <span class='ocrx_word' id='word_1_326' title='bbox 481 2511 603 2559; x_wconf 86' lang='lat' dir='ltr'>conserat</span> <span class='ocrx_word' id='word_1_327' title='bbox 622 2522 629 2556; x_wconf 92' lang='lat'><strong>:</strong></span> <span class='ocrx_word' id='word_1_328' title='bbox 649 2498 715 2558; x_wconf 91' lang='lat' dir='ltr'>hino</span> <span class='ocrx_word' id='word_1_329' title='bbox 742 2499 790 2559; x_wconf 92' lang='lat' dir='ltr'>ille</span> <span class='ocrx_word' id='word_1_330' title='bbox 811 2499 865 2582; x_wconf 86' lang='lat' dir='ltr'>ipsi</span> <span class='ocrx_word' id='word_1_331' title='bbox 919 2524 1007 2575; x_wconf 92' lang='grc' dir='ltr'>νουσι,</span> <span class='ocrx_word' id='word_1_332' title='bbox 1021 2502 1098 2571; x_wconf 79' lang='grc' dir='ltr'>δῆλον</span> <span class='ocrx_word' id='word_1_333' title='bbox 1112 2502 1218 2559; x_wconf 81' lang='grc' dir='ltr'>ἐκιῖθεν.</span> <span class='ocrx_word' id='word_1_334' title='bbox 1233 2497 1281 2571; x_wconf 81' lang='grc' dir='ltr'>Μὴ</span> <span class='ocrx_word' id='word_1_335' title='bbox 1301 2499 1353 2581; x_wconf 88' lang='grc' dir='ltr'>γύρ</span> <span class='ocrx_word' id='word_1_336' title='bbox 1365 2521 1411 2577; x_wconf 87' lang='grc' dir='ltr'>μοι</span> <span class='ocrx_word' id='word_1_337' title='bbox 1427 2498 1488 2566; x_wconf 74' lang='grc' dir='ltr'>τούς</span> <span class='ocrx_word' id='word_1_338' title='bbox 1506 2496 1664 2580; x_wconf 49' lang='lat' dir='ltr'>pabulique</span> <span class='ocrx_word' id='word_1_339' title='bbox 1693 2516 1703 2521; x_wconf 85' lang='lat'>·</span> 
     </span>
     <span class='ocr_line' id='line_1_24' title="bbox 118 2584 1701 2673; baseline 0.001 -27"><span class='ocrx_word' id='word_1_340' title='bbox 118 2586 170 2646; x_wconf 88' lang='lat' dir='ltr'>ista</span> <span class='ocrx_word' id='word_1_341' title='bbox 192 2587 337 2667; x_wconf 85' lang='lat' dir='ltr'>loquatur,</span> <span class='ocrx_word' id='word_1_342' title='bbox 358 2589 405 2649; x_wconf 88' lang='lat' dir='ltr'>bie</span> <span class='ocrx_word' id='word_1_343' title='bbox 423 2610 531 2649; x_wconf 90' lang='lat' dir='ltr'>rursum</span> <span class='ocrx_word' id='word_1_344' title='bbox 553 2588 648 2650; x_wconf 89' lang='lat' dir='ltr'>eadem</span> <span class='ocrx_word' id='word_1_345' title='bbox 674 2604 866 2672; x_wconf 87' lang='lat' dir='ltr'>repetat:uter</span> <span class='ocrx_word' id='word_1_346' title='bbox 919 2616 967 2662; x_wconf 89' lang='grc' dir='ltr'>τας</span> <span class='ocrx_word' id='word_1_347' title='bbox 980 2592 1066 2673; x_wconf 68' lang='lat' dir='ltr'>slepe,</span> <span class='ocrx_word' id='word_1_348' title='bbox 1082 2592 1151 2652; x_wconf 75' lang='grc' dir='ltr'>ἀλλὰ</span> <span class='ocrx_word' id='word_1_349' title='bbox 1170 2591 1238 2651; x_wconf 78' lang='grc' dir='ltr'>ἔσται</span> <span class='ocrx_word' id='word_1_350' title='bbox 1259 2615 1300 2660; x_wconf 92' lang='grc' dir='ltr'>τις</span> <span class='ocrx_word' id='word_1_351' title='bbox 1321 2590 1407 2671; x_wconf 87' lang='grc' dir='ltr'>πόρνη</span> <span class='ocrx_word' id='word_1_352' title='bbox 1429 2588 1617 2672; x_wconf 52' lang='lat' dir='ltr'>numqaum</span> <span class='ocrx_word' id='word_1_353' title='bbox 1632 2584 1664 2647; x_wconf 81' lang='grc' dir='ltr'>ιαί</span> <span class='ocrx_word' id='word_1_354' title='bbox 1692 2596 1701 2603; x_wconf 84' lang='grc'><em>“</em></span> 
     </span>
     <span class='ocr_line' id='line_1_25' title="bbox 117 2678 1703 2767; baseline 0.006 -29"><span class='ocrx_word' id='word_1_355' title='bbox 117 2679 204 2759; x_wconf 77' lang='lat' dir='ltr'>magis</span> <span class='ocrx_word' id='word_1_356' title='bbox 214 2681 375 2741; x_wconf 82' lang='lat' dir='ltr'>contumelia</span> <span class='ocrx_word' id='word_1_357' title='bbox 387 2680 524 2741; x_wconf 85' lang='lat' dir='ltr'>afficitur?</span> <span class='ocrx_word' id='word_1_358' title='bbox 536 2683 607 2742; x_wconf 89' lang='lat' dir='ltr'>Nam</span> <span class='ocrx_word' id='word_1_359' title='bbox 618 2682 664 2742; x_wconf 91' lang='lat' dir='ltr'>ille</span> <span class='ocrx_word' id='word_1_360' title='bbox 672 2682 782 2762; x_wconf 91' lang='lat' dir='ltr'>quidem</span> <span class='ocrx_word' id='word_1_361' title='bbox 791 2685 866 2762; x_wconf 93' lang='lat' dir='ltr'>quod</span> <span class='ocrx_word' id='word_1_362' title='bbox 920 2685 1036 2765; x_wconf 75' lang='grc' dir='ltr'>ἀπθτῆς</span> <span class='ocrx_word' id='word_1_363' title='bbox 1057 2689 1156 2758; x_wconf 79' lang='grc' dir='ltr'>σκηνῆς</span> <span class='ocrx_word' id='word_1_364' title='bbox 1171 2683 1329 2767; x_wconf 74' lang='grc' dir='ltr'>ἕτερος,καί</span> <span class='ocrx_word' id='word_1_365' title='bbox 1342 2683 1451 2744; x_wconf 79' lang='grc' dir='ltr'>ποιείτω</span> <span class='ocrx_word' id='word_1_366' title='bbox 1466 2684 1535 2763; x_wconf 85' lang='grc' dir='ltr'>μεταί</span> <span class='ocrx_word' id='word_1_367' title='bbox 1555 2678 1664 2759; x_wconf 68' lang='grc' dir='ltr'>τινοιμί·</span> <span class='ocrx_word' id='word_1_368' title='bbox 1699 2682 1703 2687; x_wconf 58' lang='grc'>’</span> 
     </span>
     <span class='ocr_line' id='line_1_26' title="bbox 117 2768 1665 2860; baseline 0.003 -27"><span class='ocrx_word' id='word_1_369' title='bbox 117 2795 198 2854; x_wconf 80' lang='lat' dir='ltr'>penes</span> <span class='ocrx_word' id='word_1_370' title='bbox 216 2797 244 2834; x_wconf 90' lang='lat' dir='ltr'>se</span> <span class='ocrx_word' id='word_1_371' title='bbox 258 2775 367 2851; x_wconf 92' lang='lat' dir='ltr'>babuit,</span> <span class='ocrx_word' id='word_1_372' title='bbox 388 2775 508 2854; x_wconf 78' lang='lat' dir='ltr'>audirit3</span> <span class='ocrx_word' id='word_1_373' title='bbox 524 2774 570 2835; x_wconf 89' lang='lat' dir='ltr'>hio</span> <span class='ocrx_word' id='word_1_374' title='bbox 586 2797 649 2837; x_wconf 84' lang='lat' dir='ltr'>vero</span> <span class='ocrx_word' id='word_1_375' title='bbox 662 2777 735 2856; x_wconf 91' lang='lat' dir='ltr'>quod</span> <span class='ocrx_word' id='word_1_376' title='bbox 748 2798 800 2837; x_wconf 93' lang='lat' dir='ltr'>non</span> <span class='ocrx_word' id='word_1_377' title='bbox 813 2778 865 2838; x_wconf 85' lang='lat' dir='ltr'>ha·</span> <span class='ocrx_word' id='word_1_378' title='bbox 882 2787 900 2834; x_wconf 86' lang='lat' dir='ltr'>n</span> <span class='ocrx_word' id='word_1_379' title='bbox 920 2801 1019 2860; x_wconf 79' lang='grc' dir='ltr'>χην·ι</span> <span class='ocrx_word' id='word_1_380' title='bbox 1007 2768 1064 2836; x_wconf 79' lang='grc' dir='ltr'>εἶτα</span> <span class='ocrx_word' id='word_1_381' title='bbox 1078 2781 1176 2845; x_wconf 80' lang='grc' dir='ltr'>ἐκεῖνος</span> <span class='ocrx_word' id='word_1_382' title='bbox 1190 2779 1263 2858; x_wconf 79' lang='grc' dir='ltr'>αύτῷ</span> <span class='ocrx_word' id='word_1_383' title='bbox 1285 2781 1370 2835; x_wconf 80' lang='grc' dir='ltr'>ταῦτα</span> <span class='ocrx_word' id='word_1_384' title='bbox 1383 2775 1552 2857; x_wconf 81' lang='grc' dir='ltr'>προφιρίτον,</span> <span class='ocrx_word' id='word_1_385' title='bbox 1570 2776 1665 2838; x_wconf 56' lang='lat' dir='ltr'>abiot</span> 
     </span>
     <span class='ocr_line' id='line_1_27' title="bbox 117 2837 1664 2949; baseline 0.002 -26"><span class='ocrx_word' id='word_1_386' title='bbox 117 2864 200 2924; x_wconf 86' lang='lat' dir='ltr'>buit:</span> <span class='ocrx_word' id='word_1_387' title='bbox 193 2866 303 2946; x_wconf 69' lang='lat' dir='ltr'>itaque</span> <span class='ocrx_word' id='word_1_388' title='bbox 316 2867 358 2926; x_wconf 92' lang='lat' dir='ltr'>illi</span> <span class='ocrx_word' id='word_1_389' title='bbox 374 2866 445 2926; x_wconf 90' lang='lat' dir='ltr'>nihil</span> <span class='ocrx_word' id='word_1_390' title='bbox 464 2868 576 2927; x_wconf 90' lang='lat' dir='ltr'>accessit</span> <span class='ocrx_word' id='word_1_391' title='bbox 593 2868 786 2949; x_wconf 88' lang='lat' dir='ltr'>turpitudinis3</span> <span class='ocrx_word' id='word_1_392' title='bbox 801 2869 867 2931; x_wconf 85' lang='lat' dir='ltr'>huie</span> <span class='ocrx_word' id='word_1_393' title='bbox 920 2868 1122 2946; x_wconf 83' lang='grc' dir='ltr'>πάλινθμοίοις·</span> <span class='ocrx_word' id='word_1_394' title='bbox 1138 2867 1197 2947; x_wconf 89' lang='grc' dir='ltr'>τίς</span> <span class='ocrx_word' id='word_1_395' title='bbox 1192 2837 1291 2929; x_wconf 76' lang='grc' dir='ltr'>μᾶλλόν</span> <span class='ocrx_word' id='word_1_396' title='bbox 1306 2871 1376 2928; x_wconf 77' lang='grc' dir='ltr'>ἐστιν</span> <span class='ocrx_word' id='word_1_397' title='bbox 1392 2867 1553 2949; x_wconf 82' lang='grc' dir='ltr'>θύύρισθιίς</span> <span class='ocrx_word' id='word_1_398' title='bbox 1567 2863 1664 2946; x_wconf 57' lang='lat' dir='ltr'>roupi·</span> 
     </span>
     <span class='ocr_line' id='line_1_28' title="bbox 118 2927 1665 3044; baseline 0.001 -28"><span class='ocrx_word' id='word_1_399' title='bbox 118 2977 183 3016; x_wconf 83' lang='lat' dir='ltr'>vero</span> <span class='ocrx_word' id='word_1_400' title='bbox 202 2958 363 3038; x_wconf 87' lang='lat' dir='ltr'>plurimum.</span> <span class='ocrx_word' id='word_1_401' title='bbox 381 2960 436 3020; x_wconf 77' lang='lat' dir='ltr'>sed</span> <span class='ocrx_word' id='word_1_402' title='bbox 455 2960 509 3020; x_wconf 91' lang='lat' dir='ltr'>sint</span> <span class='ocrx_word' id='word_1_403' title='bbox 526 2961 687 3042; x_wconf 85' lang='lat' dir='ltr'>quaedam</span> <span class='ocrx_word' id='word_1_404' title='bbox 673 2961 746 3023; x_wconf 87' lang='lat' dir='ltr'>edita</span> <span class='ocrx_word' id='word_1_405' title='bbox 767 2984 865 3069; x_wconf 82' lang='lat' dir='ltr'>opera,</span> <span class='ocrx_word' id='word_1_406' title='bbox 921 2986 1015 3040; x_wconf 81' lang='grc' dir='ltr'>μασιν;</span> <span class='ocrx_word' id='word_1_407' title='bbox 1022 2927 1198 3039; x_wconf 74' lang='grc' dir='ltr'>Ἐκεῖνοςμὲύ</span> <span class='ocrx_word' id='word_1_408' title='bbox 1211 2960 1344 3044; x_wconf 77' lang='grc' dir='ltr'>γλρθίπιρ</span> <span class='ocrx_word' id='word_1_409' title='bbox 1353 2950 1456 3041; x_wconf 76' lang='grc' dir='ltr'>εἶχενῆ</span> <span class='ocrx_word' id='word_1_410' title='bbox 1456 2983 1559 3033; x_wconf 75' lang='grc' dir='ltr'>κουσεν,</span> <span class='ocrx_word' id='word_1_411' title='bbox 1563 2954 1665 3029; x_wconf 62' lang='lat' dir='ltr'>emet,</span> 
     </span>
     <span class='ocr_line' id='line_1_29' title="bbox 118 3044 1664 3137; baseline 0.003 -31"><span class='ocrx_word' id='word_1_412' title='bbox 118 3067 178 3125; x_wconf 83' lang='lat' dir='ltr'>quae</span> <span class='ocrx_word' id='word_1_413' title='bbox 192 3049 264 3109; x_wconf 90' lang='lat' dir='ltr'>solus</span> <span class='ocrx_word' id='word_1_414' title='bbox 279 3050 326 3110; x_wconf 88' lang='lat' dir='ltr'>ille</span> <span class='ocrx_word' id='word_1_415' title='bbox 339 3051 547 3111; x_wconf 88' lang='lat' dir='ltr'>oontumeliosus</span> <span class='ocrx_word' id='word_1_416' title='bbox 563 3053 684 3114; x_wconf 82' lang='lat' dir='ltr'>noverit·</span> <span class='ocrx_word' id='word_1_417' title='bbox 675 3044 805 3131; x_wconf 89' lang='lat' dir='ltr'>demde,</span> <span class='ocrx_word' id='word_1_418' title='bbox 817 3076 866 3135; x_wconf 85' lang='lat' dir='ltr'>qur</span> <span class='ocrx_word' id='word_1_419' title='bbox 920 3054 1023 3137; x_wconf 83' lang='grc' dir='ltr'>όπερ</span> <span class='ocrx_word' id='word_1_420' title='bbox 998 3079 1045 3115; x_wconf 91' lang='grc' dir='ltr'>ουκ</span> <span class='ocrx_word' id='word_1_421' title='bbox 1059 3061 1142 3134; x_wconf 75' lang='grc' dir='ltr'>εἶχεν·</span> <span class='ocrx_word' id='word_1_422' title='bbox 1155 3051 1224 3112; x_wconf 88' lang='grc' dir='ltr'>ωστι</span> <span class='ocrx_word' id='word_1_423' title='bbox 1234 3052 1326 3132; x_wconf 80' lang='grc' dir='ltr'>ίκιίνοι</span> <span class='ocrx_word' id='word_1_424' title='bbox 1339 3052 1386 3131; x_wconf 83' lang='grc' dir='ltr'>μίν</span> <span class='ocrx_word' id='word_1_425' title='bbox 1403 3051 1477 3112; x_wconf 77' lang='grc' dir='ltr'>οὐδὲν</span> <span class='ocrx_word' id='word_1_426' title='bbox 1494 3049 1664 3130; x_wconf 78' lang='grc' dir='ltr'>πλέονγίγινιι</span> 
     </span>
     <span class='ocr_line' id='line_1_30' title="bbox 118 3142 1665 3228; baseline 0.003 -33"><span class='ocrx_word' id='word_1_427' title='bbox 118 3150 180 3197; x_wconf 89' lang='lat' dir='ltr'>ante</span> <span class='ocrx_word' id='word_1_428' title='bbox 203 3153 332 3220; x_wconf 84' lang='lat' dir='ltr'>tacuerat,</span> <span class='ocrx_word' id='word_1_429' title='bbox 347 3143 538 3203; x_wconf 86' lang='lat' dir='ltr'>contumeliam</span> <span class='ocrx_word' id='word_1_430' title='bbox 559 3144 678 3204; x_wconf 77' lang='lat' dir='ltr'>efferat:</span> <span class='ocrx_word' id='word_1_431' title='bbox 671 3145 737 3206; x_wconf 90' lang='lat' dir='ltr'>·sio</span> <span class='ocrx_word' id='word_1_432' title='bbox 758 3150 865 3225; x_wconf 85' lang='lat' dir='ltr'>quoque</span> <span class='ocrx_word' id='word_1_433' title='bbox 921 3151 957 3216; x_wconf 83' lang='grc' dir='ltr'>εἰς</span> <span class='ocrx_word' id='word_1_434' title='bbox 967 3145 1093 3228; x_wconf 79' lang='grc' dir='ltr'>αἰσχυνης</span> <span class='ocrx_word' id='word_1_435' title='bbox 1105 3145 1193 3222; x_wconf 86' lang='grc' dir='ltr'>λογον</span> <span class='ocrx_word' id='word_1_436' title='bbox 1202 3144 1288 3226; x_wconf 82' lang='grc' dir='ltr'>τούτῳ</span> <span class='ocrx_word' id='word_1_437' title='bbox 1303 3145 1330 3205; x_wconf 77' lang='grc' dir='ltr'>δὲ</span> <span class='ocrx_word' id='word_1_438' title='bbox 1339 3144 1474 3217; x_wconf 76' lang='grc' dir='ltr'>πολλὴ</span> <span class='ocrx_word' id='word_1_439' title='bbox 1440 3168 1489 3215; x_wconf 73' lang='grc' dir='ltr'>της</span> <span class='ocrx_word' id='word_1_440' title='bbox 1504 3142 1665 3225; x_wconf 77' lang='grc' dir='ltr'>ἀσχημοσύνις</span> 
     </span>
     <span class='ocr_line' id='line_1_31' title="bbox 119 3228 1665 3321; baseline 0.005 -33"><span class='ocrx_word' id='word_1_441' title='bbox 119 3228 219 3290; x_wconf 88' lang='lat' dir='ltr'>idem</span> <span class='ocrx_word' id='word_1_442' title='bbox 211 3254 269 3314; x_wconf 84' lang='lat' dir='ltr'>ipse</span> <span class='ocrx_word' id='word_1_443' title='bbox 288 3235 375 3314; x_wconf 78' lang='lat' dir='ltr'>magis</span> <span class='ocrx_word' id='word_1_444' title='bbox 396 3237 559 3296; x_wconf 85' lang='lat' dir='ltr'>contumelia</span> <span class='ocrx_word' id='word_1_445' title='bbox 578 3237 691 3296; x_wconf 83' lang='lat' dir='ltr'>affectus</span> <span class='ocrx_word' id='word_1_446' title='bbox 710 3250 759 3298; x_wconf 82' lang='lat' dir='ltr'>ost.</span> <span class='ocrx_word' id='word_1_447' title='bbox 787 3239 864 3311; x_wconf 86' lang='lat' dir='ltr'>Quo·</span> <span class='ocrx_word' id='word_1_448' title='bbox 919 3246 938 3313; x_wconf 81' lang='grc' dir='ltr'>ἡ</span> <span class='ocrx_word' id='word_1_449' title='bbox 962 3239 1110 3321; x_wconf 78' lang='grc' dir='ltr'>προσθήκη.</span> <span class='ocrx_word' id='word_1_450' title='bbox 1130 3237 1243 3297; x_wconf 77' lang='grc' dir='ltr'>Ἀλλ’</span> <span class='ocrx_word' id='word_1_451' title='bbox 1228 3260 1296 3298; x_wconf 86' lang='grc' dir='ltr'>εστοι</span> <span class='ocrx_word' id='word_1_452' title='bbox 1322 3235 1383 3297; x_wconf 74' lang='grc' dir='ltr'>τινὰ</span> <span class='ocrx_word' id='word_1_453' title='bbox 1404 3237 1504 3297; x_wconf 73' lang='grc' dir='ltr'>’πάλιν</span> <span class='ocrx_word' id='word_1_454' title='bbox 1531 3235 1665 3317; x_wconf 81' lang='grc' dir='ltr'>εἰργασγὲνι</span> 
     </span>
     <span class='ocr_line' id='line_1_32' title="bbox 119 3322 1665 3413; baseline 0.003 -33"><span class='ocrx_word' id='word_1_455' title='bbox 119 3322 222 3382; x_wconf 78' lang='lat' dir='ltr'>modo?</span> <span class='ocrx_word' id='word_1_456' title='bbox 236 3328 326 3386; x_wconf 86' lang='lat' dir='ltr'>Praeco</span> <span class='ocrx_word' id='word_1_457' title='bbox 341 3326 451 3387; x_wconf 81' lang='lat' dir='ltr'>malitiae</span> <span class='ocrx_word' id='word_1_458' title='bbox 466 3328 563 3406; x_wconf 85' lang='lat' dir='ltr'>sactus,</span> <span class='ocrx_word' id='word_1_459' title='bbox 581 3328 748 3389; x_wconf 87' lang='lat' dir='ltr'>infidelitatis</span> <span class='ocrx_word' id='word_1_460' title='bbox 765 3330 866 3390; x_wconf 83' lang='lat' dir='ltr'>lamam</span> <span class='ocrx_word' id='word_1_461' title='bbox 920 3329 1138 3413; x_wconf 78' lang='grc' dir='ltr'>πράγματα,καί</span> <span class='ocrx_word' id='word_1_462' title='bbox 1160 3329 1238 3409; x_wconf 90' lang='grc' dir='ltr'>μόνος</span> <span class='ocrx_word' id='word_1_463' title='bbox 1257 3334 1272 3389; x_wconf 84' lang='grc' dir='ltr'>θ</span> <span class='ocrx_word' id='word_1_464' title='bbox 1292 3328 1404 3409; x_wconf 79' lang='grc' dir='ltr'>ύύρίζων</span> <span class='ocrx_word' id='word_1_465' title='bbox 1429 3329 1498 3390; x_wconf 74' lang='lat' dir='ltr'>ebal</span> <span class='ocrx_word' id='word_1_466' title='bbox 1522 3326 1665 3408; x_wconf 74' lang='grc' dir='ltr'>γινωσκέτω·</span> 
     </span>
     <span class='ocr_line' id='line_1_33' title="bbox 120 3413 1667 3505; baseline 0.003 -32"><span class='ocrx_word' id='word_1_467' title='bbox 120 3415 221 3497; x_wconf 88' lang='lat' dir='ltr'>accipit</span> <span class='ocrx_word' id='word_1_468' title='bbox 232 3441 239 3475; x_wconf 82' lang='grc' dir='ltr'>ι</span> <span class='ocrx_word' id='word_1_469' title='bbox 250 3431 275 3478; x_wconf 87' lang='lat' dir='ltr'>et</span> <span class='ocrx_word' id='word_1_470' title='bbox 290 3441 382 3479; x_wconf 88' lang='lat' dir='ltr'>omnes</span> <span class='ocrx_word' id='word_1_471' title='bbox 396 3420 486 3480; x_wconf 88' lang='lat' dir='ltr'>subito</span> <span class='ocrx_word' id='word_1_472' title='bbox 500 3442 528 3481; x_wconf 88' lang='lat' dir='ltr'>se</span> <span class='ocrx_word' id='word_1_473' title='bbox 541 3421 691 3482; x_wconf 86' lang='lat' dir='ltr'>incusantes</span> <span class='ocrx_word' id='word_1_474' title='bbox 704 3422 818 3500; x_wconf 82' lang='lat' dir='ltr'>videbit,</span> <span class='ocrx_word' id='word_1_475' title='bbox 833 3443 865 3483; x_wconf 89' lang='lat' dir='ltr'>ae</span> <span class='ocrx_word' id='word_1_476' title='bbox 920 3413 979 3482; x_wconf 76' lang='grc' dir='ltr'>εἶτα</span> <span class='ocrx_word' id='word_1_477' title='bbox 993 3421 1045 3505; x_wconf 80' lang='grc' dir='ltr'>πρὸ</span> <span class='ocrx_word' id='word_1_478' title='bbox 1057 3422 1150 3482; x_wconf 79' lang='grc' dir='ltr'>ταύταν</span> <span class='ocrx_word' id='word_1_479' title='bbox 1166 3425 1258 3501; x_wconf 85' lang='grc' dir='ltr'>σιγῶν,</span> <span class='ocrx_word' id='word_1_480' title='bbox 1271 3420 1463 3499; x_wconf 81' lang='grc' dir='ltr'>ἐκπομπευίτοι</span> <span class='ocrx_word' id='word_1_481' title='bbox 1476 3420 1525 3495; x_wconf 74' lang='grc' dir='ltr'>τὴν</span> <span class='ocrx_word' id='word_1_482' title='bbox 1541 3418 1624 3501; x_wconf 84' lang='grc' dir='ltr'>θόριν·</span> <span class='ocrx_word' id='word_1_483' title='bbox 1636 3414 1667 3476; x_wconf 81' lang='grc' dir='ltr'>ντὶ</span> 
     </span>
     <span class='ocr_line' id='line_1_34' title="bbox 119 3506 1668 3597; baseline 0.006 -32"><span class='ocrx_word' id='word_1_484' title='bbox 119 3506 185 3567; x_wconf 88' lang='lat' dir='ltr'>talia</span> <span class='ocrx_word' id='word_1_485' title='bbox 196 3509 297 3590; x_wconf 89' lang='lat' dir='ltr'>ubique</span> <span class='ocrx_word' id='word_1_486' title='bbox 309 3512 447 3591; x_wconf 88' lang='lat' dir='ltr'>loquentes</span> <span class='ocrx_word' id='word_1_487' title='bbox 463 3537 470 3570; x_wconf 80' lang='grc' dir='ltr'>ι</span> <span class='ocrx_word' id='word_1_488' title='bbox 486 3512 516 3573; x_wconf 90' lang='lat' dir='ltr'>Si</span> <span class='ocrx_word' id='word_1_489' title='bbox 529 3513 613 3591; x_wconf 87' lang='lat' dir='ltr'>enim,</span> <span class='ocrx_word' id='word_1_490' title='bbox 630 3513 764 3593; x_wconf 85' lang='lat' dir='ltr'>inquient,</span> <span class='ocrx_word' id='word_1_491' title='bbox 775 3514 864 3573; x_wconf 91' lang='lat' dir='ltr'>bomi-</span> <span class='ocrx_word' id='word_1_492' title='bbox 920 3515 1002 3584; x_wconf 86' lang='grc' dir='ltr'>ούτυς</span> <span class='ocrx_word' id='word_1_493' title='bbox 1013 3507 1087 3583; x_wconf 71' lang='grc' dir='ltr'>οὗτος</span> <span class='ocrx_word' id='word_1_494' title='bbox 1099 3515 1223 3596; x_wconf 82' lang='grc' dir='ltr'>θόρισται</span> <span class='ocrx_word' id='word_1_495' title='bbox 1234 3517 1344 3593; x_wconf 70' lang='grc' dir='ltr'>μᾶλλον.</span> <span class='ocrx_word' id='word_1_496' title='bbox 1357 3516 1440 3588; x_wconf 75' lang='grc' dir='ltr'>Πῶς,</span> <span class='ocrx_word' id='word_1_497' title='bbox 1451 3513 1543 3597; x_wconf 80' lang='grc' dir='ltr'>Κήρυξ</span> <span class='ocrx_word' id='word_1_498' title='bbox 1555 3511 1668 3592; x_wconf 63' lang='lat' dir='ltr'>palpent</span> 
     </span>
     <span class='ocr_line' id='line_1_35' title="bbox 119 3598 1668 3689; baseline 0.002 -29"><span class='ocrx_word' id='word_1_499' title='bbox 119 3598 186 3661; x_wconf 89' lang='lat' dir='ltr'>eidii</span> <span class='ocrx_word' id='word_1_500' title='bbox 204 3605 327 3665; x_wconf 86' lang='lat' dir='ltr'>conscius</span> <span class='ocrx_word' id='word_1_501' title='bbox 349 3619 420 3682; x_wconf 85' lang='lat' dir='ltr'>erat,</span> <span class='ocrx_word' id='word_1_502' title='bbox 435 3607 526 3666; x_wconf 90' lang='lat' dir='ltr'>omnia</span> <span class='ocrx_word' id='word_1_503' title='bbox 546 3607 685 3667; x_wconf 90' lang='lat' dir='ltr'>enuntiare</span> <span class='ocrx_word' id='word_1_504' title='bbox 704 3609 863 3689; x_wconf 86' lang='lat' dir='ltr'>oportebat:</span> <span class='ocrx_word' id='word_1_505' title='bbox 920 3608 1032 3684; x_wconf 89' lang='grc' dir='ltr'>κακίας,</span> <span class='ocrx_word' id='word_1_506' title='bbox 1060 3607 1243 3680; x_wconf 75' lang='grc' dir='ltr'>ἀσυντιδησίας</span> <span class='ocrx_word' id='word_1_507' title='bbox 1267 3606 1381 3667; x_wconf 81' lang='grc' dir='ltr'>ἀπίστου</span> <span class='ocrx_word' id='word_1_508' title='bbox 1405 3604 1483 3675; x_wconf 79' lang='grc' dir='ltr'>δόξαν</span> <span class='ocrx_word' id='word_1_509' title='bbox 1514 3604 1618 3667; x_wconf 78' lang='grc' dir='ltr'>λαίκύν·</span> <span class='ocrx_word' id='word_1_510' title='bbox 1636 3602 1668 3663; x_wconf 76' lang='lat' dir='ltr'>sul</span> 
     </span>
     <span class='ocr_line' id='line_1_36' title="bbox 119 3697 1669 3780; baseline 0.003 -27"><span class='ocrx_word' id='word_1_511' title='bbox 119 3713 265 3775; x_wconf 89' lang='lat' dir='ltr'>omnesque</span> <span class='ocrx_word' id='word_1_512' title='bbox 281 3697 360 3757; x_wconf 90' lang='lat' dir='ltr'>illurn</span> <span class='ocrx_word' id='word_1_513' title='bbox 371 3699 448 3777; x_wconf 86' lang='lat' dir='ltr'>quasi</span> <span class='ocrx_word' id='word_1_514' title='bbox 464 3719 497 3759; x_wconf 90' lang='lat' dir='ltr'>ne</span> <span class='ocrx_word' id='word_1_515' title='bbox 510 3699 591 3759; x_wconf 91' lang='lat' dir='ltr'>bomo</span> <span class='ocrx_word' id='word_1_516' title='bbox 608 3698 718 3779; x_wconf 90' lang='lat' dir='ltr'>quidem</span> <span class='ocrx_word' id='word_1_517' title='bbox 731 3699 767 3758; x_wconf 86' lang='lat' dir='ltr'>sit</span> <span class='ocrx_word' id='word_1_518' title='bbox 782 3720 863 3759; x_wconf 86' lang='lat' dir='ltr'>aver·</span> <span class='ocrx_word' id='word_1_519' title='bbox 920 3700 1020 3769; x_wconf 86' lang='grc' dir='ltr'>παίντας</span> <span class='ocrx_word' id='word_1_520' title='bbox 1035 3700 1129 3770; x_wconf 78' lang='grc' dir='ltr'>εὐθέως</span> <span class='ocrx_word' id='word_1_521' title='bbox 1144 3701 1319 3780; x_wconf 72' lang='grc' dir='ltr'>ἐγκαλοῦντας</span> <span class='ocrx_word' id='word_1_522' title='bbox 1340 3698 1413 3780; x_wconf 64' lang='grc' dir='ltr'>θύοι,</span> <span class='ocrx_word' id='word_1_523' title='bbox 1429 3699 1476 3759; x_wconf 88' lang='grc' dir='ltr'>καί</span> <span class='ocrx_word' id='word_1_524' title='bbox 1495 3707 1602 3760; x_wconf 76' lang='grc' dir='ltr'>τοιαῦτα</span> <span class='ocrx_word' id='word_1_525' title='bbox 1619 3718 1669 3757; x_wconf 77' lang='grc' dir='ltr'>τιν</span> 
     </span>
     <span class='ocr_line' id='line_1_37' title="bbox 118 3787 1670 3899; baseline 0.001 -51"><span class='ocrx_word' id='word_1_526' title='bbox 118 3802 220 3869; x_wconf 89' lang='lat' dir='ltr'>santur,</span> <span class='ocrx_word' id='word_1_527' title='bbox 234 3790 421 3870; x_wconf 86' lang='lat' dir='ltr'>odiobabent,</span> <span class='ocrx_word' id='word_1_528' title='bbox 431 3791 709 3852; x_wconf 83' lang='lat' dir='ltr'>leramessedicunt</span> <span class='ocrx_word' id='word_1_529' title='bbox 702 3814 861 3899; x_wconf 79' lang='lat' dir='ltr'>immanem3</span> <span class='ocrx_word' id='word_1_530' title='bbox 919 3817 1003 3876; x_wconf 84' lang='grc' dir='ltr'>ταχου</span> <span class='ocrx_word' id='word_1_531' title='bbox 985 3793 1154 3873; x_wconf 79' lang='grc' dir='ltr'>λέγοντας</span> <span class='ocrx_word' id='word_1_532' title='bbox 1167 3795 1191 3852; x_wconf 80' lang='grc' dir='ltr'>εἰ</span> <span class='ocrx_word' id='word_1_533' title='bbox 1199 3790 1384 3872; x_wconf 76' lang='grc' dir='ltr'>γὰρδὴφονον</span> <span class='ocrx_word' id='word_1_534' title='bbox 1396 3791 1517 3871; x_wconf 73' lang='grc' dir='ltr'>συνῄδει,</span> <span class='ocrx_word' id='word_1_535' title='bbox 1529 3791 1608 3872; x_wconf 76' lang='grc' dir='ltr'>φη,σί</span> <span class='ocrx_word' id='word_1_536' title='bbox 1617 3787 1670 3847; x_wconf 77' lang='grc' dir='ltr'>τόν·</span> 
     </span>
     <span class='ocr_line' id='line_1_38' title="bbox 119 3881 1669 3966; baseline 0.001 -25"><span class='ocrx_word' id='word_1_537' title='bbox 119 3881 184 3942; x_wconf 90' lang='lat' dir='ltr'>buie</span> <span class='ocrx_word' id='word_1_538' title='bbox 198 3905 263 3945; x_wconf 86' lang='lat' dir='ltr'>vero</span> <span class='ocrx_word' id='word_1_539' title='bbox 278 3885 365 3966; x_wconf 79' lang='lat' dir='ltr'>magis</span> <span class='ocrx_word' id='word_1_540' title='bbox 385 3885 537 3966; x_wconf 78' lang='lat' dir='ltr'>ignoscunt,</span> <span class='ocrx_word' id='word_1_541' title='bbox 551 3907 633 3965; x_wconf 91' lang='lat' dir='ltr'>quam</span> <span class='ocrx_word' id='word_1_542' title='bbox 647 3885 699 3945; x_wconf 92' lang='lat' dir='ltr'>illi.</span> <span class='ocrx_word' id='word_1_543' title='bbox 712 3889 774 3947; x_wconf 93' lang='lat' dir='ltr'>Non</span> <span class='ocrx_word' id='word_1_544' title='bbox 791 3887 863 3947; x_wconf 84' lang='lat' dir='ltr'>eninr</span> <span class='ocrx_word' id='word_1_545' title='bbox 881 3901 900 3950; x_wconf 91' lang='lat' dir='ltr'><strong>c</strong></span> <span class='ocrx_word' id='word_1_546' title='bbox 919 3913 953 3947; x_wconf 89' lang='grc' dir='ltr'>τα</span> <span class='ocrx_word' id='word_1_547' title='bbox 968 3890 1083 3947; x_wconf 83' lang='grc' dir='ltr'>κενῶσαι</span> <span class='ocrx_word' id='word_1_548' title='bbox 1097 3889 1163 3966; x_wconf 79' lang='grc' dir='ltr'>ἐχρ</span> <span class='ocrx_word' id='word_1_549' title='bbox 1147 3909 1192 3957; x_wconf 90' lang='grc' dir='ltr'>ην·</span> <span class='ocrx_word' id='word_1_550' title='bbox 1210 3883 1297 3944; x_wconf 84' lang='grc' dir='ltr'>καί</span> <span class='ocrx_word' id='word_1_551' title='bbox 1272 3907 1317 3944; x_wconf 87' lang='grc' dir='ltr'>τον</span> <span class='ocrx_word' id='word_1_552' title='bbox 1341 3882 1425 3962; x_wconf 65' lang='grc' dir='ltr'>μιν</span> <span class='ocrx_word' id='word_1_553' title='bbox 1410 3907 1448 3951; x_wconf 88' lang='grc' dir='ltr'>ως</span> <span class='ocrx_word' id='word_1_554' title='bbox 1471 3884 1532 3945; x_wconf 74' lang='grc' dir='ltr'>αἰδὲ</span> <span class='ocrx_word' id='word_1_555' title='bbox 1553 3883 1669 3964; x_wconf 68' lang='lat' dir='ltr'>sepum</span> 
     </span>
     <span class='ocr_line' id='line_1_39' title="bbox 118 3964 1671 4059; baseline -0.003 -25"><span class='ocrx_word' id='word_1_556' title='bbox 118 3975 230 4056; x_wconf 76' lang='lat' dir='ltr'>perinde</span> <span class='ocrx_word' id='word_1_557' title='bbox 239 3998 293 4055; x_wconf 89' lang='lat' dir='ltr'>eos,</span> <span class='ocrx_word' id='word_1_558' title='bbox 304 3999 353 4057; x_wconf 82' lang='lat' dir='ltr'>qui</span> <span class='ocrx_word' id='word_1_559' title='bbox 346 3977 476 4038; x_wconf 78' lang='lat' dir='ltr'>vulnera</span> <span class='ocrx_word' id='word_1_560' title='bbox 485 3978 595 4055; x_wconf 88' lang='lat' dir='ltr'>habeut</span> <span class='ocrx_word' id='word_1_561' title='bbox 605 3978 666 4039; x_wconf 87' lang='lat' dir='ltr'>odro</span> <span class='ocrx_word' id='word_1_562' title='bbox 675 3978 817 4053; x_wconf 84' lang='lat' dir='ltr'>habemus</span> <span class='ocrx_word' id='word_1_563' title='bbox 825 3993 864 4039; x_wconf 91' lang='lat' dir='ltr'>at·</span> <span class='ocrx_word' id='word_1_564' title='bbox 918 3980 981 4039; x_wconf 80' lang='grc' dir='ltr'>ὄντα</span> <span class='ocrx_word' id='word_1_565' title='bbox 1006 3977 1231 4059; x_wconf 79' lang='grc' dir='ltr'>ἀποστρέφονται,</span> <span class='ocrx_word' id='word_1_566' title='bbox 1261 3980 1384 4053; x_wconf 84' lang='grc' dir='ltr'>μισοῦσι,</span> <span class='ocrx_word' id='word_1_567' title='bbox 1410 3974 1500 4054; x_wconf 86' lang='grc' dir='ltr'>θηρίον</span> <span class='ocrx_word' id='word_1_568' title='bbox 1526 3964 1592 4033; x_wconf 79' lang='grc' dir='ltr'>ιίναί</span> <span class='ocrx_word' id='word_1_569' title='bbox 1609 3991 1671 4053; x_wconf 74' lang='grc' dir='ltr'>φασιν</span> 
     </span>
     <span class='ocr_line' id='line_1_40' title="bbox 118 4056 1672 4181; baseline -0.004 -55"><span class='ocrx_word' id='word_1_570' title='bbox 118 4068 242 4147; x_wconf 91' lang='lat' dir='ltr'>queillos</span> <span class='ocrx_word' id='word_1_571' title='bbox 244 4071 310 4150; x_wconf 92' lang='lat' dir='ltr'>,qui</span> <span class='ocrx_word' id='word_1_572' title='bbox 324 4093 354 4130; x_wconf 85' lang='lat' dir='ltr'>ea</span> <span class='ocrx_word' id='word_1_573' title='bbox 367 4072 487 4132; x_wconf 86' lang='lat' dir='ltr'>revelare</span> <span class='ocrx_word' id='word_1_574' title='bbox 503 4087 611 4153; x_wconf 83' lang='lat' dir='ltr'>cogunt.</span> <span class='ocrx_word' id='word_1_575' title='bbox 624 4074 665 4132; x_wconf 90' lang='lat' dir='ltr'>lta</span> <span class='ocrx_word' id='word_1_576' title='bbox 678 4087 704 4132; x_wconf 92' lang='lat' dir='ltr'>et</span> <span class='ocrx_word' id='word_1_577' title='bbox 714 4074 760 4133; x_wconf 87' lang='lat' dir='ltr'>bro</span> <span class='ocrx_word' id='word_1_578' title='bbox 770 4086 863 4133; x_wconf 87' lang='lat' dir='ltr'>oontu</span> <span class='ocrx_word' id='word_1_579' title='bbox 919 4071 991 4150; x_wconf 86' lang='grc' dir='ltr'>ὠμὸν</span> <span class='ocrx_word' id='word_1_580' title='bbox 1007 4071 1053 4131; x_wconf 78' lang='grc' dir='ltr'>καί</span> <span class='ocrx_word' id='word_1_581' title='bbox 1066 4068 1183 4141; x_wconf 77' lang='grc' dir='ltr'>ἀπηνές·</span> <span class='ocrx_word' id='word_1_582' title='bbox 1197 4066 1281 4148; x_wconf 85' lang='grc' dir='ltr'>τούτῳ</span> <span class='ocrx_word' id='word_1_583' title='bbox 1294 4066 1323 4125; x_wconf 79' lang='grc' dir='ltr'>δὲ</span> <span class='ocrx_word' id='word_1_584' title='bbox 1337 4064 1548 4181; x_wconf 80' lang='grc' dir='ltr'>συγγινώσκουσι</span> <span class='ocrx_word' id='word_1_585' title='bbox 1562 4056 1672 4174; x_wconf 45' lang='grc' dir='ltr'>μᾶλλον]</span> 
     </span>
     <span class='ocr_line' id='line_1_41' title="bbox 119 4157 1673 4277; baseline -0.005 -55"><span class='ocrx_word' id='word_1_586' title='bbox 119 4162 198 4222; x_wconf 82' lang='lat' dir='ltr'>melia</span> <span class='ocrx_word' id='word_1_587' title='bbox 207 4164 298 4224; x_wconf 82' lang='lat' dir='ltr'>affecit</span> <span class='ocrx_word' id='word_1_588' title='bbox 309 4185 362 4224; x_wconf 93' lang='lat' dir='ltr'>non</span> <span class='ocrx_word' id='word_1_589' title='bbox 373 4166 452 4224; x_wconf 90' lang='lat' dir='ltr'>illum</span> <span class='ocrx_word' id='word_1_590' title='bbox 464 4165 554 4241; x_wconf 90' lang='lat' dir='ltr'>modo,</span> <span class='ocrx_word' id='word_1_591' title='bbox 564 4166 701 4226; x_wconf 88' lang='lat' dir='ltr'>sedetiam</span> <span class='ocrx_word' id='word_1_592' title='bbox 712 4188 831 4249; x_wconf 75' lang='lat' dir='ltr'>seipsum</span> <span class='ocrx_word' id='word_1_593' title='bbox 839 4180 865 4226; x_wconf 95' lang='lat' dir='ltr'>et</span> <span class='ocrx_word' id='word_1_594' title='bbox 919 4162 1020 4244; x_wconf 80' lang='grc' dir='ltr'>ἐκείνῳ.</span> <span class='ocrx_word' id='word_1_595' title='bbox 1031 4165 1092 4277; x_wconf 76' lang='grc' dir='ltr'>Ούγ</span> <span class='ocrx_word' id='word_1_596' title='bbox 1105 4159 1174 4221; x_wconf 75' lang='grc' dir='ltr'>σύτο)</span> <span class='ocrx_word' id='word_1_597' title='bbox 1186 4157 1292 4241; x_wconf 72' lang='grc' dir='ltr'>γὰρ</span> <span class='ocrx_word' id='word_1_598' title='bbox 1251 4182 1311 4226; x_wconf 87' lang='grc' dir='ltr'>τους</span> <span class='ocrx_word' id='word_1_599' title='bbox 1324 4158 1465 4240; x_wconf 87' lang='grc' dir='ltr'>τραύματα</span> <span class='ocrx_word' id='word_1_600' title='bbox 1476 4158 1585 4239; x_wconf 71' lang='grc' dir='ltr'>ἔχοντας</span> <span class='ocrx_word' id='word_1_601' title='bbox 1599 4158 1673 4236; x_wconf 63' lang='lat' dir='ltr'>puel·</span> 
     </span>
     <span class='ocr_line' id='line_1_42' title="bbox 120 4248 1675 4339; baseline -0.005 -25"><span class='ocrx_word' id='word_1_602' title='bbox 120 4254 259 4315; x_wconf 88' lang='lat' dir='ltr'>audientes</span> <span class='ocrx_word' id='word_1_603' title='bbox 278 4257 798 4334; x_wconf 86' lang='lat' dir='ltr'>communemquebominumnaturam·</span> <span class='ocrx_word' id='word_1_604' title='bbox 792 4280 864 4339; x_wconf 89' lang='lat' dir='ltr'>.·per</span> <span class='ocrx_word' id='word_1_605' title='bbox 921 4279 978 4334; x_wconf 83' lang='grc' dir='ltr'>μιν,</span> <span class='ocrx_word' id='word_1_606' title='bbox 992 4258 1028 4322; x_wconf 82' lang='grc' dir='ltr'>ὡς</span> <span class='ocrx_word' id='word_1_607' title='bbox 1042 4252 1100 4321; x_wconf 82' lang='grc' dir='ltr'>τοὺς</span> <span class='ocrx_word' id='word_1_608' title='bbox 1114 4252 1288 4314; x_wconf 86' lang='grc' dir='ltr'>ἰκκαλύπτιιν</span> <span class='ocrx_word' id='word_1_609' title='bbox 1305 4251 1371 4310; x_wconf 81' lang='grc' dir='ltr'>αύτθ</span> <span class='ocrx_word' id='word_1_610' title='bbox 1389 4251 1561 4330; x_wconf 77' lang='grc' dir='ltr'>βιαζομένους</span> <span class='ocrx_word' id='word_1_611' title='bbox 1580 4248 1675 4309; x_wconf 73' lang='lat' dir='ltr'>sallo·</span> 
     </span>
     <span class='ocr_line' id='line_1_43' title="bbox 119 4337 1678 4425; baseline -0.004 -17"><span class='ocrx_word' id='word_1_612' title='bbox 119 4348 200 4409; x_wconf 86' lang='lat' dir='ltr'>eulsrt</span> <span class='ocrx_word' id='word_1_613' title='bbox 211 4348 371 4421; x_wconf 82' lang='lat' dir='ltr'>auditorem</span> <span class='ocrx_word' id='word_1_614' title='bbox 385 4347 456 4408; x_wconf 93' lang='lat' dir='ltr'>nibil</span> <span class='ocrx_word' id='word_1_615' title='bbox 471 4349 535 4408; x_wconf 93' lang='lat' dir='ltr'>boni</span> <span class='ocrx_word' id='word_1_616' title='bbox 549 4349 620 4408; x_wconf 81' lang='lat' dir='ltr'>fecit.</span> <span class='ocrx_word' id='word_1_617' title='bbox 632 4348 696 4410; x_wconf 90' lang='lat' dir='ltr'>Ideo</span> <span class='ocrx_word' id='word_1_618' title='bbox 711 4351 779 4412; x_wconf 87' lang='lat' dir='ltr'>dicit</span> <span class='ocrx_word' id='word_1_619' title='bbox 794 4356 864 4413; x_wconf 88' lang='lat' dir='ltr'>Pau·</span> <span class='ocrx_word' id='word_1_620' title='bbox 919 4347 1020 4407; x_wconf 89' lang='grc' dir='ltr'>κνύναι.</span> <span class='ocrx_word' id='word_1_621' title='bbox 1041 4346 1123 4406; x_wconf 62' lang='lat' dir='ltr'>otro</span> <span class='ocrx_word' id='word_1_622' title='bbox 1141 4368 1176 4406; x_wconf 90' lang='grc' dir='ltr'>κα</span> <span class='ocrx_word' id='word_1_623' title='bbox 1176 4337 1285 4412; x_wconf 72' lang='lat' dir='ltr'>lubre&lt;</span> <span class='ocrx_word' id='word_1_624' title='bbox 1299 4343 1405 4425; x_wconf 82' lang='grc' dir='ltr'>ύύρισεν</span> <span class='ocrx_word' id='word_1_625' title='bbox 1429 4345 1478 4402; x_wconf 84' lang='grc' dir='ltr'>οὐκ</span> <span class='ocrx_word' id='word_1_626' title='bbox 1492 4345 1590 4403; x_wconf 78' lang='grc' dir='ltr'>ἰκτῖνον</span> <span class='ocrx_word' id='word_1_627' title='bbox 1603 4340 1678 4420; x_wconf 75' lang='grc' dir='ltr'>μόνον.</span> 
     </span>
     <span class='ocr_line' id='line_1_44' title="bbox 0 4430 1678 4524; baseline -0.002 -25"><span class='ocrx_word' id='word_1_628' title='bbox 0 4451 88 4501; x_wconf 69' lang='grc' dir='ltr'>ιιι.</span> <span class='ocrx_word' id='word_1_629' title='bbox 120 4440 185 4500; x_wconf 89' lang='lat' dir='ltr'>lus:</span> <span class='ocrx_word' id='word_1_630' title='bbox 179 4442 231 4502; x_wconf 81' lang='lat' dir='ltr'>Si</span> <span class='ocrx_word' id='word_1_631' title='bbox 240 4461 305 4522; x_wconf 82' lang='lat' dir='ltr'>quis</span> <span class='ocrx_word' id='word_1_632' title='bbox 320 4443 412 4500; x_wconf 83' lang='lat' dir='ltr'>bonus</span> <span class='ocrx_word' id='word_1_633' title='bbox 423 4461 516 4500; x_wconf 83' lang='lat' dir='ltr'>sermo</span> <span class='ocrx_word' id='word_1_634' title='bbox 530 4444 571 4500; x_wconf 84' lang='lat' dir='ltr'>ad</span> <span class='ocrx_word' id='word_1_635' title='bbox 584 4443 664 4524; x_wconf 75' lang='lat' dir='ltr'>oedtf</span> <span class='ocrx_word' id='word_1_636' title='bbox 653 4448 821 4518; x_wconf 76' lang='lat' dir='ltr'>cottonem</span> <span class='ocrx_word' id='word_1_637' title='bbox 833 4457 865 4504; x_wconf 87' lang='lat' dir='ltr'>ut</span> <span class='ocrx_word' id='word_1_638' title='bbox 919 4440 1050 4502; x_wconf 72' lang='grc' dir='ltr'>ἀλλὰκαὶ</span> <span class='ocrx_word' id='word_1_639' title='bbox 1075 4438 1169 4500; x_wconf 71' lang='grc' dir='ltr'>ἑαυτὸν</span> <span class='ocrx_word' id='word_1_640' title='bbox 1183 4437 1229 4498; x_wconf 81' lang='grc' dir='ltr'>καί</span> <span class='ocrx_word' id='word_1_641' title='bbox 1249 4436 1310 4505; x_wconf 78' lang='grc' dir='ltr'>τοὺς</span> <span class='ocrx_word' id='word_1_642' title='bbox 1324 4436 1466 4505; x_wconf 79' lang='grc' dir='ltr'>ἀκούοντας</span> <span class='ocrx_word' id='word_1_643' title='bbox 1484 4435 1572 4496; x_wconf 86' lang='grc' dir='ltr'>καί</span> <span class='ocrx_word' id='word_1_644' title='bbox 1543 4459 1592 4510; x_wconf 84' lang='grc' dir='ltr'>την</span> <span class='ocrx_word' id='word_1_645' title='bbox 1603 4430 1678 4504; x_wconf 68' lang='lat' dir='ltr'>noui·</span> 
     </span>
     <span class='ocr_line' id='line_1_45' title="bbox 1 4520 1680 4616; baseline -0.004 -21"><span class='ocrx_word' id='word_1_646' title='bbox 1 4538 10 4561; x_wconf 55' lang='lat'>⁸·</span> <span class='ocrx_word' id='word_1_647' title='bbox 121 4536 170 4594; x_wconf 85' lang='lat' dir='ltr'>det</span> <span class='ocrx_word' id='word_1_648' title='bbox 179 4537 306 4616; x_wconf 77' lang='lat' dir='ltr'>gratiam</span> <span class='ocrx_word' id='word_1_649' title='bbox 315 4534 512 4592; x_wconf 81' lang='lat' dir='ltr'>audientibus</span> <span class='ocrx_word' id='word_1_650' title='bbox 524 4533 759 4613; x_wconf 88' lang='lat' dir='ltr'>Bonaloquentem</span> <span class='ocrx_word' id='word_1_651' title='bbox 768 4537 866 4597; x_wconf 80' lang='lat' dir='ltr'>habea</span> <span class='ocrx_word' id='word_1_652' title='bbox 919 4533 996 4616; x_wconf 81' lang='grc' dir='ltr'>φύσιν</span> <span class='ocrx_word' id='word_1_653' title='bbox 1009 4538 1062 4594; x_wconf 84' lang='grc' dir='ltr'>τῶν</span> <span class='ocrx_word' id='word_1_654' title='bbox 1085 4530 1251 4612; x_wconf 76' lang='grc' dir='ltr'>ἀνθρώπων·</span> <span class='ocrx_word' id='word_1_655' title='bbox 1265 4528 1362 4603; x_wconf 79' lang='grc' dir='ltr'>ἔπληξε</span> <span class='ocrx_word' id='word_1_656' title='bbox 1384 4528 1429 4588; x_wconf 82' lang='grc' dir='ltr'>τὸν</span> <span class='ocrx_word' id='word_1_657' title='bbox 1453 4520 1680 4609; x_wconf 72' lang='grc' dir='ltr'>ἀκραατὴν,ιύθίι</span> 
     </span>
     <span class='ocr_line' id='line_1_46' title="bbox 120 4618 1683 4707; baseline -0.005 -20"><span class='ocrx_word' id='word_1_658' title='bbox 120 4648 182 4687; x_wconf 87' lang='lat' dir='ltr'>mus</span> <span class='ocrx_word' id='word_1_659' title='bbox 193 4627 330 4707; x_wconf 77' lang='lat' dir='ltr'>linguam,</span> <span class='ocrx_word' id='word_1_660' title='bbox 339 4637 369 4683; x_wconf 86' lang='lat' dir='ltr'>ut</span> <span class='ocrx_word' id='word_1_661' title='bbox 383 4624 466 4684; x_wconf 86' lang='lat' dir='ltr'>simus</span> <span class='ocrx_word' id='word_1_662' title='bbox 479 4624 672 4686; x_wconf 89' lang='lat' dir='ltr'>desiderabiles</span> <span class='ocrx_word' id='word_1_663' title='bbox 686 4642 712 4687; x_wconf 92' lang='lat' dir='ltr'>et</span> <span class='ocrx_word' id='word_1_664' title='bbox 722 4629 862 4689; x_wconf 83' lang='lat' dir='ltr'>amabiles.</span> <span class='ocrx_word' id='word_1_665' title='bbox 919 4626 1016 4707; x_wconf 81' lang='grc' dir='ltr'>ἀγαθον</span> <span class='ocrx_word' id='word_1_666' title='bbox 1037 4624 1187 4706; x_wconf 81' lang='grc' dir='ltr'>εἰργάσατο.</span> <span class='ocrx_word' id='word_1_667' title='bbox 1201 4622 1253 4682; x_wconf 74' lang='lat' dir='ltr'>dib</span> <span class='ocrx_word' id='word_1_668' title='bbox 1261 4621 1343 4682; x_wconf 90' lang='grc' dir='ltr'>τουτό</span> <span class='ocrx_word' id='word_1_669' title='bbox 1357 4645 1437 4703; x_wconf 77' lang='grc' dir='ltr'>φησιν</span> <span class='ocrx_word' id='word_1_670' title='bbox 1451 4626 1467 4681; x_wconf 86' lang='grc' dir='ltr'>θ</span> <span class='ocrx_word' id='word_1_671' title='bbox 1480 4618 1683 4689; x_wconf 73' lang='grc' dir='ltr'>Παυλος·’πι</span> <span class='ocrx_word' id='word_1_672' title='bbox 1616 4638 1683 4683; x_wconf 73' lang='lat' dir='ltr'>usu</span> 
     </span>
     <span class='ocr_line' id='line_1_47' title="bbox 120 4708 1684 4803; baseline -0.002 -19"><span class='ocrx_word' id='word_1_673' title='bbox 120 4726 225 4784; x_wconf 77' lang='lat' dir='ltr'>lerum</span> <span class='ocrx_word' id='word_1_674' title='bbox 238 4743 354 4800; x_wconf 88' lang='lat' dir='ltr'>eousque</span> <span class='ocrx_word' id='word_1_675' title='bbox 364 4720 474 4780; x_wconf 80' lang='lat' dir='ltr'>malitiae</span> <span class='ocrx_word' id='word_1_676' title='bbox 484 4737 663 4803; x_wconf 86' lang='lat' dir='ltr'>pervenerunt</span> <span class='ocrx_word' id='word_1_677' title='bbox 676 4725 776 4800; x_wconf 88' lang='lat' dir='ltr'>omnia,</span> <span class='ocrx_word' id='word_1_678' title='bbox 788 4739 819 4783; x_wconf 89' lang='lat' dir='ltr'>ut</span> <span class='ocrx_word' id='word_1_679' title='bbox 831 4724 866 4785; x_wconf 89' lang='lat' dir='ltr'>de</span> <span class='ocrx_word' id='word_1_680' title='bbox 920 4719 1015 4798; x_wconf 78' lang='grc' dir='ltr'>ἀγαθοι</span> <span class='ocrx_word' id='word_1_681' title='bbox 1028 4716 1105 4795; x_wconf 70' lang='grc' dir='ltr'>λόγος</span> <span class='ocrx_word' id='word_1_682' title='bbox 1115 4716 1179 4796; x_wconf 62' lang='grc' dir='ltr'>πρὸ(</span> <span class='ocrx_word' id='word_1_683' title='bbox 1193 4713 1318 4793; x_wconf 71' lang='grc' dir='ltr'>οἰκοδομὴ</span> <span class='ocrx_word' id='word_1_684' title='bbox 1321 4738 1344 4787; x_wconf 71' lang='grc' dir='ltr'>ν,</span> <span class='ocrx_word' id='word_1_685' title='bbox 1301 4712 1396 4787; x_wconf 60' lang='grc' dir='ltr'>θῖνα</span> <span class='ocrx_word' id='word_1_686' title='bbox 1408 4714 1494 4796; x_wconf 69' lang='lat'>31&#39;33&#39;</span> <span class='ocrx_word' id='word_1_687' title='bbox 1455 4737 1536 4795; x_wconf 73' lang='grc' dir='ltr'>χαριν</span> <span class='ocrx_word' id='word_1_688' title='bbox 1551 4723 1607 4782; x_wconf 72' lang='grc' dir='ltr'>τοῖς</span> <span class='ocrx_word' id='word_1_689' title='bbox 1615 4708 1684 4774; x_wconf 66' lang='lat'>²²⁰5·</span> 
     </span>
     <span class='ocr_line' id='line_1_48' title="bbox 120 4797 1687 4896; baseline -0.005 -23"><span class='ocrx_word' id='word_1_690' title='bbox 120 4814 220 4894; x_wconf 93' lang='lat' dir='ltr'>quibus</span> <span class='ocrx_word' id='word_1_691' title='bbox 241 4813 396 4873; x_wconf 85' lang='lat' dir='ltr'>erubescere</span> <span class='ocrx_word' id='word_1_692' title='bbox 417 4826 560 4893; x_wconf 87' lang='lat' dir='ltr'>oporteret,</span> <span class='ocrx_word' id='word_1_693' title='bbox 575 4814 610 4874; x_wconf 91' lang='lat' dir='ltr'>de</span> <span class='ocrx_word' id='word_1_694' title='bbox 626 4815 660 4873; x_wconf 89' lang='lat' dir='ltr'>iis</span> <span class='ocrx_word' id='word_1_695' title='bbox 673 4816 795 4896; x_wconf 84' lang='lat' dir='ltr'>plerique</span> <span class='ocrx_word' id='word_1_696' title='bbox 808 4817 865 4895; x_wconf 78' lang='lat' dir='ltr'>glo·</span> <span class='ocrx_word' id='word_1_697' title='bbox 882 4819 1002 4886; x_wconf 67' lang='grc' dir='ltr'>[νουσιν.</span> <span class='ocrx_word' id='word_1_698' title='bbox 1017 4811 1145 4891; x_wconf 79' lang='grc' dir='ltr'>Εύρημον</span> <span class='ocrx_word' id='word_1_699' title='bbox 1161 4807 1322 4887; x_wconf 83' lang='grc' dir='ltr'>κτησώμεθα</span> <span class='ocrx_word' id='word_1_700' title='bbox 1347 4809 1480 4886; x_wconf 80' lang='grc' dir='ltr'>γλῶτταν,</span> <span class='ocrx_word' id='word_1_701' title='bbox 1493 4807 1537 4867; x_wconf 81' lang='grc' dir='ltr'>ίνα</span> <span class='ocrx_word' id='word_1_702' title='bbox 1557 4797 1631 4886; x_wconf 68' lang='grc' dir='ltr'>ὦμον</span> <span class='ocrx_word' id='word_1_703' title='bbox 1642 4827 1687 4865; x_wconf 84' lang='grc' dir='ltr'>τι·</span> 
     </span>
     <span class='ocr_line' id='line_1_49' title="bbox 121 4899 1688 4988; baseline -0.006 -22"><span class='ocrx_word' id='word_1_704' title='bbox 121 4906 231 4966; x_wconf 86' lang='lat' dir='ltr'>rientur.</span> <span class='ocrx_word' id='word_1_705' title='bbox 242 4907 305 4966; x_wconf 84' lang='lat' dir='ltr'>Hae</span> <span class='ocrx_word' id='word_1_706' title='bbox 318 4905 478 4988; x_wconf 88' lang='lat' dir='ltr'>plerumque</span> <span class='ocrx_word' id='word_1_707' title='bbox 492 4906 651 4966; x_wconf 84' lang='lat' dir='ltr'>minitantur</span> <span class='ocrx_word' id='word_1_708' title='bbox 663 4907 775 4988; x_wconf 87' lang='lat' dir='ltr'>quidam</span> <span class='ocrx_word' id='word_1_709' title='bbox 787 4932 793 4965; x_wconf 94' lang='lat'><strong>:</strong></span> <span class='ocrx_word' id='word_1_710' title='bbox 805 4912 865 4968; x_wconf 89' lang='lat' dir='ltr'>Non</span> <span class='ocrx_word' id='word_1_711' title='bbox 920 4903 998 4966; x_wconf 84' lang='grc' dir='ltr'>θεινολ</span> <span class='ocrx_word' id='word_1_712' title='bbox 1018 4902 1064 4963; x_wconf 83' lang='grc' dir='ltr'>καί</span> <span class='ocrx_word' id='word_1_713' title='bbox 1087 4901 1235 4981; x_wconf 62' lang='lat' dir='ltr'>autperto.</span> <span class='ocrx_word' id='word_1_714' title='bbox 1253 4899 1331 4960; x_wconf 80' lang='grc' dir='ltr'>Ἀλλθι</span> <span class='ocrx_word' id='word_1_715' title='bbox 1351 4899 1403 4982; x_wconf 75' lang='grc' dir='ltr'>γὰρ</span> <span class='ocrx_word' id='word_1_716' title='bbox 1423 4903 1458 4968; x_wconf 81' lang='grc' dir='ltr'>εἰς</span> <span class='ocrx_word' id='word_1_717' title='bbox 1483 4909 1562 4962; x_wconf 79' lang='grc' dir='ltr'>τοῦτο</span> <span class='ocrx_word' id='word_1_718' title='bbox 1580 4902 1688 4984; x_wconf 70' lang='grc' dir='ltr'>προῆλθι</span> 
     </span>
     <span class='ocr_line' id='line_1_50' title="bbox 11 4984 1691 5080; baseline -0.005 -19"><span class='ocrx_word' id='word_1_719' title='bbox 11 5026 109 5080; x_wconf 71' lang='grc' dir='ltr'>ιισομ.</span> <span class='ocrx_word' id='word_1_720' title='bbox 121 4999 220 5080; x_wconf 83' lang='lat' dir='ltr'>poteris</span> <span class='ocrx_word' id='word_1_721' title='bbox 232 4999 355 5078; x_wconf 81' lang='lat' dir='ltr'>linguam</span> <span class='ocrx_word' id='word_1_722' title='bbox 376 5019 463 5057; x_wconf 89' lang='lat' dir='ltr'>meam</span> <span class='ocrx_word' id='word_1_723' title='bbox 476 4998 554 5057; x_wconf 85' lang='lat' dir='ltr'>serre.</span> <span class='ocrx_word' id='word_1_724' title='bbox 567 4999 631 5058; x_wconf 71' lang='lat' dir='ltr'>Haeo</span> <span class='ocrx_word' id='word_1_725' title='bbox 648 4999 768 5060; x_wconf 88' lang='lat' dir='ltr'>mulieris</span> <span class='ocrx_word' id='word_1_726' title='bbox 783 5001 865 5065; x_wconf 76' lang='lat' dir='ltr'>verba</span> <span class='ocrx_word' id='word_1_727' title='bbox 920 4997 1014 5067; x_wconf 88' lang='grc' dir='ltr'>κακίας</span> <span class='ocrx_word' id='word_1_728' title='bbox 1034 4997 1157 5073; x_wconf 80' lang='grc' dir='ltr'>ἅπαντα,</span> <span class='ocrx_word' id='word_1_729' title='bbox 1181 4993 1251 5056; x_wconf 83' lang='grc' dir='ltr'>ὥστε</span> <span class='ocrx_word' id='word_1_730' title='bbox 1271 4997 1310 5074; x_wconf 77' lang='grc' dir='ltr'>ἐρ’</span> <span class='ocrx_word' id='word_1_731' title='bbox 1333 4984 1370 5061; x_wconf 79' lang='grc' dir='ltr'>οἶς</span> <span class='ocrx_word' id='word_1_732' title='bbox 1393 4992 1609 5074; x_wconf 77' lang='grc' dir='ltr'>ἐγκαλύπτισθαι</span> <span class='ocrx_word' id='word_1_733' title='bbox 1631 4992 1691 5064; x_wconf 72' lang='grc' dir='ltr'>ἔδει,</span> 
     </span>
    </p>
   </div>
   <div class='ocr_carea' id='block_1_3' title="bbox 155 5209 633 5285">
    <p class='ocr_par' dir='ltr' id='par_1_3' title="bbox 155 5209 633 5285">
     <span class='ocr_line' id='line_1_51' title="bbox 155 5209 633 5285; baseline 0.021 -26"><span class='ocrx_word' id='word_1_734' title='bbox 155 5227 165 5253; x_wconf 82' lang='lat'><strong>¹</strong></span> <span class='ocrx_word' id='word_1_735' title='bbox 182 5209 250 5262; x_wconf 76' lang='lat' dir='ltr'>Alius</span> <span class='ocrx_word' id='word_1_736' title='bbox 261 5216 328 5266; x_wconf 78' lang='grc' dir='ltr'>πάλιν</span> <span class='ocrx_word' id='word_1_737' title='bbox 339 5221 485 5285; x_wconf 77' lang='grc' dir='ltr'>κικμυμμίνκ</span> <span class='ocrx_word' id='word_1_738' title='bbox 496 5222 633 5285; x_wconf 69' lang='grc' dir='ltr'>πράγματα,</span> 
     </span>
    </p>
   </div>
   <div class='ocr_carea' id='block_1_4' title="bbox 0 0 1876 5978">
    <p class='ocr_par' dir='ltr' id='par_1_4' title="bbox 0 0 1876 5978">
     <span class='ocr_line' id='line_1_52' title="bbox 0 0 1876 5978; baseline 0 0"><span class='ocrx_word' id='word_1_739' title='bbox 0 0 1876 5978; x_wconf 95' lang='lat' dir='ltr'> </span> 
     </span>
    </p>
   </div>
  </div>
 </body>
</html>
