3728 5978
534 443 567 492 ιω
595 442 703 492 nrisr.
731 440 777 489 an
803 440 887 490 nou.
916 441 1033 490 nonin.
1062 439 1135 490 xvi.
1560 411 1636 513 069

69 564 219 644 ἐπιγνόντες
228 567 362 645 ἄνθρωποι
376 566 400 624 oi
414 563 441 634 ἐξ
454 567 547 625 ἐθνῶν·
562 565 620 626 ἐπεί
632 555 676 626 οὖν
690 568 774 625 ταῦτα
792 563 840 626 λί-
893 564 958 643 quia
970 564 1054 646 igitur
1065 563 1123 622 hec
1132 559 1250 622 dicentes
1262 580 1324 655 con!
1366 563 1454 624 Deum
1466 558 1635 642 blasphema·

69 682 159 738 γοντες
173 660 217 718 τὸν
233 657 302 718 Θεὸν
316 657 514 738 ίόλασρήμουν,
525 657 626 719 ἀκοόων
639 661 723 717 ταῦτα
735 655 780 718 καλ
791 658 841 716 δα·
893 655 960 728 bant
967 678 976 733 3
987 650 1045 731 lucc
1057 653 1170 715 audiens
1185 653 1285 716 Paulus
1296 573 1409 742 σξιο
1421 653 1521 732 serens,
1540 672 1572 712 ac
1586 671 1638 732 pro

69 751 221 830 κνόμενοςθ
242 751 360 824 Παῦλος,
380 751 425 808 καί
444 749 510 830 ὑπὲρ
528 754 576 822 τῆς
591 749 665 822 δόξης
686 752 774 828 ἀλγῶν
796 754 842 811 τοῦ
894 746 946 806 Dei
965 745 1049 828 gloria
1063 745 1168 822 dolens,
1183 745 1289 828 optarit
1302 742 1443 805 anathema
1455 765 1520 821 esse,
1538 743 1562 804 si
1576 740 1638 802 fieri

70 848 156 915 Θεοῦ,
169 842 267 918 ηὔξατο
282 842 401 921 ἀνάθεμα
416 833 496 918 εἶναι,
510 842 536 902 εί
551 865 581 922 γε
593 842 702 903 δυνατδν
719 832 762 917 it,
773 839 842 902 ὥστε
895 854 994 921 posset,
1010 853 1040 898 ut
1060 838 1101 900 illi
1114 839 1182 900 salvi
1202 850 1299 914 essent,
1317 851 1343 898 et
1356 836 1428 898 banc
1439 836 1638 921 blasphemiam

70 936 184 1004 ἐκείνως
198 939 333 1009 σωθῆναι,
349 934 451 1006 καλε-δν
464 935 635 1017 βλασφημίαν
647 935 747 1006 ταύτην
761 957 843 994 κατα·
895 935 986 1017 abigi,
1004 956 1038 996 ne
1059 934 1198 996 videretur
1214 938 1287 995 Deus
1299 933 1409 994 illorum
1428 935 1542 1016 majores
1557 931 1636 994 deoc·

70 1031 195 1103 λυθῆναι,
210 1028 256 1089 καλ
270 1027 308 1107 μὴ
324 1027 396 1096 δόξαι
407 1028 452 1087 τδν
464 1028 534 1089 Θεὸν
547 1026 715 1100 ήπατηκέναι
728 1025 787 1096 τοὺς
798 1030 843 1088 ἐκ·
860 1026 879 1074 ⁰
895 1029 977 1109 pisse,
990 1027 1091 1108 quibus
1102 1027 1173 1088 dona
1186 1026 1325 1109 pollicitus
1342 1028 1439 1090 luerat.
1456 1025 1493 1087 Et
1506 1039 1538 1085 ut
1548 1024 1639 1086 discas

71 1122 160 1202 γόνους
174 1120 233 1190 τοὺς
248 1118 365 1195 ἐκείνων,
374 1111 412 1188 οἷς
422 1120 469 1188 τὰς
479 1119 577 1203 δωρεδις
592 1119 776 1199 ἐπηγγείλατο.
790 1119 844 1179 Καί
895 1118 975 1181 illum
987 1120 1038 1180 hoc
1052 1118 1163 1180 moleste
1174 1121 1312 1197 ferentem,
1326 1133 1356 1179 ut
1375 1142 1408 1179 ne
1422 1119 1561 1180 videretur
1574 1139 1637 1200 pro·

69 1212 113 1273 ἵνα
126 1214 229 1292 μάθῃς,
242 1211 284 1273 ὅτι
295 1208 361 1290 ὑπὲρ
372 1209 464 1271 τούτου
474 1211 651 1291 κοπτόμενος,
664 1217 710 1271 τοῦ
721 1210 759 1290 μὴ
771 1210 843 1280 δόξαι
896 1212 989 1272 missio
1003 1213 1053 1273 Dei
1062 1210 1231 1292 intercidere,
1241 1234 1295 1293 qua
1307 1212 1461 1273 abrahamo
1472 1212 1576 1273 dictum
1585 1223 1636 1283 est,

71 1305 119 1379 τήν
147 1304 289 1386 ὑπόσχεσιν
318 1311 365 1364 τοῦ
393 1306 463 1364 Θεοῦ
495 1303 647 1364 διαπίπτειν
673 1303 723 1378 τήν
748 1303 843 1384 λόγου·
900 1294 1639 1385 Tibidoboterromhanc,etseminitu0,baeooptas·

71 1422 121 1457 σαν
144 1402 183 1478 τῷ
206 1395 341 1480 Ἀόραδμ,
365 1395 415 1456 Σοί
437 1394 514 1455 δώσω
543 1394 591 1469 τὴν
617 1399 667 1476 γῆν
689 1394 785 1469 ταύτην
798 1395 844 1455 καλ
896 1419 946 1457 se:
968 1413 1112 1479 postquam
1132 1399 1192 1459 haec
1221 1397 1338 1476 dixerat,
1365 1397 1472 1459 addidit
1490 1422 1496 1455 ι
1513 1401 1542 1460 6.
1571 1399 1639 1457 Non
1652 1410 1708 1453 Gen.
1720 1418 1756 1454 νε.
1765 1421 1790 1467 γ.

74 1492 113 1570 τῷ
127 1488 261 1572 σπέρματί
285 1512 348 1560 σου,
378 1493 462 1546 ταῦτα
486 1485 599 1567 ηὔχετο·
615 1484 684 1567 μετὰ
704 1486 735 1546 τδ
756 1479 844 1546 ’ταῦτα
897 1503 1006 1564 autem,
1017 1492 1098 1572 quod
1105 1490 1246 1551 exciderit
1254 1494 1376 1550 νενθιιιιι
1385 1492 1455 1562 Det·
1464 1489 1640 1552 ostendenssc

72 1584 165 1656 εἰπεῖν,
186 1580 331 1661 ἐπήγαγεν·
357 1581 419 1660 Οίχ
439 1569 492 1640 οἷον
512 1579 555 1650 δὲ,
576 1579 617 1640 ότι
639 1579 809 1640 ἐκπέπτωκεν
830 1584 844 1639 θ
896 1581 954 1642 bac
967 1581 1056 1641 omnia
1065 1597 1176 1664 propter
1188 1582 1304 1644 verbum
1314 1583 1366 1642 Dei
1376 1583 1444 1643 icrrc
1456 1583 1540 1663 relle5
1553 1583 1640 1659 idest,

70 1673 148 1755 λόγος
171 1680 217 1734 τοῦ
240 1677 322 1733 Θεοῦ·
344 1670 444 1738 δεικνὺς
468 1671 509 1731 ότι
528 1671 616 1732 πάντα
635 1676 720 1731 ταῦτα
737 1671 781 1732 διά
800 1673 844 1733 τδν
897 1689 1008 1757 proptor
1020 1676 1233 1758 promissionem
1249 1677 1363 1737 hbrabae
1376 1679 1485 1738 iactam.
1499 1678 1641 1751 Quemad-

70 1764 148 1845 λόγον
162 1771 208 1824 τοῦ
228 1769 298 1825 Θεοῦ
324 1768 464 1841 ὑπομεῖναι
483 1763 618 1845 ἠνείχετο·
637 1762 769 1838 τουτέστι,
796 1765 844 1836 τήν
899 1766 1012 1827 modum
1026 1768 1099 1829 enim
1112 1771 1222 1851 Moyses
1236 1768 1381 1828 videbatur
1400 1769 1509 1848 quidem
1524 1792 1573 1851 pro
1592 1771 1643 1831 Ju-

70 1856 231 1938 ἐπαγγελίαν
257 1857 305 1929 τήν
334 1856 400 1936 πρδς
430 1856 552 1938 Ἀόραάμ
578 1855 763 1936 γεγενημένην.
788 1858 844 1916 Κα-
899 1857 967 1919 deis
993 1857 1170 1936 intercedere,
1193 1872 1279 1919 totum
1303 1874 1394 1920 autem
1414 1883 1464 1941 pro
1487 1860 1573 1941 gloria
1593 1860 1644 1923 Dei

72 1948 158 2031 θάπερ
173 1950 225 2031 γδρ
239 1951 356 2021 Μωῦσής
368 1948 452 2008 ἐδόκει
474 1947 521 2026 μὲν
542 1940 757 2030 ὑπὲρἸουδαίων
779 1971 845 2028 πρε·
899 1950 1015 2011 iaciebat
1023 1952 1080 2026 (Ne
1091 1952 1204 2023 dicarit,
1216 1950 1313 2031 inquit,
1324 1953 1405 2032 quod
1415 1957 1487 2034 quia¹
1496 1972 1556 2019 pon
1562 1965 1643 2033 pote·
1654 1972 1723 2016 οωνι.
1740 1981 1765 2030 9.

72 2042 190 2114 σόεύειν,
202 2041 233 2102 rh
244 2040 271 2100 δὲ
282 2050 334 2101 πάν
356 2039 422 2122 ὑπὲρ
438 2045 486 2111 τῆς
499 2040 574 2111 δόξης
583 2045 628 2099 τοῦ
639 2042 709 2100 Θεοῦ
719 2039 846 2120 ἔπραττεν
900 2057 948 2103 rat
962 2044 1030 2103 illos
1048 2064 1175 2118 serrare,
1192 2045 1294 2103 eduxit
1316 2045 1396 2118 illos,
1417 2058 1449 2104 ut
1464 2046 1596 2127 perderet
1611 2049 1644 2105 in
1653 2030 1692 2080 ²⁸·

70 2135 153 2207 (Ἵνα
172 2134 224 2215 γάρ
243 2133 281 2211 μή
305 2132 416 2205 εἴπωσι,
439 2132 528 2212 φησίν,
542 2132 583 2192 ότι
598 2132 680 2212 παρὰ·
696 2132 727 2192 τδ
744 2132 781 2212 μή
803 2131 846 2192 δυ’·
864 2146 884 2192 t>
900 2136 1013 2196 deserto
1025 2160 1033 2194 :
1045 2137 1156 2216 depone
1167 2140 1275 2210 irrrer
1286 2135 1323 2195 ita
1333 2152 1358 2196 et
1368 2137 1479 2214 Paulus,
1490 2141 1532 2199 Ne
1540 2138 1645 2217 dicant,

70 2232 170 2286 νασθαι
181 2224 273 2292 αὐτοὺς
286 2230 386 2297 σῶσαι,
398 2223 522 2304 ἐξήγαγεν
533 2223 624 2291 αὐτοῦς
635 2223 764 2285 ἀπολέσαι
776 2221 802 2283 ἐν
815 2229 848 2304 τῇ
901 2227 1000 2307 inquit,
1015 2227 1221 2310 promissionem
1237 2228 1286 2288 Dei
1301 2218 1448 2306 excidisse,
1463 2251 1579 2310 eumque
1593 2252 1648 2292 non

71 2318 185 2400 ἐρήμῳ·
199 2318 348 2377 κατάλυσον
362 2316 412 2388 τήν
424 2315 527 2397 ὀργήν)·
542 2315 610 2375 οὕτω
628 2316 660 2389 δή
674 2316 721 2376 καί
733 2318 850 2390 Παῦλος,
902 2318 1005 2379 stetisse
1019 2318 1170 2400 promissis,
1184 2340 1232 2380 nec
1243 2319 1326 2381 rerba
1342 2320 1371 2380 in
1384 2342 1452 2402 opus
1463 2321 1569 2397 exiisse,
1584 2322 1646 2382 rel-

71 2410 119 2469 ίνα
136 2409 174 2489 μὴ
189 2409 298 2483 είπωσι,
315 2409 405 2491 φησίν,
418 2408 459 2467 ὅτι
473 2407 625 2480 ἐξέπεσενὴ
646 2408 792 2488 ἐπαγγελία
804 2414 851 2469 τοῦ
901 2411 956 2471 lem
978 2410 1120 2470 anathema
1143 2409 1212 2470 ficri.
1235 2409 1353 2490 ideoque
1374 2432 1427 2471 non
1450 2434 1502 2495 pro
1522 2413 1648 2495 gentibus

72 2506 164 2572 Θεοῦ,
186 2500 232 2560 καί
255 2501 382 2582 ἐψεύσατο
396 2498 575 2580 θθπέαχετο,
597 2500 643 2560 καὶ
657 2502 695 2568 είς
708 2499 782 2581 ἔργον
802 2501 851 2559 οὐκ
902 2501 1024 2583 loquitur
1046 2507 1116 2580 (non
1139 2501 1211 2562 enim
1234 2501 1265 2571 id
1285 2503 1340 2563 illis
1363 2504 1526 2585 promissum
1547 2505 1648 2583 iuerat,

71 2593 180 2665 ἐξῆλθεν
191 2596 205 2652 δ
217 2592 309 2673 λόγος,
330 2591 483 2670 ήόουλόμην
506 2593 626 2671 ἀνάθεμα
648 2590 776 2671 γενέσθαι.
798 2591 851 2651 Διά
903 2615 989 2675 neque
1000 2593 1092 2676 ipsum
1104 2595 1242 2656 coluerant
1257 2620 1263 2656 :
1278 2616 1361 2675 quare
1370 2610 1424 2657 non
1437 2611 1548 2679 propter
1559 2612 1649 2678 gentes

72 2684 108 2758 δή
120 2690 197 2746 τοῦτο
207 2687 257 2766 οὐχ
264 2683 332 2763 ὑπὲρ
341 2689 393 2744 τῶν
405 2688 484 2744 ἐθνῶν
496 2708 576 2765 φησιν
591 2683 667 2760 (οὐδὲ
676 2683 728 2766 γδρ
739 2676 771 2757 ir
786 2683 851 2767 πρδς
903 2675 1131 2767 blasphemabant
1148 2683 1255 2762 illum);
1269 2683 1317 2744 sed
1330 2707 1382 2771 pro
1395 2685 1508 2762 Judaeis,
1523 2685 1571 2765 qui
1585 2708 1649 2768 pro-

72 2776 188 2843 ἐκείνους
200 2775 396 2856 ἐπηγγελμένον
406 2775 485 2847 αὐτὸ,
501 2775 560 2837 οὐδὲ
573 2768 642 2849 ήσαν
654 2777 731 2838 αάτδν
743 2781 851 2858 τεθερα·
904 2777 1059 2837 missionem
1070 2790 1237 2857 acceperant,
1255 2788 1281 2857 et
1296 2798 1351 2857 prae
1366 2776 1428 2836 aliis
1443 2777 1497 2860 ipsi
1514 2779 1650 2861 conjuncti

72 2869 217 2936 πευκότες·
232 2869 273 2929 διδ
288 2866 347 2929 coti
363 2867 552 2949 ἐὸλασγνήμουν
565 2869 643 2929 αὐτὸν
660 2869 694 2928 δι’
709 2869 851 2944 ἐκείνους),
903 2879 989 2944 erant,
1005 2865 1062 2925 baec
1077 2864 1197 2946 optabat.
1211 2864 1313 2929 Viden'
1328 2866 1410 2946 quod,
1427 2866 1449 2927 si
1462 2887 1510 2948 pro
1524 2866 1650 2949 gentibus

76 2963 137 3022 ἀλλ’
152 2959 218 3042 ὑπὲρ
229 2965 281 3020 τῶν
293 2959 427 3020 Ἰουδαίων
437 2964 488 3019 τῶν
503 2960 550 3019 καί
565 2959 613 3034 τήν
627 2960 787 3041 ἐπαγγελίαν
811 2963 851 3021 δε·
903 2971 1028 3039 precatus
1050 2956 1155 3035 luisset,
1171 2976 1225 3016 non
1246 2956 1284 3017 ita
1305 2957 1377 3018 clare
1392 2957 1539 3036 videretur,
1560 2959 1650 3040 ipsum

77 3051 208 3130 ξαμένων,
229 3051 276 3112 καλ
289 3054 342 3134 πρὸ
358 3057 410 3111 τῶν
436 3053 523 3112 ἄλλων
550 3053 737 3114 οἷκειωθέντων
764 3055 851 3136 αὐτῷ,
903 3072 953 3132 pro
967 3049 1069 3110 Christi
1081 3051 1166 3132 gloria
1179 3051 1236 3110 baec
1249 3050 1342 3111 iecisse
1358 3077 1365 3111 ι
1379 3052 1442 3132 quia
1456 3073 1521 3113 vero
1534 3073 1584 3135 pro
1598 3056 1651 3119 Ju-

75 3151 161 3204 ταῦτα
183 3143 291 3223 ηὔχετο.
315 3133 408 3219 Εἶδες,
428 3143 485 3217 ὅτι,
507 3147 530 3203 εί
550 3143 597 3224 μίν
617 3142 683 3230 ὑπὲρ
696 3149 749 3204 τῶν
771 3148 850 3205 ἐθνῶν
869 3142 968 3204 adaeis
987 3142 1095 3204 volebat
1112 3164 1169 3205 esse
1182 3143 1335 3222 anathema,
1352 3158 1416 3204 tuno
1436 3144 1555 3206 maxime
1574 3168 1648 3208 com-

76 3234 190 3307 ηὕξατο,
204 3239 252 3294 οῦκ
271 3236 302 3294 ἀν
326 3234 407 3303 οὕτως
421 3233 504 3314 ἐφάνη
525 3239 647 3316 καθαρῶς
671 3233 714 3295 διὰ
736 3235 785 3308 τήν
804 3241 851 3296 τοῦ
903 3234 1047 3316 probatum
1058 3248 1109 3309 est,
1123 3235 1204 3295 illum
1218 3257 1268 3317 pro
1280 3235 1388 3296 Christo
1401 3237 1458 3296 solo
1478 3237 1535 3297 haec
1546 3237 1650 3299 deside-

77 3329 195 3408 Χριστοῦ
205 3326 281 3396 δόξαν
293 3336 370 3388 τοῦτο
381 3332 479 3387 ποιῶν·
494 3327 585 3398 ἐπειδὴ
600 3326 627 3387 δέ
639 3325 705 3410 ὑπὲρ
715 3328 851 3389 Ἰουδαίων
902 3348 984 3386 rare:
1003 3326 1064 3388 idco
1082 3327 1154 3388 dixit
1173 3352 1180 3391 :
1207 3329 1336 3408 Quorum
1359 3331 1477 3410 adoptio
1500 3344 1529 3390 et
1550 3333 1648 3412 gloria

76 3420 207 3493 ἐόουλήθη
226 3419 347 3499 γενέσθαι
361 3420 496 3499 ἀνάθεμα,
517 3421 577 3481 τότε
597 3421 713 3499 μαλιστα
732 3419 852 3503 ἐδείχθη,
903 3430 930 3477 et
943 3418 1040 3479 cultus
1054 3432 1082 3478 et
1093 3423 1258 3500 promissio.
1274 3419 1382 3480 Etenim
1396 3420 1459 3481 inde
1471 3420 1532 3495 lex,
1545 3421 1646 3503 inquit,

75 3512 119 3571 ότι
132 3510 176 3571 διδ
187 3513 232 3573 τὸν
251 3513 365 3593 Χριστὸν
381 3513 457 3593 μόνον
471 3519 556 3573 ταῦτα
571 3515 702 3592 ἐπιθυμεῖ·
721 3512 764 3573 διδ
775 3518 852 3576 τοῦτο
901 3532 961 3590 quae
973 3511 1008 3571 de
1016 3511 1126 3572 Christo
1140 3509 1271 3592 loquitur,
1287 3527 1312 3572 et
1325 3527 1415 3595 pacta,
1430 3536 1490 3592 que
1505 3515 1596 3575 omnia
1612 3516 1657 3577 ad

74 3605 176 3684 ἔλεγεν,
184 3595 238 3664 Ὧν
250 3612 267 3678 ἡ
282 3606 399 3665 υἱοθεσία
415 3606 460 3665 καί
473 3610 490 3678 ἡ
503 3605 565 3674 δόξα
583 3605 661 3678 καλή
676 3605 787 3688 λατρεία
804 3606 851 3666 καί
901 3603 963 3663 illos
975 3604 1118 3686 pertinent,
1133 3618 1160 3665 et
1172 3605 1230 3686 ipse
1242 3626 1276 3666 ex
1289 3605 1345 3665 illis
1361 3619 1446 3682 ortus,
1460 3621 1486 3666 ct
1499 3621 1589 3689 patrer
1599 3611 1653 3690 qui

74 3703 92 3770 ἡ
107 3697 261 3777 ἐπαγγελία.
275 3699 328 3772 Καὶ
341 3696 392 3781 γδρ
404 3703 418 3758 ὁ
429 3694 507 3777 νόμος
520 3702 618 3759 ἐκεῖθεν
630 3697 714 3781 ὁπερὶ
726 3703 772 3758 τοῦ
784 3701 850 3781 Χρι-
901 3692 1233 3781 ρτοιιιίεευοσοερειυιιῑ,
1255 3698 1290 3761 ex
1314 3700 1369 3761 illis
1389 3722 1481 3762 omncs
1500 3726 1507 3760 ι
1529 3718 1647 3766 attamen

74 3796 138 3850 ατοῦ
150 3791 249 3871 λέγων,
274 3791 357 3872 φησί,
375 3791 421 3852 καὶ
435 3796 462 3851 αἱ
474 3796 602 3864 συνθῆκαι
623 3795 650 3850 αἱ
673 3792 738 3874 πρδς
757 3792 850 3862 αὐτοὺς
901 3791 1177 3868 contrariumevenit,
1189 3804 1241 3853 eta
1254 3792 1645 3861 bonisomnibusexcidemnt.
1704 3857 1706 3860 ,

74 3895 179 3956 πᾶσαν,
195 3884 241 3943 καί
254 3885 331 3950 αῦτδς
346 3882 373 3952 ἐξ
387 3887 483 3957 αθτῶν,
498 3885 543 3944 καί
557 3886 581 3943 σί
595 3885 707 3964 πατέρες
728 3889 752 3944 οἱ
774 3884 850 3954 δεξά-
900 3887 1043 3966 Propterea
1053 3884 1211 3962 discrucior,
1226 3884 1325 3964 inquit,
1339 3899 1365 3945 et
1378 3885 1400 3945 si
1411 3907 1517 3968 possem
1527 3889 1646 3969 separari

75 3999 151 4052 μενοι
164 3975 211 4045 ric
227 3975 385 4055 ἐπαγγελίας
405 3975 431 4045 ἐξ
453 3976 558 4035 ἐκείνοιν
575 3976 688 4044 πάντες·
705 3977 764 4036 ἀλλ’
779 3977 850 4056 ὅμως
901 3997 917 4034 a
931 3975 1034 4037 Christi
1047 3978 1140 4055 choro,
1155 3991 1182 4036 et
1195 3976 1352 4055 abalienari,
1367 3998 1419 4037 non
1433 3973 1468 4038 ab
1478 3979 1538 4060 ejus
1556 4002 1646 4042 amore

74 4067 223 4128 τούναντίον
239 4068 342 4149 γέγονε,
357 4069 403 4127 καὶ
413 4068 520 4128 πάντων
536 4067 658 4138 ἐξέπεσον
670 4071 722 4128 τῶν
734 4072 848 4146 ἀγαθῶν.
901 4069 999 4145 (absit,
1014 4070 1078 4149 quia
1095 4068 1166 4129 illud
1183 4085 1294 4153 propter
1303 4092 1423 4131 amorem
1435 4073 1585 4154 faciebat),
1598 4075 1646 4136 sed

75 4161 128 4220 Διά
145 4167 222 4220 τοῦτο
240 4160 387 4240 κόπτομαι,
402 4162 482 4243 φησί,
499 4162 545 4222 καλ
560 4160 584 4220 εί
596 4187 626 4242 γε
640 4151 672 4234 ήν
686 4167 850 4243 χωρισθῆναι
901 4162 937 4221 ab
950 4161 998 4220 illa
1013 4162 1139 4222 fruitione
1154 4176 1180 4223 et
1193 4162 1289 4244 gloria,
1305 4162 1333 4223 id
1344 4163 1525 4246 admitterem,
1539 4182 1570 4228 ut
1584 4170 1644 4228 Do-

73 4261 121 4313 τοῦ
134 4253 196 4333 περί
206 4254 250 4312 τδν
264 4254 379 4334 Χριστὸν
390 4262 485 4338 χοροῦ,
496 4254 542 4314 καλ
556 4255 778 4335 ἀλλοτριωθῆναι,
791 4255 851 4337 οὐχί
902 4252 992 4312 minus
1010 4274 1087 4313 meus
1111 4275 1164 4314 non
1185 4254 1430 4336 blasphemaretur,
1451 4279 1500 4319 nec
1521 4258 1646 4320 audirem

74 4352 125 4417 τῆς
147 4345 252 4425 ἀγάπης
273 4349 352 4406 αὐτοῦ
367 4346 419 4425 (μή
434 4347 550 4426 γένοιτο,
574 4347 631 4408 ἐπεί
651 4348 697 4407 καλ
719 4355 801 4409 ταῦτα
815 4351 848 4408 δι’
903 4345 1034 4426 quosdam
1053 4348 1183 4426 dicentes,
1205 4370 1248 4409 res
1268 4349 1298 4409 in
1320 4347 1426 4411 scenam
1447 4375 1537 4415 versas
1561 4376 1645 4428 esse:

73 4439 182 4518 ἀγάπην
194 4438 302 4513 ἐποίει),
314 4440 382 4499 ἀλλά
393 4439 439 4500 καλ
452 4441 678 4511 τῆςάπολαόσεως
692 4440 793 4512 ἐκείνης
806 4441 851 4502 καλ
905 4438 973 4500 aliis
994 4441 1134 4524 promisit,
1153 4441 1214 4502 aliis
1234 4440 1327 4522 dedit,
1354 4466 1387 4505 ex
1405 4445 1467 4508 aliis
1486 4463 1566 4510 natus
1588 4463 1644 4526 est,

72 4535 122 4603 τῆς
136 4531 226 4603 δόξης,
242 4531 421 4610 κατεδεξάμην
438 4534 479 4607 ἂν,
498 4532 567 4593 ὥστε
579 4533 617 4612 μὴ
643 4532 688 4594 τδν
711 4532 970 4611 Δεσπότηνωξειίίοε
988 4534 1128 4613 servavit5
1155 4534 1314 4597 iudeorum
1337 4540 1485 4619 majoribus
1509 4543 1647 4622 pollicitus

75 4628 302 4704 βλασρημηθῆναι
315 4624 358 4683 τὸν
371 4624 443 4703 ἐμδν,
454 4625 497 4686 διδ
510 4625 539 4685 τδ
548 4626 584 4706 μή
597 4629 708 4688 ἀκοῦσαι
721 4625 851 4707 λεγόντων
869 4628 888 4672 Α
905 4637 970 4701 erat,
983 4640 1010 4685 et
1020 4622 1132 4687 illorum
1146 4628 1222 4709 prole
1231 4628 1370 4709 derelicta,
1385 4653 1430 4693 eos
1446 4636 1492 4713 qui
1508 4656 1647 4717 nunquam

71 4722 161 4790 τινῶν,
174 4715 213 4775 ότι
225 4716 309 4790 σκηνή
320 4716 354 4775 τδι
365 4717 512 4798 πράγματα
536 4717 649 4799 γέγονεν·
676 4718 765 4786 ἀλλοις
789 4718 853 4779 θπέ-
906 4717 985 4776 illum
1000 4733 1147 4796 noverant,
1161 4720 1189 4780 in
1203 4721 1314 4782 illorum
1328 4722 1399 4783 bona
1423 4725 1575 4788 introduxit
1587 4752 1593 4785 ι
1607 4729 1649 4788 illi

72 4831 163 4888 σχετο,
177 4808 219 4867 καί
226 4809 315 4877 ἀλλοις
323 4809 429 4869 ἔδωκεν·
441 4808 466 4877 ἐξ
480 4809 567 4868 ἀλλων
583 4809 719 4889 ἐγεννήθη,
732 4810 778 4869 καλ
794 4807 854 4877 τοὺς
907 4811 993 4891 legem
1005 4812 1165 4874 meditantes
1185 4813 1348 4876 insudabant
1363 4831 1390 4878 et
1403 4818 1557 4900 prophetias
1578 4821 1650 4902 lege-

72 4905 170 4969 σίλλους
183 4901 280 4963 ἔσωσε·
293 4912 345 4969 τοῖς
364 4907 416 4961 τῶν
432 4902 567 4963 Ἰουδαίων
577 4902 714 4983 προγόνοις
726 4902 856 4983 ἐκήγγελ·Ι
907 4903 984 4983 bant,
996 4919 1022 4964 et
1031 4905 1072 4964 illi
1085 4926 1120 4965 ex
1132 4906 1186 4966 aris
1200 4921 1226 4967 et
1236 4908 1318 4969 idolis
1327 4910 1385 4970 beri
1393 4912 1504 4988 reversi,
1513 4913 1576 4973 iacti
1588 4928 1651 4975 sunt

72 5020 113 5071 το,
127 4994 242 5061 καὶτοὺς
257 4995 377 5073 ἐκγόνους
392 4997 477 5054 αὐτῶν
489 4996 577 5075 ἀρείς,
591 4995 651 5064 τοὺς
669 4994 793 5058 οὐδέποτε
808 4999 855 5060 αὖ·
908 4994 963 5054 illis
976 4996 1139 5078 superiores:
1150 5019 1184 5057 an
1198 4998 1257 5058 baec
1269 4999 1437 5081 providentia
1447 5005 1504 5064 est?
1516 5007 1557 5066 Ne
1567 5001 1659 5088 igitur

72 5090 118 5147 τὸν
128 5087 275 5166 ἐγνωκότας
283 5091 320 5154 εἰς
340 5087 373 5147 τδι
389 5088 494 5148 ἐκείνων
504 5089 642 5169 εἰσήγαγεν
654 5090 749 5169 ἀγαθά·
763 5092 856 5149 ἐκεῖνοι
909 5086 966 5145 ltaeo
975 5087 1100 5148 dicantur
1114 5087 1149 5148 de
1157 5090 1274 5150 Domino
1289 5113 1359 5170 meo,
1375 5094 1475 5174 inquit,
1491 5097 1541 5158 etsi
1555 5098 1653 5183 injuste

72 5180 303 5259 τδννόμονέκαμον
312 5183 480 5259 μελετῶντες,
490 5181 534 5239 καί
542 5177 756 5263 τδςπρορητείας
766 5183 856 5261 ἀναγι-
908 5179 1043 5257 dicantur,
1056 5202 1071 5239 a
1086 5202 1168 5259 regno
1183 5182 1308 5241 caelorum
1327 5184 1440 5248 libenter
1465 5189 1617 5252 excideram
1628 5207 1656 5253 et

72 5270 227 5348 νοίσκοντες,
242 5273 287 5332 καί
298 5277 322 5332 ol
333 5272 386 5332 ἀπὸ
393 5277 444 5332 τῶν
455 5277 551 5352 βωμῶν
561 5273 606 5332 καλ
616 5277 667 5333 τῶν
677 5271 857 5354 είδόιλυινχθίς
910 5272 1023 5353 agloria
1041 5272 1088 5333 illa
1103 5273 1244 5359 ineffabili,
1266 5277 1409 5360 omniaque
1432 5258 1526 5365 gratia
1538 5285 1654 5350 sustine·
