3728 5978
535 521 569 567 IN
596 520 704 568 EPIST·
734 519 780 566 Δί)
805 517 889 565 θθθΙ.
916 513 1035 565 ΠΟΜΠ..
1063 517 1135 566 xix.
1243 564 1251 577 ,
1564 519 1629 587 721

66 643 107 720 μὴ
121 641 248 724 ίσγύσης,
267 642 335 704 ἀλλά
356 641 401 701 καὶ
420 646 495 702 τοῦτο
513 645 634 724 προδῷς,
654 633 723 703 Εἶτα
745 639 837 712 ἐπειδὴ
891 637 996 718 regredi
1010 638 1087 701 velis.
1101 642 1164 713 Qua
1173 636 1258 717 igitur
1266 637 1343 698 venia
1354 635 1453 718 diguus
1464 637 1526 716 eris,
1535 637 1559 699 si
1572 659 1635 700 cnm

64 726 125 794 siue
135 781 143 807 ,
153 734 234 814 Παρθι
242 733 329 814 φύσιν,
343 731 405 808 καὶ,
417 731 648 816 Ἐνεκεντρίσθης,
657 733 701 794 ἵνα
710 734 747 811 μὴ
759 733 837 793 πλύον
891 730 1014 790 ethnicus
1026 752 1065 806 ea,
1076 751 1136 809 quae
1150 744 1248 812 praeter
1261 742 1385 790 naturum
1398 743 1482 807 erant,
1491 729 1577 791 iacere
1586 751 1635 812 pe·

63 848 92 884 τι
103 827 148 886 τὸν
160 825 286 886 Ἰουδαῖον
299 825 368 904 ἔχειν
379 824 501 904 νομίζης,
515 826 595 885 πάλιν
606 826 670 885 αὐτὸ
681 828 837 904 διορθοῦται,
891 823 983 894 tuerit,
993 836 1034 898 tn,
1044 821 1117 901 qnod
1128 821 1275 882 secundum
1288 835 1411 889 naturam
1422 836 1473 903 est,
1485 822 1573 883 iacun
1582 844 1635 884 non

63 917 151 996 λέγων
160 917 204 977 καλ
219 915 297 975 αὐτὸν
311 918 534 999 ἐγκεντρίζεσθαι·
545 917 628 997 Πόσῳ
642 919 742 994 μᾶλλον
755 906 837 991 οὗτοι,
891 912 1124 990 valcas,scdillud
1133 913 1480 996 quoqucprodasPDeinde
1489 914 1636 994 quiadixe·

65 1008 161 1087 φησλν,
186 1011 211 1069 οἱ
238 1007 307 1067 κατθ
335 1007 411 1087 φύσιν
439 1010 702 1088 ἐγκεντρρσθήσονται
722 1012 755 1089 τῇ
784 1008 838 1088 ἰδία
890 1008 1231 1082 neminemneminer,
1246 1003 1634 1079 er,lnserruses;neii1dae·

64 1099 161 1180 ἐλαίᾳ,
181 1099 233 1159 Καί
249 1099 339 1173 πάλιν,
358 1100 498 1166 Δυνατδςθ
515 1099 583 1166 Θεὸς
601 1099 767 1180 ἐγκεντρίσαι
787 1103 836 1160 αὖ·
856 1112 873 1158 Β
891 1117 939 1156 nm
961 1096 1068 1175 aliquid
1085 1097 1203 1178 amplius
1221 1097 1321 1156 habere
1336 1111 1457 1178 putares,
1478 1118 1573 1158 nrrsnr
1584 1097 1636 1159 hnc

64 1190 134 1257 τούς.
146 1190 199 1250 Καί
208 1190 262 1268 πρὸ
272 1189 363 1249 τούτου
378 1190 407 1251 δέ
417 1214 506 1270 φησιν,
519 1191 561 1251 θτι
572 1190 617 1250 ἐάν
630 1190 668 1270 μθ,
683 1189 838 1270 ἐπιμείνυισι
891 1188 980 1268 ipsum
1001 1190 1112 1269 corrigit
1135 1188 1238 1268 dicens,
1269 1189 1360 1270 ipsum
1382 1210 1490 1269 quoqne
1509 1188 1636 1252 Jndaenm

64 1286 101 1359 τῇ
125 1280 250 1360 ἀπιστίᾳ,
265 1282 537 1359 ἐγκεντρισθήσονται.
552 1282 633 1362 Παρὰ
646 1281 724 1361 ρύσιν
743 1280 771 1343 δέ
792 1283 837 1343 καλ
890 1279 986 1340 inseri:
1000 1284 1118 1360 Quanto
1128 1287 1221 1362 magis
1232 1284 1275 1355 iri,
1291 1281 1391 1360 inquit,
1413 1287 1466 1363 qui
1478 1284 1637 1343 secuudum

65 1372 137 1432 κατά
148 1371 223 1453 ρύσιν
238 1371 299 1431 ὅταν
312 1372 427 1454 ἀκούσῃς
435 1377 513 1432 αὐτοῦ
524 1377 639 1454 συνερῶς
648 1373 784 1453 λέγοντος,
798 1375 836 1454 μὴ
892 1386 1030 1432 naturam
1044 1378 1210 1434 inserentur
1220 1378 1381 1455 inproprie
1392 1376 1522 1434 olivaiet
1532 1395 1636 1450 rursus,

65 1464 116 1536 τὴν
127 1465 248 1537 ἀκίνητον
262 1464 360 1538 ταύτην
373 1465 448 1546 φύσιν
466 1466 556 1545 νόμιζε
569 1465 655 1545 λέγειν
670 1467 757 1543 αὐτὸν,
769 1466 837 1527 ἀλλὰ
891 1467 992 1524 Potest
1008 1467 1090 1525 Deus
1114 1469 1241 1526 inserere
1256 1465 1338 1525 illos.
1357 1465 1393 1525 Et
1416 1479 1494 1525 antea
1514 1465 1635 1545 dixerat,

66 1556 114 1615 καὶ
128 1555 158 1614 τὸ
171 1557 238 1623 εέκδς
250 1556 336 1616 καὶτὸ
348 1557 497 1631 ἀκόλουθον,
517 1558 563 1617 καὶ
580 1559 610 1618 τὸ
629 1557 737 1627 ἀπεικὸς
756 1560 837 1619 παλιν
890 1557 920 1618 si
934 1577 987 1616 non
1001 1571 1125 1617 maneant
1136 1557 1164 1616 in
1177 1556 1375 1633 incredulitate,
1389 1556 1548 1618 inserentur.
1565 1560 1635 1619 Cum
1719 1563 1724 1568 '

64 1648 168 1717 τούτοις
192 1650 285 1721 δηλοῦν
310 1658 364 1718 τοῖς
384 1649 519 1728 ὀνόμασιν.
540 1654 601 1712 0οὐ
619 1650 671 1733 γάρ
684 1651 783 1733 φυσικὰ
802 1652 837 1712 τὰ
890 1647 1636 1729 andisantempraeternatnrametseeundumnaturam,

66 1738 196 1799 κσλάκαὶ
210 1739 245 1800 cd
258 1740 296 1820 μὴ
309 1748 433 1814 τοιαῦτα,
448 1740 518 1801 ἀλλά
530 1741 637 1820 γνώμης
650 1743 697 1802 καλ
714 1743 837 1824 προαιρί-
889 1759 923 1797 ne
938 1752 1016 1818 putes
1028 1738 1109 1797 illum
1122 1739 1219 1798 dehac
1232 1738 1367 1798 immobili
1381 1752 1474 1798 natura
1488 1739 1636 1818 loqui3sed

66 1854 133 1898 σεως
152 1831 242 1909 μόνης.
260 1832 361 1893 Σκόπει
374 1831 402 1893 δὲ
415 1836 493 1894 αὐτοῦ
507 1834 552 1893 καὶ
565 1835 595 1893 τὸ
612 1834 767 1916 durmaig,
789 1839 837 1897 Et.
889 1828 932 1888 his
954 1830 1108 1890 nominibus
1128 1829 1273 1908 dccourm,
1289 1830 1465 1909 indecorum,
1487 1831 1636 1911 seriemque

65 1921 126 1981 τεὼν
137 1921 205 2004 γάρ,
219 1923 260 1984 ὅτι
270 1924 316 1983 καλ
329 1923 360 1982 σὺ
372 1924 525 2004 ἐκκοπήσῃ,
542 1926 587 1986 etv
602 1925 639 2004 μὴ
652 1926 790 2007 ἐπιμείνῃς
801 1933 835 2007 τῇ
889 1944 979 1985 rerum
993 1923 1054 1984 ruit
1066 1923 1229 2004 significare.
1239 1924 1332 2002 Neque
1344 1923 1416 1983 enim
1426 1939 1635 1985 exnaturasnnt

64 2013 173 2087 πίστει,
189 2016 234 2074 καὶ
245 2006 316 2074 οὗτοι
329 2018 604 2096 ἐγκεντρισθήσονται,
622 2017 667 2078 etv
680 2018 717 2096 μὴ
731 2019 837 2098 ἐπιμεί-
888 2018 960 2077 bona
977 2019 1020 2078 vel
1042 2018 1132 2094 mala,
1148 2017 1194 2079 sed
1213 2040 1247 2078 ex
1268 2018 1409 2078 voluntate
1422 2033 1448 2079 et
1464 2041 1500 2079 ex
1521 2019 1635 2081 arbitrio

65 2111 176 2187 νυισιτῇ
190 2109 317 2191 ἀπιστίᾳ,
330 2111 361 2170 τὸ
375 2110 589 2191 σκυθρωπότερον
605 2111 696 2192 ἀρελς,
715 2112 745 2172 τὸ
765 2136 837 2192 χρη·
889 2124 995 2170 tantnm
1006 2111 1375 2192 pendent3Perpcndeantem
1389 2134 1471 2191 quam
1482 2128 1557 2175 curer
1564 2115 1636 2174 Pan-

65 2199 190 2279 στύτερον
205 2201 411 2271 κατασκευάζει,
428 2200 521 2268 καλεῖς
536 2202 599 2261 αύτδ
608 2205 734 2283 τελευτᾷ,
756 2204 837 2284 μεγά·
853 2224 872 2274 c
890 2201 944 2275 lnS,
954 2224 987 2262 ne
1000 2223 1129 2263 onerosus
1142 2203 1187 2263 sit.
1199 2203 1267 2262 Cum
1280 2202 1393 2262 dixisset
1402 2204 1485 2283 enim,
1493 2204 1531 2265 Et
1542 2203 1571 2265 tn
1582 2227 1635 2265 ex-

65 2292 115 2359 λας
129 2302 182 2359 τοῖς
200 2292 337 2359 Ἰουδαίοις
351 2291 466 2371 ὕραίνων
487 2293 608 2364 ἐλπίδας,
631 2296 654 2352 εἰ
677 2298 836 2373 βουληθεῖεν.
890 2292 999 2365 rideris,
1013 2294 1036 2353 si
1050 2315 1102 2353 non
1116 2294 1294 2375 permanseris
1306 2295 1333 2354 in
1347 2294 1419 2372 fide,
1435 2309 1461 2355 et
1475 2295 1504 2355 hi
1518 2295 1634 2357 inseren-

66 2383 117 2441 Διθ
131 2383 176 2442 καλ
189 2382 281 2457 ἐπάγει
300 2382 397 2461 λέγων·
412 2385 453 2442 Οὐ
471 2382 523 2463 γάρ
542 2383 610 2443 θελοι
632 2388 701 2461 ὑμᾶς
724 2390 836 2464 ἀγνοεῖν,
891 2398 948 2459 tur,
964 2385 987 2442 si
1003 2406 1055 2445 non
1070 2386 1263 2465 permanserint
1278 2386 1306 2446 in
1325 2385 1527 2446 incredulitate:
1541 2387 1635 2448 relicto

66 2473 188 2553 diripui,
199 2474 229 2533 τὸ
243 2473 386 2554 μυστήριον
395 2479 472 2532 τοῦτο
481 2516 489 2544 ,
499 2473 542 2533 ίνα
556 2473 593 2552 μὴ
605 2466 653 2548 ἦτε.
660 2479 725 2559 παρ’
737 2481 836 2546 ἑαυτοῖς
889 2477 938 2536 illo
945 2476 1017 2556 quoti
1026 2477 1130 2537 tristius
1139 2476 1287 2556 erat,qund
1294 2477 1462 2539 mansuetius
1470 2491 1509 2538 est
1517 2476 1635 2540 adstruit

67 2563 203 2643 ρρύνιμοι·
227 2564 370 2645 μυστήριον
394 2567 519 2640 ἐνταῦθα,
543 2567 574 2626 τὸ
598 2567 769 2646 ἀγνοούμενον
790 2569 836 2629 καλ
889 2582 970 2648 atque
989 2569 1017 2628 in
1039 2571 1090 2629 hoc
1102 2570 1217 2646 desinit,
1233 2591 1359 2650 magnam
1375 2570 1480 2631 Judaeis
1498 2592 1574 2652 spem
1593 2572 1634 2630 sa·

66 2656 217 2735 ἀπόρρητον
233 2657 326 2736 λέγων,
343 2656 388 2716 καλ
406 2656 473 2727 πολὺ
491 2657 538 2736 μὲν
554 2658 584 2718 τὸ
602 2665 705 2736 θαῦμα,
720 2659 786 2720 πολὺ
808 2661 836 2722 δέ
890 2659 972 2736 ciens,
981 2660 1005 2720 si
1019 2661 1129 2739 quidem
1138 2661 1281 2721 voluerint.
1292 2661 1631 2743 Quaproptersnbjungitr

64 2747 96 2806 τὸ
107 2746 254 2826 παράδοξον
269 2748 344 2828 ἔχον·
359 2746 450 2830 ὥσπερ
461 2748 507 2808 καί
525 2751 644 2831 ἀλλαχοῦ
658 2773 752 2831 φησιν·
767 2750 837 2813 'teon
889 2755 939 2813 25.
956 2754 1035 2813 Nolo
1046 2757 1127 2812 euim
1146 2774 1201 2814 vos
1219 2758 1367 2834 ignorare,
1375 2756 1509 2836 fratres,
1523 2768 1633 2831 myste-

66 2840 211 2922 μυστάριον
222 2846 283 2918 ὑμῖν
296 2840 381 2921 λέγοι,
392 2841 489 2910 πάντες
505 2841 553 2920 ρέν
565 2845 595 2901 οὐ
604 2844 836 2923 κοιμηθησόμεθα,
889 2848 968 2904 rium
989 2847 1056 2917 iroc,
1075 2857 1107 2903 ut
1119 2864 1179 2904 uou
1192 2849 1256 2906 sitis
1276 2848 1363 2905 uobis
1386 2848 1458 2924 ipsis
1475 2849 1632 2925 sapientes.

65 2931 163 3000 πάντες
176 2932 203 2991 δὲ
215 2935 428 3012 ἀλλαγησόμεθα.
443 2936 468 2993 Τ
471 2933 479 2990 ί
491 2925 535 2994 σύν
550 2939 606 2995 ἐστι
626 2937 656 2998 τδ
674 2937 778 3018 μυατήρ
782 2961 835 3015 ιον,
889 2935 1501 3019 Mysterinmhie,qnodign0tumetarcanum
1510 2933 1634 3012 estdicit,

64 3023 133 3084 Ὅτι
147 3024 307 3106 πώρωσιςτεγ
307 3052 316 3084 ι
296 3027 458 3106 ”’ίσραὴλ’
444 3028 497 3088 απὸ
507 3028 723 3109 με’ρουςγέγονεν.
725 3033 837 3090 Ἐνταῦ·
889 3027 963 3108 quod
976 3027 1131 3087 mirabile
1110 3041 1145 3087 srt
1158 3049 1189 3087 ac
1203 3040 1300 3108 preter
1309 3026 1477 3109 opinionem:
1469 3027 1557 3105 ‚sieut
1567 3027 1635 3087 alibi

66 3125 101 3175 θα
115 3117 195 3177 πάλιν
212 3118 381 3190 πλήττειτον
402 3119 537 3194 Ἰουδαῖον,
551 3122 634 3180 δοκῶν
648 3123 836 3184 καταστέλλει
890 3119 973 3179 dicit:
988 3121 1067 3178 Ecce
1083 3123 1257 3195 mysterium
1269 3100 1727 3237 vobisdr'eo,Nouomuesr.orC
1728 3129 1784 3176 .ι5.

65 3209 112 3267 τὸν
125 3208 151 3278 ἐξ
159 3214 247 3270 ἐθνῶν.
248 3209 423 3291 ortuum,
436 3213 550 3274 τοιοῦτόν
565 3216 646 3289 ἐστιν,
656 3214 722 3296 ὅπερ
733 3239 778 3275 και
768 3214 836 3295 ἐμ·
852 3224 873 3272 n
890 3212 1007 3291 quidem
1027 3212 1222 3285 demutemus,
1228 3211 1281 3270 sed
1291 3231 1390 3270 omnes
1405 3192 1681 3279 immutabimur&

64 3306 178 3382 προσθεν
190 3301 288 3380 ἔλεγεν,
297 3301 375 3363 ὅσι’
348 3328 397 3364 ουκ
416 3304 443 3374 ἐξ
455 3306 625 3387 θλοκληρουὴ
638 3307 757 3383 ἀπιστία,
768 3308 837 3368 ἀλλά
891 3302 967 3379 Quid
979 3325 1043 3385 ergo
1057 3319 1097 3365 est
1109 3304 1160 3364 hoc
1173 3305 1355 3386 mysterium?
1373 3307 1460 3384 Quod
1469 3309 1588 3366 cecitas
1597 3328 1635 3366 err

65 3393 99 3450 ἐκ
107 3391 240 3471 μέρους,
221 3417 311 3474 ωσπερ
326 3395 387 3455 ὅταν
399 3396 474 3477 λέγῃ·
483 3400 516 3457 Ei
530 3398 559 3456 δέ
570 3422 610 3465 τις
618 3397 816 3473 λελυπηκεν,
790 3422 838 3460 ουκ
888 3412 974 3478 parte
984 3402 1106 3479 contigit
1117 3403 1149 3456 iu
1161 3400 1266 3458 Israel.
1289 3398 1341 3457 Hic
1363 3418 1457 3457 rtrrrus
1478 3399 1636 3480 perstringit

66 3482 116 3559 ἐμὲ
127 3483 284 3559 λελύπηκεν,
305 3489 363 3545 ἀλλ’
386 3488 439 3549 άπδ
464 3488 574 3570 μέρους,
591 3489 634 3549 ίνα
661 3490 698 3570 μὴ
717 3491 838 3571 ἐπιύαρῶ
890 3487 1028 3566 Judaeum,
1040 3488 1106 3547 duur
1119 3486 1227 3549 videtur
1239 3488 1377 3549 ethnicum
1391 3489 1546 3570 reprimere.
1560 3489 1636 3550 illud

64 3574 168 3642 πάντας
179 3581 261 3655 ὑμᾶς·
272 3577 327 3652 καί,
338 3577 403 3638 ’nu
415 3582 489 3657 ὑμῶν
499 3585 604 3661 πρῶτον
617 3582 671 3643 ἀπὸ
683 3581 778 3663 μέρους
791 3587 838 3662 ἐμ·
890 3601 972 3662 porro
985 3580 1131 3660 significat,
1143 3578 1217 3658 qnod
1230 3579 1434 3661 priusdixerat:
1448 3579 1523 3661 qued
1539 3602 1635 3664 nempe

63 3668 186 3738 πλησθῦι.
199 3667 279 3727 num
293 3624 327 3740 iri
336 3693 381 3728 και
371 3669 504 3729 ἐνταῦθ’
472 3676 504 3729 θα
514 3694 579 3750 φησι
588 3677 666 3731 τοῦτο
673 3673 781 3757 irrep
766 3698 837 3734 ανω
890 3672 1064 3733 incredulitas
1072 3692 1126 3731 non
1137 3672 1173 3731 sit
1185 3671 1317 3744 omnium,
1325 3671 1372 3731 sed
1381 3693 1416 3731 ex
1429 3686 1505 3753 parte
1515 3686 1633 3752 tantum,

62 3757 134 3837 τέρω
144 3759 247 3838 ἔλεγεν·
258 3763 316 3819 Ουκ
326 3759 596 3829 αποισατοθθεος
571 3785 616 3820 τον
625 3763 689 3824 λαον
702 3768 794 3878 αύτρῦ,
810 3766 838 3827 δν
891 3779 995 3824 utcum
1008 3763 1091 3824 dicit·
1104 3763 1208 3844 Siquis
1223 3767 1418 3836 contristavit,
1432 3785 1478 3822 me
1491 3785 1633 3824 noueou·
1642 3776 1712 3872 ἒιο
1680 3761 1727 3807 cor
1713 3776 1765 3808 00

63 3849 200 3928 προεγνω;
215 3875 261 3910 και
250 3850 368 3911 παλιν
390 3843 476 3912 Τί
446 3877 507 3927 ουν,
520 3853 569 3913 ἐπτ
570 3878 647 3916 αισαν
659 3857 756 3916 ίνα
718 3882 839 3935 uererer,
891 3860 1031 3928 tristavit,
1048 3859 1106 3915 uisi
1121 3877 1158 3914 ex
1169 3854 1408 3935 purte,uevebis
1422 3859 1555 3915 omnibus
1564 3876 1633 3936 gra·

64 3941 160 4012 Mi'
129 3943 369 4021 γενοιτο.Τοῦτοδλ,
381 3944 546 4004 καλένταῦθα
561 3946 647 4026 λέγει·
662 3949 747 4008 ἀπ’
721 3974 770 4030 ουχ
780 3952 839 4011 θλθ-
855 3954 937 4015 nvis
951 3953 1023 4009 sim.-
1039 3961 1076 4020 et,
1093 3948 1126 4008 Si
1138 3951 1223 4008 vebis
1234 3950 1361 4027 primum
1376 3967 1414 4005 ex
1424 3949 1633 4028 partesruitus
1643 3939 1710 4059 {2⁰⁸¹
1731 3938 1767 3984 ¹5·

63 4033 163 4114 κληρσν
177 4035 410 4095 ἀνασπᾶταιτδέθ
383 4041 464 4110 εθ,νος
479 4038 838 4112 ἀλλάκαὶῆδηπολλολέπί-
889 4044 984 4122 suero.
1003 4039 1051 4100 Sie
1068 4052 1094 4099 et
1110 4037 1233 4099 hocloco
1247 4037 1332 4117 dicit,
1350 4051 1381 4097 ut
1404 4037 1544 4119 superius:
1566 4041 1636 4097 Νοιι

63 4148 187 4202 στευσαν,
203 4150 249 4185 και
270 4127 396 4205 μέλλουσι
413 4128 493 4188 πάλιν
510 4128 651 4190 πιστεύειν.
666 4123 734 4192 Eira
746 4135 837 4209 ἐπειδὴ
891 4133 999 4213 repulit
1012 4134 1096 4191 Deus
1109 4131 1248 4211 populum
1265 4150 1361 4204 sumu,
1377 4150 1463 4212 quem
1471 4133 1633 4210 prescivit:

63 4239 135 4295 50Υο
144 4217 371 4298 ἐπηγγείλατο
339 4241 370 4297 φ
373 4242 411 4298 ρει
425 4220 526 4331 μάρτυρ
481 4244 546 4279 τυα
560 4218 604 4281 τὸν
618 4224 755 4303 προφήτην
768 4225 838 4285 οθτω
891 4246 923 4284 ac
936 4244 1054 4298 rursum,
1063 4225 1236 4304 Quidergo
1244 4227 1426 4303 impegerunt
1435 4233 1467 4281 ut
1475 4219 1644 4282 caderenti'

63 4308 184 4385 λε’.γοντα
202 4308 326 4388 Ὅτιμὲν
339 4311 390 4390 γὰρ
377 4311 524 4392 ρπώρυισις
538 4311 652 4392 γέγονεν,
674 4318 703 4375 od
722 4318 838 4410 παράγει
892 4316 992 4377 Absit.
1005 4315 1128 4397 idipsum
1138 4315 1327 4375 hocinendrcrt
1334 4313 1424 4394 ,qnod
1438 4335 1492 4374 nnn
1504 4328 1560 4374 tota
1571 4335 1637 4396 gens

65 4400 226 4482 μαρτυρίαν
237 4423 282 4460 και
272 4400 347 4482 γὰρ
362 4404 439 4474 δῆλον
449 4397 612 4475 άπασινῆν·
623 4406 665 4466 ὅτι
686 4395 835 4471 δέπιστεύ·
891 4407 987 4475 avulsa
1004 4406 1049 4482 sit,
1072 4405 1119 4466 sed
1146 4404 1226 4465 multi
1256 4405 1420 4466 crediderint
1439 4406 1484 4466 vel
1507 4406 1637 4466 credituri

65 4514 140 4549 σσυσι
165 4492 210 4551 καὶ
230 4493 407 4567 σωθησονται,
427 4518 471 4553 τον
492 4493 607 4556 Ησαίαν
632 4498 713 4558 πάλιν
735 4487 837 4582 εἰσάγει
889 4499 951 4561 sint.
958 4498 1071 4572 Deinde,
1087 4497 1150 4578 quia
1163 4519 1292 4579 magnum
1305 4497 1448 4578 quidpiam
1464 4498 1637 4579 pmmiserat,

65 4584 184 4657 βοῶντα,
196 4607 240 4642 και
230 4583 378 4663 λέγοντα·
388 4583 466 4654 Ἥξει
480 4589 509 4645 ἐκ
522 4586 593 4646 Σιὼν
608 4592 623 4646 θ
637 4590 776 4702 ῥυόμενος,
790 4592 836 4652 καὶ
890 4605 984 4652 testem
1002 4588 1115 4651 adducit
1136 4589 1342 4696 prophetam
1320 4611 1375 4650 src
1382 4589 1544 4669 loquentem,
1566 4591 1637 4649 Nam

63 4672 224 4754 ἀποστρέψει
242 4675 396 4742 ἀσεύείας
381 4678 434 4736 απὸ
452 4677 561 4738 Ἰακύνύ.
576 4669 689 4739 Εἶτα
664 4704 695 4741 το
713 4680 836 4762 παράση-
870 4685 964 4800 qnod
977 4685 1082 4745 cecitas
1096 4683 1228 4757 evenerit,
1245 4704 1298 4742 non
1311 4681 1464 4743 testimonio
1482 4681 1592 4762 probat:
1607 4681 1638 4745 id

63 4789 113 4842 μον
123 4769 170 4837 τῆς
179 4767 310 4845 σωτηρίας
320 4767 411 4839 eruere,
419 4767 511 4826 ivu'
473 4793 511 4847 μη
523 4793 562 4836 τις
574 4769 660 4837 εἰς
620 4793 680 4840 τους
689 4760 881 4856 reimerum
853 4816 873 4861 A
890 4776 962 4836 enim
976 4776 1065 4857 palam
1078 4775 1206 4835 omnibus
1218 4788 1293 4833 crat:
1312 4772 1387 4852 quod
1400 4785 1491 4831 autem
1504 4770 1637 4832 credituri

62 4857 128 4916 0000
141 4857 358 4939 ’1,Ποοςἒέᾱοοῃ
379 4859 425 4918 mi
449 4861 574 4941 συζεύξῃ,
597 4862 678 4942 ρησί
698 4865 751 4924 Και
769 4866 835 4940 αὕτη
890 4882 916 4928 et
929 4867 1053 4929 servandi
1064 4880 1159 4938 essent,
1167 4866 1197 4925 id
1207 4865 1305 4925 Isaram
1318 4863 1423 4923 inducit
1434 4863 1595 4923 clamantem
1603 4883 1636 4923 ac

64 4953 182 5020 “inici
216 4953 279 5031 παρ’
306 4954 371 5028 ium
391 4950 517 5024 διαθηκη,
540 4951 601 5011 ὅταν
625 4955 765 5034 duriorum
789 4958 837 5025 τάς
891 4958 1041 5019 dicentem:
1056 4962 1104 5019 96.
1130 4959 1231 5017 Veniet
1255 4978 1292 5016 er
1320 4956 1401 5032 Sion,
1418 4959 1471 5037 qui.
1485 4960 1591 5037 eripiat
1606 4962 1757 5024 etimiin-

64 5042 196 5122 ἁμαρτίας
219 5047 319 5101 αὐτῶν·
335 5045 384 5123 οὐχ
398 5042 460 5102 ίίτοιν
476 5049 684 5123 περιτμηθῦισιν,
706 5050 756 5128 οὐχ
773 5049 836 5110 dtur
891 5066 1005 5113 avertat
1024 5056 1202 5131 impietatem
1215 5070 1234 5107 a
1246 5049 1351 5108 Jacob.
1368 5046 1473 5107 Dciude
1485 5047 1579 5109 salutis
1593 5038 1685 5110 in-²⁰'

102 5260 112 5282 ι
130 5244 172 5295 Sic
186 5261 248 5295 unns
259 5245 355 5299 Codes.
370 5246 440 5298 enni
451 5264 509 5300 tero
521 5252 545 5300 οὗ
559 5255 602 5319 γὰρ
615 5254 688 5318 piru,
701 5250 773 5302 mele.
878 5284 886 5296 ·
