3728 5978
111 450 155 518 32
447 469 477 518 s.
504 467 645 522 soaums
676 470 859 519 euersosr.
888 474 1042 524 menter.
1071 475 1344 527 cousraurrnor.

107 589 233 673 juvabat.
243 589 389 653 llludvero
401 592 521 652 maxime
534 592 645 652 Domini
655 592 849 672 benignitatem
904 602 949 658 τοῦ
965 598 1101 660 Δεσπότου
1120 599 1170 674 τὴν
1191 601 1398 684 φιλανθρωπίαν.
1424 601 1488 663 Ὀτι
1508 607 1676 683 κατηριθμη·

108 682 236 743 declarat.
254 683 404 758 Quoniam,
417 684 523 762 inquit,
539 685 772 744 Connameratus
786 697 851 745 erat
905 689 982 767 μένος
994 682 1041 761 ἦν,
1054 690 1134 771 φησί,
1151 691 1199 751 σὺν
1213 696 1288 769 ἡμῖν,
1301 691 1347 752 καί
1362 692 1443 774 ἔλαχε
1457 694 1502 753 τὸν
1519 695 1618 774 κλῆρον
1628 698 1676 766 τῆς

109 777 245 847 innubis,
264 788 294 834 et
305 779 424 834 sortitus
438 788 480 834 est
497 788 604 833 sortem
627 778 782 833 ministerii
796 777 852 834 hu·
905 782 1037 850 διακονίας
1062 782 1170 857 ταύτης.
1205 787 1309 864 Κλῆρον
1329 786 1406 845 αὐτὸν
1425 792 1563 867 πανταχοῦ
1587 790 1674 856 καλεῖ,

103 872 164 949 jus.
176 871 280 930 Sortem
294 869 395 948 ubique
408 884 496 942 vocat,
511 867 650 929 ostendens
662 884 775 929 totuma
791 890 852 949 gra·
905 873 1006 941 δεικνὺς
1023 879 1071 948 τῆς
1089 880 1135 935 τοῦ
1155 877 1226 936 Θεοῦ
1247 874 1356 958 χάριτας
1375 878 1405 938 τὸ
1426 889 1479 937 πᾶν
1497 855 1541 949 ἀν’,
1565 876 1611 936 καί
1628 882 1676 949 τῆς

108 960 147 1020 tia
159 961 211 1021 Dei
223 974 249 1020 ct
261 962 296 1019 ab
309 963 367 1041 ejus
379 960 507 1021 electione
525 982 589 1036 esse,
600 975 626 1020 et
638 975 730 1022 vetera
739 961 806 1042 ipsis
823 962 852 1020 in
905 965 1031 1045 ἐκλογῆς,
1055 966 1101 1027 καὶ
1123 967 1332 1046 ἀναμιμνήσκων
1355 969 1448 1037 αὐτοὺς
1466 974 1519 1029 τῶν
1542 972 1675 1040 παλαιῶν,

110 1067 226 1112 mentem
239 1075 377 1130 revocans,
391 1054 465 1133 quod
482 1076 577 1135 nempe
589 1057 661 1115 Deus
674 1054 740 1135 ipsis
753 1069 852 1114 sortem
866 1100 893 1139 2,
905 1057 945 1115 ἀει
959 1060 973 1115 ὁ
985 1058 1054 1127 Θεὸς
1066 1059 1142 1118 αὐτὸν
1155 1057 1337 1140 ἐκληρώσατο,
1348 1061 1467 1142 καθάπερ
1478 1060 1537 1128 τοῦς
1551 1061 1674 1134 Λευίτας,

109 1143 232 1222 dederit,
246 1160 277 1206 nt
294 1146 360 1205 olim
378 1146 488 1207 Levitis.
503 1146 539 1205 Et
561 1147 719 1206 immoratur
738 1146 772 1206 iis
792 1167 851 1226 qua
869 1148 967 1207 h‘xnl
978 1150 1135 1231 ἐνδιατρίάει
1147 1159 1201 1219 τοῖς
1216 1150 1277 1233 περὶ
1290 1155 1378 1226 αὐτοῦ,
1393 1152 1434 1213 ὅτι
1447 1158 1462 1212 δ
1475 1157 1523 1224 τῆς
1533 1153 1675 1233 προδοσίας

110 1239 239 1299 dicuntur
249 1238 284 1298 dc
296 1239 377 1313 luda,
385 1237 457 1317 qnod
465 1260 560 1320 nempe
570 1237 730 1320 proditionis
740 1259 851 1313 maces,
905 1242 997 1319 μισθὸς
1010 1242 1088 1310 αὐτὸς
1103 1242 1148 1303 καί
1162 1247 1211 1315 τῆς
1223 1243 1353 1326 τιμωρίας
1365 1244 1455 1325 γέγονε
1464 1244 1557 1326 κήρυξ.
1571 1244 1674 1316 Ἐκτή-

111 1332 239 1392 vindictae
253 1332 288 1391 sit
311 1353 407 1412 praeco.
422 1333 568 1404 Possedit,
589 1331 686 1409 inquit,
701 1351 804 1411 apum
815 1333 852 1390 de
904 1357 969 1393 σατο
982 1331 1043 1414 γάρ,
1057 1333 1131 1416 φησί,
1145 1334 1243 1417 χωρίον
1254 1339 1285 1395 ἐκ
1300 1342 1393 1415 μισθοῦ
1405 1342 1454 1409 τῆς
1467 1336 1580 1402 ἀδικίας.
1601 1335 1673 1418 Ὅρα

112 1427 242 1487 mercede
256 1429 429 1506 iniquitatis.
440 1424 512 1485 Vide
522 1424 656 1504 quomodo
669 1425 721 1484 hoe
734 1446 768 1484 ex
780 1424 851 1484 divi·
903 1429 960 1492 πῶς
978 1428 1049 1487 Θεοῦ
1074 1427 1209 1505 οἰκονομία
1232 1427 1263 1487 τὸ
1284 1428 1388 1507 γεγονὸς
1411 1420 1454 1502 ἦν.
1481 1432 1540 1500 Τῆς
1560 1427 1673 1501 ἀδικίας,

112 1540 146 1578 na
161 1518 357 1599 dispensatione
372 1518 475 1577 lactum
492 1518 583 1576 suerit.
605 1521 795 1598 Iniquitate,
810 1517 852 1575 in·
903 1516 977 1599 φησί.
1002 1518 1106 1579 Πολλοί
1121 1521 1148 1579 αί
1162 1520 1277 1591 ἀδικίαι,
1298 1521 1367 1581 ἀλλά
1380 1522 1477 1593 ταάτης
1486 1520 1564 1583 ὀὐδέν
1578 1519 1673 1580 ἀδικοί-

112 1611 179 1691 quit.
193 1611 287 1670 Multa
304 1623 367 1670 sunt
387 1609 549 1687 iniquitates,
569 1608 616 1668 sod
638 1609 689 1667 hae
709 1608 779 1667 nibil
800 1609 866 1677 ini·¹
904 1633 978 1693 τερον
993 1609 1084 1691 γέγονέ
1094 1635 1168 1685 ποτε,
1182 1611 1251 1673 ὥστε
1265 1613 1368 1682 ἀδικίας
1379 1606 1412 1687 ἦν
1425 1615 1456 1675 τδ
1465 1624 1588 1694 πρᾶγμα.
1601 1613 1673 1694 Οὐχί

111 1704 192 1782 quius
203 1723 332 1781 umquam
349 1702 449 1760 sactum
462 1714 510 1759 est.
520 1701 614 1778 ltaque
627 1699 777 1778 iniquitatis
796 1714 853 1760 erat
905 1699 934 1759 δέ
958 1699 1036 1779 μόνον
1060 1711 1115 1772 τοῖς
1132 1709 1247 1785 παροῦσι
1268 1704 1358 1784 γέγονε
1379 1707 1457 1778 δῆλον
1477 1704 1509 1764 τὸ
1527 1705 1674 1784 γενόμενον,

112 1795 259 1875 negotium.
276 1794 332 1853 Nec
352 1791 528 1874 presentibus
541 1805 646 1851 tantum
669 1805 762 1851 notum
785 1792 854 1868 suit,
908 1790 977 1850 ἀλλά
987 1792 1032 1852 καί
1045 1803 1111 1853 πᾶσι
1123 1804 1176 1861 τοὶς
1187 1794 1256 1873 μετὰ
1268 1803 1360 1870 ταῦτα,
1374 1798 1443 1858 ὥστε
1454 1797 1562 1866 ἄκοντες
1571 1798 1678 1876 ὠνόμα-

112 1885 253 1947 sedetiam
273 1883 385 1966 posteris
404 1874 531 1943 omnibus
546 1907 552 1940 :
573 1883 611 1942 ita
629 1897 659 1942 nt
673 1883 717 1944 vel
735 1883 815 1942 inviti
829 1897 856 1943 et
908 1907 958 1944 σαν
972 1886 1019 1943 οὐκ
1033 1884 1139 1959 εἰδότες,
1155 1887 1275 1969 καθάπερ
1289 1888 1335 1948 καὶ
1349 1889 1469 1970 Καϊάφας
1482 1889 1679 1970 προεφήτευσεν

111 1979 190 2040 inscii
208 1980 297 2040 locum
318 1979 496 2053 nominarent,
509 1978 738 2057 quemadmodum
750 1994 778 2039 et
791 1979 856 2040 Cai-
908 1979 955 2035 οὐκ
976 1975 1059 2043 εἰδώς.
1081 1975 1115 2036 Ὁ
1135 1975 1203 2044 Θεὸς
1217 1977 1310 2048 αὐτοὺς
1322 1979 1471 2060 ἠνάγκασεν
1483 1982 1553 2041 οὕτω
1567 1982 1680 2041 καλέσαι

111 2072 179 2153 phas
201 2071 373 2153 prophetavit
391 2071 499 2130 inscius.
516 2073 591 2130 Deus
610 2071 741 2152 compulit
762 2093 807 2131 eos
824 2085 855 2131 nt
907 2066 1048 2148 Ἕὸραῖστί
1066 2069 1223 2148 Ἀκελδαμά.
1245 2069 1310 2147 'hal
1324 2071 1417 2131 τούτου
1430 2071 1476 2131 καί
1493 2072 1528 2132 τά
1541 2073 1680 2140 Ἰουδαίοις

112 2164 245 2224 Hebraico
258 2184 354 2222 nomen
367 2163 461 2221 darent
477 2161 632 2222 Aceldama.
648 2163 719 2222 Hinc
734 2162 855 2223 declara-
872 2165 890 2212 Β
907 2159 1009 2219 ἐπιέναι
1031 2160 1160 2240 μέλλοντα
1182 2160 1253 2221 κακά
1271 2163 1339 2234 δῆλα
1352 2153 1401 2234 ἧν·
1421 2163 1467 2222 καὶ
1487 2162 1603 2223 δείκνυσι
1617 2163 1681 2231 τέως

112 2258 212 2319 bantur
234 2256 305 2316 mala
328 2255 437 2317 Judaeos
462 2255 600 2315 invasura.
624 2256 712 2335 Atque
739 2256 855 2317 ostendit
906 2251 955 2324 τλν
969 2252 1116 2333 πρόρρησιν
1134 2251 1287 2322 ἐξελθοῦσαν
1302 2253 1351 2314 Ι’ἐκ
1364 2255 1466 2335 μέρους,
1481 2254 1529 2327 rhu
1542 2254 1679 2336 λέγαοσαν·

1 2366 49 2411 int.
62 2368 101 2415 as.
112 2350 182 2410 hanc
203 2347 373 2431 prophetiam
385 2369 419 2406 ex
441 2361 518 2428 parte
538 2347 700 2428 completam
715 2371 722 2405 :
739 2350 855 2408 Bonum
907 2346 996 2404 Καλὸν
1015 2335 1048 2417 ἦν
1063 2346 1144 2423 αὐτῷ,
1158 2347 1181 2403 εἰ
1197 2348 1245 2403 οῦκ
1260 2345 1383 2425 ἐγεννήθη
1396 2347 1559 2428 θάνθρωπος
1573 2348 1680 2415 ἐκεῖνος.

38 2437 40 2440 ‚
112 2456 176 2504 erat
188 2448 232 2515 ei,
244 2446 269 2502 si
285 2453 372 2500 natus
385 2441 559 2521 nonsuisset
578 2442 664 2499 homo
676 2441 737 2499 itte.
754 2442 796 2500 De
806 2444 854 2502 Jn·
908 2436 961 2497 Καὶ
976 2435 1037 2519 περὶ
1058 2440 1111 2496 τῶν
1131 2436 1265 2496 Ἰουδαίων
1277 2437 1312 2497 τά
1331 2437 1397 2497 αι’ντά
1408 2439 1517 2518 ἁρμόζει
1528 2439 1625 2518 λέγςιν.
1647 2442 1681 2499 Εἰ

110 2530 497 2613 daeisquoqueeademdicere
513 2546 621 2611 pareat.
638 2530 747 2591 Etenim
759 2534 781 2591 si
794 2532 854 2592 dur
906 2528 958 2611 γὰρ
983 2533 997 2588 ὁ
1019 2528 1157 2607 γενόμενος
1177 2527 1281 2608 δδηγάς,
1303 2531 1395 2610 πολλῷ
1415 2533 1516 2609 μᾶλλον
1533 2531 1580 2590 καὶ
1596 2524 1679 2591 οῦτοι.

110 2629 208 2710 plexus
225 2627 295 2702 tuit,
309 2625 396 2686 multo
417 2624 504 2704 magis
526 2624 565 2684 hi.
587 2623 642 2685 Sed
664 2624 763 2684 horum
784 2625 854 2685 nihil
907 2620 978 2681 Ἀλλ’
998 2620 1070 2680 οὐδὲν
1091 2619 1191 2679 τούτων
1213 2620 1285 2699 λέγει
1308 2620 1384 2687 τέως.
1418 2612 1487 2682 Elea
1501 2622 1620 2697 δεικνὺς,
1640 2622 1682 2683 ότι

110 2719 200 2779 adbuc
213 2718 342 2797 loquitur.
356 2714 612 2776 Deindcostendens
623 2714 659 2775 de
670 2715 728 2796 ipso
739 2717 801 2797 jure
809 2716 854 2777 di·
906 2714 968 2794 περὶ
976 2716 1054 2773 αὐτοῦ
1065 2711 1172 2780 εἰκότως
1185 2711 1216 2770 ἀν
1229 2713 1333 2792 λέγοιτο
1346 2713 1505 2793 Ἀκελδαμά,
1515 2717 1623 2796 οἐνάγει
1636 2717 1682 2777 τὸν

20 2813 27 2826 ’
110 2813 137 2875 ci
151 2812 223 2873 illud
234 2811 398 2887 Aceldama,
414 2808 518 2869 inducit
530 2809 690 2891 prophetam
701 2809 852 2869 dicentem:
906 2805 1043 2887 προφήτην
1055 2805 1184 2885 λέγοντα·
1202 2805 1379 2879 Γενηθήτωὴ
1401 2806 1509 2877 ἔπαυλις
1526 2811 1606 2868 αὐτοῦ
1620 2808 1680 2890 ἀρη-

0 2926 27 2970 ι.
44 2923 83 2974 oe.
110 2909 182 2968 Fiat
200 2907 346 2965 habitatio
362 2906 424 2985 ejus
448 2904 572 2962 deserta.
589 2900 664 2976 Quid
677 2901 748 2962 enim
763 2902 853 2962 deser-
908 2922 966 2979 μοι·
995 2896 1031 2957 Τί
1044 2894 1095 2978 γὰρ
1109 2895 1267 2977 ἕρημᾶῐερον
1281 2903 1327 2957 τοῦ
1340 2896 1422 2980 τάφον
1433 2899 1575 2978 retiolum
1596 2898 1682 2961 Ὥστε

39 3032 45 3043 ·
111 2999 165 3058 tius
179 2996 321 3076 sepulcro?
339 2993 405 3054 ldeo
423 2994 464 3053 sie
484 2994 546 3072 jure
564 2992 659 3052 debuit
673 3014 736 3072 ager
752 2993 853 3054 vocari.
907 2991 953 3050 καί
972 2989 1078 3057 εἰκότως
1098 2988 1129 3046 ἀν
1144 2992 1221 3053 αὑτοῦ
1235 2988 1345 3064 κληθείη
1358 2990 1389 3050 τὸ
1401 2991 1507 3071 χωρίον.
1537 2991 1572 3052 Ὁ
1585 2992 1638 3072 γάρ
1651 2994 1682 3054 εδ

112 3089 169 3164 Qui
184 3086 256 3146 cuim
278 3084 396 3166 pretium
414 3082 584 3156 numeravit,
598 3083 702 3142 etiamsi
716 3085 764 3142 alii
778 3107 853 3145 eme-
906 3081 1013 3160 τίμημα
1024 3079 1194 3150 uertente,
1212 3083 1236 3139 εί
1248 3081 1293 3140 καί
1305 3081 1390 3163 ἕτεροι
1404 3088 1429 3143 οἱ
1445 3084 1607 3164 ἠγορακότες
1618 3075 1680 3159 εἶεν,

111 3180 180 3253 rint,
195 3176 241 3236 ille
262 3175 358 3236 merito
378 3172 478 3233 censeri
497 3172 578 3232 debet
596 3194 677 3231 causa
699 3195 754 3234 csse
773 3188 854 3235 tantae
871 3191 890 3238 c
909 3173 985 3241 αὐτὸς
998 3173 1030 3232 ἀν
1044 3172 1086 3243 είη
1096 3170 1194 3240 δίκαιος
1206 3171 1356 3251 λογίζεσθαι
1364 3173 1454 3256 κύριος
1464 3175 1625 3254 ἐρημώσεως
1635 3200 1682 3256 με-

110 3268 291 3332 desolationis.
309 3268 375 3327 Haec
392 3287 474 3346 porro
490 3263 620 3324 desolatio
634 3264 798 3347 principium
813 3281 853 3328 est
906 3265 1000 3342 γάλης.
1027 3262 1101 3334 Αὕτη
1123 3263 1292 3343 ἡέρήμωσις
1304 3265 1442 3344 προοίμιον
1455 3270 1504 3338 τῆς
1523 3269 1680 3345 Ἰουδαϊκῆς,

111 3364 231 3427 Judaicae
249 3359 431 3437 desolationis,
445 3357 467 3416 si
481 3357 542 3436 quis
552 3355 696 3436 diligenter
706 3360 850 3440 expendat.
907 3356 933 3418 εἴ
942 3357 972 3435 γε’
986 3381 1026 3424 τις
1040 3354 1157 3434 ἀκριὸῶς
1171 3353 1309 3424 ἐξετάσειε.
1329 3357 1384 3417 Καί
1396 3358 1448 3441 γὰρ
1463 3364 1557 3421 ἐκεῖνοι
1573 3362 1681 3432 ἑαυτοὺς

110 3460 181 3517 Nam
194 3469 219 3515 et
239 3453 293 3536 ipsi
314 3451 415 3532 seipsos
431 3449 501 3508 tame
519 3446 691 3524 occiderunt,
702 3450 855 3530 multosque
907 3450 1008 3510 ἀνεῖλον
1020 3450 1102 3528 λιμῷ,
1115 3446 1161 3505 καὶ
1175 3446 1287 3515 πολλοὺς
1301 3447 1466 3524 ἀπέκτειναν,
1480 3452 1526 3510 καὶ
1538 3452 1620 3532 τάφος
1633 3454 1679 3533 γέ-

111 3550 312 3620 intercmerunt,
333 3557 360 3603 et
376 3543 442 3602 urbs
459 3541 517 3622 ipsa
529 3541 682 3620 sepulcrum
696 3542 747 3601 snit
762 3543 854 3625 hospi·
907 3565 981 3623 γονεν
997 3546 1014 3613 ἡ
1029 3538 1123 3614 πολις,
1136 3543 1189 3598 τῶν
1204 3538 1290 3614 ξένων,
1305 3545 1357 3600 τιῗιν
1370 3547 1551 3622 στρατιωτῶν·
1565 3546 1680 3614 ἐκείνως

32 3695 43 3714 ,
111 3654 206 3700 tumet
219 3637 346 3697 militum.
360 3633 424 3693 lllos
439 3653 502 3692 vero
515 3652 549 3690 ne
567 3631 674 3712 sepeliri
688 3632 798 3710 quidem
815 3635 855 3695 si·
907 3634 959 3715 γὰρ
974 3635 1027 3694 οὐδ’
1038 3631 1070 3691 ἀν
1080 3630 1169 3691 εἴασαν
1180 3634 1305 3713 ταφῆναι,
1317 3632 1377 3693 οὐδὲ
1389 3634 1442 3715 γὰρ
1451 3640 1536 3716 ταφῆς
1546 3636 1680 3710 κατηξιώ-
1705 3694 1707 3699 ⁴

113 3735 229 3806 nebant,
244 3745 275 3790 ut
298 3729 435 3809 sepultura
458 3725 592 3805 indignos.
614 3728 731 3805 Oportet
746 3731 853 3808 igitur,
909 3732 1003 3799 θησαν.
1030 3727 1078 3784 Δεῖ
1101 3714 1145 3783 οὖν
1160 3725 1213 3783 τῶν
1229 3723 1404 3784 συνελθόντων
1418 3732 1498 3804 ἡμῖν,
1524 3728 1617 3810 φησὶν,
1632 3732 1680 3790 ἀν-

114 3825 211 3906 inquit,
223 3845 259 3882 ex
273 3824 319 3881 his
338 3824 412 3878 viris
423 3822 474 3899 qui
491 3821 640 3877 nobiscum
654 3831 722 3877 sunt
736 3840 856 3901 congre·
910 3822 987 3901 δρῶν.
1011 3817 1101 3897 Ὅρα,
1114 3822 1172 3884 πῶς
1194 3815 1315 3895 βούλεται
1338 3815 1468 3886 αι’ντόπιας
1490 3817 1583 3885 abach<
1603 3811 1680 3882 ulvae

112 3921 183 3999 goti.
206 3913 296 3989 Vide,
317 3909 451 3990 quomodo
473 3908 531 3968 vult
554 3908 618 3968 illos
638 3921 715 3968 testes
738 3912 857 3973 oculatos
910 3911 1004 3973 Καίτοι
1014 3934 1045 3991 γε
1056 3911 1150 3989 ἔμελλε
1160 3908 1322 3990 παρέσεσθαι
1334 3909 1365 3969 τὸ
1377 3911 1498 3989 Πνεῦμα·
1513 3909 1596 3972 ’ἀλλ’
1608 3911 1681 3991 ὅμως

113 4010 204 4082 fuisse,
221 4005 325 4066 etiamsi
339 4003 579 4063 adventurusesset
587 4001 724 4082 Spiritus:
741 4018 857 4065 attamen
910 4005 995 4077 πολλὴ
1019 4003 1121 4074 σπουδὴ
1144 4002 1206 4083 περὶ
1227 4001 1319 4062 τούτου
1346 3993 1390 4074 ἧν.
1417 4004 1479 4062 Τῶν
1505 4006 1680 4066 συνελθόντων

115 4125 240 4184 magnam
249 4101 333 4181 hujus
344 4098 384 4158 rei
402 4117 495 4156 curam
510 4094 634 4153 habebat.
650 4097 700 4153 Er
719 4100 804 4171 viris,
816 4098 857 4157 iu·
911 4102 975 4177 ἡμῖν
991 4098 1102 4175 ἀνδρῶν,
1123 4095 1221 4177 φησίν,
1234 4097 1262 4154 ἐν
1278 4094 1358 4155 παντί
1372 4095 1477 4178 Ιχρόνῳ,
1498 4099 1525 4156 ἐν
1540 4090 1563 4179 ᾧ
1576 4103 1682 4173 εἰσῆλθε

115 4198 184 4279 quit,
201 4202 252 4277 qui
277 4198 426 4254 nobiseum
449 4203 517 4251 surtt
537 4194 716 4270 congregati,
728 4196 761 4249 in
778 4196 858 4251 omni
874 4198 895 4246 1)
911 4190 956 4250 καί
979 4189 1083 4261 ἐξῆλθεν
1099 4188 1140 4270 ἐφ’
1162 4192 1234 4266 ἡμᾶς
1254 4192 1268 4248 θ
1287 4186 1383 4267 Κόρως
1402 4187 1513 4260 Ἰησοῦς.
1544 4190 1681 4252 Δείκνυσιν

117 4307 243 4372 tempore
257 4309 314 4369 quo
329 4289 452 4345 intravit
462 4297 489 4344 et
498 4288 590 4343 exivit
600 4287 677 4342 inter
689 4305 742 4344 nos
754 4287 859 4344 Domi·
911 4281 1006 4351 αὐτοθς
1027 4279 1212 4362 συνῳκηκότος
1235 4281 1307 4361 αὐτῷ
1325 4282 1374 4358 οὐχ
1396 4281 1487 4348 ἁπλῶς
1505 4285 1541 4349 ὡς
1562 4283 1682 4360 μαθητὰς

118 4406 172 4445 nus
188 4385 283 4443 Iesus.
298 4377 439 4458 Significat
462 4375 534 4455 ipsos
553 4374 688 4434 habitasse
712 4396 775 4434 cum
791 4376 858 4455 illo,
911 4375 1052 4456 παρόντας.
1077 4372 1144 4452 Ἄρα
1164 4369 1210 4432 καί
1232 4369 1259 4438 ἐξ
1280 4375 1364 4453 ἀρχῆς
1383 4370 1442 4430 τότε
1454 4373 1547 4434 πολλοὶ
1560 4398 1683 4455 παρηκο·

117 4471 331 4555 uecsimpliciter
343 4468 424 4527 luisse
441 4466 599 4547 discipulos.
614 4466 859 4549 Nimirumaprin-
911 4468 1019 4531 λοόθουν
1043 4468 1123 4543 αὐτῷ.
1145 4461 1219 4543 Ὅρα
1230 4465 1310 4541 γοῦν,
1328 4461 1343 4492 *
1353 4465 1501 4530 πῶςτοῦτο
1515 4465 1607 4539 δηλοῖ,
1621 4465 1682 4527 ὅταν

117 4569 189 4650 cipio
205 4564 284 4626 multi
298 4559 476 4639 sequebantur
485 4578 555 4616 eum.
565 4559 591 4617 .V
596 4556 639 4616 ide
652 4557 734 4636 igitur
746 4579 858 4636 quomo·
912 4559 991 4640 λέγῃ·
1009 4547 1063 4617 Ἦν
1078 4547 1115 4622 εἷς
1125 4556 1156 4613 ἐκ
1169 4556 1221 4612 τῶν
1235 4550 1280 4611 δύο
1292 4555 1345 4612 τῶν
1357 4552 1524 4614 ἀκουσάντων
1538 4555 1614 4638 παρὰ
1627 4556 1684 4617 ’lm

2 4700 4 4707 ι
28 4661 153 4735 mendo
166 4661 259 4720 dicat:
280 4657 357 4714 Erat
368 4670 443 4711 wius
462 4672 498 4709 er
512 4651 624 4709 duobus
638 4655 689 4730 qui
701 4653 859 4713 audierant
913 4653 1001 4724 άννου,
1025 4648 1071 4708 καὶ
1092 4645 1324 4716 ἀκολουθησάντων
1342 4648 1383 4724 τῷ
1401 4645 1498 4717 Ἰησοῦ.
1530 4647 1579 4706 Ἐν
1603 4649 1685 4708 παντὶ

117 4777 137 4815 a
149 4756 276 4824 Ioanne,
286 4761 312 4806 et
326 4749 441 4824 sequuti
451 4757 518 4803 sunt
531 4744 642 4802 Jesum.
655 4747 693 4804 In
703 4748 783 4803 omni
790 4759 859 4806 tem·
912 4743 1009 4827 χρόνῳ,
1034 4738 1131 4820 φησίν,
1147 4727 1208 4818 lvd
1224 4739 1329 4807 εἰσῆλθε
1351 4736 1397 4795 καὶ
1411 4736 1516 4809 ἐξῆλθεν
1531 4741 1571 4819 ἐφ’
1585 4745 1684 4819 hradec

114 4868 195 4927 pore,
219 4841 317 4922 inquit,
336 4859 393 4919 quo
406 4840 529 4895 intravit
552 4849 579 4895 et
602 4841 693 4896 exivit
709 4841 786 4897 inter
806 4860 859 4899 nos
913 4837 1010 4917 Ιίιίριος
1023 4833 1135 4909 Ἰησοῦς,
1151 4828 1295 4909 dolituros
1309 4827 1362 4888 ἀπὸ
1373 4833 1419 4887 τοῦ
1434 4830 1619 4909 βαπτίσματος
1629 4835 1685 4893 Ἰω·

116 4941 262 4998 Dominus
273 4935 360 4994 lesus
376 4932 517 5008 incipieus
529 4948 549 4988 a
570 4931 744 5008 baptismate
759 4931 856 4990 Joan·
914 4931 1001 4990 ἀννου.
1026 4926 1131 4989 Καλῶς.
1157 4920 1201 4982 Tb
1220 4921 1271 5001 γὰρ
1294 4922 1346 5000 πρὸ
1358 4919 1450 4980 τούτου
1464 4921 1548 4989 οὐδεὶς
1560 4923 1619 5003 ᾔδει
1634 4946 1685 5002 μα-

149 5145 160 5169 ·
179 5126 265 5180 noret.
280 5136 317 5179 καὶ
328 5134 362 5179 δτι
374 5128 514 5194 ἐνδιατρίέει,
956 5123 967 5154 ⁴
985 5123 1056 5172 Unus
1068 5126 1129 5173 ἀλλὰ
1141 5125 1223 5178 πολλή.

150 5212 163 5248 h
181 5204 267 5258 Mosei.
281 5206 318 5270 [et
328 5204 373 5269 D.]
385 5210 409 5254 ίκ
421 5212 503 5274 μίμους
515 5209 597 5260 ίκιίνην
609 5214 657 5261 τήν.
957 5203 969 5226 ⁸
988 5201 997 5265 [
1010 5197 1092 5248 Verba
1102 5238 1108 5260 ,
1120 5211 1166 5256 nolo
1177 5201 1244 5250 τοῦτο
1256 5197 1331 5257 tator,
1343 5190 1490 5245 addidimus
1502 5194 1569 5258 eD.]

150 5305 160 5326 τ
177 5284 264 5337 Μυτεί.
280 5292 395 5350 tre-,anet
407 5282 442 5332 alc
454 5281 513 5332 hiso.
526 5280 603 5333 Sevil.
617 5290 702 5348 ίπάγιι.
713 5282 755 5348 [1).
770 5286 874 5349 eleasar-l
