3728 5978
419 470 452 519 tu
480 470 569 519 acm
594 467 859 519 APOSTOLORUM.
888 467 1007 517 ttotttu.
1034 469 1132 519 xxvt.
1490 478 1560 553 229

112 592 180 656 tom
193 593 288 670 αιίτδν,
302 591 346 656 &t
360 595 409 655 αλιι
423 592 480 654 lom
492 592 647 675 φάντασμα·
663 590 708 653 καλ
722 590 766 653 ἵνα
816 588 864 651 tici
879 589 893 650 ,⁹
910 590 1053 665 Quomodo
1076 591 1260 675 permansistis
1281 592 1375 656 dicant
1400 596 1478 659 nobis
1492 601 1560 661 :sed

112 710 176 763 ητιι
196 688 245 748 τὸν
267 687 360 761 ύπνον,
381 685 427 746 καλ
445 690 516 767 γνῷ,
530 684 572 745 ὅτι
586 683 681 758 onor<
699 688 765 745 ἐστι.
816 704 869 745 non
891 698 1025 766 potemnt.
1050 686 1133 767 Atqui
1153 702 1264 769 propter
1286 690 1340 750 boc
1360 690 1442 752 illum
1455 694 1561 774 accingi

112 779 187 841 ιιιαὶ
200 778 300 848 mom<
313 778 447 840 ἀπέπεσαν
462 782 540 838 αὐτοῦ
553 781 581 837 οἱ
595 776 699 844 ἁλύσεις
712 774 766 837 ἀπὸ
781 783 799 830 Ε
812 776 891 857 jubet
908 791 935 838 et
951 775 1082 855 calceari,
1093 790 1124 837 ut
1142 793 1168 839 et
1185 779 1249 841 hinc
1258 780 1300 841 illi
1315 783 1486 864 persuadeat,
1509 785 1561 847 hoc

112 874 155 946 ἦν,
168 871 235 945 καὶ,
251 870 403 932 Ἀνάτταέν
414 869 509 951 τάχει,
525 869 623 931 οόιούει.
636 870 677 928 ot
688 875 765 947 θορν-
816 889 870 928 non
892 889 949 929 esse
961 869 1132 950 phantasma,
1152 884 1236 951 utque
1264 895 1390 934 somnum
1403 891 1559 956 excuteret,

112 962 139 1024 λά
157 967 218 1025 ἐστι
231 969 325 1036 τοῦτο,
341 961 412 1024 ἀλλὰ
422 963 555 1030 πείθοντος
567 960 605 1041 μὴ
617 960 767 1021 ἀναύοθλε-
816 960 948 1041 sciretque
958 983 1015 1021 rem
1026 983 1083 1022 esse
1092 984 1194 1024 veram.
1212 965 1276 1026 ldeo
1297 966 1388 1027 statim
1405 968 1561 1030 ceciderunt

112 1054 195 1117 ιλοῦκ
210 1055 287 1137 ᾔδει,
300 1054 393 1138 onais,
410 1053 451 1115 άιι
466 1054 560 1127 ἀληθές
580 1053 680 1113 ἔστιτὸ
695 1051 766 1132 γινό·
816 1068 914 1113 catenae
923 1054 957 1115 de
970 1054 1096 1115 manibus
1105 1056 1173 1137 ejus,
1180 1072 1208 1117 et
1223 1058 1340 1137 audivit,
1349 1061 1439 1142 Surge
1449 1063 1560 1122 veloci-

112 1152 184 1210 ἰτοῦ
199 1148 330 1230 ἀγγέλου·
342 1147 428 1209 ἐδόκει
441 1146 468 1209 di
481 1145 570 1228 ὅραμα
585 1145 700 1226 βλέπειν.
712 1145 765 1206 Et·
817 1160 871 1210 ter.
882 1148 942 1207 Hoc
952 1169 1017 1208 vero
1028 1170 1080 1208 non
1093 1150 1277 1230 perturbantis
1294 1167 1345 1230 est,
1362 1152 1409 1212 sed
1428 1156 1561 1216 monentis

112 1240 204 1316 ιδτλν
217 1239 371 1324 ὓπεράολῆν
384 1244 436 1301 τῶν
449 1238 603 1320 γινομένων.
817 1262 850 1300 ne
862 1240 991 1302 differret.
1004 1245 1046 1303 Et
1066 1247 1213 1304 nesciebat
1224 1291 1234 1319 ,
1255 1245 1353 1325 inquit,
1367 1252 1439 1328 quia
1457 1270 1562 1309 nerum

816 1335 912 1407 estid,
932 1335 1113 1416 quodflebat
1123 1358 1177 1416 per
1195 1338 1334 1419 angelum
1349 1361 1358 1395 .·
1374 1343 1563 1401 existimabat

817 1439 916 1486 autem
924 1447 956 1486 se
968 1432 1066 1488 visum
1079 1429 1189 1493 videre.
1197 1432 1273 1510 Jure,
1279 1432 1315 1491 ob
1324 1453 1415 1492 rernm
1428 1447 1564 1515 gestarum

818 1518 1023 1579 sublimitatem.

112 1615 209 1686 ιπάτον
219 1614 292 1678 ioris
303 1608 437 1699 θπερύολὴ
450 1613 575 1695 captim
585 1618 642 1682 πῶς
652 1613 767 1681 ἔκπλήτ-
856 1611 885 1670 5.
904 1608 1021 1686 Viden’,
1033 1624 1134 1691 quanta
1149 1612 1185 1672 sit
1203 1612 1274 1695 signi
1287 1614 1468 1696 magnitudo?
1483 1638 1566 1696 quam

112 1713 199 1792 ρῦντα
207 1734 217 1784 3
225 1713 285 1778 πῶς
298 1713 347 1770 οὐκ
361 1708 454 1791 ἀρίηοι
464 1713 652 1782 πιστευθῆναι,
664 1709 700 1768 Εἰ
716 1706 767 1787 γάρ
816 1701 946 1783 percellat
954 1701 1114 1765 videntem?
1124 1726 1208 1784 quam
1217 1705 1378 1769 incredibile
1389 1707 1461 1769 illud
1472 1708 1566 1771 ridea-

112 1803 189 1865 λδάιει
198 1801 289 1886 ὅραμα
301 1802 408 1882 βλέπειν
421 1803 448 1861 ἐν
461 1799 579 1881 τοσούτῳ
590 1801 677 1916 χρόνῳ
688 1845 696 1875 ,
707 1799 769 1860 καί·
817 1796 882 1854 tur?
892 1797 963 1855 Nam
974 1795 998 1854 si
1009 1797 1104 1856 Petrus
1118 1811 1192 1858 tauto
1206 1811 1326 1880 tempore
1334 1822 1362 1861 se
1371 1801 1464 1861 visum
1472 1801 1566 1861 videre

112 1895 289 1974 ςζωσάμενος
304 1894 351 1955 καὶ
367 1892 576 1973 ὑποδησάμενος·
588 1917 615 1952 τι
608 1892 715 1974 ’ἕτερος
730 1890 767 1970 μὴ
818 1888 1050 1969 ensomahatetsr
1062 1905 1221 1970 precinctus
1230 1904 1257 1951 et
1266 1891 1410 1954 calceatus
1405 1892 1486 1974 ·quid
1496 1894 1568 1955 alius

112 1987 155 2063 ἶν;
174 1987 330 2056 Διελθόντες
350 1985 393 2060 δὲ,
415 1986 494 2067 φησι,
517 1984 625 2067 πρώτην
648 1983 768 2066 φυλακὴν
775 2002 871 2074 ²ssnon
884 2003 977 2062 passus
989 1982 1075 2041 esset?
1090 1985 1300 2062 Transeuntes,
1316 1984 1423 2064 inquit,
1436 1990 1567 2068 primam

112 2072 218 2165 θροηῆ
199 2072 282 2153 λθον
294 2078 340 2139 ini
351 2077 400 2152 πλν
416 2077 503 2152 πύλην
517 2077 567 2150 τὴν
581 2079 718 2230 οιδηρᾶνέ
701 2075 769 2136 ·καλ
784 2093 804 2139 ι
820 2089 848 2135 et
860 2076 1019 2135 secundam
1033 2078 1217 2156 custodiam,
1229 2080 1430 2140 veneruntad
1449 2093 1568 2161 portam

112 2176 283 2254 ιςπροῇλθον
295 2171 383 2253 ῥύμην
398 2170 471 2284 μίαν,
492 2195 538 2231 και
558 2170 680 2237 ιύθέως’
665 2194 705 2229 απ
704 2168 768 2241 έοτη
817 2169 964 2248 ferream:
972 2180 1000 2227 et
1011 2174 1567 2249 exeuntesproeesseruntoicumunum

112 2266 192 2334 κάπ’
213 2269 301 2325 αὐτοῦ.
316 2262 409 2325 Τδι’
375 2286 464 2341 μεντοι
478 2263 550 2322 ἔνδον
565 2263 693 2342 γενόμενα
704 2267 770 2321 θαυ-
819 2272 848 2318 et
860 2262 1000 2318 continuo
1010 2260 1141 2320 discessit
1158 2262 1281 2343 angelus
1297 2263 1335 2322 ab
1351 2283 1393 2322 eo.
1410 2264 1501 2338 Quoi
1492 2279 1566 2324 intus

112 2383 150 2442 ριι
161 2348 210 2430 ἦν·
221 2362 299 2417 τοῦτο
310 2355 336 2416 δὲ
349 2354 441 2416 λοιπὸν
453 2352 770 2438 ἀνθρωπινώτερονὍτε
818 2352 973 2428 factasunt,
987 2351 1155 2412 mirabiliora
1173 2369 1264 2431 erant;
1284 2355 1336 2414 boo
1352 2377 1416 2417 vero
1437 2353 1566 2438 deinceps

112 2454 189 2530 λνμιι
202 2441 247 2524 ἦν,
260 2449 320 2511 τότε
335 2448 437 2522 ἀπέστη
452 2448 596 2528 θάγγελος.
613 2449 653 2507 oo
668 2447 719 2527 γάρ
738 2444 769 2505 ἂν
817 2443 972 2502 humanius.
985 2444 1056 2503 Cum
1071 2443 1141 2503 nihil
1155 2459 1212 2505 erat
1229 2445 1432 2528 impedimenti,
1444 2446 1570 2509 discessit

112 2548 162 2603 νθ
188 2543 292 2623 Πέτρος
319 2543 451 2603 τοσούτων
480 2541 563 2601 ὄντων
588 2540 770 2618 κωλυμάτων·
818 2536 938 2616 angelus.
948 2536 1042 2614 Neque
1051 2536 1123 2596 enim
1134 2539 1323 2617 pertransisset
1335 2541 1442 2619 Petrus,
1454 2562 1517 2601 cum
1528 2553 1568 2599 tot

112 2634 167 2717 tp,
188 2634 272 2703 ὄντως
289 2633 415 2707 ἔκπληξις
438 2625 481 2706 ἦν.
500 2637 555 2694 Νῦν
573 2633 664 2712 ἔγνων,
680 2631 770 2712 φησιν,
817 2642 904 2686 essent
919 2626 1027 2686 obices:
1041 2649 1105 2688 vere
1121 2650 1236 2708 namque
1251 2643 1347 2712 stupor
1364 2630 1467 2692 aderat.
1479 2634 1569 2692 Nunc

112 2732 150 2799 ῦς
167 2729 326 2790 ἀπέστειλεν
340 2734 355 2789 ὁ
373 2728 468 2810 Κύριος
485 2727 530 2786 τὸν
547 2727 657 2809 ἄγγελον
672 2730 770 2801 αὐτοῦ,
818 2724 888 2795 scio,
898 2720 999 2800 inquit,
1012 2724 1083 2801 quia
1097 2742 1168 2781 vere
1183 2726 1262 2782 misit
1271 2725 1416 2784 Dominus
1428 2726 1569 2806 angelum

112 2820 346 2903 ετόριεέιιχειρδς
355 2819 475 2902 Ἡρώδου
485 2820 625 2893 κολπάοης
633 2824 680 2891 τῆς
688 2843 771 2901 προα-
817 2832 913 2888 suum,
927 2823 956 2869 et
974 2815 1081 2892 eripuit
1095 2833 1141 2873 me
1155 2814 1192 2872 de
1216 2835 1308 2874 manu
1334 2816 1472 2889 Herodis,
1489 2816 1569 2875 etde

112 2918 143 2973 ω’
160 2916 228 2973 λαοῦ
242 2918 296 2973 τῶν
311 2911 455 2973 Ἰουδαίων,
470 2915 536 2988 Νὖν,
549 2913 609 2993 οὐχὶ
629 2912 704 2987 τότε,
726 2911 769 2972 ὅτε
820 2908 902 2963 Omni
923 2907 1141 2983 exspectatione
1152 2905 1248 2987 plebis
1270 2908 1451 2968 Judaeorum.
1466 2909 1568 2968 Nunc:

112 3011 176 3088 ,pp
186 3006 271 3085 ἧμης,
284 3005 403 3068 Συμεών
414 3031 444 3066 τε
459 2996 537 3080 ἦλθεν
559 3006 603 3067 ἐπὶ
618 3005 667 3078 τὴν
683 3006 769 3068 οὶκίαν
820 3017 873 3057 non
884 3010 960 3075 tunc,
971 2995 1081 3074 quando
1094 2996 1123 3057 in
1132 2998 1249 3059 vinculis
1258 3021 1341 3059 eram.
1352 3001 1565 3063 Considerem-

112 3104 162 3172 vs<
177 3100 280 3180 μητρὸς
296 3099 456 3174 ’Ἱωᾶνιθιν
470 3097 545 3178 φησί·
556 3098 593 3158 Ti
606 3104 681 3172 ἐστι,
696 3101 769 3159 Συν-
786 3121 803 3168 B
821 3110 878 3171 que
892 3092 1023 3148 venitin
1036 3090 1155 3149 domum
1180 3093 1287 3152 Maria
1301 3098 1405 3153 matris
1428 3095 1567 3159 loannis.

112 3192 263 3272 ψάμενος
275 3191 341 3253 ὅπου
358 3191 436 3252 ἐστὶν
441 3189 579 3251 Ἧτοῖνυν
593 3214 670 3251 τουτο
683 3200 770 3252 cnuti-
819 3183 894 3259 Quid
907 3182 1033 3244 sibivult
1047 3182 1128 3263 iilud,
1142 3186 1363 3246 considerans?
1378 3187 1506 3267 Coglians
1521 3187 1570 3247 Ubi

112 3286 307 3365 notgento<
321 3286 444 3343 ἀπελθεῖν
458 3285 578 3357 δεῖ,ἀλλ
579 3282 739 3364 ’ἀμείψαοθ
742 3308 770 3343 αι
818 3289 894 3337 esset.
910 3275 962 3339 Vel
979 3275 1052 3335 hoc
1044 3290 1129 3356 igitur
1145 3276 1347 3354 consideravit,
1362 3279 1409 3339 rel
1421 3278 1496 3358 quod
1515 3300 1568 3338 non

112 3374 295 3459 ράπην·δκα“ι
316 3375 427 3436 συνιδὼν
451 3366 660 3449 indoctissimis
683 3374 769 3435 οἰκίον
818 3384 952 3452 oporteret
965 3383 1110 3449 utcumque
1120 3371 1205 3449 abire,
1225 3370 1273 3431 scd
1293 3323 1457 3433 bedriactori
1481 3374 1568 3434 vicem
1619 3435 1627 3451 ‚

122 3466 175 3537 'rte
191 3471 264 3528 ἐστιν
283 3458 382 3535 ούτοςθ
392 3468 532 3544 Ἰωάννης,
549 3465 627 3535 Ιοως
647 3470 770 3535 ἐκεῖνοςθ
819 3461 981 3567 rependere:
996 3462 1070 3542 quod
1080 3463 1126 3522 ille
1137 3462 1319 3540 considerans,
1329 3480 1404 3525 vemt
1414 3488 1442 3526 ιιι
1455 3465 1568 3527 domurn

112 3568 136 3630 ῖς
154 3560 258 3621 συνών·
279 3561 322 3620 διδ
336 3558 476 3642 γάρτοῦτο
494 3584 540 3620 και
560 3560 591 3620 τὸ
610 3560 770 3641 παράσημον
819 3544 922 3615 Mariae.
936 3554 1007 3630 Quis
1018 3568 1058 3614 cst
1072 3555 1119 3615 hro
1130 3556 1268 3618 θιιιιιιιιιιιβ
1282 3557 1383 3617 Forte
1375 3579 1409 3637 rs,
1424 3558 1472 3638 qni
1493 3578 1567 3618 sem-

112 3674 189 3727 ηιιιν.
202 3652 278 3735 Ὅρα
291 3653 352 3714 deos
368 3653 439 3713 ἐστὶν
452 3652 549 3732 ἀγαθὸν
563 3655 696 3734 ἠθλῖψις,
717 3653 769 3713 πύ-
819 3671 867 3731 per
882 3672 945 3710 cum
958 3649 1014 3711 illis
1028 3662 1102 3709 erat·
1094 3650 1240 3730 ,ideoque
1253 3673 1400 3732 cognomen
1414 3654 1494 3715 etiam
1509 3655 1568 3735 ejus

112 3745 379 3826 άμενοιέννυκτλ
360 3767 449 3819 ηνυον,
474 3750 531 3812 πῶς
554 3744 770 3828 διεγηγερμένους
820 3744 920 3824 posuit.
934 3743 1007 3807 Vide
1022 3756 1154 3823 quantum
1165 3758 1201 3804 ιιι
1219 3745 1322 3805 bonum
1336 3746 1460 3821 afflictio,
1475 3768 1565 3827 quan·
1616 3787 1722 3892 mab,
1682 3800 1720 3892 ΜΜ

178 3862 253 3897 οοτο.
270 3828 347 3905 Εἶδες
360 3844 406 3897 τοῦ
420 3836 497 3918 φόνου
514 3837 650 3918 Στεφάνου
668 3835 764 3896 θεον
739 3859 770 3896 το
819 3850 879 3896 tum
904 3851 985 3897 noctu
1010 3851 1150 3917 precantes
1172 3838 1342 3919 proficerent,
1367 3861 1450 3918 quarn
1470 3840 1661 3924 vigilestonum

112 3745 532 4011 ἓωωθδεσμιπηρίωτούτου
548 3928 598 4000 ὅση
612 3934 629 4002 ἡ
644 3929 770 4010 ὠρέλειοη
819 3928 885 3989 hinc
908 3929 1087 3989 efficerentur.
1104 3928 1245 4006 Vidistin',
1259 3945 1391 4009 quantum
1410 3932 1518 3993 lucrum
1533 3916 1656 3994 exss¹⁰¹¹⁰'

125 4021 159 4095 δὴ
182 4021 293 4091 ἐπείνων
312 4027 326 4081 θ
345 4022 412 4090 Θεος
434 4032 488 4090 τοῖς
502 4022 635 4081 ἀδικοῦσιν
660 4020 768 4095 αὐτοὺς,
820 4023 892 4084 caede
920 4022 1070 4104 stephani³
1092 4022 1215 4083 vidistin'
1239 4036 1340 4102 quanta
1363 4046 1399 4085 ex
1427 4025 1479 4086 boc
1504 4048 1567 4086 car-

112 4114 207 4175 ἰινιισιν
219 4113 251 4173 τδ
262 4114 427 4194 εὐαγγέλιον·
440 4117 497 4174 ἀλλ’
511 4118 538 4174 ἐν
552 4118 637 4183 αυτοῖς
646 4118 728 4180 τοῖς
714 4116 769 4174 odi·
785 4113 803 4160 C
820 4138 879 4177 cere
905 4115 1031 4175 utilitas?
1061 4115 1123 4174 Non
1150 4115 1222 4176 enim
1241 4116 1373 4176 ulciscens
1395 4118 1503 4177 Deus
1495 4120 1569 4200 inju-

112 4207 180 4270 ιθδλν
199 4208 307 4269 ἐκείνοιν
326 4207 484 4289 πασχόντων
501 4208 593 4280 δεινὸν,
608 4207 689 4275 αύτδις
710 4211 768 4267 καθ’
821 4222 860 4269 ste
879 4207 1017 4286 ludentes,
1036 4207 1075 4267 sic
1092 4227 1220 4286 magnum
1241 4206 1358 4268 ostendit
1376 4210 1567 4291 evangelium,

112 4302 150 4371 td<
165 4300 270 4383 θλίψεις
283 4299 399 4360 δείκνυσι
410 4299 480 4381 μέγα
492 4299 584 4371 θύσας,
606 4298 700 4378 ἵναμὴ
722 4299 770 4372 τὴν
822 4299 917 4361 sedin
943 4300 1010 4381 ipsis
1034 4300 1196 4360 ledentibus
1219 4300 1289 4360 nihil
1316 4302 1382 4362 muli
1405 4303 1570 4384 patientibus

112 4393 251 4470 νλναντων
260 4393 493 4472 παπωςζητωμεν
504 4393 559 4471 μη
561 4389 689 4463 ὲέκδτλν
644 4390 771 4450 ἐδ.ικύαν
822 4391 1147 4473 ipsastribnlationesper
1161 4413 1189 4452 se
1203 4392 1571 4473 magnumquidcsseosten-

112 4485 205 4554 Ιὶπιῗνς
220 4509 267 4545 και
256 4485 307 4545 αἱ
320 4485 565 4545 nordmannorum
578 4484 694 4544 λοιπον
696 4484 773 4561 μότι-
823 4485 873 4563 dit,
887 4506 921 4544 ne
935 4485 981 4543 vel
993 4484 1029 4545 ab
1043 4485 1191 4566 illiserrpi,
1208 4487 1250 4547 vel
1269 4487 1401 4548 ultionem
1415 4490 1486 4549 sumi
1500 4512 1572 4569 quae-

112 4571 235 4654 tic-iiam
250 4577 364 4639 Ἀπδ
330 4603 379 4650 της
392 4590 493 4659 χαρᾶς,
510 4576 574 4659 ρηα
576 4602 599 4652 ν,
611 4600 657 4636 ουκ
672 4575 769 4648 ἤνοιξε.
824 4599 924 4638 ramus.
945 4577 1101 4658 Perpende,
1115 4578 1252 4656 quomodo
1267 4579 1373 4640 ancillae
1388 4581 1462 4662 apud
1480 4604 1524 4642 eos
1544 4581 1572 4642 in

112 4672 148 4732 ιιλ
162 4695 242 4732 τουτο
253 4695 361 4752 γεγονε
377 4671 420 4730 ἵνα
435 4671 472 4750 μὴ
495 4670 542 4729 καὶ
560 4672 655 4729 ἐκεῖνον
673 4671 773 4729 ἔκπλοι·
826 4693 887 4754 pari
898 4683 985 4753 pretio
1001 4685 1096 4731 essent.
1108 4674 1176 4731 Prae
1188 4675 1331 4753 gaudio,
1323 4675 1422 4753 inquit,
1436 4697 1495 4734 non
1505 4698 1572 4758 ape

112 4764 183 4833 ’νθάως
197 4763 311 4838 ἰδόντες,
330 4762 377 4823 καλ
397 4762 593 4837 intorsionem,
617 4763 674 4821 ἀλλ’
692 4763 772 4842 ἐγγυ-
827 4769 896 4825 ruit.
913 4763 938 4822 E
952 4785 982 4823 re
992 4777 1083 4823 autem
1094 4763 1133 4822 ita
1150 4764 1252 4824 factum
1270 4780 1326 4842 est,
1344 4788 1378 4826 ne
1391 4780 1416 4826 ct
1428 4767 1469 4826 illi
1481 4768 1573 4828 statim

116 4858 203 4915 αὐτῶν
216 4862 235 4929 ἡ
249 4855 362 4915 διάνοια.
383 4855 436 4915 Καλ
452 4855 519 4934 ὅπερ
533 4853 588 4922 ἔθος
600 4860 665 4933 ἡμῖν
678 4863 774 4928 ποιεῖν,
829 4856 951 4918 videntes
975 4857 1209 4938 obstupescerent,
1223 4870 1249 4916 ct
1269 4879 1322 4917 uon
1347 4857 1503 4936 crederent,
1527 4860 1575 4921 scd

112 4954 263 5033 πράττωσι
276 4955 322 5016 καὶ
336 4956 418 5029 αὐτή·
447 4956 490 5017 ἵνα
504 4956 556 5040 γὰρ
569 4954 636 5030 οῦς-λ
652 4955 685 5017 τὰ
699 4958 776 5037 neap·
831 4970 907 5010 mens
923 4949 1036 5009 illorum
1045 4962 1222 5010 exerceretur.
1236 4951 1273 5011 Et
1285 4949 1361 5028 quod
1373 4971 1422 5012 nos
1432 4952 1517 5013 iacere
1532 4974 1574 5013 so·

112 5172 159 5205 m·
172 5159 268 5220 mutor,
281 5163 356 5226 φησιν,
369 5164 425 5212 άπαν
436 5164 504 5219 lactu,
519 5165 533 5218 ἡ
550 5164 585 5212 δτι
597 5164 649 5224 αλιι,
660 5159 696 5209 sic
708 5159 766 5225 qui·
814 5158 842 5207 B.
859 5161 881 5208 δν
893 5153 1062 5224 irrumpier-J

112 5228 180 5298 ς’11)ΐὶ
198 5231 317 5287 dedimus
329 5243 353 5289 ia
363 5249 395 5305 τῷ
407 5241 482 5306 δεσμῷ
494 5253 524 5286 ox
536 5238 564 5287 Α.
574 5237 603 5289 (i.
615 5237 645 5292 D.
659 5235 726 5288 Editi
740 5249 765 5287 ct
