3728 5978
251 528 315 598 172
468 582 473 588 γ
580 522 609 569 S.
636 519 780 568 tonuuts
806 519 997 568 CHRYSOST.
1024 521 1186 571 tuentur.
1214 522 1490 570 consummor.

245 648 318 708 cavit
330 647 458 707 rel-misit
472 645 509 705 ad
519 644 598 705 Pauli
619 643 838 704 institutionem?
851 643 924 714 Quia
933 663 987 703 non
1043 645 1178 718 ἐκάλεσεν,
1192 647 1253 706 alas
1265 646 1404 707 ἐπέστειλε
1416 646 1482 726 πρδς
1491 645 1540 720 τήν
1551 648 1597 705 τοῖ
1609 644 1720 705 Παύλου
1735 646 1815 718 κατή-

241 739 383 822 oportebat
403 738 483 796 illum
512 758 560 818 per
585 736 717 814 homines,
746 734 794 796 sed
821 757 871 817 per
896 736 987 817 ipsum
995 780 1032 821 ¹„
1042 760 1137 816 χησιν;
1150 735 1215 797 Ὅτι
1226 740 1273 798 οὐκ
1282 739 1365 818 ἐχρῆν
1375 739 1409 797 δι’
1421 735 1568 819 ἀνθρώπων
1576 736 1734 817 ἐνάγεαθαι,
1749 738 1815 798 ἀλλὰ

243 830 382 890 Christum
403 827 518 888 institui.
541 830 610 889 Nam
625 827 671 887 hic
685 826 756 886 nihil
777 830 867 909 ipsum
880 827 984 904 docuit,
1004 838 1024 884 Δ
1042 829 1076 887 δι’
1092 832 1171 888 αύτοῶ
1190 835 1237 889 τοῦ
1256 830 1385 911 Χριστοῦ·
1402 828 1461 888 ἐπεί
1479 828 1524 888 καί
1544 819 1619 896 οὗτος
1642 827 1747 896 ἐδίδαξε
1769 829 1815 907 μίν

241 922 289 982 sed
316 935 421 982 tantum
442 919 599 1002 baptizavit.
625 919 725 980 Statim
752 933 844 978 autem
859 920 908 978 ubi
932 919 985 977 ba·
1041 922 1120 981 αύτδν
1140 921 1224 995 ούδέν,
1239 921 1368 982 ἐδάπτεσε
1384 920 1413 982 δέ
1426 919 1514 1003 μόνον.
1529 919 1618 999 ’Ἅμα
1635 927 1697 1000 γσῶν
1714 924 1754 1000 τῷ
1768 924 1814 999 βα·

241 1014 358 1094 ptizatus
377 1027 428 1086 est,
455 1012 570 1071 multam
594 1032 629 1071 ex
657 1010 713 1070 nelo
734 1024 760 1070 et
782 1010 875 1071 studio
896 1008 983 1069 multo
1040 1018 1182 1088 πιεσθῆναι
1204 1013 1374 1073 ἐπεσπάσατο
1397 1002 1498 1085 πολλήν
1520 1018 1567 1072 τοῦ
1591 1010 1750 1089 Πνεύματος
1768 1010 1813 1084 τήν

241 1105 417 1166 sibi-attraxit
432 1104 550 1187 Spiritus
561 1109 685 1185 gratiam.
698 1103 781 1177 Quod
800 1118 892 1164 autem
910 1107 984 1163 Ana·
1040 1105 1119 1187 χάριν
1134 1106 1188 1166 άπδ
1206 1110 1253 1165 τοῦ
1262 1103 1343 1176 ζήλου
1360 1104 1408 1164 καὶ
1420 1106 1468 1175 τῆς
1479 1103 1629 1184 προθυμίας
1647 1107 1697 1176 τῆς
1707 1105 1812 1176 πολλῆς.

241 1197 301 1258 nias
316 1218 351 1258 ex
366 1196 561 1277 insignioribus
572 1210 650 1274 esset,
665 1196 756 1277 palam
765 1209 804 1256 est
817 1217 852 1256 ex
867 1195 909 1272 iis,
923 1217 984 1274 quae
1039 1197 1104 1259 Ὅτι
1127 1198 1155 1259 δέ
1170 1197 1217 1257 καί
1238 1201 1252 1256 δ
1272 1196 1393 1266 Ἀνανίας
1413 1200 1466 1256 τῶν
1486 1197 1589 1278 σρόδρα
1610 1196 1752 1276 ἐπισήμων
1773 1189 1812 1273 ἦν,

214 1276 218 1282 ’
242 1291 295 1372 ipsi
309 1291 411 1351 revelat
420 1305 446 1349 et
455 1288 523 1349 dicit
528 1312 537 1366 3
553 1289 672 1368 itemque
684 1311 719 1349 ex
733 1288 777 1366 iis,
793 1311 853 1368 quac
877 1288 924 1348 ille
943 1309 985 1348 re·
1039 1292 1118 1363 δῆλον
1129 1289 1155 1360 ἐξ
1169 1280 1206 1348 ὧν
1218 1288 1389 1369 ἐμφανίζεται
1408 1289 1454 1350 καὶ
1466 1288 1615 1370 λίγειπρδς
1628 1289 1719 1363 αὐτὸν,
1733 1289 1811 1363 ualli

242 1384 368 1467 spondet,
381 1384 475 1445 dicens
488 1406 494 1440 :
508 1385 558 1442 15.
574 1386 713 1456 Domine,
736 1384 839 1443 audivi
850 1403 870 1441 a
884 1384 985 1442 multis
1039 1373 1076 1442 ῶν
1087 1382 1169 1443 πάλιν
1181 1382 1258 1451 αύτδς
1272 1382 1458 1465 ἀποκρίνεται,
1476 1383 1576 1463 λέγων
1590 1382 1691 1464 Κύριε,
1713 1383 1811 1455 ἀκήκοα

242 1478 357 1536 deoiro
372 1480 437 1550 loc,
450 1477 657 1557 quautamala
669 1477 776 1556 fecerit
799 1477 911 1535 sanctis
927 1479 985 1534 tuis
1041 1475 1093 1536 ἀπὸ
1107 1477 1213 1535 πολλῶν
1228 1475 1292 1556 περί
1315 1482 1361 1535 τοῦ
1383 1473 1522 1558 ἄνθριύποα
1541 1473 1650 1548 τούτου,
1672 1474 1725 1534 ὅσα
1746 1474 1811 1535 κσκέ

243 1571 275 1626 in
302 1570 479 1629 Jerusalem.
501 1568 532 1629 Si
552 1567 642 1646 itaque
663 1567 781 1642 Domino
810 1565 985 1644 contradixit,
1029 1567 1150 1641 ἐποίησε
1172 1575 1226 1635 τοῖς
1245 1566 1329 1648 ἁγίοις
1346 1590 1392 1628 συν
1409 1568 1436 1627 ἐν
1452 1567 1640 1649 Ἰερουσαλήμ.
1658 1565 1720 1628 lEl
1731 1567 1810 1627 τοίνυν

241 1661 437 1740 multomagis,
452 1661 474 1720 si
488 1659 615 1740 angelum
635 1659 759 1719 misisset.
776 1658 891 1738 ldeoque
913 1672 987 1718 ante-
1039 1660 1107 1740 πρδς
1125 1660 1222 1741 Κύριον
1246 1664 1483 1742 ἀντεῖπε,·πολλῷ
1509 1665 1627 1741 μᾶλλον,
1651 1664 1676 1720 el
1704 1661 1808 1740 σίγγιλα

241 1755 294 1816 hac
302 1757 449 1837 Philippus
463 1777 517 1815 uon
543 1754 662 1834 audivit,
685 1754 753 1834 quid
769 1756 890 1815 [uturum
910 1768 987 1831 esset,
1041 1753 1155 1835 έπεμψε.
1171 1753 1312 1814 Διὰτοῶτο
1325 1753 1384 1815 οθδέ
1396 1754 1448 1835 πρδ
1463 1753 1554 1815 ταύταν
1571 1755 1712 1824 Φίλιππος
1728 1755 1810 1816 ἀκούει

243 1849 387 1910 scdsolum
400 1848 473 1909 vidit
487 1847 636 1927 angelum:
659 1861 685 1906 et
711 1847 751 1907 sic
770 1847 890 1929 Spiritus
909 1848 989 1928 jubet
1043 1848 1073 1906 τὸ
1087 1847 1221 1926 ἐσόμενον,
1236 1844 1305 1906 ιἰλλδι
1319 1845 1397 1925 μόνον
1411 1849 1460 1930 δρᾷ
1476 1847 1520 1907 τδν
1541 1847 1668 1928 ἄγγελον·
1689 1847 1737 1907 καὶ
1750 1847 1810 1908 οὕτω

242 1941 323 2000 illum
335 1939 471 2021 accedere,
490 1954 516 2000 et
531 1939 624 1999 currui
641 1939 752 1999 lraerere.
774 1939 827 1998 Hic
840 1960 905 2000 vero
919 1938 987 1999 inte·
1005 1961 1024 2009 ῃ
1043 1940 1074 2000 τδ
1088 1942 1200 2018 Πνεῦμα
1214 1938 1374 2018 προστάττει
1391 1941 1555 2020 προσελθεῖν,
1578 1940 1625 1998 καί
1655 1942 1811 2013 κυλληθῆναι

242 2033 296 2093 rim
321 2048 423 2093 metum
446 2034 503 2115 ejus
529 2032 654 2109 succidit,
683 2054 715 2092 ac
739 2032 762 2091 si
788 2031 989 2093 diceret2Eooe
1042 2033 1081 2111 τῷ
1095 2032 1204 2112 ἅρματι.
1224 2032 1300 2099 Τέως
1314 2029 1343 2091 δέ
1356 2034 1467 2092 ἐνταῦθα
1490 2031 1534 2090 τδν
1553 2031 1635 2113 ρόύυν
1651 2034 1733 2093 αὐτοῦ
1746 2036 1810 2093 tec-

242 2141 310 2204 orat,
322 2148 406 2187 caecus
416 2140 464 2202 est,
479 2140 505 2185 et
514 2139 545 2185 tu
555 2125 653 2187 times?
664 2128 705 2185 Ita
718 2139 744 2184 et
767 2128 878 2207 Moyses
899 2125 985 2186 timet.
1043 2123 1182 2203 τέμνεται,
1196 2124 1241 2183 καί
1256 2121 1395 2204 μονονουχὶ
1409 2122 1487 2192 τοῦτο’
1501 2147 1567 2205 φησι
1580 2127 1620 2203 τῷ
1633 2127 1735 2198 εἰπεῖν,
1749 2123 1811 2185 ’ttat

242 2219 336 2296 ltaque
345 2218 429 2279 verba·
438 2218 557 2278 timentis
568 2217 655 2297 magis
672 2221 744 2293 sunt,
763 2237 846 2296 quam
861 2237 914 2276 non
931 2239 989 2277 cre·
1042 2216 1235 2298 προσεύχεται,
1254 2215 1351 2297 τυφλός
1371 2219 1443 2290 ἐστι,
1466 2216 1512 2277 καί
1534 2216 1566 2277 ab
1587 2216 1725 2290 δέδυικαςς
1737 2216 1811 2279 otas

241 2308 388 2375 dentisflt
402 2310 469 2370 audi
488 2310 573 2370 verba
594 2309 653 2390 ipsa
666 2332 674 2366 ε
686 2311 825 2382 Domine,
846 2311 951 2368 audivi
968 2330 989 2370 a
1042 2308 1088 2368 καί
1099 2310 1219 2381 Μωῦσῆς
1233 2309 1370 2391 ροθεῖται,
1380 2308 1448 2370 ὥστε
1460 2308 1493 2368 τέ
1508 2308 1618 2390 ῥήματα
1633 2311 1810 2391 ἐροάανμίνω

243 2403 343 2462 multis
355 2405 392 2462 de
404 2408 471 2462 ‘uiro
486 2405 552 2462 lroc.
569 2399 647 2474 Quid
659 2400 749 2460 dicis?
769 2403 843 2460 Deus
856 2400 987 2479 loquitur,
1043 2399 1142 2480 μᾶλλύν
1154 2402 1236 2474 ἐστιν,
1247 2403 1296 2460 οὐκ
1309 2405 1490 2469 ἀπιστοῦντες.
1501 2402 1555 2462 Καὶ
1567 2400 1646 2462 dacus
1655 2407 1712 2462 τῶν
1726 2404 1811 2485 ῥημά-

242 2509 269 2556 εῖ
282 2509 312 2555 tu
325 2495 457 2555 dubitas?
483 2495 529 2557 Sic
546 2493 668 2553 nondum
695 2493 815 2553 sciebant
839 2495 986 2574 potentiam
1041 2514 1095 2551 των
1116 2494 1222 2552 αὐτῶν·
1246 2491 1340 2572 Κύριε,
1363 2491 1466 2564 ἀκήκοα
1485 2492 1538 2553 tat
1559 2495 1667 2553 mitta
1684 2493 1747 2575 περί
1768 2499 1811 2556 τάῖ

243 2588 409 2650 (ΞίιιίεῖίΛύ.
420 2591 461 2647 Et
472 2590 520 2647 bic
529 2589 617 2646 babet
628 2599 802 2667 potestatem
814 2607 835 2645 a
846 2590 988 2667 principi·
1042 2585 1135 2666 ἀνδρὸς
1145 2585 1248 2645 τούτου.
1265 2583 1302 2644 Τί
1310 2584 1395 2666 λίγεις
1404 2587 1436 2657 ;δ
1449 2583 1517 2652 Θεδς
1529 2583 1603 2666 λέγει
1608 2631 1617 2660 ,
1629 2586 1678 2646 καί
1690 2586 1723 2646 σθ
1735 2590 1812 2668 ippu-

244 2684 297 2742 bus
310 2684 495 2741 sacerdotum
504 2681 653 2761 alligandi
666 2687 776 2752 omr'res,
788 2683 988 2759 quiinvocant
1042 2675 1165 2751 Θάλλος,
1178 2675 1272 2744 Ούτως
1285 2675 1359 2736 ούπω
1372 2677 1470 2752 ᾔδεσαν
1488 2675 1537 2749 τήν
1557 2677 1670 2756 δύναμιν
1684 2686 1732 2740 τσῶ
1749 2681 1812 2761 Χρι-

244 2793 349 2832 ποιησει
360 2787 451 2833 tuum.
466 2771 609 2832 Undenam
632 2772 685 2831 hoc
710 2785 804 2830 notum
818 2772 893 2831 erati’
906 2772 988 2835 Veri·
1042 2775 1113 2831 ατοῦ.
1130 2769 1184 2829 Kal
1207 2759 1260 2829 ists
1283 2770 1338 2849 ἔχει
1359 2768 1477 2838 ἐξουσίαν
1499 2768 1574 2849 παρέι
1595 2775 1649 2830 τῶν
1671 2772 1813 2854 ἀρχιερέων

243 2865 331 2937 simile
344 2879 392 2942 est,
406 2887 451 2925 eos
473 2865 502 2923 in
518 2878 590 2923 metu
611 2863 738 2945 degentes
760 2863 865 2925 curiose
875 2864 988 2944 inquisi-
1005 2877 1024 2926 c
1043 2863 1121 2934 δῆσαι
1135 2861 1237 2928 πάντας
1245 2860 1304 2930 τοθς
1318 2856 1537 2941 ἐπικαλουμένους
1550 2861 1581 2921 τθ
1591 2863 1678 2942 ὄνομά
1688 2888 1745 2927 σω.
1756 2864 1812 2927 Πύ-

242 2955 321 3018 visse.
334 2960 393 3017 Non
406 2958 459 3017 boc
470 2977 533 3037 ergo
543 2955 619 3030 dicit,
632 2955 710 3034 quasi
724 2955 849 3016 Christus
867 2955 898 3015 id
911 2956 988 3038 igno·
1044 2959 1085 3015 θεν
1095 2961 1172 3013 τοῦτο
1190 2957 1286 3028 δῆλονς
1306 2956 1386 3023 Eut<
1398 2946 1430 3028 ils
1442 2954 1572 3024 αὐτοθςέν
1584 2955 1661 3038 φύύιρ
1674 2957 1752 3026 ὄντας
1766 2982 1813 3018 πε-

244 3062 283 3108 ret
289 3072 298 3126 3
315 3047 360 3108 sed
372 3046 493 3126 dubitat,
515 3045 651 3126 quomodo
676 3048 704 3107 in
730 3047 779 3107 tali
801 3069 894 3107 rerum
917 3061 988 3108 statu
1044 3046 1235 3129 ριεργάζεσθαι.
1254 3049 1315 3129 Οὐχ
1333 3052 1369 3115 ῶς
1390 3048 1438 3108 σύκ
1451 3045 1548 3116 εέδύτος
1566 3039 1611 3108 σύν
1632 3054 1681 3110 ταῶ
1700 3051 1813 3132 Χρισταῶ

244 3140 329 3221 possit
340 3138 392 3198 hoc
417 3140 486 3199 fieri.
520 3139 566 3199 Sic
584 3151 611 3197 et
630 3138 696 3197 alibi
715 3137 843 3219 discipuli
869 3138 986 3199 dicunt:
1043 3146 1127 3200 ταῦτα
1140 3139 1227 3219 λέγει,
1249 3140 1522 3220 *ἀλλ’ἀπορσῦντος,
1542 3138 1705 3202 ὅτιτούτων
1724 3144 1812 3219 ὄντων,

119 3261 169 3290 ar.
212 3274 218 3289 .
248 3233 320 3310 Quis
332 3245 428 3312 potest
442 3233 573 3291 salvarit
591 3230 646 3292 Sed
659 3230 733 3306 vide,
748 3244 813 3310 quot
833 3253 875 3291 res
896 3232 989 3315 dispo·
1043 3237 1099 3300 πῶς
1118 3231 1225 3292 δυνατὸν
1241 3237 1327 3291 ταῦτα
1338 3231 1469 3310 γενέσθαι.
1492 3229 1573 3292 Ούτω
1594 3232 1641 3293 καί
1656 3236 1813 3315 άλλαχύῖοί

126 3341 131 3353 ·
244 3339 391 3409 ponantur,
411 3340 442 3385 ut
458 3324 548 3384 credat
572 3337 697 3384 venturo.
723 3325 755 3384 ln
779 3324 883 3383 somnio
911 3326 989 3405 vidit,
1042 3325 1160 3405 μαθηταί
1181 3325 1299 3406 λέγουσι,
1314 3326 1364 3393 Τίς
1388 3323 1497 3385 δύναται
1521 3320 1744 3401 σωθῆναιςἏλλ·
1766 3327 1811 3410 θρα

245 3416 374 3502 pradisit
387 3419 447 3477 illi:
465 3421 549 3490 Orat,
563 3416 665 3497 inquit,
678 3416 762 3496 igitur
785 3417 934 3478 netimeas.
954 3419 990 3478 Et
1043 3419 1114 3480 πάσα
1127 3420 1318 3495 οἰκονομεῖται,
1334 3415 1377 3478 lua
1389 3414 1518 3497 πιστεύσῃ
1540 3421 1579 3498 τῷ
1601 3419 1747 3503 ἐρχυμίνιρ.
1768 3419 1811 3481 ’Es

245 3531 355 3570 curnon
375 3509 443 3569 dicit
453 3509 494 3569 illi
504 3530 561 3567 rem
579 3507 747 3589 preclaram,
769 3520 914 3589 quaegesta
933 3511 990 3570 est?
1044 3510 1136 3592 ὀνείρῳ
1146 3501 1211 3584 εἶδε,
1223 3509 1403 3589 προεμήνυσεν
1414 3511 1502 3591 αὐτῷ,
1513 3509 1714 3590 Προσεύχεται,
1727 3509 1810 3592 φησίν·

244 3606 284 3663 Ut
299 3624 348 3661 nos
356 3601 461 3676 doceat,
477 3600 694 3682 uepraedicemus
707 3600 779 3659 bona
792 3622 873 3680 opera
882 3616 972 3661 nostra
977 3626 987 3680 3
1044 3606 1136 3664 οὐκοῦν
1149 3602 1187 3681 μθ,
1200 3603 1291 3684 ρούοῦ.
1307 3602 1360 3661 Καί
1375 3601 1418 3663 διδ
1429 3601 1456 3660 τί
1465 3607 1494 3663 ού
1504 3600 1576 3682 λέγει
1592 3605 1666 3683 αὐτῷ
1679 3604 1711 3664 τὸ
1722 3605 1810 3683 καπύρ-

244 3696 300 3755 imo
309 3708 336 3754 et
348 3695 422 3773 quod
442 3694 581 3754 timentem
604 3691 706 3752 videat.
728 3694 820 3771 Neque
843 3694 882 3764 sic
907 3693 990 3769 dixit,
1045 3703 1122 3776 θωμα
1135 3696 1166 3755 τὸ
1180 3694 1332 3774 γενάμενσν;
1349 3693 1490 3753 Παιδεύων
1503 3698 1575 3773 ἡμᾶς
1589 3695 1627 3774 μή
1640 3694 1728 3776 λέγειν
1741 3699 1811 3775 ἡμῶν

246 3785 327 3846 Fides
355 3785 406 3845 tibi
432 3805 486 3844 non
513 3783 672 3863 negabitur;
689 3783 737 3842 sed
765 3783 851 3862 quid?
865 3785 990 3868 Surgens
1010 3788 1079 3849 ὓτδ
1091 3787 1295 3868 κατορθώματα·
1305 3786 1441 3866 μᾶλλονδὲ
1450 3787 1665 3868 καέρούούμενον
1677 3787 1811 3850 tutabat

246 3881 335 3939 vade.
354 3880 434 3936 Vrclit
445 3881 523 3936 enim
534 3879 566 3934 ia
577 3879 693 3934 visione
712 3880 812 3935 virum
835 3880 990 3958 imponen-
1046 3880 1128 3949 obrue
1140 3871 1221 3952 εἶπεν,
1235 3882 1282 3939 ούκ
1294 3878 1479 3959 άπιστήθήαῃ,
1494 3879 1563 3940 ἀλλδι
1574 3879 1615 3955 τίς
1626 3881 1754 3949 Ἀναστάς
1764 3903 1808 3941 πσ-

247 3986 304 4030 tem
329 3975 385 4032 sibi
408 3990 523 4029 manus.
547 3967 612 4027 ldeo
638 3968 666 4027 iu
685 3967 797 4044 risione,
825 3969 889 4047 quia
906 3991 992 4029 caeeus
1048 3971 1162 4054 ρεύθητι.
1183 3963 1312 4052 Οἶδεγδρ
1325 3970 1478 4051 ἐνδράματι
1497 3968 1580 4052 ἄνδρα
1603 3974 1730 4034 ἐπιθέντα
1747 3976 1808 4054 αύτῷ

247 4079 313 4124 erat.
329 4066 422 4143 Neque
438 4061 563 4122 miraculi
577 4060 737 4140 magnitudo
757 4062 849 4143 rapuit
869 4062 992 4145 discipu·
1046 4069 1147 4147 χεῖρας.
1164 4064 1216 4126 Διὰ
1231 4069 1307 4123 τοῦτο
1320 4067 1347 4125 ἐν
1358 4063 1489 4144 δράματι,
1502 4064 1595 4136 ἐπειδὴ
1614 4065 1701 4147 πηρδς
1714 4058 1754 4140 ήν.
1765 4066 1807 4127 llal

247 4160 320 4238 lum,
334 4160 371 4218 ita
381 4158 501 4218 timebat.
516 4160 640 4216 Attamen
650 4155 797 4238 peripsum
808 4159 881 4215 Deus
907 4157 992 4218 Paulo
1047 4155 1106 4219 ούδέ
1127 4161 1173 4216 τοῦ
1194 4155 1327 4235 θαύματος
1347 4160 1365 4228 ἡ
1386 4155 1520 4237 ύπεράολή
1543 4147 1597 4217 εἷλε
1616 4159 1664 4217 τὸν
1686 4157 1806 4238 μαθητήν·

248 4272 318 4311 caeco
327 4251 418 4310 visum
433 4249 558 4309 restituit.
576 4249 623 4310 15.
638 4250 726 4306 Dixit
737 4261 836 4307 autem
845 4250 992 4309 Dominus
1047 4249 1128 4319 σθτως
1150 4248 1279 4330 ἐροάεῖτο.
1298 4245 1396 4326 Ὅμως
1421 4250 1454 4307 δι’
1481 4249 1561 4309 αὐτῶ
1589 4251 1701 4309 Παῦλον
1725 4250 1807 4333 ευρλθν

249 4344 408 4402 adillum:
426 4343 517 4413 Vade,
532 4345 604 4420 quia
616 4361 674 4400 vas
690 4340 841 4400 electionis
858 4355 900 4401 est
921 4345 994 4402 milri
1047 4348 1111 4407 ὄντα
1134 4341 1281 4421 ἀναδλίψαι
1305 4341 1399 4408 teet<
1414 4339 1547 4415 ἐποίησεν.
1564 4332 1680 4404 Είπεδέ
1701 4343 1808 4424 δΚύριος

251 4438 310 4511 laic,
322 4447 354 4495 ut
365 4446 459 4515 portet
475 4453 584 4492 nomeu
595 4451 804 4504 meumcoram
816 4436 950 4513 gentibus
966 4449 995 4495 et
1049 4435 1114 4515 πρὸς
1123 4433 1217 4493 αὐτόν·
1241 4431 1368 4515 πορεύου,
1387 4432 1428 4493 ύτι
1442 4438 1534 4501 σκεῦος
1554 4437 1668 4514 ἐκλογῆς
1688 4436 1734 4514 μοί
1751 4439 1808 4497 ἐστιν

251 4530 365 4609 regibus
375 4526 486 4607 etfilr'is
500 4524 604 4584 lsrael.
616 4525 665 4584 t6.
677 4525 742 4604 Ego
752 4528 829 4583 euim
842 4528 994 4586 ostendam
1049 4519 1122 4594 olicae
1130 4573 1138 4601 ,
1147 4532 1192 4586 τοῦ
1206 4525 1383 4604 βαστάσαιτδ
1396 4525 1480 4605 δνομά
1494 4550 1544 4603 μου
1558 4525 1672 4588 ἐνώπιον
1685 4531 1763 4590 ἐθνῶν
1775 4527 1810 4590 καί

251 4622 308 4694 illi,
322 4631 437 4701 quanta
444 4627 575 4697 oporteat
583 4636 709 4694 cumpro
721 4620 839 4675 nomiae
850 4638 913 4676 meo
920 4623 993 4698 pati.
1052 4618 1183 4700 βασιλέοιν
1196 4621 1259 4677 υίῶν
1272 4641 1301 4677 τε
1316 4617 1435 4697 Ἰσραήλ.
1449 4617 1521 4698 Ἐγὼ
1535 4617 1588 4701 γδρ
1602 4619 1733 4690 ὑποδείξω
1742 4624 1809 4701 αὐτή,

253 4716 313 4773 Nou
327 4713 415 4772 solum
424 4708 512 4768 fidelis
520 4707 580 4781 erit,
595 4705 691 4786 inquit,
715 4706 761 4767 scd
786 4708 866 4767 etiam
891 4708 994 4787 doctor,
1049 4711 1099 4772 ὅσα
1122 4711 1162 4770 δεῖ
1178 4709 1257 4769 αὐτὸν
1282 4709 1349 4791 ύπέρ
1371 4716 1417 4769 τοῦ
1438 4708 1566 4788 ὀνόματός
1592 4735 1644 4790 μου
1666 4710 1811 4773 παθεῖν.οί

253 4819 278 4865 ct
287 4805 373 4864 multa
385 4797 589 4861 uteturdicendi
597 4798 729 4857 libertate.
743 4800 850 4859 Coram
863 4805 996 4881 gentibus
1051 4800 1128 4881 μόνον
1142 4800 1235 4870 πιστδς
1249 4799 1340 4876 ἔσται,
1352 4801 1441 4882 φησίν,
1454 4802 1523 4861 ἀλλὰ
1536 4801 1583 4862 καί
1598 4803 1768 4880 διδάσκαλος,
1777 4803 1810 4864 ml

252 4911 280 4957 et
295 4900 419 4978 regibus.
430 4895 471 4953 Ita
482 4906 580 4952 crescet
591 4889 726 4967 doctrina,
741 4890 839 4970 inquit,
855 4906 884 4951 ut
898 4906 994 4974 etgcn·
1012 4914 1031 4961 n
1050 4896 1135 4969 πολλῇ
1149 4893 1278 4973 χρήσεται
1303 4898 1336 4973 τῇ
1363 4893 1512 4975 παρρησία.
1529 4893 1665 4955 Ἔνῶπισν
1680 4901 1757 4958 ἐθνῶν
1776 4893 1810 4957 καί

252 5005 291 5049 tos·
304 5004 329 5050 et
339 5010 414 5070 reges
424 5007 515 5046 omncs
524 4986 693 5066 superetl'l.
705 4983 789 5043 Abiit
801 4997 899 5044 autem
909 4987 994 5046 Aua·
1052 4984 1191 5066 βασιλέων.
1211 4986 1304 5053 Οὕτως
1325 4984 1450 5047 ἐπιδώσει
1463 4992 1480 5060 ἡ
1494 4987 1671 5060 διδασκαλία,
1690 4990 1770 5071 φησί,
1784 4991 1811 5053 iu

287 5165 354 5215 tullii
366 5173 416 5233 ἅμα
428 5174 473 5243 ιχόιρ
488 5171 616 5234 potralata,
633 5168 728 5229 ἔμελλεν
741 5169 904 5217 ἐπισπάσασθαι
918 5171 1013 5226 πολλήν.
1064 5173 1219 5224 ἀπιστοῦντος.

286 5247 299 5284 1¹
313 5243 359 5294 Alii
372 5254 391 5297 rt
401 5254 445 5314 γὰρ
454 5252 511 5312 πρὸς
524 5248 591 5298 αύτδν
603 5251 713 5296 ἀντεῖπεν.
1100 5243 1112 5265 “
1125 5244 1170 5308 [Α.
1192 5245 1221 5293 B.
1243 5242 1273 5295 C.
1294 5248 1355 5297 ἀλλὰ
1373 5247 1459 5296 ταύταν
1477 5248 1546 5296 ὄντων
1567 5255 1615 5304 πῶς
1631 5248 1735 5307 δύναται,
1758 5248 1809 5313 pusi,

286 5340 296 5362 ι
309 5321 355 5371 dlii
369 5328 504 5392 ροδουμέυου
515 5328 542 5381 ἦν
555 5329 592 5374 καί
607 5325 799 5384 αέναδαλλομίνου,
815 5326 853 5373 aix
864 5329 1016 5382 ἀπιστοῦντος.
1067 5331 1141 5375 ταῦτα
1153 5322 1275 5388 periclum]

253 5417 278 5456 et
293 5401 329 5453 sic
346 5398 425 5454 Savil.
443 5396 533 5450 ldorel.
554 5414 614 5451 veto
632 5403 769 5471 ροδουμέίου
784 5404 874 5465 μᾶλλόν
894 5406 965 5464 ἐστιν,
978 5406 1016 5453 eiu
