3742 5970
237 386 303 458 116
576 409 605 457 S.
634 406 774 456 ioannis
800 405 987 454 CHRYSOST.
1015 405 1169 453 attentus.
1198 403 1467 454 consnsnrttton.

231 534 349 616 grabatis
363 533 577 614 quoslrabebant
594 532 728 607 inlirrnos,
743 542 769 590 et
782 527 972 608 undiqneillis
1024 520 1094 610 εἶχεν
1123 533 1252 603 ἀσθενεῖς,
1279 529 1325 588 καί
1350 528 1477 589 πάντοθεν
1501 531 1589 594 αὐτοῖς
1615 523 1745 604 συνήγετο
1768 523 1800 583 τδ

231 626 383 687 conssucbat
397 626 578 699 miraculum,
593 645 609 684 a
623 622 811 698 credentibus,
824 642 840 680 a
853 613 972 695 sanatis,
1024 628 1125 702 θαῦμα,
1137 621 1190 683 ἀπὸ
1201 626 1254 682 τῶν
1264 622 1474 696 πιστευσάντων,
1489 620 1542 681 ἀπὸ
1554 622 1608 679 τῶν
1621 616 1800 701 θεραπευθέν-

231 720 312 783 abeo
327 714 826 800 quiplenussuerat,as1duciaquam
840 734 902 793 erga
911 712 973 772 illos
1024 741 1086 790 των,
1103 717 1157 777 άπδ
1173 722 1219 775 τοῦ
1233 715 1420 790 κολασθέντος,
1440 714 1494 775 ἀπὸ
1512 718 1561 786 τῆς
1579 710 1733 793 παῤῥησίας
1752 713 1801 782 τῆς

230 813 376 890 habebant,
396 833 412 871 a
431 810 529 872 virtute
548 830 656 887 eorum,
681 809 728 888 qui
750 829 802 869 non
827 821 974 884 utcumque
1024 810 1090 890 πρὸς
1109 808 1237 881 ἐκείνως,
1260 809 1314 868 ἀπὸ
1328 811 1375 880 τῇς
1394 809 1490 887 ιἰρετῇς
1503 811 1556 866 τῶν
1575 804 1631 886 οὐχ’
1647 803 1740 871 ἅπλῶς
1755 826 1801 862 πι·

231 903 393 965 credebant:
415 903 588 982 nequeenim
602 902 675 982 quod
696 902 796 978 fiebat,
809 899 893 981 signis
910 913 973 959 tan-
1024 903 1206 963 στευσόντων·
1226 905 1256 961 ὠ
1271 900 1324 982 γάρ
1343 900 1375 974 δὴ
1395 905 1449 959 τῶν
1467 899 1584 984 σημείων
1605 891 1639 972 ἦν
1662 895 1741 976 μόνον
1760 895 1793 955 τδ

231 1011 289 1057 tum
311 997 457 1057 constabat.
472 998 543 1058 Nam
562 996 611 1056 etsi
631 996 673 1056 illi
691 994 812 1056 modeste
834 994 974 1074 loquentes
982 994 1170 1079 ,ωγενόμενοκ
1188 997 1221 1054 Εί
1241 993 1292 1074 γάρ
1309 992 1354 1053 καί
1378 991 1450 1052 αὐτοὶ
1465 991 1646 1074 μετριάζοντες
1662 987 1750 1068 τούτῳ
1762 986 1794 1045 τὸ

231 1101 317 1148 toturn
338 1088 390 1169 ipsi
410 1089 543 1170 imputent
558 1087 687 1166 dicentes,
704 1086 732 1147 in
748 1085 856 1146 nornine
872 1083 974 1145 Christi
992 1095 1078 1146 Απᾶν
1088 1086 1251 1165 λογίζονται,
1261 1085 1380 1165 λέγοντες
1406 1086 1481 1164 ἐντιῇ
1493 1082 1603 1162 ὀνόματι
1618 1087 1664 1142 τοῦ
1678 1083 1798 1161 Χριστοῦ

231 1201 259 1240 se
273 1179 446 1259 benefacere,
460 1180 507 1240 sod
522 1180 579 1243 vita
592 1200 699 1260 quoque
713 1192 739 1239 et
751 1178 839 1241 virtus
851 1176 975 1239 virorum
1024 1182 1108 1238 ταῦτα
1125 1187 1226 1239 ποιεῖν·
1249 1177 1318 1239 ἀλλὰ
1332 1179 1378 1239 καί
1391 1182 1406 1239 θ
1421 1177 1476 1257 βίος
1487 1176 1533 1236 καί
1546 1181 1564 1249 ἡ
1579 1173 1659 1258 ἀρετὴ
1678 1178 1732 1233 τῶν
1757 1175 1801 1231 ἀν

230 1269 283 1332 hoe
302 1273 374 1333 fecit.
386 1271 523 1354 Perpende
542 1285 648 1350 autem,
661 1270 796 1351 quomodo
812 1270 858 1330 hic
876 1289 973 1329 nume·
1025 1271 1093 1351 δρῶν
1110 1277 1186 1331 τοῦτο
1204 1271 1342 1343 πεποίηκε.
1364 1269 1466 1330 Σκόπει
1488 1267 1533 1343 δδ,
1547 1272 1605 1336 πῶς
1624 1265 1736 1347 ἀριθμὸν
1761 1267 1801 1325 ἐν·

231 1387 292 1425 rum
304 1365 469 1427 credentium
477 1386 531 1425 non
542 1362 771 1440 alieratauditori
780 1362 932 1442 relinquens
944 1373 976 1420 ut
1024 1369 1109 1422 ταῦθα
1130 1368 1184 1423 τῶν
1202 1363 1401 1424 πιστευσάντων
1415 1360 1542 1442 εὐλόγει,
1556 1360 1629 1441 ἇρελς
1652 1358 1679 1428 ἐξ
1702 1362 1800 1418 ίαυτοῖῖ

231 1457 261 1516 id
274 1480 309 1518 ex
323 1480 351 1517 se
367 1460 496 1539 conjectet
512 1481 519 1515 ε
535 1457 574 1517 sic
586 1455 623 1515 ad
640 1455 797 1516 immensam
817 1452 974 1514 multitudi-
1024 1455 1214 1539 τδνάκρυατλν
1231 1454 1443 1536 συλλογίζεσθαι·
1457 1455 1539 1521 οίίτως
1554 1456 1590 1521 εἰς
1603 1455 1703 1523 πλῆθος
1717 1450 1800 1511 άπαι-

231 1570 291 1610 nem
303 1549 370 1610 fides
383 1549 585 1610 extendebatur.
599 1548 669 1608 Hinc
678 1561 704 1607 et
717 1547 875 1607 resurrectio
887 1543 975 1625 magis
1026 1571 1069 1630 ρον
1083 1547 1199 1611 ἐπέτεινε
1208 1548 1242 1610 τὰ
1250 1553 1298 1622 τῆς
1310 1548 1432 1617 πίστεως,
1443 1547 1579 1607 Ἐντεῦθεν
1590 1544 1667 1616 κοίη
1683 1541 1800 1604 ἀνάστα·

230 1641 436 1724 praedicabatur.
451 1645 545 1703 Nemo
559 1655 655 1702 autent
667 1641 797 1700 audebat
806 1659 839 1699 se
851 1640 974 1719 conjuro·
1006 1637 1008 1643 ’
1024 1664 1066 1709 αις
1077 1643 1177 1720 μᾶλλον
1190 1639 1357 1724 ἐκηρόττετο.
1371 1638 1504 1717 Οὐδελςζδὲ
1516 1641 1604 1705 αὐτοῖς
1618 1638 1720 1714 θτολμα
1733 1635 1798 1695 κολ·

229 1755 297 1815 gere
315 1735 387 1808 iltis,
400 1737 453 1795 sed
471 1734 684 1816 magnificabat
705 1751 754 1791 eos
773 1729 908 1811 populus.
927 1729 974 1789 Sic
1023 1732 1133 1804 λᾶσθαι,
1145 1730 1203 1790 ἀλλ’
1212 1729 1371 1810 ἐμεγάλυνεν
1386 1728 1478 1796 αὐτοὺς
1491 1732 1506 1787 ό
1518 1727 1590 1794 λαός.
1605 1729 1694 1786 Τοῦτο
1706 1721 1798 1804 λέγει,

230 1824 277 1902 ait,
291 1824 432 1886 ostendens
445 1826 508 1886 illos
517 1828 577 1907 jam
596 1846 648 1885 non
663 1822 810 1885 contemtui
828 1821 929 1899 tuisse,
942 1835 973 1881 ut
1025 1820 1141 1897 δεικνὺς,
1151 1820 1193 1881 ότι
1207 1823 1254 1881 οὐκ
1264 1823 1304 1882 ίτι
1318 1821 1411 1883 λοιπὸν
1428 1812 1497 1894 ἦσαν
1509 1817 1733 1900 εὐκαταφρόνητοι
1746 1837 1797 1874 κα-

228 1917 306 1998 prius
323 1931 398 1978 erant
413 1941 420 1975 ε
435 1939 467 1978 ac
487 1917 564 1978 brevi
585 1930 705 1997 tempore
723 1933 830 1992 unoque
853 1932 973 1975 momen·
1024 1913 1108 1994 θάπερ
1123 1913 1169 1975 καί
1190 1914 1335 1996 πρότερον·
1355 1913 1401 1975 καί
1417 1912 1458 1972 ὅτι
1479 1916 1506 1973 ἐν
1522 1915 1616 1992 βραχεῖ
1634 1912 1734 1991 καιρῷ,
1750 1903 1798 1966 καί

230 2023 257 2082 ιο
270 2010 328 2069 haec
343 2031 359 2069 a
372 2010 504 2091 piscatore
514 2023 540 2070 et
553 2009 661 2091 privato
674 2006 783 2067 homine
794 2006 864 2065 facta
877 2005 970 2066 luisse.
1025 2017 1074 2088 μιᾷ
1086 2009 1154 2088 ῥοπῇ
1163 2011 1280 2068 τοσαῦτα
1289 2006 1393 2088 γέγονεν
1402 2006 1453 2066 ὑπὸ
1462 2010 1508 2066 τοῦ
1518 2003 1611 2070 ἁλιέως
1624 2001 1670 2063 καὶ
1681 2000 1796 2061 ἰδυότω.

164 2174 169 2182 Ι
200 2112 205 2122 ·
229 2101 333 2160 Caelum
348 2102 437 2182 itaque
452 2103 512 2184 jam
528 2115 584 2161 erat
597 2113 667 2160 terra
683 2120 717 2160 ex
731 2096 843 2160 vivendi
857 2098 970 2178 ratione,
989 2104 1008 2152 Β
1023 2099 1141 2178 Οὐρανὸς
1151 2088 1196 2159 οὖν
1206 2098 1297 2160 λοιπὸν
1308 2091 1340 2173 ἦν
1352 2103 1369 2170 ἡ
1383 2102 1433 2178 γῆ,
1450 2097 1497 2157 καὶ
1506 2094 1656 2169 πολιτείας,
1670 2092 1718 2153 καί
1727 2095 1797 2172 περ·

76 2187 126 2274 ἔξω
152 2187 220 2279 ΜΞ
228 2190 336 2252 dicendi
351 2192 483 2269 lsstertate,
494 2191 644 2269 miraculis,
661 2189 816 2268 caeterisque
826 2189 971 2249 omnibus:
1025 2191 1118 2272 ῥησίας
1126 2237 1134 2263 ,
1152 2190 1197 2252 καί
1214 2191 1366 2271 θαυμάτων,
1386 2191 1431 2251 καί
1444 2190 1550 2250 πάντων
1562 2187 1669 2248 ἕνεκεν·
1683 2186 1730 2245 καί
1744 2207 1797 2244 κει·

74 2295 197 2366 evaeorum
227 2303 259 2342 ac
282 2285 357 2345 velut
380 2283 468 2364 angeli
494 2281 665 2344 admirationi
685 2293 772 2359 eraut,
791 2280 828 2340 od
849 2281 920 2341 nihil
943 2303 972 2343 se
1024 2282 1109 2362 θάπερ
1123 2283 1229 2363 ἄγγελοι
1247 2282 1329 2352 οὕτως
1343 2281 1535 2362 ἐθαυμάζοντο,
1553 2278 1619 2358 πρδς
1636 2277 1712 2338 οὐδὲν
1733 2279 1796 2335 ἔπι-

108 2371 128 2399 ¹'
226 2390 418 2455 convertentes,
435 2397 488 2436 non
509 2375 546 2436 ad
558 2376 655 2452 risum,
669 2394 723 2434 non
744 2371 783 2433 ad
797 2372 899 2451 minas,
917 2393 971 2433 non
1023 2373 1208 2456 στρεφόμενοι,
1220 2377 1250 2434 οὐ
1269 2375 1335 2455 πρός
1352 2374 1470 2454 γελωτα,
1489 2375 1519 2432 οὗ
1540 2371 1605 2454 πρὸς
1619 2368 1745 2445 ἀπειλάς,
1765 2369 1796 2426 αθ

224 2467 259 2529 ad
271 2469 408 2550 pericula:
426 2489 480 2529 non
493 2469 582 2528 solnm
593 2481 684 2527 autem
700 2466 752 2525 hac
761 2463 796 2525 de
817 2485 908 2544 causa,
923 2463 971 2526 sed
1022 2466 1088 2549 πρὸς
1101 2466 1240 2535 κινδύνους.
1255 2470 1296 2527 ct
1306 2468 1384 2547 μόνον
1398 2465 1427 2527 δὲ
1439 2465 1482 2526 διὰ
1497 2470 1588 2537 τοῦτο,
1603 2465 1662 2524 ἀλλ’
1676 2460 1718 2522 δτι
1728 2459 1796 2542 σφό-

224 2560 304 2628 etiam
317 2560 393 2639 quod
407 2559 558 2621 admodum
569 2558 683 2619 humani
701 2571 728 2618 et
749 2578 799 2639 pro
815 2556 877 2619 eliis
892 2557 970 2617 solli-
1022 2562 1073 2640 δρα
1086 2557 1265 2640 φιλάνθρωποι
1283 2558 1329 2619 καί
1348 2557 1517 2637 κηδεμονικοί
1537 2555 1729 2637 τυγχάνοντες,
1742 2562 1797 2621 τοῖς

223 2651 270 2710 citi
283 2665 378 2731 erant,
392 2652 459 2712 alios
470 2650 542 2711 enim
557 2651 681 2732 pecunia,
692 2649 760 2709 alios
773 2648 907 2730 oorporali
922 2669 970 2708 cu·
1022 2650 1070 2731 μὲν
1087 2651 1225 2733 χρήμασιν
1237 2650 1372 2726 ίόοήθουν,
1386 2659 1439 2719 τοῖς
1458 2650 1487 2712 tt
1507 2648 1634 2731 θεραπεία
1652 2645 1795 2723 σωμάτων.

223 2743 325 2805 ratione
345 2745 491 2827 juvabant.
520 2747 580 2805 Cur
609 2745 742 2825 implevit
769 2755 893 2803 satanas
919 2762 972 2804 cor
1021 2744 1073 2806 Διὰ
1081 2742 1108 2802 τί
1120 2744 1421 2824 δπλήρωαενθσατανᾶς
1435 2742 1482 2817 τὴν
1496 2740 1607 2823 καρδίαν
1622 2744 1797 2816 αουςλίονον·

223 2844 326 2897 mum?
341 2839 472 2898 Feresase
489 2850 587 2918 purgat
598 2836 696 2896 Petrus
707 2835 788 2895 illum
805 2833 969 2915 punitums,
1020 2834 1080 2918 ουχὶ
1098 2836 1269 2915 ἀπολογεῖται
1282 2839 1296 2895 θ
1311 2835 1413 2914 Πίερος
1434 2833 1536 2914 μίλλων
1555 2833 1678 2894 κολάσειν
1705 2832 1794 2906 αὐτὸν,

222 2942 248 2988 et
259 2928 327 2988 alios
349 2928 446 2990 erudit.
463 2929 535 3002 Quia
552 2928 624 2990 enim
640 2930 763 2989 futurum
786 2938 854 3007 era't,
867 2941 900 2988 ut
918 2928 971 2990 hoc
1020 2927 1065 2987 καὶ
1080 2924 1140 2996 τοὺς
1147 2925 1241 2993 ἄλλους
1254 2926 1382 2987 παιδεύει.
1391 2925 1503 2999 Ἐπειδὴ
1515 2926 1568 3007 γάρ
1581 2923 1683 3008 σφόδρα
1696 2947 1794 3006 φορτι-

223 3020 304 3079 valde
317 3020 417 3080 durum
431 3035 581 3103 appareret,
596 3019 658 3080 ideo
674 3021 702 3079 in
717 3019 796 3078 illum
810 3033 838 3080 et
853 3019 882 3080 in
895 3041 969 3082 uxo-
1020 3020 1066 3081 κδν
1076 3018 1172 3098 ἔμελλε
1190 3019 1327 3100 φαίνεσθαι
1343 3020 1373 3079 τδ
1391 3017 1539 3099 γενόμενον,
1552 3017 1595 3078 διὰ
1609 3017 1731 3091 δὴτοῦτο
1745 3015 1792 3077 καί

223 3137 281 3174 rem
295 3115 463 3176 tremendum
477 3129 583 3176 exercet
593 3114 739 3196 judicium.
751 3113 782 3175 Si
800 3127 892 3174 autem
904 3136 971 3175 am-
1021 3113 1064 3172 irr'
1080 3110 1261 3173 admiratione
1281 3110 1327 3172 καὶ
1341 3111 1384 3172 leel
1398 3114 1447 3183 τῇς
1459 3111 1581 3193 γυναικδς
1600 3110 1711 3192 ροόερδν
1723 3117 1797 3172 ποιεῖ

222 3208 283 3286 ίιυε,
298 3208 347 3287 qni
362 3206 585 3268 irremissibiliter
597 3218 783 3288 peccaverant,
799 3226 853 3266 non
867 3205 916 3266 tali
929 3205 970 3265 al·
987 3217 1006 3266 c
1021 3204 1053 3265 τδ
1064 3202 1318 3285 δικαστήριονΕίδὲ
1330 3202 1503 3283 ἄσόγγνωστα
1513 3202 1679 3284 ἁμαρτόντας
1689 3202 1728 3283 μὴ
1740 3227 1796 3264 τοι·

222 3299 424 3380 seeissetpoena,
439 3311 556 3378 quantus
575 3298 641 3358 hinc
655 3295 707 3357 Dei
723 3310 874 3363 contemtus
893 3296 971 3357 lutu-
1023 3296 1104 3369 αθτην
1126 3299 1202 3370 δίκην
1224 3295 1360 3376 ἀπῇτησεν
1381 3295 1558 3380 άμρατίρους,
1582 3295 1652 3369 πόση
1676 3299 1795 3356 ἐντεῦθεν

223 3414 270 3453 rus
282 3394 359 3453 erat?
373 3392 455 3466 Quod
474 3407 565 3454 autem
578 3391 639 3453 ideo
653 3389 693 3452 sic
707 3391 810 3452 iactum
822 3389 874 3468 sit,
887 3391 972 3471 liquet
1022 3389 1216 3474 καταφρόνησις
1225 3392 1296 3452 Θεοῦ
1305 3392 1352 3449 οὐκ
1366 3390 1397 3448 δν
1408 3388 1512 3471 γέγονεν
1517 3413 1526 3462 ;
1539 3388 1605 3453 Ὅτι
1618 3387 1646 3450 δδ
1656 3387 1798 3459 toronen,

225 3505 260 3544 ex
274 3505 314 3560 oo,
331 3484 406 3564 quod
420 3505 472 3544 non
492 3474 584 3544 statim
596 3482 633 3543 ad
644 3482 776 3542 ultionem
795 3482 910 3560 venerit,
925 3481 972 3543 sed
1024 3484 1103 3555 δῆλον
1116 3484 1169 3544 ἀπὸ
1182 3487 1229 3544 τοῦ
1244 3481 1282 3563 μὴ
1297 3481 1390 3550 εθθίως
1404 3481 1447 3542 ἐπί
1462 3481 1593 3563 τιμωρίαν
1609 3484 1702 3558 ἐλθεῖν,
1726 3482 1798 3543 ἀλλά

225 3576 315 3658 primo
329 3589 468 3657 peceatum
489 3574 620 3636 ostendat.
635 3573 715 3635 Unde
733 3595 811 3634 nemo
830 3575 971 3655 ingemuit,
1025 3575 1107 3645 δεῖξαι
1118 3579 1222 3656 πρῶτον
1236 3575 1285 3649 riv
1299 3575 1441 3657 ἁμαρτίαν.
1455 3573 1537 3636 Ὅθεν
1554 3574 1639 3644 οὐδεὶς
1650 3573 1799 3650 ἐστίναξιν,

195 3723 197 3726 ,
227 3667 448 3750 nemoejnlavit;
461 3666 610 3728 sedomnes
624 3666 748 3728 exterriti
766 3679 836 3727 sunt.
849 3669 973 3729 Jureau·
1024 3666 1474 3750 ὀὐδείςᾶνῴμωξεηάλλδπάντες
1487 3668 1663 3749 ἔφοόνίθησαν.
1678 3668 1799 3736 Εἰκότως

227 3761 365 3840 tem,quia
375 3759 442 3820 fides
452 3760 562 3821 illorum
572 3760 731 3841 augebatur,
740 3759 817 3840 signa
826 3760 906 3841 plura
913 3759 973 3821 ede·
1026 3760 1068 3834 δὲ,
1078 3763 1125 3833 τῇς
1139 3760 1254 3829 πίστεως
1267 3762 1351 3820 αὐτῶν
1365 3761 1574 3840 ἐπετεινομίνης,
1593 3760 1638 3821 καί
1647 3759 1682 3821 τά
1695 3771 1797 3841 σημεῖα

226 3850 335 3929 bantur,
349 3865 375 3912 et
390 3852 484 3933 ingens
500 3853 574 3933 apud
588 3872 651 3912 suos
664 3864 752 3911 metus
765 3865 832 3927 erat,
843 3851 908 3931 quia
919 3871 972 3913 non
1024 3851 1109 3912 πλείω
1130 3851 1241 3931 ἐγίνετο,
1263 3852 1309 3912 καλ
1328 3852 1408 3921 πολὺς
1429 3853 1474 3912 καί
1498 3852 1572 3935 παρὰ
1591 3861 1646 3920 τοῖς
1662 3852 1770 3921 οἰκείοις
1785 3857 1800 3913 ό

228 3945 266 4006 sic
280 3958 391 4006 externa
404 3965 452 4005 nos
472 3945 584 4006 titrbant
598 3957 628 4003 ut
645 3942 800 4004 domestica.
814 3944 846 4005 Si
859 3966 922 4025 ergo
935 3946 973 4006 si·
1024 3942 1103 4024 ράόος
1119 3936 1163 4017 ἦν,
1185 3943 1276 4016 ἐπειδὴ
1289 3945 1338 4026 οὐχ
1350 3943 1420 4003 οὕτω
1439 3944 1473 4002 τά
1487 3951 1540 4005 τῶν
1555 3946 1648 4013 ἔξωθεν
1663 3950 1737 4024 ἡμᾶς
1752 3951 1798 4005 θο·

228 4060 290 4099 mus
303 4051 398 4099 mutuo
412 4036 558 4118 conjuncti,
569 4034 848 4096 nemonohisbellnm
859 4036 971 4116 inferet,
1027 4035 1112 4117 ρυόεῖ,
1131 4039 1167 4102 ὡς
1178 4034 1212 4094 τά
1230 4040 1283 4095 τῶν
1298 4034 1410 4095 οἰκείων.
1422 4031 1468 4096 Ἂν
1482 4027 1526 4095 οὖν
1540 4025 1612 4116 ὦμεν
1631 4038 1698 4118 πρὸς
1716 4035 1800 4109 άλλή-

229 4133 270 4192 sin
283 4146 376 4192 eontra
389 4130 578 4206 dissideamus,
588 4149 681 4192 omnes
693 4148 743 4190 nos
755 4129 892 4191 invadent.
903 4129 975 4189 Hinc
1024 4130 1086 4195 λους
1107 4128 1357 4210 συγκεκροτημένοι,
1376 4129 1458 4196 οὐδεὶς
1474 4128 1548 4188 ἔσται
1567 4134 1630 4208 ἡμῖν
1655 4130 1800 4208 πολεμῗιυ·

229 4224 273 4284 illi
285 4245 348 4284 cum
368 4224 470 4283 fiducia
484 4237 510 4284 et
524 4223 649 4283 libertate
663 4221 691 4281 in
705 4221 811 4297 lorum,
828 4235 855 4281 et
873 4222 902 4282 in
917 4242 975 4283 me-
991 4225 1011 4272 ί)
1025 4219 1131 4303 ὥσπερ,
1155 4220 1186 4280 δν
1209 4224 1255 4281 ἀπ’
1281 4223 1404 4294 ἀλλήλων
1431 4221 1608 4301 διιστάμεθα,
1632 4220 1664 4280 τδ
1681 4220 1801 4282 ἐναντίον

230 4316 308 4376 dium
324 4316 495 4376 inimicorum
508 4337 536 4376 se
550 4315 720 4376 conferebant
733 4327 759 4373 et
773 4312 957 4396 praevalebant
963 4338 973 4394 3
1026 4312 1123 4382 πάντες
1133 4319 1197 4392 ἡμῖν
1207 4313 1385 4387 ἕπεθησονται.
1398 4313 1461 4375 'lind
1472 4315 1563 4376 τούτου
1577 4319 1695 4376 κάκεῖνοι
1705 4313 1800 4376 λοιτδν

80 4427 149 4472 Ριαι.
167 4437 220 4487 199.
231 4409 445 4492 implebaturque
463 4407 567 4468 dictum
586 4405 658 4466 illud
670 4430 677 4464 ε
690 4408 854 4466 Dominare
866 4409 898 4464 in
917 4427 976 4466 me-
1027 4407 1162 4487 ἐθάρῥουν,
1176 4405 1221 4467 καί
1234 4405 1462 4488 μετδπαρῥησίας
1474 4408 1520 4468 καὶ
1531 4409 1567 4477 εἰς
1581 4407 1679 4490 ἀγοράν
1692 4406 1801 4469 attat·

79 4502 102 4533 ²·
231 4504 281 4562 dio
300 4505 486 4561 inimicorum
508 4515 633 4563 tuorum.
647 4498 706 4558 Hoc
718 4497 828 4579 majoris
843 4512 900 4559 erat
918 4498 976 4561 vir·
1027 4502 1082 4572 λον,
1094 4499 1139 4557 καί
1149 4502 1176 4559 ἐν
1191 4501 1265 4581 μέσῳ
1274 4504 1326 4559 τῶν
1341 4503 1441 4582 ἐχθρῶν
1450 4500 1496 4559 καί
1504 4499 1645 4583 ἐκράτουν·
1657 4500 1703 4560 καὶ
1717 4503 1801 4574 θπλη-

231 4595 297 4657 tutis
309 4592 450 4669 indicium,
459 4591 533 4670 quod
543 4590 653 4668 detenti,
661 4589 758 4665 uncti,
768 4589 833 4650 talia
846 4591 972 4652 iacerent.
1030 4597 1107 4672 ροῦτο
1133 4591 1269 4651 incisori
1293 4592 1440 4671 εἰρημένω,
1471 4592 1651 4676 [ίατακυρίευε
1674 4595 1701 4652 ἐν
1725 4592 1802 4673 μίσιρ

229 4688 260 4748 Si
275 4707 340 4768 ergo
359 4686 390 4764 ii,
403 4685 451 4764 qni
467 4684 572 4744 mentiti
592 4685 708 4760 fuerant,
725 4682 789 4742 talia
802 4681 875 4765 passi
888 4698 972 4763 sunt,
1027 4687 1081 4743 τῶν
1093 4681 1215 4764 ῐ’ἐχθρῶν
1230 4706 1290 4745 σου·
1306 4684 1320 4744 δ
1333 4685 1379 4744 καί
1391 4685 1507 4764 μείζονος
1519 4687 1649 4756 ἀπόδειξις
1662 4686 1802 4764 δυνάμιας

228 4777 297 4858 quid
310 4799 363 4838 non
376 4777 514 4860 patientur
531 4773 561 4851 ii,
574 4773 620 4852 qui
634 4772 774 4855 pejerent?
788 4773 848 4834 Iino
869 4773 892 4833 si
913 4795 974 4834 mn·
1027 4767 1069 4850 ἦν,
1081 4773 1121 4835 ότι
1134 4774 1322 4856 κατεχόμενοι,
1336 4777 1524 4854 δεσμούμενοι,
1534 4782 1645 4837 τοιαῦτα
1658 4776 1801 4857 ἔτραπον.

228 4868 288 4946 lier,
303 4868 377 4948 quod
389 4866 497 4942 dixerit,
507 4868 610 4927 Etiam
632 4868 709 4924 tanti
714 4909 724 4937 ,
738 4864 871 4944 ejusmodi
880 4885 974 4946 poenas
1026 4871 1060 4929 El
1079 4858 1122 4927 oio
1136 4869 1161 4928 υί
1181 4866 1259 4947 μόνον
1281 4868 1441 4949 ψευσάμενοι
1463 4873 1574 4929 τοιαῦτα
1596 4868 1702 4943 ἔπαθον,
1716 4866 1801 4929 οίιισλ

228 4960 314 5040 dedit,
326 4983 375 5022 nec
387 4959 483 5042 elingit
498 4984 505 5018 ι
518 4957 631 5040 cogitate
641 4976 695 5036 quo
707 4956 765 5017 sitis
777 4976 826 5019 vos
838 4958 973 5040 supplicio
1025 4961 1205 5040 incapacitate
1225 4959 1251 5019 τί
1269 4963 1299 5019 οὗ
1316 4959 1466 5038 πείσονται,
1490 4962 1600 5021 Μᾶλλον
1615 4957 1644 5020 δί
1662 4963 1687 5021 εί
1706 4960 1800 5029 ἁπλῶς

259 5188 269 5213 ²
281 5173 328 5224 Alii
339 5177 406 5233 οθθείς
417 5179 504 5239 ᾤμωξε.
1069 5172 1082 5208 b
1094 5169 1141 5220 Αίίί
1152 5176 1239 5242 ίχθρῶν
1251 5194 1297 5224 σου.
1311 5179 1378 5225 τοῦτο
1388 5179 1474 5237 μείζων
1485 5176 1583 5238 deleaute.
