<?xml version="1.0" encoding="UTF-8"?>
<!DOCTYPE html PUBLIC "-//W3C//DTD XHTML 1.0 Transitional//EN"
    "http://www.w3.org/TR/xhtml1/DTD/xhtml1-transitional.dtd">
<html xmlns="http://www.w3.org/1999/xhtml" xml:lang="en" lang="en">
 <head>
  <title>
</title>
<meta http-equiv="Content-Type" content="text/html;charset=utf-8" />
  <meta name='ocr-system' content='tesseract 3.04.00' />
  <meta name='ocr-capabilities' content='ocr_page ocr_carea ocr_par ocr_line ocrx_word'/>
</head>
<body>
  <div class='ocr_page' id='page_1' title='image "./sanctipatrisnos01chrygoog/sanctipatrisnos01chrygoog_0996.png"; bbox 0 0 3742 5970; ppageno 0'>
   <div class='ocr_carea' id='block_1_1' title="bbox 287 436 1145 539">
    <p class='ocr_par' dir='ltr' id='par_1_1' title="bbox 287 436 1145 539">
     <span class='ocr_line' id='line_1_1' title="bbox 287 436 1145 539; baseline 0 -34"><span class='ocrx_word' id='word_1_1' title='bbox 287 436 362 539; x_wconf 81' lang='lat'>966</span> <span class='ocrx_word' id='word_1_2' title='bbox 1012 456 1145 506; x_wconf 80' lang='grc' dir='ltr'><strong>ευυιιιι.</strong></span> 
     </span>
    </p>
   </div>
   <div class='ocr_carea' id='block_1_2' title="bbox 134 581 1853 5355">
    <p class='ocr_par' dir='ltr' id='par_1_2' title="bbox 134 581 1853 5355">
     <span class='ocr_line' id='line_1_2' title="bbox 283 581 1852 669; baseline 0 -22"><span class='ocrx_word' id='word_1_3' title='bbox 283 602 361 669; x_wconf 81' lang='lat' dir='ltr'>cepta</span> <span class='ocrx_word' id='word_1_4' title='bbox 373 607 435 667; x_wconf 77' lang='lat' dir='ltr'>quaa</span> <span class='ocrx_word' id='word_1_5' title='bbox 453 583 505 645; x_wconf 75' lang='lat' dir='ltr'>tilii</span> <span class='ocrx_word' id='word_1_6' title='bbox 523 596 619 645; x_wconf 91' lang='lat' dir='ltr'>mutuo</span> <span class='ocrx_word' id='word_1_7' title='bbox 632 582 783 646; x_wconf 82' lang='lat' dir='ltr'>cohaerent:</span> <span class='ocrx_word' id='word_1_8' title='bbox 797 583 846 665; x_wconf 84' lang='lat' dir='ltr'>qui</span> <span class='ocrx_word' id='word_1_9' title='bbox 860 606 945 645; x_wconf 91' lang='lat' dir='ltr'>unum</span> <span class='ocrx_word' id='word_1_10' title='bbox 961 584 1026 645; x_wconf 87' lang='lat' dir='ltr'>itto-</span> <span class='ocrx_word' id='word_1_11' title='bbox 1079 584 1145 667; x_wconf 76' lang='lat' dir='ltr'>reple</span> <span class='ocrx_word' id='word_1_12' title='bbox 1162 582 1207 644; x_wconf 77' lang='grc' dir='ltr'>τὸν</span> <span class='ocrx_word' id='word_1_13' title='bbox 1222 582 1349 659; x_wconf 88' lang='grc' dir='ltr'>πλησίον,</span> <span class='ocrx_word' id='word_1_14' title='bbox 1364 581 1410 646; x_wconf 84' lang='grc' dir='ltr'>δύο</span> <span class='ocrx_word' id='word_1_15' title='bbox 1424 584 1530 646; x_wconf 73' lang='grc' dir='ltr'>ἀντολαὶ</span> <span class='ocrx_word' id='word_1_16' title='bbox 1544 583 1673 658; x_wconf 70' lang='grc' dir='ltr'><strong>ἀλλήλοιιν</strong></span> <span class='ocrx_word' id='word_1_17' title='bbox 1689 586 1852 666; x_wconf 76' lang='grc' dir='ltr'>ίχύρενσι·ί</span> 
     </span>
     <span class='ocr_line' id='line_1_3' title="bbox 283 657 1853 746; baseline -0.002 -19"><span class='ocrx_word' id='word_1_18' title='bbox 283 666 605 729; x_wconf 83' lang='lat' dir='ltr'>rumlrabetetalterum</span> <span class='ocrx_word' id='word_1_19' title='bbox 621 665 741 739; x_wconf 91' lang='lat' dir='ltr'>minime,</span> <span class='ocrx_word' id='word_1_20' title='bbox 753 665 798 724; x_wconf 78' lang='lat' dir='ltr'>hic</span> <span class='ocrx_word' id='word_1_21' title='bbox 809 686 858 725; x_wconf 92' lang='lat' dir='ltr'>nec</span> <span class='ocrx_word' id='word_1_22' title='bbox 869 664 940 725; x_wconf 89' lang='lat' dir='ltr'>illud</span> <span class='ocrx_word' id='word_1_23' title='bbox 951 662 1027 745; x_wconf 84' lang='lat' dir='ltr'>quod</span> <span class='ocrx_word' id='word_1_24' title='bbox 1079 662 1149 743; x_wconf 65' lang='grc' dir='ltr'>ἀγων</span> <span class='ocrx_word' id='word_1_25' title='bbox 1172 662 1236 741; x_wconf 88' lang='grc' dir='ltr'>μίαν</span> <span class='ocrx_word' id='word_1_26' title='bbox 1255 663 1371 733; x_wconf 90' lang='grc' dir='ltr'>τούτων,</span> <span class='ocrx_word' id='word_1_27' title='bbox 1392 663 1443 737; x_wconf 72' lang='grc' dir='ltr'>τὴν</span> <span class='ocrx_word' id='word_1_28' title='bbox 1464 664 1494 724; x_wconf 80' lang='grc' dir='ltr'>δὲ</span> <span class='ocrx_word' id='word_1_29' title='bbox 1509 664 1597 738; x_wconf 82' lang='grc' dir='ltr'>ἀλλην</span> <span class='ocrx_word' id='word_1_30' title='bbox 1617 669 1666 725; x_wconf 87' lang='grc' dir='ltr'>ούκ</span> <span class='ocrx_word' id='word_1_31' title='bbox 1680 667 1765 746; x_wconf 67' lang='grc' dir='ltr'><strong>ἔχων,</strong></span> <span class='ocrx_word' id='word_1_32' title='bbox 1786 657 1853 735; x_wconf 72' lang='grc' dir='ltr'>οὗτος</span> 
     </span>
     <span class='ocr_line' id='line_1_4' title="bbox 284 735 1852 848; baseline -0.002 -41"><span class='ocrx_word' id='word_1_33' title='bbox 284 746 393 807; x_wconf 78' lang='lat' dir='ltr'>videtur</span> <span class='ocrx_word' id='word_1_34' title='bbox 405 745 504 805; x_wconf 89' lang='lat' dir='ltr'>habere</span> <span class='ocrx_word' id='word_1_35' title='bbox 517 743 644 825; x_wconf 79' lang='lat' dir='ltr'>possidet.</span> <span class='ocrx_word' id='word_1_36' title='bbox 657 746 696 804; x_wconf 93' lang='lat' dir='ltr'>Ut</span> <span class='ocrx_word' id='word_1_37' title='bbox 709 745 781 804; x_wconf 91' lang='lat' dir='ltr'>enim</span> <span class='ocrx_word' id='word_1_38' title='bbox 794 746 884 806; x_wconf 80' lang='lat' dir='ltr'>anima</span> <span class='ocrx_word' id='word_1_39' title='bbox 895 746 953 805; x_wconf 84' lang='lat' dir='ltr'>sine</span> <span class='ocrx_word' id='word_1_40' title='bbox 963 764 1026 803; x_wconf 88' lang='lat' dir='ltr'>eor-</span> <span class='ocrx_word' id='word_1_41' title='bbox 1079 744 1138 802; x_wconf 80' lang='lat' dir='ltr'>ottt</span> <span class='ocrx_word' id='word_1_42' title='bbox 1151 743 1183 815; x_wconf 76' lang='grc' dir='ltr'>ἣν</span> <span class='ocrx_word' id='word_1_43' title='bbox 1196 745 1267 802; x_wconf 79' lang='grc' dir='ltr'>δοκεῖ</span> <span class='ocrx_word' id='word_1_44' title='bbox 1279 742 1350 824; x_wconf 77' lang='grc' dir='ltr'>ίχειν</span> <span class='ocrx_word' id='word_1_45' title='bbox 1363 742 1502 818; x_wconf 88' lang='grc' dir='ltr'>ιιίκτηται.</span> <span class='ocrx_word' id='word_1_46' title='bbox 1514 744 1564 812; x_wconf 77' lang='grc' dir='ltr'>Ὦς</span> <span class='ocrx_word' id='word_1_47' title='bbox 1576 735 1717 848; x_wconf 60' lang='grc' dir='ltr'>γάργίμσγί,</span> <span class='ocrx_word' id='word_1_48' title='bbox 1732 747 1793 805; x_wconf 83' lang='grc' dir='ltr'>ἀνευ</span> <span class='ocrx_word' id='word_1_49' title='bbox 1806 748 1852 804; x_wconf 85' lang='grc' dir='ltr'>σιίι·</span> 
     </span>
     <span class='ocr_line' id='line_1_5' title="bbox 284 824 1851 907; baseline 0 -22"><span class='ocrx_word' id='word_1_50' title='bbox 284 846 350 907; x_wconf 91' lang='lat' dir='ltr'>pore</span> <span class='ocrx_word' id='word_1_51' title='bbox 368 847 420 885; x_wconf 89' lang='lat' dir='ltr'>non</span> <span class='ocrx_word' id='word_1_52' title='bbox 441 838 554 884; x_wconf 82' lang='lat' dir='ltr'>vocatur</span> <span class='ocrx_word' id='word_1_53' title='bbox 574 824 673 900; x_wconf 77' lang='lat' dir='ltr'>leomo;</span> <span class='ocrx_word' id='word_1_54' title='bbox 691 845 776 903; x_wconf 88' lang='lat' dir='ltr'>neque</span> <span class='ocrx_word' id='word_1_55' title='bbox 798 846 906 884; x_wconf 90' lang='lat' dir='ltr'>rursum</span> <span class='ocrx_word' id='word_1_56' title='bbox 930 843 976 883; x_wconf 90' lang='lat' dir='ltr'>cor</span> <span class='ocrx_word' id='word_1_57' title='bbox 997 844 1027 883; x_wconf 88' lang='lat' dir='ltr'>us</span> <span class='ocrx_word' id='word_1_58' title='bbox 1079 845 1162 897; x_wconf 96' lang='grc' dir='ltr'>ματος</span> <span class='ocrx_word' id='word_1_59' title='bbox 1184 825 1214 881; x_wconf 87' lang='grc' dir='ltr'>ού</span> <span class='ocrx_word' id='word_1_60' title='bbox 1234 824 1355 883; x_wconf 87' lang='grc' dir='ltr'>καλεῖται</span> <span class='ocrx_word' id='word_1_61' title='bbox 1376 824 1528 905; x_wconf 77' lang='grc' dir='ltr'>ἄνθρωπος,</span> <span class='ocrx_word' id='word_1_62' title='bbox 1544 826 1602 897; x_wconf 75' lang='grc' dir='ltr'>οὐδ’</span> <span class='ocrx_word' id='word_1_63' title='bbox 1617 847 1650 881; x_wconf 91' lang='grc' dir='ltr'>αυ</span> <span class='ocrx_word' id='word_1_64' title='bbox 1673 827 1757 884; x_wconf 84' lang='grc' dir='ltr'>πάλιν</span> <span class='ocrx_word' id='word_1_65' title='bbox 1780 829 1851 903; x_wconf 78' lang='grc' dir='ltr'>σῶμα</span> 
     </span>
     <span class='ocr_line' id='line_1_6' title="bbox 284 845 1851 986; baseline 0 -23"><span class='ocrx_word' id='word_1_66' title='bbox 284 905 343 963; x_wconf 84' lang='lat' dir='ltr'>sine</span> <span class='ocrx_word' id='word_1_67' title='bbox 355 903 510 964; x_wconf 76' lang='lat' dir='ltr'>anima2sic</span> <span class='ocrx_word' id='word_1_68' title='bbox 523 924 572 963; x_wconf 94' lang='lat' dir='ltr'>nec</span> <span class='ocrx_word' id='word_1_69' title='bbox 586 903 791 977; x_wconf 87' lang='lat' dir='ltr'>amorDei,nisi</span> <span class='ocrx_word' id='word_1_70' title='bbox 803 903 962 986; x_wconf 83' lang='lat' dir='ltr'>adjunctum</span> <span class='ocrx_word' id='word_1_71' title='bbox 976 845 1027 961; x_wconf 76' lang='lat' dir='ltr'>la·</span> <span class='ocrx_word' id='word_1_72' title='bbox 1079 902 1141 961; x_wconf 85' lang='grc' dir='ltr'>άνευ</span> <span class='ocrx_word' id='word_1_73' title='bbox 1154 904 1260 982; x_wconf 53' lang='lat' dir='ltr'>tarje·</span> <span class='ocrx_word' id='word_1_74' title='bbox 1274 900 1358 969; x_wconf 86' lang='grc' dir='ltr'>ούτως</span> <span class='ocrx_word' id='word_1_75' title='bbox 1370 903 1431 964; x_wconf 70' lang='lat' dir='ltr'>etat</span> <span class='ocrx_word' id='word_1_76' title='bbox 1455 903 1548 982; x_wconf 90' lang='grc' dir='ltr'>ἀγάπη</span> <span class='ocrx_word' id='word_1_77' title='bbox 1564 902 1633 984; x_wconf 79' lang='grc' dir='ltr'>πρὸς</span> <span class='ocrx_word' id='word_1_78' title='bbox 1653 906 1739 977; x_wconf 77' lang='grc' dir='ltr'>θεὸν,</span> <span class='ocrx_word' id='word_1_79' title='bbox 1762 904 1808 964; x_wconf 71' lang='lat' dir='ltr'>tau</span> <span class='ocrx_word' id='word_1_80' title='bbox 1820 907 1851 981; x_wconf 75' lang='grc' dir='ltr'>μί,</span> 
     </span>
     <span class='ocr_line' id='line_1_7' title="bbox 286 926 1851 1064; baseline 0 -21"><span class='ocrx_word' id='word_1_81' title='bbox 286 983 481 1044; x_wconf 82' lang='lat' dir='ltr'>beatamorem</span> <span class='ocrx_word' id='word_1_82' title='bbox 495 983 625 1064; x_wconf 81' lang='lat' dir='ltr'>proximi,</span> <span class='ocrx_word' id='word_1_83' title='bbox 638 996 741 1042; x_wconf 79' lang='lat' dir='ltr'>nonest</span> <span class='ocrx_word' id='word_1_84' title='bbox 755 1004 879 1059; x_wconf 76' lang='lat' dir='ltr'>amor3n</span> <span class='ocrx_word' id='word_1_85' title='bbox 916 1004 949 1041; x_wconf 91' lang='lat' dir='ltr'>ue</span> <span class='ocrx_word' id='word_1_86' title='bbox 963 1002 1026 1040; x_wconf 88' lang='lat' dir='ltr'>rur-</span> <span class='ocrx_word' id='word_1_87' title='bbox 1077 978 1127 1061; x_wconf 65' lang='grc' dir='ltr'>ίγη</span> <span class='ocrx_word' id='word_1_88' title='bbox 1144 926 1402 1054; x_wconf 75' lang='grc' dir='ltr'>ἀκολουάονκαὶτλν</span> <span class='ocrx_word' id='word_1_89' title='bbox 1421 982 1467 1041; x_wconf 73' lang='grc' dir='ltr'>π’</span> <span class='ocrx_word' id='word_1_90' title='bbox 1500 983 1674 1055; x_wconf 74' lang='grc' dir='ltr'>τὀνπλησίον</span> <span class='ocrx_word' id='word_1_91' title='bbox 1690 985 1814 1062; x_wconf 90' lang='grc' dir='ltr'>ἀγάπην,</span> <span class='ocrx_word' id='word_1_92' title='bbox 1827 990 1851 1043; x_wconf 69' lang='grc' dir='ltr'>σί</span> 
     </span>
     <span class='ocr_line' id='line_1_8' title="bbox 285 1004 1850 1161; baseline -0.001 -38"><span class='ocrx_word' id='word_1_93' title='bbox 285 1083 346 1122; x_wconf 79' lang='lat' dir='ltr'>aum</span> <span class='ocrx_word' id='word_1_94' title='bbox 361 1084 439 1123; x_wconf 87' lang='lat' dir='ltr'>amor</span> <span class='ocrx_word' id='word_1_95' title='bbox 456 1062 586 1145; x_wconf 83' lang='lat' dir='ltr'>proximi,</span> <span class='ocrx_word' id='word_1_96' title='bbox 600 1061 650 1121; x_wconf 89' lang='lat' dir='ltr'>nisi</span> <span class='ocrx_word' id='word_1_97' title='bbox 666 1061 700 1121; x_wconf 85' lang='lat' dir='ltr'>sit</span> <span class='ocrx_word' id='word_1_98' title='bbox 719 1083 780 1121; x_wconf 91' lang='lat' dir='ltr'>cum</span> <span class='ocrx_word' id='word_1_99' title='bbox 801 1004 966 1135; x_wconf 46' lang='grc' dir='ltr'>αιιιοτέίίλεὶ,</span> <span class='ocrx_word' id='word_1_100' title='bbox 978 1082 1027 1121; x_wconf 89' lang='lat' dir='ltr'>ro·</span> <span class='ocrx_word' id='word_1_101' title='bbox 1041 1064 1061 1114; x_wconf 81' lang='lat' dir='ltr'><strong>G</strong></span> <span class='ocrx_word' id='word_1_102' title='bbox 1078 1062 1204 1161; x_wconf 57' lang='grc' dir='ltr'>τυγχάνει</span> <span class='ocrx_word' id='word_1_103' title='bbox 1219 1062 1310 1137; x_wconf 88' lang='grc' dir='ltr'>ἀγάπη</span> <span class='ocrx_word' id='word_1_104' title='bbox 1325 1084 1332 1098; x_wconf 92' lang='grc'>·</span> <span class='ocrx_word' id='word_1_105' title='bbox 1346 1063 1400 1121; x_wconf 80' lang='grc' dir='ltr'>οὐδ’</span> <span class='ocrx_word' id='word_1_106' title='bbox 1419 1086 1451 1121; x_wconf 88' lang='grc' dir='ltr'>αυ</span> <span class='ocrx_word' id='word_1_107' title='bbox 1466 1062 1549 1120; x_wconf 85' lang='grc' dir='ltr'>πάλιν</span> <span class='ocrx_word' id='word_1_108' title='bbox 1569 1067 1588 1133; x_wconf 77' lang='grc' dir='ltr'><strong>ἡ</strong></span> <span class='ocrx_word' id='word_1_109' title='bbox 1607 1061 1674 1141; x_wconf 77' lang='grc' dir='ltr'>πρὸς</span> <span class='ocrx_word' id='word_1_110' title='bbox 1687 1065 1733 1122; x_wconf 75' lang='grc' dir='ltr'>τὸν</span> <span class='ocrx_word' id='word_1_111' title='bbox 1747 1063 1850 1134; x_wconf 82' lang='grc' dir='ltr'>πλησίον</span> 
     </span>
     <span class='ocr_line' id='line_1_9' title="bbox 285 1138 1851 1241; baseline 0.001 -40"><span class='ocrx_word' id='word_1_112' title='bbox 285 1155 363 1201; x_wconf 85' lang='lat' dir='ltr'>catur</span> <span class='ocrx_word' id='word_1_113' title='bbox 382 1164 466 1202; x_wconf 88' lang='lat' dir='ltr'>amor.</span> <span class='ocrx_word' id='word_1_114' title='bbox 479 1141 544 1201; x_wconf 87' lang='lat' dir='ltr'>ldeo</span> <span class='ocrx_word' id='word_1_115' title='bbox 559 1162 620 1200; x_wconf 91' lang='lat' dir='ltr'>raro</span> <span class='ocrx_word' id='word_1_116' title='bbox 640 1141 777 1201; x_wconf 88' lang='lat' dir='ltr'>invenitur</span> <span class='ocrx_word' id='word_1_117' title='bbox 837 1143 905 1202; x_wconf 88' lang='lat' dir='ltr'>lecta</span> <span class='ocrx_word' id='word_1_118' title='bbox 920 1142 1025 1201; x_wconf 74' lang='lat' dir='ltr'>caritas</span> <span class='ocrx_word' id='word_1_119' title='bbox 1078 1142 1185 1217; x_wconf 86' lang='grc' dir='ltr'>ἀγαπη,</span> <span class='ocrx_word' id='word_1_120' title='bbox 1196 1138 1241 1199; x_wconf 73' lang='lat' dir='ltr'>llo</span> <span class='ocrx_word' id='word_1_121' title='bbox 1255 1140 1293 1219; x_wconf 75' lang='grc' dir='ltr'>μὴ</span> <span class='ocrx_word' id='word_1_122' title='bbox 1311 1139 1361 1241; x_wconf 69' lang='grc' dir='ltr'>ίγη</span> <span class='ocrx_word' id='word_1_123' title='bbox 1375 1141 1425 1213; x_wconf 67' lang='grc' dir='ltr'>τὴν</span> <span class='ocrx_word' id='word_1_124' title='bbox 1438 1141 1504 1221; x_wconf 75' lang='grc' dir='ltr'>πρὸς</span> <span class='ocrx_word' id='word_1_125' title='bbox 1518 1141 1563 1200; x_wconf 77' lang='grc' dir='ltr'>τὸν</span> <span class='ocrx_word' id='word_1_126' title='bbox 1579 1141 1671 1216; x_wconf 81' lang='grc' dir='ltr'>Θεὸν,</span> <span class='ocrx_word' id='word_1_127' title='bbox 1690 1145 1721 1201; x_wconf 77' lang='lat' dir='ltr'>ot</span> <span class='ocrx_word' id='word_1_128' title='bbox 1739 1146 1851 1202; x_wconf 80' lang='grc' dir='ltr'>καλεῖται</span> 
     </span>
     <span class='ocr_line' id='line_1_10' title="bbox 286 1163 1849 1315; baseline -0.001 -34"><span class='ocrx_word' id='word_1_129' title='bbox 286 1221 409 1281; x_wconf 87' lang='lat' dir='ltr'>Gentiles</span> <span class='ocrx_word' id='word_1_130' title='bbox 427 1222 497 1280; x_wconf 85' lang='lat' dir='ltr'>hanc</span> <span class='ocrx_word' id='word_1_131' title='bbox 512 1220 647 1300; x_wconf 78' lang='lat' dir='ltr'>ignorant,</span> <span class='ocrx_word' id='word_1_132' title='bbox 662 1219 725 1280; x_wconf 89' lang='lat' dir='ltr'>licet</span> <span class='ocrx_word' id='word_1_133' title='bbox 744 1163 888 1282; x_wconf 63' lang='lat' dir='ltr'>vidilicet</span> <span class='ocrx_word' id='word_1_134' title='bbox 905 1240 1026 1281; x_wconf 86' lang='lat' dir='ltr'>amorem</span> <span class='ocrx_word' id='word_1_135' title='bbox 1079 1219 1181 1315; x_wconf 89' lang='grc' dir='ltr'>ἀγάπη.</span> <span class='ocrx_word' id='word_1_136' title='bbox 1201 1219 1251 1279; x_wconf 82' lang='grc' dir='ltr'><strong>Διὸ</strong></span> <span class='ocrx_word' id='word_1_137' title='bbox 1270 1220 1382 1279; x_wconf 86' lang='grc' dir='ltr'>σπανιύν</span> <span class='ocrx_word' id='word_1_138' title='bbox 1404 1223 1475 1281; x_wconf 83' lang='grc' dir='ltr'>ἀστιν</span> <span class='ocrx_word' id='word_1_139' title='bbox 1502 1224 1590 1301; x_wconf 81' lang='grc' dir='ltr'>ιῦρεῖν</span> <span class='ocrx_word' id='word_1_140' title='bbox 1614 1221 1721 1280; x_wconf 85' lang='grc' dir='ltr'>τελείαν</span> <span class='ocrx_word' id='word_1_141' title='bbox 1742 1222 1849 1301; x_wconf 85' lang='grc' dir='ltr'>ἀγάπην.</span> 
     </span>
     <span class='ocr_line' id='line_1_11' title="bbox 286 1294 1850 1381; baseline 0.001 -22"><span class='ocrx_word' id='word_1_142' title='bbox 286 1314 382 1360; x_wconf 90' lang='lat' dir='ltr'>mutuo</span> <span class='ocrx_word' id='word_1_143' title='bbox 395 1301 578 1361; x_wconf 75' lang='lat' dir='ltr'>haberetcum</span> <span class='ocrx_word' id='word_1_144' title='bbox 588 1312 678 1359; x_wconf 89' lang='lat' dir='ltr'>autem</span> <span class='ocrx_word' id='word_1_145' title='bbox 688 1302 776 1359; x_wconf 88' lang='lat' dir='ltr'>Deum</span> <span class='ocrx_word' id='word_1_146' title='bbox 790 1300 922 1381; x_wconf 79' lang='lat' dir='ltr'>ignorent,</span> <span class='ocrx_word' id='word_1_147' title='bbox 933 1301 969 1359; x_wconf 87' lang='lat' dir='ltr'>ab</span> <span class='ocrx_word' id='word_1_148' title='bbox 977 1300 1029 1361; x_wconf 84' lang='lat' dir='ltr'>hac</span> <span class='ocrx_word' id='word_1_149' title='bbox 1078 1294 1208 1370; x_wconf 69' lang='grc' dir='ltr'>Ἕλληνες</span> <span class='ocrx_word' id='word_1_150' title='bbox 1216 1296 1316 1371; x_wconf 87' lang='grc' dir='ltr'>ταύτην</span> <span class='ocrx_word' id='word_1_151' title='bbox 1328 1301 1468 1377; x_wconf 66' lang='grc' dir='ltr'>ἀγνοοῦσι,</span> <span class='ocrx_word' id='word_1_152' title='bbox 1482 1299 1533 1357; x_wconf 84' lang='grc' dir='ltr'>κάν</span> <span class='ocrx_word' id='word_1_153' title='bbox 1547 1302 1665 1359; x_wconf 84' lang='grc' dir='ltr'>δοκῶσιν</span> <span class='ocrx_word' id='word_1_154' title='bbox 1682 1305 1721 1367; x_wconf 84' lang='grc' dir='ltr'>εἰς</span> <span class='ocrx_word' id='word_1_155' title='bbox 1731 1304 1850 1373; x_wconf 64' lang='grc' dir='ltr'>ἀλληλοις</span> 
     </span>
     <span class='ocr_line' id='line_1_12' title="bbox 286 1374 1850 1459; baseline 0.003 -22"><span class='ocrx_word' id='word_1_156' title='bbox 286 1380 367 1439; x_wconf 86' lang='lat' dir='ltr'>alieni</span> <span class='ocrx_word' id='word_1_157' title='bbox 390 1394 461 1440; x_wconf 86' lang='lat' dir='ltr'>sunt.</span> <span class='ocrx_word' id='word_1_158' title='bbox 476 1378 563 1441; x_wconf 70' lang='lat' dir='ltr'>ludaei</span> <span class='ocrx_word' id='word_1_159' title='bbox 584 1379 648 1438; x_wconf 91' lang='lat' dir='ltr'>licet</span> <span class='ocrx_word' id='word_1_160' title='bbox 667 1378 838 1440; x_wconf 89' lang='lat' dir='ltr'>dilectionem</span> <span class='ocrx_word' id='word_1_161' title='bbox 860 1394 955 1439; x_wconf 88' lang='lat' dir='ltr'>mutuo</span> <span class='ocrx_word' id='word_1_162' title='bbox 976 1380 1026 1439; x_wconf 85' lang='lat' dir='ltr'>ha·</span> <span class='ocrx_word' id='word_1_163' title='bbox 1077 1374 1149 1459; x_wconf 88' lang='grc' dir='ltr'><strong>ίχιιν</strong></span> <span class='ocrx_word' id='word_1_164' title='bbox 1163 1377 1344 1456; x_wconf 60' lang='lat' dir='ltr'>&amp;pennu-elo</span> <span class='ocrx_word' id='word_1_165' title='bbox 1360 1380 1429 1440; x_wconf 81' lang='grc' dir='ltr'><strong>Θεὸν</strong></span> <span class='ocrx_word' id='word_1_166' title='bbox 1447 1380 1475 1441; x_wconf 67' lang='lat' dir='ltr'>ol</span> <span class='ocrx_word' id='word_1_167' title='bbox 1490 1380 1662 1456; x_wconf 73' lang='grc' dir='ltr'>ἀγνοοῦντες,</span> <span class='ocrx_word' id='word_1_168' title='bbox 1675 1380 1773 1452; x_wconf 77' lang='grc' dir='ltr'>ταύτης</span> <span class='ocrx_word' id='word_1_169' title='bbox 1792 1380 1850 1447; x_wconf 82' lang='grc' dir='ltr'><strong>ξένοι</strong></span> 
     </span>
     <span class='ocr_line' id='line_1_13' title="bbox 285 1455 1850 1555; baseline -0.001 -36"><span class='ocrx_word' id='word_1_170' title='bbox 285 1458 377 1535; x_wconf 86' lang='lat' dir='ltr'>beant,</span> <span class='ocrx_word' id='word_1_171' title='bbox 388 1480 450 1519; x_wconf 90' lang='lat' dir='ltr'>eum</span> <span class='ocrx_word' id='word_1_172' title='bbox 462 1459 611 1518; x_wconf 91' lang='lat' dir='ltr'>Dominum</span> <span class='ocrx_word' id='word_1_173' title='bbox 621 1458 688 1538; x_wconf 77' lang='lat' dir='ltr'>legis</span> <span class='ocrx_word' id='word_1_174' title='bbox 701 1459 806 1519; x_wconf 87' lang='lat' dir='ltr'>oderint</span> <span class='ocrx_word' id='word_1_175' title='bbox 816 1460 863 1538; x_wconf 89' lang='lat' dir='ltr'>qui</span> <span class='ocrx_word' id='word_1_176' title='bbox 877 1459 955 1536; x_wconf 89' lang='lat' dir='ltr'>dicit,</span> <span class='ocrx_word' id='word_1_177' title='bbox 973 1461 1027 1518; x_wconf 81' lang='lat' dir='ltr'>Di·</span> <span class='ocrx_word' id='word_1_178' title='bbox 1077 1455 1247 1555; x_wconf 69' lang='grc' dir='ltr'>τυγγάνουσι.</span> <span class='ocrx_word' id='word_1_179' title='bbox 1273 1456 1397 1519; x_wconf 81' lang='grc' dir='ltr'>Ἰουδαῖοι</span> <span class='ocrx_word' id='word_1_180' title='bbox 1430 1458 1481 1520; x_wconf 79' lang='grc' dir='ltr'>κάν</span> <span class='ocrx_word' id='word_1_181' title='bbox 1506 1459 1576 1540; x_wconf 77' lang='grc' dir='ltr'>πρὸς</span> <span class='ocrx_word' id='word_1_182' title='bbox 1608 1461 1740 1531; x_wconf 70' lang='grc' dir='ltr'>ἀλλήλους</span> <span class='ocrx_word' id='word_1_183' title='bbox 1765 1458 1850 1539; x_wconf 62' lang='grc' dir='ltr'>ἔρωσιν</span> 
     </span>
     <span class='ocr_line' id='line_1_14' title="bbox 287 1535 1851 1619; baseline 0.001 -23"><span class='ocrx_word' id='word_1_184' title='bbox 287 1538 359 1619; x_wconf 80' lang='lat' dir='ltr'>liges</span> <span class='ocrx_word' id='word_1_185' title='bbox 371 1540 531 1598; x_wconf 81' lang='lat' dir='ltr'>Dominum</span> <span class='ocrx_word' id='word_1_186' title='bbox 543 1539 639 1597; x_wconf 84' lang='lat' dir='ltr'>Deum</span> <span class='ocrx_word' id='word_1_187' title='bbox 653 1551 784 1597; x_wconf 73' lang='lat' dir='ltr'>tuamet</span> <span class='ocrx_word' id='word_1_188' title='bbox 796 1541 955 1598; x_wconf 79' lang='lat' dir='ltr'>totocorde</span> <span class='ocrx_word' id='word_1_189' title='bbox 966 1551 1026 1613; x_wconf 88' lang='lat' dir='ltr'>tuo,</span> <span class='ocrx_word' id='word_1_190' title='bbox 1079 1538 1201 1614; x_wconf 86' lang='grc' dir='ltr'>ἀγαπην,</span> <span class='ocrx_word' id='word_1_191' title='bbox 1216 1535 1374 1612; x_wconf 83' lang='grc' dir='ltr'>μισ-η’σαντες</span> <span class='ocrx_word' id='word_1_192' title='bbox 1388 1538 1434 1597; x_wconf 81' lang='grc' dir='ltr'>τὸν</span> <span class='ocrx_word' id='word_1_193' title='bbox 1453 1538 1553 1617; x_wconf 82' lang='grc' dir='ltr'>Κύριον</span> <span class='ocrx_word' id='word_1_194' title='bbox 1567 1545 1619 1597; x_wconf 86' lang='grc' dir='ltr'>τοῦ</span> <span class='ocrx_word' id='word_1_195' title='bbox 1633 1538 1716 1613; x_wconf 85' lang='grc' dir='ltr'><strong>νόμου</strong></span> <span class='ocrx_word' id='word_1_196' title='bbox 1732 1540 1851 1617; x_wconf 79' lang='grc' dir='ltr'>λέγοντος,</span> 
     </span>
     <span class='ocr_line' id='line_1_15' title="bbox 287 1614 1850 1700; baseline 0.001 -25"><span class='ocrx_word' id='word_1_197' title='bbox 287 1617 340 1699; x_wconf 91' lang='lat' dir='ltr'>ipsi</span> <span class='ocrx_word' id='word_1_198' title='bbox 357 1640 407 1700; x_wconf 92' lang='lat' dir='ltr'>pro</span> <span class='ocrx_word' id='word_1_199' title='bbox 422 1618 566 1677; x_wconf 81' lang='lat' dir='ltr'>dilectione</span> <span class='ocrx_word' id='word_1_200' title='bbox 585 1617 680 1677; x_wconf 88' lang='lat' dir='ltr'>odium</span> <span class='ocrx_word' id='word_1_201' title='bbox 693 1618 765 1677; x_wconf 87' lang='lat' dir='ltr'>intus</span> <span class='ocrx_word' id='word_1_202' title='bbox 779 1617 917 1686; x_wconf 80' lang='lat' dir='ltr'>habentes,</span> <span class='ocrx_word' id='word_1_203' title='bbox 933 1618 1028 1677; x_wconf 87' lang='lat' dir='ltr'>Domi-</span> <span class='ocrx_word' id='word_1_204' title='bbox 1079 1614 1239 1694; x_wconf 70' lang='grc' dir='ltr'>Ἀγαπήσεις</span> <span class='ocrx_word' id='word_1_205' title='bbox 1252 1615 1348 1697; x_wconf 83' lang='grc' dir='ltr'>Κύριον</span> <span class='ocrx_word' id='word_1_206' title='bbox 1359 1617 1403 1676; x_wconf 78' lang='grc' dir='ltr'>τάν</span> <span class='ocrx_word' id='word_1_207' title='bbox 1413 1618 1486 1678; x_wconf 84' lang='grc' dir='ltr'><strong>Θιόν</strong></span> <span class='ocrx_word' id='word_1_208' title='bbox 1498 1641 1545 1677; x_wconf 89' lang='grc' dir='ltr'>σου</span> <span class='ocrx_word' id='word_1_209' title='bbox 1558 1617 1588 1686; x_wconf 74' lang='grc' dir='ltr'>ἐξ</span> <span class='ocrx_word' id='word_1_210' title='bbox 1602 1618 1669 1690; x_wconf 74' lang='grc' dir='ltr'>ὅλης</span> <span class='ocrx_word' id='word_1_211' title='bbox 1679 1620 1786 1697; x_wconf 73' lang='grc' dir='ltr'>καρδίας</span> <span class='ocrx_word' id='word_1_212' title='bbox 1796 1643 1850 1688; x_wconf 81' lang='grc' dir='ltr'>σοι,</span> 
     </span>
     <span class='ocr_line' id='line_1_16' title="bbox 287 1693 1850 1778; baseline 0.001 -23"><span class='ocrx_word' id='word_1_213' title='bbox 287 1697 458 1777; x_wconf 78' lang='lat' dir='ltr'>numgloriae</span> <span class='ocrx_word' id='word_1_214' title='bbox 471 1696 673 1767; x_wconf 74' lang='lat' dir='ltr'>crucifixerunt,</span> <span class='ocrx_word' id='word_1_215' title='bbox 684 1710 713 1756; x_wconf 86' lang='lat' dir='ltr'>ut</span> <span class='ocrx_word' id='word_1_216' title='bbox 722 1697 749 1755; x_wconf 96' lang='lat' dir='ltr'>in</span> <span class='ocrx_word' id='word_1_217' title='bbox 761 1699 890 1778; x_wconf 89' lang='lat' dir='ltr'>propheta</span> <span class='ocrx_word' id='word_1_218' title='bbox 904 1698 962 1757; x_wconf 90' lang='lat' dir='ltr'>aiti</span> <span class='ocrx_word' id='word_1_219' title='bbox 983 1718 1028 1757; x_wconf 85' lang='lat' dir='ltr'>se:</span> <span class='ocrx_word' id='word_1_220' title='bbox 1080 1694 1155 1755; x_wconf 77' lang='grc' dir='ltr'>αὐτοί</span> <span class='ocrx_word' id='word_1_221' title='bbox 1176 1693 1234 1755; x_wconf 80' lang='grc' dir='ltr'>ἀντὶ</span> <span class='ocrx_word' id='word_1_222' title='bbox 1255 1698 1303 1765; x_wconf 77' lang='grc' dir='ltr'>τῆς</span> <span class='ocrx_word' id='word_1_223' title='bbox 1326 1695 1488 1776; x_wconf 77' lang='grc' dir='ltr'>ἀγαπήσεως</span> <span class='ocrx_word' id='word_1_224' title='bbox 1510 1706 1592 1774; x_wconf 80' lang='grc' dir='ltr'>μίσος</span> <span class='ocrx_word' id='word_1_225' title='bbox 1614 1699 1850 1776; x_wconf 75' lang='grc' dir='ltr'>ἀγκολπωσίμενσι,</span> 
     </span>
     <span class='ocr_line' id='line_1_17' title="bbox 136 1720 1850 1858; baseline 0.001 -23"><span class='ocrx_word' id='word_1_226' title='bbox 136 1779 204 1825; x_wconf 70' lang='grc' dir='ltr'>Μ·</span> <span class='ocrx_word' id='word_1_227' title='bbox 224 1775 500 1858; x_wconf 77' lang='lat' dir='ltr'>¹⁰⁸·Etposuerunt</span> <span class='ocrx_word' id='word_1_228' title='bbox 514 1778 612 1835; x_wconf 80' lang='lat' dir='ltr'>odium</span> <span class='ocrx_word' id='word_1_229' title='bbox 644 1798 677 1834; x_wconf 82' lang='lat' dir='ltr'>ro</span> <span class='ocrx_word' id='word_1_230' title='bbox 690 1778 848 1836; x_wconf 72' lang='lat' dir='ltr'><strong><em>dilectione</em></strong></span> <span class='ocrx_word' id='word_1_231' title='bbox 858 1799 932 1837; x_wconf 87' lang='lat' dir='ltr'>mea.</span> <span class='ocrx_word' id='word_1_232' title='bbox 953 1720 1029 1838; x_wconf 80' lang='lat' dir='ltr'>llaec</span> <span class='ocrx_word' id='word_1_233' title='bbox 1079 1773 1124 1834; x_wconf 79' lang='grc' dir='ltr'>τὸν</span> <span class='ocrx_word' id='word_1_234' title='bbox 1146 1773 1243 1853; x_wconf 85' lang='grc' dir='ltr'><strong>Κύριον</strong></span> <span class='ocrx_word' id='word_1_235' title='bbox 1265 1778 1314 1845; x_wconf 80' lang='grc' dir='ltr'>τῆς</span> <span class='ocrx_word' id='word_1_236' title='bbox 1334 1775 1410 1848; x_wconf 81' lang='grc' dir='ltr'>δόξης</span> <span class='ocrx_word' id='word_1_237' title='bbox 1431 1776 1628 1857; x_wconf 70' lang='grc' dir='ltr'>ἐσταύρωσαν,</span> <span class='ocrx_word' id='word_1_238' title='bbox 1651 1779 1722 1837; x_wconf 84' lang='grc' dir='ltr'>καθά</span> <span class='ocrx_word' id='word_1_239' title='bbox 1741 1783 1850 1858; x_wconf 79' lang='grc' dir='ltr'>ρηαινέν</span> 
     </span>
     <span class='ocr_line' id='line_1_18' title="bbox 137 1800 1848 1935; baseline 0.001 -20"><span class='ocrx_word' id='word_1_240' title='bbox 137 1840 160 1887; x_wconf 73' lang='lat'>⁵·</span> <span class='ocrx_word' id='word_1_241' title='bbox 287 1855 459 1916; x_wconf 85' lang='lat' dir='ltr'>dilectionem</span> <span class='ocrx_word' id='word_1_242' title='bbox 481 1876 566 1934; x_wconf 88' lang='lat' dir='ltr'>neque</span> <span class='ocrx_word' id='word_1_243' title='bbox 587 1856 607 1913; x_wconf 93' lang='lat' dir='ltr'>ii</span> <span class='ocrx_word' id='word_1_244' title='bbox 623 1800 733 1931; x_wconf 76' lang='lat' dir='ltr'>liabent,</span> <span class='ocrx_word' id='word_1_245' title='bbox 747 1856 795 1934; x_wconf 89' lang='lat' dir='ltr'>qui</span> <span class='ocrx_word' id='word_1_246' title='bbox 814 1855 908 1915; x_wconf 91' lang='lat' dir='ltr'>dicunt</span> <span class='ocrx_word' id='word_1_247' title='bbox 925 1856 1027 1915; x_wconf 88' lang='lat' dir='ltr'>Filium</span> <span class='ocrx_word' id='word_1_248' title='bbox 1079 1855 1118 1934; x_wconf 81' lang='grc' dir='ltr'>τῷ</span> <span class='ocrx_word' id='word_1_249' title='bbox 1132 1853 1342 1933; x_wconf 78' lang='grc' dir='ltr'>προρήτη·ίίαλ</span> <span class='ocrx_word' id='word_1_250' title='bbox 1355 1854 1443 1915; x_wconf 68' lang='lat' dir='ltr'>torm</span> <span class='ocrx_word' id='word_1_251' title='bbox 1467 1864 1545 1935; x_wconf 81' lang='grc' dir='ltr'>μῖσος</span> <span class='ocrx_word' id='word_1_252' title='bbox 1560 1857 1624 1914; x_wconf 87' lang='grc' dir='ltr'>ἀντὶ</span> <span class='ocrx_word' id='word_1_253' title='bbox 1638 1859 1688 1927; x_wconf 74' lang='grc' dir='ltr'>τῆς</span> <span class='ocrx_word' id='word_1_254' title='bbox 1701 1858 1848 1930; x_wconf 73' lang='grc' dir='ltr'>ἀγαπησεύς</span> 
     </span>
     <span class='ocr_line' id='line_1_19' title="bbox 286 1932 1848 2017; baseline 0 -23"><span class='ocrx_word' id='word_1_255' title='bbox 286 1935 338 1994; x_wconf 90' lang='lat' dir='ltr'>Dei</span> <span class='ocrx_word' id='word_1_256' title='bbox 348 1956 404 1994; x_wconf 93' lang='lat' dir='ltr'>rem</span> <span class='ocrx_word' id='word_1_257' title='bbox 413 1936 511 1993; x_wconf 82' lang='lat' dir='ltr'>laetam</span> <span class='ocrx_word' id='word_1_258' title='bbox 521 1947 690 1993; x_wconf 86' lang='lat' dir='ltr'>autereatam</span> <span class='ocrx_word' id='word_1_259' title='bbox 699 1955 766 2009; x_wconf 84' lang='lat' dir='ltr'>esse,</span> <span class='ocrx_word' id='word_1_260' title='bbox 774 1933 878 1993; x_wconf 83' lang='lat' dir='ltr'>etiamsi</span> <span class='ocrx_word' id='word_1_261' title='bbox 892 1956 920 1994; x_wconf 92' lang='lat' dir='ltr'>se</span> <span class='ocrx_word' id='word_1_262' title='bbox 932 1949 1028 1996; x_wconf 92' lang='lat' dir='ltr'>mutuo</span> <span class='ocrx_word' id='word_1_263' title='bbox 1080 1956 1139 2009; x_wconf 89' lang='grc' dir='ltr'>μου.</span> <span class='ocrx_word' id='word_1_264' title='bbox 1160 1932 1269 2004; x_wconf 80' lang='grc' dir='ltr'>Ταύτην</span> <span class='ocrx_word' id='word_1_265' title='bbox 1287 1933 1336 2005; x_wconf 67' lang='grc' dir='ltr'>τὴν</span> <span class='ocrx_word' id='word_1_266' title='bbox 1350 1935 1457 2015; x_wconf 85' lang='grc' dir='ltr'>ἀγάπην</span> <span class='ocrx_word' id='word_1_267' title='bbox 1480 1935 1541 1995; x_wconf 79' lang='grc' dir='ltr'>οὔτε</span> <span class='ocrx_word' id='word_1_268' title='bbox 1556 1939 1585 1995; x_wconf 84' lang='lat' dir='ltr'>ol</span> <span class='ocrx_word' id='word_1_269' title='bbox 1608 1935 1730 2017; x_wconf 84' lang='grc' dir='ltr'>λέγοντες</span> <span class='ocrx_word' id='word_1_270' title='bbox 1741 1937 1779 1996; x_wconf 71' lang='grc' dir='ltr'>τ’σν</span> <span class='ocrx_word' id='word_1_271' title='bbox 1790 1939 1848 1996; x_wconf 69' lang='grc' dir='ltr'>λίαν</span> 
     </span>
     <span class='ocr_line' id='line_1_20' title="bbox 285 2010 1850 2096; baseline 0.001 -23"><span class='ocrx_word' id='word_1_272' title='bbox 285 2013 410 2093; x_wconf 75' lang='lat' dir='ltr'>diligant.</span> <span class='ocrx_word' id='word_1_273' title='bbox 425 2012 570 2088; x_wconf 86' lang='lat' dir='ltr'><strong>Quomodo</strong></span> <span class='ocrx_word' id='word_1_274' title='bbox 583 2013 655 2072; x_wconf 91' lang='lat' dir='ltr'>enim</span> <span class='ocrx_word' id='word_1_275' title='bbox 670 2012 705 2087; x_wconf 87' lang='lat' dir='ltr'>is,</span> <span class='ocrx_word' id='word_1_276' title='bbox 716 2013 765 2092; x_wconf 90' lang='lat' dir='ltr'>qui</span> <span class='ocrx_word' id='word_1_277' title='bbox 782 2015 870 2072; x_wconf 91' lang='lat' dir='ltr'>Deum</span> <span class='ocrx_word' id='word_1_278' title='bbox 890 2030 974 2091; x_wconf 87' lang='lat' dir='ltr'>amat,</span> <span class='ocrx_word' id='word_1_279' title='bbox 984 2014 1029 2073; x_wconf 90' lang='lat' dir='ltr'>di·</span> <span class='ocrx_word' id='word_1_280' title='bbox 1079 2016 1126 2070; x_wconf 87' lang='grc' dir='ltr'>τοῦ</span> <span class='ocrx_word' id='word_1_281' title='bbox 1140 2013 1212 2072; x_wconf 81' lang='grc' dir='ltr'>Θεοῦ</span> <span class='ocrx_word' id='word_1_282' title='bbox 1234 2010 1336 2090; x_wconf 80' lang='grc' dir='ltr'>κτίσμα</span> <span class='ocrx_word' id='word_1_283' title='bbox 1359 2012 1498 2092; x_wconf 72' lang='grc' dir='ltr'>ἢποίημα</span> <span class='ocrx_word' id='word_1_284' title='bbox 1522 2014 1689 2087; x_wconf 70' lang='grc' dir='ltr'>κέκτηνται,</span> <span class='ocrx_word' id='word_1_285' title='bbox 1703 2015 1750 2075; x_wconf 81' lang='grc' dir='ltr'>κάν</span> <span class='ocrx_word' id='word_1_286' title='bbox 1765 2014 1850 2096; x_wconf 61' lang='grc' dir='ltr'>ἔρνεσιν</span> 
     </span>
     <span class='ocr_line' id='line_1_21' title="bbox 285 2089 1850 2174; baseline 0.001 -23"><span class='ocrx_word' id='word_1_287' title='bbox 285 2094 357 2152; x_wconf 82' lang='lat' dir='ltr'>xerit</span> <span class='ocrx_word' id='word_1_288' title='bbox 374 2092 447 2151; x_wconf 87' lang='lat' dir='ltr'>hunc</span> <span class='ocrx_word' id='word_1_289' title='bbox 466 2113 522 2151; x_wconf 83' lang='lat' dir='ltr'>esse</span> <span class='ocrx_word' id='word_1_290' title='bbox 535 2107 681 2153; x_wconf 77' lang='lat' dir='ltr'>creatorem</span> <span class='ocrx_word' id='word_1_291' title='bbox 701 2106 748 2152; x_wconf 86' lang='lat' dir='ltr'>aut</span> <span class='ocrx_word' id='word_1_292' title='bbox 762 2093 889 2151; x_wconf 74' lang='lat' dir='ltr'>factorem</span> <span class='ocrx_word' id='word_1_293' title='bbox 912 2094 1027 2170; x_wconf 82' lang='lat' dir='ltr'>Christi,</span> <span class='ocrx_word' id='word_1_294' title='bbox 1080 2093 1116 2157; x_wconf 81' lang='grc' dir='ltr'>είς</span> <span class='ocrx_word' id='word_1_295' title='bbox 1133 2089 1263 2163; x_wconf 73' lang='grc' dir='ltr'>ἀλλήλους</span> <span class='ocrx_word' id='word_1_296' title='bbox 1275 2091 1392 2172; x_wconf 84' lang='grc' dir='ltr'>ἀγάπην.</span> <span class='ocrx_word' id='word_1_297' title='bbox 1413 2096 1479 2159; x_wconf 90' lang='grc' dir='ltr'>Πῶς</span> <span class='ocrx_word' id='word_1_298' title='bbox 1491 2093 1547 2174; x_wconf 85' lang='grc' dir='ltr'>γάρ</span> <span class='ocrx_word' id='word_1_299' title='bbox 1561 2098 1578 2153; x_wconf 82' lang='grc' dir='ltr'><strong>ὁ</strong></span> <span class='ocrx_word' id='word_1_300' title='bbox 1590 2096 1705 2173; x_wconf 83' lang='grc' dir='ltr'>ἀγαπῶν</span> <span class='ocrx_word' id='word_1_301' title='bbox 1718 2096 1762 2153; x_wconf 75' lang='grc' dir='ltr'>τὀν</span> <span class='ocrx_word' id='word_1_302' title='bbox 1773 2096 1850 2163; x_wconf 68' lang='grc' dir='ltr'>Θεὸν,</span> 
     </span>
     <span class='ocr_line' id='line_1_22' title="bbox 285 2168 1851 2256; baseline 0.001 -25"><span class='ocrx_word' id='word_1_303' title='bbox 285 2186 313 2231; x_wconf 91' lang='lat' dir='ltr'>et</span> <span class='ocrx_word' id='word_1_304' title='bbox 327 2170 647 2253; x_wconf 71' lang='lat' dir='ltr'>nonprogenitoremlct</span> <span class='ocrx_word' id='word_1_305' title='bbox 660 2171 795 2249; x_wconf 91' lang='lat' dir='ltr'>quomodo</span> <span class='ocrx_word' id='word_1_306' title='bbox 808 2171 1028 2233; x_wconf 84' lang='lat' dir='ltr'>‹licetseFilium</span> <span class='ocrx_word' id='word_1_307' title='bbox 1078 2176 1169 2229; x_wconf 87' lang='grc' dir='ltr'>τοῦτον</span> <span class='ocrx_word' id='word_1_308' title='bbox 1191 2168 1261 2238; x_wconf 77' lang='grc' dir='ltr'>λέξει</span> <span class='ocrx_word' id='word_1_309' title='bbox 1282 2171 1393 2243; x_wconf 72' lang='grc' dir='ltr'>κτιοτλν</span> <span class='ocrx_word' id='word_1_310' title='bbox 1412 2172 1431 2245; x_wconf 74' lang='grc' dir='ltr'>η</span> <span class='ocrx_word' id='word_1_311' title='bbox 1450 2174 1571 2246; x_wconf 78' lang='grc' dir='ltr'>ποιητὴν</span> <span class='ocrx_word' id='word_1_312' title='bbox 1593 2181 1642 2232; x_wconf 87' lang='grc' dir='ltr'>τοῦ</span> <span class='ocrx_word' id='word_1_313' title='bbox 1664 2175 1792 2256; x_wconf 76' lang='grc' dir='ltr'>Χριστοῦ,</span> <span class='ocrx_word' id='word_1_314' title='bbox 1812 2177 1851 2233; x_wconf 75' lang='grc' dir='ltr'>καί</span> 
     </span>
     <span class='ocr_line' id='line_1_23' title="bbox 285 2249 1851 2349; baseline 0.003 -39"><span class='ocrx_word' id='word_1_315' title='bbox 285 2250 400 2332; x_wconf 74' lang='lat' dir='ltr'>diligere</span> <span class='ocrx_word' id='word_1_316' title='bbox 411 2252 457 2329; x_wconf 88' lang='lat' dir='ltr'>qui</span> <span class='ocrx_word' id='word_1_317' title='bbox 468 2250 535 2310; x_wconf 91' lang='lat' dir='ltr'>dicit</span> <span class='ocrx_word' id='word_1_318' title='bbox 547 2250 625 2310; x_wconf 90' lang='lat' dir='ltr'>illum</span> <span class='ocrx_word' id='word_1_319' title='bbox 646 2272 702 2310; x_wconf 78' lang='lat' dir='ltr'>esse</span> <span class='ocrx_word' id='word_1_320' title='bbox 723 2272 780 2310; x_wconf 91' lang='lat' dir='ltr'>rem</span> <span class='ocrx_word' id='word_1_321' title='bbox 800 2265 975 2311; x_wconf 89' lang='lat' dir='ltr'>creatamaut</span> <span class='ocrx_word' id='word_1_322' title='bbox 988 2254 1028 2311; x_wconf 82' lang='lat' dir='ltr'>la-</span> <span class='ocrx_word' id='word_1_323' title='bbox 1078 2249 1138 2349; x_wconf 73' lang='grc' dir='ltr'>οὗγὶ</span> <span class='ocrx_word' id='word_1_324' title='bbox 1152 2274 1173 2308; x_wconf 88' lang='grc' dir='ltr'>π</span> <span class='ocrx_word' id='word_1_325' title='bbox 1221 2249 1362 2330; x_wconf 77' lang='grc' dir='ltr'>εννήτορας</span> <span class='ocrx_word' id='word_1_326' title='bbox 1376 2251 1395 2321; x_wconf 78' lang='grc' dir='ltr'>ἢ</span> <span class='ocrx_word' id='word_1_327' title='bbox 1410 2252 1523 2319; x_wconf 80' lang='grc' dir='ltr'>πῶςτὸν</span> <span class='ocrx_word' id='word_1_328' title='bbox 1539 2251 1611 2311; x_wconf 78' lang='grc' dir='ltr'>λ’ίὸν</span> <span class='ocrx_word' id='word_1_329' title='bbox 1625 2252 1695 2321; x_wconf 61' lang='lat' dir='ltr'>teta</span> <span class='ocrx_word' id='word_1_330' title='bbox 1715 2259 1851 2334; x_wconf 72' lang='grc' dir='ltr'>ἀγαπᾷι,ί</span> 
     </span>
     <span class='ocr_line' id='line_1_24' title="bbox 286 2329 1852 2410; baseline 0.003 -21"><span class='ocrx_word' id='word_1_331' title='bbox 286 2331 376 2390; x_wconf 78' lang='lat' dir='ltr'>ctam?</span> <span class='ocrx_word' id='word_1_332' title='bbox 391 2330 504 2391; x_wconf 81' lang='lat' dir='ltr'>Etiamsi</span> <span class='ocrx_word' id='word_1_333' title='bbox 520 2329 624 2389; x_wconf 78' lang='lat' dir='ltr'>‹linei-it</span> <span class='ocrx_word' id='word_1_334' title='bbox 638 2351 667 2389; x_wconf 85' lang='lat' dir='ltr'>se</span> <span class='ocrx_word' id='word_1_335' title='bbox 680 2333 787 2390; x_wconf 88' lang='lat' dir='ltr'>Patrem</span> <span class='ocrx_word' id='word_1_336' title='bbox 807 2329 933 2410; x_wconf 76' lang='lat' dir='ltr'>diligere,</span> <span class='ocrx_word' id='word_1_337' title='bbox 948 2333 971 2391; x_wconf 93' lang='lat' dir='ltr'>si</span> <span class='ocrx_word' id='word_1_338' title='bbox 982 2333 1028 2391; x_wconf 88' lang='lat' dir='ltr'>Fi·</span> <span class='ocrx_word' id='word_1_339' title='bbox 1042 2335 1062 2383; x_wconf 81' lang='grc' dir='ltr'>ί)</span> <span class='ocrx_word' id='word_1_340' title='bbox 1079 2351 1187 2409; x_wconf 71' lang='lat' dir='ltr'>proauo</span> <span class='ocrx_word' id='word_1_341' title='bbox 1203 2352 1215 2387; x_wconf 91' lang='grc' dir='ltr'><strong>ι</strong></span> <span class='ocrx_word' id='word_1_342' title='bbox 1227 2352 1270 2387; x_wconf 89' lang='grc' dir='ltr'>ναι</span> <span class='ocrx_word' id='word_1_343' title='bbox 1284 2337 1374 2390; x_wconf 90' lang='grc' dir='ltr'>τοῦτον</span> <span class='ocrx_word' id='word_1_344' title='bbox 1384 2331 1487 2410; x_wconf 89' lang='grc' dir='ltr'>κτίσμα</span> <span class='ocrx_word' id='word_1_345' title='bbox 1499 2331 1518 2404; x_wconf 71' lang='grc' dir='ltr'><strong>λ</strong></span> <span class='ocrx_word' id='word_1_346' title='bbox 1530 2332 1659 2409; x_wconf 85' lang='grc' dir='ltr'>ποίημα;</span> <span class='ocrx_word' id='word_1_347' title='bbox 1672 2334 1730 2392; x_wconf 82' lang='grc' dir='ltr'>Κάν</span> <span class='ocrx_word' id='word_1_348' title='bbox 1745 2335 1787 2392; x_wconf 81' lang='grc' dir='ltr'>τὸν</span> <span class='ocrx_word' id='word_1_349' title='bbox 1800 2337 1852 2393; x_wconf 85' lang='grc' dir='ltr'>Πα-</span> 
     </span>
     <span class='ocr_line' id='line_1_25' title="bbox 285 2406 1851 2493; baseline 0.002 -24"><span class='ocrx_word' id='word_1_350' title='bbox 285 2408 356 2469; x_wconf 90' lang='lat' dir='ltr'>lium</span> <span class='ocrx_word' id='word_1_351' title='bbox 378 2430 431 2469; x_wconf 92' lang='lat' dir='ltr'>non</span> <span class='ocrx_word' id='word_1_352' title='bbox 455 2410 563 2488; x_wconf 75' lang='lat' dir='ltr'>diligat,</span> <span class='ocrx_word' id='word_1_353' title='bbox 576 2408 664 2468; x_wconf 87' lang='lat' dir='ltr'>Patris</span> <span class='ocrx_word' id='word_1_354' title='bbox 679 2409 824 2468; x_wconf 78' lang='lat' dir='ltr'>dilectione</span> <span class='ocrx_word' id='word_1_355' title='bbox 843 2411 978 2490; x_wconf 79' lang='lat' dir='ltr'>privatur,</span> <span class='ocrx_word' id='word_1_356' title='bbox 996 2424 1027 2471; x_wconf 91' lang='lat' dir='ltr'>ut</span> <span class='ocrx_word' id='word_1_357' title='bbox 1077 2407 1143 2491; x_wconf 86' lang='grc' dir='ltr'>τέρα</span> <span class='ocrx_word' id='word_1_358' title='bbox 1156 2406 1218 2488; x_wconf 75' lang='grc' dir='ltr'>λέξῃ</span> <span class='ocrx_word' id='word_1_359' title='bbox 1231 2414 1352 2489; x_wconf 62' lang='grc' dir='ltr'>ἀγαπᾷν,</span> <span class='ocrx_word' id='word_1_360' title='bbox 1363 2409 1408 2468; x_wconf 83' lang='grc' dir='ltr'>τὸν</span> <span class='ocrx_word' id='word_1_361' title='bbox 1423 2410 1489 2469; x_wconf 70' lang='lat' dir='ltr'>ltu</span> <span class='ocrx_word' id='word_1_362' title='bbox 1511 2411 1552 2489; x_wconf 78' lang='grc' dir='ltr'>μὴ</span> <span class='ocrx_word' id='word_1_363' title='bbox 1577 2415 1710 2488; x_wconf 79' lang='grc' dir='ltr'>ἀγαπῶν,</span> <span class='ocrx_word' id='word_1_364' title='bbox 1725 2413 1851 2493; x_wconf 73' lang='grc' dir='ltr'>ἐστέρηται</span> 
     </span>
     <span class='ocr_line' id='line_1_26' title="bbox 138 2486 1851 2572; baseline 0.003 -24"><span class='ocrx_word' id='word_1_365' title='bbox 138 2517 160 2548; x_wconf 90' lang='grc' dir='ltr'><strong>ι.</strong></span> <span class='ocrx_word' id='word_1_366' title='bbox 171 2505 240 2551; x_wconf 64' lang='grc' dir='ltr'>λοσε.</span> <span class='ocrx_word' id='word_1_367' title='bbox 251 2516 274 2549; x_wconf 83' lang='grc' dir='ltr'>α.</span> <span class='ocrx_word' id='word_1_368' title='bbox 285 2489 324 2549; x_wconf 88' lang='lat' dir='ltr'>ait</span> <span class='ocrx_word' id='word_1_369' title='bbox 344 2488 482 2569; x_wconf 90' lang='lat' dir='ltr'>apostolus</span> <span class='ocrx_word' id='word_1_370' title='bbox 494 2513 500 2546; x_wconf 85' lang='grc' dir='ltr'><strong>ι</strong></span> <span class='ocrx_word' id='word_1_371' title='bbox 514 2491 572 2567; x_wconf 83' lang='lat' dir='ltr'>Qui</span> <span class='ocrx_word' id='word_1_372' title='bbox 595 2510 655 2547; x_wconf 83' lang='lat' dir='ltr'>non</span> <span class='ocrx_word' id='word_1_373' title='bbox 675 2490 765 2548; x_wconf 74' lang='lat' dir='ltr'>labet</span> <span class='ocrx_word' id='word_1_374' title='bbox 788 2490 911 2561; x_wconf 81' lang='lat' dir='ltr'>Filium,</span> <span class='ocrx_word' id='word_1_375' title='bbox 936 2512 1029 2572; x_wconf 78' lang='lat' dir='ltr'>neque</span> <span class='ocrx_word' id='word_1_376' title='bbox 1078 2492 1125 2559; x_wconf 84' lang='grc' dir='ltr'>τῆς</span> <span class='ocrx_word' id='word_1_377' title='bbox 1137 2488 1202 2567; x_wconf 76' lang='grc' dir='ltr'>πρὸς</span> <span class='ocrx_word' id='word_1_378' title='bbox 1214 2486 1258 2545; x_wconf 81' lang='grc' dir='ltr'>τὸν</span> <span class='ocrx_word' id='word_1_379' title='bbox 1270 2488 1346 2548; x_wconf 87' lang='grc' dir='ltr'>Πατί</span> <span class='ocrx_word' id='word_1_380' title='bbox 1363 2490 1509 2569; x_wconf 85' lang='grc' dir='ltr'>αάγοίπης,</span> <span class='ocrx_word' id='word_1_381' title='bbox 1523 2489 1564 2557; x_wconf 76' lang='grc' dir='ltr'>ὥς</span> <span class='ocrx_word' id='word_1_382' title='bbox 1579 2496 1690 2570; x_wconf 76' lang='grc' dir='ltr'>ρησινὸ</span> <span class='ocrx_word' id='word_1_383' title='bbox 1705 2493 1851 2558; x_wconf 84' lang='grc' dir='ltr'>ἀπόστολος·</span> 
     </span>
     <span class='ocr_line' id='line_1_27' title="bbox 135 2564 1850 2652; baseline -0.001 -23"><span class='ocrx_word' id='word_1_384' title='bbox 135 2564 174 2611; x_wconf 81' lang='lat'>¹³·</span> <span class='ocrx_word' id='word_1_385' title='bbox 285 2571 406 2629; x_wconf 82' lang='lat' dir='ltr'>Patrem</span> <span class='ocrx_word' id='word_1_386' title='bbox 417 2571 514 2628; x_wconf 78' lang='lat' dir='ltr'>labet.</span> <span class='ocrx_word' id='word_1_387' title='bbox 527 2569 603 2627; x_wconf 85' lang='lat' dir='ltr'>llanc</span> <span class='ocrx_word' id='word_1_388' title='bbox 612 2567 782 2627; x_wconf 89' lang='lat' dir='ltr'>dilectionem</span> <span class='ocrx_word' id='word_1_389' title='bbox 793 2589 844 2627; x_wconf 92' lang='lat' dir='ltr'>non</span> <span class='ocrx_word' id='word_1_390' title='bbox 855 2569 954 2628; x_wconf 88' lang='lat' dir='ltr'>habent</span> <span class='ocrx_word' id='word_1_391' title='bbox 963 2571 1027 2629; x_wconf 89' lang='lat' dir='ltr'>item</span> <span class='ocrx_word' id='word_1_392' title='bbox 1078 2564 1113 2626; x_wconf 83' lang='lat'>‘0</span> <span class='ocrx_word' id='word_1_393' title='bbox 1127 2565 1165 2644; x_wconf 79' lang='grc' dir='ltr'>μὴ</span> <span class='ocrx_word' id='word_1_394' title='bbox 1185 2565 1254 2647; x_wconf 75' lang='grc' dir='ltr'><strong>ἔχων</strong></span> <span class='ocrx_word' id='word_1_395' title='bbox 1267 2566 1311 2625; x_wconf 80' lang='grc' dir='ltr'>τὸν</span> <span class='ocrx_word' id='word_1_396' title='bbox 1363 2569 1463 2629; x_wconf 72' lang='grc' dir='ltr'><strong>ὀνοιλδί</strong></span> <span class='ocrx_word' id='word_1_397' title='bbox 1481 2570 1527 2629; x_wconf 82' lang='grc' dir='ltr'>τὸν</span> <span class='ocrx_word' id='word_1_398' title='bbox 1543 2571 1661 2652; x_wconf 83' lang='grc' dir='ltr'>Πατέρα</span> <span class='ocrx_word' id='word_1_399' title='bbox 1675 2570 1742 2652; x_wconf 62' lang='grc' dir='ltr'><strong>ἔχει.</strong></span> <span class='ocrx_word' id='word_1_400' title='bbox 1755 2574 1850 2641; x_wconf 77' lang='grc' dir='ltr'>Ταύτην</span> 
     </span>
     <span class='ocr_line' id='line_1_28' title="bbox 284 2644 1851 2731; baseline 0.002 -25"><span class='ocrx_word' id='word_1_401' title='bbox 284 2648 333 2728; x_wconf 88' lang='lat' dir='ltr'>qui</span> <span class='ocrx_word' id='word_1_402' title='bbox 346 2648 481 2728; x_wconf 89' lang='lat' dir='ltr'>Spiritum</span> <span class='ocrx_word' id='word_1_403' title='bbox 493 2668 551 2707; x_wconf 90' lang='lat' dir='ltr'>rem</span> <span class='ocrx_word' id='word_1_404' title='bbox 561 2648 659 2707; x_wconf 79' lang='lat' dir='ltr'>factam</span> <span class='ocrx_word' id='word_1_405' title='bbox 669 2661 715 2707; x_wconf 86' lang='lat' dir='ltr'>aut</span> <span class='ocrx_word' id='word_1_406' title='bbox 726 2661 842 2707; x_wconf 86' lang='lat' dir='ltr'>creatam</span> <span class='ocrx_word' id='word_1_407' title='bbox 851 2670 908 2707; x_wconf 84' lang='lat' dir='ltr'>esse</span> <span class='ocrx_word' id='word_1_408' title='bbox 920 2648 1027 2726; x_wconf 91' lang='lat' dir='ltr'>dicunt,</span> <span class='ocrx_word' id='word_1_409' title='bbox 1078 2644 1126 2719; x_wconf 72' lang='grc' dir='ltr'>την</span> <span class='ocrx_word' id='word_1_410' title='bbox 1134 2646 1241 2725; x_wconf 87' lang='grc' dir='ltr'>ἀγάπην</span> <span class='ocrx_word' id='word_1_411' title='bbox 1247 2644 1427 2724; x_wconf 79' lang='grc' dir='ltr'>υίτάΠνιῦμα</span> <span class='ocrx_word' id='word_1_412' title='bbox 1433 2648 1537 2727; x_wconf 88' lang='grc' dir='ltr'>κτίσμα</span> <span class='ocrx_word' id='word_1_413' title='bbox 1545 2648 1565 2720; x_wconf 81' lang='grc' dir='ltr'>ἢ</span> <span class='ocrx_word' id='word_1_414' title='bbox 1574 2651 1685 2727; x_wconf 85' lang='grc' dir='ltr'>ποίημα</span> <span class='ocrx_word' id='word_1_415' title='bbox 1691 2653 1803 2731; x_wconf 83' lang='grc' dir='ltr'>λέγοντες</span> <span class='ocrx_word' id='word_1_416' title='bbox 1810 2655 1851 2709; x_wconf 78' lang='grc' dir='ltr'>οὐκ</span> 
     </span>
     <span class='ocr_line' id='line_1_29' title="bbox 284 2723 1849 2821; baseline 0.002 -34"><span class='ocrx_word' id='word_1_417' title='bbox 284 2727 390 2787; x_wconf 87' lang='lat' dir='ltr'>etiamsi</span> <span class='ocrx_word' id='word_1_418' title='bbox 408 2726 550 2787; x_wconf 84' lang='lat' dir='ltr'>videantur</span> <span class='ocrx_word' id='word_1_419' title='bbox 563 2727 670 2786; x_wconf 86' lang='lat' dir='ltr'>Patrem</span> <span class='ocrx_word' id='word_1_420' title='bbox 688 2726 808 2786; x_wconf 89' lang='lat' dir='ltr'>oonliteri</span> <span class='ocrx_word' id='word_1_421' title='bbox 823 2741 849 2787; x_wconf 88' lang='lat' dir='ltr'>et</span> <span class='ocrx_word' id='word_1_422' title='bbox 863 2728 985 2806; x_wconf 78' lang='lat' dir='ltr'>diligere.</span> <span class='ocrx_word' id='word_1_423' title='bbox 997 2730 1028 2789; x_wconf 91' lang='lat' dir='ltr'>Si</span> <span class='ocrx_word' id='word_1_424' title='bbox 1078 2723 1184 2821; x_wconf 77' lang='grc' dir='ltr'>άγουοι,</span> <span class='ocrx_word' id='word_1_425' title='bbox 1200 2724 1249 2784; x_wconf 84' lang='grc' dir='ltr'>κάν</span> <span class='ocrx_word' id='word_1_426' title='bbox 1265 2726 1364 2786; x_wconf 84' lang='grc' dir='ltr'>δοκῶσι</span> <span class='ocrx_word' id='word_1_427' title='bbox 1385 2728 1497 2810; x_wconf 87' lang='grc' dir='ltr'>Πατέρα</span> <span class='ocrx_word' id='word_1_428' title='bbox 1515 2732 1663 2809; x_wconf 77' lang='grc' dir='ltr'><strong>ὁμολογεῖν</strong></span> <span class='ocrx_word' id='word_1_429' title='bbox 1685 2734 1732 2789; x_wconf 86' lang='grc' dir='ltr'>καί</span> <span class='ocrx_word' id='word_1_430' title='bbox 1748 2735 1849 2790; x_wconf 56' lang='lat' dir='ltr'>ineu·</span> 
     </span>
     <span class='ocr_line' id='line_1_30' title="bbox 284 2792 1849 2908; baseline 0.003 -43"><span class='ocrx_word' id='word_1_431' title='bbox 284 2807 346 2898; x_wconf 70' lang='lat' dir='ltr'>quis</span> <span class='ocrx_word' id='word_1_432' title='bbox 355 2806 429 2866; x_wconf 88' lang='lat' dir='ltr'>enim</span> <span class='ocrx_word' id='word_1_433' title='bbox 439 2806 573 2888; x_wconf 90' lang='lat' dir='ltr'>Spiritum</span> <span class='ocrx_word' id='word_1_434' title='bbox 584 2806 685 2865; x_wconf 81' lang='lat' dir='ltr'>Christi</span> <span class='ocrx_word' id='word_1_435' title='bbox 698 2827 750 2865; x_wconf 91' lang='lat' dir='ltr'>non</span> <span class='ocrx_word' id='word_1_436' title='bbox 762 2806 852 2879; x_wconf 88' lang='lat' dir='ltr'>habet,</span> <span class='ocrx_word' id='word_1_437' title='bbox 863 2807 908 2865; x_wconf 88' lang='lat' dir='ltr'>hic</span> <span class='ocrx_word' id='word_1_438' title='bbox 926 2828 978 2867; x_wconf 88' lang='lat' dir='ltr'>non</span> <span class='ocrx_word' id='word_1_439' title='bbox 989 2821 1029 2868; x_wconf 84' lang='lat' dir='ltr'>est</span> <span class='ocrx_word' id='word_1_440' title='bbox 1079 2804 1116 2865; x_wconf 73' lang='lat' dir='ltr'>hl</span> <span class='ocrx_word' id='word_1_441' title='bbox 1126 2829 1166 2872; x_wconf 91' lang='grc' dir='ltr'>τις</span> <span class='ocrx_word' id='word_1_442' title='bbox 1176 2803 1226 2908; x_wconf 82' lang='grc' dir='ltr'>γάρ</span> <span class='ocrx_word' id='word_1_443' title='bbox 1241 2806 1351 2882; x_wconf 84' lang='grc' dir='ltr'>Πνεῦμα</span> <span class='ocrx_word' id='word_1_444' title='bbox 1365 2810 1414 2867; x_wconf 86' lang='grc' dir='ltr'>οὐκ</span> <span class='ocrx_word' id='word_1_445' title='bbox 1426 2807 1484 2888; x_wconf 47' lang='grc' dir='ltr'>ἔχει</span> <span class='ocrx_word' id='word_1_446' title='bbox 1495 2810 1631 2889; x_wconf 83' lang='grc' dir='ltr'>Χριστοῦ,</span> <span class='ocrx_word' id='word_1_447' title='bbox 1645 2800 1722 2878; x_wconf 69' lang='grc' dir='ltr'>οὗτος</span> <span class='ocrx_word' id='word_1_448' title='bbox 1735 2792 1780 2870; x_wconf 66' lang='lat' dir='ltr'>oti</span> <span class='ocrx_word' id='word_1_449' title='bbox 1789 2796 1849 2869; x_wconf 68' lang='grc' dir='ltr'><strong>ἔσέιν</strong></span> 
     </span>
     <span class='ocr_line' id='line_1_31' title="bbox 285 2833 1849 3023; baseline 0.003 -78"><span class='ocrx_word' id='word_1_450' title='bbox 285 2907 295 2945; x_wconf 87' lang='grc' dir='ltr'><strong>ι</strong></span> <span class='ocrx_word' id='word_1_451' title='bbox 330 2886 379 2945; x_wconf 91' lang='lat' dir='ltr'>ius.</span> <span class='ocrx_word' id='word_1_452' title='bbox 400 2886 539 3023; x_wconf 75' lang='lat' dir='ltr'>Quouprot</span> <span class='ocrx_word' id='word_1_453' title='bbox 561 2884 645 2965; x_wconf 73' lang='lat' dir='ltr'>igitur</span> <span class='ocrx_word' id='word_1_454' title='bbox 672 2885 802 2944; x_wconf 85' lang='lat' dir='ltr'>catholice</span> <span class='ocrx_word' id='word_1_455' title='bbox 821 2885 934 2945; x_wconf 88' lang='lat' dir='ltr'>crodunt</span> <span class='ocrx_word' id='word_1_456' title='bbox 958 2889 1028 2947; x_wconf 87' lang='lat' dir='ltr'>circa</span> <span class='ocrx_word' id='word_1_457' title='bbox 1078 2886 1165 2944; x_wconf 82' lang='grc' dir='ltr'>αὐτοῦ.</span> <span class='ocrx_word' id='word_1_458' title='bbox 1191 2888 1260 2944; x_wconf 89' lang='grc' dir='ltr'><strong>Οοοι</strong></span> <span class='ocrx_word' id='word_1_459' title='bbox 1274 2884 1360 2944; x_wconf 85' lang='grc' dir='ltr'><strong>τοίνυν</strong></span> <span class='ocrx_word' id='word_1_460' title='bbox 1373 2833 1515 2968; x_wconf 60' lang='lat' dir='ltr'>speeiem&lt;</span> <span class='ocrx_word' id='word_1_461' title='bbox 1529 2894 1660 2969; x_wconf 72' lang='grc' dir='ltr'>φρονοῦσι</span> <span class='ocrx_word' id='word_1_462' title='bbox 1681 2892 1742 2971; x_wconf 84' lang='grc' dir='ltr'>περὶ</span> <span class='ocrx_word' id='word_1_463' title='bbox 1756 2893 1849 2968; x_wconf 76' lang='grc' dir='ltr'>Πατρλς</span> 
     </span>
     <span class='ocr_line' id='line_1_32' title="bbox 308 2963 1848 3046; baseline 0.001 -21"><span class='ocrx_word' id='word_1_464' title='bbox 308 2979 393 3024; x_wconf 88' lang='lat' dir='ltr'>atrcm</span> <span class='ocrx_word' id='word_1_465' title='bbox 407 2978 435 3025; x_wconf 91' lang='lat' dir='ltr'>et</span> <span class='ocrx_word' id='word_1_466' title='bbox 447 2966 479 3024; x_wconf 92' lang='lat' dir='ltr'>Fi</span> <span class='ocrx_word' id='word_1_467' title='bbox 493 2965 549 3023; x_wconf 91' lang='lat' dir='ltr'>ium</span> <span class='ocrx_word' id='word_1_468' title='bbox 562 2978 588 3023; x_wconf 92' lang='lat' dir='ltr'>et</span> <span class='ocrx_word' id='word_1_469' title='bbox 607 2964 741 3046; x_wconf 89' lang='lat' dir='ltr'>Spiritum</span> <span class='ocrx_word' id='word_1_470' title='bbox 759 2979 893 3037; x_wconf 89' lang='lat' dir='ltr'>sanctum,</span> <span class='ocrx_word' id='word_1_471' title='bbox 918 2980 943 3026; x_wconf 87' lang='lat' dir='ltr'>et</span> <span class='ocrx_word' id='word_1_472' title='bbox 960 2967 1028 3026; x_wconf 87' lang='lat' dir='ltr'>cari·</span> <span class='ocrx_word' id='word_1_473' title='bbox 1079 2963 1124 3023; x_wconf 87' lang='grc' dir='ltr'>καί</span> <span class='ocrx_word' id='word_1_474' title='bbox 1138 2965 1203 3024; x_wconf 70' lang='lat' dir='ltr'>lton</span> <span class='ocrx_word' id='word_1_475' title='bbox 1215 2963 1261 3023; x_wconf 85' lang='grc' dir='ltr'>καί</span> <span class='ocrx_word' id='word_1_476' title='bbox 1274 2963 1349 3042; x_wconf 82' lang='grc' dir='ltr'>ἁγίου</span> <span class='ocrx_word' id='word_1_477' title='bbox 1364 2965 1536 3044; x_wconf 88' lang='grc' dir='ltr'>Πνεύματος,</span> <span class='ocrx_word' id='word_1_478' title='bbox 1554 2969 1604 3027; x_wconf 84' lang='grc' dir='ltr'>καλ</span> <span class='ocrx_word' id='word_1_479' title='bbox 1617 2967 1667 3039; x_wconf 73' lang='grc' dir='ltr'>την</span> <span class='ocrx_word' id='word_1_480' title='bbox 1680 2973 1717 3037; x_wconf 89' lang='grc' dir='ltr'>εἰς</span> <span class='ocrx_word' id='word_1_481' title='bbox 1732 2972 1848 3041; x_wconf 64' lang='grc' dir='ltr'>ἀλληλοις</span> 
     </span>
     <span class='ocr_line' id='line_1_33' title="bbox 285 3037 1848 3125; baseline 0.001 -21"><span class='ocrx_word' id='word_1_482' title='bbox 285 3057 368 3104; x_wconf 87' lang='lat' dir='ltr'>tatem</span> <span class='ocrx_word' id='word_1_483' title='bbox 382 3058 503 3104; x_wconf 90' lang='lat' dir='ltr'>mutuam</span> <span class='ocrx_word' id='word_1_484' title='bbox 518 3043 588 3103; x_wconf 93' lang='lat' dir='ltr'>inter</span> <span class='ocrx_word' id='word_1_485' title='bbox 599 3065 628 3103; x_wconf 90' lang='lat' dir='ltr'>se</span> <span class='ocrx_word' id='word_1_486' title='bbox 646 3057 765 3116; x_wconf 86' lang='lat' dir='ltr'>servant,</span> <span class='ocrx_word' id='word_1_487' title='bbox 778 3044 808 3103; x_wconf 83' lang='lat' dir='ltr'>hi</span> <span class='ocrx_word' id='word_1_488' title='bbox 824 3045 968 3125; x_wconf 77' lang='lat' dir='ltr'>perfectam</span> <span class='ocrx_word' id='word_1_489' title='bbox 984 3067 1029 3106; x_wconf 92' lang='lat' dir='ltr'>ca·</span> <span class='ocrx_word' id='word_1_490' title='bbox 1098 3044 1253 3104; x_wconf 87' lang='grc' dir='ltr'>υλάττουσιν</span> <span class='ocrx_word' id='word_1_491' title='bbox 1267 3042 1389 3121; x_wconf 78' lang='grc' dir='ltr'>ἀγάπην,</span> <span class='ocrx_word' id='word_1_492' title='bbox 1404 3037 1477 3105; x_wconf 71' lang='grc' dir='ltr'>οὗτοι</span> <span class='ocrx_word' id='word_1_493' title='bbox 1491 3047 1643 3119; x_wconf 76' lang='grc' dir='ltr'>κέκτηνται</span> <span class='ocrx_word' id='word_1_494' title='bbox 1658 3050 1690 3107; x_wconf 81' lang='grc' dir='ltr'>τὸ</span> <span class='ocrx_word' id='word_1_495' title='bbox 1703 3050 1797 3108; x_wconf 81' lang='grc' dir='ltr'>τέλειον</span> <span class='ocrx_word' id='word_1_496' title='bbox 1809 3055 1848 3120; x_wconf 72' lang='grc' dir='ltr'>τῆς</span> 
     </span>
     <span class='ocr_line' id='line_1_34' title="bbox 285 3067 1847 3208; baseline 0.001 -24"><span class='ocrx_word' id='word_1_497' title='bbox 285 3125 392 3185; x_wconf 87' lang='lat' dir='ltr'>ritatem</span> <span class='ocrx_word' id='word_1_498' title='bbox 406 3124 550 3206; x_wconf 87' lang='lat' dir='ltr'>possident.</span> <span class='ocrx_word' id='word_1_499' title='bbox 569 3123 674 3183; x_wconf 71' lang='lat' dir='ltr'>Caritas</span> <span class='ocrx_word' id='word_1_500' title='bbox 688 3126 796 3183; x_wconf 87' lang='lat' dir='ltr'>Patrem</span> <span class='ocrx_word' id='word_1_501' title='bbox 813 3124 965 3197; x_wconf 80' lang='lat' dir='ltr'>confitetur,</span> <span class='ocrx_word' id='word_1_502' title='bbox 977 3125 1027 3185; x_wconf 83' lang='lat' dir='ltr'>Fi·</span> <span class='ocrx_word' id='word_1_503' title='bbox 1079 3067 1193 3202; x_wconf 73' lang='grc' dir='ltr'>ἀγάπης.</span> <span class='ocrx_word' id='word_1_504' title='bbox 1205 3122 1307 3201; x_wconf 86' lang='grc' dir='ltr'>Ἀγάπη</span> <span class='ocrx_word' id='word_1_505' title='bbox 1322 3124 1432 3203; x_wconf 78' lang='grc' dir='ltr'>Πατέρα</span> <span class='ocrx_word' id='word_1_506' title='bbox 1451 3128 1600 3205; x_wconf 83' lang='grc' dir='ltr'>ὁμολογεῖ,</span> <span class='ocrx_word' id='word_1_507' title='bbox 1621 3128 1687 3186; x_wconf 62' lang='lat' dir='ltr'>tuo</span> <span class='ocrx_word' id='word_1_508' title='bbox 1707 3139 1847 3208; x_wconf 79' lang='grc' dir='ltr'>προσκυνεῖ,</span> 
     </span>
     <span class='ocr_line' id='line_1_35' title="bbox 286 3202 1846 3285; baseline 0.003 -24"><span class='ocrx_word' id='word_1_509' title='bbox 286 3203 354 3263; x_wconf 91' lang='lat' dir='ltr'>lium</span> <span class='ocrx_word' id='word_1_510' title='bbox 365 3203 469 3277; x_wconf 87' lang='lat' dir='ltr'>adorat,</span> <span class='ocrx_word' id='word_1_511' title='bbox 483 3203 617 3283; x_wconf 88' lang='lat' dir='ltr'>Spiritum</span> <span class='ocrx_word' id='word_1_512' title='bbox 631 3217 753 3262; x_wconf 84' lang='lat' dir='ltr'>sanctum</span> <span class='ocrx_word' id='word_1_513' title='bbox 770 3202 1029 3283; x_wconf 78' lang='lat' dir='ltr'>glorificatzearitas</span> <span class='ocrx_word' id='word_1_514' title='bbox 1079 3202 1124 3262; x_wconf 86' lang='grc' dir='ltr'>κοιλ</span> <span class='ocrx_word' id='word_1_515' title='bbox 1137 3203 1168 3262; x_wconf 83' lang='grc' dir='ltr'>τὸ</span> <span class='ocrx_word' id='word_1_516' title='bbox 1183 3204 1293 3278; x_wconf 82' lang='grc' dir='ltr'>Πνεῦμα</span> <span class='ocrx_word' id='word_1_517' title='bbox 1310 3202 1428 3282; x_wconf 80' lang='grc' dir='ltr'>τὸάγιον</span> <span class='ocrx_word' id='word_1_518' title='bbox 1446 3203 1603 3285; x_wconf 78' lang='grc' dir='ltr'>δοξολογεῖ·</span> <span class='ocrx_word' id='word_1_519' title='bbox 1621 3207 1714 3282; x_wconf 82' lang='grc' dir='ltr'>ἀγάπη</span> <span class='ocrx_word' id='word_1_520' title='bbox 1735 3209 1780 3279; x_wconf 70' lang='grc' dir='ltr'>την</span> <span class='ocrx_word' id='word_1_521' title='bbox 1793 3234 1846 3283; x_wconf 74' lang='grc' dir='ltr'>σιρ-</span> 
     </span>
     <span class='ocr_line' id='line_1_36' title="bbox 287 3281 1845 3378; baseline 0 -36"><span class='ocrx_word' id='word_1_522' title='bbox 287 3284 430 3343; x_wconf 89' lang='lat' dir='ltr'>Trinitatis</span> <span class='ocrx_word' id='word_1_523' title='bbox 444 3297 601 3342; x_wconf 86' lang='lat' dir='ltr'>concentum</span> <span class='ocrx_word' id='word_1_524' title='bbox 613 3303 666 3341; x_wconf 90' lang='lat' dir='ltr'>non</span> <span class='ocrx_word' id='word_1_525' title='bbox 677 3281 822 3341; x_wconf 79' lang='lat' dir='ltr'>dividitO</span> <span class='ocrx_word' id='word_1_526' title='bbox 836 3284 933 3343; x_wconf 79' lang='lat' dir='ltr'>caritas</span> <span class='ocrx_word' id='word_1_527' title='bbox 944 3306 1026 3365; x_wconf 82' lang='lat' dir='ltr'>ange·</span> <span class='ocrx_word' id='word_1_528' title='bbox 1079 3281 1178 3362; x_wconf 80' lang='grc' dir='ltr'>ρωνίαν</span> <span class='ocrx_word' id='word_1_529' title='bbox 1193 3285 1241 3352; x_wconf 83' lang='grc' dir='ltr'>τῆς</span> <span class='ocrx_word' id='word_1_530' title='bbox 1261 3281 1376 3378; x_wconf 76' lang='grc' dir='ltr'>Τριάάος</span> <span class='ocrx_word' id='word_1_531' title='bbox 1389 3287 1418 3342; x_wconf 84' lang='grc' dir='ltr'>ού</span> <span class='ocrx_word' id='word_1_532' title='bbox 1434 3284 1544 3363; x_wconf 86' lang='grc' dir='ltr'>διαιρεῖ.</span> <span class='ocrx_word' id='word_1_533' title='bbox 1560 3286 1600 3345; x_wconf 83' lang='grc' dir='ltr'>Ὠ</span> <span class='ocrx_word' id='word_1_534' title='bbox 1616 3287 1724 3362; x_wconf 74' lang='grc' dir='ltr'>ἀγάπη,</span> <span class='ocrx_word' id='word_1_535' title='bbox 1744 3292 1845 3367; x_wconf 68' lang='grc' dir='ltr'>ἀγγέλων</span> 
     </span>
     <span class='ocr_line' id='line_1_37' title="bbox 285 3360 1845 3445; baseline 0.003 -23"><span class='ocrx_word' id='word_1_536' title='bbox 285 3363 375 3422; x_wconf 88' lang='lat' dir='ltr'>lorum</span> <span class='ocrx_word' id='word_1_537' title='bbox 394 3384 510 3435; x_wconf 86' lang='lat' dir='ltr'>consors,</span> <span class='ocrx_word' id='word_1_538' title='bbox 525 3377 632 3442; x_wconf 86' lang='lat' dir='ltr'>patrum</span> <span class='ocrx_word' id='word_1_539' title='bbox 652 3362 733 3437; x_wconf 88' lang='lat' dir='ltr'>socia,</span> <span class='ocrx_word' id='word_1_540' title='bbox 745 3361 937 3443; x_wconf 89' lang='lat' dir='ltr'>prophetarum</span> <span class='ocrx_word' id='word_1_541' title='bbox 966 3386 1027 3423; x_wconf 92' lang='lat' dir='ltr'>con·</span> <span class='ocrx_word' id='word_1_542' title='bbox 1043 3368 1062 3417; x_wconf 78' lang='lat' dir='ltr'>ll</span> <span class='ocrx_word' id='word_1_543' title='bbox 1079 3360 1203 3439; x_wconf 86' lang='grc' dir='ltr'>σύμύιος,</span> <span class='ocrx_word' id='word_1_544' title='bbox 1224 3384 1345 3437; x_wconf 84' lang='grc' dir='ltr'>πατερων</span> <span class='ocrx_word' id='word_1_545' title='bbox 1371 3362 1529 3443; x_wconf 82' lang='grc' dir='ltr'>σύντρορος,</span> <span class='ocrx_word' id='word_1_546' title='bbox 1552 3369 1701 3445; x_wconf 74' lang='grc' dir='ltr'>προσητῶν</span> <span class='ocrx_word' id='word_1_547' title='bbox 1724 3368 1845 3437; x_wconf 68' lang='grc' dir='ltr'>σύσκηνοι,</span> 
     </span>
     <span class='ocr_line' id='line_1_38' title="bbox 286 3430 1846 3541; baseline 0.002 -41"><span class='ocrx_word' id='word_1_548' title='bbox 286 3443 445 3519; x_wconf 76' lang='lat' dir='ltr'>tuliemalis,</span> <span class='ocrx_word' id='word_1_549' title='bbox 460 3454 611 3535; x_wconf 75' lang='lat' dir='ltr'>martyrum</span> <span class='ocrx_word' id='word_1_550' title='bbox 624 3463 732 3500; x_wconf 90' lang='lat' dir='ltr'>consors</span> <span class='ocrx_word' id='word_1_551' title='bbox 754 3441 942 3516; x_wconf 80' lang='lat' dir='ltr'>certaminum,</span> <span class='ocrx_word' id='word_1_552' title='bbox 965 3465 1029 3525; x_wconf 90' lang='lat' dir='ltr'>apo-</span> <span class='ocrx_word' id='word_1_553' title='bbox 1081 3440 1221 3541; x_wconf 85' lang='grc' dir='ltr'>μαρτύρων</span> <span class='ocrx_word' id='word_1_554' title='bbox 1242 3440 1383 3511; x_wconf 83' lang='grc' dir='ltr'>σύναθλος,</span> <span class='ocrx_word' id='word_1_555' title='bbox 1404 3443 1566 3502; x_wconf 86' lang='grc' dir='ltr'>ἀποστολων</span> <span class='ocrx_word' id='word_1_556' title='bbox 1583 3430 1641 3522; x_wconf 78' lang='grc' dir='ltr'>σύγ</span> <span class='ocrx_word' id='word_1_557' title='bbox 1657 3469 1731 3526; x_wconf 85' lang='grc' dir='ltr'>ορος,</span> <span class='ocrx_word' id='word_1_558' title='bbox 1746 3447 1846 3515; x_wconf 61' lang='lat' dir='ltr'>&#39;ilmin-</span> 
     </span>
     <span class='ocr_line' id='line_1_39' title="bbox 286 3470 1845 3605; baseline 0.001 -25"><span class='ocrx_word' id='word_1_559' title='bbox 286 3522 415 3581; x_wconf 90' lang='lat' dir='ltr'>stolorum</span> <span class='ocrx_word' id='word_1_560' title='bbox 433 3522 515 3581; x_wconf 87' lang='lat' dir='ltr'>choro</span> <span class='ocrx_word' id='word_1_561' title='bbox 525 3535 630 3601; x_wconf 73' lang='lat' dir='ltr'>juncta,</span> <span class='ocrx_word' id='word_1_562' title='bbox 643 3520 770 3580; x_wconf 75' lang='lat' dir='ltr'>Ecclesia</span> <span class='ocrx_word' id='word_1_563' title='bbox 789 3521 936 3582; x_wconf 85' lang='lat' dir='ltr'>vinculum.</span> <span class='ocrx_word' id='word_1_564' title='bbox 952 3523 1030 3583; x_wconf 86' lang='lat' dir='ltr'>Cari·</span> <span class='ocrx_word' id='word_1_565' title='bbox 1081 3521 1139 3587; x_wconf 88' lang='grc' dir='ltr'>σίας</span> <span class='ocrx_word' id='word_1_566' title='bbox 1150 3522 1301 3597; x_wconf 81' lang='grc' dir='ltr'>συνδεσμος.</span> <span class='ocrx_word' id='word_1_567' title='bbox 1315 3519 1417 3600; x_wconf 80' lang='grc' dir='ltr'>Ἀγάπη</span> <span class='ocrx_word' id='word_1_568' title='bbox 1429 3522 1551 3600; x_wconf 79' lang='grc' dir='ltr'>πολεμον</span> <span class='ocrx_word' id='word_1_569' title='bbox 1563 3528 1613 3583; x_wconf 84' lang='grc' dir='ltr'>οῦκ</span> <span class='ocrx_word' id='word_1_570' title='bbox 1625 3470 1705 3596; x_wconf 63' lang='lat' dir='ltr'>olias,</span> <span class='ocrx_word' id='word_1_571' title='bbox 1718 3529 1845 3605; x_wconf 76' lang='grc' dir='ltr'>ἐγίισὸνοίκ</span> 
     </span>
     <span class='ocr_line' id='line_1_40' title="bbox 285 3588 1846 3701; baseline 0.004 -42"><span class='ocrx_word' id='word_1_572' title='bbox 285 3613 326 3659; x_wconf 85' lang='lat' dir='ltr'>tas</span> <span class='ocrx_word' id='word_1_573' title='bbox 335 3601 437 3659; x_wconf 91' lang='lat' dir='ltr'>bellum</span> <span class='ocrx_word' id='word_1_574' title='bbox 453 3622 503 3658; x_wconf 90' lang='lat' dir='ltr'>non</span> <span class='ocrx_word' id='word_1_575' title='bbox 519 3600 602 3673; x_wconf 86' lang='lat' dir='ltr'>norit,</span> <span class='ocrx_word' id='word_1_576' title='bbox 617 3599 759 3658; x_wconf 87' lang='lat' dir='ltr'>inimicum</span> <span class='ocrx_word' id='word_1_577' title='bbox 775 3621 826 3657; x_wconf 91' lang='lat' dir='ltr'>non</span> <span class='ocrx_word' id='word_1_578' title='bbox 838 3599 926 3676; x_wconf 87' lang='lat' dir='ltr'>habet,</span> <span class='ocrx_word' id='word_1_579' title='bbox 935 3624 1029 3691; x_wconf 90' lang='lat' dir='ltr'>pacem</span> <span class='ocrx_word' id='word_1_580' title='bbox 1081 3600 1153 3680; x_wconf 76' lang='grc' dir='ltr'>ίχει,</span> <span class='ocrx_word' id='word_1_581' title='bbox 1181 3601 1287 3680; x_wconf 79' lang='grc' dir='ltr'>εἰρήνην</span> <span class='ocrx_word' id='word_1_582' title='bbox 1312 3599 1434 3701; x_wconf 60' lang='lat' dir='ltr'>praelatior</span> <span class='ocrx_word' id='word_1_583' title='bbox 1458 3623 1465 3637; x_wconf 93' lang='lat'><strong>·</strong></span> <span class='ocrx_word' id='word_1_584' title='bbox 1495 3603 1593 3682; x_wconf 86' lang='grc' dir='ltr'>ἀγάπη</span> <span class='ocrx_word' id='word_1_585' title='bbox 1623 3596 1749 3685; x_wconf 59' lang='lat' dir='ltr'>poeniali</span> <span class='ocrx_word' id='word_1_586' title='bbox 1766 3588 1846 3681; x_wconf 71' lang='grc' dir='ltr'>ίυςισλι</span> 
     </span>
     <span class='ocr_line' id='line_1_41' title="bbox 284 3677 1846 3765; baseline 0 -26"><span class='ocrx_word' id='word_1_587' title='bbox 284 3679 531 3739; x_wconf 76' lang='lat' dir='ltr'>conciliatzearitas</span> <span class='ocrx_word' id='word_1_588' title='bbox 544 3677 747 3758; x_wconf 75' lang='lat' dir='ltr'>sanguinarium</span> <span class='ocrx_word' id='word_1_589' title='bbox 773 3679 891 3738; x_wconf 82' lang='lat' dir='ltr'>furorem</span> <span class='ocrx_word' id='word_1_590' title='bbox 910 3682 1027 3761; x_wconf 78' lang='lat' dir='ltr'>mitigat,</span> <span class='ocrx_word' id='word_1_591' title='bbox 1081 3703 1103 3738; x_wconf 91' lang='grc' dir='ltr'>π</span> <span class='ocrx_word' id='word_1_592' title='bbox 1121 3678 1210 3755; x_wconf 81' lang='grc' dir='ltr'>σύνει,</span> <span class='ocrx_word' id='word_1_593' title='bbox 1222 3683 1342 3756; x_wconf 87' lang='grc' dir='ltr'>λογικους</span> <span class='ocrx_word' id='word_1_594' title='bbox 1362 3678 1441 3746; x_wconf 77' lang='grc' dir='ltr'>λαοὺς</span> <span class='ocrx_word' id='word_1_595' title='bbox 1463 3682 1613 3759; x_wconf 86' lang='grc' dir='ltr'>σεμνύνει·</span> <span class='ocrx_word' id='word_1_596' title='bbox 1628 3686 1721 3765; x_wconf 81' lang='grc' dir='ltr'>ἀγάπη</span> <span class='ocrx_word' id='word_1_597' title='bbox 1734 3730 1740 3747; x_wconf 85' lang='grc'>,</span> <span class='ocrx_word' id='word_1_598' title='bbox 1753 3692 1768 3755; x_wconf 73' lang='grc' dir='ltr'>ἦ</span> <span class='ocrx_word' id='word_1_599' title='bbox 1782 3689 1804 3743; x_wconf 82' lang='grc' dir='ltr'>ἐν</span> <span class='ocrx_word' id='word_1_600' title='bbox 1815 3689 1846 3741; x_wconf 80' lang='grc' dir='ltr'>τῶ</span> 
     </span>
     <span class='ocr_line' id='line_1_42' title="bbox 284 3748 1845 3842; baseline 0 -23"><span class='ocrx_word' id='word_1_601' title='bbox 284 3759 458 3819; x_wconf 76' lang='lat' dir='ltr'>rationabiles</span> <span class='ocrx_word' id='word_1_602' title='bbox 512 3759 591 3840; x_wconf 88' lang='lat' dir='ltr'>pulos</span> <span class='ocrx_word' id='word_1_603' title='bbox 613 3757 784 3816; x_wconf 83' lang='lat' dir='ltr'>honorabiles</span> <span class='ocrx_word' id='word_1_604' title='bbox 807 3758 907 3818; x_wconf 90' lang='lat' dir='ltr'>reddit:</span> <span class='ocrx_word' id='word_1_605' title='bbox 918 3762 1027 3840; x_wconf 82' lang='lat' dir='ltr'>caritas,</span> <span class='ocrx_word' id='word_1_606' title='bbox 1081 3781 1174 3841; x_wconf 83' lang='grc' dir='ltr'>κοσμῳ</span> <span class='ocrx_word' id='word_1_607' title='bbox 1196 3759 1234 3836; x_wconf 68' lang='grc' dir='ltr'>μὴ</span> <span class='ocrx_word' id='word_1_608' title='bbox 1257 3766 1399 3838; x_wconf 80' lang='grc' dir='ltr'>χωροῦσα,</span> <span class='ocrx_word' id='word_1_609' title='bbox 1418 3759 1465 3817; x_wconf 81' lang='grc' dir='ltr'>καί</span> <span class='ocrx_word' id='word_1_610' title='bbox 1487 3764 1513 3818; x_wconf 82' lang='grc' dir='ltr'>ἐν</span> <span class='ocrx_word' id='word_1_611' title='bbox 1527 3770 1644 3836; x_wconf 68' lang='grc' dir='ltr'>ταπεινοῦ,</span> <span class='ocrx_word' id='word_1_612' title='bbox 1661 3764 1755 3842; x_wconf 76' lang='grc' dir='ltr'>καρδία</span> <span class='ocrx_word' id='word_1_613' title='bbox 1770 3748 1845 3821; x_wconf 69' lang='lat' dir='ltr'>aerei·</span> 
     </span>
     <span class='ocr_line' id='line_1_43' title="bbox 286 3781 1846 3924; baseline 0.002 -27"><span class='ocrx_word' id='word_1_614' title='bbox 286 3862 345 3919; x_wconf 76' lang='lat' dir='ltr'>que</span> <span class='ocrx_word' id='word_1_615' title='bbox 358 3840 385 3899; x_wconf 96' lang='lat' dir='ltr'>in</span> <span class='ocrx_word' id='word_1_616' title='bbox 397 3781 688 3919; x_wconf 59' lang='lat' dir='ltr'>munclirononcapitur,</span> <span class='ocrx_word' id='word_1_617' title='bbox 699 3837 762 3896; x_wconf 86' lang='lat' dir='ltr'>etin</span> <span class='ocrx_word' id='word_1_618' title='bbox 777 3837 875 3897; x_wconf 86' lang='lat' dir='ltr'>humili</span> <span class='ocrx_word' id='word_1_619' title='bbox 888 3839 969 3898; x_wconf 88' lang='lat' dir='ltr'>corde</span> <span class='ocrx_word' id='word_1_620' title='bbox 980 3840 1030 3900; x_wconf 89' lang='lat' dir='ltr'>ha·</span> <span class='ocrx_word' id='word_1_621' title='bbox 1082 3844 1165 3898; x_wconf 88' lang='grc' dir='ltr'>κοῦσα</span> <span class='ocrx_word' id='word_1_622' title='bbox 1181 3862 1187 3875; x_wconf 93' lang='grc'>·</span> <span class='ocrx_word' id='word_1_623' title='bbox 1203 3838 1293 3918; x_wconf 81' lang='grc' dir='ltr'>ἀγάπη</span> <span class='ocrx_word' id='word_1_624' title='bbox 1316 3837 1420 3914; x_wconf 83' lang='grc' dir='ltr'>μελιτος</span> <span class='ocrx_word' id='word_1_625' title='bbox 1438 3838 1485 3896; x_wconf 82' lang='grc' dir='ltr'>καλ</span> <span class='ocrx_word' id='word_1_626' title='bbox 1525 3832 1645 3911; x_wconf 56' lang='lat' dir='ltr'>strato}</span> <span class='ocrx_word' id='word_1_627' title='bbox 1661 3829 1846 3924; x_wconf 59' lang='lat' dir='ltr'>ploxoie&#39;em]</span> 
     </span>
     <span class='ocr_line' id='line_1_44' title="bbox 285 3910 1845 3999; baseline -0.003 -20"><span class='ocrx_word' id='word_1_628' title='bbox 285 3919 370 3979; x_wconf 87' lang='lat' dir='ltr'>bitat:</span> <span class='ocrx_word' id='word_1_629' title='bbox 381 3919 479 3978; x_wconf 88' lang='lat' dir='ltr'>caritas</span> <span class='ocrx_word' id='word_1_630' title='bbox 494 3918 612 3977; x_wconf 90' lang='lat' dir='ltr'>melleet</span> <span class='ocrx_word' id='word_1_631' title='bbox 626 3919 694 3976; x_wconf 87' lang='lat' dir='ltr'>laete</span> <span class='ocrx_word' id='word_1_632' title='bbox 709 3917 826 3992; x_wconf 87' lang='lat' dir='ltr'>dulcior,</span> <span class='ocrx_word' id='word_1_633' title='bbox 840 3939 892 3977; x_wconf 88' lang='lat' dir='ltr'>non</span> <span class='ocrx_word' id='word_1_634' title='bbox 908 3919 989 3979; x_wconf 86' lang='lat' dir='ltr'>modo</span> <span class='ocrx_word' id='word_1_635' title='bbox 1002 3920 1029 3980; x_wconf 91' lang='lat' dir='ltr'>in</span> <span class='ocrx_word' id='word_1_636' title='bbox 1083 3918 1162 3997; x_wconf 87' lang='grc' dir='ltr'><strong>μόνον</strong></span> <span class='ocrx_word' id='word_1_637' title='bbox 1176 3921 1202 3977; x_wconf 81' lang='grc' dir='ltr'>ἐν</span> <span class='ocrx_word' id='word_1_638' title='bbox 1217 3922 1255 3999; x_wconf 83' lang='grc' dir='ltr'>τῷ</span> <span class='ocrx_word' id='word_1_639' title='bbox 1269 3921 1382 3995; x_wconf 88' lang='grc' dir='ltr'>στόματι</span> <span class='ocrx_word' id='word_1_640' title='bbox 1398 3919 1428 3978; x_wconf 81' lang='grc' dir='ltr'>τὸ</span> <span class='ocrx_word' id='word_1_641' title='bbox 1440 3921 1526 3997; x_wconf 88' lang='grc' dir='ltr'>γλυκυ</span> <span class='ocrx_word' id='word_1_642' title='bbox 1544 3921 1666 3998; x_wconf 80' lang='grc' dir='ltr'>ἔγουσα,</span> <span class='ocrx_word' id='word_1_643' title='bbox 1689 3923 1755 3981; x_wconf 76' lang='grc' dir='ltr'>ἀλλά</span> <span class='ocrx_word' id='word_1_644' title='bbox 1768 3910 1807 3979; x_wconf 74' lang='lat' dir='ltr'>iai</span> <span class='ocrx_word' id='word_1_645' title='bbox 1826 3926 1845 3980; x_wconf 80' lang='grc' dir='ltr'><strong>ἐν</strong></span> 
     </span>
     <span class='ocr_line' id='line_1_45' title="bbox 286 3990 1845 4081; baseline -0.001 -24"><span class='ocrx_word' id='word_1_646' title='bbox 286 4020 332 4058; x_wconf 83' lang='lat' dir='ltr'>ore</span> <span class='ocrx_word' id='word_1_647' title='bbox 341 4000 504 4058; x_wconf 85' lang='lat' dir='ltr'>suavitatem</span> <span class='ocrx_word' id='word_1_648' title='bbox 518 3999 631 4073; x_wconf 77' lang='lat' dir='ltr'>liabens,</span> <span class='ocrx_word' id='word_1_649' title='bbox 647 3995 694 4056; x_wconf 87' lang='lat' dir='ltr'>sed</span> <span class='ocrx_word' id='word_1_650' title='bbox 708 3998 790 4056; x_wconf 87' lang='lat' dir='ltr'>etiam</span> <span class='ocrx_word' id='word_1_651' title='bbox 802 3996 828 4055; x_wconf 90' lang='lat' dir='ltr'>in</span> <span class='ocrx_word' id='word_1_652' title='bbox 844 3998 939 4057; x_wconf 89' lang='lat' dir='ltr'>intimo</span> <span class='ocrx_word' id='word_1_653' title='bbox 951 4000 1119 4079; x_wconf 79' lang='grc' dir='ltr'>οοτιίοιιττῷ</span> <span class='ocrx_word' id='word_1_654' title='bbox 1130 3997 1205 4075; x_wconf 72' lang='grc' dir='ltr'>βάθει</span> <span class='ocrx_word' id='word_1_655' title='bbox 1216 4003 1264 4071; x_wconf 79' lang='grc' dir='ltr'>τῆς</span> <span class='ocrx_word' id='word_1_656' title='bbox 1276 3997 1400 4080; x_wconf 69' lang='grc' dir='ltr'>καρδίας,</span> <span class='ocrx_word' id='word_1_657' title='bbox 1414 3999 1446 4031; x_wconf 79' lang='lat'>**</span> <span class='ocrx_word' id='word_1_658' title='bbox 1458 3990 1628 4060; x_wconf 79' lang='grc' dir='ltr'>κεκτεῐσίλαι·</span> <span class='ocrx_word' id='word_1_659' title='bbox 1644 4001 1737 4081; x_wconf 82' lang='grc' dir='ltr'>ἀγάπη</span> <span class='ocrx_word' id='word_1_660' title='bbox 1752 4004 1779 4032; x_wconf 73' lang='lat'><strong><em>“</em></strong></span> <span class='ocrx_word' id='word_1_661' title='bbox 1789 4003 1845 4059; x_wconf 73' lang='grc' dir='ltr'>πίν-</span> 
     </span>
     <span class='ocr_line' id='line_1_46' title="bbox 285 4075 1846 4159; baseline 0 -22"><span class='ocrx_word' id='word_1_662' title='bbox 285 4077 573 4137; x_wconf 79' lang='lat' dir='ltr'>diffunditurtcaritas</span> <span class='ocrx_word' id='word_1_663' title='bbox 592 4075 718 4136; x_wconf 85' lang='lat' dir='ltr'>omnibus</span> <span class='ocrx_word' id='word_1_664' title='bbox 731 4077 870 4158; x_wconf 81' lang='lat' dir='ltr'>competit,</span> <span class='ocrx_word' id='word_1_665' title='bbox 885 4099 933 4158; x_wconf 91' lang='lat' dir='ltr'>per</span> <span class='ocrx_word' id='word_1_666' title='bbox 948 4100 1030 4157; x_wconf 87' lang='lat' dir='ltr'>quam</span> <span class='ocrx_word' id='word_1_667' title='bbox 1045 4075 1066 4123; x_wconf 67' lang='grc' dir='ltr'><strong>Α</strong></span> <span class='ocrx_word' id='word_1_668' title='bbox 1081 4101 1133 4135; x_wconf 92' lang='grc' dir='ltr'>των</span> <span class='ocrx_word' id='word_1_669' title='bbox 1149 4077 1273 4157; x_wconf 79' lang='grc' dir='ltr'>ἁρμόζει,</span> <span class='ocrx_word' id='word_1_670' title='bbox 1286 4080 1318 4137; x_wconf 86' lang='grc' dir='ltr'><strong>δι’</strong></span> <span class='ocrx_word' id='word_1_671' title='bbox 1336 4081 1368 4148; x_wconf 73' lang='grc' dir='ltr'>ἧς</span> <span class='ocrx_word' id='word_1_672' title='bbox 1379 4076 1525 4151; x_wconf 78' lang='grc' dir='ltr'>συνέστηκε</span> <span class='ocrx_word' id='word_1_673' title='bbox 1539 4080 1593 4156; x_wconf 86' lang='grc' dir='ltr'><strong>μὲν</strong></span> <span class='ocrx_word' id='word_1_674' title='bbox 1605 4082 1639 4139; x_wconf 86' lang='grc' dir='ltr'>τά</span> <span class='ocrx_word' id='word_1_675' title='bbox 1654 4081 1776 4159; x_wconf 82' lang='grc' dir='ltr'>ἐπίγεια,</span> <span class='ocrx_word' id='word_1_676' title='bbox 1790 4082 1846 4146; x_wconf 63' lang='lat' dir='ltr'>elie</span> 
     </span>
     <span class='ocr_line' id='line_1_47' title="bbox 284 4156 1847 4239; baseline 0.001 -23"><span class='ocrx_word' id='word_1_677' title='bbox 284 4170 389 4217; x_wconf 90' lang='lat' dir='ltr'>terrena</span> <span class='ocrx_word' id='word_1_678' title='bbox 396 4171 526 4229; x_wconf 89' lang='lat' dir='ltr'>constant,</span> <span class='ocrx_word' id='word_1_679' title='bbox 538 4156 652 4216; x_wconf 80' lang='lat' dir='ltr'>calestia</span> <span class='ocrx_word' id='word_1_680' title='bbox 665 4157 909 4234; x_wconf 71' lang='lat' dir='ltr'>augenturaearitas</span> <span class='ocrx_word' id='word_1_681' title='bbox 923 4173 1031 4239; x_wconf 90' lang='lat' dir='ltr'>propter</span> <span class='ocrx_word' id='word_1_682' title='bbox 1082 4156 1110 4215; x_wconf 76' lang='grc' dir='ltr'>δὲ</span> <span class='ocrx_word' id='word_1_683' title='bbox 1131 4156 1164 4215; x_wconf 84' lang='grc' dir='ltr'>τά</span> <span class='ocrx_word' id='word_1_684' title='bbox 1187 4157 1329 4239; x_wconf 78' lang='grc' dir='ltr'>ἐπουράνια</span> <span class='ocrx_word' id='word_1_685' title='bbox 1340 4179 1347 4192; x_wconf 87' lang='lat'><strong>·</strong></span> <span class='ocrx_word' id='word_1_686' title='bbox 1359 4156 1468 4237; x_wconf 87' lang='grc' dir='ltr'>ἀγάπη,</span> <span class='ocrx_word' id='word_1_687' title='bbox 1493 4157 1528 4214; x_wconf 86' lang='grc' dir='ltr'><strong>δι’</strong></span> <span class='ocrx_word' id='word_1_688' title='bbox 1540 4159 1576 4231; x_wconf 78' lang='grc' dir='ltr'>ἢν</span> <span class='ocrx_word' id='word_1_689' title='bbox 1591 4161 1688 4227; x_wconf 60' lang='lat' dir='ltr'>§liele</span> <span class='ocrx_word' id='word_1_690' title='bbox 1708 4162 1750 4218; x_wconf 77' lang='grc' dir='ltr'>τὸν</span> <span class='ocrx_word' id='word_1_691' title='bbox 1771 4165 1847 4219; x_wconf 74' lang='grc' dir='ltr'>ἑαυτοῦ</span> 
     </span>
     <span class='ocr_line' id='line_1_48' title="bbox 286 4235 1848 4317; baseline -0.002 -22"><span class='ocrx_word' id='word_1_692' title='bbox 286 4258 368 4315; x_wconf 89' lang='lat' dir='ltr'>quam</span> <span class='ocrx_word' id='word_1_693' title='bbox 381 4239 455 4297; x_wconf 89' lang='lat' dir='ltr'>Deus</span> <span class='ocrx_word' id='word_1_694' title='bbox 467 4238 488 4295; x_wconf 86' lang='lat' dir='ltr'>F</span> <span class='ocrx_word' id='word_1_695' title='bbox 489 4237 567 4295; x_wconf 91' lang='lat' dir='ltr'>ilium</span> <span class='ocrx_word' id='word_1_696' title='bbox 578 4257 659 4295; x_wconf 91' lang='lat' dir='ltr'>suum</span> <span class='ocrx_word' id='word_1_697' title='bbox 670 4235 744 4295; x_wconf 87' lang='lat' dir='ltr'>misit</span> <span class='ocrx_word' id='word_1_698' title='bbox 756 4236 784 4295; x_wconf 90' lang='lat' dir='ltr'>in</span> <span class='ocrx_word' id='word_1_699' title='bbox 805 4236 952 4295; x_wconf 90' lang='lat' dir='ltr'>mundum:</span> <span class='ocrx_word' id='word_1_700' title='bbox 968 4259 1032 4299; x_wconf 89' lang='lat' dir='ltr'>nam</span> <span class='ocrx_word' id='word_1_701' title='bbox 1082 4235 1146 4296; x_wconf 83' lang='grc' dir='ltr'>Υίὸν</span> <span class='ocrx_word' id='word_1_702' title='bbox 1160 4236 1314 4296; x_wconf 84' lang='grc' dir='ltr'>ἀπέστειλεν</span> <span class='ocrx_word' id='word_1_703' title='bbox 1329 4238 1366 4301; x_wconf 83' lang='grc' dir='ltr'>είς</span> <span class='ocrx_word' id='word_1_704' title='bbox 1380 4236 1424 4295; x_wconf 88' lang='grc' dir='ltr'>τὸν</span> <span class='ocrx_word' id='word_1_705' title='bbox 1439 4236 1542 4314; x_wconf 83' lang='grc' dir='ltr'>κόσμον</span> <span class='ocrx_word' id='word_1_706' title='bbox 1562 4262 1570 4275; x_wconf 84' lang='grc'><em>·</em></span> <span class='ocrx_word' id='word_1_707' title='bbox 1592 4240 1674 4299; x_wconf 55' lang='grc' dir='ltr'>(λίπω</span> <span class='ocrx_word' id='word_1_708' title='bbox 1692 4240 1742 4315; x_wconf 73' lang='grc' dir='ltr'>γὰρ</span> <span class='ocrx_word' id='word_1_709' title='bbox 1755 4241 1848 4317; x_wconf 65' lang='grc' dir='ltr'>ἠγάπη-</span> 
     </span>
     <span class='ocr_line' id='line_1_49' title="bbox 134 4315 1846 4394; baseline 0.004 -22"><span class='ocrx_word' id='word_1_710' title='bbox 134 4318 332 4377; x_wconf 75' lang='grc' dir='ltr'><strong>1ο.ιιι.3.ι6.8ιό</strong></span> <span class='ocrx_word' id='word_1_711' title='bbox 353 4319 434 4376; x_wconf 84' lang='lat' dir='ltr'>Deus</span> <span class='ocrx_word' id='word_1_712' title='bbox 459 4317 564 4375; x_wconf 73' lang='lat' dir='ltr'>dilexit</span> <span class='ocrx_word' id='word_1_713' title='bbox 588 4317 742 4385; x_wconf 83' lang='lat' dir='ltr'>mundum,</span> <span class='ocrx_word' id='word_1_714' title='bbox 761 4329 793 4375; x_wconf 85' lang='lat' dir='ltr'>ut</span> <span class='ocrx_word' id='word_1_715' title='bbox 812 4318 926 4375; x_wconf 85' lang='lat' dir='ltr'>Filium</span> <span class='ocrx_word' id='word_1_716' title='bbox 945 4338 1031 4377; x_wconf 85' lang='lat' dir='ltr'>suum</span> <span class='ocrx_word' id='word_1_717' title='bbox 1083 4316 1288 4383; x_wconf 77' lang='grc' dir='ltr'>σενάΘεὸςτὸν</span> <span class='ocrx_word' id='word_1_718' title='bbox 1300 4315 1412 4393; x_wconf 88' lang='grc' dir='ltr'>κόσμον,</span> <span class='ocrx_word' id='word_1_719' title='bbox 1427 4315 1499 4375; x_wconf 77' lang='grc' dir='ltr'>ὥστε</span> <span class='ocrx_word' id='word_1_720' title='bbox 1519 4316 1568 4376; x_wconf 80' lang='grc' dir='ltr'>τὸν</span> <span class='ocrx_word' id='word_1_721' title='bbox 1583 4319 1648 4379; x_wconf 59' lang='lat' dir='ltr'>tuo</span> <span class='ocrx_word' id='word_1_722' title='bbox 1664 4322 1744 4377; x_wconf 81' lang='grc' dir='ltr'>αὐτοῦ</span> <span class='ocrx_word' id='word_1_723' title='bbox 1756 4322 1846 4394; x_wconf 63' lang='lat' dir='ltr'>ritua-</span> 
     </span>
     <span class='ocr_line' id='line_1_50' title="bbox 285 4393 1847 4486; baseline 0.001 -32"><span class='ocrx_word' id='word_1_724' title='bbox 285 4400 467 4486; x_wconf 66' lang='lat' dir='ltr'>ttnigenitum</span> <span class='ocrx_word' id='word_1_725' title='bbox 479 4397 564 4455; x_wconf 78' lang='lat' dir='ltr'>daret</span> <span class='ocrx_word' id='word_1_726' title='bbox 576 4395 602 4455; x_wconf 90' lang='lat' dir='ltr'>in</span> <span class='ocrx_word' id='word_1_727' title='bbox 615 4395 749 4453; x_wconf 89' lang='lat' dir='ltr'>mundum</span> <span class='ocrx_word' id='word_1_728' title='bbox 763 4416 813 4475; x_wconf 90' lang='lat' dir='ltr'>pro</span> <span class='ocrx_word' id='word_1_729' title='bbox 833 4396 923 4455; x_wconf 88' lang='lat' dir='ltr'>nobis:</span> <span class='ocrx_word' id='word_1_730' title='bbox 935 4397 1031 4457; x_wconf 84' lang='lat' dir='ltr'>caritas</span> <span class='ocrx_word' id='word_1_731' title='bbox 1081 4399 1175 4474; x_wconf 81' lang='grc' dir='ltr'><strong>νογενῆ</strong></span> <span class='ocrx_word' id='word_1_732' title='bbox 1186 4394 1282 4454; x_wconf 77' lang='grc' dir='ltr'>ἔδωκεν</span> <span class='ocrx_word' id='word_1_733' title='bbox 1299 4398 1336 4462; x_wconf 87' lang='grc' dir='ltr'>είς</span> <span class='ocrx_word' id='word_1_734' title='bbox 1352 4396 1396 4454; x_wconf 86' lang='grc' dir='ltr'>τὸν</span> <span class='ocrx_word' id='word_1_735' title='bbox 1409 4393 1509 4473; x_wconf 87' lang='grc' dir='ltr'>κόσμον</span> <span class='ocrx_word' id='word_1_736' title='bbox 1530 4396 1600 4477; x_wconf 76' lang='grc' dir='ltr'>ὑπὲρ</span> <span class='ocrx_word' id='word_1_737' title='bbox 1613 4403 1711 4476; x_wconf 69' lang='grc' dir='ltr'>ἡμῶν·</span> <span class='ocrx_word' id='word_1_738' title='bbox 1726 4401 1808 4476; x_wconf 77' lang='grc' dir='ltr'>ἀγάπη</span> <span class='ocrx_word' id='word_1_739' title='bbox 1821 4398 1847 4456; x_wconf 73' lang='grc' dir='ltr'>τί</span> 
     </span>
     <span class='ocr_line' id='line_1_51' title="bbox 285 4473 1847 4556; baseline -0.001 -24"><span class='ocrx_word' id='word_1_740' title='bbox 285 4474 408 4556; x_wconf 85' lang='lat' dir='ltr'>pericula</span> <span class='ocrx_word' id='word_1_741' title='bbox 425 4474 453 4533; x_wconf 93' lang='lat' dir='ltr'>in</span> <span class='ocrx_word' id='word_1_742' title='bbox 467 4487 536 4532; x_wconf 89' lang='lat' dir='ltr'>terra</span> <span class='ocrx_word' id='word_1_743' title='bbox 552 4489 578 4533; x_wconf 92' lang='lat' dir='ltr'>et</span> <span class='ocrx_word' id='word_1_744' title='bbox 591 4475 619 4532; x_wconf 92' lang='lat' dir='ltr'>in</span> <span class='ocrx_word' id='word_1_745' title='bbox 638 4476 706 4532; x_wconf 89' lang='lat' dir='ltr'>mari</span> <span class='ocrx_word' id='word_1_746' title='bbox 729 4474 798 4533; x_wconf 82' lang='lat' dir='ltr'>ferre</span> <span class='ocrx_word' id='word_1_747' title='bbox 810 4473 919 4534; x_wconf 88' lang='lat' dir='ltr'>docuit:</span> <span class='ocrx_word' id='word_1_748' title='bbox 933 4476 1030 4537; x_wconf 82' lang='lat' dir='ltr'>caritas</span> <span class='ocrx_word' id='word_1_749' title='bbox 1082 4478 1113 4534; x_wconf 79' lang='grc' dir='ltr'>ἐκ</span> <span class='ocrx_word' id='word_1_750' title='bbox 1127 4473 1253 4534; x_wconf 81' lang='grc' dir='ltr'><strong>κινδύνων</strong></span> <span class='ocrx_word' id='word_1_751' title='bbox 1272 4473 1317 4534; x_wconf 86' lang='grc' dir='ltr'>καλ</span> <span class='ocrx_word' id='word_1_752' title='bbox 1334 4474 1402 4533; x_wconf 73' lang='grc' dir='ltr'>κατὰ</span> <span class='ocrx_word' id='word_1_753' title='bbox 1415 4478 1465 4551; x_wconf 77' lang='grc' dir='ltr'><strong>γῆν</strong></span> <span class='ocrx_word' id='word_1_754' title='bbox 1489 4474 1536 4533; x_wconf 78' lang='grc' dir='ltr'>καλ</span> <span class='ocrx_word' id='word_1_755' title='bbox 1561 4479 1702 4537; x_wconf 81' lang='grc' dir='ltr'>θαλασσαν</span> <span class='ocrx_word' id='word_1_756' title='bbox 1725 4478 1847 4555; x_wconf 79' lang='grc' dir='ltr'>ὑπομένειν</span> 
     </span>
     <span class='ocr_line' id='line_1_52' title="bbox 284 4553 1848 4639; baseline 0.001 -25"><span class='ocrx_word' id='word_1_757' title='bbox 284 4568 419 4636; x_wconf 78' lang='lat' dir='ltr'>martyres</span> <span class='ocrx_word' id='word_1_758' title='bbox 431 4553 548 4635; x_wconf 87' lang='lat' dir='ltr'>perlicit,</span> <span class='ocrx_word' id='word_1_759' title='bbox 565 4553 953 4627; x_wconf 81' lang='lat' dir='ltr'>beatificat,coronat:caritas</span> <span class='ocrx_word' id='word_1_760' title='bbox 967 4577 1031 4636; x_wconf 92' lang='lat' dir='ltr'>pro·</span> <span class='ocrx_word' id='word_1_761' title='bbox 1082 4553 1197 4623; x_wconf 81' lang='grc' dir='ltr'>έδίδαξεν</span> <span class='ocrx_word' id='word_1_762' title='bbox 1211 4576 1217 4589; x_wconf 91' lang='grc'><em>·</em></span> <span class='ocrx_word' id='word_1_763' title='bbox 1233 4554 1324 4633; x_wconf 88' lang='grc' dir='ltr'>ἀγάπη</span> <span class='ocrx_word' id='word_1_764' title='bbox 1347 4553 1484 4633; x_wconf 89' lang='grc' dir='ltr'>μάρτυρας</span> <span class='ocrx_word' id='word_1_765' title='bbox 1504 4558 1620 4627; x_wconf 87' lang='grc' dir='ltr'>τελειοῑ,</span> <span class='ocrx_word' id='word_1_766' title='bbox 1637 4568 1778 4639; x_wconf 85' lang='grc' dir='ltr'>μακαρισῑ,</span> <span class='ocrx_word' id='word_1_767' title='bbox 1801 4582 1848 4616; x_wconf 79' lang='grc' dir='ltr'>στε-</span> 
     </span>
     <span class='ocr_line' id='line_1_53' title="bbox 284 4632 1849 4725; baseline -0.001 -32"><span class='ocrx_word' id='word_1_768' title='bbox 284 4634 391 4693; x_wconf 82' lang='lat' dir='ltr'>ximum</span> <span class='ocrx_word' id='word_1_769' title='bbox 406 4647 435 4692; x_wconf 91' lang='lat' dir='ltr'>ut</span> <span class='ocrx_word' id='word_1_770' title='bbox 448 4633 564 4714; x_wconf 82' lang='lat' dir='ltr'>seipsam</span> <span class='ocrx_word' id='word_1_771' title='bbox 586 4632 705 4712; x_wconf 85' lang='lat' dir='ltr'>respicit,</span> <span class='ocrx_word' id='word_1_772' title='bbox 719 4646 744 4691; x_wconf 93' lang='lat' dir='ltr'>et</span> <span class='ocrx_word' id='word_1_773' title='bbox 759 4654 819 4711; x_wconf 79' lang='lat' dir='ltr'>quae</span> <span class='ocrx_word' id='word_1_774' title='bbox 833 4636 942 4725; x_wconf 90' lang='lat' dir='ltr'>propria</span> <span class='ocrx_word' id='word_1_775' title='bbox 955 4649 1028 4711; x_wconf 88' lang='lat' dir='ltr'>sunt,</span> <span class='ocrx_word' id='word_1_776' title='bbox 1103 4643 1180 4693; x_wconf 86' lang='grc' dir='ltr'>ανοῐ·</span> <span class='ocrx_word' id='word_1_777' title='bbox 1197 4633 1289 4711; x_wconf 90' lang='grc' dir='ltr'>ἀγάπη</span> <span class='ocrx_word' id='word_1_778' title='bbox 1309 4633 1353 4693; x_wconf 78' lang='grc' dir='ltr'>τὸν</span> <span class='ocrx_word' id='word_1_779' title='bbox 1375 4634 1487 4706; x_wconf 86' lang='grc' dir='ltr'>πλησίον</span> <span class='ocrx_word' id='word_1_780' title='bbox 1505 4637 1543 4701; x_wconf 84' lang='grc' dir='ltr'>ὡς</span> <span class='ocrx_word' id='word_1_781' title='bbox 1569 4638 1664 4696; x_wconf 78' lang='grc' dir='ltr'>ἑαυτὸν</span> <span class='ocrx_word' id='word_1_782' title='bbox 1678 4643 1742 4717; x_wconf 70' lang='grc' dir='ltr'>ἀρᾷ,</span> <span class='ocrx_word' id='word_1_783' title='bbox 1764 4638 1804 4695; x_wconf 85' lang='grc' dir='ltr'>καί</span> <span class='ocrx_word' id='word_1_784' title='bbox 1822 4636 1849 4694; x_wconf 76' lang='grc' dir='ltr'>τί</span> 
     </span>
     <span class='ocr_line' id='line_1_54' title="bbox 283 4656 1848 4795; baseline 0.001 -24"><span class='ocrx_word' id='word_1_785' title='bbox 283 4713 411 4772; x_wconf 89' lang='lat' dir='ltr'>omnibus</span> <span class='ocrx_word' id='word_1_786' title='bbox 438 4712 591 4772; x_wconf 89' lang='lat' dir='ltr'>communia</span> <span class='ocrx_word' id='word_1_787' title='bbox 613 4712 751 4770; x_wconf 77' lang='lat' dir='ltr'>existimat</span> <span class='ocrx_word' id='word_1_788' title='bbox 768 4736 774 4769; x_wconf 92' lang='lat'><strong>:</strong></span> <span class='ocrx_word' id='word_1_789' title='bbox 791 4728 888 4773; x_wconf 84' lang='lat' dir='ltr'>cantas</span> <span class='ocrx_word' id='word_1_790' title='bbox 910 4715 1029 4795; x_wconf 84' lang='lat' dir='ltr'>proximi</span> <span class='ocrx_word' id='word_1_791' title='bbox 1083 4656 1139 4772; x_wconf 80' lang='grc' dir='ltr'>ίδια</span> <span class='ocrx_word' id='word_1_792' title='bbox 1163 4723 1230 4772; x_wconf 74' lang='grc' dir='ltr'>πάσι</span> <span class='ocrx_word' id='word_1_793' title='bbox 1254 4712 1329 4773; x_wconf 79' lang='grc' dir='ltr'>κοινά</span> <span class='ocrx_word' id='word_1_794' title='bbox 1353 4716 1477 4793; x_wconf 76' lang='grc' dir='ltr'>ἡγεῖται·</span> <span class='ocrx_word' id='word_1_795' title='bbox 1494 4714 1589 4791; x_wconf 84' lang='grc' dir='ltr'>ἀγάπη</span> <span class='ocrx_word' id='word_1_796' title='bbox 1614 4716 1665 4786; x_wconf 75' lang='grc' dir='ltr'>τὴν</span> <span class='ocrx_word' id='word_1_797' title='bbox 1691 4719 1786 4775; x_wconf 74' lang='grc' dir='ltr'>ἔνδειαν</span> <span class='ocrx_word' id='word_1_798' title='bbox 1811 4722 1848 4775; x_wconf 79' lang='grc' dir='ltr'>τσῦ</span> 
     </span>
     <span class='ocr_line' id='line_1_55' title="bbox 284 4791 1849 4892; baseline 0.003 -42"><span class='ocrx_word' id='word_1_799' title='bbox 284 4806 429 4870; x_wconf 81' lang='lat' dir='ltr'>egestatem</span> <span class='ocrx_word' id='word_1_800' title='bbox 451 4806 482 4850; x_wconf 90' lang='lat' dir='ltr'>ut</span> <span class='ocrx_word' id='word_1_801' title='bbox 503 4792 555 4851; x_wconf 89' lang='lat' dir='ltr'>sibi</span> <span class='ocrx_word' id='word_1_802' title='bbox 576 4792 714 4872; x_wconf 87' lang='lat' dir='ltr'>propriam</span> <span class='ocrx_word' id='word_1_803' title='bbox 726 4792 938 4852; x_wconf 79' lang='lat' dir='ltr'>statuitzcaritas</span> <span class='ocrx_word' id='word_1_804' title='bbox 952 4814 1030 4853; x_wconf 88' lang='lat' dir='ltr'>men-</span> <span class='ocrx_word' id='word_1_805' title='bbox 1082 4792 1194 4863; x_wconf 87' lang='grc' dir='ltr'>πλησίον</span> <span class='ocrx_word' id='word_1_806' title='bbox 1209 4791 1277 4852; x_wconf 82' lang='grc' dir='ltr'>ἰδίαν</span> <span class='ocrx_word' id='word_1_807' title='bbox 1292 4793 1410 4851; x_wconf 78' lang='grc' dir='ltr'>τίθεται·</span> <span class='ocrx_word' id='word_1_808' title='bbox 1426 4792 1518 4892; x_wconf 89' lang='grc' dir='ltr'>ἀγάπη</span> <span class='ocrx_word' id='word_1_809' title='bbox 1534 4794 1628 4867; x_wconf 72' lang='grc' dir='ltr'><strong>κοινὴν</strong></span> <span class='ocrx_word' id='word_1_810' title='bbox 1640 4796 1770 4876; x_wconf 74' lang='grc' dir='ltr'>τράπεζαν</span> <span class='ocrx_word' id='word_1_811' title='bbox 1782 4807 1849 4855; x_wconf 73' lang='grc' dir='ltr'>πᾶσιν</span> 
     </span>
     <span class='ocr_line' id='line_1_56' title="bbox 282 4871 1846 4962; baseline 0.002 -32"><span class='ocrx_word' id='word_1_812' title='bbox 282 4892 341 4930; x_wconf 86' lang='lat' dir='ltr'>sam</span> <span class='ocrx_word' id='word_1_813' title='bbox 365 4872 492 4931; x_wconf 90' lang='lat' dir='ltr'>omnibus</span> <span class='ocrx_word' id='word_1_814' title='bbox 514 4893 684 4931; x_wconf 88' lang='lat' dir='ltr'>communem</span> <span class='ocrx_word' id='word_1_815' title='bbox 705 4886 797 4962; x_wconf 84' lang='lat' dir='ltr'>parat,</span> <span class='ocrx_word' id='word_1_816' title='bbox 808 4873 920 4954; x_wconf 88' lang='lat' dir='ltr'>pauperi</span> <span class='ocrx_word' id='word_1_817' title='bbox 941 4888 966 4932; x_wconf 87' lang='lat' dir='ltr'>ct</span> <span class='ocrx_word' id='word_1_818' title='bbox 986 4873 1029 4933; x_wconf 89' lang='lat' dir='ltr'>di·</span> <span class='ocrx_word' id='word_1_819' title='bbox 1082 4876 1156 4941; x_wconf 74' lang='grc' dir='ltr'>ἱστῦ,</span> <span class='ocrx_word' id='word_1_820' title='bbox 1171 4874 1290 4955; x_wconf 81' lang='grc' dir='ltr'>πλουσίῳ</span> <span class='ocrx_word' id='word_1_821' title='bbox 1309 4895 1338 4930; x_wconf 89' lang='grc' dir='ltr'>τε</span> <span class='ocrx_word' id='word_1_822' title='bbox 1360 4871 1406 4930; x_wconf 82' lang='grc' dir='ltr'>καὶ</span> <span class='ocrx_word' id='word_1_823' title='bbox 1419 4895 1530 4944; x_wconf 83' lang='grc' dir='ltr'>πενητι,</span> <span class='ocrx_word' id='word_1_824' title='bbox 1546 4879 1621 4954; x_wconf 79' lang='grc' dir='ltr'>σοριῗι</span> <span class='ocrx_word' id='word_1_825' title='bbox 1636 4898 1666 4932; x_wconf 80' lang='grc' dir='ltr'>τε</span> <span class='ocrx_word' id='word_1_826' title='bbox 1688 4878 1734 4935; x_wconf 83' lang='grc' dir='ltr'>καὶ</span> <span class='ocrx_word' id='word_1_827' title='bbox 1755 4877 1846 4951; x_wconf 72' lang='grc' dir='ltr'>ἰδιώτῃ·</span> 
     </span>
     <span class='ocr_line' id='line_1_57' title="bbox 283 4934 1848 5034; baseline 0.001 -24"><span class='ocrx_word' id='word_1_828' title='bbox 283 4952 352 5026; x_wconf 85' lang='lat' dir='ltr'>viti,</span> <span class='ocrx_word' id='word_1_829' title='bbox 371 4951 484 5032; x_wconf 88' lang='lat' dir='ltr'>sapienti</span> <span class='ocrx_word' id='word_1_830' title='bbox 499 4965 525 5010; x_wconf 89' lang='lat' dir='ltr'>et</span> <span class='ocrx_word' id='word_1_831' title='bbox 540 4951 645 5010; x_wconf 72' lang='lat' dir='ltr'>idiote:</span> <span class='ocrx_word' id='word_1_832' title='bbox 656 4965 753 5010; x_wconf 82' lang='lat' dir='ltr'>caritas</span> <span class='ocrx_word' id='word_1_833' title='bbox 775 4951 956 5011; x_wconf 89' lang='lat' dir='ltr'>amaritudine</span> <span class='ocrx_word' id='word_1_834' title='bbox 971 4953 1030 5034; x_wconf 85' lang='lat' dir='ltr'>ple·</span> <span class='ocrx_word' id='word_1_835' title='bbox 1082 4934 1174 5033; x_wconf 85' lang='grc' dir='ltr'>ἀγάπη</span> <span class='ocrx_word' id='word_1_836' title='bbox 1184 4950 1232 5024; x_wconf 79' lang='grc' dir='ltr'>τὴν</span> <span class='ocrx_word' id='word_1_837' title='bbox 1242 4949 1461 5031; x_wconf 85' lang='grc' dir='ltr'>πεπικρασμένην</span> <span class='ocrx_word' id='word_1_838' title='bbox 1475 4951 1566 5031; x_wconf 74' lang='grc' dir='ltr'><strong>ψυχὴν</strong></span> <span class='ocrx_word' id='word_1_839' title='bbox 1588 4936 1739 5032; x_wconf 89' lang='grc' dir='ltr'>γλυκαίνει,</span> <span class='ocrx_word' id='word_1_840' title='bbox 1755 4957 1799 5026; x_wconf 73' lang='grc' dir='ltr'>τὴν</span> <span class='ocrx_word' id='word_1_841' title='bbox 1810 4978 1848 5011; x_wconf 77' lang='grc' dir='ltr'>τε·</span> 
     </span>
     <span class='ocr_line' id='line_1_58' title="bbox 283 5029 1848 5113; baseline 0.002 -25"><span class='ocrx_word' id='word_1_842' title='bbox 283 5051 346 5089; x_wconf 90' lang='lat' dir='ltr'>nam</span> <span class='ocrx_word' id='word_1_843' title='bbox 372 5030 491 5089; x_wconf 89' lang='lat' dir='ltr'>animam</span> <span class='ocrx_word' id='word_1_844' title='bbox 512 5031 645 5090; x_wconf 84' lang='lat' dir='ltr'>suavitate</span> <span class='ocrx_word' id='word_1_845' title='bbox 663 5030 767 5113; x_wconf 88' lang='lat' dir='ltr'>replet,</span> <span class='ocrx_word' id='word_1_846' title='bbox 788 5031 917 5091; x_wconf 85' lang='lat' dir='ltr'>afflictam</span> <span class='ocrx_word' id='word_1_847' title='bbox 943 5047 1029 5108; x_wconf 84' lang='lat' dir='ltr'>curat,</span> <span class='ocrx_word' id='word_1_848' title='bbox 1046 5038 1064 5085; x_wconf 80' lang='grc' dir='ltr'><strong><em>Β</em></strong></span> <span class='ocrx_word' id='word_1_849' title='bbox 1082 5031 1229 5111; x_wconf 84' lang='grc' dir='ltr'>θλιμμένην</span> <span class='ocrx_word' id='word_1_850' title='bbox 1251 5029 1405 5112; x_wconf 79' lang='grc' dir='ltr'>θεραπεύει,</span> <span class='ocrx_word' id='word_1_851' title='bbox 1420 5030 1469 5102; x_wconf 68' lang='grc' dir='ltr'>τὴν</span> <span class='ocrx_word' id='word_1_852' title='bbox 1487 5035 1722 5111; x_wconf 83' lang='grc' dir='ltr'>τεταπεινωμένην</span> <span class='ocrx_word' id='word_1_853' title='bbox 1747 5036 1848 5093; x_wconf 70' lang='lat' dir='ltr'>italii-</span> 
     </span>
     <span class='ocr_line' id='line_1_59' title="bbox 283 5109 1847 5192; baseline 0.001 -25"><span class='ocrx_word' id='word_1_854' title='bbox 283 5109 453 5169; x_wconf 86' lang='lat' dir='ltr'>humiliatam</span> <span class='ocrx_word' id='word_1_855' title='bbox 468 5111 687 5170; x_wconf 87' lang='lat' dir='ltr'>rec1·eat:caritas</span> <span class='ocrx_word' id='word_1_856' title='bbox 704 5111 952 5190; x_wconf 79' lang='lat' dir='ltr'>inexstinguibilem</span> <span class='ocrx_word' id='word_1_857' title='bbox 970 5112 1028 5171; x_wconf 90' lang='lat' dir='ltr'>vir·</span> <span class='ocrx_word' id='word_1_858' title='bbox 1082 5114 1123 5170; x_wconf 92' lang='grc' dir='ltr'><strong>λει</strong></span> <span class='ocrx_word' id='word_1_859' title='bbox 1136 5135 1142 5148; x_wconf 94' lang='grc'>·</span> <span class='ocrx_word' id='word_1_860' title='bbox 1156 5111 1247 5190; x_wconf 89' lang='grc' dir='ltr'>ἀγάπη</span> <span class='ocrx_word' id='word_1_861' title='bbox 1261 5110 1388 5170; x_wconf 84' lang='grc' dir='ltr'>ἀσύεστον</span> <span class='ocrx_word' id='word_1_862' title='bbox 1408 5111 1542 5189; x_wconf 77' lang='grc' dir='ltr'>λαμπάδα</span> <span class='ocrx_word' id='word_1_863' title='bbox 1556 5117 1607 5183; x_wconf 74' lang='grc' dir='ltr'>τῆς</span> <span class='ocrx_word' id='word_1_864' title='bbox 1627 5115 1768 5192; x_wconf 72' lang='grc' dir='ltr'>παρθενίας</span> <span class='ocrx_word' id='word_1_865' title='bbox 1788 5136 1847 5190; x_wconf 79' lang='grc' dir='ltr'>περι·</span> 
     </span>
     <span class='ocr_line' id='line_1_60' title="bbox 282 5188 1845 5271; baseline 0.003 -25"><span class='ocrx_word' id='word_1_866' title='bbox 282 5189 404 5266; x_wconf 80' lang='lat' dir='ltr'>ginitatis</span> <span class='ocrx_word' id='word_1_867' title='bbox 417 5189 554 5248; x_wconf 88' lang='lat' dir='ltr'>lucernam</span> <span class='ocrx_word' id='word_1_868' title='bbox 568 5189 733 5266; x_wconf 78' lang='lat' dir='ltr'>circumfert,</span> <span class='ocrx_word' id='word_1_869' title='bbox 744 5204 770 5250; x_wconf 90' lang='lat' dir='ltr'>et</span> <span class='ocrx_word' id='word_1_870' title='bbox 784 5212 847 5251; x_wconf 85' lang='lat' dir='ltr'>suos</span> <span class='ocrx_word' id='word_1_871' title='bbox 866 5192 970 5251; x_wconf 89' lang='lat' dir='ltr'>curiose</span> <span class='ocrx_word' id='word_1_872' title='bbox 984 5191 1028 5252; x_wconf 87' lang='lat' dir='ltr'>in·</span> <span class='ocrx_word' id='word_1_873' title='bbox 1081 5191 1170 5271; x_wconf 81' lang='grc' dir='ltr'>φέρει,</span> <span class='ocrx_word' id='word_1_874' title='bbox 1182 5190 1226 5250; x_wconf 79' lang='grc' dir='ltr'>καὶ</span> <span class='ocrx_word' id='word_1_875' title='bbox 1240 5188 1299 5256; x_wconf 80' lang='grc' dir='ltr'>τοῦς</span> <span class='ocrx_word' id='word_1_876' title='bbox 1313 5190 1392 5256; x_wconf 79' lang='grc' dir='ltr'>ἰδίους</span> <span class='ocrx_word' id='word_1_877' title='bbox 1403 5213 1496 5270; x_wconf 83' lang='grc' dir='ltr'>περιερ</span> <span class='ocrx_word' id='word_1_878' title='bbox 1515 5191 1611 5259; x_wconf 82' lang='grc' dir='ltr'>άζεται</span> <span class='ocrx_word' id='word_1_879' title='bbox 1625 5196 1741 5267; x_wconf 80' lang='grc' dir='ltr'>ζητοῦσα</span> <span class='ocrx_word' id='word_1_880' title='bbox 1752 5218 1758 5230; x_wconf 91' lang='grc'><em>·</em></span> <span class='ocrx_word' id='word_1_881' title='bbox 1770 5196 1845 5270; x_wconf 74' lang='grc' dir='ltr'>ἀγάπη</span> 
     </span>
     <span class='ocr_line' id='line_1_61' title="bbox 283 5217 1845 5355; baseline 0.002 -29"><span class='ocrx_word' id='word_1_882' title='bbox 283 5268 367 5346; x_wconf 82' lang='grc' dir='ltr'>ηιιίείι</span> <span class='ocrx_word' id='word_1_883' title='bbox 390 5269 486 5329; x_wconf 85' lang='lat' dir='ltr'>caritas</span> <span class='ocrx_word' id='word_1_884' title='bbox 498 5269 573 5350; x_wconf 78' lang='lat' dir='ltr'>regni</span> <span class='ocrx_word' id='word_1_885' title='bbox 589 5283 680 5351; x_wconf 88' lang='lat' dir='ltr'>portas</span> <span class='ocrx_word' id='word_1_886' title='bbox 693 5270 790 5352; x_wconf 87' lang='lat' dir='ltr'>aperit,</span> <span class='ocrx_word' id='word_1_887' title='bbox 804 5284 830 5331; x_wconf 90' lang='lat' dir='ltr'>et</span> <span class='ocrx_word' id='word_1_888' title='bbox 844 5271 1029 5353; x_wconf 77' lang='lat' dir='ltr'>virginitatem</span> <span class='ocrx_word' id='word_1_889' title='bbox 1081 5270 1130 5338; x_wconf 81' lang='grc' dir='ltr'>τάς</span> <span class='ocrx_word' id='word_1_890' title='bbox 1140 5275 1187 5343; x_wconf 74' lang='grc' dir='ltr'>τῆς</span> <span class='ocrx_word' id='word_1_891' title='bbox 1205 5268 1340 5350; x_wconf 83' lang='grc' dir='ltr'>βασιλείας</span> <span class='ocrx_word' id='word_1_892' title='bbox 1357 5269 1438 5348; x_wconf 80' lang='grc' dir='ltr'>θύρας</span> <span class='ocrx_word' id='word_1_893' title='bbox 1451 5217 1569 5350; x_wconf 85' lang='grc' dir='ltr'>ἀνοίγει,</span> <span class='ocrx_word' id='word_1_894' title='bbox 1581 5272 1628 5332; x_wconf 79' lang='grc' dir='ltr'>καί</span> <span class='ocrx_word' id='word_1_895' title='bbox 1651 5275 1701 5345; x_wconf 71' lang='grc' dir='ltr'>τὴν</span> <span class='ocrx_word' id='word_1_896' title='bbox 1722 5275 1845 5355; x_wconf 67' lang='lat' dir='ltr'>explain</span> 
     </span>
    </p>
   </div>
   <div class='ocr_carea' id='block_1_3' title="bbox 0 0 1877 5970">
    <p class='ocr_par' dir='ltr' id='par_1_3' title="bbox 0 0 1877 5970">
     <span class='ocr_line' id='line_1_62' title="bbox 0 0 1877 5970; baseline 0 0"><span class='ocrx_word' id='word_1_897' title='bbox 0 0 1877 5970; x_wconf 95' lang='lat' dir='ltr'> </span> 
     </span>
    </p>
   </div>
  </div>
 </body>
</html>
