3728 5978
540 456 574 502 in
601 449 688 503 scri
713 451 968 502 soosrnnonun.
997 451 1115 500 nonin.
1143 452 1226 500 xiii.
1587 425 1655 520 357

85 567 132 636 σύν
148 575 302 656 Δημήτριος
312 577 358 637 καὶ
374 583 398 639 οἱ
412 578 458 638 σὺν
476 581 549 659 αύτῷ
561 589 680 662 τεχνῖται
693 579 784 659 ίχουσι
794 576 860 657 πρός
915 575 1100 655 Aequiuocum
1115 573 1287 635 mendacium
1301 589 1341 635 est
1357 597 1363 632 ι
1383 574 1434 635 iste
1453 585 1543 633 niuem
1556 573 1589 632 nd
1607 593 1656 654 pc·

86 692 147 729 τινα
165 671 257 747 λόγον,
271 672 389 752 ἀγοραῖοι
410 671 531 750 ἄγονται,
548 673 594 732 καί
614 670 758 732 ἀνθύπατοί
777 667 1012 748 είσιν·ιιοΡ“Ιιιιιι
1026 667 1249 748 c⁰¹¹¹Pi³⁵0⁰¹¹d¹¹¹¹¹
1266 666 1349 726 dim·
1371 666 1420 728 53·
1447 667 1532 746 Qu⁰d
1550 670 1576 726 ⁵5
1596 668 1658 725 De·

86 761 283 840 ἐγκαλείτωσαν
297 762 430 834 ἀλλήλους.
446 766 480 823 Ei
494 763 523 824 δέ
537 788 563 822 τι
579 764 640 844 περί
656 762 752 844 ἐτέρων
763 764 857 834 ἐπιζη-
877 760 896 805 A
914 767 1050 836 metrias,
1069 777 1099 823 et
1114 767 1244 844 quicum
1261 785 1295 822 eo
1311 776 1379 823 sunt
1394 763 1533 844 artifices,
1545 765 1657 827 tabens

87 862 172 926 τεῖτε,
188 855 214 912 ἐν
226 857 260 930 τῇ
277 853 379 936 ἐννόμῳ
395 855 523 936 ἐκκλησίᾳ
534 855 728 928 ἐπιλυθήσεται.
740 853 794 913 Καὶ
807 852 859 932 γὰρ
913 856 1052 916 adversus
1063 857 1193 937 aliquem
1204 876 1339 927 causam,
1353 868 1512 915 conventus
1523 857 1656 935 forenses

85 944 269 1023 κινδυνεύομεν
282 947 451 1023 ἐγκαλεῖσθαι
465 947 582 1015 στάσεως
596 947 658 1028 περὶ
670 951 718 1018 τῆς
730 945 856 1025 σήμερον,
912 961 1049 1029 aguntur,
1064 961 1093 1009 et
1104 949 1292 1029 proconsules
1310 962 1379 1008 sunt
1396 973 1404 1006 :
1424 962 1561 1008 accusent
1581 953 1656 1008 inri-

87 1034 199 1111 μηδενὸς
213 1035 298 1095 αἰτίου
308 1037 485 1117 ὑπάρχοντος,
496 1038 557 1120 περί
567 1030 596 1099 ού
608 1041 620 1064 *
628 1039 683 1117 [ού]
695 1039 858 1115 δυνησόμεθα
911 1059 983 1100 cem.
997 1038 1046 1101 59.
1059 1041 1090 1101 Si
1103 1042 1176 1122 quid
1184 1054 1283 1100 autem
1293 1042 1329 1099 de
1339 1042 1407 1100 aliis
1417 1045 1501 1102 rebus
1513 1045 1653 1122 queritis,

87 1128 232 1187 ἀποδοῦναι
246 1128 323 1207 λόγον
343 1135 391 1202 τῆς
405 1135 553 1212 συστροφῆς
572 1130 679 1203 ταύτης.
701 1129 755 1190 Καὶ
774 1137 858 1190 ταῦτα
912 1133 945 1189 in
959 1132 1088 1212 legitimo
1098 1145 1243 1191 conventu
1254 1133 1393 1192 solvetur.
1406 1135 1455 1192 l0.
1467 1135 1545 1192 Nom
1562 1147 1592 1192 et
1605 1155 1656 1214 pe·

87 1217 186 1294 εἰπὼν,
198 1220 314 1280 ἀπέλυσε
328 1221 376 1294 τὴν
391 1222 542 1295 ἐκκλησίαν.
557 1222 686 1301 Ἔννομον
701 1221 857 1296 ἐκκλησίαν,
911 1224 1078 1283 riclitomur
1091 1228 1176 1305 argui
1184 1225 1335 1283 seditionis
1344 1226 1502 1297 hodierne,
1515 1246 1581 1285 cum
1592 1227 1656 1285 nul·

88 1311 168 1391 φησί,
183 1313 250 1372 διότι
264 1322 333 1393 τρεῖς
344 1313 483 1386 ἐκκλησίαι
497 1314 611 1394 ἐγίνοντο
620 1315 689 1373 κατὰ
700 1312 779 1391 νόμον
798 1317 856 1373 καθ’
911 1312 942 1371 ία
956 1317 995 1373 sit
1005 1335 1108 1387 causa,
1124 1316 1202 1374 unde
1215 1319 1361 1395 possimus
1374 1317 1496 1375 reddere
1509 1321 1656 1377 rationem

87 1403 198 1465 ἕκαστον
211 1411 300 1483 μῆνα·
317 1406 384 1479 αὕτη
396 1405 423 1466 δέ
434 1398 466 1478 ἤν
479 1406 641 1488 παράνομος.
659 1396 729 1466 Eira
740 1405 787 1465 καί
799 1405 858 1486 tot
910 1405 997 1485 liujus
1007 1407 1158 1465 tumultus.
1171 1408 1213 1465 Et
1224 1409 1270 1465 nis
1282 1409 1369 1467 elictis
1379 1421 1484 1467 coetum
1494 1409 1591 1468 solvit.
1603 1410 1655 1469 Le-

86 1495 168 1568 ύηοιν
188 1495 281 1563 αὐτοὺς
296 1496 390 1571 εἰπὼν,
406 1497 597 1576 Kentourinon
611 1500 778 1576 ἐγκαλεῖσθαι
793 1496 859 1556 στά-
910 1490 1037 1569 gitimum
1051 1507 1211 1555 conventum
1225 1493 1300 1553 dicit.
1317 1496 1388 1554 Nam
1405 1495 1556 1555 secundum
1569 1497 1655 1576 legem

86 1611 163 1654 στοις.
174 1587 245 1648 Ἀλλ’
258 1587 356 1668 ἴδωμεν
368 1590 466 1650 ἄνωθεν
480 1589 514 1650 τὰ
528 1589 663 1671 εἰρημένα.
675 1589 722 1656 Ὡς
732 1589 760 1649 δὲ
771 1593 857 1664 ἐπλη-
909 1597 964 1644 tres
977 1599 1124 1646 conventus
1137 1587 1239 1646 fiebant
1252 1586 1365 1668 singulis
1374 1589 1524 1664 mensibus3
1536 1588 1582 1648 hic
1591 1611 1656 1650 vero

87 1679 160 1758 ρῶθη
173 1687 266 1752 ταῦτα,
277 1680 365 1762 φησὶν,
379 1680 452 1741 ἔθετο
464 1688 480 1742 ό
494 1683 600 1749 Παῦλος
614 1685 640 1742 ἐν
657 1685 696 1762 τῷ
705 1682 857 1760 Πνεύματι,
875 1689 894 1736 Β
911 1691 1058 1737 conventus
1071 1678 1229 1758 illegitimus
1240 1694 1305 1739 erat.
1317 1679 1423 1739 Deinde
1433 1681 1530 1740 terruit
1540 1680 1602 1741 illos
1613 1680 1656 1740 di·

87 1771 196 1832 διελθὼν
209 1773 258 1845 τὴν
273 1773 438 1834 Μακεδονίαν
453 1775 498 1834 καί
513 1773 634 1855 Ἀχαίαν,
649 1775 804 1856 πορεύεσθαι
821 1777 859 1842 είς
909 1791 971 1830 oens
982 1794 988 1828 =
1000 1773 1171 1831 Periculum
1185 1784 1239 1845 est,
1261 1793 1298 1831 ne
1311 1791 1483 1833 accusemur
1494 1774 1655 1835 seditionis.

86 1864 270 1945 Ἱεροσόλυμα.
296 1869 356 1926 Οὐκ
379 1865 419 1925 ἔτι
444 1867 613 1947 ἀνθρωπίνως
642 1869 753 1927 ἐνταῦθα
774 1877 857 1942 ποιεῖ,
910 1861 965 1922 Sed
980 1863 1105 1945 superius
1127 1863 1200 1923 dicta
1222 1878 1384 1944 repetamus.
1407 1867 1464 1924 His
1486 1867 1653 1946 completis,

86 1955 156 2017 titt
169 1957 324 2036 Πνεύματι,
337 1950 415 2040 ᾧκαί
426 1959 562 2043 προείλετο
576 1961 697 2019 διελθεῖν.
710 1962 798 2020 Τοῦτο
806 1960 858 2039 γάρ
909 1953 1010 2033 inquit,
1028 1960 1178 2035 proposuit
1198 1957 1314 2015 Paulus
1334 1960 1366 2015 in
1384 1955 1510 2035 Spiritu,
1527 1963 1657 2019 transito

86 2053 142 2109 ἐστι
155 2049 205 2123 τό,
221 2049 331 2125 Ἔθετο,
346 2051 392 2110 καί
410 2054 534 2124 τοιαύτην
550 2057 564 2111 ό
582 2052 657 2131 λόγος
678 2050 778 2112 ἔννοιαν
791 2052 856 2132 ἔχει.
910 2048 1089 2107 Macedonia
1104 2060 1132 2107 et
1146 2047 1279 2120 Achaia,
1295 2052 1338 2107 ire
1351 2049 1581 2124 lerosolymam.
1595 2053 1654 2112 Non

86 2141 166 2208 Τίνος
185 2141 214 2201 δὲ
234 2141 322 2202 ἕνεκεν
337 2143 493 2204 ἀποστέλλει
507 2144 636 2222 Τιμόθεον
653 2144 698 2203 καὶ
710 2143 856 2224 Ἔραστον,
905 2138 964 2217 jam
972 2138 1090 2198 humana
1104 2139 1208 2198 ratione
1223 2138 1290 2218 agit,
1307 2139 1355 2198 sed
1367 2141 1483 2220 Spiritu,
1496 2163 1550 2219 quo
1565 2155 1654 2203 unns-

84 2236 114 2291 ού
127 2231 218 2314 λέγει·
233 2234 292 2313 ἐμοί
302 2232 329 2292 δύ
343 2234 469 2293 δοκεῖκαὶ
480 2235 541 2314 περί
554 2236 646 2295 τούτου
660 2238 742 2295 εἰπεῖν
754 2236 799 2310 τδ,
809 2235 856 2295 Ἐν
909 2229 948 2289 ire
965 2229 1085 2293 decrevit
1097 2254 1104 2288 ι
1117 2229 1147 2290 id
1160 2231 1231 2290 enim
1244 2231 1295 2290 sibi
1313 2232 1374 2293 mult
1385 2230 1470 2310 illud,
1484 2235 1653 2311 Proposuit,

85 2323 234 2402 Πνεύματι.
251 2324 300 2385 Διδ
319 2325 417 2404 μηκέτι
439 2325 591 2407 στέγοντες,
604 2327 785 2405 εὐδοκήσαμιν
803 2351 856 2387 κο·
909 2335 934 2381 et
947 2323 994 2382 hic
1006 2337 1047 2383 est
1060 2324 1196 2383 dictorum
1210 2344 1312 2384 sensus.
1330 2325 1387 2384 Cur
1400 2337 1490 2384 autem
1505 2325 1595 2384 mittet
1608 2325 1656 2385 Ti·

84 2416 258 2496 ταλιιρθῆναι
279 2419 307 2475 ἐν
330 2415 448 2500 Ἀθήναις
477 2419 566 2496 μόνοι.
582 2419 635 2479 Καὶ
658 2419 721 2499 ύρα,
744 2418 789 2479 δύο
803 2422 857 2478 τῶν
909 2414 1048 2475 motbcum
1063 2430 1089 2476 et
1104 2416 1314 2491 Erastum,non
1327 2415 1394 2476 dicit
1413 2440 1421 2479 ι
1439 2416 1549 2476 videtur
1565 2431 1655 2479 aulem

84 2506 275 2567 διακονούντων
305 2512 376 2591 αύτῷ
406 2509 561 2586 ἀπέστειλε,
587 2510 634 2584 τόν
648 2534 686 2574 ,τε
709 2510 864 2591 παρουσίαν·
909 2506 979 2566 mibi
988 2507 1069 2567 etiam
1080 2507 1175 2587 dehoc
1184 2508 1301 2583 dici,1n
1309 2510 1429 2589 Spiritu.
1441 2512 1567 2590 Propter
1577 2512 1656 2591 quod
1669 2519 1803 2567 cluens.

84 2603 246 2681 ἀπαγγεῖλαι
273 2603 319 2662 καλ
343 2603 553 2685 προθυμοτέρους
580 2608 701 2676 ποιῆσαι.
729 2605 857 2663 Μάλιστα
910 2617 969 2657 non
982 2605 1155 2660 sustinentes
1173 2602 1311 2680 amplius,
1330 2602 1444 2681 placuit
1456 2605 1539 2662 nobis
1554 2622 1653 2661 rema-
1669 2595 1689 2628 ¹·

83 2690 191 2752 πάντων
209 2698 243 2775 τῇ
258 2695 332 2776 Ἀσίᾳ
348 2695 523 2776 ἐνδιατρίόει·
538 2697 660 2763 εἰκότως·
675 2700 730 2757 ἐκεῖ
748 2695 801 2777 γὰρ
823 2687 856 2769 ἦν
910 2713 978 2750 nere
990 2692 1129 2764 Athenis,
1146 2693 1226 2751 solis.
1242 2691 1277 2752 Et
1297 2692 1377 2769 vide,
1388 2692 1458 2753 duos
1470 2714 1505 2752 cx
1523 2693 1655 2754 ministris

83 2790 101 2856 ἡ
116 2785 203 2857 πολλὴ
218 2786 316 2867 φατρία
330 2792 381 2847 τῶν
402 2787 559 2869 ριλοσόρων.
580 2788 633 2848 Καὶ
655 2786 754 2860 ἐλθιῖνν,
775 2788 856 2847 πόλιν
872 2791 891 2838 G
909 2782 964 2842 suis
975 2783 1065 2860 misit,
1079 2797 1111 2842 ut
1126 2797 1153 2843 et
1170 2783 1319 2843 adventum
1336 2805 1417 2844 suum
1438 2786 1610 2845 annuntiaret
1628 2800 1655 2846 et

84 2879 174 2944 αὐτοῖς
188 2878 333 2957 διελέγετο·
348 2878 394 2938 καλ
412 2879 464 2960 γὰρ
479 2878 565 2951 πολλὴ
580 2871 612 2952 ἦν
627 2881 682 2939 ἐκεῖ
696 2885 713 2951 ἠ
730 2880 856 2939 δεισιδαι-
908 2877 1067 2957 promtiores
1078 2877 1140 2937 illos
1153 2876 1285 2937 redderet.
1303 2878 1426 2938 Maxime
1441 2878 1470 2938 in
1485 2879 1550 2938 Asia
1562 2900 1654 2939 versa-

83 2969 172 3047 μονία.
182 2972 335 3053 Δημήτριος
344 2972 396 3052 γάρ
407 2997 462 3046 τις,
475 2973 563 3053 φησὶν,
572 2973 758 3053 ἀργυροκόπος,
773 2995 855 3033 συνα-
908 2981 967 3047 tur3
982 2983 1009 3029 et
1022 2970 1118 3030 merito
1135 2992 1142 3027 ι
1161 2969 1226 3029 illic
1238 2969 1310 3030 enim
1326 2984 1384 3030 erat
1402 2991 1516 3051 magnus
1532 2971 1654 3053 philoso-

83 3061 189 3141 θροίσας
198 3061 260 3130 τούς
272 3063 333 3146 περὶ
345 3062 380 3122 τὰ
393 3070 503 3124 τοιαῦτα
516 3065 637 3145 ἐργάτας,
648 3055 719 3125 εἶπεν
732 3087 739 3103 ·
751 3064 854 3147 ἄνδρες,
907 3064 1025 3144 phorum
1040 3079 1132 3125 coetus.
1146 3064 1184 3125 Et
1200 3065 1325 3143 veniens,
1341 3087 1436 3126 rursus
1454 3066 1515 3126 illos
1533 3066 1653 3147 alloque-

82 3152 225 3216 ἐπίστασθε
239 3154 284 3214 καί
296 3159 417 3236 θεωρεῖτε
430 3157 476 3215 καί
489 3156 613 3215 ἀκούετε·
627 3156 696 3215 ούτω
706 3155 856 3230 κατύδηλον
907 3155 1004 3216 batur:
1014 3177 1112 3238 magna
1124 3157 1226 3239 quippe
1233 3157 1291 3217 illic
1301 3171 1358 3219 erat
1368 3158 1532 3239 superstitio.
1548 3160 1654 3218 Deme-

82 3235 116 3316 ἦν
130 3244 162 3304 τό
173 3246 308 3325 γινόμενον
320 3271 327 3285 ·
339 3247 379 3306 ύτι
400 3238 490 3321 οὗτος,
505 3248 598 3329 ρησίν,
613 3253 627 3308 ὁ
640 3250 749 3315 Παῦλος
762 3248 856 3315 πείσας
909 3253 982 3309 trius
995 3254 1073 3309 enim
1095 3251 1232 3330 quidum,
1253 3250 1354 3329 inquit,
1375 3255 1575 3331 argentarius,
1592 3254 1653 3313 col-

84 3336 246 3414 μετέστησεν
263 3339 351 3400 ἱκανόν
369 3340 459 3420 ὄχλον.
473 3339 561 3400 Ὥστε
578 3345 607 3402 ού
627 3339 731 3420 βιαίως,
746 3344 769 3400 εί
781 3341 855 3401 ἔπει-
910 3343 992 3402 lectis
1005 3347 1090 3403 istius
1101 3349 1175 3404 ortis
1192 3344 1345 3425 opificibus
1359 3345 1457 3403 discit:
1475 3347 1552 3416 Vtri,
1572 3349 1654 3406 scitis

82 3452 145 3487 σεν·
160 3429 228 3490 οὕτω
240 3432 279 3491 δεῖ
288 3431 387 3492 πείθειν
399 3433 487 3493 πολιν.
503 3424 571 3493 Εἶτα
582 3433 676 3514 ἐπύγιι
689 3432 753 3514 ὅπερ
768 3436 855 3493 αύτῶν
908 3448 937 3493 et
951 3437 1098 3496 uidetiset
1111 3438 1238 3508 attditis;
1251 3437 1288 3496 itu
1304 3437 1476 3497 menifestum
1494 3436 1653 3498 illuderet:
1714 3451 1715 3455 ’

82 3520 249 3598 καθήπτετο,
258 3523 300 3584 ότι
311 3526 370 3584 Oine
383 3526 433 3584 είσί
445 3525 498 3585 θεοί
512 3531 535 3586 οῖ
547 3526 589 3584 διὰ
602 3531 699 3608 χειρῶν
713 3523 854 3604 γινόμενοι.
908 3530 987 3604 quod
1006 3531 1055 3589 nic
1075 3531 1192 3589 Paulus
1212 3531 1340 3589 suadens
1362 3532 1502 3590 subversis
1527 3532 1653 3592 multam

81 3611 119 3671 Τί
139 3616 197 3673 ἐστι
214 3619 305 3688 τούτω
325 3616 493 3698 Ἀνατρέπει,
516 3617 597 3697 ρησὶ,
619 3617 667 3690 eis
689 3618 784 3698 τέχνην
805 3616 854 3688 τὴν
908 3625 1032 3681 titrbnm.
1046 3623 1201 3702 Itaquenon
1219 3622 1362 3699 violenter,
1380 3623 1404 3683 si
1417 3624 1523 3684 sunsit:
1540 3626 1652 3708 inper-

80 3704 224 3786 ἡμετέραν.
248 3708 301 3768 Καὶ
321 3708 364 3768 ἵνα
385 3710 421 3788 μὴ
437 3712 594 3785 ἐννοήσωσι,
608 3709 653 3768 καὶ
672 3709 795 3786 είπωσιν,
813 3709 854 3768 tn
907 3713 1044 3773 suadenda
1066 3714 1163 3776 civitas
1185 3729 1232 3775 est.
1256 3714 1361 3775 Deinde
1381 3715 1556 3790 adducunt,
1578 3719 1652 3798 quod

80 3796 159 3873 μόνος
169 3798 304 3881 ἄνθρωπος
312 3808 422 3861 τοιαῦτα
431 3801 530 3882 inplet,
539 3802 584 3861 καί
592 3805 615 3860 εἷ
626 3807 746 3862 τοσοῦτον
756 3800 853 3882 ἰσχύει,
870 3825 889 3872 1)
906 3802 968 3863 illos
982 3805 1141 3866 mordebat:
1160 3807 1245 3885 Quod
1257 3826 1318 3865 non
1329 3820 1400 3866 sunt
1413 3811 1456 3867 dii
1462 3853 1473 3880 ‚
1490 3814 1542 3889 qui
1554 3817 1651 3870 marti·

80 3892 154 3970 αύτῷ
169 3892 209 3950 δεῖ
221 3891 356 3954 πείθεσθαι
363 3895 524 3975 ,ἐπήγαγεψ
535 3893 590 3954 Ἢν
600 3893 760 3967 ὅληὴἈσία
773 3894 852 3967 καλή
907 3901 960 3958 lus
975 3902 1114 3959 humanis
1126 3901 1222 3982 fiunt.
1241 3899 1319 3973 Quid
1336 3914 1375 3959 est
1393 3900 1463 3960 hoc?
1488 3902 1648 3980 subvertit,

79 3981 221 4060 οίκουμίνη
237 3984 353 4045 σίόεται.
373 3985 433 4058 Τὴν
451 3985 637 4067 curiscuriis
654 3985 736 4066 ᾤοντο
754 3988 852 4046 ἐπιτει-
905 3990 1009 4070 inquit,
1026 4004 1112 4051 artem
1125 4005 1252 4052 nostram.
1267 3995 1308 4052 Ne
1323 4013 1388 4052 vero
1401 3992 1550 4072 cogitarent
1567 4008 1594 4054 et
1605 3997 1649 4056 di-

78 4071 162 4152 χύζοῑν
173 4079 211 4156 τῷ
225 4076 409 4158 Πνεύμοτιτῷ
424 4079 495 4159 θείῳ,
512 4078 584 4146 ὄντες
603 4080 695 4147 παῖδες
707 4077 849 4150 Ἕλληνος·
905 4100 1009 4163 cerem,
1022 4087 1096 4166 quod
1107 4087 1180 4147 solus
1191 4087 1272 4147 homo
1283 4088 1347 4148 tulia
1360 4090 1457 4170 possit,
1473 4101 1500 4147 et
1518 4089 1593 4168 quod
1598 4135 1608 4169 ,
1625 4092 1649 4151 si

78 4165 131 4224 Ἐκ
150 4165 249 4242 ταύτης
268 4174 316 4242 τῆς
335 4170 470 4251 ίργασίατ,
486 4170 583 4252 φησὶν,
604 4175 621 4242 ἦ
646 4169 754 4249 εὐπορία
774 4175 852 4249 ἡμῶν
905 4192 1009 4238 tantum
1027 4179 1126 4260 possit,
1146 4179 1189 4239 illi
1210 4179 1322 4260 obsequi
1346 4194 1493 4263 oportent:
1516 4181 1647 4244 addidit:

78 4258 144 4318 ἐπί·
160 4258 212 4317 listi
226 4263 250 4319 ού
269 4261 322 4321 ύπύ
343 4261 441 4334 wirot
460 4265 508 4334 τῆς
521 4261 645 4343 ίργοσίος
662 4261 772 4344 ῑύπορίοῑ
788 4265 850 4340 ύμῖν
907 4275 1004 4352 Quom
1014 4282 1076 4333 tota
1087 4274 1202 4332 Asiaet
1213 4276 1290 4333 orbis
1302 4276 1383 4337 colit.
1396 4276 1500 4336 Vocem
1511 4295 1588 4336 suam
1596 4299 1649 4360 pu-

76 4348 255 4445 ποοῑγίοῑοοον
280 4357 336 4421 πῶς
361 4352 462 4414 ἔπεισεν
484 4356 620 4436 ἅνθρωπος
645 4355 770 4428 ‘inliti
794 4360 850 4423 πῶς
902 4364 1462 4446 tabantdivinoSpirituiobfuturem‚cum
1470 4367 1648 4451 Graecipueri

75 4441 207 4514 wirot
218 4444 350 4525 ἐκράτησε
369 4445 520 4520 συνηθείας
534 4445 560 4505 τί
579 4445 690 4520 ποιῶνῆ
706 4444 734 4506 τί
748 4446 849 4527 tipus,
902 4470 999 4516 ειυωι.
1021 4457 1066 4516 Ex
1085 4456 1154 4535 hoc,
1171 4457 1273 4536 inquit,
1288 4457 1397 4539 opificio
1411 4460 1558 4520 lucramur.
1573 4461 1610 4523 Et
1625 4464 1648 4523 si

76 4534 138 4592 de
149 4531 207 4594 ύοτο
218 4535 327 4596 Πούλου
335 4583 344 4611 ,
358 4541 406 4597 ούκ
420 4537 491 4597 ἔστιν
506 4538 606 4620 ἀνδρός·
620 4539 672 4599 Καὶ
682 4542 850 4616 idio-detti
902 4570 937 4608 ex
950 4549 1002 4609 hoc
1015 4549 1125 4632 opificio
1140 4551 1218 4611 vobis
1232 4552 1339 4611 lucrum
1352 4553 1405 4630 sit,
1419 4553 1555 4633 quomodo
1565 4555 1649 4617 homo

74 4624 106 4684 τὸ
119 4627 204 4686 εἰπεῖν
211 4671 220 4701 ,
234 4628 275 4688 ὅτι
288 4632 346 4690 Ούκ
358 4631 409 4690 εἰσί
421 4630 483 4690 θεοί.
502 4634 537 4692 Ei
550 4631 598 4712 μίν
611 4623 655 4692 ούν
669 4631 752 4700 οὕτως
765 4630 849 4712 ‘iuui-
904 4643 968 4702 vilis
981 4642 1093 4703 suadere
1102 4645 1209 4726 potuit?
1219 4644 1355 4725 quomodo
1366 4659 1447 4706 tantae
1458 4648 1647 4709 consuetudini

76 4739 155 4795 ροτον
168 4717 221 4776 ’τὸ
235 4723 284 4791 τῆς
302 4721 438 4794 testetur,
451 4723 535 4784 παλαι
546 4729 766 4804 καταγνωσθῆναι
780 4725 848 4784 ἔδει·
902 4736 1066 4817 praevaluit?
1079 4736 1146 4816 quid
1158 4737 1235 4816 tecit,
1249 4736 1318 4818 quid
1330 4736 1421 4798 dixit?
1432 4740 1492 4799 Non
1504 4753 1543 4799 est
1554 4740 1648 4818 Pauli,

74 4810 98 4865 st
126 4808 154 4870 δύ
186 4812 306 4894 ἰσχυρὸν,
322 4818 372 4897 culp
390 4815 473 4884 οὕτως
494 4820 662 4900 diciplina
682 4817 793 4898 τοχίως.
808 4818 849 4877 Οὐ
866 4835 885 4882 Β
903 4849 956 4888 non
978 4843 1017 4890 est
1036 4829 1099 4891 viri}
1118 4830 1155 4890 Et
1168 4831 1221 4891 hoc
1234 4832 1336 4892 sufficit
1354 4832 1470 4910 dixisse,
1490 4834 1559 4894 Non
1579 4850 1649 4898 sunt

74 4909 155 4987 μόνον
173 4912 215 4989 δέ,
232 4915 312 4995 φησί,
323 4924 399 4978 τοῦτο
418 4918 559 4979 κινδυνεύει
572 4924 637 4996 ἡμῖν
649 4920 680 4979 τό
699 4919 785 4999 μέρος.
795 4918 849 4987 Ὧς
904 4922 956 4981 dii.
971 4920 1000 4981 Si
1017 4943 1080 5002 ergo
1095 4921 1131 4982 ita
1141 4923 1219 4983 facile
1228 4922 1530 5007 deprehenditurimpia
1540 4927 1646 5008 religio,

108 5121 120 5143 “
138 5120 148 5185 [
159 5115 334 5172 Editietilss.
346 5123 480 5190 nepisino.
494 5125 525 5173 In
543 5121 628 5173 uihun
641 5120 741 5189 negotio
752 5119 840 5186 abest,
922 5138 932 5161 ¹
951 5124 1021 5174 Unus
1033 5131 1059 5176 τὸ
1075 5135 1115 5183 τῆς
1127 5129 1244 5182 sistente.

76 5215 122 5249 nec
134 5197 229 5268 legitur
241 5198 317 5263 inire,
330 5219 355 5266 p.
370 5202 428 5263 321,
444 5204 473 5251 D.
488 5199 561 5252 Unde
572 5199 720 5252 seclusimus
730 5204 807 5266 eum]
