3728 5978
632 559 666 605 ιιι
694 557 801 607 anso.
832 559 876 606 ιο
902 559 986 608 πονε.
1010 559 1129 610 aomo.
1157 561 1267 611 xxxn.
1659 547 1724 618 631

110 676 140 731 ᾗ
161 690 319 770 συναγαγὼν
334 697 424 748 πεῖσον
448 687 496 760 τὴν
513 684 601 769 ψυχὴν
623 686 660 764 μὴ
677 685 764 766 μάτην
777 691 878 769 ληρεῖν,
891 687 936 751 ise
988 703 1121 771 torquene
1145 695 1219 753 nos?
1235 690 1332 770 hisque
1357 692 1483 754 omnibus
1505 693 1732 777 cenomanensi

110 788 140 829 ²·
162 782 204 858 μὴ
227 781 272 842 διὰ
285 784 333 852 τῆς
345 781 437 861 πείρας
452 780 523 857 μάθῃ
538 776 586 850 τὴν
604 776 722 856 γέενναν,
736 781 794 839 ἀλλ’
817 781 935 841 ῖντεῦθεν
987 795 1041 841 ιυεε
1053 780 1184 863 persuade
1201 801 1236 841 ne
1248 781 1349 843 imstra
1361 798 1486 863 nugetur,
1502 799 1533 845 ut
1545 806 1640 869 nepes
1649 808 1733 870 expe-

110 878 139 923 ='
160 877 373 953 σωρρσνισθεῑσα
382 870 428 930 καί
436 868 484 937 τὰς
497 869 626 948 βασάνους
635 868 864 952 ἐκείναςθδυνηθῇ
874 874 934 932 δια·
987 873 1121 933 rientiam·
1132 872 1281 954 gehennam
1301 896 1358 934 esse
1377 874 1479 951 diseat;
1491 876 1545 956 sed,
1557 878 1733 962 hincresipi·

110 982 138 1015 :
162 972 263 1043 φυγεῖν,
275 964 320 1022 καὶ
333 966 386 1023 τῶν
402 961 551 1040 μελλόντων
565 963 671 1038 ἀγαθῶν
686 964 830 1042 ἐπιτυχεῖν,
843 964 936 1045 χάριτι
987 977 1110 1038 soeus‚et
1123 977 1255 1025 tormenta
1268 964 1317 1024 ills
1338 966 1457 1047 effugere
1469 968 1580 1048 poteris,
1593 981 1620 1029 et
1639 971 1732 1032 futura

110 1074 135 1107 .-.-
163 1055 211 1114 καὶ
232 1054 416 1138 φιλανθρωπίᾳ
430 1060 477 1113 τοῦ
492 1052 590 1133 Κυρίου
610 1057 689 1130 ἡμῶν
699 1053 788 1128 Ἰησοῦ
802 1057 935 1138 Χριστοῦ,
987 1055 1092 1134 assequi
1105 1054 1187 1134 bona,
1201 1055 1287 1136 gratia
1301 1070 1328 1115 et
1342 1057 1510 1138 benignitate
1523 1060 1635 1121 Domini
1647 1063 1732 1123 nostri

128 1174 136 1205 ι
164 1151 224 1226 μεθ’
238 1140 267 1206 οὑ
281 1153 320 1228 τῷ
333 1146 432 1229 Πατρθ,
441 1146 498 1224 ἅμα
510 1145 625 1226 τῷθιγίῳ
638 1144 777 1224 Πνεῦματι
787 1145 865 1222 δόξα,
874 1147 937 1229 κρά·
986 1146 1051 1207 Jesu
1062 1145 1175 1220 Christi,
1181 1146 1293 1225 quicum
1306 1147 1381 1207 Patri
1395 1168 1501 1228 unaque
1515 1150 1732 1231 Spirituisanoto

110 1246 136 1301 :t
163 1262 226 1314 τος,
238 1239 316 1318 τιμὴ,
326 1244 372 1298 νῦν
383 1238 428 1298 καὶ
446 1237 505 1313 ἀεὶ,
516 1237 561 1297 καὶ
576 1241 612 1306 εἰς
622 1236 682 1304 τοὺς
696 1241 794 1306 αῖῶνας
802 1241 856 1299 τῶν
871 1238 935 1300 αἰώ-
986 1238 1083 1318 gloria,
1107 1239 1262 1321 imperium,
1281 1240 1379 1314 honor,
1394 1262 1467 1303 nune
1490 1256 1517 1302 et
1530 1263 1646 1326 semper,
1662 1259 1689 1307 et
1701 1244 1741 1308 io

110 1342 134 1393 ι’
161 1330 331 1409 νωνλμὴν.
978 1329 1083 1389 ἐωοιιῖε
1096 1330 1266 1391 seculorum.
1280 1334 1376 1391 Amen.

120 1460 133 1491 d

167 1514 1727 1547 mm

114 1666 128 1774 g
446 1680 582 1738 ouans
594 1676 647 1738 ιε’.
940 1669 979 1771 'p
1208 1674 1368 1740 somus
1389 1675 1512 1740 xxxu.

110 1834 127 1941 ,ι
160 1863 317 1944 Παρακαλῶ
331 1861 360 1924 δθ
379 1864 463 1940 ὑμᾶς,
483 1862 608 1944 ἀδελφοὶ,
624 1867 732 1922 σκοπεῖν
745 1858 807 1929 soii<
819 1859 867 1929 τὰς
892 1860 933 1920 δι·
986 1857 1054 1919 (θεν.
1066 1854 1145 1919 XVI.
1158 1876 1186 1920 ν.
1202 1861 1253 1922 tr.
1264 1860 1345 1941 Rogo
1355 1874 1454 1921 autem
1470 1865 1679 1945 conpatres,
1699 1880 1732 1927 ut

110 1950 121 1961 ”
202 1952 347 2034 χοστασίας
365 1954 411 2013 καὶ
423 1953 458 2014 sis
469 1955 603 2015 σκάνδαλα
614 1952 689 2034 παρὰ
703 1952 752 2025 τὴν
765 1952 888 2033 διδαχὴν,
900 1951 933 2025 ὴν
1025 1950 1182 2010 observetis
1207 1970 1267 2023 eos,
1280 1955 1331 2031 qui
1348 1954 1543 2014 dissensiones
1557 1957 1732 2037 stipiendi-

110 2020 126 2127 :
202 2051 276 2123 ὑμεῖς
292 2046 417 2123 ἐμάθετε,
430 2053 587 2113 ποιοῦντας·
609 2044 656 2104 καλ
670 2042 808 2104 ἐκκλίνετε
821 2046 868 2102 ἀπ’
884 2046 956 2104 οὖν
1025 2040 1095 2099 culo
1117 2055 1224 2120 proeter
1240 2043 1422 2116 doctrinam,
1444 2065 1535 2126 quam
1553 2066 1608 2106 vos
1626 2048 1733 2108 didici·

112 2137 121 2197 Ϊ
205 2142 266 2197 τῶν.
281 2141 317 2198 Οἱ
329 2136 381 2216 γάρ
390 2143 504 2196 τοιοῦτοι
514 2141 553 2217 τῷ
565 2136 655 2217 Κυρίῳ
665 2141 743 2214 ἡμῶν
759 2135 847 2209 Ἰησοῦ
862 2137 933 2216 Χρι-
1025 2136 1079 2192 stis
1087 2135 1224 2214 ,faciunt
1235 2157 1244 2192 .·
1257 2147 1286 2194 et
1296 2137 1444 2196 declinate
1452 2141 1491 2197 ab
1503 2139 1574 2198 illis.
1587 2137 1637 2200 18.
1652 2142 1733 2201 Nam

111 2209 121 2240 ¹
204 2233 260 2310 στῷ
273 2232 302 2287 οὗ
326 2227 499 2300 δουλεύουσιν,
519 2228 634 2307 ἀλλθτῇ
655 2230 754 2288 ἑαυτῶν
769 2227 871 2308 κοιλίη·
886 2226 933 2287 καί
1025 2226 1253 2304 quicelmum,
1277 2229 1407 2287 Domino
1428 2243 1529 2288 nostro
1548 2231 1621 2290 lesu
1642 2233 1731 2293 ctri-

110 2306 120 2409 ἢ
204 2321 249 2382 διὰ
261 2326 309 2395 τῆς
320 2318 512 2403 χρηστολογίας
525 2320 571 2381 καὶ
585 2320 704 2400 εὐλογίας
717 2318 869 2388 ἐξαπατῶσι
884 2318 933 2388 τὰς
1025 2331 1072 2381 sto
1084 2324 1294 2394 nonserviunt,
1305 2321 1358 2380 sed
1367 2341 1421 2380 suo
1432 2314 1732 2405 uenerintperdni-

114 2491 119 2501 ·
204 2414 312 2493 καρδίας
326 2418 377 2473 τῶν
392 2413 509 2474 ἀκάκων.
613 2435 616 2438 ·
1024 2432 1073 2471 σεε
1083 2432 1275 2475 sermonesac
1287 2415 1503 2477 benedictiones
1515 2417 1731 2481 seducuntcor·

1023 2505 1284 2566 dainnoceiuium.

201 2693 288 2753 Παλιν
300 2695 471 2776 παραίνεσις,
487 2694 533 2755 καὶ
544 2695 610 2776 εὐχὴ
623 2695 691 2773 μετὰ
703 2694 752 2768 τὴν
765 2694 931 2779 παραίνεσιν.
1025 2697 1055 2754 i.
1071 2696 1177 2757 Rursus
1190 2697 1359 2778 adhortatio,
1371 2713 1398 2761 et
1416 2701 1536 2782 precatio
1551 2714 1612 2784 post
1633 2703 1732 2767 adhor-

110 2774 115 2805 ἶ
160 2787 253 2848 Εἰπὼν
273 2786 326 2868 γδρ
340 2795 447 2846 σκοπεῖν
461 2786 581 2856 souma<
595 2787 765 2869 διχοστασίας
778 2793 932 2864 ποιοῦντας,
951 2785 1122 2850 litationem.
1138 2789 1209 2849 Cum
1232 2788 1348 2850 dixisset
1372 2792 1443 2853 enim
1471 2793 1656 2859 emovendos
1676 2817 1733 2861 essa
1775 2789 1777 2793 ⁷

110 2874 114 2881 ⁵
160 2880 208 2940 καλ
219 2879 257 2958 μὴ
272 2878 412 2939 ὑπακούειν
433 2883 534 2952 αὐτοῖς,
548 2881 682 2960 ίπὴγαγεν
694 2905 701 2918 ·
715 2880 750 2941 Ὁ
764 2880 792 2939 δὲ
804 2880 872 2949 Θεὸς
884 2884 933 2954 τῆς
962 2932 965 2937 .
984 2897 1041 2953 eos,
1056 2877 1105 2955 qui
1121 2876 1236 2938 dissidia
1248 2880 1375 2957 iacerent,
1389 2903 1475 2961 neque
1487 2883 1544 2943 iilis
1556 2906 1615 2947 esse
1624 2885 1733 2950 obtem·

110 2963 112 2991 ³
161 2972 266 3051 εἰρήνης
278 2970 411 3053 συντρίψει
420 2973 464 3031 τδν
477 2982 594 3031 σατανῦν
608 2972 659 3033 ὑπὸ
668 2971 727 3041 τοὺς
743 2972 825 3041 πόδας
840 2975 931 3052 ὑμῶν·
986 2968 1151 3048 perandum,
1171 2969 1341 3052 subjungit:
1360 2976 1410 3032 20.
1432 2976 1514 3034 Deus
1531 2988 1631 3036 autem
1647 2978 1733 3059 picis

160 3063 206 3124 καί
216 3108 225 3137 ,
237 3063 273 3123 ‘H
288 3064 367 3145 χάρις
377 3072 423 3124 τοῦ
436 3064 533 3144 Κυρίου
549 3067 607 3144 μεθ’
623 3069 706 3143 ὑμῶν.
720 3063 822 3125 Σκόπει
832 3064 860 3126 δὲ
875 3068 932 3135 πῶς
983 3074 1114 3121 conteret
1126 3075 1266 3123 satanam
1277 3067 1460 3145 suppedibus
1471 3072 1732 3144 vestiis5et,Gra·

160 3161 206 3220 καὶ
217 3164 354 3240 προσηνῶς
366 3168 507 3239 παραινεῖ,
518 3146 565 3219 οῦκ
576 3164 603 3220 ἐν
615 3159 688 3229 τάξει
698 3157 930 3238 συμὸοὑλου,ἀλλ’
985 3158 1028 3213 tia
1039 3157 1163 3214 Domini
1176 3160 1339 3218 vobiscum.
1352 3158 1426 3220 Vide
1444 3174 1535 3221 autem
1552 3183 1636 3240 quam
1645 3164 1732 3246 placi-

160 3255 188 3311 ἐν
204 3251 276 3320 τάξει
302 3249 389 3310 ἱκέτου
412 3258 489 3310 τοῦτο
503 3256 596 3326 ποιῶν,
610 3250 657 3311 καὶ
681 3249 749 3328 μετὰ
761 3252 862 3323 πολλῆς
884 3256 931 3326 τῆς
984 3246 1018 3305 de
1040 3245 1215 3326 adiunctus-3
1232 3270 1285 3309 non
1307 3251 1386 3330 quasi
1408 3252 1552 3313 consilium
1572 3254 1659 3330 dans,
1682 3257 1732 3321 sed

159 3348 256 3423 τιμῆς·
274 3343 320 3403 καθ
334 3342 386 3422 γὰρ
398 3342 444 3401 καὶ
467 3342 592 3424 ἀδελφοὺς
606 3342 728 3422 ἐκάλεσε,
743 3342 789 3402 καὶ
807 3343 929 3405 ἱκετεθει.
983 3338 1061 3415 quasi
1074 3339 1241 3421 supplicam,
1256 3342 1460 3421 multiqueoum
1471 3342 1582 3405 honoris
1592 3346 1732 3428 signifiea-

159 3439 316 3519 Παρακαλῶ
333 3435 385 3515 γάρ
399 3439 484 3513 ὑμᾶς,
499 3435 590 3515 φησὶν,
604 3433 721 3513 ἀδελφοί.
737 3425 807 3495 isira
817 3435 863 3495 καὶ
872 3440 933 3496 ἕνα·
982 3429 1055 3490 tione
1068 3455 1075 3490 τ
1088 3432 1188 3492 etenim
1198 3433 1295 3494 fratres
1306 3433 1367 3493 iilos
1380 3449 1476 3510 vocat,
1488 3449 1514 3496 et
1529 3438 1665 3519 supplicat
1676 3440 1727 3503 eis.

158 3528 268 3606 γωνίως
280 3537 368 3599 ποιεῖ,
383 3525 485 3594 δεικνὺς
497 3526 527 3585 τδ
541 3526 645 3606 δολερθν
654 3528 707 3585 τῶν
721 3525 931 3609 ίπηριαζόντων.
982 3523 1063 3604 Rogo
1077 3545 1144 3599 vos,
1152 3526 1274 3605 fratres,
1290 3525 1389 3604 inquit.
1406 3526 1512 3587 Deinde
1524 3528 1587 3590 illos
1599 3531 1731 3594 sollicitos

158 3621 209 3689 Ὦς
223 3620 275 3700 γὰρ
292 3623 339 3680 οὐκ
353 3618 459 3679 αὐτόθεν
475 3619 561 3690 δήλων
574 3618 656 3678 όντων
670 3618 750 3698 φησί·
774 3621 931 3701 Παρακαλῶ
981 3615 1083 3694 reddit,
1097 3616 1168 3679 mala
1190 3616 1361 3678 inferentium
1381 3618 1478 3680 dolum
1497 3620 1628 3683 indicans.
1642 3626 1730 3699 Quasi

157 3715 186 3773 δὲ
212 3719 280 3792 ὑμᾶς
309 3721 436 3773 σκοπεῖν·
462 3711 598 3784 τουτέστι,
620 3712 839 3793 περιεργάζεσθαι
861 3710 930 3791 μετδ
948 3707 1054 3779 cenim
1072 3729 1127 3767 non
1142 3730 1190 3790 per
1202 3729 1230 3769 se
1244 3709 1378 3770 manifesti
1390 3711 1453 3788 sint,
1464 3710 1503 3772 ait
1515 3737 1522 3770 τ
1536 3717 1618 3795 Rogo
1630 3731 1730 3778 mem

157 3805 311 3885 expuisitis,
324 3803 369 3863 καὶ
383 3802 594 3881 καταμανθάνειν
613 3802 659 3862 καὶ
676 3804 866 3883 διερευνᾶσθαι.
880 3802 930 3864 Τί·
980 3819 1035 3858 ‘uos
1049 3812 1081 3859 nt
1091 3803 1248 3861 observetis
1254 3826 1266 3871 ,·
1281 3801 1312 3861 id
1321 3814 1372 3880 est,
1383 3815 1413 3861 ut
1426 3818 1549 3864 accurate
1559 3809 1728 3889 scrutemini,

156 3921 221 3969 νας,
233 3895 291 3955 sini
304 3918 365 3974 μοι,
377 3898 403 3956 Τ
404 3895 448 3962 οθς
457 3894 504 3962 τὰς
516 3892 684 3974 διχοστασίας
693 3893 739 3952 καί
749 3893 784 3954 sd
792 3894 929 3955 σκάνδαλα
981 3903 1006 3949 et
1015 3888 1127 3973 discatis
1135 3911 1167 3950 ae
1188 3891 1358 3972 penpuiratis.
1374 3896 1529 3973 Quosnam',
1541 3899 1656 3975 quaeso?
1667 3901 1730 3962 Eos

157 3987 232 4068 παρδ
258 3986 307 4059 τὴν
335 3986 456 4066 διδαχὴν,
478 3986 510 4057 ὴν
533 3988 607 4063 ὑμεῖς
630 3984 760 4062 ίμάθετε,
780 3990 929 4053 ποιοῦντας.
981 3984 1032 4060 qui
1046 3982 1242 4041 distensiones
1256 3995 1284 4042 et
1299 3985 1602 4066 offendiculaproeter
1615 3991 1727 4051 doctri·

158 4079 234 4150 Αὕτη
249 4078 300 4160 γὰρ
315 4079 431 4157 μαλιστα
445 4076 609 4149 Ἔκκλησίας
621 4075 817 4157 ἀνατροιτὴ,οδ
833 4079 929 4159 διηρῆ·
982 4093 1064 4144 nom,
1077 4093 1167 4153 quom
1185 4093 1241 4133 ‘uos
1255 4075 1408 4152 didicistis,
1419 4078 1550 4157 saciant.
1565 4080 1630 4140 Haec
1646 4081 1727 4164 quip-

157 4179 234 4232 σθαι·
247 4177 324 4232 τοῦτο
347 4169 427 4231 ὅπλον
441 4177 487 4229 τοῦ
502 4168 645 4244 διαὸόλου,
667 4175 745 4230 τοῦτο
767 4170 856 4229 πάντα
875 4169 930 4229 ἄνω
980 4186 1015 4245 po
1031 4163 1205 4246 potissimum
1223 4163 1351 4225 Ecclesia
1366 4166 1483 4244 eversio,
1499 4189 1561 4229 oum
1573 4191 1670 4254 nempe
1684 4173 1728 4234 di·

155 4264 202 4323 καὶ
215 4264 289 4324 κάτω
298 4272 377 4323 ποιεῖ.
392 4261 467 4330 Ἕως
479 4261 531 4343 γθιρ
547 4260 578 4319 tv
600 4253 618 4340 ὴ
634 4260 665 4320 τὸ
689 4264 769 4340 σῶμα
783 4261 929 4341 ἡνωμίνον,
979 4259 1038 4319 visa
1051 4272 1108 4318 est:
1119 4258 1176 4318 hac
1188 4258 1293 4319 diaboii
1312 4274 1375 4320 sunt
1385 4282 1476 4341 arma,
1491 4263 1562 4324 illud
1575 4267 1665 4327 omnia
1680 4288 1727 4329 sus

155 4360 202 4415 οὑκ
213 4354 300 4435 ἰσχύει
313 4354 411 4414 εἴσοδον
423 4353 503 4432 ἔχειν,
514 4354 572 4412 ἀλλ’
588 4353 641 4412 ἀπὸ
655 4355 703 4424 τῆς
716 4352 886 4433 διχοστασίας
898 4352 929 4413 τδ
980 4351 1066 4432 dapne
1081 4353 1173 4414 vertit.
1186 4355 1277 4413 Donec
1296 4352 1369 4413 enim
1382 4374 1481 4436 eorpus
1501 4357 1609 4419 unitum
1627 4360 1725 4439 fuerit,

156 4448 311 4507 σκάνδαλον.
326 4444 361 4505 Ἡ
373 4444 400 4503 δθ
412 4443 568 4524 διχοστασία
581 4443 754 4518 πόθενςἈπθ
764 4447 817 4504 τῶν
832 4443 929 4524 δογμαί
980 4465 1033 4505 non
1055 4458 1142 4527 potest
1155 4444 1298 4506 introituum
1310 4445 1484 4523 habere,sed
1502 4470 1538 4509 ex
1559 4449 1727 4514 dissensione

155 4563 208 4598 των
229 4544 282 4598 τῶν
297 4534 372 4618 παρδ
393 4535 442 4610 τὴν
465 4535 576 4615 διδαχὴν
597 4538 649 4594 τῶν
665 4535 828 4596 ἀποστόλων.
842 4535 887 4597 Τὰ
900 4534 929 4598 di
979 4535 1175 4595 offendiculum
1197 4536 1296 4597 oritur.
1319 4537 1457 4599 Dissensio
1478 4553 1570 4603 autem
1590 4542 1726 4607 andoin
1761 4555 1860 4600 Distinet

155 4629 274 4710 δόγματα
287 4629 441 4689 τὰτοιαῦτα
451 4625 547 4699 πόθενς
560 4627 623 4688 Ἀπὸ
633 4632 679 4686 τοῦ
690 4626 786 4710 γαστρί
799 4627 927 4688 δουλεύειν
979 4624 1165 4708 dogmatibus,
1180 4648 1241 4706 quae
1264 4642 1362 4708 prater
1379 4628 1530 4692 doctrinam
1543 4635 1725 4714 apostolorum
1734 4619 1863 4726 ww*

153 4723 267 4790 καὶτοῖς
282 4722 371 4788 σίλλοις
386 4719 506 4780 πάθεσιν.
522 4722 558 4779 Οἱ
572 4717 625 4799 γὰρ
645 4727 776 4795 τοιοῦτοι,
790 4719 874 4800 ρησί,
889 4722 928 4801 τῷ
948 4717 1142 4786 niuieruntur.
1160 4721 1226 4781 Haec
1242 4741 1307 4780 vero
1323 4720 1387 4781 talia
1398 4720 1525 4802 dogmata
1539 4724 1632 4786 unde?
1643 4727 1728 4803 Quod

153 4815 245 4897 Κυρίῳ
259 4817 288 4873 οὐ
303 4812 479 4886 δουλεύουσιν,
495 4811 564 4872 ἀλλὰ
579 4815 613 4891 τῇ
628 4812 714 4871 αὑτῶν
730 4811 829 4895 κοιλίαγ.
842 4809 929 4872 Ὥστε
980 4811 1069 4870 ventri
1095 4810 1211 4890 aliisque
1232 4811 1376 4872 affectibus
1407 4815 1647 4878 serviatur:Nam
1675 4825 1728 4903 qui

154 4910 201 4965 οὐκ
215 4906 246 4966 ἂν
259 4905 359 4985 γένοιτο
370 4903 523 4975 σκάνδαλα,
537 4905 585 4962 οὐκ
595 4901 626 4961 ἂν
641 4902 742 4981 γίνοιτο
752 4902 929 4985 διχοστασία,
982 4905 1057 4965 tales
1066 4918 1148 4983 sunt,
1161 4904 1260 4984 inquit,
1277 4907 1408 4965 Domino
1431 4928 1491 4966 non
1514 4913 1660 4986 serviant,
1674 4914 1731 4975 sod

157 5002 180 5056 si
195 4999 232 5075 μὴ
246 5022 271 5058 τι
285 4997 360 5077 παρὰ
379 4996 428 5069 τὴν
444 4995 621 5069 ἀποστολικὴν
644 4997 754 5077 διδαχὴν
779 4996 928 5071 ἐπινοηθείη
980 5001 1080 5058 ventri
1096 5017 1159 5057 suo.
1171 4997 1266 5075 ltaque
1280 5016 1334 5056 non
1355 4996 1528 5078 offendicula,
1540 5021 1594 5063 nou
1612 5001 1726 5066 dissidia

159 5090 259 5167 δόγμα·
274 5090 339 5150 ixei
350 5093 462 5150 ἐνταῦθα
474 5091 560 5163 δηλῶν
574 5088 664 5168 ἔλεγε,
679 5088 778 5172 ἸΠαρθι
789 5089 837 5165 τὴν
856 5091 929 5151 δεδα·
982 5089 1115 5163 evenient,
1131 5087 1184 5149 nisi
1204 5087 1303 5169 dogma
1324 5087 1470 5172 quodpiam
1483 5106 1581 5175 praeter
1593 5095 1725 5177 apostoli-

192 5281 206 5319 d
224 5278 310 5346 [Editi
321 5298 407 5335 omnes
419 5283 506 5334 vitiose
519 5283 620 5353 δυνήσῃ]
1002 5298 1013 5323 ¹
1029 5281 1116 5334 ΠοτεΙ.
1130 5280 1207 5346 male,
1220 5287 1273 5350 περὶ
1284 5290 1325 5344 τὴν
1336 5284 1435 5349 διδαχὴν.
