3728 5978
245 399 315 496 756

238 553 299 634 jora
323 555 367 615 vel
390 555 494 615 minora
515 555 673 636 accipiendi.
700 556 774 615 Dicit
787 571 876 616 antem
887 555 957 617 illud
970 578 986 615 a
1039 558 1145 639 ἐμέρισε
1156 557 1252 640 μίτραν
1266 558 1394 627 πίστεως·
1408 560 1455 618 καλ
1468 558 1567 632 πάλιν,
1591 558 1677 618 Ιίατά
1691 560 1739 631 τὴν
1750 561 1813 642 χάριν

240 650 299 708 λλον
308 648 401 709 datum
411 672 468 710 esse
478 675 484 708 :
496 665 528 710 ut
544 671 605 709 cum
616 650 667 722 ait,
688 653 726 709 Ut
741 655 898 732 unicuique
906 653 987 710 Deus
1003 655 1022 703 C
1039 649 1088 722 τὴν
1105 652 1224 710 δοθεῖσαν
1236 651 1548 731 ἡμῖνίνακαταστεθῃ
1559 648 1625 719 τοὺς
1635 653 1815 732 ὑπερηφάνοις.

239 745 367 818 partitus
379 756 422 801 est
431 763 598 801 mensuram
604 743 684 823 fidei
690 766 702 813 ,·
716 756 742 800 et
764 764 868 819 rursus,
880 743 987 802 Secun-
1040 739 1119 819 Λέγει
1132 740 1160 801 δὲ
1171 741 1217 801 καί
1237 746 1301 823 παρ’
1314 746 1400 802 αὐτῶν
1418 742 1468 810 τθις
1487 741 1581 823 ἀρχάς
1597 746 1775 821 γεγενῆσθαι,
1784 744 1816 802 ἵνα

240 829 310 889 dum
321 836 458 907 gratiam,
476 854 540 913 qua
553 834 626 891 data
638 845 681 891 est
697 835 800 902 nobis;
815 847 845 890 ut
858 832 987 912 superbos
1040 831 1155 913 διεγείρῃ
1170 830 1229 900 τοθς
1243 832 1413 914 §elipenai
1429 831 1478 893 real
1491 838 1519 894 ἐν
1539 837 1578 913 τῇ
1593 834 1665 914 πρὸς
1679 835 1817 913 Κορινθίοις

239 919 404 1001 reprimeret.
426 922 502 981 Dicit
522 935 612 981 autem
639 921 716 981 initia
742 923 777 981 ab
795 922 850 981 illis
864 922 941 1003 poni,
956 937 988 982 ut
1039 933 1126 993 ποιεῖ,
1140 923 1277 1007 ἀμφότερα
1291 930 1374 984 ταῦτα
1393 929 1486 985 κινῶν.
1499 923 1597 985 Ὅταν
1611 923 1664 1004 μὲν
1680 924 1735 1006 γάρ
1751 927 1817 1005 ἵκῃ,

239 1008 351 1089 ignavos
362 1011 475 1072 incitet:
492 1012 565 1091 quod
586 1012 667 1072 ctiam
681 1013 710 1070 in
734 1012 857 1094 Epistola
878 1013 914 1072 ad
932 1013 987 1072 Gu-
1041 1018 1160 1088 Ζηλοῦτε
1180 1016 1214 1075 el
1229 1016 1403 1098 χαρίσματα,
1419 1015 1541 1076 δείκνυσι
1564 1017 1613 1075 καὶ
1639 1015 1738 1082 uitale
1757 1019 1817 1085 ὄντας

242 1102 358 1163 rinthios
378 1105 452 1179 iacit,
473 1105 524 1165 hoc
539 1118 683 1182 utrumque
700 1125 820 1166 movens.
833 1107 902 1164 Cum
916 1105 988 1164 enim
1041 1108 1140 1176 αἰτίους
1154 1113 1202 1181 τῆς
1220 1110 1347 1192 διαφορᾶς
1355 1111 1408 1168 τῶν
1422 1108 1591 1187 διδομένων·
1607 1108 1679 1168 όταν
1700 1107 1729 1168 δά
1746 1109 1816 1188 λίγς,

94 1211 115 1242 ¹·
130 1195 184 1241 θον·
198 1209 236 1245 ¹²·
244 1193 322 1270 dicit,
338 1198 533 1257 AEmulamim'
556 1199 750 1272 charismata,
780 1198 897 1257 ostendit
916 1197 988 1277 ipsos
1040 1197 1136 1258 Πάντα
1146 1199 1173 1261 δὲ
1184 1204 1270 1258 ταῦτα
1281 1194 1380 1281 ἐνεργεῖ
1391 1199 1418 1258 ἓν
1432 1198 1479 1259 καὶ
1489 1199 1521 1258 τὸ
1538 1199 1607 1259 αὐτὸ
1621 1202 1755 1278 Πνεῦμα,
1765 1203 1817 1258 διαι-

90 1260 155 1366 {0¹24
167 1334 231 1367 ,,,,,
244 1310 353 1350 causam
366 1311 423 1350 esse
436 1289 597 1352 differentia
608 1290 743 1351 donorum
759 1312 840 1352 :cum
862 1312 926 1353 vero
940 1290 989 1351 di·
1042 1296 1102 1371 ροῦν
1118 1292 1223 1373 ἑκάστῳ
1243 1290 1329 1359 καθὼς
1350 1290 1489 1369 βούλεται,
1503 1293 1598 1352 ἐκεῖνο
1616 1293 1817 1363 κατασαευάᾷι,

242 1382 291 1461 cit,
307 1386 379 1443 Hac
392 1397 490 1442 autem
512 1388 612 1442 omnia
631 1397 771 1464 operatur
780 1405 855 1444 urias
869 1397 897 1443 et
911 1385 989 1442 idem
1041 1382 1071 1441 τδ
1083 1379 1120 1460 μὴ
1134 1382 1188 1440 δεῖν
1208 1381 1362 1461 ἐπαίρεσθαι
1375 1379 1435 1448 τοθς
1449 1381 1618 1462 εἰληφότας,
1634 1383 1767 1442 πάντοθεν
1778 1408 1817 1442 τα-

240 1475 375 1558 Spiritus,
399 1479 533 1537 dividens
554 1478 678 1557 singulis
704 1490 791 1558 prout
811 1479 901 1548 uult5
919 1474 990 1535 illud
1044 1471 1237 1554 ραμυθούμενος
1255 1475 1341 1532 αὐτῶν
1365 1471 1396 1531 τὸ
1423 1471 1554 1538 raideri
1582 1469 1617 1545 δὴ
1646 1473 1698 1532 καί
1723 1476 1818 1533 ἐνταῦθα

240 1568 349 1651 probat,
376 1590 429 1628 non
444 1583 566 1651 oportere
577 1590 621 1630 eos
633 1569 734 1651 efferri,
746 1569 794 1648 qui
816 1583 987 1649 acceperunt,
1041 1572 1120 1624 ποιεῖ.
1135 1563 1189 1623 Καὶ
1202 1563 1282 1623 πάλιν
1295 1562 1355 1630 τοὺς
1368 1561 1603 1629 άναπεπτωκότας
1619 1564 1761 1646 διεγείρων
1775 1590 1817 1645 ρη-

241 1661 363 1740 undiquc
372 1659 499 1720 morbum
509 1661 620 1720 illorum
637 1681 751 1719 curans:
764 1659 930 1737 quodetiam
943 1659 989 1719 hic
1006 1666 1026 1713 l)
1042 1655 1093 1730 σίν,
1110 1655 1175 1717 Eira
1190 1656 1362 1737 προφητείαν,
1379 1653 1449 1714 κατὰ
1472 1655 1522 1727 τλν
1547 1657 1707 1735 ἀναλογίαν
1721 1660 1767 1727 τῆς
1785 1658 1818 1715 τί

597 422 626 470 S.
654 423 795 472 rotulus
820 418 1002 473 ctttttsosr.
1027 424 1184 475 luctatur.
1212 425 1486 476 consrttt'rtuot’.

243 1752 318 1813 lacit.
332 1757 371 1812 Ac
382 1774 476 1813 rursus
487 1753 576 1833 lapsos
596 1752 728 1826 excitans,
741 1751 809 1811 dicit
824 1775 831 1808 τ
845 1752 912 1811 Sive
920 1773 987 1831 pro·

241 1847 381 1925 plretiam,
406 1848 565 1906 secundum
593 1850 738 1905 rationem
757 1847 844 1927 fidei.
870 1845 987 1905 Etiamsi

242 1937 315 1996 enim
336 1937 424 2017 gratia
445 1938 490 2013 sit,
506 1953 533 1997 ut
557 1959 610 1998 non
630 1952 730 1998 temere
753 1939 913 2012 effunditur,
938 1939 985 1999 sed

242 2049 395 2090 mensuram
416 2053 432 2090 a
455 2031 649 2112 recipientibus
658 2031 802 2113 accipiens,
818 2032 988 2094 tantumdem

240 2121 313 2199 fluit,
336 2136 468 2201 quantum
489 2123 588 2184 viderit
609 2145 657 2185 vas
670 2124 734 2184 lidei
749 2125 802 2185 sibi
813 2126 945 2186 oblatum.
959 2130 988 2187 7.

241 2213 309 2274 Sive
318 2218 511 2275 ministerium
534 2220 566 2274 in
579 2218 784 2277 ministranda.
796 2216 848 2276 Hic
860 2239 916 2276 rem
928 2215 990 2276 uni·

242 2306 376 2366 versalem
392 2307 468 2388 ponit
482 2332 488 2365 :
502 2328 565 2367 nam
576 2308 938 2388 apostolatus,ministcrium
949 2308 990 2369 di·

242 2394 314 2456 citur
319 2420 329 2474 ς
342 2411 369 2457 et
378 2418 456 2457 omne
470 2399 572 2458 bonum
581 2420 649 2478 opus
667 2398 808 2479 spirituale
820 2414 860 2459 est
869 2400 989 2459 ministe-

242 2486 326 2547 rium.
342 2489 393 2548 Est
406 2510 512 2567 quoque
530 2504 556 2549 et
575 2490 690 2570 privatae
710 2491 864 2550 oeconomiae
877 2512 987 2566 nomen;

242 2577 289 2638 hic
301 2600 381 2660 porro
394 2580 583 2642 universaliter
602 2583 722 2663 ponitur.
738 2583 806 2642 Sive
828 2586 879 2664 qui
892 2585 986 2655 docet,

1042 1772 1133 1817 ατεως.
1149 1751 1183 1809 El
1208 1748 1261 1831 γάρ
1284 1748 1330 1807 καλ
1353 1748 1432 1829 χάρις
1458 1747 1545 1821 ἐστὶν,
1568 1750 1649 1807 ἀλλ”
1667 1752 1720 1829 οὐχ
1744 1750 1817 1813 §aa

1042 1842 1171 1920 ἐκχεῖται,
1183 1837 1252 1899 ἀλλά
1261 1838 1295 1898 ed
1304 1838 1387 1918 μίτρα
1398 1837 1472 1919 παρδι
1483 1842 1540 1897 τῶν
1549 1838 1713 1920 δερομένων
1722 1840 1817 1918 lapti-

1042 1954 1131 2006 νουαα,
1141 1937 1262 1992 τοσοῦτον
1274 1934 1384 2017 ἐπιρρεῖ,
1395 1930 1457 1991 όσον
1471 1931 1503 1988 ἀν
1516 1931 1586 2010 εύργ,
1602 1937 1707 1999 σκεῦος
1720 1933 1816 1998 πίστεως

1043 2025 1108 2104 αὐτῇ
1128 2023 1311 2107 πρυστνεγθέν.
1334 2021 1397 2082 Elec
1421 2022 1575 2097 διακονίαν,
1591 2025 1622 2081 ἐν
1646 2029 1683 2101 τῇ
1705 2024 1815 2103 immid

1042 2116 1188 2176 Καθολικδν
1202 2125 1316 2195 πρᾶγμα
1335 2116 1446 2174 ἐνταῦθα
1466 2113 1574 2186 τίθησι.
1589 2117 1651 2175 Καὶ
1667 2115 1723 2198 γάρ
1737 2121 1814 2189 ideo·

1041 2207 1122 2281 στολὴ
1136 2206 1256 2268 διακονία
1263 2207 1381 2285 λέγεται·
1396 2207 1441 2266 καὶ
1452 2217 1506 2267 πᾶν
1522 2208 1631 2285 ἀγαθὸν
1651 2211 1812 2287 πνευματυιθν

1042 2301 1128 2381 ἔργον,
1140 2299 1268 2360 διακονία.
1278 2297 1359 2359 Ἔστι
1373 2298 1421 2377 μὲν
1441 2299 1493 2381 γάρ
1506 2300 1557 2359 καλ
1571 2301 1667 2371 timi<
1682 2300 1812 2378 οἰκονομίας

1041 2392 1125 2470 ὄνομα
1135 2398 1228 2454 τοῦτο·
1241 2395 1352 2452 ἐνταῦθα
1363 2390 1452 2470 μέντοι
1463 2394 1622 2459 καθολικῶς
1637 2393 1753 2472 είρηται
1763 2393 1810 2451 fite

1041 2484 1211 2557 disideras,
1227 2488 1253 2543 ἐν
1271 2486 1304 2563 τῇ
1319 2481 1485 2564 διδασκαλία.
1495 2480 1576 2563 Ὅρα
1593 2487 1659 2551 πῶς
1682 2483 1810 2564 ἀδιαφόρως

1042 2576 1110 2637 αύτά
1121 2575 1225 2649 τίθησι,
1236 2576 1266 2635 τδ
1278 2574 1371 2655 μικρὸν
1383 2576 1498 2654 πρῶτον,
1507 2575 1558 2634 καὶ
1568 2576 1601 2634 τὸ
1615 2575 1693 2656 μέγα
1706 2576 1810 2656 ὕστερον·

243 2674 276 2729 in
283 2671 429 2731 doctrina.
446 2672 519 2736 Vide
536 2672 671 2753 quomodo
687 2673 926 2733 indiscriminatim
941 2674 989 2734 illa
1009 2668 1122 2735 Εποίλιν
1138 2669 1243 2729 τδαθτὸ
1254 2673 1331 2729 τοῦτο
1344 2667 1487 2741 παιδεύων,
1497 2669 1530 2727 τὸ
1548 2667 1589 2747 μὴ
1605 2677 1746 2749 φυσᾶσθαι
1757 2669 1810 2747 μηδὲ

242 2776 334 2844 ponat,
351 2763 427 2843 quod
441 2785 558 2845 parvum
573 2780 612 2824 est
636 2765 768 2845 primum,
789 2779 814 2824 et
839 2764 912 2843 quod
927 2787 988 2825 ma·
1042 2760 1204 2842 ίπαίρεσθαι.
1217 2760 1281 2821 Είτε
1301 2766 1315 2820 δ
1336 2761 1509 2841 παρακαλῶν,
1531 2764 1560 2820 ἐν
1581 2765 1619 2841 τῇ
1647 2763 1810 2841 παρακλήσει

243 2864 327 2936 gnum
340 2869 380 2914 eat
392 2869 494 2937 postea,
510 2856 651 2915 ostendens
664 2879 670 2912 :
685 2856 738 2915 hoc
760 2877 870 2916 rursum
890 2856 988 2916 docens
1041 2854 1096 2913 Kal
1115 2859 1193 2913 τοῦτο
1214 2851 1385 2920 διδασκαλίας
1401 2841 1475 2918 εἶδος.
1489 2852 1526 2910 Et
1549 2853 1606 2935 γάρ
1630 2856 1708 2912 ἐστιν
1721 2857 1748 2914 ἐν
1763 2858 1811 2933 θμῖν

243 2958 368 3025 utneque
382 2946 520 3022 inflentur,
532 2968 618 3026 neque
632 2947 800 3027 superbiant.
814 2948 842 3008 8.
856 2949 922 3008 Sive
935 2951 988 3028 qui
1041 2944 1117 3024 λόγος
1141 2944 1348 3024 παρακλήσεως,
1365 2944 1445 3024 φησὶ,
1468 2943 1535 3022 πρὸς
1560 2945 1609 3005 τόν
1636 2945 1706 3005 λαὸν
1729 2946 1812 3026 λέγετε.

243 3038 417 3097 exhortatur
431 3043 463 3097 in
476 3038 670 3098 exhortando.
683 3039 741 3097 Hoc
755 3039 838 3098 etiam
855 3038 987 3098 doctrinm
1041 3026 1110 3095 Εἶτα
1127 3035 1246 3111 δεικνὺς,
1263 3040 1299 3104 ὡς
1313 3037 1342 3095 οὔ
1362 3035 1431 3114 μίγα
1451 3034 1545 3114 ὄφελος
1566 3035 1674 3114 ἀρετὴν
1693 3038 1812 3117 μετιόντι,

90 3129 136 3176 At!
156 3129 329 3208 ¹³·¹⁵·genus
342 3143 390 3190 est.
408 3130 439 3189 Si
458 3134 536 3189 enim
553 3133 585 3187 in
601 3132 687 3189 uobis
710 3142 753 3188 est
775 3131 989 3189 exhortationis
1040 3130 1063 3186 el
1079 3125 1116 3206 μὴ
1136 3126 1204 3206 μετὰ
1226 3133 1272 3186 τοῦ
1299 3127 1475 3206 προσήκοντος
1497 3133 1577 3186 τοῦτο
1603 3127 1713 3206 γίνοιτο
1731 3130 1813 3208 νόμω,

243 3220 659 3301 sermO,inquit,adpopttlttm
669 3221 767 3279 dicite.
783 3218 887 3279 Deinde
902 3233 988 3279 osteu-
1039 3219 1148 3297 ἐπάγει·
1163 3219 1198 3279 Ὁ
1217 3218 1385 3298 μεταδιδοὺς,
1400 3222 1426 3278 ἐν
1446 3219 1589 3290 ἁπλότητι.
1616 3225 1663 3282 Οὖ
1683 3224 1736 3303 γάρ
1752 3229 1814 3301 ἀρκεῖ

241 3308 319 3389 dens,
335 3333 388 3372 non
403 3311 551 3371 admodum
567 3312 633 3370 utile
657 3332 713 3371 esse
739 3311 867 3370 virtutem
881 3312 987 3392 ample·
1039 3310 1070 3370 τὸ
1084 3313 1184 3381 δοῦναι,
1199 3310 1267 3371 ἀλλὰ
1284 3314 1322 3371 δεῖ
1335 3312 1380 3371 καί
1395 3311 1462 3389 μετά
1482 3313 1627 3392 δαψιλείας
1639 3323 1720 3376 τοῦτο
1734 3326 1813 3375 ποιεῖν.

241 3403 353 3477 cti,nisi
367 3426 428 3463 cum
439 3404 530 3462 debita
552 3403 611 3480 lcge
624 3402 779 3474 hocsociat,
800 3401 895 3480 adjicit
910 3405 988 3482 :Qui
1040 3402 1234 3483 Ἁπλύτηταγθι
1263 3409 1341 3462 τοῦτο
1351 3394 1404 3463 olda
1412 3410 1564 3483 πανταχοῦ·
1578 3406 1644 3464 ἐπεὶ
1657 3408 1705 3467 καλ
1718 3414 1746 3468 αἱ
1758 3433 1814 3489 παρ·

242 3498 352 3570 tribuit,
363 3500 395 3552 in
407 3497 605 3574 simplicitate.
619 3494 680 3551 Non
694 3494 766 3551 cuim
780 3494 845 3552 satis
855 3508 894 3553 est
909 3494 985 3573 dare,
997 3495 1108 3590 ⁵⁷³de'rot
1121 3495 1207 3556 ἔλαιον
1218 3429 1299 3577 siper,
1314 3498 1372 3557 ἀλλ’
1390 3495 1480 3569 ἐπειδὴ
1500 3499 1598 3574 ἀρκοῦν
1614 3500 1668 3558 οὐκ
1682 3492 1764 3581 εἶχον,
1778 3505 1815 3558 τε]

199 3580 206 3587 ”
241 3585 288 3645 scd
303 3585 333 3645 id
344 3600 449 3667 oportet
464 3585 573 3665 largiter
593 3585 689 3643 facere.
712 3584 921 3665 Simplicitatem
935 3586 987 3647 hoc
1005 3608 1025 3653 Α
1040 3586 1333 3657 παντδςέξέπεσον.*Ὁ
1343 3585 1542 3668 προϊστάμενος,
1553 3592 1581 3647 ἐν
1591 3593 1713 3671 απουδῇ.
1726 3593 1817 3670 (λἰγάρ

240 3677 344 3756 ubique
359 3677 500 3759 complecti
515 3676 599 3736 novit.
612 3677 682 3735 Natu
696 3674 815 3755 virgines
831 3678 920 3736 oleum
933 3677 986 3737 ha·
1040 3680 1159 3759 ripatici
1172 3683 1336 3762 προστῆναι,
1354 3678 1405 3736 ’ἀν
1418 3677 1455 3757 μὴ
1469 3677 1536 3756 μετὰ
1558 3683 1683 3754 σπουδῆς
1696 3684 1744 3742 καί
1757 3708 1817 3763 προ-

238 3769 400 3846 θεθευμιεᾶ
410 3772 474 3848 quia
488 3781 619 3848 quantum
628 3767 764 3826 sufficeret
774 3789 828 3827 non
838 3769 984 3847 habebant,

239 3870 323 3918 atoto
346 3857 516 3918 exciderunt.
535 3858 592 3934 Qui
603 3868 716 3936 praest,
730 3861 763 3914 ιἰι
776 3858 984 3916 sollicitudine.

238 3950 301 4009 Non
310 3951 382 4010 enim
401 3951 466 4010 satis
490 3962 529 4009 est
545 3970 669 4029 praesse,
681 3948 733 4007 uisi
748 3970 812 4009 cum
825 3971 891 4008 cura
904 3963 929 4009 et
940 3949 985 4008 di·

238 4041 508 4122 ligentiahoclaciat.
527 4044 583 4121 Qui
602 4046 765 4119 miseretur,
779 4046 811 4100 in
824 4044 984 4102 hilaritate.

237 4136 298 4194 Nou
312 4136 383 4194 enim
400 4135 500 4193 sufficit
515 4133 648 4209 misereri;
660 4133 707 4191 scd
719 4133 748 4193 id
759 4147 863 4215 oportet
876 4134 987 4214 largiter

1040 3771 1134 3849 θυμίας
1147 3779 1223 3832 τοῦτο
1243 3774 1316 3850 ποιῇ.
1330 3770 1365 3832 Ὁ
1380 3773 1468 3843 ἐλεῶν,
1491 3774 1518 3830 ἓν
1532 3773 1689 3851 ίλαρότητι.
1711 3779 1754 3835 Οθ
1774 3776 1816 3855 γάρ

1040 3868 1115 3946 ἀρκεῖ
1127 3865 1158 3924 τὸ
1171 3867 1294 3935 ἐλεῆσαι,
1306 3863 1374 3924 ἀλλά
1392 3863 1438 3922 καλ
1451 3862 1519 3941 μετὰ
1539 3865 1685 3944 δαψιλείας
1696 3869 1744 3926 καὶ
1757 3892 1816 3945 γνιι

1040 3980 1093 4033 μης
1118 3956 1219 4016 ἀλύπου
1238 3961 1315 4015 τοῦτο
1342 3957 1381 4013 δεῖ
1408 3959 1629 4033 ποιεῖν·μᾶλλον
1644 3957 1675 4018 ἀί
1698 3961 1730 4017 ού
1758 3958 1817 4036 peti

1039 4048 1138 4108 ἀλύπου
1152 4049 1192 4107 δεῖ
1207 4048 1294 4126 μόνον,
1307 4047 1376 4106 ἀλλά
1391 4047 1435 4106 καί
1459 4046 1526 4123 μετά
1549 4049 1670 4130 φαιδρᾶς
1688 4051 1737 4109 καλ
1759 4075 1816 4130 γαι-

1040 4139 1146 4221 ρούσης·
1157 4143 1187 4199 οὐ
1200 4140 1251 4221 γάρ
1265 4141 1335 4199 ἐστιν
1350 4137 1406 4198 ίσον
1420 4137 1457 4215 μὴ
1471 4142 1633 4212 λυπεῖσθαι,
1647 4139 1695 4198 καί
1709 4143 1818 4222 χαίρειν.

239 4235 266 4282 et
277 4225 428 4283 animonon
445 4225 516 4283 tristi
526 4225 623 4298 facere,
636 4224 702 4302 quin
715 4225 872 4304 potinslaeto
885 4239 910 4283 ct
921 4245 986 4303 gau·
1038 4234 1126 4291 Τοῦτο
1139 4230 1167 4291 δὲ
1181 4230 1298 4291 αὐτὸκαὶ
1310 4230 1376 4310 πρὸς
1390 4229 1541 4308 Κορινθίους
1557 4231 1741 4303 ἐπιστελλων,
1758 4233 1818 4311 μετά

238 4311 340 4373 dente:
358 4336 443 4393 neque
458 4317 530 4374 enim
540 4337 589 4394 par
599 4337 640 4374 res
654 4330 693 4374 est
707 4337 760 4374 non
773 4317 872 4375 tristari
886 4331 912 4375 et
923 4336 987 4395 gau·
1038 4323 1139 4394 πολλῆς
1152 4322 1325 4389 κατεσκεύαζε
1340 4323 1467 4392 σπουδῆς·
1483 4324 1520 4388 τίς
1542 4320 1590 4397 μίν
1605 4323 1662 4402 γάρ
1684 4325 1818 4404 δαψίλειαν

227 4402 310 4469 dere.
316 4404 569 4484 Hoeipsuma'utem
577 4405 612 4463 ad
625 4406 779 4464 Corinthios
790 4407 986 4481 scribens,cum
1038 4411 1182 4493 διεγείρων,
1198 4412 1302 4486 ἔλεγεν·
1319 4411 1353 4473 Ὁ
1367 4412 1482 4494 σπείρων
1497 4413 1680 4492 φειδομένως,
1694 4415 1818 4495 φειδομέ-

238 4496 324 4557 multa
348 4495 489 4577 diligentia
514 4498 674 4556 constituit:
693 4519 754 4556 nam
776 4497 812 4556 ad
832 4498 985 4577 largitatem
1038 4529 1095 4582 μως
1115 4505 1160 4565 κοιλ
1180 4505 1294 4586 θερίσει·
1317 4505 1363 4564 καὶ
1383 4510 1397 4564 δ
1420 4503 1534 4585 σπείρων
1551 4507 1593 4562 ἐπ’
1607 4505 1763 4586 εὐλογίαις,
1782 4511 1818 4566 ἐπ’

86 4610 227 4671 occupo.
237 4589 429 4661 excitans,ait:
441 4590 498 4667 Qui
502 4609 591 4669 parce
601 4593 828 4669 seminat,parce
840 4604 867 4649 et
875 4604 983 4651 metet:
1002 4616 1020 4663 13
1037 4595 1167 4677 εὐλογίαις
1184 4597 1230 4656 καί
1244 4595 1355 4678 θερίσει·
1371 4595 1419 4667 τὴν
1440 4595 1467 4653 δὲ
1483 4594 1593 4673 γνώμην
1616 4598 1819 4680 διορθούμενος,

86 4689 109 4737 θ·
237 4696 266 4744 et
289 4687 341 4764 qui
351 4687 476 4743 seminat
492 4686 524 4740 in
543 4681 801 4753 benedictionibus,
816 4684 852 4741 de
867 4685 984 4741 benedi·
1037 4687 1201 4769 προσετίθει·
1216 4687 1263 4760 Μὴ
1279 4690 1310 4746 ἐκ
1324 4685 1454 4761 λύπης,ἢ
1475 4684 1502 4754 ἐξ
1523 4686 1655 4765 ἀνάγκης.
1671 4688 1821 4767 Ἀμφόττρτ

236 4780 380 4838 ctionibus
392 4789 529 4846 οἰκετείαις
541 4774 661 4834 animum
670 4794 734 4833 vero
745 4774 874 4855 dirigens,
885 4776 980 4836 addit:
1037 4779 1088 4859 γάρ
1103 4779 1142 4838 δεῖ
1154 4787 1277 4860 παρεῖναι
1293 4783 1331 4859 τῷ
1343 4781 1470 4850 ἐλεοῦντι,
1484 4776 1529 4835 καλ
1544 4768 1677 4855 ἀφθονίαν
1694 4779 1744 4837 καλ
1758 4781 1819 4849 ἡδο-

238 4870 307 4928 Non
317 4892 354 4930 ex
365 4873 497 4944 tristitia,
516 4881 569 4927 aut
586 4887 623 4926 ex
636 4870 815 4926 necessitate.
828 4870 983 4948 Utrumque
1036 4870 1092 4943 νήν.
1110 4870 1190 4938 Τίνος
1220 4870 1272 4953 γάρ
1293 4870 1378 4930 ἕνεκεν
1402 4868 1502 4934 κλαίεις
1515 4865 1601 4934 διδοθς
1627 4870 1824 4949 {impedirem

269 5071 278 5088 ⁹
295 5068 445 5132 [Transitur
455 5068 480 5116 iu
490 5064 583 5117 Μοιιῑί.
595 5083 608 5115 ο
620 5083 677 5133 pag.
688 5066 734 5116 tet
747 5065 780 5115 ad
792 5083 816 5131 p.
830 5065 900 5131 673]

269 5159 281 5185 ⁸
298 5146 373 5206 llaec,
387 5155 414 5199 ἀν
425 5154 458 5212 μὴ
468 5153 530 5210 μετὰ
544 5149 637 5203 σπουδῆς
648 5152 683 5198 καί
704 5151 832 5213 προθυμίας
848 5156 915 5198 τοῦτο
929 5158 995 5213 ποιῇ,

1048 5084 1078 5118 τι
1087 5067 1261 5136 λίιιιιυιειίρῑίι
1271 5066 1492 5133 decumanum
1504 5067 1529 5116 iu
1537 5063 1631 5117 Editio.
