3728 5978
117 452 181 521 180
394 516 397 521 .
487 476 513 525 S.
541 472 681 524 JOANNIS
707 469 892 562 cttnusosu.
925 446 1377 521 aucrttut‘sconsrau'rtnor.

7 608 24 681 n
34 609 102 680 Ι«ιῑσιι
112 602 265 679 sauguini;
281 619 366 677 neque
377 598 432 657 abii
445 599 642 680 lerosolymam
655 595 690 654 ad
707 608 855 653 antecesso-
910 593 955 653 καλ
970 594 1078 672 αἵματι·
1092 597 1151 656 οὐδὲ
1172 600 1290 669 ἀπῆλθον
1305 598 1342 662 είς
1355 593 1528 674 Ἱεροσόλυμα
1545 594 1610 672 πρὸς
1628 592 1685 660 aab<

1 670 80 774 ’δ”
113 710 156 748 res
180 710 252 748 meos
278 689 410 771 apostolos
425 713 432 746 ε
447 689 490 749 vel
502 689 558 750 alio
568 686 742 764 mod02quia
751 683 857 744 insidia
909 685 962 765 πρὸ
973 688 1037 764 ἐμοῦ
1049 686 1224 754 ἀποστόλους·
1240 686 1293 758 lei
1310 688 1347 766 μὴ
1362 693 1456 759 τοῦτο,
1470 684 1511 744 ότι
1525 689 1544 756 ἡ
1558 684 1684 755 έπιύουλὴ

112 778 167 840 illa
177 781 301 840 Damasci
317 795 379 860 [rost
400 781 450 840 iter
473 780 502 840 in
515 780 644 840 Arabiam
659 779 743 853 luere,
757 797 789 835 ac
805 775 858 835 de·
910 781 970 849 ἡέν
991 781 1145 860 Δαμασκῷ,
1162 779 1230 858 μετὰ
1245 780 1276 840 τδ
1294 781 1376 840 ἐλθεῖν
1399 779 1477 838 αύτδν
1498 777 1553 837 ἀπδ
1565 776 1687 858 Ἆραόίσς

112 872 176 933 inde
188 870 317 949 ascendit,
324 886 467 951 postquam
478 871 578 930 isthinc
591 870 715 931 redierat.
729 869 789 947 lpse
802 866 858 946 igi·
911 868 1016 949 γέγονε,
1037 873 1125 951 φησὶν,
1146 863 1203 932 εἶτα
1220 872 1302 931 πάλιν
1314 877 1331 945 ἡ
1347 872 1438 939 ἄνοδος
1452 869 1524 948 μετδι
1543 869 1575 928 τὸ
1589 871 1687 927 ἐκεῖθεν

112 981 158 1025 tur
175 985 228 1023 non
242 962 309 1022 abiit
324 961 358 1021 ad
376 963 519 1044 apostolos,
538 961 586 1022 scd
603 959 745 1041 discipulis
759 958 860 1016 herem
912 961 1004 1020 ἐλθεῖν,
1016 963 1101 1030 Αὐτὸς
1112 970 1173 1044 γοῦν
1187 967 1234 1023 οὐκ
1248 965 1352 1036 ἀπῆλθε
1364 962 1430 1046 πρὸς
1441 959 1501 1029 τοὺς
1512 959 1687 1031 ἀποστόλοις,

112 1056 260 1136 satagebat,
274 1068 368 1137 utpote
389 1055 437 1136 qni
451 1054 571 1115 nondum
593 1053 697 1128 doctor,
710 1050 758 1111 sed
771 1050 859 1110 disci·
869 1051 982 1134 malit
994 1063 1048 1122 τοῖς
1061 1061 1192 1132 μαθηταῖς
1202 1057 1326 1136 ἐπειρᾶτο
1340 1057 1502 1122 κολλᾶσθαι,
1517 1053 1565 1111 dra
1575 1054 1606 1111 οἶν
1617 1052 1687 1111 διδά-

112 1153 193 1234 pnlus
207 1164 283 1209 esset.
295 1149 370 1229 Ergo
384 1171 436 1209 non
451 1149 511 1210 ideo
525 1147 656 1221 ascendit,
670 1158 860 1205 utantccesso·
878 1153 896 1196 Α
913 1147 1009 1213 σκαλος
1025 1146 1073 1221 ὢν,
1090 1146 1158 1207 ἀλλά
1173 1147 1303 1225 μαθητής.
1318 1147 1384 1230 Ἄρα
1397 1150 1426 1208 οὗ
1448 1145 1492 1206 διά
1511 1152 1590 1206 τοῦτο
1611 1144 1686 1214 ἀνῆλ-

112 1264 154 1302 res
168 1263 232 1302 suos
245 1240 333 1301 adiret
349 1265 355 1297 :
370 1241 539 1321 nequeenim
554 1238 693 1320 quidpiam
707 1238 742 1296 ab
753 1236 809 1295 illis
819 1234 860 1295 di·
913 1243 965 1306 θεν,
977 1237 1096 1317 ἵναπρδς
1108 1238 1168 1308 τούς
1180 1241 1233 1320 πρὸ
1251 1243 1330 1300 αὐτοῦ
1341 1240 1462 1318 ἀπέλθῃ·
1477 1236 1538 1297 οὐδὲ
1558 1236 1612 1316 γάρ
1626 1239 1685 1316 παρ’

112 1333 187 1392 dicit.
201 1332 254 1392 Vel
267 1331 302 1390 de
314 1332 366 1390 hoc
377 1353 488 1391 ascensu
498 1352 552 1390 non
565 1330 643 1406 dicit,
659 1330 706 1389 sed
716 1327 816 1387 omittit
828 1326 861 1386 il·
914 1330 1000 1389 αὐτῶν
1010 1353 1037 1388 τι
1049 1327 1198 1409 ἔμαθενἪ
1209 1331 1308 1402 ταύτην
1320 1329 1368 1403 τὴν
1379 1331 1470 1391 ἄνοδον
1481 1331 1512 1388 ού
1525 1328 1618 1409 λέγει,
1630 1328 1685 1387 ἀλλ’

114 1427 173 1485 lum
177 1449 187 1503 3
197 1424 266 1485 adeo
277 1438 308 1482 ut
321 1446 364 1483 res
373 1424 410 1483 ita
418 1445 446 1483 se
455 1425 553 1483 habeat
568 1445 575 1479 ε
591 1422 667 1482 abiit
679 1422 709 1480 in
722 1421 861 1495 Arabiam,
914 1422 1030 1503 ἀφίησιν,
1042 1421 1112 1485 ὥστε
1122 1413 1189 1482 εἶναι
1198 1422 1295 1490 οὕτως·
1308 1425 1425 1495 ἀπῆλθεν
1437 1426 1475 1490 εἷς
1485 1420 1623 1500 Ἀραύίαν,
1634 1409 1685 1478 εἶτα

112 1517 210 1578 deinde
238 1517 311 1579 venit
334 1519 517 1596 Damascum,
535 1530 626 1598 postea
648 1515 859 1596 lerosolymam,
912 1505 991 1585 {libau
1012 1518 1048 1582 εἰς
1073 1515 1227 1594 Δαμασκὸν,
1249 1505 1307 1575 εἶτα
1326 1519 1363 1582 εἰς
1376 1514 1567 1597 Ἱεροσολυμα,
1581 1503 1639 1571 εἶτα
1651 1515 1687 1578 είς

46 1677 50 1687 Ι
112 1611 177 1670 binc
190 1611 218 1669 in
237 1609 354 1690 Syriam.
370 1610 424 1669 Vel
436 1610 460 1668 si
474 1630 527 1669 non
545 1609 582 1668 ita
596 1621 645 1684 ast,
661 1607 700 1667 sic
713 1627 757 1666 res
771 1627 800 1665 se
809 1605 861 1665 ba-
914 1606 1023 1686 Συρίαν.
1041 1605 1079 1667 Ἢ
1098 1611 1122 1667 εί
1143 1607 1181 1687 μὴ
1200 1613 1296 1690 τοῦτο,
1310 1608 1391 1668 πάλιν
1405 1606 1502 1674 uiroc·
1516 1604 1560 1666 ότι
1578 1607 1685 1676 ἀνῆλθεν

110 1703 172 1766 buit
186 1727 192 1760 :
208 1702 333 1762 Ascendit
346 1703 560 1783 lerosolymam,
575 1700 639 1761 hinc
657 1701 686 1759 in
697 1702 861 1759 Damascum
914 1702 950 1766 εἰς
963 1698 999 1759 τά
1013 1699 1197 1780 Ἱεροσόλυμα,
1218 1691 1277 1760 εἶτα
1296 1703 1333 1768 είς
1353 1699 1500 1779 Δαμασκὸν
1519 1696 1685 1778 ἐξεπέμφθη,

112 1796 210 1855 missus
226 1807 277 1873 est,
290 1791 389 1853 deinde
407 1794 434 1852 in
451 1793 569 1875 Syriam,
580 1790 677 1851 deinde
690 1812 785 1851 rursus
801 1792 859 1850 Da·
914 1780 972 1855 εἶτα
996 1795 1032 1859 εἰς
1057 1790 1166 1874 Συρίαν,
1189 1783 1248 1852 εἶτα
1272 1795 1309 1859 είς
1321 1793 1467 1870 Δαμασκὸν
1480 1791 1574 1863 πάλιν,
1586 1781 1641 1848 εἶτα
1652 1791 1685 1856 εἰς

114 1908 242 1962 mascum,
256 1900 347 1967 postca
367 1886 525 1959 Caesaream,
539 1897 565 1942 et
583 1897 647 1941 tnnc
664 1904 714 1963 per
729 1896 860 1960 quatuor·
914 1883 1086 1962 Καισάρειαν,
1102 1884 1148 1945 καί
1167 1884 1227 1944 τότε
1247 1882 1291 1943 διὰ
1310 1884 1512 1965 δεκατεσσάρων
1532 1886 1609 1955 ἐτῶν,
1628 1883 1686 1950 ἴσως

112 1979 200 2038 decim
219 1999 313 2056 annos,
328 1977 398 2036 sorte
415 1975 524 2055 qnando
542 1977 639 2035 iratres
659 1975 777 2038 adduxit
798 1997 860 2034 cum
912 1975 956 2035 ὅτι
971 1976 1029 2044 τυθς
1044 1976 1170 2056 ἀδελφοὺς
1186 1977 1304 2057 ἀνήγαγε
1317 1976 1385 2055 μετὰ
1399 1975 1538 2057 Βαρνάύα.
1554 1973 1594 2034 'll
1614 1979 1636 2034 εί
1649 1975 1685 2052 μθ,

113 2071 246 2132 barnaba.
256 2072 309 2133 Vel
323 2071 345 2131 si
360 2092 412 2130 non
422 2071 483 2145 hoc,
493 2068 570 2128 aliud
584 2067 651 2128 dicit
665 2082 781 2150 tempus.
790 2070 860 2128 Nam
878 2082 896 2128 Β
912 2075 1004 2141 τοῦτο,
1026 2069 1114 2153 ἕτερον
1136 2069 1210 2149 λέγει
1234 2070 1334 2154 καιρόν.
1353 2070 1389 2131 Ὁ
1410 2069 1463 2153 γὰρ
1489 2070 1685 2151 ἱστοριογράφος

114 2162 346 2244 historiographus
371 2161 488 2221 multum
518 2158 678 2241 compendio
706 2158 813 2236 studet,
834 2175 860 2219 et
912 2160 999 2220 πολλὰ
1012 2160 1161 2239 ἐπιτέμνει,
1177 2162 1222 2222 καὶ
1234 2160 1347 2230 πολλοὺς
1356 2162 1463 2243 συνάγει
1475 2160 1686 2242 καιρούς.”ορα,

114 2256 199 2314 multa
215 2269 336 2336 tempora
357 2253 485 2334 congerit.
498 2253 572 2315 Vide
585 2274 666 2331 quam
685 2273 737 2314 non
751 2251 785 2312 sit
798 2273 860 2311 am-
912 2252 969 2317 πῶς
979 2254 1026 2310 οθκ
1037 2252 1094 2312 ἔστι
1108 2253 1262 2333 φιλότιμος,
1276 2253 1335 2314 οὐδὲ
1348 2254 1481 2335 διηγεῖται
1494 2255 1544 2326 τὴν
1555 2252 1686 2334 ἀψινέκεί-

113 2347 237 2424 biliosus,
252 2369 337 2426 noque
356 2360 446 2406 narret
458 2344 590 2405 visionem
608 2345 698 2418 illam,·
708 2344 755 2404 sed
770 2358 859 2404 trans·
913 2365 970 2416 νην,
985 2341 1053 2402 ἀλλὰ
1074 2347 1246 2426 παρατρέχει.
1268 2347 1356 2406 Πάλιν
1375 2344 1403 2406 δέ
1417 2344 1501 2414 οὕτως
1516 2345 1631 2426 ἄρχεται
1644 2344 1687 2404 καλ

114 2454 214 2499 currat.
232 2441 336 2498 Rursus
353 2439 393 2497 sic
407 2438 502 2519 incipit
511 2451 536 2497 et
549 2437 603 2498 ait:
617 2439 691 2498 Cum
703 2449 800 2497 autem
809 2459 858 2496 vc·
913 2435 994 2513 φησί·
1020 2436 1236 2516 Παραγενόμενος
1257 2437 1284 2499 δὲ
1302 2441 1339 2505 εἰς
1355 2436 1546 2520 Ἰερουσαλὴμ,
1566 2441 1687 2520 ἐπειρᾶτο

117 2538 206 2593 nisset
231 2538 263 2591 in.
277 2531 453 2603 Jerusalem,
468 2535 602 2590 tentabat
626 2551 657 2591 se
672 2532 797 2612 jungere
817 2532 862 2588 di·
912 2527 1061 2600 κολλᾶσθαι
1072 2537 1127 2595 ταῖς
1138 2535 1282 2607 μαθηταῖς·
1298 2534 1323 2590 σί
1334 2530 1362 2590 dl
1378 2531 1518 2611 έφοόοῦντο
1533 2529 1624 2589 αι’ντόν.
1636 2527 1687 2589 Καὶ

114 2628 233 2708 scipulis
249 2651 257 2682 :
273 2627 320 2684 illi
335 2645 406 2685 vero
421 2627 563 2684 timebant
576 2644 642 2682 eum
664 2621 702 2682 Et
718 2622 783 2682 hinc
801 2643 862 2682 rur·
913 2616 967 2678 ἀπὸ
980 2618 1072 2678 τούτου
1092 2620 1172 2681 πάλιν
1187 2622 1218 2682 τδ
1231 2622 1328 2703 θερμδν
1341 2629 1387 2683 τοῦ
1406 2620 1515 2681 Παύλου
1538 2621 1686 2682 δείκνυται·

116 2740 176 2778 sum
191 2716 269 2777 Pauli
283 2717 375 2775 servor
388 2713 539 2774 ostenditur
544 2736 554 2792 5
569 2734 621 2773 non
634 2713 670 2772 ab
682 2712 797 2792 Anania,
809 2734 862 2772 non
914 2713 961 2770 οὐκ
982 2712 1034 2770 ἀπὸ
1048 2713 1180 2784 Ἀνανίου,
1199 2713 1257 2774 οὐδὲ
1270 2712 1323 2775 άπθ
1336 2718 1389 2774 τῶν
1409 2711 1599 2792 θαυμαζόντων
1613 2713 1687 2772 αι’νιδν

116 2811 151 2870 ab
165 2810 208 2886 iis,
220 2809 267 2887 qui
282 2808 343 2866 istic
357 2807 525 2866 mirabantur
536 2804 756 2883 eum,sodetiam
769 2806 804 2864 ab
816 2805 861 2882 iis,
914 2805 982 2875 ἐκεῖ,
999 2803 1067 2863 ἀλλά
1079 2804 1124 2864 καθ
1140 2807 1194 2866 ἀπὸ
1208 2810 1261 2866 τῶν
1274 2811 1301 2867 έν
1315 2804 1518 2888 Ἱεροσολύμοις.
1533 2806 1576 2866 Οὐ
1593 2805 1645 2886 γάρ
1656 2795 1687 2877 όν

115 2925 174 2981 qnae
183 2901 361 2983 lerosolymis
379 2914 438 2959 acta
455 2888 528 2959 sunt.
545 2900 640 2978 Neque
656 2899 728 2959 enim
745 2898 797 2958 hoc
812 2898 864 2957 hu-
915 2895 995 2963 ὄντως
1009 2897 1167 2975 προσδοκίας
1185 2899 1349 2980 ἀνθρωπίνης
1368 2903 1461 2959 ἐκεῖνο.
1478 2896 1533 2956 Καὶ
1549 2896 1599 2978 θρα
1613 2896 1687 2957 airis

116 3017 203 3055 mana
219 3009 275 3054 erat
285 2992 500 3074 exspectationis.
516 2991 552 3050 Et
563 2991 627 3052 ride
641 2991 720 3050 illum
736 3013 788 3051 non
799 3012 864 3073 apo-
915 2989 944 3046 οθ
963 2987 1030 3068 πρὸς
1042 2987 1103 3057 τοὺς
1118 2989 1277 3059 ἀποστόλους
1291 2990 1404 3051 ἀπιόντα
1424 2988 1468 3049 διδ
1482 2989 1512 3048 τὸ
1527 2989 1686 3069 μετριάζειν,

116 3086 198 3145 stolos
213 3086 289 3144 adire
306 3106 362 3164 pra
380 3082 521 3158 modestia,
533 3083 580 3142 sod
595 3082 758 3164 discipulos,
774 3097 865 3165 utpote
916 3078 1069 3161 ἀλλὰπρὸς
1086 3081 1145 3150 τοὺς
1163 3083 1295 3160 μαθητὰς,
1312 3084 1361 3143 ἀτε
1386 3081 1507 3162 μαθητὴν
1521 3082 1603 3142 ὄντα·
1618 3081 1689 3144 ὤεον

117 3179 164 3258 qui
180 3177 333 3258 discipulus
346 3190 412 3236 esset
426 3198 432 3231 :
448 3177 570 3234 nondum
583 3175 654 3235 enim
666 3174 739 3235 sidus
750 3197 806 3235 esse
816 3197 865 3257 pu·
882 3185 901 3234 c
915 3170 967 3254 γὰρ
980 3172 1114 3250 ἐνομίζετο
1133 3174 1281 3244 ἀξιόπιστος
1295 3167 1370 3234 εἶναι.
1389 3173 1532 3254 Βαρνάύας
1546 3172 1575 3233 δὲ
1594 3176 1688 3233 ἐπιλα-

119 3269 236 3329 tabatur.
254 3271 412 3327 Barnabas
433 3279 531 3324 autem
547 3269 760 3346 apprehensum
780 3269 865 3327 illum
916 3263 982 3344 δόμε
984 3288 1026 3335 νος
1037 3290 1116 3327 αυτου
1098 3267 1211 3346 ἤγαγε
1228 3269 1293 3348 πρδς
1306 3266 1559 3341 τοθςάποστόλως,
1571 3266 1618 3327 καθ
1631 3268 1686 3339 διη-
1708 3306 1714 3338 ς

120 3365 205 3422 duxit
221 3361 430 3442 adapostolos‚
445 3371 473 3418 et
487 3360 704 3432 narravitillis,
722 3363 867 3465 quomodo
917 3356 1018 3434 γήσατο
1033 3361 1136 3433 αὐτοῖς,
1157 3383 1213 3426 ποις
1231 3362 1313 3418 ἐν
1279 3385 1313 3440 τῃ
1331 3360 1384 3439 ὁδῷ
1403 3348 1495 3418 είδε
1470 3381 1516 3418 τον
1536 3357 1642 3439 Κύριον.
1656 3358 1687 3420 0

118 3460 150 3512 in
163 3458 217 3513 οἱα
233 3455 356 3512 uidisset
378 3453 547 3511 Dominum.
559 3449 698 3511 Barnabas
719 3451 765 3511 hic
793 3453 867 3512 mitis
919 3448 1059 3529 Βαρναύας
1069 3441 1144 3518 οὗτος
1158 3450 1275 3523 έπιεικης
1285 3476 1326 3521 τις
1336 3450 1381 3511 καλ
1391 3449 1490 3531 ἥμερος
1501 3442 1685 3563 ἀνθρωπυςίίν.

119 3560 146 3605 ot
166 3559 320 3611 mansuetus
337 3545 419 3603 homo
441 3557 505 3602 erat.
520 3544 625 3603 Nomen
648 3556 739 3604 autem
760 3545 868 3626 ejusli·
918 3539 1004 3608 ’Υἱὸς
1023 3539 1051 3600 δὲ
1070 3543 1263 3624 παρακλήσεως
1282 3544 1313 3604 τδ
1332 3543 1416 3622 ὄνομα
1429 3541 1620 3622 ἑρμηνεύεται·
1614 3542 1684 3602 aa

56 3652 59 3657 ’
118 3629 190 3697 lium
213 3636 403 3698 consolationis
425 3635 561 3715 significat
584 3658 590 3692 ι
614 3634 686 3694 unde
716 3650 742 3695 et
766 3637 870 3697 amicus
918 3654 953 3690 κα
952 3631 1108 3712 ὶ“ρίλος
1072 3659 1110 3714 τῳ
1132 3634 1232 3717 Παύλῳ
1255 3634 1369 3715 γέγονεν.
1383 3633 1450 3695 Οτι
1473 3634 1501 3695 δὲ
1526 3635 1642 3718 χρηστὸς
1656 3625 1683 3706 ἦν

121 3733 205 3792 Paulo
215 3732 277 3790 suit
286 3728 550 3805 Quodautemvalde
559 3729 636 3788 mitis
647 3743 714 3790 esset
725 3744 749 3789 er
761 3751 869 3792 accessu
918 3723 1001 3805 σούδρ
1003 3725 1078 3785 aaut
1091 3725 1258 3807 εὐπρόσιτος
1276 3735 1353 3788 τοῦτο
1370 3727 1416 3786 καὶ
1433 3729 1465 3787 ἐν
1479 3732 1534 3788 τῶν
1551 3726 1619 3806 μετὰ
1635 3733 1682 3807 χεῖ·

0 3870 1 3874 ,
10 3843 101 3888 ..aaa
102 3825 218 3900 -facilis,
228 3838 253 3884 οι
264 3846 298 3882 ex
309 3824 368 3900 hoc,
379 3836 405 3881 et
416 3843 451 3880 ex
463 3842 496 3880 ns
510 3843 569 3900 quae
584 3821 655 3880 circa
670 3824 800 3883 loannem
810 3840 869 3885 acta
920 3840 981 3899 ρας
1000 3817 1045 3877 καί
1065 3821 1096 3878 έν
1118 3824 1170 3879 τῶν
1190 3820 1261 3880 nard
1271 3821 1397 3894 Ἰωάννην
1418 3820 1496 3892 δῆλόν
1518 3823 1600 3881 ἔστιν.
1611 3817 1681 3880 θθεν

8 3930 10 3939 ”
74 3919 197 3989 ”’,ιιιιιι
215 3916 308 3996 liquet
328 3914 409 3975 Unde
426 3914 473 3973 hic
494 3936 547 3974 non
573 3915 680 3994 metuit,
702 3915 752 3974 scd
767 3932 869 3993 narrat,
919 3901 1031 3980 οὗτος
1006 3912 1178 3991 θνφνὸεῐτνν,
1190 3913 1412 3993 illibanum,
1422 3902 1681 3992 ταῧςέντῇθῆννῖδν

12 3969 76 4073 lilani
79 4028 115 4078 ,ed
126 4008 279 4090 quomodo
271 4030 299 4068 in
309 4005 463 4070 vrasrderit
476 4007 635 4081 Dominum
647 4022 673 4067 et
686 4006 760 4086 quod
773 4008 869 4112 lopun-
920 4003 963 4063 τὸν
978 4003 1087 4086 Κύριον,
1103 4004 1148 4063 καὶ
1159 4005 1225 4065 ότι
1212 4005 1383 4076 λαλησεν
1354 4028 1443 4086 αυτω
1459 4005 1575 4072 καὶπῶς
1592 4007 1619 4064 ἀν
1638 4005 1681 4062 dr

5 4090 101 4137 ”’”·
126 4116 170 4162 tus
183 4103 218 4161 sit
231 4101 282 4175 illi,
297 4122 327 4159 ac
340 4098 476 4178 quomodo
490 4099 616 4159 Damasci
637 4099 722 4159 libere
741 4100 826 4180 egerit
842 4101 869 4160 in
921 4119 1017 4177 μασκιρ
1044 4097 1260 4183 ἐπαρρησιάσατο
1283 4101 1309 4156 έν
1330 4121 1368 4178 τῳ
1349 4062 1491 4172 “aalma
1519 4100 1567 4156 τοῦ
1596 4093 1681 4176 Κυρίου

127 4194 234 4254 nomine
255 4193 366 4253 Domini
388 4194 462 4253 Jesu.
476 4192 631 4253 Verisimile
648 4193 720 4252 eninr
735 4206 774 4252 est
790 4192 869 4252 illum
886 4201 905 4246 u
921 4188 1017 4262 Ἰησοῦ.
1030 4189 1110 4258 Εἰκὸς
1124 4188 1202 4270 αὐτὸν
1215 4189 1268 4272 γὰρ
1283 4189 1329 4249 καὶ
1346 4155 1374 4248 έν
1390 4191 1532 4269 Δαμασκῷ
1551 4187 1681 4261 ἀκηκοέναι

128 4285 254 4346 Damasci
268 4283 403 4342 audivisse
420 4283 454 4342 dc
467 4282 524 4341 illo.
534 4282 599 4343 ldeo
617 4285 675 4344 baec
692 4284 728 4344 ad
740 4284 788 4343 illa
800 4307 871 4365 prae·
921 4280 955 4340 τά
966 4283 1026 4340 κατ’
1036 4280 1122 4341 αὐτόν.
1135 4281 1184 4341 au
1197 4281 1243 4340 καὶ
1251 4287 1335 4340 ταῦτα
1344 4279 1449 4340 ἐκείνων
1462 4275 1683 4340 κατασκευαστικδ

128 4389 232 4457 parant,
242 4374 365 4433 dumille
378 4373 505 4453 operibns
519 4371 593 4431 dicta
608 4374 757 4433 confirmat.
770 4375 870 4436 D8.Et
921 4377 1014 4446 ποιῶν,
1029 4372 1072 4432 ut
1094 4378 1146 4434 τῶν
1164 4373 1246 4454 ἔργων
1271 4372 1416 4432 tutatum
1430 4371 1464 4432 τδι
1487 4372 1627 4453 λεχθέντα.
1640 4367 1682 4431 llal

128 4479 271 4526 aratrum
288 4465 347 4522 itus
359 4468 474 4522 intrans
490 4474 518 4521 et
531 4466 632 4523 exiens
646 4467 679 4521 ιἰι
692 4466 869 4538 Jerusalem,
921 4457 953 4538 ἦν
977 4468 1034 4544 μετ’
1058 4466 1143 4525 αὐτῶν
1167 4464 1382 4546 εἰσπορευόμενος
1407 4463 1452 4523 καλ
1488 4462 1683 4575 ἐκπορευόμενοι

129 4573 156 4619 et
169 4557 350 4635 fiducialiter
363 4576 452 4634 agens
471 4558 503 4612 in
518 4559 635 4613 nomine
652 4558 733 4615 lesu.
749 4560 798 4618 29.
809 4561 869 4616 Lo·
921 4562 946 4618 έν
963 4556 1150 4639 Ἰερουσαλὴμ,
1167 4555 1212 4616 καί
1229 4555 1473 4638 παρρησιαζόμενος
1488 4557 1515 4614 ἀν
1528 4555 1682 4636 τῷθνόμσιι

128 4655 276 4735 quebatur
293 4668 407 4728 quoque
430 4660 457 4705 et
478 4647 647 4726 disputabat
664 4669 731 4706 cum
751 4650 869 4710 Graecis
921 4673 966 4709 του
981 4649 1079 4720 Ἰησοῦ.
1095 4647 1205 4708 Ἐλάλει
1218 4672 1247 4707 τε
1261 4647 1306 4706 καὶ
1328 4671 1389 4707 συνε
1390 4647 1463 4717 ζητει
1477 4647 1544 4726 πρὸς
1559 4647 1620 4714 τοὺς
1631 4645 1682 4705 ‘n

128 4746 200 4820 Quia
229 4741 356 4822 discipuli
378 4741 532 4799 metuebant
552 4739 640 4815 illum,
661 4742 775 4822 apostoli
806 4765 870 4803 vero
920 4741 1054 4813 ληνιστάς.
1070 4739 1180 4813 Ἐπειδὴ
1194 4744 1217 4799 σί
1233 4737 1350 4818 μαθηταὶ
1365 4737 1551 4818 ἐφοόοῦντο’
1522 4762 1612 4811 αυτον,
1624 4733 1682 4796 att

129 4860 183 4899 non
197 4835 239 4897 illi
260 4833 458 4894 confidebant:
452 4829 536 4890 ·ide0
556 4830 621 4890 hinc
639 4832 749 4892 illorum
770 4849 871 4894 metum
923 4834 1098 4896 cadurciar
1073 4858 1120 4893 ουκ
1134 4831 1309 4893 ἐπίστευον’
1282 4834 1369 4911 αυτῷ,
1382 4832 1426 4889 ut
1437 4854 1516 4889 τουτο
1531 4833 1681 4890 αθτῶνέκεῑ-

130 4930 220 4990 solvit.
236 4929 433 5007 loquebatur,
450 4935 547 5000 inquit,
559 4935 587 4981 et
611 4924 781 5003 disputabat
804 4950 870 4986 cum
923 4933 965 4985 θεν
986 4926 1042 4986 λύει
1065 4927 1095 4985 τὸ
1117 4925 1181 4993 δέος.
1195 4925 1304 4984 Ἐλάλει
1323 4947 1352 4982 τε
1372 4923 1418 4983 καὶ
1443 4924 1593 4996 συνεζητει,
1615 4920 1681 5003 φησὶ,

132 5025 250 5083 Grecis.
263 5020 314 5078 Hic
328 5020 437 5079 Graecos
448 5028 527 5075 vocat
541 5035 593 5091 eos,
605 5014 651 5093 qui
666 5017 762 5077 Graece
774 5017 867 5098 loque·
924 5020 988 5101 πρὸς
997 5019 1057 5087 τοθς
1067 5018 1270 5091 ’Ἑλληνιστάς
1280 5014 1457 5088 Ἑλληνιστάς
1475 5015 1538 5085 τοὺς
1563 5010 1681 5087 ἑλληνιστὶ

160 5219 171 5242 ο
184 5205 213 5251 ln
226 5219 276 5251 uno
291 5199 387 5251 Codice
400 5215 491 5266 magna
504 5197 545 5247 hic
557 5198 628 5248 seriei
645 5201 751 5251 varietas
768 5199 886 5253 observa·
968 5206 982 5247 b
993 5205 1064 5255 Unus
1074 5212 1128 5276 πρὸς
1141 5208 1189 5264 τοὺς
1197 5199 1338 5264 inpiam&
1351 5207 1464 5263 ίλληνιστί
1476 5207 1641 5273 ρθεγγομίνονι-

127 5296 177 5344 tur,
190 5283 242 5332 sine
253 5296 337 5329 seusun
349 5277 502 5328 discrimine.
