3728 5978
407 417 439 463 iu
469 415 773 465 auuunrrarrounu
801 412 1028 463 sanerrssutn
1055 413 1222 469 narrans.
1498 400 1569 497 943

104 553 126 612 t<
138 540 336 623 bardeniensi<
349 539 407 606 τοίις
422 543 535 613 αἰῶνας;
549 540 603 600 Kal
616 543 631 598 ό
645 540 769 620 όγγελος·
826 549 928 611 murus,
943 551 1062 598 mortuos
1071 539 1259 617 suscitaturus,
1270 537 1395 621 sepulcra
1407 543 1570 623 aperiturus,

103 624 136 705 άρ
147 626 221 692 ἐστι,
235 618 386 699 Μαρία,τδ
398 618 468 687 ξένον
479 619 639 700 μυστήριον,
650 617 691 678 ότι
704 618 771 678 πάν-
826 617 920 674 tartari
937 617 1054 676 claustra
1080 619 1273 696 confractarus,
1297 632 1323 678 ct
1347 618 1434 680 multa
1457 643 1570 704 corpora

104 703 204 774 ἔθανον,
223 699 271 759 καλ
289 704 304 758 ὁ
322 697 366 765 σδς
385 699 440 766 υἱὸς
460 696 563 768 νικήσει
581 699 625 758 τὸν
647 699 770 769 θάνατον,
825 693 1019 754 dormientium
1044 697 1268 756 resuscitaturus:
1284 719 1345 757 uam
1362 720 1397 761 ex
1423 701 1569 763 immortali

104 808 105 844 ς
128 785 228 858 ἐγερεῖ,
251 777 297 837 καί
318 778 443 843 θανόντας
473 777 631 850 ἀναστήσει,
654 783 772 854 μνημεῖα
826 773 986 834 immortalis
1006 788 1086 835 natus
1103 797 1152 856 per
1165 791 1277 835 mortem
1291 798 1368 837 suam
1384 780 1486 840 occidet
1497 803 1569 842 mor·

104 859 251 938 ,ταρτάρου
262 858 371 936 κλεῖθρα
387 855 594 958 συντρίψει,καλ
608 856 694 916 πολλὰ
714 853 771 916 σόε·
825 865 888 912 tem.
910 855 1043 926 Quocirca
1071 877 1104 914 ue
1125 858 1196 914 ultra
1215 853 1322 916 credere
1336 857 1458 936 differas,
1483 874 1513 920 ut
1536 882 1570 922 nc

104 944 134 997 ῖιν
147 935 347 1014 κεκοιμημένων
358 939 503 1006 άναστησει
515 960 521 973 ·
534 941 563 996 ἐκ
575 935 628 1018 γάρ
642 934 772 995 ἀθανάτου
826 932 869 991 cul
891 955 913 992 ae
927 933 964 993 sis
977 934 1104 994 obnoxia.
1119 935 1145 994 ls
1156 934 1227 993 enim
1236 933 1271 994 de
1282 958 1336 1015 quo
1344 936 1441 1014 loquor
1449 939 1507 1018 jam
1521 961 1569 1020 per

104 1041 155 1084 ιτος
165 1015 312 1115 γεννηθείς,
326 1014 527 1074 θανατώσειτὸν
545 1017 656 1076 θάνατον
669 1014 713 1075 tia
725 1017 772 1073 τοῦ
824 1032 858 1070 au
882 1013 948 1072 'tum
967 1026 1045 1072 tuum
1059 1013 1087 1072 in
1112 1029 1217 1073 uterum
1231 1028 1308 1073 tuum
1322 1015 1426 1094 insiliit,
1445 1019 1513 1077 uteri
1528 1020 1569 1079 tui

109 1103 231 1156 θανατου.
249 1093 298 1154 Διὸ
332 1093 407 1167 ηκέτι
424 1094 589 1168 άπιστήσης,
603 1094 646 1153 ἵνα
668 1094 705 1171 μή
720 1092 772 1151 ὑπὸ
824 1093 940 1151 encaenia
950 1093 1183 1153 celebrans.Tum
1196 1093 1299 1173 Virgo:
1316 1098 1356 1156 Ut
1369 1095 1412 1154 his
1429 1098 1568 1171 assentiar,

105 1198 122 1232 α
134 1173 207 1253 γένῃ.
220 1173 287 1255 Περὶ
296 1117 391 1255 οόγδρ
401 1172 472 1252 λέγω
482 1160 603 1246 σοι,’ήδη
615 1177 651 1240 εἰς
661 1173 709 1246 τήν
721 1170 770 1244 σήν
824 1170 912 1250 primo
922 1192 965 1231 me
971 1172 1012 1231 sac
1021 1171 1171 1239 certiorem,
1180 1173 1315 1250 quomodo
1322 1175 1358 1233 sit
1365 1176 1386 1232 F
1387 1174 1451 1234 ilius
1461 1176 1567 1237 altissi-

114 1253 158 1313 δεδι
168 1258 217 1324 τῆς
227 1257 275 1323 σῆς
291 1255 371 1323 ἀκοῆς
383 1252 576 1327 είσπεττήδηκε,
593 1258 641 1325 τῆς
655 1257 703 1324 σῆς
723 1276 771 1330 γα·
825 1250 862 1307 mi
877 1263 903 1309 et
917 1251 989 1310 iilius
1004 1251 1107 1327 David,
1131 1251 1155 1310 is
1177 1250 1224 1330 qui
1245 1274 1280 1311 ex
1294 1274 1347 1328 me,
1366 1267 1396 1312 ut
1414 1253 1493 1332 dicis,
1511 1257 1569 1317 sinc

104 1335 224 1392 ίπιτελῶν
242 1333 278 1392 τὰ
293 1332 423 1412 ίγκαίνια.
448 1332 501 1391 Καί
521 1337 538 1404 ή
563 1331 690 1432 παρθένος
707 1355 713 1367 ·
728 1329 772 1389 ἵνα
825 1343 901 1408 patre
913 1344 1052 1407 nascetur,
1065 1345 1091 1390 et
1103 1330 1238 1409 quomodo
1250 1330 1319 1392 duos
1352 1347 1422 1394 atres
1435 1335 1567 1414 prodica-

115 1417 265 1488 συνθῶμαι,
276 1413 307 1472 τὸ
318 1411 422 1491 πριῖπόν
443 1434 476 1489 με
488 1415 700 1493 πληρορορησον,
715 1413 772 1478 πῶς
824 1409 906 1469 veris.
929 1411 1046 1490 Repouit
1064 1409 1175 1489 angelus
1188 1433 1195 1467 τ
1210 1411 1303 1471 Primo
1326 1355 1409 1489 disce,
1429 1426 1454 1471 et
1474 1429 1567 1504 postea

106 1516 117 1557 ς
130 1489 276 1570 Ὑψίστου,
289 1492 334 1551 καί
349 1491 403 1557 uile
413 1489 497 1549 Δαυίδ
507 1495 521 1550 ό
532 1492 558 1558 ἐξ
572 1495 636 1569 ἐμοῦ
657 1489 771 1569 μελλων,
823 1488 1010 1549 contradicito.
1024 1491 1093 1549 Cum
1107 1489 1158 1548 tibi
1167 1489 1226 1548 dixi
1230 1535 1240 1561 ,
1252 1490 1339 1551 Filius
1354 1491 1494 1568 altissimi,
1503 1515 1567 1553 eum

107 1593 143 1643 ις,
154 1569 291 1629 τίκτεσθαι
302 1571 348 1630 καὶ
361 1569 416 1630 θπά
433 1591 489 1650 χειν
501 1569 641 1649 ἀπάτορα·
656 1569 701 1628 καί
715 1573 771 1637 πῶς
785 1598 805 1644 1,
822 1567 869 1644 qui
891 1583 952 1628 ante
962 1569 1060 1629 saecola
1073 1568 1274 1658 impassibiliter
1291 1591 1324 1629 ex
1339 1572 1418 1630 Patre
1433 1585 1566 1634 natusest

105 1647 250 1729 οπατέρας
264 1648 399 1730 ἕκήριιξας.
417 1594 470 1708 iai
484 1653 498 1708 ό
511 1648 622 1727 άγγελος
641 1673 648 1686 ·
667 1651 771 1725 πρῶτον
822 1646 956 1723 indicavi;
973 1662 999 1707 et
1014 1669 1075 1707 cum
1087 1647 1158 1724 dixi,
1170 1648 1258 1708 Filius
1271 1649 1373 1722 David,
1387 1651 1427 1710 sic
1437 1651 1566 1728 loquutus

104 1750 132 1801 ε,
145 1727 190 1825 καί
205 1726 288 1794 οὕτως
312 1725 432 1828 άντίλεγε
445 1750 452 1764 ·
463 1726 529 1822 όταν
545 1751 586 1788 σοι
609 1728 691 1802 εἴπω,
707 1725 771 1794 tta<
822 1745 894 1804 sum,
906 1725 969 1804 quia
980 1741 1010 1785 tu
1033 1741 1155 1818 exvpatre
1174 1728 1280 1787 Davidc
1294 1729 1430 1809 prodiisti.
1450 1733 1565 1820 Accepta

104 1805 771 1963 mabill“itldtlt’tt‘llit‘itttff
822 1807 1566 1965 tttttttltlttt‘mltattitulata

113 1987 142 2022 σε
163 1955 230 2022 εἶναι
252 1966 282 2023 ίκ
295 1965 394 2042 πατρὸς
411 1965 496 2024 Δαυίδ
517 1964 620 2047 εἴρηκα.
641 1965 769 2024 anemae
822 1964 936 2040 angelus
950 1965 1092 2043 Virginem
1110 1964 1230 2042 reliquit.
1247 1907 1299 2038 illa
1320 1987 1385 2025 vero
1402 1966 1460 2024 bac
1474 1988 1565 2028 secum

104 2043 317 2123 πληροφορίαν,
330 2044 390 2110 τοὺς
400 2042 493 2122 λόγους
507 2067 557 2122 μου
572 2045 686 2122 ρθλαττε
701 2067 707 2081 ·
723 2042 769 2102 καί
871 2042 964 2101 utabat
979 2068 985 2102 ι
1003 2044 1154 2163 δυεορίιοιιο
1172 2044 1347 2121 annuntiabo,
1366 2065 1400 2103 an
1420 2046 1510 2125 potius
1525 2062 1565 2107 ta·

104 2119 236 2188 ιίιδοῦλός
264 2126 320 2200 είμι
343 2121 458 2193 ἐκείνου,
482 2122 511 2181 ὃν
532 2123 638 2201 μέλλεις
661 2121 769 2183 τίκτειν.
822 2060 1075 2201 iiliumysterium.
1096 2121 1119 2180 si
1129 2122 1301 2181 mentitusest
1314 2123 1393 2201 isqui
1404 2125 1564 2199 veninsenis

105 2199 186 2258 είπὼν
199 2205 213 2260 ό
227 2201 336 2279 ἄγγελος
354 2206 387 2273 τῆ
402 2201 540 2281 παρθένω,
557 2203 711 2283 κατέλειψεν
722 2201 769 2259 αθ-
822 2199 943 2280 linguam
958 2216 1049 2260 contra
1059 2223 1102 2260 me
1115 2201 1248 2261 excitabo.
1263 2204 1298 2261 Et
1313 2201 1381 2261 dum
1390 2201 1448 2263 baec
1462 2204 1563 2284 cogita-

104 2277 124 2335 ιὶ
134 2301 173 2337 πα
191 2282 198 2302 ’
213 2283 308 2350 ἑαυτῆς
321 2268 477 2360 διελογίζετο
487 2260 601 2359 λίγουσα
614 2306 620 2318 ·
633 2281 771 2360 ἀναγγελεῖ
820 2275 869 2338 bat
890 2279 987 2358 Virgo,
1006 2294 1098 2339 uterus
1125 2280 1328 2354 intumescebat,
1343 2295 1370 2340 et
1387 2281 1475 2341 infans
1490 2283 1563 2345 intus

104 2303 189 2437 ainsi
202 2359 296 2440 κρύψω
312 2361 413 2437 μᾶλλον
426 2359 457 2418 τδ
470 2362 631 2440 μυστήριον;
647 2363 681 2423 Εἰ
696 2360 771 2441 ἐψεό-
822 2356 932 2418 choreas
955 2381 970 2417 a
990 2359 1060 2418 ebat.
1082 2358 1171 2419 Maria
1190 2380 1254 2418 vero
1276 2359 1327 2418 hac
1353 2359 1388 2420 de
1405 2382 1435 2420 re
1446 2361 1563 2423 sollicita

104 2435 180 2495 έλθὼν
193 2438 274 2509 τέως,
289 2441 346 2496 καθ’
362 2442 455 2509 ἑαυτῆς
469 2439 575 2518 ἐρεθίζω
588 2439 637 2514 τὴν
648 2443 769 2518 γλῶτταν
821 2451 887 2513 erat,
897 2451 923 2497 et
934 2379 1010 2499 mille
1020 2439 1169 2498 velamenta
1183 2439 1270 2498 ventri
1278 2439 1431 2519 imponens,
1446 2440 1475 2500 id
1484 2464 1562 2502 cura·

104 2538 181 2582 οντος.
195 2516 247 2576 Καί
261 2521 297 2583 ὡς
309 2521 394 2576 ταῦτα
409 2517 768 2601 ἔσκέπτετοὴπαρθένος,ἡ
821 2515 869 2575 bat
878 2530 909 2575 ut
921 2519 1022 2599 loseph
1036 2540 1093 2577 rem
1105 2517 1239 2597 ignoraret
1254 2541 1260 2574 :
1274 2518 1322 2578 sed
1346 2539 1399 2579 non
1434 2522 1502 2580 otuit
1518 2543 1561 2582 oc·

105 2595 252 2674 δγκουμένη
275 2595 437 2675 προέκοπτε,
457 2596 503 2656 καί
527 2599 557 2657 τὸ
581 2599 675 2680 βρέφος
696 2598 768 2660 ἔνδον
821 2596 923 2656 cultare
935 2598 1122 2678 urbemsupra
1142 2609 1259 2657 montem
1270 2599 1394 2678 positam.
1412 2542 1562 2681 iosepbum

104 2719 110 2731 .
126 2674 219 2754 Μαρία
233 2674 261 2734 δὲ
278 2675 339 2756 περί
350 2674 443 2734 τούτου
455 2676 613 2752 ἐσκέπτετο,
627 2678 671 2737 καί
686 2676 768 2760 μυρία
820 2675 937 2757 pupugit
948 2690 1038 2736 tumor
1053 2676 1133 2752 uteri,
1150 2689 1177 2735 ct
1194 2690 1271 2736 torvo
1284 2677 1331 2737 ille
1344 2678 1423 2738 oculo
1437 2680 1562 2760 Virginis

103 2752 227 2831 τάσματα
241 2758 274 2833 τῇ
287 2755 384 2836 γαστρί
404 2755 586 2828 ίιτιόαλοῦσα,
607 2759 651 2818 τὸν
666 2757 766 2840 Ἰωσήφ
781 2781 801 2830 η
820 2773 941 2818 ventrem
955 2756 1152 2818 considerabat.
1170 2756 1366 2816 Contumeliam
1384 2756 1474 2818 dicere
1488 2759 1562 2820 vole·

109 2844 130 2890 ιν
144 2832 273 2903 ἠόοθλετο
285 2857 291 2870 ·
305 2836 364 2893 ἀλλ’
378 2837 427 2893 οθκ
443 2836 556 2906 ἠδύνατο
576 2860 593 2895 κ
610 2835 676 2917 όψαι
689 2837 766 2897 πόλιν
806 2833 876 2913 bat,
884 2847 910 2894 et
921 2849 1008 2896 tacere
1018 2836 1164 2914 cogebatur
1174 2836 1376 2896 :contumeliam
1386 2837 1561 2899 eidiecrero·

104 2911 178 3012 όρους
194 2912 328 2990 κειμένην.
350 2913 405 2973 Τὸν
425 2911 526 2993 Ἰωσὴφ
547 2861 629 2984 ἔνυέεν
651 2924 668 2990 ἡ
690 2916 766 2985 δεῖξις
817 2910 900 2991 lebat,
909 2928 939 2974 ut
952 2937 1012 2994 quae
1022 2914 1188 2994 virginitatis
1201 2914 1307 2975 cimelia
1322 2915 1498 2994 vendidisset;
1512 2917 1561 2979 sed

104 3001 169 3062 διας,
183 2992 228 3050 καὶ
241 2991 309 3073 λοξῷ
322 2995 361 3071 τῷ
408 2996 502 3071 θαλμῶ
515 2998 562 3065 τῆς
574 2995 703 3075 παρθένου
717 2996 766 3070 τήν
817 2995 874 3057 vita
891 2995 950 3075 ejus
969 2995 999 3053 id
1018 2993 1192 3074 impediebat.
1216 2996 1331 3054 Demum
1355 2997 1561 3057 animamsuam

111 3069 259 3146 έστάθμιζε.
274 3071 327 3131 Καί
340 3071 455 3151 θόριζειν
477 3051 572 3145 ήθελε,
594 3075 640 3134 καί
662 3085 766 3157 σιωπψν
816 3074 944 3135 aertrmnis
957 3075 1102 3149 cruciabat,
1111 3073 1162 3133 Hei
1171 3072 1252 3146 mibi,
1262 3073 1363 3151 dicens,
1371 3074 1560 3153 qnidfaciam?

104 3153 154 3217 ζετο
167 3173 173 3186 ·
185 3149 298 3230 θόρίζειν
317 3150 426 3226 ἤθελεν,
443 3156 479 3218 ὡς
492 3163 659 3233 πεπρακυῖαν
672 3154 707 3214 τά
717 3159 766 3228 τῆς
815 3153 896 3214 facies
910 3153 1023 3245 virginis
1042 3167 1090 3229 est,
1109 3167 1194 3213 status
1205 3151 1331 3232 virginis,
1346 3154 1418 3213 oculi
1430 3155 1557 3236 virginis,

104 3252 134 3294 ας
155 3230 283 3305 κειμήλια
299 3252 305 3266 ·
319 3230 364 3288 καί
385 3234 399 3288 ό
419 3234 522 3312 πρῶτος
540 3232 604 3311 ’βίος
627 3234 762 3294 διεκώλυε.
816 3234 887 3293 risus
896 3232 1027 3312 virginis3
1043 3247 1071 3291 at
1080 3247 1174 3294 venter
1181 3252 1233 3291 nou
1244 3232 1371 3312 virginis,
1385 3233 1432 3293 sed
1447 3236 1558 3309 matris;

115 3306 163 3379 τήν
179 3307 246 3367 ἰδίαν
268 3308 355 3388 ψυγήν
377 3317 436 3376 ταῖς
451 3310 569 3390 θλίψεσιν
591 3312 764 3382 έὸασάνιζεν·
816 3313 898 3372 verba
908 3311 1024 3391 virginis
1037 3325 1100 3371 sunt
1111 3336 1118 3369 ι
1128 3311 1173 3370 hei
1191 3311 1269 3384 mihi,
1284 3312 1328 3372 hei
1343 3312 1422 3388 mibi,
1433 3312 1501 3374 illud
1516 3315 1576 3376 vi··

104 3386 200 3465 λέγων,
213 3385 240 3444 τί
257 3376 361 3461 ποιήσω
384 3387 455 3468 έγέις
470 3395 487 3461 ἡ
504 3391 563 3471 όψις
583 3392 713 3474 παρθένου
726 3397 764 3466 ,ἡ
815 3392 882 3452 deus
908 3393 979 3451 serre
999 3410 1110 3470 nequeo.
1139 3391 1242 3449 Remue
1261 3390 1412 3463 traducam,
1440 3393 1558 3454 Mariam

104 3488 154 3532 ισις
167 3465 311 3547 παρθένου,
322 3469 346 3526 οἱ
357 3468 486 3548 όρθαλμοί
500 3469 640 3553 παρθένου,
653 3477 667 3532 δ
680 3473 764 3548 γελως
815 3471 993 3551 redarguam?
1004 3469 1161 3530 Communis
1172 3469 1222 3528 erit
1230 3469 1382 3550 turpitudo.
1394 3471 1560 3533 Clamaboue

105 3567 140 3602 υ·
155 3544 199 3603 καί
213 3550 230 3617 ἡ
245 3545 333 3606 κοιλία
354 3549 384 3606 οθ
402 3549 547 3630 παρθένου,
562 3550 632 3610 άλλδ
648 3553 762 3635 μητρός·
815 3572 913 3632 magua
922 3573 998 3623 voce,
1009 3551 1107 3631 ueejus
1120 3549 1168 3629 qui
1184 3549 1241 3608 sine
1254 3550 1354 3610 semine
1366 3551 1558 3633 nasciturque·

126 3624 278 3706 παρθένου·
298 3628 385 3705 οἴμοι,
411 3626 507 3704 οἴμοι·
528 3633 557 3690 οὗ
578 3629 612 3709 qi
670 3633 762 3693 λοιπδν
815 3631 839 3691 ri
863 3645 939 3712 pater
955 3628 1093 3712 appeller?
1115 3629 1214 3688 Nullus
1254 3629 1331 3689 uella
1349 3645 1490 3690 accusator
1509 3645 1558 3706 cst,

104 3727 200 3802 ιημηγο
218 3703 276 3776 ήσω
297 3705 388 3765 λοιπὸν
409 3705 440 3766 τὸ
459 3717 588 3787 πρᾶγμα,
637 3711 698 3780 ’ξω
713 3711 761 3784 τὴν
815 3711 879 3788 quia
889 3711 913 3769 is
922 3711 1051 3788 quiutcro
1062 3722 1191 3788 gestatur,
1203 3651 1309 3767 nullum
1323 3709 1557 3770 babuitscminan·

104 3806 112 3854 ;
137 3786 162 3842 ll
182 3729 233 3862 γόρ
247 3783 358 3884 αίσγόνη
376 3786 460 3857 κοινή.
478 3788 573 3858 Βοήσω
594 3734 661 3866 μετέ
681 3813 761 3869 κραυ-
814 3802 877 3849 ῖοιιι.
889 3791 970 3848 Forte
980 3809 1032 3847 non
1043 3789 1100 3847 sine
1112 3786 1233 3867 periculo
1245 3786 1315 3844 mibi
1323 3802 1362 3846 est
1370 3788 1414 3846 vel
1422 3789 1557 3849 tacerevel

104 3862 163 3932 [ntae
181 3871 228 3922 τοῦ
242 3866 358 3943 άσπορσυ
371 3863 465 3930 παιδὸς
477 3868 567 3937 τεληθῶ
586 3868 691 3948 πατήρ,
705 3871 761 3928 Οὐ-
813 3867 899 3945 loqui.
918 3866 994 3938 Quid
1006 3888 1071 3946 ergo
1082 3865 1200 3924 faciam?
1210 3885 1273 3922 num
1289 3865 1471 3947 interrogabo,
1481 3890 1516 3926 an
1527 3868 1558 3929 id

114 3940 146 4000 κό
163 3965 195 4013 ης
215 3942 378 4024 κατήγορος,
395 3943 486 4016 ἐπειδὴ
504 3947 551 4003 οὐκ
568 3944 625 4026 ἔχει
636 3951 650 4005 δ
663 3945 955 4028 xuoqo-mdtadarabo
975 3960 1037 4006 ante
1062 3943 1315 4022 interrogationem?
1343 3945 1401 4006 lloc
1422 3946 1557 4026 scriptura
1608 4005 1613 4011 ,

104 4045 112 4087 ;
133 3966 177 4079 τόν
200 4022 460 4102 παιδοσπορήσαντσ.
483 4024 565 4103 Τάχα
589 4048 634 4102 μοι
658 4026 704 4086 καί
730 4027 761 4087 τὸ
776 4038 795 4083 Α
813 4026 972 4086 testificatur
985 4050 991 4083 :
1006 4025 1081 4084 illam
1094 4024 1186 4105 potius
1199 4022 1369 4104 redarguam.
1392 4027 1432 4082 An
1446 4046 1498 4084 non
1512 4027 1556 4086 se·

105 4099 192 4159 καὶτὸ
205 4102 294 4160 λαλεῖν
309 4101 564 4164 ἐστινίπικίνδυνον.
578 4105 615 4164 Τί
628 4095 760 4180 οὖνποιή·
811 4105 866 4164 citi’
880 4107 941 4187 Ipsa
965 4105 1049 4184 igitur
1066 4117 1160 4164 vocata
1182 4116 1288 4162 austero
1311 4103 1400 4177 vultu,
1418 4104 1507 4196 judex
1527 4106 1556 4166 in

104 4178 163 4246 έσας
175 4179 317 4258 ἐρωτήσω,
332 4179 349 4251 ἢ
363 4181 416 4263 πρὸ
428 4181 583 4260 ἐρωτήσεως
594 4183 678 4258 delion
689 4188 759 4246 Ἀλλ’
811 4199 887 4245 utero
909 4185 1003 4264 gestati
1027 4183 1127 4264 judicis
1148 4181 1268 4241 sedebat.
1294 4182 1346 4241 Dic
1359 4183 1438 4260 mibi,
1453 4185 1552 4263 inquit,

104 4259 260 4359 iucpruqei·
272 4258 369 4337 ἐλέγξω
387 4263 497 4337 μᾶλλον.
508 4263 556 4334 Μή
576 4266 623 4323 οὐκ
634 4264 758 4340 ίποίησε;
810 4286 884 4343 vere,
902 4263 970 4343 quid
991 4263 1042 4323 tibi
1070 4261 1209 4344 acciderit,
1232 4282 1267 4320 ne
1289 4261 1438 4323 abs'eondas
1466 4264 1553 4323 mibi:

104 4360 111 4402 t
126 4327 171 4396 οὖν
190 4337 272 4410 curlo
287 4341 410 4420 αὐστηρῷ
433 4344 471 4420 τῷ
495 4340 646 4423 προσώπῳ,
667 4345 760 4423 κριτής
810 4366 889 4404 nemo
907 4341 981 4403 adest
993 4343 1040 4434 qni
1052 4344 1109 4401 baec
1122 4339 1214 4403 audiat
1220 4363 1230 4417 ς
1245 4362 1341 4401 arcana
1356 4362 1463 4402 serrare
1476 4343 1555 4404 novi:

104 4416 173 4495 οιλίαρ
185 4424 275 4495 κριτοῦ
288 4418 432 4488 ἐκαθέζετο.
447 4420 516 4498 Λέγε
528 4445 583 4500 μοι,
596 4424 676 4504 φησί,
692 4423 760 4501 μετά
810 4445 889 4483 uerno
903 4437 1046 4498 rcmscret,
1061 4442 1105 4481 me
1118 4435 1223 4480 tantum
1238 4421 1379 4481 certiorem
1392 4422 1482 4483 facito.
1495 4425 1556 4483 Uu-

104 4518 124 4561 ις
139 4495 169 4553 τὸ
182 4495 287 4574 γέγονός
301 4520 361 4556 σοι·
379 4497 416 4575 μή
432 4499 534 4580 κρύψῃς
551 4524 586 4578 με
602 4502 633 4561 τὸ
653 4503 758 4580 συμόάν
810 4503 846 4562 de
858 4502 957 4563 accidit
973 4502 1041 4561 illud
1052 4499 1127 4580 quod
1141 4500 1169 4560 in
1182 4514 1207 4559 te
1217 4500 1349 4560 videtur?
1359 4502 1441 4582 bajus
1451 4516 1556 4583 patrem

104 4573 144 4638 itit
160 4574 279 4654 θπαρὼν
298 4579 351 4634 τῶν
372 4576 456 4656 λόγων
471 4580 603 4660 ἀκροατής
617 4604 624 4617 ·
638 4572 696 4640 οἶδα
710 4606 758 4662 qo-
810 4583 879 4642 mibi
892 4582 991 4652 iudica,
1004 4596 1030 4641 et
1043 4595 1070 4640 tc
1092 4581 1171 4661 culpa
1194 4579 1309 4639 liberam
1333 4580 1419 4640 babeo
1432 4582 1556 4642 :veniam

113 4652 265 4752 μυστήρια·
279 4655 362 4722 οθδείς
376 4657 502 4732 μανθάνει
517 4659 548 4718 τὸ
563 4668 690 4738 πρᾶγμα,
708 4662 758 4739 μό-
811 4662 857 4740 qui
880 4683 913 4742 pe
928 4661 1072 4731 obtinebis,
1085 4673 1115 4718 ut
1129 4659 1228 4717 mulier
1242 4659 1456 4739 coucupiscentia
1468 4661 1556 4740 perci-

104 4734 300 4814 τληρορορησον.
316 4733 402 4794 Πόθεν
418 4742 494 4795 τοῦτο
511 4738 582 4816 θπάρ
603 4761 627 4797 ει
647 4740 677 4799 τὸ
689 4740 758 4821 δρώ-
811 4755 848 4800 ta.
859 4685 1012 4821 ilespoudit
1025 4741 1050 4799 ci
1063 4739 1148 4817 Virgo
1163 4737 1213 4799 :Si
1233 4752 1338 4818 patrem
1351 4738 1432 4820 hujus
1445 4739 1555 4816 quaeris,

104 4835 109 4863 ι
132 4811 187 4883 σοί;
203 4813 247 4871 τὸν
260 4812 351 4871 τούτου
372 4814 475 4894 πατέρα
489 4763 624 4885 θπόδειέόν
638 4839 697 4896 μοι,
712 4821 758 4879 καὶ
810 4842 958 4898 numquam
976 4819 1094 4881 iuvenies
1110 4818 1154 4875 :si
1175 4837 1240 4875 vero
1253 4817 1389 4898 pupillum
1405 4831 1494 4898 putes,
1509 4840 1556 4911 pe-

104 4892 164 4948 ῖσε
185 4897 231 4948 τοῦ
243 4891 427 4970 πταίσματος·
441 4894 598 4973 συγγνώμης
612 4896 662 4976 γὰρ
677 4899 756 4967 ἀξιω-
810 4899 888 4958 rinde
900 4899 1009 4959 laberis.
1036 4899 1110 4958 Tum
1123 4895 1223 4977 loseph
1240 4920 1246 4952 :
1263 4897 1322 4954 Non
1367 4910 1433 4971 otes,
1453 4900 1553 4973 Marta,

104 4992 111 5034 ;
125 4972 151 5026 ἐν
164 4970 290 5051 ἐπιθυμίᾳ
304 4977 439 5044 νικηθεῖσα
451 4974 521 5051 γυνή.
537 4975 618 5046 Καλή
631 4979 758 5056 παρθένος
811 4978 918 5037 mentiri
935 5004 941 5036 ε
958 4975 1092 5057 quomodo
1101 4975 1171 5034 cuitu
1184 4989 1271 5055 potest
1285 4918 1408 5056 pupillus
1423 4997 1474 5035 uon
1489 4998 1554 5052 esse,

104 5047 153 5106 σὸν
179 5051 339 5128 ἀπεκρίνατο
352 5075 357 5086 ·
371 5054 394 5109 εἰ
417 5052 521 5131 πατέρα
547 5055 639 5114 τούτου
664 5059 759 5132 ζητεῖς,
811 5073 835 5117 et
846 5071 949 5149 patrem
961 5079 1012 5116 uon
1024 5056 1144 5116 babere?
1159 5055 1275 5134 Repouit
1285 5056 1391 5134 Virgo:
1407 5056 1437 5116 si
1451 5077 1555 5133 qnaeras

120 5127 264 5187 οὐδέποτε·
279 5132 302 5188 εἰ
323 5128 350 5189 δέ
372 5130 416 5188 καί
439 5133 551 5212 ὀρφανὸν
568 5135 697 5213 νομίσεις,
712 5138 758 5196 καί
774 5153 792 5198 13
810 5159 872 5215 qius
886 5137 931 5208 sit,
947 5158 963 5196 o
978 5136 1078 5215 Josepb
1098 5133 1184 5208 (illud
1202 5134 1274 5193 cuim
1288 5134 1427 5213 ignoras),
1442 5136 1465 5193 si
1479 5137 1554 5196 veri-

104 5206 238 5288 ιίπέτυχες.
263 5209 316 5269 Καὶ
338 5214 351 5267 ό
370 5210 469 5291 ’ίωσήρ
482 5235 488 5247 ·
502 5212 574 5273 οὐδὲν
595 5215 741 5296 ψεύσασθαι
748 5263 756 5292 ,
810 5231 891 5277 tatem
905 5216 1001 5276 dixero
1013 5215 1073 5292 tibi,
1088 5235 1141 5274 nou
1162 5212 1261 5273 credes.
1283 5215 1398 5274 Utcrum
1416 5214 1504 5288 vides,
1530 5230 1555 5274 et
