3728 5978
283 456 286 461 ·
369 432 403 480 ΙΝ
430 430 518 480 ACTA
543 428 810 479 apostotontitt.
841 427 963 475 HOMIL.
995 428 1116 477 ΧΧΧΝ.
1442 426 1505 498 291

112 556 200 621 ,πύλαι
216 554 267 631 τλν
282 556 397 619 σύνεσιν.
414 556 451 616 ‘0
463 561 580 616 τοσαῦτα
594 554 718 635 μαχεσό-
768 550 852 631 digm
867 563 908 610 est
923 549 1002 611 Pauli
1017 549 1171 633 prudentia.
1187 550 1242 622 Qui
1258 562 1395 631 tantopere
1407 568 1513 630 pugno·
1526 539 1670 647 siddim,

112 652 153 721 ἧς
164 652 324 731 περιτομῆς,
337 652 352 709 θ
365 647 454 709 πάντα
472 646 598 720 κινήσας,
618 645 663 705 καί
679 644 716 723 μὴ
769 654 845 701 verat
861 642 972 722 propter
991 640 1232 717 circumcisionem,
1245 640 1293 719 qui
1308 638 1398 699 omnia
1416 658 1513 698 move-

112 739 208 814 κιατθς,
222 738 273 805 icoc
284 738 330 799 ότι
346 737 515 818 κατώρθωσε,
527 742 572 795 τοῦ
587 737 718 815 δόγματος
734 740 753 787 B
771 748 821 809 rat,
837 746 864 792 et
885 754 939 793 non
960 733 1038 814 prius
1054 732 1168 809 destitit,
1181 732 1266 792 donee
1288 752 1346 791 rem
1364 732 1514 812 perficeret,

121 830 280 912 τιεριτίμνεε
298 832 343 891 τὸν
360 829 491 909 μαθητήν.
512 831 554 888 ot
565 828 643 906 μόνον
658 824 718 885 tet·
771 825 928 884 confirmato
943 823 1077 903 dogmate,
1086 823 1257 883 circumcidit
1268 821 1442 904 discipulum.
1452 826 1513 882 Non

112 922 164 999 titt,
177 922 248 985 ἀλλὰ
259 922 306 982 καλ
320 922 397 988 αὐτὸς
406 925 485 980 τούτο
498 920 646 1001 ἐργάζεται.
660 920 718 976 (λύ-
771 916 853 976 modo
864 915 931 975 alios
946 937 1000 975 non
1015 917 1133 991 cohibet,
1147 917 1194 975 sod
1205 916 1257 975 hoc
1272 915 1364 996 etipse
1376 915 1450 975 facit.
1466 917 1513 974 Ni·

131 1011 324 1096 αυνειύετερον·
339 1012 409 1073 ὥστε
425 1012 514 1072 πάντα
526 1010 593 1091 πρὸς
606 1012 638 1071 τὸ
650 1034 720 1088 συμ-
772 1008 813 1067 hit
824 1007 909 1068 Paulo
919 1008 1081 1089 prudentius
1093 1032 1100 1065 ε
1111 1009 1210 1082 omnia,
1222 1022 1251 1067 ut
1265 1007 1441 1067 conducerent
1455 1029 1513 1090 spc-

112 1130 133 1163 .·
157 1108 232 1169 ούδὲν
246 1108 339 1174 ἅπλῶς
359 1103 442 1165 θποίεε
457 1104 599 1185 προλήψει.
619 1106 719 1162 Τοῦτον
773 1113 855 1176 mans,
867 1101 937 1160 nihil
946 1115 1045 1161 temere
1057 1115 1083 1160 et
1094 1122 1127 1161 ex
1136 1101 1311 1183 praejudicata
1325 1101 1450 1182 opinione
1456 1120 1515 1181 age-

112 1198 186 1275 ηαλν,
203 1198 316 1268 ἐξελθεῖν
332 1196 381 1257 σύν
402 1199 483 1278 αύτῷ.
508 1196 549 1256 Τὸ
568 1195 719 1274 θαυμαστὸν
772 1192 827 1254 liat.
845 1195 933 1253 Hunc
947 1194 1056 1265 voluit,
1072 1193 1170 1271 inquit,
1185 1213 1281 1252 seeum
1290 1194 1447 1275 proficisci.
1458 1192 1516 1253 Hoc

117 1290 167 1351 καί
182 1291 299 1370 int-tinam
315 1288 406 1350 αύτόν.
428 1286 481 1347 Διὰ
495 1288 556 1352 τοὺς
570 1286 720 1357 Ἰουδαίους,
773 1283 897 1342 mirabile
910 1296 948 1342 est
962 1283 1034 1363 quod
1055 1284 1211 1343 assumserit
1231 1306 1302 1343 eum·
1316 1286 1440 1365 Propter
1456 1285 1514 1343 Ju-

112 1382 183 1451 ίκτας
195 1384 223 1441 ἐν
237 1391 294 1449 τοῖς
307 1380 399 1446 τόποις
409 1377 528 1446 ἐκείνοις.
543 1376 634 1449 ’λύπη
645 1384 663 1450 ἡ
676 1380 721 1435 ai·
773 1377 862 1450 daos,
874 1373 974 1454 inquit,
983 1378 1127 1456 quierant
1139 1379 1172 1434 in
1184 1377 1246 1435 illis
1258 1376 1340 1435 locis.
1357 1376 1422 1435 ltaec
1436 1396 1516 1435 causa

112 1484 222 1553 ιιτεμεῖν
234 1496 242 1510 ·
256 1476 287 1533 ού
296 1471 349 1552 γλρ
359 1470 391 1530 ἃν
404 1470 550 1549 ἠνέσχοντο
559 1468 633 1549 παρὰ
644 1470 723 1549 inpo-
773 1465 982 1526 cucttmcidendi
993 1466 1044 1525 iuit
1055 1490 1063 1525 ε
1073 1467 1208 1527 nonenim
1218 1467 1339 1528 tulissent
1350 1467 1517 1528 audirerer-

121 1564 202 1644 λόηυν
219 1568 341 1625 ἀκοῦσαι.
358 1561 411 1622 Καὶ
430 1559 473 1633 τίς
491 1558 566 1641 ’θρα
579 1559 609 1617 τὸ
625 1559 723 1639 κατόρ-
773 1558 840 1617 bum
859 1559 894 1618 ab
915 1558 1111 1619 incircumciso.
1127 1558 1163 1619 Et
1178 1560 1249 1619 eur?
1264 1560 1336 1622 Vide
1355 1561 1517 1641 praclarum

112 1656 239 1736 ιείτερεν,
252 1654 297 1714 ἵνα
319 1652 465 1734 περιτομὴν
490 1653 607 1731 καθελη·
626 1650 660 1708 τθι
680 1651 724 1711 δό-
774 1672 842 1731 opus
858 1675 865 1709 ε
879 1651 1068 1729 circumcidit,
1092 1665 1122 1711 ut
1143 1653 1372 1715 circumcisionem
1391 1653 1517 1712 tolleret:

112 1772 118 1809 ι
152 1747 281 1828 ἐκήρυττε
307 1745 342 1805 τὰ
370 1748 424 1804 τῶν
455 1743 620 1804 ἀποστόλων.
642 1741 757 1822 Ὁρᾷςθ
774 1741 901 1823 dogmata
924 1743 997 1803 enirn
1026 1743 1191 1825 predicabat
1210 1745 1400 1826 apostolorum.
1419 1743 1519 1805 Viden'

112 1840 120 1900 i
139 1840 185 1901 δεδι
208 1839 299 1921 μοίρης
320 1835 480 1914 οίκοδομήνς
495 1837 613 1915 (λθπαρ
626 1834 723 1913 ἑτέρων
775 1856 906 1917 pugnam,
918 1850 945 1895 et
966 1858 1015 1918 per
1032 1857 1152 1918 pugnam
1168 1836 1462 1899 edificationemiNon
1485 1838 1521 1897 ab

112 1932 231 2006 ναε,ἄλλδε
241 1930 288 1990 καὶ
304 1928 377 1989 nicei
389 1926 497 1987 ἐναντία
506 1931 651 1999 ποιοῦντες,
657 1924 725 1983 ούτω
775 1926 836 1986 aiiis
850 1927 1094 2009 impugnabantur3
1106 1928 1153 1988 scd
1167 1929 1218 2010 ipsi
1235 1930 1368 1989 contraria
1382 1930 1519 2004 iacientes,

112 2023 181 2098 ρσίαν
201 2020 364 2103 ᾠκοδόμουν.
390 2019 486 2098 Δόγμα
509 2018 663 2097 ticine-,omn
686 2017 724 2094 μὴ
776 2020 813 2077 ita
829 2019 979 2079 Ecclesiam
992 2019 1174 2079 edificabant.
1187 2023 1292 2102 Dogma
1308 2022 1455 2081 asserebant
1469 2042 1522 2081 non

112 2140 129 2191 t,
142 2115 189 2176 καλ
202 2113 365 2193 περετέμνει.
389 2114 443 2172 Καὶ
458 2111 637 2192 ἐπερίσσευον,
651 2110 726 2191 ρησὶ,
777 2108 1003 2185 circumcidendi,
1017 2125 1044 2169 et
1059 2110 1237 2172 circumcidit.
1254 2115 1295 2171 Et
1315 2115 1520 2181 abundabant,

128 2210 189 2267 καθ’
211 2204 326 2285 ἡμέραν.
342 2193 417 2270 Εἶδες
436 2202 467 2262 τὸ
484 2202 575 2282 κέρδος
587 2205 636 2273 τῆς
650 2226 727 2282 περι·
777 2200 875 2279 inquit,
886 2221 1005 2261 numero
1014 2204 1154 2283 quotidie.
1165 2202 1298 2265 Vidistin‘
1310 2204 1454 2265 utilitatem
1468 2203 1522 2262 cir-

112 2290 154 2359 [τα
179 2297 272 2358 λοιπὸν
298 2299 345 2356 οθκ
366 2294 525 2379 ἕνθεατρίύει
548 2293 665 2368 τούτοις,
681 2293 728 2352 ἅτε
778 2293 969 2353 cumcisionis?
982 2292 1088 2353 Deinde
1103 2315 1155 2354 non
1169 2309 1290 2355 moratur
1303 2296 1351 2371 ibi,
1363 2296 1464 2377 quippe
1476 2296 1524 2375 qui

112 2406 146 2449 tat
156 2386 259 2449 ἐλθόν·
273 2386 341 2447 ἀλλὰ
353 2385 400 2459 τίς
413 2388 512 2467 stitit>
524 2385 654 2468 πρόεισιν.
677 2383 728 2450 Ὠς
779 2382 907 2445 visitandi
924 2383 1011 2464 gratia
1031 2384 1146 2446 venisset
1154 2408 1164 2464 3
1176 2386 1225 2445 sed
1241 2386 1327 2465 quid?
1338 2387 1417 2448 Ultra
1432 2408 1526 2467 proce·

112 2480 185 2543 ίαντο
206 2477 255 2546 τθς
272 2477 377 2551 πόλεις,
400 2478 556 2558 παρεδίδουν
576 2480 663 2543 αὐτοῖς
676 2499 728 2557 ρυ-
778 2476 828 2536 dit.
843 2478 873 2537 ί.
889 2478 963 2537 Cum
976 2490 1073 2537 antem
1081 2483 1295 2558 pertransirent
1304 2485 1448 2554 civitates,
1464 2494 1526 2540 tra·

112 2574 252 2653 ιδόγματα
271 2571 306 2630 τλ
322 2568 466 2649 κεκριμένα
482 2568 534 2627 ὑπὸ
547 2573 600 2627 τῶν
614 2569 729 2629 inocci-
779 2571 889 2629 debera
907 2574 949 2630 eis
963 2571 1111 2630 custodire
1127 2572 1277 2652 dogmata,
1290 2594 1356 2656 quae
1374 2586 1460 2633 mant
1475 2575 1525 2631 de·

112 2668 146 2725 ῦν
162 2661 348 2745 πρισθοτίρων
363 2664 416 2720 τῶν
440 2662 468 2720 ίν
485 2659 670 2740 Ἰερουσαλήμ.
691 2664 726 2718 nt
779 2673 861 2720 creta
877 2662 917 2720 ab
937 2661 1078 2741 apostolis
1090 2674 1120 2720 et
1137 2666 1310 2737 senioribus,
1323 2668 1376 2746 qui
1396 2677 1481 2724 erant
1493 2669 1526 2722 in

112 2755 233 2828 εκλησίαε
251 2755 462 2834 θστερεοῦντοτῇ
476 2750 575 2824 πίστει,
586 2751 632 2811 καί
643 2749 725 2811 Ι’ίτιε·
780 2756 958 2815 Jerusalem.
968 2756 996 2816 5.
1008 2760 1116 2838 Itaque
1124 2759 1267 2818 Ecclesia
1273 2760 1527 2842 confirmabantur

112 2850 127 2930 ᾖ
143 2850 251 2929 ἀριθμῷ
264 2847 322 2905 καθ’
335 2843 449 2927 ἡμέραν.
469 2842 623 2911 Διελθόντες
637 2841 666 2903 θλ
676 2840 725 2914 τὴν
742 2857 763 2904 n
771 2846 850 2929 fide,
861 2848 1089 2908 etabundabant
1100 2869 1220 2909 numero
1229 2851 1403 2931 qnotidieii.
1417 2853 1526 2911 Trans-

112 2938 137 2999 ιθ
149 2936 201 3009 τὴν
215 2934 368 3009 Γαλατικὴν
378 2936 470 3019 χώραν
482 2981 491 3010 ,
504 2933 662 3001 κωλυθέντες
674 2935 727 2994 ύπθ
779 2951 880 2999 euntes
890 2952 990 2999 autem
1002 2942 1171 3022 Phrygiam
1184 2953 1213 3000 et
1228 2942 1358 3001 Galatia
1367 2948 1526 3031 regionem,

112 3029 258 3109 Ῐναύμττος
274 3031 392 3101 λαλῆσαι
403 3029 448 3089 τδν
461 3027 538 3107 λόγον
552 3028 625 3107 ate
642 3025 726 3110 Ἀσίρ,
778 3032 920 3112 prohibiti
926 3031 1060 3111 aSpiritu
1067 3044 1171 3092 saneto
1178 3032 1260 3113 loqui
1266 3038 1392 3094 verbum
1401 3035 1526 3108 inAsia,

112 3146 139 3185 ιε
158 3120 276 3193 καλιὴν
298 3119 433 3181 Γαλατίαν
453 3119 600 3200 'domnam
629 3121 665 3186 εἰς
678 3118 726 3190 τὴν
779 3126 809 3184 6.
821 3124 926 3184 relicta
947 3124 1087 3205 Phrygia
1100 3136 1129 3182 et
1145 3123 1279 3198 Galatia,
1296 3129 1329 3184 in
1340 3128 1467 3187 mediam
1477 3148 1525 3187 re-

118 3212 258 3277 όσπευδον.
293 3212 432 3281 Ἐλθόντες
453 3210 523 3272 κατὰ
547 3209 596 3283 τὴν
621 3208 728 3270 Μυσίαν
780 3221 897 3297 gionem
916 3217 1110 3295 festinabant.
1121 3217 1148 3275 7.
1162 3217 1237 3276 Cum
1255 3221 1406 3279 venissent
1427 3231 1527 3279 nutem

112 3310 140 3375 i:
149 3306 200 3379 τὴν
213 3303 337 3365 Βιθυνίαν
346 3302 514 3384 πορεύεσθαι,
525 3301 571 3361 καί
582 3303 631 3363 οὗκ
642 3301 728 3360 είασιν
783 3310 815 3365 in
836 3309 981 3382 Mysiam,
1001 3310 1156 3368 tentabant
1177 3312 1220 3368 ire
1236 3312 1269 3368 in
1292 3312 1481 3386 Bithyniam,
1500 3324 1530 3370 et

112 3402 230 3477 [Ινεῖῖμα.
250 3397 304 3457 Διλ
322 3397 350 3456 τί
364 3396 411 3475 μὲν
427 3388 471 3457 σύν
485 3396 675 3469 ἐκωλύθησαν,
700 3396 729 3454 ού
785 3420 845 3459 non
861 3403 994 3480 permisit
1012 3400 1205 3480 eosSpiritus.
1218 3402 1311 3476 Quare
1319 3403 1452 3484 prohibiti
1469 3405 1529 3463 iue-

112 3490 143 3551 δύ
156 3489 345 3563 ἐκωλύθησαν,
361 3481 432 3562 εἶπε,
447 3487 578 3548 παιδεύειν
590 3494 661 3566 ἡμᾶς
674 3486 731 3547 πεί·
784 3505 849 3551 rum
863 3512 915 3551 nou
933 3490 1012 3563 dicit,
1026 3491 1072 3552 sod
1089 3506 1193 3554 tantum
1209 3495 1360 3576 prohibitos
1376 3496 1468 3574 inisse,
1481 3517 1551 3563 nos,

112 3606 141 3645 υν
157 3583 205 3644 καὶ
226 3582 264 3661 μὴ
278 3586 365 3655 ζητεῖν
379 3581 426 3649 τθις
438 3581 542 3651 αἰτίας,
564 3581 609 3641 καὶ
622 3579 732 3649 δεικνὺς,
785 3583 883 3643 doeens
896 3597 928 3644 ut
940 3584 1030 3644 solum
1043 3585 1266 3666 obtemperemus,
1276 3608 1325 3647 nee
1337 3608 1430 3648 causas
1440 3587 1529 3667 inqui-

118 3677 168 3737 καλ
180 3674 352 3756 ἀνθρωπίνως
369 3673 486 3734 irminw-
509 3673 690 3752 Παρνλθόντες
704 3671 733 3731 δὲ
785 3698 890 3754 ramus;
900 3676 1093 3756 ostendensque
1107 3677 1168 3737 iilos
1179 3679 1265 3738 undta
1274 3679 1393 3739 humano
1407 3701 1481 3739 more
1491 3680 1529 3740 ie·

112 3794 129 3829 ν
145 3767 302 3841 annifinem*
321 3771 358 3835 εἷς
377 3766 503 3847 Τρωάδα·
522 3765 575 3826 Καὶ
588 3766 677 3847 ὅραμα
689 3763 733 3823 διὰ
786 3769 863 3830 cisse.
880 3769 909 3830 8.
926 3771 1000 3830 Cum
1018 3782 1117 3829 antem
1136 3774 1362 3850 pertransissent
1382 3774 1527 3847 Mysiam,

112 3860 219 3941 ςόρθη
241 3863 280 3940 τῷ
293 3858 408 3940 Παύλῳ·
423 3858 490 3939 ἀνήρ
504 3849 587 3930 mciv
601 3855 732 3916 Μακεδὼν
787 3864 999 3923 descenderunt
1011 3863 1164 3921 Troadem.
1178 3864 1208 3924 9.
1219 3865 1261 3922 Et
1271 3867 1406 3945 uisioper
1417 3877 1530 3923 noctem

112 3954 230 4015 ιαειτλῶν
245 3952 324 4012 αὐτὸν
337 3950 382 4010 καί
393 3949 496 4031 λόγων·
515 3948 608 4016 θεαίδις
622 3952 659 4016 είς
669 3952 731 4007 Μα-
750 3950 769 3997 Ε
787 3955 886 4013 Pania
905 3964 1023 4013 ostensa
1038 3965 1106 4013 est:
1124 3956 1177 4013 Ver
1190 3957 1309 4035 qnidam
1326 3969 1389 4016 erat
1403 3956 1530 4015 Macedo

117 4045 250 4127 βοήθησον
269 4049 344 4122 ἡμῖν.
365 4041 418 4100 Διὰ
437 4042 464 4100 τί
475 4040 575 4121 όραμα,
594 4040 640 4099 καί
654 4039 734 4118 μὴτὸ
787 4058 880 4117 stans,
896 4045 1056 4124 deprecans
1070 4064 1135 4103 eum
1155 4057 1184 4105 et
1201 4047 1311 4117 dicens,
1328 4048 1486 4107 Transiens
1499 4051 1532 4105 in

112 4137 216 4216 ‚aym
235 4135 390 4208 ἕῑῖδῑννῐνὶ
412 4132 555 4193 Ἐὄῡῦλῑτν
575 4130 666 4199 αὖτοὺς
688 4131 734 4190 καὶ
788 4137 1130 4216 Macedoniam‚adjunn
1142 4136 1532 4220 nos.Currisio,eteurSpi·

112 4234 233 4289 ιτεαθαι·
248 4225 307 4287 teet
325 4225 371 4285 καί
389 4232 446 4291 τοῖς
464 4224 548 4304 ἁγίαις
561 4224 625 4303 όναρ
641 4221 734 4303 ἐροίνη,
787 4229 857 4289 ritus
870 4240 976 4287 sanctus
986 4226 1044 4310 ipse
1054 4249 1106 4288 non
1113 4228 1212 4310 jussit?
1221 4229 1339 4290 Volebat
1352 4251 1396 4291 eos
1405 4230 1458 4291 hoe
1466 4252 1534 4313 quo·

112 4324 161 4401 [ἧς
177 4318 256 4385 αὐτὸς
276 4317 365 4399 όραμα
378 4308 445 4376 εἶδεν
453 4360 464 4388 ,
489 4317 571 4398 ἄνδρα
586 4313 734 4374 εἰσελθόντα
789 4342 841 4401 que
852 4319 932 4379 modo
944 4319 1087 4380 attrahere.
1099 4319 1209 4380 Etenim
1219 4321 1318 4382 sanetis
1332 4344 1438 4403 quoquc
1450 4325 1533 4385 visio·

112 4436 145 4471 τα
156 4412 231 4492 αὐτῷ
241 4418 345 4491 χεῖρας·
364 4399 434 4469 Εἶτα
447 4408 493 4468 καὶ
507 4409 552 4469 διὰ
565 4412 644 4467 τοῦτο
657 4405 735 4466 αὐτὸν
790 4436 837 4474 nes
852 4434 902 4495 pec
921 4398 1056 4472 somnium
1079 4427 1262 4495 appamenunt
1276 4437 1283 4471 :
1298 4426 1326 4474 et
1337 4414 1416 4476 initio
1430 4438 1537 4497 quoque

115 4501 188 4579 ,iva
203 4500 356 4575 ἐκτείνηται
367 4503 399 4562 τὸ
419 4498 572 4581 οκηρυγμα.
593 4497 694 4564 Ἄλλως
709 4497 737 4557 δί
792 4507 849 4587 ipse
862 4504 992 4566 visionem
1003 4503 1098 4564 babuit
1108 4505 1226 4565 hominis
1235 4506 1441 4588 ingredientiset
1451 4510 1536 4592 impo-

112 4598 169 4657 εῖίτο
184 4592 320 4653 κωλύεται
332 4593 498 4674 ίνδιατρῖψοι
508 4598 567 4659 ταῖς
583 4589 677 4656 ἄλλως
690 4587 739 4647 no‘-
792 4597 879 4658 nentis
895 4596 948 4657 sibi
966 4617 1073 4656 manus.
1088 4597 1196 4658 Deinde
1208 4598 1267 4659 ideo
1280 4600 1369 4681 ipsum
1382 4600 1430 4659 itto
1441 4602 1535 4681 trahit,

113 4686 216 4767 ίγαιτος
236 4685 372 4747 atione
392 4674 614 4763 xpmmoitot
629 4681 740 4763 μὲνγθρ
794 4704 824 4750 ut
837 4688 1196 4770 pradicatioextenderetur.
1211 4691 1338 4770 Alioquin
1352 4714 1417 4751 vero
1429 4707 1539 4773 propter

112 4776 287 4839 πλεύσεσθαι
296 4776 422 4837 Ἰωάννου
433 4775 479 4835 καλ
490 4772 583 4856 χρόνον
593 4773 685 4848 πολύν,
695 4775 741 4833 καί
750 4835 787 4873 Μ
795 4782 847 4841 hoc
858 4779 1019 4862 prohibetur
1029 4781 1128 4840 morari
1141 4781 1169 4841 in
1183 4782 1245 4842 aiiis
1256 4782 1420 4859 ciuitatibus,
1431 4785 1545 4845 Christo

112 4880 179 4943 τείνιι
189 4879 307 4942 ttion-
320 4876 413 4940 ίκεῖδὲ
425 4879 548 4937 ἀπελθεῖν
558 4875 619 4935 ἔδει.
633 4875 687 4935 Καὶ
697 4878 743 4934 εῖν-
760 4892 780 4937 Α
798 4874 888 4955 ipsum
904 4888 1022 4955 urgente.
1038 4874 1074 4934 Hi
1090 4896 1205 4955 namque
1221 4878 1324 4938 Joanne
1338 4878 1447 4937 fruituri
1465 4893 1540 4939 erant

112 5084 175 5139 αὕτη
191 5086 207 5138 ἡ
225 5085 289 5130 atria
310 5084 349 5130 τοῦ
366 5090 509 5151 περιτεμεῖν,
523 5074 614 5128 desunt
631 5078 656 5128 in
673 5094 734 5130 ιιειυ.
818 5075 829 5099 “
848 5076 1032 5139 [incantatores
1045 5074 1073 5125 Α.
1087 5074 1129 5139 B.]

112 5178 181 5223 tram,
191 5154 355 5221 sicquidem.
816 5170 826 5191 ν
845 5150 916 5202 ldcm
929 5164 1042 5223 κήρυγμα.
1056 5159 1093 5205 itit
1104 5161 1171 5205 τοῦτο
1182 5156 1282 5214 ῖκυλύθη
1294 5157 1442 5222 initiantem.

126 5260 204 5301 τοεε.
218 5259 260 5297 tx.
1365 5240 1400 5295 nt
