3728 5978
224 432 296 534 578
570 453 612 500 s.·
628 416 768 500 rosuurs
793 448 975 497 crrrrsosr.
1005 444 1162 497 incurro.
1190 435 1464 498 cousularrnor.⁴

224 596 285 642 tote
305 585 377 640 oitae
397 579 587 639 ambulemus.
609 577 662 637 Hie
679 598 742 636 cum
762 590 832 636 recte
854 574 966 636 vivendi
1020 566 1088 635 οὕτω
1102 576 1148 636 καλ
1169 581 1248 654 ἡμεῖς
1267 581 1293 637 ἐν
1314 576 1451 650 καινότητι
1473 577 1542 647 ζωῆς
1560 573 1793 655 περιπατήσωμεν.

223 675 314 736 studio
323 673 543 734 resurrectionem
554 693 661 752 quoque
672 670 834 731 subindicat.
846 671 966 742 Quomo-
1020 669 1153 727 Ἐνταῦθα
1164 668 1232 747 μετὰ
1245 673 1293 740 τῆς
1309 667 1462 746 ἐπιμελείας
1474 674 1519 726 τοῦ
1535 668 1594 746 βίον
1608 668 1657 727 καὶ
1676 667 1722 726 τίνι
1740 668 1795 746 περὶ

222 767 277 827 do?
291 765 447 841 credidisti,
463 764 560 844 iuquit,
578 763 719 823 Christum
734 776 872 822 mortuum
886 761 967 819 luisse
1020 761 1068 830 τῆς
1083 760 1252 829 ἀναστάσεως
1263 760 1406 820 αἰνίττεται
1418 759 1504 840 λόγον.
1514 761 1594 831 ndu
1606 759 1796 829 Ἐπίστευοας,

222 873 248 919 et
275 857 471 918 resurrexisse?
492 857 566 936 Ergo
591 869 618 914 et
641 854 714 933 quod
737 855 772 914 ad
801 868 828 914 te
852 854 968 935 pertinet

220 949 336 1025 crodit03
352 950 404 1009 boo
418 949 490 1009 enim
511 948 554 1008 illi
575 947 665 1008 simile
685 961 735 1024 est,
754 948 882 1027 quoniam
895 944 931 1004 ad
943 959 975 1004 te·

222 1064 329 1124 quoque
350 1056 452 1125 spectat
466 1056 491 1102 et
505 1063 575 1101 crux
589 1055 614 1101 et
634 1042 798 1123 sepulerum.
812 1043 882 1100 Nam
896 1039 918 1098 si
939 1039 968 1099 in

222 1149 308 1195 morte
318 1149 344 1195 et
357 1136 385 1195 in
398 1135 520 1217 sepulcro
535 1154 641 1193 consors
650 1133 703 1214 ipsi
714 1133 801 1206 fuisti,
815 1133 900 1191 multo
912 1153 970 1190 ma·

222 1227 265 1308 gis
278 1227 306 1287 in
318 1228 513 1287 resurrectione
531 1240 557 1286 et
570 1226 625 1286 vita
636 1249 643 1283 t
655 1225 742 1284 soluto
757 1246 872 1303 namque
885 1225 970 1306 majo·

221 1341 270 1394 re,
282 1319 414 1380 nimirum
436 1332 558 1401 peccato,
573 1319 608 1378 de
629 1318 743 1394 urinore,
757 1339 855 1399 nempe
875 1317 970 1377 mortis

219 1411 381 1489 eritiunon
396 1411 520 1491 estquod
539 1411 688 1471 dubitetur.
706 1413 809 1473 Verum
824 1409 882 1468 haec
898 1409 968 1468 inte·

222 1500 276 1566 tim
290 1506 392 1566 Paulus
410 1505 565 1565 auditorum
587 1503 754 1564 conscientia
776 1501 970 1561 consideranda

222 1689 305 1749 aliam
319 1690 423 1749 anobis
434 1689 656 1749 resurrectionem
670 1687 767 1766 exigit,
779 1686 971 1746 novuminstiss

223 1781 350 1841 tutumin
360 1782 484 1862 praesenti
496 1783 562 1851 rita,
576 1778 694 1859 quodex
704 1800 810 1838 morum
824 1778 972 1838 mutatione

223 1871 283 1944 liat.
296 1872 368 1931 Nam
389 1893 452 1930 cnm
468 1871 615 1930 fornicator
630 1884 718 1930 castus
733 1870 862 1944 efficitur,
874 1891 973 1928 avarus

225 1965 388 2041 misericors,
404 1985 482 2045 asper
496 1978 661 2037 mansuetus,
672 1963 717 2022 hie
731 1985 837 2043 quoque
849 1981 972 2022 resurre-

225 2056 280 2118 etio
295 2057 338 2130 tia,
353 2078 413 2137 quae
425 2058 523 2116 soture
541 2057 703 2139 proemium
716 2070 764 2117 est.
787 2057 823 2116 Et
837 2055 972 2135 quomodo

224 2149 384 2209 resurrectio
394 2149 455 2207 est?
467 2151 577 2208 Mortuo
587 2163 706 2230 peccato,
720 2163 747 2208 et
758 2149 865 2230 justitia
877 2169 973 2208 exsur-

226 2253 304 2319 gente
312 2263 321 2318 ;
330 2239 445 2321 pristina
459 2240 516 2299 rita
528 2240 626 2317 deleta,
638 2255 808 2324 nora'antem
821 2241 872 2300 bac
884 2253 911 2300 et
924 2261 973 2299 an·

226 2331 311 2411 gelica
323 2330 439 2411 rigente.
455 2333 525 2390 Cum
540 2331 618 2391 audis
630 2332 718 2392 vitam
735 2352 845 2408 noram,
858 2332 973 2391 multam

226 2444 318 2502 quaere
330 2422 515 2483 diversitatem
529 2436 555 2482 et
569 2424 744 2483 mutationem
760 2445 895 2504 magnam.

1022 851 1110 932 φησίν,
1124 851 1165 910 δτι
1176 852 1304 913 ἀπέθανεν
1317 856 1331 911 ὁ
1345 853 1472 936 Χριστὸς,
1484 852 1530 912 καλ
1544 852 1587 911 ότι
1599 850 1717 931 ἠγέρθη;
1726 853 1795 910 oex-

1022 948 1065 1002 οῶν
1079 944 1124 1003 καὶ
1150 944 1181 1003 τδ
1201 945 1247 1004 σὺν
1270 944 1392 1005 πίστευε·
1410 951 1486 1004 τοῦτο
1509 942 1560 1029 γάρ
1582 944 1672 1004 ἔοικεν
1698 943 1795 1024 ἐκείνῳ,

1022 1033 1113 1108 ἐπειδὴ
1128 1036 1174 1095 καί
1187 1037 1218 1096 τὸ
1232 1038 1277 1096 σὸν
1288 1037 1333 1096 καί
1347 1036 1459 1117 σταυρδς
1480 1037 1526 1095 καί
1544 1037 1636 1117 τάφος.
1657 1037 1694 1095 El
1707 1034 1758 1114 γάρ
1775 1037 1799 1092 ἐν

1023 1129 1129 1210 θανάτῳ
1148 1127 1342 1199 ’ίκοινιύνησας
1365 1129 1411 1187 καὶ
1435 1132 1523 1209 ταφῇ,
1543 1131 1638 1208 πολλῷ
1662 1127 1800 1204 μᾶλλονέν

1024 1220 1225 1280 ἀναστάσειλιαλ
1241 1225 1309 1299 ζωῇ·
1330 1227 1376 1280 τοῦ
1393 1220 1445 1301 γάρ
1469 1220 1585 1299 μείζονος
1604 1219 1746 1288 λυθέντος,
1757 1223 1801 1288 τῆς

1025 1310 1171 1391 ἁμαρτίας,
1182 1316 1211 1372 ού
1223 1314 1262 1370 δεῖ
1275 1312 1336 1392 περί
1349 1320 1395 1372 τοῦ
1407 1313 1543 1380 ἐλάττονος
1554 1310 1740 1391 ἀμφιῦάλλειν
1750 1313 1802 1368 λοι-

1024 1401 1085 1477 τὸν,
1099 1407 1149 1474 τῆς
1171 1411 1217 1464 τοῦ
1237 1404 1348 1464 θανάτου
1369 1403 1534 1484 ἀναιρέσεως.
1552 1402 1640 1480 Ἄλλδι
1656 1409 1744 1462 ταῦτα
1758 1401 1802 1479 μίν

1024 1494 1090 1562 τέως
1099 1496 1193 1576 ἀφίησι
1203 1497 1353 1576 λογίζεσθαι
1362 1500 1400 1577 τῷ
1409 1497 1538 1557 συνειδότι
1550 1501 1606 1555 τῶν
1615 1495 1802 1576 ἀκροωμένων,

210 1597 364 1676 relinquit,
376 1597 433 1679 ipse
442 1619 506 1659 vero
518 1597 656 1679 proposita
667 1596 757 1656 lutura
769 1595 970 1668 resurrectione,
991 1603 1007 1650 B
1026 1588 1102 1656 αὖτὀς
1125 1589 1153 1648 δὲ
1175 1589 1351 1671 προκειμένης
1373 1594 1421 1661 τῆς
1448 1589 1610 1667 μελλούσης,
1626 1590 1803 1668 ἔτέρανῇμῦς

1026 1678 1170 1740 ἀνάστασιν
1189 1684 1312 1755 ἀπαιτεῖ,
1325 1681 1375 1755 τὴν
1392 1681 1484 1755 καινὴν
1502 1681 1652 1754 πολιτείαν,
1666 1681 1717 1752 τὴν
1738 1681 1803 1740 κατά

1025 1769 1070 1831 τὸν
1079 1772 1198 1853 παρόντα
1211 1773 1267 1852 βίον
1279 1777 1310 1833 ἐκ
1323 1779 1372 1847 τῆς
1385 1778 1436 1832 τῶν
1451 1772 1556 1855 τρόπων
1569 1773 1724 1851 μεταὸολῆς
1738 1795 1803 1851 γινσ

1028 1863 1119 1942 μένην.
1129 1863 1215 1924 Ὅταν
1228 1865 1279 1945 γάρ
1301 1870 1315 1925 ό
1340 1864 1434 1944 πόρνος
1450 1866 1559 1946 γένηται
1574 1865 1703 1946 σώφρων,
1724 1865 1769 1924 καὶ
1790 1869 1804 1922 θ

1026 1955 1186 2029 πλεονίκτης
1200 1959 1331 2035 ἐλεήμων,
1351 1960 1397 2017 καί
1410 1962 1425 2017 ὁ
1439 1956 1539 2039 τραχὺς
1551 1958 1670 2037 ἥμερος,
1692 1958 1741 2016 καλ
1762 1959 1803 2015 ἐν·

1026 2053 1111 2107 ταῦθα
1123 2049 1266 2117 ἀνάστασις
1277 2051 1381 2131 γέγονεν
1393 2050 1503 2122 ἐκείνης
1514 2039 1582 2108 odra
1590 2050 1742 2131 προοίμιον.
1755 2049 1804 2109 Ιίαί

1027 2143 1084 2207 πῶς
1109 2141 1269 2213 ἀνάστασις;
1296 2144 1353 2214 Τῆς
1380 2142 1428 2221 μὲν
1452 2141 1585 2223 ἁμαρτίας
1610 2133 1804 2222 νεκρωθιίσης,

1027 2236 1075 2304 τῆς
1094 2231 1122 2292 δὲ
1153 2233 1319 2306 δικαιοσύνης
1343 2233 1511 2307 ἀναστάτης,
1534 2235 1591 2293 καλ-
1608 2240 1659 2307 τῆς
1683 2234 1733 2312 μὲν
1755 2259 1804 2294 πα·

1027 2326 1104 2391 λαιᾶς
1117 2328 1187 2396 ζωῆς
1209 2325 1409 2405 ἀφανισθείσης,
1427 2330 1475 2397 τῆς
1492 2325 1520 2385 δὲ
1536 2331 1631 2398 καινῆς
1647 2326 1749 2399 ταύτης
1762 2327 1804 2385 καὶ

1029 2417 1169 2494 ἀγγελικῆς
1188 2417 1399 2495 πολιτευομένης.
1414 2417 1502 2477 Ὅταν
1524 2417 1551 2476 δὲ
1574 2417 1693 2497 ἀκούσης
1714 2418 1804 2491 καινὴν

1028 2505 1112 2580 ζωὴν,
1141 2507 1242 2580 πολλὴν
1265 2509 1338 2582 ζήτει
1359 2507 1407 2581 τὴν
1434 2509 1595 2589 ἐναλλαγὴν,
1618 2510 1667 2568 καλ
1688 2511 1804 2590 μεγάλην

1029 2596 1078 2671 τὴν
1105 2599 1266 2678 μεταόολήν.
1305 2619 1309 2625 ’

267 2694 297 2785 5,
310 2695 414 2757 Verum
427 2694 456 2762 in
478 2694 613 2775 lacrymas
634 2715 747 2782 erumpo
768 2709 794 2755 et
809 2696 836 2756 in
859 2697 1011 2776 gemitusc
1070 2691 1150 2752 Ἀλλία
1174 2692 1225 2774 γὰρ
1248 2694 1378 2775 δακρῦσαί
1402 2718 1446 2773 μοι
1467 2696 1559 2756 λοιπὸν
1577 2695 1667 2756 ἔπεισι
1686 2696 1734 2755 καί
1750 2719 1804 2756 στε-

228 2807 417 2869 magnos,cum
427 2787 515 2868 cogito
524 2787 765 2867 quantamanobis
775 2788 977 2870 philosophiam
1030 2782 1105 2853 νόξαι
1128 2784 1211 2864 μίγα,
1225 2786 1288 2846 όταν
1308 2788 1425 2859 ἐννοήσω
1446 2787 1532 2858 πόσην
1546 2786 1594 2867 μὲν
1608 2794 1684 2866 ἡμᾶς
1698 2792 1804 2848 ἀπαιτεῖ

228 2879 321 2960 exigat
333 2879 445 2952 Paulus,
457 2892 483 2938 et
497 2879 526 2938 in
541 2894 668 2957 quantam
683 2879 880 2959 nosignariam
890 2883 978 2963 conje-
1030 2878 1183 2959 φιλοσοφίαν
1212 2883 1226 2938 ό
1250 2881 1374 2956 Παῦλος,
1390 2882 1459 2963 πόση
1488 2881 1516 2940 δὲ
1538 2880 1646 2950 barcob<
1674 2881 1803 2951 ίξεδύικα-

229 2970 332 3044 cimus,
353 2983 414 3050 post
434 2969 602 3051 baptismum
624 2970 662 3029 ad
682 2969 800 3051 priorem
815 2987 977 3032 senectutem
1031 2993 1078 3048 μεν
1105 2970 1233 3054 ῥᾳθυμία,
1248 2972 1315 3051 μετὰ
1339 2974 1371 3033 cb
1393 2974 1532 3053 βάπτισμα
1553 2976 1598 3034 ἐπί
1626 2975 1657 3033 τὸ
1679 2975 1804 3056 πρόειμι

230 3061 339 3135 reversi,
351 3075 430 3140 atque
440 3061 468 3120 in
478 3061 786 3143 AEgyptumredeuntes,
798 3078 896 3144 etpost
906 3086 980 3124 man·
1030 3061 1179 3131 ἐπανιόντες
1200 3068 1304 3146 γῆρας’,
1328 3065 1374 3124 καί
1395 3070 1434 3135 ἐἷς
1454 3067 1503 3140 τὴν
1524 3066 1662 3144 Αἴγυπτον
1683 3067 1805 3146 ἀνακάμ-

230 3175 280 3228 na,
293 3151 358 3212 allia
372 3155 400 3212 in
423 3155 581 3214 memoriam
606 3167 769 3215 revocantes.
785 3158 883 3215 Decem
906 3158 979 3217 enim
1031 3175 1156 3228 πτοντες,
1178 3155 1224 3214 καί
1248 3159 1299 3214 τῶν
1322 3157 1453 3234 σκορόδων
1480 3159 1645 3236 μεμνημένοι
1678 3158 1750 3237 μετὰ
1777 3158 1807 3217 τὸ

231 3259 279 3305 aut
299 3244 397 3324 viginti
411 3243 508 3305 diebus
523 3259 582 3326 post
595 3246 730 3326 baptisma
744 3248 851 3322 mutati,
866 3250 979 3329 pristina
1032 3246 1127 3325 μάννα.
1149 3247 1221 3307 Δίκα
1241 3247 1291 3328 γὰρ
1305 3249 1351 3307 καί
1372 3248 1469 3308 εἴκοσιν
1489 3251 1591 3331 ἡμέρας
1606 3255 1672 3332 παρ’
1684 3254 1749 3312 αὐτὸ
1761 3249 1806 3309 ι’τό

231 3358 341 3397 rursum
354 3337 538 3417 aggredimur.
551 3341 587 3395 At
600 3358 654 3396 non
668 3351 799 3397 statutum
810 3339 916 3400 dicrum
930 3363 980 3401 nu·
1033 3338 1172 3418 βάπτισμα
1187 3340 1429 3420 μεταύαλλόμενοι,
1442 3353 1496 3409 τοῖς
1510 3344 1648 3423 προτέροις
1658 3347 1742 3403 ποῶιιν
1753 3347 1806 3404 ἐπι-

232 3428 408 3506 merum,sed
430 3443 513 3488 totam
534 3428 620 3488 vitam
636 3430 738 3510 expetit
759 3431 860 3489 Paulus
874 3432 907 3490 ad
929 3427 993 3492 hoc¹
1031 3437 1181 3513 χειροῦμεν.
1200 3431 1272 3491 Ἀλλ’
1293 3437 1341 3493 οὐκ
1363 3435 1473 3512 ἀριθμὸν
1486 3439 1593 3517 ἡμερῶν
1616 3439 1727 3511 τακτὸν,
1753 3440 1807 3497 ἀλλ’

232 3520 347 3581 vivendi
368 3520 522 3579 institutum
533 3544 540 3576 ε
551 3542 599 3579 nos
615 3534 706 3579 autem
720 3522 757 3580 ad
774 3523 917 3603 pristinum
933 3546 980 3585 vo·
1031 3521 1090 3583 δλον
1104 3527 1176 3601 ἡμᾶς
1193 3525 1237 3584 τὸν
1259 3525 1314 3603 βίον
1332 3529 1437 3585 ἀπαιτεῖ
1451 3528 1549 3600 ταύτην
1573 3527 1621 3601 την
1645 3530 1785 3590 πολιτείαν
1796 3535 1814 3588 θ,

233 3611 333 3673 mitum
344 3610 728 3691 reversi,postjuventutema
740 3613 825 3691 gratia
836 3629 1015 3696 acceptam,u
1032 3617 1153 3683 Παῦλος·
1172 3622 1250 3695 ἡμεῖς
1277 3617 1305 3676 δὲ
1328 3618 1372 3678 ἐπὶ
1398 3620 1442 3678 τὸν
1462 3620 1589 3700 πρότερον
1607 3625 1814 3704 ἐπανεργόμεθα

233 3703 378 3784 apeccatis
400 3715 561 3762 senectutem
574 3706 791 3783 paramusNam
806 3705 982 3786 pecuniarum
1033 3707 1134 3785 ἔμετον,
1150 3710 1217 3787 μετὰ
1228 3709 1276 3781 rhu
1292 3711 1344 3769 ἀπδ
1364 3715 1412 3782 τῆς
1432 3712 1540 3792 χάριτος
1565 3713 1679 3786 νεότητα
1702 3694 1736 3776 ch
1760 3718 1812 3776 ἀπὸ

107 3827 225 3869 recentum
235 3811 348 3859 amoret
361 3796 541 3857 absurdarum
560 3796 740 3879 cupiditatum
753 3801 878 3878 servitus,
892 3824 984 3862 omne·
1032 3806 1085 3860 τῶν
1101 3803 1238 3881 ἁμαρτιῶν
1261 3803 1499 3872 κατασκευάζοντες
1516 3810 1609 3885 γῆρας.
1629 3807 1685 3865 Καί
1710 3808 1764 3887 γὰρ
1782 3808 1812 3866 τὸ

85 3952 159 3997 atton.

84 3895 220 3933 „nectorem
236 3913 290 3971 que
303 3890 412 3951 tandem
424 3903 742 3971 peecatum,senectutem
757 3895 875 3973 operanti
887 3897 984 3956 afferre
1033 3895 1180 3974 χρημάτων
1195 3897 1271 3974 ἐρᾷν,
1284 3895 1330 3953 καί
1341 3896 1371 3954 τὸ
1381 3895 1509 3955 δουλεύειν
1520 3897 1672 3974 ἐπιθυμίαις
1686 3901 1810 3972 ἀτόποις,

235 3985 319 4063 solet3
338 3984 413 4063 quod
427 3997 518 4042 autem
539 3984 575 4042 ad
596 3996 756 4045 vetustatem
771 4000 985 4067 senectutemque
1034 3986 1079 4046 καί
1088 3997 1162 4046 πᾶσα
1174 3987 1264 4054 ἁπλῶς
1278 3987 1396 4065 ἁμαρτία
1410 3991 1537 4048 παλαιοῦν
1554 3990 1630 4050 εἴωθε
1644 3992 1689 4050 τὸν
1701 3995 1811 4073 ἐργαζύ·

234 4077 362 4154 declinat,
377 4077 496 4137 interitui
513 4077 670 4157 proximum
682 4091 731 4137 est.
747 4080 841 4158 Neque
854 4082 926 4140 enim
944 4082 985 4140 ita
1036 4102 1124 4157 μενον·
1139 4079 1170 4138 τδ
1183 4078 1211 4140 δὲ
1233 4080 1426 4157 παλαιούμενον
1442 4080 1488 4138 καὶ
1502 4082 1636 4163 γηράσκον
1648 4084 1729 4163 ἐγγύς
1742 4090 1811 4166 ἀφα-

212 4174 215 4179 ‘
235 4185 322 4252 potest
335 4192 435 4251 eorpus
454 4192 503 4251 per
526 4184 689 4231 senectutem
709 4171 881 4245 dissolvl,'ut
895 4178 984 4236 anima
1035 4177 1137 4247 νισμοῦ.
1151 4172 1192 4230 Οὐ
1205 4170 1256 4251 γάρ
1275 4174 1356 4243 ἐστιν,
1366 4175 1413 4231 οὐκ
1424 4171 1494 4231 ἔστιν
1506 4172 1575 4231 οὕτω
1590 4177 1671 4250 σῶμα
1682 4178 1736 4237 ὑπὸ
1749 4177 1812 4258 χρό-

236 4263 353 4343 ρστεαιὶσ
373 4276 498 4342 corrupta
514 4284 546 4321 ac
565 4262 695 4343 delapsa:
707 4262 741 4321 ad
763 4278 895 4326 extremas
912 4268 984 4327 enim
1035 4288 1087 4322 νων
1106 4264 1320 4342 παραλελυμένον
1337 4266 1409 4337 ἰδεῖν,
1425 4268 1460 4332 ῶς
1474 4265 1561 4345 ψυχὴν
1575 4265 1626 4324 ὑπὸ
1642 4270 1810 4350 ἁμαρτημά-

238 4368 303 4414 ιυιιο
312 4375 399 4433 nugas
408 4353 564 4430 deducitur,
577 4355 666 4414 futilia
678 4355 798 4434 loquens,
810 4360 984 4436 quemadmo-
1035 4380 1088 4414 των
1102 4358 1207 4416 πολλῶν
1223 4354 1402 4436 σαθρουμένην
1413 4357 1458 4415 καί
1472 4357 1701 4421 καταπίπτουσσν.
1714 4361 1750 4422 ‘ll
1763 4363 1813 4442 γάρ

237 4445 304 4505 ditm
323 4465 397 4505 senes
410 4458 436 4502 et
447 4444 538 4517 deliri,
553 4459 633 4524 atque
646 4446 745 4527 pituita
759 4449 865 4525 referta,
881 4472 981 4512 necnon
1036 4448 1072 4515 είς
1095 4447 1212 4528 leidrat
1223 4447 1356 4527 ληρωδίαν
1370 4448 1490 4527 ἐξάγεται
1508 4450 1610 4524 λοιπδν,
1626 4453 1722 4531 άοημα
1737 4461 1815 4534 φθεγ-

237 4552 346 4619 stupore
354 4550 434 4614 atque
444 4535 590 4610 oblivione,
602 4537 684 4616 lippis
692 4535 821 4598 instructa
830 4542 925 4617 oculis,
935 4545 983 4604 bo-
1036 4537 1134 4619 γομένη
1149 4539 1288 4619 οκαθάπερ
1301 4543 1325 4598 οἱ
1347 4542 1523 4621 γεγηρακότες
1537 4542 1583 4600 καλ
1599 4545 1813 4626 παραπαίοντες,

237 4632 357 4692 minibus
370 4628 561 4703 abominanda,
576 4644 601 4689 et
613 4630 723 4690 diabolo
737 4647 817 4712 captu
831 4635 919 4696 facilis
928 4653 982 4698 est:
1001 4636 1019 4684 Ε
1037 4631 1082 4691 καί
1104 4629 1215 4708 κορύζης
1233 4632 1458 4708 ἅναπεπληομὲνη
1480 4635 1525 4691 καὶ
1541 4635 1731 4712 παραπληξίας
1747 4641 1813 4698 πολ·

237 4726 303 4786 taler
314 4724 386 4785 enim
399 4738 461 4783 saint
476 4737 644 4804 peccatorum
655 4723 908 4788 auima.J11storum
921 4753 983 4791 vero

238 4817 334 4877 animae
358 4829 450 4875 contra
468 4816 646 4897 juvenescunt
659 4835 691 4874 ac
705 4815 813 4895 vigent,
827 4833 853 4879 et
875 4821 904 4880 in
925 4823 983 4903 ipso

239 4910 324 4970 aetatis
338 4909 404 4969 llore
424 4921 487 4969 sunt
506 4928 625 4987 semper,
647 4906 682 4966 ad
704 4929 824 4988 pugnam
843 4926 868 4971 et
882 4912 983 4975 luctam

239 5023 344 5082 semper
356 5015 464 5082 paratae.
479 5001 654 5059 Peccatorum
670 5021 734 5060 vero
751 5002 848 5063 anime
861 5004 887 5064 in
901 5028 983 5084 qnam

274 5179 283 5202 ¹
301 5164 349 5226 [Α.
364 5165 515 5228 ἀκοινώνητα]

275 5243 287 5280 b
305 5241 353 5306 [A.
367 5253 392 5291 et
404 5257 483 5307 marg.
497 5238 575 5292 saut.
589 5250 615 5295 τὸ
628 5244 753 5310 μίασμα]

1037 4724 1085 4794 λῆς
1096 4723 1142 4781 καί
1154 4723 1251 4797 λήθης,
1268 4724 1313 4787 καὶ
1324 4726 1412 4802 λη’μας
1427 4727 1538 4803 πρδτῶν
1552 4729 1695 4806 ὀφθαλμῶν
1707 4731 1814 4810 ἔχουσα,

1038 4815 1083 4873 καὶ
1104 4814 1250 4894 ἀνθρώποις
1263 4815 1450 4895 βδελυρά,-καἰ
1462 4822 1501 4898 τῷ
1515 4819 1631 4900 διαβόλῳ
1644 4823 1814 4903 εὐχείρωτος

1037 4907 1086 4967 καλ
1096 4907 1147 4989 γάρ
1157 4913 1277 4967 τοιαῦται
1293 4913 1320 4969 αἱ
1333 4914 1384 4968 τῶν
1397 4910 1562 4989 ἁμαρτωλῶν
1573 4913 1667 4992 ψυχαί.
1682 4914 1754 4975 Ἀλλ’
1766 4919 1815 4994 οὐχ

1038 5012 1066 5069 αἱ
1078 5014 1131 5069 τῶν
1143 5009 1262 5085 δικαίων,
1276 5010 1344 5070 ἀλλά
1357 5009 1476 5077 νεύζουσι
1498 5009 1542 5068 καὶ
1559 5017 1691 5092 σφριγῶσι
1699 5062 1707 5090 ,
1723 5014 1768 5076 καλ
1788 5019 1814 5074 ἐν

1086 5187 1096 5209 ⁰
1114 5169 1212 5237 [iidem
1225 5180 1262 5224 καί
1274 5180 1407 5242 καθάπερ...
1421 5178 1620 5240 ἀναπεπλησμένος
1639 5176 1673 5227 Et
1682 5176 1748 5228 infru
1759 5189 1815 5229 ante

1055 5255 1185 5320 εὐχείρωτος
1197 5251 1308 5304 inserunt
1321 5249 1424 5300 vetitum
1437 5253 1559 5320 feretran]
