3742 5970
88 416 157 509 730
440 429 471 483 ος
498 433 639 484 sonusve
668 432 848 485 crinrsosr.
880 434 1037 485 anostra.
1064 433 1340 485 consrtrmnor.

86 561 205 623 animam
216 571 291 620 tuam
300 557 523 620 inveterastiiNe
528 559 663 640 desperes,
674 580 759 638 neque
768 580 831 619 oon·
883 563 935 620 θῶν
946 558 1057 641 ἐργασία
1067 583 1074 597 ·
1083 559 1129 620 καί
1138 558 1272 637 μηδάτοτε
1282 562 1363 616 τοῦτο
1371 554 1500 636 θιαλίπῃς
1508 558 1643 620 rodeid

88 656 172 731 eides,
193 656 241 717 sed
263 675 312 738 per
330 651 516 733 poenitentiam
536 650 612 710 iilam
636 672 753 725 renova,
784 672 833 732 per
884 655 941 719 πῶς
951 651 1117 730 δυνησόμεθα
1129 656 1207 710 τοῦτο
1215 659 1320 723 ποιεῖνς
1333 651 1382 717 Είς
1393 649 1427 710 τὸ
1437 648 1644 728 δοκιμάζεινίμθς

87 748 233 831 lacrymas,
247 769 297 830 per
307 743 512 817 confessionem,
524 764 572 824 per
584 744 656 804 bona
673 765 768 825 opera;
782 763 833 802 ne·
884 742 1103 823 τὰδιαφέροντα,
1117 741 1169 801 ’τί
1188 741 1220 800 τὸ
1240 741 1348 820 θέλημα
1366 742 1502 801 τοῦ·θώ
1514 738 1545 799 τό
1563 743 1644 819 άγαία

87 861 140 918 que
154 860 273 920 unquam
288 837 341 896 hoc
354 836 441 894 iacere
449 833 565 893 desinas.
580 833 616 893 Et
632 833 769 912 quomodo
780 833 836 892 hoc
884 834 930 894 καί
940 833 1079 914 εὐάρεστον
1089 834 1135 894 καί
1143 833 1252 893 τέλειον.
1258 831 1298 893 Ἢ
1308 831 1387 894 τοῦτό
1396 831 1643 913 possedissemus

88 931 175 990 iacere
197 927 365 1012 poterimus?
378 927 409 986 Si
421 928 549 1006 probetis
575 946 631 985 vos
647 947 693 998 eo,
707 947 771 1005 que
783 944 833 1005 po-
884 926 927 987 ἵνα
940 927 1042 1005 μάθητε
1055 924 1088 984 τίι
1100 925 1268 1007 συμφέροντα
1279 925 1327 984 καί
1342 923 1373 984 τί
1395 923 1504 1002 θίλημα
1516 927 1643 986 emero·

89 1025 167 1080 tiora
180 1034 260 1094 sunt,
284 1040 350 1100 quta
361 1021 400 1078 sit
414 1017 554 1075 voluntas
575 1016 633 1074 Dei
656 1019 745 1087 bono,
763 1018 835 1074 bene
849 1019 869 1068 G
885 1018 953 1090 ἢὸτι
962 1018 1031 1077 οὕτω
1039 1016 1151 1078 δύνασθε
1171 1020 1367 1092 άνανεωθῆναι,
1379 1016 1428 1077 ἐὰν
1438 1015 1541 1094 μάθητε
1551 1015 1644 1093 ricop-

85 1115 209 1195 placens
229 1127 258 1174 et
270 1113 414 1193 perfecta.
440 1112 493 1167 nur
514 1107 566 1166 hoc
577 1107 655 1183 dicit,
673 1105 835 1167 Renovami·
884 1108 1070 1190 φίμοντα,καί
1087 1107 1114 1167 τί
1133 1130 1196 1166 ποτε
1210 1106 1454 1186 βοόλεταιθΘιός.
1469 1106 1516 1166 Ἂν
1533 1107 1583 1188 γάρ
1598 1109 1643 1188 tte

87 1204 127 1278 ni,
142 1219 173 1264 ut
196 1203 307 1264 discatis
330 1222 390 1281 quae
412 1199 592 1279 potiorasunt
620 1213 646 1259 et
666 1198 833 1259 voluntatem
883 1206 975 1276 τοῦτο,
995 1199 1041 1260 καί
1053 1202 1106 1259 τῶν
1121 1198 1287 1280 πραγμάτοιν
1313 1199 1404 1279 μάθῃς
1418 1197 1642 1278 διαγκνάσκεινιίς

87 1296 139 1356 Dei
145 1320 155 1374 3
168 1309 225 1368 aut,
233 1296 280 1357 Sic
295 1292 406 1374 potestis
433 1291 576 1368 renovari,
595 1290 618 1350 si
638 1288 750 1350 discatis
773 1310 833 1368 quae
883 1293 988 1374 φάσεις,
1000 1291 1131 1370 ludiim
1151 1294 1199 1363 τῆς
1212 1291 1272 1350 ὁδοῦ
1291 1296 1341 1363 τῆς
1354 1292 1419 1350 κατ’
1436 1289 1534 1371 detti*
1547 1290 1640 1364 ἃτίοηο

86 1390 191 1471 potiora
217 1402 281 1449 sunt
300 1401 327 1447 et
349 1385 417 1465 quid
432 1385 499 1446 velit
523 1385 605 1444 Deus.
632 1383 751 1444 sienim
780 1382 833 1443 hoc
883 1384 937 1446 ίίαί
951 1383 992 1453 τίς
1003 1388 1090 1462 ἀγνοεῖ
1101 1380 1135 1440 τά
1150 1381 1332 1463 συμφέροντα,
1345 1381 1640 1462 μησί,καίτίτὸθελεν

86 1481 210 1561 videris,
230 1497 256 1542 et
286 1501 376 1541 rerum
397 1493 523 1539 naturam
546 1476 700 1556 edidiceris,
725 1498 834 1538 omnem
885 1499 923 1555 μα
935 1481 981 1535 τοῦ
992 1477 1125 1549 ΘεοῦςΟί
1140 1473 1206 1556 πρὸς
1225 1474 1262 1535 τά
1276 1471 1402 1555 παρόντα
1415 1472 1573 1551 ἐπτοημένοι
1586 1473 1640 1554 ιμ’·

82 1580 142 1660 jam
163 1578 200 1639 ad
214 1578 343 1639 virtutem
361 1574 436 1635 viam
455 1572 586 1654 reperisti.
601 1571 704 1652 Ecquis
715 1572 831 1652 ignorat,
883 1589 989 1643 γματαν
1008 1570 1033 1625 θί
1048 1568 1160 1624 πλοῦτον
1187 1562 1303 1638 ζηλωτὸν
1331 1555 1403 1623 Εἶναί
1429 1564 1589 1643 νομίζοντες,
1607 1565 1640 1625 κοί

86 1666 203 1745 inquies,
218 1686 279 1744 quae
296 1663 374 1724 utilia
383 1674 455 1734 suut,
466 1674 493 1719 ct
505 1681 565 1739 que
576 1660 610 1719 sit
624 1660 749 1720 voluntas
760 1659 834 1719 neit
882 1655 975 1717 πενίαν
1001 1654 1219 1729 ἐξευτελίζοντας,
1241 1657 1266 1715 oi
1289 1653 1451 1723 δυναστείας
1463 1653 1609 1729 διώκοντα,
1621 1658 1640 1715 εί

86 1755 143 1827 Qui
162 1752 199 1813 ad
212 1774 254 1812 res
267 1763 410 1833 presentes
428 1746 543 1822 inhiant,
556 1747 603 1826 qui
616 1744 729 1806 divitias
744 1766 832 1826 expe·
882 1747 948 1827 τμθς
967 1746 1015 1820 τίνι
1036 1746 1112 1816 δόξαν
1135 1747 1185 1819 τὴν
1203 1746 1298 1816 ἔξωθεν
1314 1746 1480 1828 κεχηνότες,
1494 1751 1520 1808 οἱ
1532 1749 1639 1829 μεγαλοις

85 1844 179 1904 tendas
191 1865 248 1903 esse
257 1854 354 1924 putant
368 1853 395 1899 et
408 1850 593 1921 paupertatem
614 1835 775 1917 despiciunt,
784 1834 833 1914 qui
883 1839 991 1907 ἑαυτοὺς
1004 1831 1072 1899 εἶναι
1086 1838 1252 1916 νομίζοντες,
1264 1839 1329 1899 όταν
1347 1838 1438 1908 οἰκίας
1451 1840 1577 1922 λαμπράς
1585 1840 1639 1921 ίγά-

84 1934 252 2016 principatus
266 1944 421 2006 sectantur,
436 1927 484 2006 qui
501 1926 537 1987 ad
555 1939 695 1985 externam
717 1924 831 2005 gloriam·
861 1951 868 1965 ·
884 1954 964 2012 ρωσι,
976 1931 1023 1991 καί
1045 1930 1142 2011 τάφους
1161 1932 1316 1998 πολυτελεῖς
1332 1931 1492 2014 πρίωνται,
1504 1933 1549 1992 καί
1561 1934 1639 2011 deipr-

84 2026 222 2100 anhelant,
245 2024 292 2104 qui
313 2043 342 2082 se
359 2040 472 2100 magnes
492 2017 634 2099 quospiam
649 2038 706 2077 esse
717 2029 833 2098 putant,
847 2031 866 2079 n
881 2024 969 2083 πάδων
981 2022 1077 2102 άγίλας
1089 2023 1187 2103 ἐγυσι,
1200 2022 1246 2082 καί
1260 2021 1345 2083 πολίιν
1360 2023 1498 2105 compos
1512 2028 1637 2106 περιφέρει

84 2119 107 2177 si
120 2116 275 2199 splendidas
287 2114 382 2175 domos
393 2110 578 2187 excitaverint,
594 2123 620 2170 et
633 2109 777 2189 magnifica
791 2130 832 2169 se·
881 2139 923 2174 σιν
942 2113 1033 2192 ἐσμάν.
1046 2105 1128 2174 Οὗτοι
1145 2115 1191 2174 καί
1213 2113 1247 2174 τί
1271 2113 1445 2194 συμφέροντα
1460 2118 1548 2184 ω’ποῑς
1565 2115 1638 2176 reid
1666 2148 1670 2153 v

84 2208 180 2290 pulcra
206 2203 440 2289 comparaverint,
463 2201 487 2261 si
513 2199 711 2281 mancipiorum
738 2220 832 2280 greges
881 2204 1275 2285 θεληματοῢθεῶάγνοοθσι·
1288 2205 1335 2267 καί
1348 2206 1406 2287 γάρ
1422 2207 1559 2292 ἀμφότερα
1573 2215 1636 2268 emm

84 2299 211 2377 habeant,
224 2317 406 2378 magnumque
430 2294 620 2354 circumierant
646 2293 832 2353 eunuchorum
881 2297 945 2357 ἐντί
958 2301 1026 2358 ἐστι.

84 2412 190 2472 agmen.
222 2390 257 2450 Hi
275 2403 303 2450 et
322 2409 383 2467 quae
405 2386 457 2446 sihi
479 2385 557 2444 utilia
577 2384 643 2462 sint,
668 2397 694 2442 et
712 2405 773 2463 quae
792 2385 831 2444 sit

83 2485 212 2547 volontas
232 2483 285 2545 Dei
306 2477 520 2562 ignorautzhaec
545 2477 618 2537 enim
639 2475 721 2538 ambo
743 2497 830 2539 unum

84 2587 156 2634 sunt.

123 2666 163 2726 ὅ.
184 2664 295 2727 Etenim
309 2685 376 2746 que
392 2663 472 2726 nobis
485 2662 563 2726 utilia
575 2676 647 2740 sunt,
665 2662 740 2724 Deus
752 2661 831 2743 vult3
919 2668 964 2730 Τά
974 2691 1002 2728 τε
1016 2667 1068 2751 γάρ
1081 2667 1248 2750 συμφέροντα
1259 2669 1325 2745 ἡμῖν
1339 2669 1356 2727 ὁ
1369 2665 1442 2734 θεὸς
1460 2663 1591 2745 soumi-
1601 2660 1636 2722 καί

84 2771 112 2818 et
131 2779 192 2837 quae
212 2759 274 2820 vult
289 2758 472 2834 Deus,·n0bis
498 2756 577 2816 utilia
598 2756 827 2829 sum-Quaenam
879 2759 1246 2840 inmmerttewosro
1256 2758 1303 2818 καί
1314 2757 1492 2840 συμφέροντα
1500 2762 1570 2837 ἡμῖν.
1581 2754 1635 2814 Τίνι

83 2864 147 2911 sunt
159 2871 209 2925 ea,
223 2872 282 2930 que
295 2850 518 2914 Detrsvulti’Ut
537 2848 566 2908 in
577 2862 736 2930 paupertate
751 2850 830 2911 viva·
879 2843 922 2912 eds
936 2852 1017 2926 ἐστίν,
1032 2851 1101 2931 άπερ
1113 2855 1128 2912 θ
1142 2849 1212 2918 Θεὸς
1232 2849 1377 2929 βοόλεταις
1390 2849 1440 2910 Ἐν
1461 2850 1540 2931 πενία
1553 2847 1637 2928 {qu

82 2963 155 3021 mus,
171 2943 199 3002 in
217 2943 382 3021 humilitate,
398 2942 573 3002 ineuntemtu
593 2941 697 3021 gloriae,
718 2941 747 3002 in
761 2955 830 3003 tem·
878 2942 1121 3024 ταπεινοφροσύνῃ,
1140 2943 1167 3000 ἐν
1186 2939 1317 3022 ὑπεροψία
1337 2939 1435 3015 δόξης,
1456 2944 1485 3001 ἐν
1505 2939 1635 3021 ἐγκρατείᾳ,

81 3035 215 3115 perantia,
242 3052 296 3093 non
325 3034 355 3095 in
374 3032 493 3105 deliciis;
516 3032 544 3091 in
564 3031 701 3110 erumnis,
723 3053 777 3092 non
800 3033 829 3093 in
878 3037 926 3095 οὐκ
937 3037 964 3094 ἐν
977 3036 1119 3113 τρυφῇ,ἐν
1132 3031 1234 3112 θλίψει,
1248 3035 1297 3092 οὐκ
1306 3033 1335 3091 ἐν
1348 3031 1456 3103 ἀνέσει,
1470 3029 1636 3112 coremur

82 3125 185 3204 quiete;
201 3124 230 3185 in
252 3125 340 3202 lucto,
353 3145 408 3184 non
422 3124 451 3183 in
467 3123 643 3184 dissolutione
664 3137 691 3183 et
706 3123 779 3196 risu,
800 3123 829 3184 in
877 3129 924 3187 οὐκ
938 3127 964 3184 ἐν
983 3128 1023 3205 τῷ
1038 3125 1187 3203 διαχεῖσθαι
1206 3121 1252 3183 καί
1273 3125 1374 3203 γτλᾷν,
1394 3126 1423 3183 ἐν
1440 3131 1498 3190 ταῖς
1512 3109 1635 3187 mors&

81 3216 196 3296 aliisque
226 3216 368 3291 omnibus,
393 3237 454 3294 qnae
473 3219 531 3296 ipse
561 3214 698 3295 precepit.
723 3218 828 3276 Verum
878 3214 1064 3294 ἐνομοθέτησεν
1080 3217 1188 3275 ἅπασιν.
1202 3214 1274 3275 Ἀλλ’
1284 3219 1308 3274 oi
1322 3214 1421 3274 πολλοί
1436 3212 1633 3275 ταῦτακαίιίυ-

82 3308 162 3367 muiti
175 3307 235 3368 hac
248 3321 279 3367 ut
304 3308 407 3367 malum
427 3327 505 3366 omen
528 3320 689 3365 avertantur
696 3351 706 3379 ,
728 3305 828 3366 nodum
842 3327 861 3376 n
876 3309 1005 3378 νίζονται·
1017 3313 1139 3368 τοσοῦτον
1153 3307 1284 3386 ἀπέχωσι
1295 3307 1415 3386 νομίζειν
1432 3298 1504 3366 εἶναι
1514 3305 1547 3366 τά
1558 3303 1635 3383 σιμοί·

82 3413 178 3480 putent
202 3399 280 3459 utilia
306 3420 362 3458 esse
386 3412 413 3458 et
432 3398 485 3457 Dei
503 3396 683 3460 voluntatem.
710 3398 828 3477 Ideoque
879 3425 970 3481 ραντα,
986 3399 1031 3458 καί
1044 3401 1114 3458 Θεοῦ
1129 3398 1277 3475 θελήματα.
1294 3396 1350 3456 Διά
1360 3421 1403 3456 τοι
1417 3403 1501 3458 τοῦτο
1513 3396 1567 3457 otti
1578 3394 1635 3473 ἐπί.

82 3512 222 3570 nunquam
246 3490 283 3551 ad
306 3488 493 3570 suscipiendos
524 3509 575 3570 pro
594 3488 696 3548 virtute
721 3490 828 3551 labores
877 3518 943 3553 ποτε
956 3497 1008 3552 τῶν
1030 3490 1098 3573 ὑπὲρ
1111 3496 1160 3563 τῆς
1173 3495 1270 3571 ἀρετῆς
1285 3492 1372 3550 ἐλθεῖν
1387 3491 1546 3563 δυνήσονται
1560 3489 1636 3548 πάσαν.

81 3603 167 3664 prope
188 3581 313 3642 accedere
337 3592 472 3662 poterunt.
502 3578 559 3653 Qui
580 3577 652 3638 enim
685 3580 828 3640 nesciunt
877 3584 936 3646 ὴΟἱ
948 3586 1000 3664 γὰρ
1015 3583 1083 3662 μηδὲ
1097 3582 1161 3642 αὐτὸ
1171 3586 1323 3654 τοῦτο,θτι
1335 3583 1403 3643 ποτέ
1418 3587 1493 3642 ἐστιν
1503 3581 1577 3664 άρετλ
1588 3579 1636 3638 stt

82 3673 193 3753 quidem
204 3673 272 3753 quid
291 3673 327 3733 sit
340 3673 435 3747 virtus,
457 3669 505 3730 sed
520 3670 581 3730 vice
592 3670 667 3730 iliius
681 3670 767 3752 ipsam
781 3694 829 3733 ne·
878 3702 934 3752 τες,
948 3676 1017 3737 άλλίι
1036 3675 1085 3749 τὴν
1101 3673 1196 3734 κακίαν
1217 3674 1276 3734 άντί
1291 3673 1394 3748 ταύτης
1407 3675 1591 3753 θαυμάζοντες,
1601 3670 1636 3730 ατί

82 3762 196 3842 quitiam
216 3763 244 3822 in
267 3760 445 3822 admiratione
464 3759 576 3837 habent,
591 3773 616 3819 et
634 3759 681 3839 qtti
693 3782 742 3840 pro
756 3776 827 3821 casta
876 3769 925 3842 τὴν
939 3767 1038 3847 πόρνην
1053 3765 1111 3825 ἀντί
1121 3769 1170 3837 τῆς
1184 3763 1319 3846 σώφρονος
1335 3767 1467 3844 γυναικὸς
1480 3769 1577 3832 ἑαυτοῖς
1588 3785 1635 3840 συγ·

81 3855 194 3915 muliere
216 3854 382 3914 meretricem
402 3873 493 3912 secum
504 3850 687 3925 concludunt,
701 3852 827 3931 quando·
877 3859 1089 3929 κατακλείοντες,
1103 3857 1168 3917 πότε
1191 3857 1352 3928 δυνήσονται
1368 3854 1525 3929 άποστῆναι
1540 3861 1581 3916 τοῦ
1593 3879 1635 3915 τι·

81 3966 145 4007 nam
182 3959 308 4028 poterunt
334 3966 354 4020 a¹
373 3941 501 4028 praesenti
528 3941 627 4001 seculo
659 3942 828 4003 abscedere?
878 3953 965 4034 γνόντος
979 3953 1086 4022 αἰῶνος,
1100 3949 1148 4007 Διὸ
1161 3947 1214 4030 χρὴ
1229 3947 1282 4028 πρὸ
1294 3953 1350 4007 τῶν
1364 3949 1459 4008 ἄλλων
1474 3944 1633 4015 tmen

80 4039 186 4099 ldcirco
206 4051 270 4098 ante
282 4036 335 4096 alia
349 4035 440 4095 omnia
462 4055 532 4115 opus
554 4047 603 4108 est,
626 4048 656 4092 ut
677 4056 766 4094 rerum
781 4039 827 4117 ju·
876 4044 962 4126 αρίανν
982 4048 1048 4120 ἡμῖν
1071 4031 1138 4100 εἶναι
1165 4045 1218 4099 τῶν
1241 4041 1417 4119 πραγμάτων
1440 4039 1632 4124 διηρθρωμένην·

80 4131 185 4191 dicium
202 4132 349 4190 habeamus
366 4143 472 4189 rectum
491 4140 571 4205 atque
594 4126 770 4202 distinctum
782 4141 826 4187 at·
876 4137 924 4195 κᾶν
944 4133 981 4213 μὴ
1001 4132 1134 4213 μετίωμεν
1156 4130 1266 4214 niptris,
1288 4133 1409 4193 ἐπαινεῖν
1425 4128 1631 4216 ἄρτι-εἶναψ

79 4241 131 4298 que
151 4219 254 4278 etiamsi
279 4218 409 4279 virtutem
431 4236 484 4275 non
514 4228 667 4291 sectemur,
683 4214 826 4275 laudemus
876 4226 997 4307 φύγωμεν
1018 4224 1128 4299 αααίαν,
1150 4222 1269 4291 νααίζανν
1291 4223 1443 4306 πονηρίαν,
1458 4224 1502 4285 ίνα
1523 4224 1582 4292 νίας
1596 4221 1631 4287 νίς
1676 4242 1678 4249 ·

78 4323 167 4369 tamen
186 4310 261 4369 iliam
270 4333 279 4387 3
292 4308 398 4368 etiarnsi
413 4328 479 4368 vero
493 4306 641 4384 nequitiam
663 4327 716 4366 non
735 4285 976 4400 fugin-mm<
992 4318 1151 4384 ἀδεκάστους
1165 4315 1281 4396 ἔχωμεν,
1298 4315 1383 4375 οὓτω
1402 4317 1459 4398 γὰρ
1477 4319 1528 4398 ὁδῷ
1540 4314 1629 4398 φίας.

78 4425 155 4480 mus,
174 4402 358 4483 improbemus
383 4414 471 4460 tamen
483 4444 492 4477 ,
525 4400 696 4479 calculosque
724 4400 823 4461 interea
875 4435 976 4486 νοντας,
990 4411 1036 4470 ναί
1049 4412 1102 4468 τῶν
1115 4409 1198 4489 ίργων
1212 4407 1389 4468 ἐπιλαθέσθαι
1412 4409 1579 4488 δυνησόμεθα
1590 4405 1629 4465 ιίιά

78 4495 249 4576 incorruptos
263 4513 411 4552 servemus.
426 4491 473 4552 Sic
493 4490 566 4549 enim
593 4491 706 4550 ulterius
732 4507 824 4572 postea
874 4528 917 4564 ναν
927 4511 1002 4564 ταῦτα
1012 4501 1058 4560 καί
1069 4500 1146 4569 αὐτὸς
1163 4499 1264 4560 κελεύει
1278 4502 1469 4577 ἀνανεοῦσθαι,
1485 4501 1627 4568 tuneo·

78 4587 266 4670 procedentes,
279 4585 337 4666 ipsa
348 4605 428 4665 opera
441 4582 576 4662 suscipere
585 4583 740 4664 poterimus.
755 4586 823 4645 Pro-
876 4594 968 4672 μάζειν
988 4598 1073 4671 ὑμᾶς,
1089 4591 1115 4650 τί
1131 4593 1162 4652 τὸ
1183 4591 1288 4669 θέλημα
1306 4597 1355 4652 τοῦ
1375 4595 1459 4653 Θεοῦ,
1477 4585 1627 4654 Ἐνταῦθεόί

77 4694 166 4760 pterea
172 4677 294 4760 praeeipit
303 4676 404 4736 Paulus
414 4689 444 4735 ut
454 4695 624 4748 renovemur,
639 4677 677 4735 Ut
686 4680 822 4756 probetis,
876 4710 923 4765 μον
936 4686 982 4745 χαί
994 4683 1128 4745 Ἰουδαίαν
1145 4683 1326 4744 χαοάααναθαν
1341 4685 1437 4758 δαναῖ,
1454 4687 1506 4744 τῶν
1518 4683 1623 4765 {pepios

76 4770 177 4849 inquii,
192 4791 247 4831 'vOS
257 4790 322 4849 qut!
333 4772 371 4828 δίί
381 4765 524 4826 νθίίίηίαδ
535 4766 602 4824 Dei.
614 4765 666 4824 Hic
675 4787 740 4827 vero
752 4767 823 4827 mihi
875 4783 920 4839 τοῦ
934 4778 1024 4856 νόμου,
1040 4777 1156 4854 Θέλημα
1172 4776 1221 4853 μὲν
1232 4776 1283 4856 γὰρ
1296 4768 1330 4849 ἦν
1349 4781 1396 4836 τοῦ
1409 4780 1482 4838 0ιῶ
1494 4776 1536 4836 χαί
1553 4780 1567 4845 ’i
1583 4795 1620 4831 τι·

75 4863 158 4921 etiam
172 4861 279 4924 Judaeos
296 4857 480 4939 perstringere
501 4855 628 4934 videtur,
645 4856 692 4934 qni
708 4857 761 4936 tegi
775 4859 823 4918 ad·
874 4870 939 4929 λανί
957 4867 1095 4930 mimia·
1112 4870 1170 4928 ἀλλ’
1184 4871 1214 4927 αὖ
1230 4866 1451 4948 προηγούμενον,
1465 4867 1529 4928 ἀλλὰ
1541 4863 1576 4924 dd
1586 4860 1618 4930 τίν

74 4961 231 5023 iraerebant:
247 4961 383 5040 siquidem
398 4960 524 5020 voluntas
537 4957 589 5017 Dei
607 4957 758 5017 etiamerat
772 4959 821 5018 illa
875 4960 980 5022 ἐκείνων
1005 4960 1141 5020 ἀσθένειαν
1166 4959 1337 5041 συγγωρηθέν
1351 4983 1358 4997 ·
1372 4960 1403 5020 τὸ
1427 4959 1455 5022 δὲ
1479 4959 1565 5019 τίλειοι
1584 4945 1615 5011 ιτί

107 5136 119 5163 *
137 5135 192 5198 [καί
206 5145 317 5197 γινώσκειν
332 5144 391 5184 ante
408 5140 430 5187 τι·
442 5131 555 5184 inserunt
566 5134 595 5184 Δ.
612 5142 638 5182 et
654 5149 735 5201 marg.
743 5133 834 5203 savii]
882 5135 970 5188 Codex
992 5142 1079 5198 ἑαυτοῖς
1091 5143 1312 5204 συγκατακλὶνοντις.
1325 5138 1404 5204 [Mox
1421 5144 1553 5204 θιλινυαριθ
1566 5135 1608 5183 ivi·

103 5218 116 5258 b
133 5212 221 5266 Morei.
228 5229 358 5281 perperam
373 5219 392 5264 εί
401 5220 447 5281 γὰρ
456 5216 516 5279 poti
533 5217 589 5266 αὐτὸ
600 5219 676 5267 ταῦτα.
686 5211 756 5264 Infra
770 5231 833 5266 unus
882 5238 948 5281 ματα
960 5213 1098 5283 probabilis
1109 5227 1148 5266 est
1158 5213 1246 5269 sovitii
1255 5215 1428 5282 conjecturo]
