3728 5978
541 431 575 480 m
601 431 709 483 nrisr.
736 430 784 480 ιιιι
809 429 893 480 ιοιι.
922 429 1040 480 ιιοιιιι.
1071 431 1147 480 ιιιιι.
1563 409 1635 481 61'3

63 551 197 623 ἀπόδειξιν
219 551 366 634 παρίχεται
386 551 417 612 rb
435 553 543 632 ἀλγεῖν·
560 559 575 616 θ
590 553 618 615 δί
638 553 838 634 καταγελάσας,
891 565 920 610 ut
933 551 1025 612 futilia
1041 551 1171 612 exhibere
1185 550 1295 634 potetis.
1309 550 1418 612 Etenim
1433 551 1480 631 qui
1496 553 1636 615 mordetur

61 647 137 726 αὐτῷ
157 645 241 726 τούτῳ
255 644 329 725 παρὰ
340 653 394 711 τοῖς
405 649 520 724 παροῦσι
540 646 628 717 πάσης
642 644 735 705 ίανιδν
748 645 838 717 άπῆλ·
890 643 913 702 si
922 642 1021 722 doleat,
1035 645 1120 704 oblati
1134 643 1290 704 criminisse
1303 644 1355 704 sibi
1365 645 1570 707 consciumesse
1583 645 1635 706 de-
1667 640 1672 648 ’

58 736 139 805 λαξεν
151 737 275 818 θπορίας.
289 735 390 796 Σκόπει
406 736 493 797 τοίνυν
507 736 578 798 πόσα
591 742 621 798 ἐκ
633 737 725 799 τούτου
739 736 838 798 συλλί-
889 735 992 794 clarat:
1006 735 1054 814 qui
1069 749 1159 794 autom
1173 735 1232 795 baec
1243 735 1348 796 deridet
1355 781 1365 813 ,
1379 736 1432 796 boc
1445 736 1505 818 ipso
1517 759 1546 798 se
1559 760 1633 820 prae·

59 853 118 908 γεις
139 828 226 889 καλά·
247 828 373 909 πρότερον
397 828 576 898 ἀπαλλάττεις
598 829 706 890 σεουτδν
726 828 835 910 θορύύοο
888 827 1009 886 sentibus
1023 827 1065 887 vel
1080 827 1232 908 suspicione
1248 827 1365 888 liberum
1382 828 1555 889 demonstrat.
1567 829 1635 890 Per·

59 922 108 986 χαί
121 924 251 1003 ταραχῆς·
264 911 341 979 ”circ
352 919 393 996 δὲ,
407 923 508 999 μᾶλλον
523 927 600 981 τοῦτο
609 920 707 980 κείαθιο
719 923 835 1001 πρῶτον,
887 920 976 1001 pende
990 920 1075 1000 igitur
1091 934 1156 999 quot
1175 921 1246 981 bona
1268 920 1333 980 iude
1348 921 1478 1002 colligasr
1501 921 1592 1002 primo
1607 936 1635 982 te

59 1011 113 1071 κάν
124 1012 304 1092 ἁμαρτήματα
314 1010 394 1092 ἔχῃς,
408 1011 455 1071 καί
467 1020 550 1072 ταῦτα
563 1012 680 1092 ἀποδύσῃ
692 1055 701 1086 ,
715 1011 835 1094 καθάπερ
888 1010 979 1092 ipsum
1001 1033 1016 1071 a
1037 1012 1241 1093 perturbatione
1265 1025 1292 1071 et
1311 1013 1490 1072 commotione
1512 1012 1632 1089 liberas,
1685 1036 1688 1041 ⁴

60 1103 213 1176 θτελύνης
239 1102 288 1176 τῆν
312 1109 357 1162 τοῦ
384 1101 535 1185 Φαρισαίου
561 1102 722 1182 κατηγορίαν
744 1102 847 1182 πράως,
887 1102 1141 1178 deiude(bocvero
1154 1104 1273 1185 primum
1282 1104 1382 1164 censeri
1395 1101 1521 1180 debet)si
1534 1104 1634 1187 inpee·
1670 1124 1673 1131 ·

60 1193 185 1274 ἐνεγιαύν.
199 1194 272 1275 Πρδς
285 1194 400 1269 τούτοις,
415 1194 553 1275 φιλόσοφον
569 1195 775 1262 κατασκευάζεις
787 1216 834 1254 σου
888 1197 954 1255 catis
962 1196 1008 1272 sis,
1016 1197 1063 1256 illa
1074 1196 1217 1276 abstergis,
1225 1210 1255 1255 ut
1266 1194 1428 1276 publicanus
1439 1196 1496 1272 ille,
1507 1197 1635 1275 quina·

59 1285 113 1359 τὴν
135 1286 221 1367 ψυχὴν
244 1287 407 1366 τῆτοιαύιη
429 1287 544 1366 μελίτῃ,
564 1287 610 1346 καί
635 1287 736 1368 μυρίων
760 1286 835 1363 παρὰ
852 1300 872 1346 ι)
888 1288 958 1347 risaei
968 1289 1163 1348 accusationem
1172 1287 1432 1368 pationtcrtulituld
1444 1288 1634 1370 baec,perbu·

60 1379 170 1437 πάντων
187 1378 344 1444 ἀπολαύσεις
364 1378 487 1450 ἐπαίνων,
507 1379 554 1437 καί
572 1376 621 1449 τὴν
635 1377 679 1438 tut
691 1386 746 1445 τοῖς
758 1380 835 1457 είρη-
885 1378 1008 1459 jusmodi
1031 1380 1249 1440 exercitationem
1269 1379 1391 1438 animum
1405 1393 1485 1439 tuum
1509 1380 1634 1461 pbiloso-

61 1470 152 1548 μένοις
167 1469 281 1551 θπορίαν
298 1469 418 1550 ἀποδύσῃ
441 1480 539 1529 πᾶσαν.
564 1472 599 1530 Ei
623 1468 650 1529 dl
670 1468 716 1529 καί
736 1473 834 1529 ἐκεῖνον
887 1471 975 1552 pbum
985 1471 1088 1550 reddis,
1103 1486 1130 1532 et
1143 1472 1219 1531 mille
1232 1472 1360 1531 laudibus
1373 1472 1446 1553 apud
1460 1473 1635 1533 omnesirue·

60 1561 214 1640 ἀμύνασθαι
223 1565 372 1640 ἐπιθυμεῖς,
384 1561 429 1621 καί
442 1567 519 1622 τοῦτο
528 1563 559 1620 ἐκ
567 1561 720 1641 περιουσίας
732 1561 834 1641 ίψεται,
888 1561 937 1637 ris,
948 1576 974 1620 et
985 1559 1120 1621 dictorum
1134 1565 1178 1624 vel
1190 1564 1371 1644 suspicionem
1385 1584 1503 1626 amoves.
1511 1563 1597 1637 Quod
1610 1565 1636 1624 si

58 1655 170 1714 καὶτοῦ
189 1657 259 1715 Θεοῦ
280 1655 434 1722 κολάζοντος
452 1654 529 1714 αὐτὸν
545 1656 600 1713 ἀνθ’
612 1644 649 1713 ὧν
664 1652 769 1732 εἴρηκε,
787 1653 834 1713 καί
887 1651 966 1710 illum
980 1652 1074 1712 ulcisci
1090 1653 1193 1734 cupias,
1209 1654 1262 1713 boc
1274 1675 1310 1713 ex
1323 1654 1474 1715 abundanti
1492 1670 1634 1734 sequetur,

59 1747 116 1826 πρὸ
128 1752 176 1819 τῆς
194 1747 327 1815 κολάσεως
348 1745 448 1819 ἐκείνης
469 1751 517 1818 τῆς
538 1750 587 1818 σῆς
607 1745 761 1826 φιλοσοφίας
775 1743 833 1804 ἀντί
887 1746 944 1803 Deo
955 1745 1149 1805 criminationis
1159 1746 1195 1805 ab
1207 1746 1255 1807 illo
1269 1768 1359 1827 poenas
1369 1748 1504 1828 exigente,
1515 1749 1636 1830 philoso-

58 1838 168 1920 καιρίας
193 1840 264 1919 αι’ντῷ
285 1838 424 1918 γινομένης
446 1840 561 1917 πληγῆς.
584 1838 671 1898 Οὐδὲν
690 1838 743 1920 γάρ
764 1836 835 1898 ούτω
886 1837 1006 1918 pbiaqne
1021 1852 1067 1897 tna
1080 1853 1143 1898 ante
1154 1860 1247 1920 poenas
1258 1839 1320 1899 illas
1330 1840 1441 1920 plagam
1457 1841 1509 1922 ipsi
1524 1863 1635 1921 gravem

58 1928 123 1997 τοὺς
143 1930 294 2010 ὑύρίζοντας
319 1936 391 2008 ἡμᾶς
412 1929 515 1989 δάκνειν
541 1929 640 2003 είωθεν,
661 1933 697 1998 ὡς
721 1929 752 1988 τὸ
773 1927 833 1997 τοὺς
886 1927 1024 1991 inferente.
1036 1929 1114 1989 Nihil
1133 1931 1205 1990 enim
1227 1931 1266 1990 ita
1279 1952 1335 2008 em,
1350 1931 1493 2010 quinobis⁴
1506 1933 1637 2014 injuriam

58 2019 247 2100 θύριζομίνους
268 2026 339 2100 ἡμᾶς
352 2024 404 2080 τῶν
425 2020 526 2102 ύύρεων
548 2023 706 2100 καταγιλᾳν.
723 2017 834 2102 Ὥσπερ
887 2018 1016 2096 inferunt,
1029 2019 1154 2081 mordere
1166 2021 1252 2094 solet,
1268 2035 1299 2080 ut
1313 2042 1376 2081 eum
1389 2043 1438 2082 nos
1447 2023 1522 2100 illas,
1534 2025 1636 2104 quibus

60 2103 109 2173 οὗν
120 2118 150 2173 ἐκ
160 2121 206 2174 τοῦ
219 2116 367 2195 φιλοσοφεῖν
378 2119 497 2172 τοσαῦτα
516 2111 592 2172 ίσται
611 2111 698 2172 καλά·
709 2110 791 2178 οὕτως
804 2113 836 2170 ix
888 2111 977 2171 affecti
990 2133 1094 2188 sumus,
1103 2112 1217 2193 injurias
1227 2111 1390 2174 deridemus.
1405 2115 1518 2176 utsicut
1532 2117 1555 2176 si
1569 2117 1634 2198 phi-

59 2211 111 2264 τοῦ
122 2203 301 2286 μικροφύχους
316 2195 382 2265 εἶναι
395 2204 429 2263 τά
444 2203 551 2264 ἐναντία
565 2202 733 2282 συμύήσεται
748 2203 836 2262 άπαν-
888 2201 1025 2283 losopbiee
1038 2224 1161 2283 agamus,
1173 2219 1214 2264 tot
1226 2219 1355 2284 tantaque
1367 2206 1438 2266 bona
1453 2206 1583 2268 aderunt:
1597 2209 1637 2271 sic

60 2320 109 2354 τα.
122 2297 175 2356 Kal
192 2295 244 2378 γάρ
263 2293 369 2364 ἑαυτοὺς
388 2292 610 2374 καταισχύνομεν,
632 2293 677 2354 καί
696 2292 836 2353 ὑπεύθυνοι
853 2297 872 2347 Ε
889 2296 911 2354 si
941 2296 1016 2356 rixas
1037 2311 1063 2356 et
1087 2297 1255 2357 simultatem
1279 2320 1476 2376 exerceamus,
1501 2303 1636 2364 contraria

60 2387 139 2468 παρδι
165 2398 219 2456 τοῖς
238 2395 352 2471 παροῦσι
366 2389 491 2466 δοκοῦμεν
511 2377 577 2446 εἶναι
595 2394 650 2454 τοῖς
670 2385 835 2466 λεγομίνοις,
890 2390 978 2447 omnia
992 2389 1158 2469 contingent.
1174 2389 1283 2450 Etenim
1298 2393 1430 2472 nosipsos
1445 2391 1576 2454 dedecore
1591 2394 1633 2454 af-

60 2478 111 2537 καί
122 2479 170 2552 τῆν
181 2479 270 2560 ψυχὴν
284 2479 395 2559 θορύάου
403 2482 565 2558 πληροῦμιν,
576 2478 622 2538 καί
631 2478 675 2538 τδν
686 2478 780 2559 ίχθρὸν
795 2480 836 2554 si·
890 2479 1008 2557 ficimus,
1020 2502 1112 2541 aenos
1123 2481 1635 2562 iis,quredictasunt,obnoxiosessea
1702 2482 1705 2489 ’

61 2572 217 2652 φραίνομεν,
229 2573 273 2631 καί
284 2573 328 2632 τὸν
339 2571 409 2632 Θεὸν
423 2569 612 2650 παροξύνομεν,
623 2569 669 2629 καί
681 2577 736 2637 τοῖς
747 2571 837 2650 ἀμαρ-
891 2574 1066 2654 praesentibus
1075 2574 1263 2639 existimamur
1269 2599 1280 2654 3
1288 2576 1407 2636 animam
1416 2577 1536 2637 tumultu
1545 2578 1634 2660 reple·

61 2665 166 2742 τήμασι
178 2664 351 2746 προστίθεμεν
366 2671 420 2730 τοῖς
431 2661 578 2743 ἡμετέροις.
591 2666 684 2722 Ταῦτα
696 2652 740 2722 σύν
751 2662 836 2722 άπαν·
889 2686 960 2739 mus,
973 2679 999 2725 et
1013 2666 1155 2727 inimicum
1171 2667 1272 2748 gaudio
1284 2669 1428 2745 afficimus,
1441 2672 1531 2732 Deum
1543 2672 1637 2735 irrita·

62 2779 99 2814 τα
112 2755 297 2829 ίνναήσαντες,
311 2755 435 2835 φύγωμεν
452 2758 500 2825 τῆς
515 2753 692 2835 μικροψυχίας
707 2753 737 2812 τδ
753 2753 836 2833 βιίρα·
889 2777 964 2832 mus,
980 2770 1007 2816 et
1019 2759 1136 2838 peccatis
1148 2759 1286 2840 prioribus
1295 2760 1347 2819 huc
1359 2760 1495 2822 addimus.
1509 2762 1576 2822 Haec
1585 2763 1636 2822 ita-

63 2853 136 2927 θρον,
147 2847 192 2906 καί
201 2848 266 2927 πρὸς
279 2846 324 2906 τδν
332 2845 430 2924 λιμένα·
439 2848 485 2916 τῆς
500 2845 683 2927 μακροθυμίας
696 2846 835 2925 καταδρά-
890 2869 942 2925 que
969 2847 1060 2907 omnia
1087 2849 1248 2928 cogitantes,
1275 2850 1447 2912 simultatum
1472 2852 1632 2914 baratbmm
1682 2921 1685 2925 ,

64 2963 168 3017 μωμεν,
191 2937 234 2998 ίνα
258 2938 303 2997 καί
329 2942 440 2998 ἐνταῦθα
462 2936 578 3015 εύρωμεν
607 2938 754 2998 ἀνάπωτιν
778 2945 837 3005 ταῖς
889 2938 1022 3011 vitemus,
1039 2938 1115 2999 etad
1132 2954 1243 3021 portum
1265 2941 1412 3001 tolerantior
1435 2942 1633 3025 confugiamus,

62 3034 162 3112 ψυχαῖς
175 3036 262 3109 ἡμῶν,
278 3029 366 3097 καθὼς
384 3029 430 3088 καί
441 3032 455 3087 ὁ
467 3030 582 3109 Χριστὸς
601 3028 768 3109 ἀπεφήνατο,
789 3028 881 3099 ircim
890 3042 920 3088 ut
930 3030 1010 3090 etbic
1024 3029 1194 3092 inveniamus
1205 3033 1325 3111 requiem
1336 3025 1478 3095 animabus
1487 3037 1596 3111 nustriS,
1604 3051 1636 3099 ut

62 3127 117 3182 τῶν
133 3122 281 3201 μελλόντων
300 3121 466 3201 ἐπιτύχωμεν
487 3124 601 3200 ἀγαθῶν,
616 3120 708 3201 χάριτι
724 3121 770 3180 καί
787 3144 835 3201 φι-
852 3115 873 3162 Α
891 3120 1016 3180 Christus
1029 3122 1228 3205 pronuntiavit,
1240 3137 1266 3184 et
1276 3125 1365 3185 [utura
1375 3147 1571 3205 consequamur
1584 3129 1631 3190 bo

62 3213 219 3297 λανθρωπίφ
232 3218 278 3274 τοῦ
287 3213 384 3295 Κυρίυι
396 3217 472 3290 ἡμῶν
488 3214 577 3284 Ἰησοῦ
588 3214 722 3292 Χριστοῦ,
736 3216 793 3290 μεθ’
805 3202 836 3273 od
890 3234 934 3288 na,
946 3213 1033 3292 gratia
1042 3228 1068 3272 et
1077 3213 1243 3294 benignitate
1253 3217 1364 3276 Domini
1377 3218 1461 3277 nostri
1474 3221 1540 3281 lesu
1555 3220 1635 3281 Clari-

61 3309 102 3385 τῷ
117 3306 215 3386 Πατρί,
226 3307 283 3384 άμα
295 3308 333 3384 τῷ
347 3305 414 3385 θγίιρ
426 3303 573 3382 Πνεύματι,
589 3302 660 3376 δόξα,
675 3305 782 3387 κράτος,
796 3330 835 3365 τι·
889 3305 934 3377 sti,
958 3306 1068 3383 quicum
1082 3294 1156 3365 Pairi
1175 3328 1283 3386 unaque
1298 3308 1414 3390 Spiritui
1431 3325 1523 3372 sancto
1535 3312 1633 3393 gloria,

63 3397 118 3475 μὴ,
139 3404 183 3457 νῦν
204 3397 250 3457 καί
269 3397 328 3472 ἀεί,
341 3396 386 3456 καί
401 3398 437 3463 είς
452 3394 511 3462 τοὺς
532 3398 629 3463 αἰῶνας
646 3401 699 3457 τῶν
722 3396 834 3458 αἰώνων.
889 3396 1043 3478 imperium,
1061 3398 1159 3478 bonor,
1179 3415 1291 3460 nuncet
1308 3423 1429 3484 semper,
1446 3403 1519 3463 etin
1536 3405 1634 3464 nacula

62 3489 159 3567 Ἀμήν.
789 3509 793 3516 ·
888 3492 1164 3554 seculorumdmen.

96 3677 110 3714 t,
127 3676 167 3740 [A.
176 3679 238 3740 εἶτα,
246 3680 336 3742 μᾶλλον
345 3679 382 3737 δέ,
391 3673 460 3741 quod
470 3674 562 3741 placet.
574 3675 632 3726 ilox
644 3674 712 3727 idem
720 3680 821 3748 ἀποδύῃ,
835 3689 861 3728 et
873 3677 963 3730 iterum
974 3677 1063 3746 inira]

343 3991 480 4060 οιιιιιιι
511 4000 555 4081 η’.
1130 4007 1289 4068 ιιοιιιιιι
1311 4007 1390 4067 ιιιιι.

60 4187 184 4263 Οἴδαμεν
198 4185 261 4267 γὰρ,
276 4184 316 4245 ὅτι
343 4190 357 4245 θ
378 4186 456 4265 νόμος
481 4187 660 4266 πνευματικός
673 4189 759 4246 ίστιν·
785 4187 837 4269 ἐγὼ
891 4189 962 4248 Car.
978 4190 1044 4249 vlt.
1062 4211 1091 4249 v.
1109 4192 1157 4252 ίί.
1170 4191 1283 4250 Scimus
1295 4203 1404 4264 autem,
1426 4195 1497 4273 quia
1515 4193 1563 4253 lex
1575 4197 1630 4276 spi-

93 4279 122 4338 δί
136 4278 260 4359 σαρκικύς
273 4281 348 4356 εἶμι,
361 4277 530 4359 πεπραμένος
543 4280 595 4339 ὑπὸ
607 4278 655 4352 τὴν
671 4278 815 4362 ἁμαρτίαν.
929 4282 1048 4341 ritualis
1064 4294 1126 4340 est:
1138 4302 1190 4361 ego
1212 4294 1310 4340 autem
1333 4284 1464 4343 carnalis
1481 4305 1557 4358 sum,
1580 4307 1632 4346 ve·

931 4376 1091 4433 numdatus
1111 4378 1164 4434 sub
1176 4388 1307 4454 peccato.

106 4571 217 4643 Ἐπειδὴ
235 4563 316 4644 εἶπεν,
341 4572 382 4632 ὅτι
408 4573 511 4653 μεφῶςα
534 4573 623 4652 φέρον,
649 4571 733 4659 χαρὰ,
753 4573 798 4632 καὶ
818 4576 872 4644 gu
930 4566 942 4620 ί
953 4609 959 4621 .
983 4564 1129 4643 Postquam
1149 4562 1256 4626 dixerat
1275 4585 1372 4645 magna
1392 4565 1475 4625 inisse
1497 4566 1579 4640 mala,
1606 4582 1632 4628 et

61 4664 184 4742 ἁμαρτία
198 4667 365 4746 δυνατωτέρα
386 4666 501 4739 κατέστη
521 4672 568 4739 τῆς
582 4668 689 4739 ἐντολῆς
711 4664 836 4725 scutato·
888 4670 1029 4738 peccalum
1053 4656 1202 4717 admlSSUffl
1230 4659 1365 4738 Ρθίθῦῑίΰὸ
1393 4659 1476 4720 fuisse
1506 4658 1575 4742 ¹⁰80,
1606 4675 1633 4723 θί

47 4756 143 4836 μάνη,
154 4757 199 4817 καί
210 4758 359 4818 τούναντίον
372 4752 452 4840 οὗπερ
463 4759 618 4828 ἐσπούδαζεν
630 4758 730 4837 θνύμος
744 4760 836 4834 iiiia,
889 4764 981 4810 mulsa
1001 4772 1082 4829 quam
1100 4750 1145 4810 ¹0¹
1164 4751 1301 4832 ffllssssehai
1321 4751 1458 4827 aceldlsser
1476 4767 1502 4811 ⁰¹
1522 4773 1582 4812 ⁰¹¹¹¹¹
1603 4753 1632 4813 5¹¹

60 4848 158 4917 καὶεί,
172 4850 272 4922 πολλὴν
288 4849 332 4909 τὸν
347 4850 479 4931 ἀκροατὴν
493 4851 613 4910 lugeam
627 4850 750 4931 ἀπορίαν,
765 4850 836 4931 λέγει
889 4864 1015 4923 magnam
1046 4842 1243 4902 dubitationem
1266 4841 1422 4906 auditorem
1453 4843 1608 4923 conjecisset
1620 4868 1631 4924 3

60 4939 164 5001 καὶτὸν
179 4941 304 5021 λογισμὸν
318 4943 419 5016 λοιπὸν,
433 4945 491 5000 καθ’
507 4942 536 4999 ὃν
546 4948 629 5000 ταῦτα
649 4941 755 5021 γέγονε,
772 4941 837 5021 πρό-
889 4935 1020 4993 rationem
1040 4947 1129 5014 postea
1148 4932 1227 5006 dicit,
1250 4953 1299 5013 per
1316 4953 1397 5012 quam
1415 4933 1472 4992 baec
1485 4933 1631 5014 advenere,

60 5057 140 5115 “W
155 5031 308 5101 ἀπαλλάξας
316 5032 360 5092 τὸ,
374 5034 453 5111 νόμον
468 5036 515 5103 τῆς
525 5032 769 5114 ποςηρηςηποψίας,
778 5032 838 5093 ⁰122
891 5043 953 5081 curn
968 5023 1043 5103 prius
1061 5021 1148 5101 legem
1163 5043 1179 5080 a
1192 5042 1275 5102 prava
1289 5021 1441 5102 suspicione
1454 5021 1629 5084 vindicasset.

62 5123 118 5203 γάρ
134 5123 171 5201 μὴ
189 5124 300 5198 ἀκούων,
313 5123 354 5183 δτι
365 5124 462 5196 διίτῆς
477 5127 582 5196 ἐντολῆς
595 5128 612 5196 ἡ
625 5122 743 5204 ἁμαρτία
755 5127 838 5204 ἀφορ-
892 5115 1000 5174 Etenim
1022 5136 1054 5174 ne
1076 5114 1136 5192 quis
1166 5114 1288 5192 audieus,
1312 5128 1449 5196 peccatum
1467 5117 1632 5178 occasionem

65 5215 121 5288 μὴν
139 5215 467 5293 ιιαςε,χ«ὶὸῃζλοηύσης
483 5219 595 5288 «offigit
612 5216 729 5297 ἁμαρτία
744 5214 839 5291 ἀνέζη-
890 5232 939 5292 per
956 5207 1113 5269 mandatum
1133 5206 1276 5286 accepisse,
1305 5221 1331 5266 et
1351 5207 1423 5286 ιμιαά
1439 5208 1531 5270 eodem
1553 5232 1632 5306 man-
