3728 5978
420 476 650 527 cnnrsosrom
676 466 817 526 nonum
845 479 888 525 on
913 479 1152 531 eoeenosrnrt.
1367 446 1378 465 ⁷
1394 508 1423 533 .·
1482 458 1565 564 pir·

106 624 158 662 στι·
173 602 218 661 καὶ
231 599 322 682 ὥσπερ
333 601 411 682 άρτος
430 600 476 661 καὶ
493 592 560 670 οἶνος
579 607 625 662 τοῦ
640 601 763 680 σώματός
816 601 892 682 panis
907 614 933 661 et
947 602 1042 663 vinum
1055 603 1176 686 eorporis
1189 618 1253 667 sunt
1273 600 1432 675 alimentum
1446 622 1473 673 et
1485 611 1559 673 laeti-

123 682 139 754 ὴ
156 681 201 740 καὶ
215 681 360 762 εὐρρασία,
372 679 441 740 οὕτω
453 681 498 741 καὶ
512 687 529 754 ἡ
544 683 707 762 ἐλεημοσύνη
718 683 763 742 καί
814 681 862 754 tia,
871 680 910 740 εἰσ
917 681 1085 778 eleemosyna
1099 698 1125 743 et
1137 687 1257 765 precatio
1270 689 1367 748 anime
1379 703 1443 750 sunt
1455 694 1560 767 medela

106 705 182 832 itti<
195 762 283 841 ψυχῆς
296 763 412 842 ὑπάρχει
423 761 550 842 θεραπεία
563 763 609 822 καί
618 763 698 842 χαρά.
709 762 762 823 Καὶ
815 775 840 819 et
858 760 997 840 gaudium.
1022 764 1143 842 hoquam
1161 765 1208 825 dat
1221 767 1303 827 homo
1324 771 1560 832 commutationem
1647 789 1649 791 '

106 866 135 899 oo
153 841 289 920 ἄνθρωπος
305 844 480 919 ἀντάλλαγμα
497 846 544 914 τῆς
566 846 654 945 ῷεχῆς
668 847 760 916 αὐτοῦ,
814 860 864 929 pro
878 841 967 900 anima
980 863 1038 914 sua,
1058 843 1109 902 nisi
1124 844 1238 925 eleemos
1278 848 1344 906 am?
1355 849 1384 908 Si
1397 848 1425 908 id
1439 851 1558 930 ignoras,

121 921 317 999 ἐλεημοσύνηνς
344 924 379 981 Εἰ
404 921 430 980 δὲ
454 924 570 1005 ἀγνοεῖς,
587 927 701 998 μανδανι
715 921 761 1021 κρλ
814 919 957 979 discocta
971 920 1054 980 vidua
1075 922 1122 981 ilie
1144 925 1216 984 Novi
1237 867 1416 1002 iismmenti,
1432 951 1492 1009 quae
1511 951 1561 1012 per

107 1001 596 1161 3333333333333333333
612 1001 762 1162 {iiiiii
813 998 1112 1141 333333333333
1126 1004 1561 1170 ῗιῗίίὶἳῗίίῖίὲεῗῗὲι333333

106 1159 157 1220 nn
171 1160 215 1226 τὸν
230 1160 298 1220 Θεὸν
319 1160 458 1231 ἔπαινίτην
474 1158 592 1219 λαύοῦσα
612 1166 661 1233 τῆς
683 1184 761 1220 πτω·
813 1156 991 1236 laudatorem,
1002 1162 1080 1241 cujus
1099 1163 1187 1254 operis
1201 1166 1304 1224 fructus
1317 1166 1352 1224 ad
1366 1168 1461 1227 eaelum
1475 1192 1562 1250 usque

107 1239 183 1312 ύτης,
193 1239 239 1298 καὶ
253 1239 333 1320 μέχρι
346 1245 399 1298 τῶν
413 1240 528 1319 οὐρανῶν
538 1240 698 1310 άνελδοίσης
713 1244 760 1310 τῆς
813 1237 941 1298 ascendit.
957 1241 1017 1300 Non
1035 1240 1130 1301 vidisti
1145 1245 1317 1304 Servatorem
1329 1247 1355 1305 in
1369 1249 1452 1307 saeris
1467 1251 1561 1310 Euan·
1573 1263 1627 1307 tue.
1639 1275 1678 1309 ει.
1687 1275 1710 1307 ε.

106 1319 167 1400 ιρίας
189 1322 281 1390 αὐτῆς.
294 1321 356 1378 -Ούκ
376 1311 441 1385 εἶδες
465 1318 510 1377 τὸν
530 1319 645 1400 Σωτῆρα
667 1323 693 1379 ἐν
707 1329 762 1390 τοῖς
813 1317 1101 1397 geliisviduamiliam
1115 1323 1332 1404 celebremque
1347 1324 1402 1386 duo
1413 1329 1516 1389 minuta
1532 1331 1559 1391 in

107 1399 253 1479 ὐαγγελίοις
265 1401 354 1461 ἀποδε
367 1396 519 1477 άμενοντλν
532 1398 618 1478 χήραν
634 1398 683 1471 τλν
696 1401 730 1479 β’
747 1434 762 1448 -
813 1397 1037 1481 gazophylacium
1056 1402 1183 1483 conjecit,
1207 1403 1313 1484 ipsique
1334 1427 1460 1467 eoronam
1481 1410 1561 1469 caele-

106 1483 123 1537 ἷν
133 1483 171 1558 τῷ
192 1424 377 1559 γαζοφυλακύμ
389 1477 424 1538 τά
438 1477 483 1538 δύο
496 1477 596 1553 λεπτά,
614 1481 660 1538 καὶ
679 1504 761 1561 χαρι-
814 1489 880 1537 stem
891 1476 1019 1558 elargiri?
1031 1480 1110 1541 Vidit
1123 1482 1196 1542 enim
1207 1484 1303 1543 animae
1323 1486 1507 1565 fragrantiam,
1516 1490 1560 1549 vi·

113 1561 179 1629 αὐτῆ
190 1558 235 1618 τὸν
248 1559 375 1638 στίρανον
393 1557 437 1617 τὸν
448 1556 619 1636 ἐπουράνιονς
634 1550 697 1618 iside
708 1560 760 1643 γάρ
775 1567 797 1618 G
813 1554 854 1615 dit
865 1563 1010 1639 pauperem
1023 1580 1173 1649 panpemm
1185 1577 1331 1638 amantem,
1352 1566 1422 1625 vidit
1439 1581 1559 1647 egentem

106 1641 133 1707 ἧς
144 1624 193 1706 τὴν
205 1638 325 1713 εὐωδίαν,
339 1629 448 1710 εἴδει-ὴν
457 1635 569 1716 πτωχὴν
583 1638 760 1720 φιλύττωχω,
813 1636 928 1716 prouida
941 1637 975 1697 iis
988 1659 1036 1718 qm
1049 1640 1125 1719 egeni
1140 1662 1193 1700 non
1207 1656 1282 1702 erant
1302 1659 1463 1723 erogantem.
1477 1649 1560 1709 Multi

115 1717 189 1789 ἐνδεῆ
224 1717 350 1797 ρημάτων
362 1726 416 1784 τοῖς
440 1714 478 1794 μὴ
506 1716 604 1776 noete
625 1719 761 1798 συνειρρί-
813 1729 888 1776 emm
903 1716 950 1796 qui
963 1719 1048 1777 multa
1065 1719 1213 1792 inferebant
1232 1723 1260 1781 iu
1280 1725 1560 1807 gazophylacium:et

113 1741 223 1855 llottoi
234 1799 282 1876 μίν
301 1788 371 1869 ἦσαν
382 1797 406 1855 σί
422 1794 562 1874 βάλλοντες
574 1795 661 1855 πολλά
681 1800 717 1864 εἰς
731 1798 761 1858 εδ
813 1795 894 1872 gestis
904 1794 1000 1855 aderat
1014 1799 1086 1857 Deus
1099 1799 1181 1859 simul
1194 1815 1220 1860 et
1230 1801 1323 1877 homo,
1330 1803 1378 1882 qui
1393 1826 1445 1865 nou
1453 1805 1561 1885 judicat

106 1874 191 1934 άκιον·
206 1876 412 1957 καίπαρῆντοῑς
432 1875 682 1954 γενομένοιςδθεδς
704 1877 761 1953 ἅμα
813 1873 960 1933 seeundum
971 1876 1077 1959 faeiem,
1099 1891 1127 1937 et
1146 1879 1227 1952 eorda
1249 1880 1392 1940 hominum
1414 1899 1558 1946 serutatur.

106 1977 193 2027 οεπος,
204 1960 219 2014 ὁ
229 1957 305 2023 αὐτὸς
314 1959 343 2014 οὐ
354 1955 466 2022 δικάζων
478 1952 546 2013 κατδι
552 1954 704 2035 πρόσωπον,
715 1956 760 2015 καί
815 1951 966 2013 Audiamus
980 1977 1063 2034 quam
1075 1957 1111 2016 de
1121 1957 1165 2017 his
1183 1959 1250 2018 ferat
1263 1961 1422 2021 sententiam
1432 1964 1557 2039 :Amore

106 2033 155 2100 δίας
168 2037 221 2093 τῶν
233 2034 377 2117 ἀνθρώπων
388 2033 761 2115 διερευνῶν.1(αλποίανοἰπό-
814 2051 901 2090 amen
921 2034 988 2092 dieo
1000 2038 1181 2117 υοίείε,’ριειίε
1201 2040 1297 2098 uidua
1319 2042 1458 2121 hoecplus
1470 2065 1567 2124 quam-

106 2113 184 2195 ιρέρει
199 2115 260 2196 περὶ
272 2114 382 2188 τούτοιν,
404 2113 567 2190 ἀκούσαιμεν.
583 2110 674 2190 Ἀμὴν,
689 2113 761 2192 ἀμὴν
816 2131 915 2171 omnes
925 2115 1035 2249 iniecit.
1053 2117 1113 2174 Non
1125 2118 1197 2175 enim
1207 2139 1305 2197 eaquae
1316 2120 1456 2199 jaciuntur
1469 2125 1561 2185 omnia

106 2202 143 2263 .ῑν,
154 2193 217 2268 ύτιὴ
231 2193 377 2275 χηρααύτη
389 2196 480 2255 πλεῖον
491 2192 597 2251 πάντων
608 2192 762 2254 ἔθελεν.ού
814 2205 921 2271 accepta
967 2192 1043 2270 abeo,
1067 2193 1164 2274 inquit,
1183 2196 1230 2256 sod
1251 2200 1419 2278 propositum
1441 2203 1560 2262 asseren-
1608 2271 1614 2278 ⁴

106 2263 626 2353 ίαλλάμεναπάνταάποδάχομαι,φησίν,
637 2274 761 2334 ἀλλὰκαὶ
815 2269 885 2328 tium
904 2272 1026 2352 exploro.
1050 2274 1151 2333 Amen
1170 2277 1236 2335 dico
1257 2281 1354 2350 uobis,
1371 2284 1443 2359 quio
1468 2284 1562 2342 uidua

106 2352 203 2433 τίρεσιν
216 2357 268 2414 τῶν
284 2376 372 2414 συνιισ
392 2353 503 2432 εράντων
518 2352 663 2430 δοκιμάζω.
678 2352 761 2431 Ἀμὴν
815 2351 878 2408 tec
886 2351 953 2441 plus
967 2372 1056 2431 quom
1069 2362 1169 2413 omnes
1183 2359 1293 2437 injecit.
1307 2359 1506 2431 Quarei'Quia
1519 2362 1561 2422 ilii

106 2442 142 2505 ἰν,
155 2432 196 2493 ὅτι
219 2440 237 2507 ἡ
257 2434 330 2516 χήρα
355 2377 422 2505 oden
436 2434 526 2490 πλεῖον
538 2432 645 2491 πάντων
656 2432 759 2494 ἔίαλεν.
814 2449 849 2488 ex
869 2431 1007 2512 superfluo
1022 2452 1070 2490 suo
1092 2433 1241 2495 intulerunt
1247 2459 1256 2512 ς
1270 2434 1328 2496 haee
1341 2458 1406 2505 vero
1421 2452 1508 2500 totum
1519 2441 1561 2500 vi-

106 2510 168 2572 Ὀτι
182 2503 254 2573 οὗτοι
267 2504 297 2574 ἐκ
310 2519 357 2572 τοῦ
367 2510 566 2593 περισσεύοντος
577 2513 665 2581 αὐτοῖς
677 2511 760 2593 ἤνειρ-
814 2521 889 2568 etum
912 2530 993 2570 suum
1014 2511 1115 2584 intulit.
1134 2513 1224 2593 igitur·
1240 2515 1305 2595 quia
1326 2531 1397 2577 recte
1420 2517 1560 2598 'udicavit‚

106 2616 138 2664 τη
156 2590 183 2652 δί
199 2592 259 2653 ὅλον
274 2593 320 2653 τὸν
335 2592 391 2672 βίον
410 2591 665 2670 αὐτῆςείσήνεγκεν.
688 2597 761 2654 Οὐκ·
814 2589 873 2648 Deo
887 2588 1010 2650 dieamus
1030 2612 1194 2666 nosomnes,
1212 2598 1385 2676 ut-propheta
1400 2540 1638 2683 εύιίῑεΙμ-Ριοι.
1658 2618 1712 2668 ns.
1764 2676 1767 2682 ,

106 2672 143 2743 ιδὴ
156 2673 263 2740 δικαίως
276 2672 385 2755 ἔκρινεν,
400 2669 577 2748 είπωμενοισιί
589 2676 667 2750 ἡμεῖς
678 2673 762 2732 ἅπαν-
814 2680 877 2727 stin
899 2689 939 2742 es,
961 2672 1100 2744 Domine,
1113 2684 1142 2731 et
1165 2678 1379 2756 recto'judioia
1402 2691 1475 2749 tuo;
1496 2680 1560 2760 quie
1573 2679 1625 2740 ι37·

106 2753 153 2832 ίεῷ
162 2796 170 2827 ,
179 2755 216 2819 ὡς
228 2757 245 2813 δ,
255 2752 391 2835 προφήτης
404 2743 475 2811 εἶπε·
486 2749 605 2819 Δίκαιος.
613 2742 651 2824 ei,
664 2752 761 2834 Κύριε,
815 2748 984 2828 propositum
998 2750 1140 2811 hominum
1153 2753 1288 2833 exploras,
1305 2777 1391 2835 noque
1409 2778 1444 2817 ox
1456 2758 1561 2820 oblato·

106 2836 206 2891 ῐαιαὶχ
225 2832 288 2902 ione
300 2854 364 2893 em·
378 2830 419 2891 ὅτι
428 2831 477 2903 τὴν
488 2831 641 2913 προαίρεσιν
652 2836 703 2905 τῶν
718 2830 797 2893 eto-D
815 2848 877 2885 rum
899 2830 974 2889 mole
1002 2851 1117 2910 regnum
1151 2832 1464 2917 emerrmscribiseneqne
1488 2839 1579 2910 enim‘

111 2856 276 2990 δοκιμά3εις,
288 2913 334 2971 καί
348 2915 378 2971 οὐ
393 2915 433 2991 τῷ
444 2909 540 2982 πλήθει
550 2915 603 2970 τῷν
615 2934 762 2994 προσρερσ-
814 2906 914 3000 oblatis
921 2908 1046 3000 attendis,
1057 2909 1105 2969 sed
1112 2911 1222 2971 affectui
1232 2914 1411 2978 offerentium.
1423 2919 1463 2977 Ne
1471 2919 1561 2999 segnis

106 2985 132 3064 λυ
149 2990 286 3070 βασιλείαν
295 3015 356 3071 περι
375 2990 473 3073 ράφεις.
488 2994 529 3050 Οὐ
549 2989 602 3072 γάρ
621 2992 761 3073 προσέχεις
815 3007 879 3067 orgo
892 3000 928 3046 sit
940 2989 1078 3070 quispiam
1091 3004 1232 3069 vestrum,
1250 3015 1357 3074 quaeso,
1371 2997 1429 3057 siue
1440 2997 1495 3057 duo
1508 2998 1561 3069 mi.-

106 3015 374 3151 erope'vmgffli
396 3075 430 3150 τῇ
445 3071 559 3130 διαθέσει
572 3075 626 3138 τῶν
640 3093 760 3152 repom-
815 3080 889 3143 nuta,
903 3067 963 3128 sive
975 3069 1069 3129 decem
1080 3070 1173 3158 obolos
1186 3072 1213 3131 in
1224 3074 1448 3212 gazophzlaeium
1461 3075 1563 3138 vidua.

106 3151 152 3223 Μὴ
167 3150 253 3219 τοίνυν
265 3150 365 3224 δκνήση
379 3173 419 3219 τις
431 3152 518 3228 ὑμῶν,
536 3153 699 3232 παρακαλῶ,
710 3152 764 3211 κάνν
814 3168 878 3205 rum
901 3160 928 3206 et
946 3150 1131 3230 orphanorum
1153 3153 1308 3233 conjicere:
1345 3176 1377 3214 oo
1396 3155 1466 3216 enim
1475 3156 1560 3218 docet

106 3229 207 3305 raffau
222 3230 287 3290 δίκα
300 3215 407 3297 &eirene
421 3228 761 3309 ςδςτδραζτρυλάκωνςῶν
815 3246 890 3286 sacra
913 3229 1064 3311 Scriptura,
1095 3230 1245 3291 seeundum
1268 3254 1318 3310 pro
1338 3235 1400 3293 ositi
1426 3237 1559 3308 rationem

106 3310 139 3368 νεὶ
154 3313 273 3390 δρρανῶν
283 3309 456 3370 καταύαλεῖν·
469 3307 539 3367 οὕτω
552 3310 604 3392 γάρ
613 3311 659 3369 καί
672 3310 761 3391 ηὰγία
815 3319 919 3397 tentum
933 3311 1086 3401 qnempiam
1099 3325 1238 3393 acceptum
1250 3333 1306 3372 esse
1316 3255 1383 3373 Boo.
1397 3316 1439 3375 Ne
1450 3316 1486 3376 sit
1495 3339 1524 3377 er
1542 3339 1560 3377 o

106 3389 235 3463 διδάσκει,
246 3389 287 3450 ὅτι
297 3388 425 3457 καδὼςάν
438 3387 487 3468 ἔχη
497 3411 537 3456 τις
546 3389 711 3472 προαίρεσιν,
722 3393 761 3450 εὖ·
815 3384 864 3445 illa
886 3408 976 3447 mensa
992 3389 1079 3449 ahena
1099 3414 1114 3450 a
1130 3405 1274 3472 proventu,
1291 3392 1338 3452 sed
1360 3408 1464 3475 partem
1489 3338 1559 3466 haio

106 3468 347 3551 ιύςέστιπαρδιτῷ
356 3453 543 3550 Θεῷλίλσύν
556 3468 762 3552 γένηταιὴτρά-
815 3486 878 3524 cum
901 3467 965 3542 illa,
979 3483 1011 3528 ut
1023 3484 1130 3550 partem
1150 3471 1207 3531 aeci
1230 3472 1268 3531 ias
1287 3493 1351 3532 cum
1372 3475 1558 3553 afferentibus,

106 3548 154 3620 ιίνη
166 3550 292 3629 ἀλλοτρία
306 3552 353 3619 τῆς
372 3551 420 3619 σῆς
436 3547 629 3629 καρπορσρίας·
641 3551 702 3609 ἀλλ’
716 3551 762 3632 ἔχε
814 3547 1028 3638 misericordiam
1048 3571 1145 3633 nempe
1161 3572 1175 3610 a
1197 3493 1326 3612 ciemente
1341 3555 1398 3612 Deo
1412 3556 1459 3634 qui
1472 3555 1557 3616 dicite

106 3629 154 3686 ιετ’
167 3629 316 3703 eor-'iestis
327 3628 411 3707 λάάης
427 3628 521 3709 μερίδα
533 3626 601 3706 μετὰ
614 3634 762 3709 τῶνκομι-
814 3627 993 3704 Miseremini,
1009 3642 1039 3688 ut
1053 3630 1265 3691 misericordiam
1280 3632 1438 3714 impetretis.
1452 3636 1559 3708 Ουτοι,
1633 3657 1635 3660 ·
1714 3699 1718 3707 ⁴

105 3753 113 3781 ‚
126 3705 197 3775 ἔλεος
210 3710 284 3792 παρὰ
297 3709 488 3786 τοῦέλεήμονος
499 3711 570 3769 Θεοῦ
579 3716 625 3769 τοῦ
634 3708 761 3785 εἰπόντος,
813 3705 961 3766 admodum
975 3708 1047 3768 enim
1060 3711 1179 3769 creditur
1197 3712 1324 3791 angelum
1338 3712 1373 3772 de
1391 3714 1456 3773 oaeio
1468 3737 1560 3807 preces

116 3786 160 3848 ίνα
176 3790 310 3862 ἐλεηδῆτε.
325 3788 432 3869 Ὥσπερ
455 3788 507 3870 γάρ
533 3787 699 3855 πιστεύεται.
720 3789 762 3850 ὅτι
813 3786 907 3867 populi
923 3788 1052 3868 recipere,
1068 3789 1181 3868 illasque
1195 3794 1252 3849 Deo
1262 3792 1370 3869 ottone,
1386 3807 1412 3853 et
1425 3808 1457 3852 tn
1468 3794 1560 3866 studes

106 3870 183 3945 γιλος
197 3869 224 3937 ἐξ
240 3871 352 3949 οὐρανοῦ
364 3871 379 3925 ὁ
391 3865 440 3935 τὰς
458 3866 608 3948 προσευχὰς
622 3868 762 3948 δεχόμενος
814 3887 906 3945 preces
928 3869 986 3925 Deo
1001 3868 1121 3927 emittere
1136 3890 1199 3927 eum
1221 3870 1358 3947 omnibus,
1385 3885 1414 3931 ut
1430 3874 1559 3932 orationis

106 3953 134 4019 ὗ,
147 3948 193 4007 καί
205 3947 361 4030 προσρίρων
371 3950 410 4026 τῷ
424 3951 487 4028 Θεῷ
497 3947 607 4019 τούτοις,
621 3948 667 4006 καὶ
680 3970 762 4013 σπου.Ι
813 3965 912 4003 munus
924 3958 1000 4004 tuum
1011 3967 1074 4006 eum
1086 3948 1211 4008 omnibus
1222 3960 1361 4030 aceepnrm
1370 3951 1405 4010 sit
1416 3952 1469 4011 :ita
1480 3952 1560 4013 eredo

106 4027 161 4086 ιετίι
176 4029 282 4087 πάντων
296 4028 438 4087 ἀποδοῦναι
453 4030 492 4107 τῷ
506 4030 569 4108 Θεῷ
592 4024 641 4094 τδις
667 4025 762 4107 εὐχάς,
814 4024 1073 4105 angelnmesseqni
1087 4049 1191 4107 eaquae
1223 4026 1367 4110 anperibus
1382 4051 1475 4110 erogas
1490 4033 1558 4093 reei-

106 4106 136 4166 τδ
147 4108 228 4190 δῶρον
243 4113 290 4179 τῆς
310 4110 461 4187 προσευχῆς
476 4106 544 4184 μετδι
562 4105 669 4166 πάντων
690 4110 760 4165 άπο-
777 4114 797 4161 E
814 4103 883 4184 piat,
900 4119 927 4163 et
942 4105 988 4164 itta
1002 4106 1060 4165 Deo
1077 4108 1180 4169 offerat.
1196 4051 1232 4167 dt
1244 4108 1306 4186 quis
1324 4122 1363 4168 est
1374 4110 1420 4169 itte
1433 4112 1556 4191 angelus,

106 4186 164 4245 ύτω
174 4188 298 4261 πίστευε,
309 4187 350 4246 δτι
360 4185 407 4245 καὶ
413 4190 440 4246 ἐν
454 4186 554 4253 τούτοις
567 4186 638 4246 ἐστίν
651 4185 761 4266 ἄγγελος
814 4183 867 4242 nisi
883 4184 967 4265 isqui
981 4185 1253 4248 Corneliiorationes
1267 4201 1293 4247 et
1306 4187 1486 4272 eleemosynas
1500 4192 1558 4251 Doo

106 4290 155 4335 ενος
164 4266 199 4326 τὰ
212 4267 286 4349 παρδι
303 4274 348 4326 σοῦ
363 4265 486 4344 διδόμενα
500 4275 555 4333 τοῖς
568 4276 700 4345 πτωχοῖς,
715 4268 761 4327 καὶ
814 4264 953 4337 offerebat,
967 4278 993 4324 et
1014 4264 1122 4325 dicebat
1143 4267 1200 4326 itti:
1213 4269 1342 4340 Corneli,
1364 4271 1559 4347 eleemosynae
1567 4295 1619 4343 aa,
1634 4307 1670 4342 ro.
1682 4299 1707 4356 ρ,

106 4347 238 4428 ρσσρίρων
251 4352 291 4425 τῷ
305 4350 376 4423 Θεῷ.
394 4345 447 4404 Καὶ
465 4343 540 4414 ποῖός
566 4348 637 4404 ἐστιν
655 4337 761 4414 simeo
814 4358 873 4404 tuae
891 4346 1085 4405 ascenderunt
1107 4351 1139 4405 in
1159 4351 1330 4406 memoriam
1349 4353 1381 4407 εἰι
1403 4364 1558 4432 conspeetu

107 4428 184 4499 ,ἀλλ’
195 4425 213 4497 ἢ
224 4427 295 4494 δτδις
305 4425 454 4507 προσευχὰς
464 4425 509 4484 καὶ
522 4425 569 4493 τὰς
584 4427 762 4503 ἐλεημοσύνας
814 4426 873 4484 Dei
878 4429 892 4481 t
903 4423 939 4483 Et
952 4438 1009 4483 erat
1024 4424 1071 4484 ille
1086 4447 1172 4507 nuper
1194 4427 1417 4507 gentiliszpostea
1437 4451 1512 4509 vero,
1523 4452 1559 4494 ex

107 4529 136 4564 ου
155 4510 194 4587 τῷ
217 4509 280 4587 Θεῷ
301 4508 491 4588 προσενέγκας,
506 4506 553 4564 καὶ
575 4504 657 4565 εἰπὼν
672 4509 760 4588 αὐτῷ·
813 4525 868 4582 quo
879 4504 1009 4582 loquutus
1024 4518 1063 4564 est
1075 4505 1099 4564 ei
1111 4506 1232 4644 εορείυε,
1244 4507 1332 4568 fidelis·
1341 4509 1450 4570 effectus
1462 4516 1558 4586 σείετο

106 4610 134 4659 ε,
146 4589 173 4644 αἱ
188 4585 363 4665 ἐλεημοσύναι
377 4610 423 4646 σου
438 4584 483 4644 καὶ
501 4591 529 4645 αἱ
549 4585 698 4666 προσευχαί
714 4609 759 4645 σου
814 4585 859 4655 sio,
875 4598 989 4665 aooeptae
1010 4586 1119 4645 firmunt
1136 4607 1320 4668 eremosynae.
1342 4587 1451 4659 Quanto
1470 4589 1558 4671 magis

107 4690 120 4724 ν
135 4669 171 4733 είς
187 4667 353 4746 μνημόσυνον
368 4665 477 4725 ἐνώπιον
491 4673 537 4727 τοῦ
551 4668 636 4736 Θεοῦ,
652 4664 705 4725 Καί
727 4657 760 4738 ἦν
815 4677 1088 4746 tuaeacceptaeosunt‚
1101 4687 1164 4727 cum
1174 4666 1313 4726 Christum
1325 4668 1418 4740 amos?

106 4744 261 4817 ινἜλλην·
310 4744 344 4804 τδι
366 4752 444 4807 τούτο
457 4745 498 4819 δί,
519 4748 564 4825 ἀφ’
584 4738 613 4804 οὗ
632 4746 760 4816 ἐλάλησεν

106 4825 224 4906 ίγγελος,
241 4769 459 4906 ίγίίιὶετοπιστὸς,
473 4824 519 4884 καί
539 4824 607 4885 σύτο)
630 4823 760 4904 προσεδί-

116 4905 198 4984 Πύσῳ
216 4906 316 4982 μᾶλλόν
333 4928 379 4966 σου
394 4911 440 4965 τοῦ
455 4905 641 4986 ριλοχρίστου;

106 4985 188 5063 λομεν
202 4985 230 5045 δὲ
241 4985 332 5046 λοιπὸν
347 4984 393 5044 καί
406 4984 466 5051 τοὺς
483 4984 622 5051 πλουσίους
635 5007 761 5064 παρακα-
853 4984 882 5042 5.
893 4985 1010 5043 Domum
1024 5003 1110 5064 operae
1120 4983 1238 5065 pretium
1248 4998 1298 5059 est,
1308 5000 1339 5045 ut
1350 4985 1451 5048 divites
1460 4985 1555 5047 horte·

106 5065 218 5126 ίάλιστα
234 5063 282 5146 μὲν
296 5069 320 5127 οί
339 5066 432 5125 πολλοὶ
454 5063 619 5146 ριλάπτωχοί
636 5067 700 5140 εἰσι,
715 5064 761 5125 κοιλ
814 5083 887 5142 mur,
906 5085 951 5124 eos
964 5064 1084 5124 maxime
1105 5064 1152 5144 qni
1166 5085 1296 5146 pauperes
1318 5065 1448 5147 diligunt,
1467 5081 1493 5128 et
1507 5088 1556 5128 suo

106 5253 145 5308 vil.
159 5263 185 5309 io·
199 5270 244 5309 τῶν
254 5260 334 5323 ὅλων]
