3728 5978
241 389 309 484 738
595 421 624 468 s.
650 420 792 474 soanurs
818 425 1001 476 cnnnsosr.
1031 425 1187 476 incarne.
1216 421 1491 475 nonsrsunnor.

236 533 442 616 eleemosynam,
455 538 501 598 sed
515 561 577 601 oum
591 543 748 608 hilaritate:
762 548 835 609 sicet
843 550 983 610 caritatem
1037 549 1141 624 ἅπλῶς,
1149 547 1217 611 ἀλλά
1229 547 1279 622 τὴν
1290 540 1482 628 ἀνυπόκριτον·
1495 542 1563 607 ἐπεὶ
1576 542 1627 604 καί
1636 547 1717 603 τοῦτο
1725 543 1807 624 ἀγάπη·

236 645 290 727 nen
302 625 471 707 simpliciter,
482 631 531 691 sed
543 634 842 719 absquesimulatione;
857 641 984 701 namhoc
1035 638 1086 701 κᾶν
1098 646 1176 700 τοῦτο
1187 638 1416 720 γένηται,πάντα
1435 637 1473 697 eh
1487 637 1566 697 ἀλλα
1579 635 1690 695 ἕπεται.
1709 637 1809 720 Καὶγλ,
1852 690 1858 727 γ

235 712 343 775 dilectio
362 732 401 775 est
424 745 432 777 ι
449 722 472 778 εἰ
494 723 545 782 hoc
567 727 628 801 fiat,
647 729 701 785 alia
719 732 810 789 omnia
827 747 981 809 sequentur.
1036 731 1153 803 δέλεῶν,
1168 732 1266 812 ἱλαρῶς
1277 732 1359 789 ἐλεεῖ·
1373 731 1463 809 ίαυτῷ
1476 726 1536 808 γάρ
1551 727 1724 787 δίδωσι·καλ
1735 733 1810 807 lapat-

235 803 344 865 Etenim
356 808 403 885 qui
415 809 596 887 miserebitur,
609 816 733 879 hilariter
744 820 934 899 miserebitur;
945 822 984 882 si·
1036 821 1178 899 στάμενος,
1194 820 1343 889 σπουδαίως
1360 819 1549 901 προΐσταται·
1568 822 1672 878 ἑαυτοῦ
1689 818 1740 899 γδρ
1754 822 1810 898 epi

164 934 167 939 .
206 935 209 943 ,
234 894 263 998 hi
277 897 348 956 enim
356 897 410 978 ipsi
422 900 471 962 dat
483 927 490 960 ε
508 918 535 964 et
548 908 596 985 qui
608 911 726 990 praeerit,
743 911 889 993 diligenter
898 935 983 995 praee-
1036 936 1149 974 σταται·
1160 915 1228 975 καλό
1237 912 1405 993 μεταδιδοὺς,
1414 913 1486 988 μετὰ
1500 911 1654 992 δαψιλείας
1664 917 1811 972 raama·

234 999 284 1062 τη,
309 987 363 1047 sihi
382 991 454 1053 enim
472 994 525 1078 ipsi
535 999 662 1079 praeerit:
679 1003 764 1082 etqui
777 1005 917 1084 largietur,
932 1027 982 1066 co·
999 1019 1018 1066 Β
1036 1006 1123 1084 ἑαυτῷ
1136 1003 1321 1087 γόιρπαρέχει.
1337 994 1407 1064 Elea
1423 1004 1522 1076 ἐπειδή
1535 1008 1599 1065 ἐστι
1619 1004 1671 1063 καλ
1686 1004 1771 1082 ἀγάπα1
1782 1008 1811 1064 et

235 1077 309 1182 piose
320 1078 349 1184 id
369 1083 464 1163 saciet,
485 1088 539 1148 sihi
550 1092 623 1152 enim
637 1094 779 1173 praebebit.
794 1096 900 1156 Deinde
910 1118 982 1175 quo·
1035 1104 1160 1176 πονηροῖς
1175 1094 1340 1176 πράγμασιν,
1355 1095 1431 1170 οίαὴ
1452 1099 1511 1154 τῶν
1533 1094 1706 1154 ἀκολάστων
1723 1096 1811 1169 ledat

234 1189 308 1230 nram
318 1192 346 1230 tn
354 1175 433 1235 malis
445 1178 526 1240 etiam
533 1183 614 1242 rebus
621 1184 732 1246 dileetio
744 1201 794 1263 est,
805 1201 836 1247 ut
846 1189 894 1247 illa
905 1187 984 1248 lasci·
1035 1190 1088 1246 τῶν
1102 1186 1146 1246 trel
1158 1186 1291 1267 χρήμασι
1301 1186 1347 1246 καὶ
1366 1189 1508 1268 ἁρπαγαῖς
1523 1185 1730 1265 ὁμονοούντων,
1746 1194 1762 1260 ἡ
1776 1193 1812 1247 τιῖι

234 1280 342 1341 vorum,
356 1285 503 1348 eorumque
517 1273 564 1351 qui
587 1275 615 1333 in
628 1277 751 1357 pecuniis
765 1292 792 1338 et
812 1279 916 1360 rapinis
930 1301 984 1339 una
1036 1278 1081 1338 έπὶ
1093 1277 1186 1354 μίθαις
1200 1277 1246 1338 καί
1267 1279 1442 1356 συμποσίοις,
1459 1278 1668 1360 ’ἐκκαθαίρων
1686 1280 1764 1353 αἰνὴν
1776 1282 1813 1343 lsi

236 1357 407 1419 consentiunt
414 1386 424 1440 3
432 1361 528 1424 eorum
537 1388 645 1446 quoque
655 1371 702 1449 qui
709 1370 738 1430 in
745 1372 873 1431 ebrietate
883 1385 910 1431 et
922 1393 984 1431 con·
1035 1371 1146 1445 τούτων,
1160 1370 1254 1450 ρησίν·
1269 1369 1495 1450 Ἀποσπνγοῢντες
1506 1371 1543 1431 τδ
1564 1371 1702 1452 πονηρόν.
1719 1373 1767 1432 Kal
1780 1376 1813 1433 sla

237 1447 323 1510 vitiis
338 1475 345 1508 ι
358 1451 429 1514 hanc
440 1456 541 1519 abillis
557 1461 685 1539 avellens,
696 1462 735 1527 ait
747 1487 754 1520 :
768 1465 907 1525 Odientes
921 1487 984 1524 ma-
1037 1453 1120 1537 είπεν,
1142 1461 1319 1542 ἀπεχόμενοι,
1331 1462 1417 1535 ἀλλὰ,
1434 1468 1604 1541 μισοῦντες,
1621 1462 1673 1523 καί
1686 1465 1737 1544 οθγ
1745 1466 1813 1531 teti<

238 1541 309 1602 lum.
321 1542 382 1602 Non
396 1544 482 1627 dixit,
497 1550 692 1613 Abstinentesa
707 1554 791 1628 malo,
802 1554 862 1631 sed,
879 1557 984 1615 Odien-
1038 1559 1188 1634 μισοῦντες,
1198 1555 1266 1614 ἀλλά
1280 1554 1326 1613 καὶ
1342 1553 1444 1636 σρόδρα
1457 1562 1621 1632 μισοῦντες.
1634 1555 1680 1615 Τό
1691 1555 1752 1636 γδρ,
1763 1556 1813 1629 ἀπὸ,

238 1645 281 1694 tes
291 1636 404 1695 malum
413 1662 421 1715 ς
430 1640 642 1724 neosimpliciter
653 1644 860 1724 Odientes,sed,
871 1647 985 1707 Admo-
1037 1652 1129 1720 τοῦτο,
1143 1648 1280 1724 πολλαχοῦ
1294 1644 1442 1713 ῖπιτάσειίνς
1456 1647 1521 1705 ἐστι
1532 1648 1605 1727 παρ’
1623 1648 1716 1727 αὐτῷ·
1730 1646 1813 1714 ιἰςότει

238 1727 309 1786 dum
319 1729 460 1790 odientes.
476 1732 548 1793 Nam
562 1736 716 1816 praepositio
729 1737 782 1798 ἀπό
794 1738 884 1798 verbis
892 1738 985 1799 addita
1037 1739 1102 1819 λέγῃ
1117 1736 1342 1817 ἀποκαραδοκίαν,
1352 1736 1397 1797 καλ
1410 1740 1660 1820 ἀπεκδεχόμενοι,
1675 1740 1723 1799 καλ
1737 1741 1815 1800 ἀπαλέ-

238 1816 297 1878 vim
306 1819 382 1879 verbi
396 1825 581 1902 augetavelut
592 1847 655 1885 cum
666 1827 745 1905 dicit,
761 1831 985 1910 ἀποκαραδοκίαν,
1037 1853 1144 1911 τρωσιν.
1159 1828 1270 1900 Ἐπειδὴ
1292 1828 1344 1909 γάρ
1366 1830 1462 1889 πολλοὶ
1484 1830 1536 1889 καλ
1557 1830 1601 1910 μὴ
1628 1830 1815 1913 etfama

239 1911 457 1993 ἀπεκδεχόμενοι,
471 1929 497 1975 et
509 1917 702 2000 ἀπολύτρωσιν.
715 1921 788 1993 Quia
807 1922 878 1983 enim
895 1925 984 2001 multi,
1001 1946 1021 1995 c
1039 1919 1128 1997 κακά,
1141 1919 1213 1999 όμιυς
1225 1919 1274 1993 τὴν
1295 1919 1438 1998 ἐπιθυμίαν
1460 1922 1558 1980 αὐτῶν
1574 1921 1697 2003 ἔχουσι,
1708 1922 1748 1982 δεά
1758 1930 1815 1982 τοῖσι

240 2001 289 2082 qui
301 2003 374 2063 mala
389 2025 442 2066 non
456 2022 621 2089 perpetrant,
644 2033 736 2073 eorum
755 2028 843 2073 umen
857 2017 985 2098 concupi·
1039 2003 1121 2086 εἶπεν,
1137 2012 1365 2092 Ἀποστυγοῧντες.
1379 2011 1464 2079 net<
1487 2012 1547 2092 γδιρ
1569 2014 1625 2073 καὶ
1650 2014 1704 2086 she
1722 2015 1815 2074 διάνυω

240 2094 369 2155 scentiam
384 2095 483 2159 habeut
499 2123 506 2158 ε
521 2099 581 2162 ideo
602 2100 685 2178 dixit,
699 2104 870 2164 Admodum
882 2108 985 2167 odien-
1039 2103 1194 2187 καθαρεύειν
1209 2102 1348 2184 βούλεται,
1361 2103 1408 2163 καὶ
1428 2102 1539 2176 πολλὴν
1554 2111 1639 2184 ἡμᾶς
1655 2107 1752 2188 ἔχθραν
1763 2107 1814 2186 ίχειι

241 2191 370 2254 tes-Vult
384 2193 457 2254 enim
469 2195 517 2256 ille
529 2211 560 2256 ut
572 2219 658 2279 purus
668 2198 703 2258 sit
716 2198 831 2277 animus,
844 2214 926 2280 utque
938 2223 985 2261 ne-
1038 2195 1104 2275 πρός
1117 2194 1166 2268 τὴν
1185 2194 1292 2269 κακίαν,
1305 2193 1351 2254 καί
1372 2204 1452 2274 μῖσος
1470 2195 1522 2255 καλ
1546 2196 1691 2276 πόλεμον.
1711 2199 1757 2268 Μὴ
1771 2199 1814 2278 γλρ,

240 2281 356 2362 quitiam
368 2283 431 2345 odio
443 2300 477 2355 ,et
502 2287 645 2348 inimicitia
665 2310 761 2368 magna
776 2311 983 2371 prosequamur,
1038 2285 1130 2360 ἐπειδὴ
1143 2277 1226 2362 εἷπον,
1240 2285 1329 2367 ρησλν,
1345 2285 1520 2366 Ἀγαπήαατε
1535 2289 1701 2362 ἀλλήλους,
1713 2289 1813 2366 νομίσητε

241 2389 268 2438 et
285 2375 484 2458 impugnemus.
508 2381 601 2458 Neque
624 2380 696 2440 enim
716 2381 780 2459 quia
800 2381 983 2461 dixi,·inquit,
1039 2377 1122 2460 μέχρι
1135 2377 1228 2439 τούτου
1241 2379 1336 2458 λέγειν,
1358 2383 1395 2446 ὡς
1417 2378 1464 2437 καὶ
1477 2381 1508 2438 ἐν
1533 2389 1597 2447 τοῖς
1621 2390 1750 2464 πονηροῖς
1767 2405 1814 2458 ειμ-

241 2467 366 2548 Diligite
375 2473 510 2546 invicem,
524 2471 675 2552 putetisme
684 2470 713 2530 id
721 2471 818 2546 dicere,
833 2472 898 2532 utin
907 2473 985 2534 malis
1038 2469 1163 2551 πράττειν
1184 2470 1322 2543 ἀλλήλοις·
1338 2468 1488 2531 τούναντίον
1513 2470 1571 2552 γάρ
1593 2473 1676 2532 ἅπαν
1689 2476 1813 2550 saaca·

240 2558 322 2620 rebus
340 2573 462 2623 mutuam
487 2561 556 2622 detis
577 2584 687 2644 operam
709 2586 716 2621 ε
736 2585 800 2623 nam
821 2564 985 2625 contrarium
1039 2562 1069 2621 οὗ
1080 2559 1159 2639 μόνον
1174 2565 1223 2634 τῆς
1237 2559 1380 2642 πράξεως,
1399 2560 1469 2620 ἀλλά
1491 2562 1543 2621 καί
1558 2567 1615 2634 τῆς
1629 2563 1768 2631 διαθέσεως
1781 2567 1813 2633 εἰς

240 2674 352 2736 pronus
362 2669 461 2732 statuo,
471 2656 645 2718 utamalitia
660 2678 713 2717 non
730 2657 819 2718 solum
842 2658 987 2740 opere,sed
1039 2652 1101 2733 περὶ
1118 2651 1168 2724 τὴν
1190 2652 1286 2713 κακίαν
1304 2651 1441 2733 ἀλλότριον
1461 2644 1553 2727 εἶναι,
1566 2655 1622 2713 καὶ
1636 2659 1670 2716 οὗ
1693 2656 1766 2734 μόνον
1781 2661 1813 2726 τῖε

240 2745 430 2808 etiamaffectu
454 2748 535 2809 alieni
548 2769 659 2831 prorsus
669 2747 745 2824 sitis;
761 2767 809 2806 nec
828 2750 909 2807 modo
917 2751 985 2807 uffe-
1040 2743 1182 2811 διαθέσεως
1192 2747 1272 2816 αὐτῆς
1283 2744 1419 2825 ἀλλότριον
1430 2735 1609 2816 simmia
1622 2746 1674 2807 καί
1688 2751 1745 2825 μεθ’
1756 2754 1813 2826 hup
1856 2778 1858 2787 ·

239 2851 285 2899 ctu
298 2838 380 2900 alieni
390 2840 460 2918 sitis,
476 2840 521 2900 sed
542 2840 623 2900 etiam
637 2840 712 2900 illam
725 2860 832 2900 summo
849 2838 912 2900 odio
923 2861 981 2921 pro
1040 2831 1121 2905 ὅολῆς
1135 2835 1218 2905 αὐτὴν
1230 2835 1441 2918 ἀποστρέφεσθαι
1457 2834 1507 2895 καὶ
1520 2847 1632 2914 μισεῖν.
1647 2841 1706 2899 Καὶ
1721 2841 1766 2898 οιά
1779 2843 1813 2920 ἀρ·

240 2930 390 3010 sequemini
400 2945 426 2992 et
438 2932 609 2992 aversemini.
622 2933 715 3010 Neque
734 2931 787 2991 hoc
811 2931 876 2990 satis
885 2931 987 2992 habens
1003 2945 1023 2992 1)
1041 2934 1126 2985 κεῖται
1135 2924 1208 3007 μόνῳ
1218 2925 1320 3007 τούτῳ,
1330 2923 1399 2985 ἀλλά
1409 2926 1455 2985 καὶ
1465 2928 1518 2998 τὴν
1530 2933 1584 3000 τῆς
1596 2932 1813 3012 ἀριιῆςέργασίαι

240 3021 352 3096 ΡαυΙυε,
367 3024 477 3083 virtutis
485 3045 565 3106 opera
576 3023 681 3083 inducit
693 3023 738 3082 his
752 3023 861 3085 verbis:
876 3024 988 3084 Λάδα·
1040 3015 1158 3097 Ἶπάγει
1176 3018 1279 3097 λέγων·
1291 3015 1461 3095 Κολλύνμενοι
1481 3021 1524 3100 τῷ
1545 3023 1661 3103 ἀγαθῷ.
1680 3025 1739 3082 Οὐκ
1758 3013 1813 3092 elas,

240 3125 337 3174 rentes
348 3118 428 3174 bono.
444 3117 504 3175 Non
518 3114 601 3190 dixit,
623 3117 743 3174 Tantum
754 3113 895 3191 facientes,
907 3114 988 3175 sedet
1040 3115 1173 3176 ποιῶντες
1184 3107 1273 3186 μόνον,
1287 3108 1415 3168 ἀλλὰκαὶ
1432 3109 1628 3187 διακείμενοι·
1641 3119 1724 3174 τοῦτο
1739 3113 1813 3193 gipes·

240 3205 338 3266 affectu
362 3222 550 3288 prosequentes
564 3232 570 3264 :
583 3208 636 3267 hoc
658 3206 729 3265 enim
747 3205 905 3282 declaravit,
926 3229 988 3266 cum
1041 3201 1163 3261 κελεῦσαι
1176 3204 1319 3260 κολλᾶσθαι
1337 3199 1477 3271 ἐδήλωσεν.
1487 3200 1576 3261 otro
1592 3205 1673 3264 καλό
1686 3206 1754 3272 Θεὸς
1765 3229 1813 3263 αα-

238 3300 324 3382 jussit
341 3301 481 3361 adherere
506 3302 587 3364 bono
612 3302 653 3359 lta
675 3313 702 3359 et
724 3301 797 3358 Deus
817 3320 879 3357 cum
896 3300 988 3360 virum
1041 3291 1131 3350 ἄπτων
1150 3293 1194 3351 τὸν
1209 3292 1292 3373 ἄνδρα
1312 3293 1345 3369 τῇ
1367 3291 1486 3370 γυναικί,
1503 3295 1603 3374 ἔλεγε·
1620 3298 1814 3378 Προσκολλνθιζ·

94 3409 150 3452 Ger.
163 3409 232 3469 ειη.
242 3393 350 3453 mulieri
364 3396 548 3474 conjungeret,
564 3391 683 3467 dicebat,
708 3392 883 3450 Addoerebit
901 3398 988 3451 uxori
1041 3407 1115 3444 σεται
1128 3383 1180 3464 γὰρ
1194 3384 1260 3463 πρὸς
1274 3382 1323 3454 τὴν
1336 3392 1449 3462 γυναῖκα
1468 3388 1560 3445 αὐτοῦ.
1577 3379 1656 3448 Eira
1679 3391 1727 3450 καὶ
1748 3392 1815 3455 αἰτίας

242 3505 308 3544 suoe.
325 3485 430 3544 Deinde
442 3506 535 3545 causas
547 3484 626 3556 dicit,
642 3483 679 3542 oh
688 3504 755 3560 quas
769 3482 899 3541 debemus
918 3485 989 3544 alius
1040 3475 1128 3554 λέγει,
1140 3476 1173 3534 δι’
1188 3475 1219 3543 ἃς
1233 3474 1371 3554 ὄφείλομεν
1390 3475 1521 3547 ἀλλήλους
1544 3482 1675 3562 ἀγαπᾷν,
1696 3485 1740 3563 Τῇ
1759 3486 1817 3562 pile

242 3571 329 3648 alium
343 3569 466 3649 diligere.
486 3572 533 3629 10.
551 3572 684 3629 Caritate
699 3572 843 3651 fraterna
865 3574 987 3630 invicem
1041 3564 1135 3648 lthpiq
1159 3569 1196 3633 είς
1217 3564 1347 3636 ἀλλήλους
1370 3566 1550 3649 φιλόστοργοι·
1576 3570 1723 3652 Ἀδελφοί,
1744 3572 1817 3652 eavit

244 3663 409 3744 diligentes.
427 3664 542 3736 Fratres,
563 3661 663 3739 inquit,
678 3660 753 3738 estis,
762 3673 789 3720 et
801 3659 908 3721 eosdem
924 3684 988 3742 par·
1041 3655 1100 3716 ἐστέ
1110 3702 1119 3730 ,
1129 3657 1175 3716 καί
1187 3655 1234 3724 τὰς
1254 3657 1349 3723 ὠδῖνας
1370 3656 1480 3716 ἐλύσατε
1496 3658 1546 3726 τὰς
1561 3662 1670 3729 αι’ντάς·
1680 3665 1773 3723 οὐκοῦν
1783 3664 1817 3720 καὶ

243 3769 288 3816 tus
301 3756 421 3817 solvistis
435 3779 442 3811 ε
457 3753 574 3832 ideoque
587 3755 693 3834 justum
706 3767 774 3813 esset
795 3767 826 3812 ut
836 3776 884 3816 vos
893 3770 988 3815 mutuo
1042 3751 1085 3808 &h
1099 3756 1176 3810 τοῦτο
1187 3749 1283 3808 δίκαιοι
1292 3748 1323 3808 ἂν
1336 3749 1406 3822 εἴητε
1419 3753 1503 3828 ριλεῖν
1521 3754 1675 3824 ἀλλήλους·
1687 3759 1716 3815 Τ
1717 3763 1774 3815 α’πο
1785 3755 1818 3813 καὶ

244 3846 404 3930 diligeretis.
419 3846 476 3905 Hoc
483 3860 509 3904 et
522 3847 633 3926 Moyses
650 3844 757 3904 dicebat
771 3843 815 3920 iis,
838 3847 885 3924 qui
904 3847 932 3908 in
944 3847 989 3908 AE·
1041 3842 1159 3914 Μωῦσῆς
1170 3841 1243 3922 ἔλεγε
1257 3849 1311 3909 τοῖς
1329 3845 1355 3900 ἓν
1374 3841 1504 3924 Αἰγύπτῳ
1519 3847 1696 3924 μαχομένοις
1708 3872 1715 3884 ·
1728 3847 1819 3927 didaci

163 3994 170 4008 ,
199 3992 206 4008 ,
245 3951 331 4019 gypto
340 3936 525 3996 altercabant:
542 3937 650 3994 Fratres
667 3934 806 4011 estis5cur
817 3934 896 3994 vobis
911 3936 986 4016 inju-
1004 3946 1024 3994 E
1042 3935 1114 4009 ἕστε,
1128 3933 1171 3993 ίνα
1188 3933 1214 3994 τί
1237 3937 1352 3994 ἀδικεῖτε
1366 3935 1510 4006 ἀλλήλουςς
1525 3934 1622 3997 Ὅταν
1638 3940 1692 4018 μὲν
1708 3933 1752 4000 σόν
1770 3940 1818 4019 περὶ

127 4053 134 4068 ·
245 4027 318 4091 riam
332 4043 426 4088 mutuo
440 4025 563 4086 infertis?
587 4024 703 4098 Quando
718 4025 803 4105 igitur
816 4023 850 4084 de
871 4026 989 4086 externis
1040 4030 1094 4085 τῶν
1110 4025 1161 4094 ἔξω
1174 4025 1301 4105 λε’γη,Εί
1315 4027 1433 4101 δυνατὸν,
1445 4027 1476 4085 τὸ
1486 4025 1513 4095 ἐξ
1527 4031 1620 4105 ὑμῶν,
1637 4033 1711 4110 μετὰ
1726 4034 1817 4092 πάντων

242 4121 322 4200 dicit,
332 4121 503 4200 sieloquitur
518 4142 525 4174 ι
539 4119 570 4178 Si
581 4119 656 4199 fieri
674 4131 778 4196 potest,
798 4133 941 4198 quantum
957 4123 989 4176 in
1042 4116 1186 4198 ἀνθρώπων
1202 4117 1379 4199 εεἰρηνεύετε,
1392 4116 1485 4198 ρησίν·
1501 4119 1564 4178 ὅταν
1585 4121 1617 4180 δὲ
1641 4124 1710 4204 περὶ
1722 4128 1773 4182 τῶν
1785 4126 1818 4182 ei·

242 4219 330 4277 vobis
341 4229 396 4292 est,
408 4237 474 4275 oum
485 4217 622 4273 omnibus
632 4215 799 4272 dominibus
813 4234 916 4291 paoem
936 4214 988 4270 ha·
1041 4208 1118 4268 κείων
1133 4208 1301 4288 διαλέγηται,
1317 4211 1550 4292 ylifipiladeltplq,
1565 4215 1666 4293 φησὶν,
1682 4221 1723 4283 εἰς
1742 4216 1815 4285 ἀλλή-

164 4332 173 4342 ·
243 4309 338 4366 betote
354 4329 364 4362 .·
379 4305 489 4384 qnando
512 4318 602 4363 autem
625 4301 661 4361 de
687 4304 743 4362 suis
766 4303 832 4381 agit,
856 4304 990 4361 Caritate
1041 4302 1100 4366 λους
1115 4299 1379 4383 ριλόστοργοι.Ἐκεῖ
1394 4301 1441 4380 μὲν
1457 4303 1551 4383 γὰρτὸ
1565 4304 1608 4381 μὴ
1631 4307 1773 4388 μάχεσθαι
1784 4312 1818 4377 tr,-

234 4399 391 4480 sratema,
405 4397 507 4474 inquit,
522 4399 647 4453 invicem
667 4395 830 4473 diligentes.
843 4392 905 4451 Illic
916 4395 989 4453 enim
1041 4400 1097 4467 τεῖ,
1108 4391 1175 4470 μηδὲ
1188 4403 1274 4471 μισεῖν
1295 4392 1341 4452 κοιλ
1362 4395 1595 4475 ἀποστρέφεσθαι·
1608 4401 1732 4460 ἐνταῦθα
1746 4399 1819 4460 δὲκαὶ

244 4487 355 4570 expetit,
381 4500 411 4545 ut
435 4508 487 4546 non
512 4505 664 4567 pugnemus
689 4505 737 4543 nec
755 4482 818 4542 odio
844 4484 990 4543 habeamus
1042 4484 1073 4545 τὸ
1083 4487 1179 4565 ριλεῖν,
1193 4486 1238 4545 καί
1249 4488 1300 4566 οὐχ
1316 4488 1408 4553 ἁπλῶς
1426 4490 1521 4568 ριλεῖν,
1537 4488 1611 4548 ἀλλὰ
1627 4491 1677 4551 καὶ
1702 4493 1820 4572 στέργειν,

243 4582 470 4656 relevarentur,
480 4578 525 4637 hic
539 4598 603 4638 vero
614 4591 644 4635 ut
653 4597 782 4652 amemus,
796 4597 845 4635 nec
858 4577 989 4658 simplici·
1044 4578 1084 4636 Οὐ
1103 4574 1155 4658 γδρ
1168 4576 1200 4648 δὴ
1212 4576 1300 4656 μόνον,
1315 4578 1404 4658 ρησλν,
1422 4578 1599 4660 ἀνυπόκριτον
1620 4573 1694 4641 εἶναι
1716 4585 1770 4665 γρί,
1783 4584 1822 4651 τόν

244 4685 285 4731 ter
299 4682 331 4729 ut
344 4688 473 4741 amemus,
488 4665 537 4726 sed
555 4663 637 4723 etiam
660 4663 758 4722 affectu
784 4665 987 4745 amplectamur.
1044 4668 1160 4748 ἀγάπην,
1175 4668 1244 4728 ἀλλά
1257 4670 1303 4728 καὶ
1316 4671 1508 4749 ἐπιτεταμένην
1523 4672 1569 4730 καὶ
1586 4674 1696 4757 θερμὴν
1715 4652 1764 4736 καὶ
1776 4679 1822 4734 διά-

244 4763 304 4822 Non
316 4760 404 4821 solum
423 4758 505 4834 enim,
524 4754 620 4835 inquit,
635 4767 739 4834 oportet
762 4776 815 4815 non
838 4755 990 4816 simulatam
1044 4783 1135 4839 πυρον.
1152 4760 1189 4818 Τί
1209 4759 1261 4840 γδρ
1283 4762 1387 4843 όρελος,
1402 4761 1432 4819 ἀν
1446 4768 1552 4843 ἀγαπᾷς
1577 4764 1630 4841 μὲν
1653 4768 1777 4840 ἀδολως,
1792 4767 1822 4843 μό,

244 4873 301 4912 esse
313 4851 496 4925 dilectionem,
513 4847 559 4908 sed
576 4846 717 4920 intensam,
739 4847 899 4924 ferventem,
918 4847 990 4926 igni·
999 4900 1034 4939 6,,
1044 4852 1147 4931 θερμῶς
1159 4849 1186 4911 δὲ
1201 4853 1321 4932 ἀγαπᾷς,
1337 4853 1385 4912 Διὸ
1403 4853 1448 4912 καλ
1464 4844 1546 4929 εἶπεν,
1561 4858 1612 4925 Εἰς
1634 4860 1773 4931 ἀλλήλους
1787 4885 1822 4938 'd‘

245 4955 309 5001 tam.
322 4944 391 5017 Quae
399 4942 471 5001 enim
488 4939 600 5014 utilitas,
615 4935 715 5017 inquit,
735 4937 758 4997 si
780 4959 854 4998 amas
879 4938 989 5016 quidem
1009 4940 1196 5022 Λλόσεοργοι·
1210 4943 1345 5018 τουτέστι,
1361 4944 1405 5003 καί
1423 4949 1525 5026 θερμῶς
1545 4946 1692 5025 φίλει.Μὴ
1710 4953 1773 5030 μένε
1789 4975 1822 5030 ρι-

1854 964 1858 1019 ί

280 5141 289 5164 ¹
308 5124 352 5175 Alii
367 5133 490 5195 καθαίρων.
1057 5121 1134 5173 reuda
1147 5120 1254 5173 ridetur.

281 5205 293 5242 b
311 5203 387 5254 sarit.
408 5204 433 5254 in
447 5220 526 5270 marg.
547 5201 809 5267 [eth.]tiao'17u,quae
828 5199 903 5251 lectio
921 5199 1007 5266 μνεία·
1086 5218 1096 5240 c
1115 5202 1161 5266 [Α.
1175 5205 1339 5271 sinuatione]
