3728 5978
726 120 770 166 DE
797 118 996 168 nantaurli.

71 237 141 317 ἡμῖν
153 243 199 298 τοῦ
209 236 320 297 θανάτου
334 236 459 321 ποτήριον
472 238 635 299 ἐπικίνδυνόν
645 241 721 314 ἐστι,
735 240 808 322 παρδ
820 242 848 303 dl

10 316 44 355 ’ί
72 326 132 385 Ιτοῖς
150 317 255 388 νηπίοις
274 316 421 397 σωτήρων·
440 316 486 377 καί
505 318 537 377 τὸ
553 317 627 398 παρὰ
645 328 713 379 πᾶσι
730 322 848 403 φρικτόν,

18 398 43 433 ‘³'
70 395 148 455 ἐστιν
172 396 280 462 ἐκείνοις
301 394 453 457 ἐπαινετόν·
466 396 513 456 καὶ
526 395 593 479 ὅπερ
603 402 688 476 ἡμεῖς
700 399 797 479 ἔχομεν
812 404 849 467 τίς

10 480 42 517 '¹⁸
72 473 164 556 ἀρχὴν
183 480 231 546 τῆς
249 476 305 534 ἐκεῖ
324 475 468 556 τιμωρίας,
489 476 546 536 ἐστι
565 477 630 556 παρ’
648 476 756 547 ἐκείνοις
776 480 847 561 ἀρχή

10 544 41 599 Η
73 552 221 631 σωτηρίας.
242 552 328 634 Ὑπίρ
348 552 417 652 τίνος
435 555 488 633 γάρ
508 556 715 633 λογοθττηθῶσιν
736 561 760 618 ol
780 558 847 637 μηδί

10 644 40 663 ’μ

10 666 40 681 -ιι

72 631 144 698 ὅλως
164 633 296 712 ἁμαρτίας
314 632 451 709 δεξάμενοι
463 643 572 712 πεῖραν;
597 634 665 717 ὑπὲρ
677 636 746 704 τίνος
760 661 847 715 τιμω-

10 724 37 759 ²·
73 714 192 791 puduisse
213 714 237 768 οἱ
253 714 334 771 καλοῦ
350 711 368 782 ἢ
382 719 465 771 κακοῦ
482 717 577 793 γνῶσιν
593 712 630 790 μή
642 715 794 794 φθάνοντεςς
807 717 846 776 Ὦ

15 890 37 925 =:
73 868 208 950 άφθόρων,
222 870 291 949 ἀργή
305 875 352 939 τῆς
365 871 446 938 όντως
457 873 525 942 ζωῆς
540 871 646 930 αἰωνίου
660 874 830 952 ὑπαρχούσης
839 900 845 912 ·
854 913 890 951 „2
901 873 948 947 sio,
962 872 1072 930 bicerat
1081 871 1346 947 facultatumbaeres‚

73 790 214 869 μακαρίων
225 792 327 860 νηπίων
345 791 464 870 μακαρία
474 792 545 863 καίή
557 793 692 867 κοίμησις·
705 793 847 862 ιδθάνατος

1580 103 1650 195 903

904 238 1014 300 initium
1022 236 1196 313 talqutu
1204 237 1488 307 enimderetntienes
1496 240 1650 324 redderent,

902 319 950 397 qui
965 339 1052 397 neque
1063 328 1205 399 peomnm
1217 318 1326 400 experti
1340 318 1426 381 sunt?
1438 340 1492 401 qua
1503 316 1539 381 de
1552 343 1582 381 re
1594 345 1652 403 pu-

901 399 1035 473 nirentur,
1051 396 1097 474 qui
1109 416 1159 463 neo
1171 396 1237 457 boni
1252 418 1302 457 neo
1311 396 1378 457 mali
1391 397 1517 459 notitiam
1526 399 1650 465 habent?

901 481 928 537 0
938 476 1080 536 beatorum
1089 474 1234 537 tutantium
1242 475 1321 537 beata
1336 475 1428 540 mors!
1443 500 1545 539 omors
1557 480 1651 541 ineor-

900 571 1055 636 ruptorum,
1066 575 1130 615 vere
1143 554 1251 614 initium
1266 554 1330 615 vitae
1343 571 1449 617 aeternae
1463 556 1472 619 l
1488 579 1505 617 o
1519 558 1584 618 linis
1597 560 1651 621 ini-

902 634 969 696 tium
988 633 1149 693 immortalis
1168 633 1261 712 gaudii
1272 631 1280 692 ί
1291 634 1345 695 Sed
1359 635 1427 714 quid
1441 634 1537 697 dicunt
1555 639 1646 718 pusil-

901 712 1148 783 lenimentum,
1178 713 1269 785 aiunt,
1293 714 1360 772 mibi
1387 728 1443 773 erat
1472 716 1648 794 unigenitus,

900 793 1033 851 formosus
1047 806 1073 851 et
1090 790 1208 869 nobilis3
1224 793 1269 850 hie
1283 807 1341 851 erat
1355 793 1462 929 generis
1477 798 1531 854 mei
1544 817 1649 857 suooes·

1381 894 1405 930 re
1416 894 1444 930 ιιι
1453 893 1567 933 moerore
1580 896 1649 935 eon-

10 970 36 1005 :t
71 945 189 1014 ὣτίλος
208 938 278 1029 ἀρχή
292 949 464 1020 ἀτελευτήτου
477 960 572 1030 χαρᾶς.
595 950 673 1009 Ἀλλὰ
689 949 716 1010 τί
731 976 809 1031 φασιν
822 959 846 1014 οἱ
863 969 883 1014 Α
900 951 1007 1025 solario,
1029 951 1074 1009 hie
1095 950 1239 1009 senectutis
1260 971 1326 1009 mea)
1346 950 1469 1024 baculus,
1483 950 1531 1011 bic
1552 954 1649 1045 patriae

470 1030 477 1050 “
900 1029 996 1103 gloria,
1007 1029 1054 1087 bic
1062 1028 1163 1087 radicis
1176 1049 1241 1087 meae
1255 1050 1357 1105 ramus,
1370 1043 1443 1088 totus
1452 1030 1650 1113 sormajucun·

899 1107 962 1180 dus,
976 1121 1049 1167 totus
1069 1107 1154 1185 mitis,
1171 1106 1276 1183 dexter,
1291 1108 1454 1183 affabilis,et
1474 1108 1532 1169 suis
1549 1111 1649 1190 pariter

899 1201 980 1265 atque
993 1188 1128 1246 extraneis
1141 1186 1267 1245 amabilis
1278 1200 1336 1245 tum
1348 1186 1513 1261 ridentibus,
1525 1200 1586 1249 tum
1596 1212 1649 1251 au-

899 1265 1046 1326 dientibus.
1060 1266 1111 1323 llic
1123 1266 1185 1324 talis
1197 1286 1259 1323 eum
1270 1279 1347 1340 esset,
1358 1278 1466 1403 repente
1474 1286 1510 1325 ex
1520 1270 1648 1329 manibus

10 1356 26 1413 i

10 1542 30 1573 t!

72 1026 229 1106 όλιγόμυχοι
240 1052 248 1099 3
260 1029 329 1094 Παῖς
351 1051 405 1105 μοι,
417 1051 505 1108 φησιν,
520 1032 624 1109 ὑπῆρχε
635 1030 776 1109 μονογενής
790 1032 846 1111 ἅμα

71 1106 121 1164 καί
134 1105 235 1177 εὐειδὴς
255 1106 299 1164 καὶ
318 1107 437 1185 εὐγενής·
459 1100 533 1173 οὗτος
548 1101 580 1180 ἧν
594 1114 640 1166 τοῦ
654 1111 719 1185 ἐμοῦ
728 1110 844 1187 γίνουςή

71 1184 202 1264 διαδοχή,
223 1176 297 1252 οὗτος
317 1176 349 1255 ήν
370 1190 417 1257 τῆς
438 1186 528 1255 οὐσίας
540 1191 554 1245 ὁ
568 1187 747 1268 κληρονόμος,
772 1182 846 1258 οὗτος

70 1267 122 1334 τῆς
132 1266 199 1340 ἐμῆς
210 1264 347 1339 άθυμίαςή
361 1264 516 1345 παραμυθία
527 1311 535 1339 ,
546 1257 620 1331 οὗτός
634 1290 683 1343 μου
696 1258 729 1338 ήν
741 1276 787 1328 τοῦ
795 1270 847 1348 γή-

72 1364 134 1423 ρους
156 1347 173 1412 ή
197 1342 345 1421 βακτηρία,
366 1335 439 1411 οὗτος
457 1348 506 1413 τῆς
523 1346 649 1424 πατρίδος
661 1346 692 1405 τὸ
705 1346 845 1426 καύχημα,

70 1413 150 1487 οὗτος
162 1425 209 1492 τῆς
223 1423 288 1496 ἐμῆς
304 1423 376 1502 ῥίζης
391 1426 411 1496 ὁ,
418 1423 522 1495 κλάδος,
539 1423 598 1489 ὅλος
611 1427 649 1502 τῷ
664 1424 726 1483 είδει
737 1427 846 1505 φαιδρὸς

69 1500 210 1580 ὑπάρχων,
224 1501 283 1585 όλοςΙ
294 1503 428 1597 προσηνής
438 1502 483 1560 καί
495 1501 631 1572 ἐπιδέξιος,
642 1505 844 1585 εὐπροσήγορος,

18 1646 26 1653 ι
70 1581 235 1656 ἐπιθυμητὸς
247 1588 300 1646 τοῖς
315 1581 388 1645 ίδιοις
401 1581 447 1639 καί
461 1589 516 1648 τοῖς
532 1580 626 1653 ξένοις,
640 1591 694 1648 τοῖς
705 1588 787 1661 ὁρῶσι
797 1586 844 1644 καί

10 1704 17 1733 ,
68 1665 127 1724 τοῖς
149 1658 299 1717 ἀκούουσιν·
318 1650 392 1726 οὗτος
410 1665 561 1725 ύτοσοῦτος
580 1659 700 1739 ἐξαίφνης
720 1663 844 1743 ἀνάρπα-

10 1786 28 1803 ,.
68 1760 135 1803 στος
151 1739 204 1795 τῶν
228 1741 298 1813 ἐμῶν
319 1744 416 1817 χειρῶν
434 1739 554 1837 ἐπήρθη,
575 1739 620 1796 καί
642 1744 657 1797 ὁ
677 1741 729 1822 πρὸ
748 1747 843 1822 μικροῦ

10 1808 20 1889 J
67 1814 219 1915 ὁρώμενος,
234 1820 262 1874 οὐ
278 1815 390 1897 πάρεστι
401 1824 593 1897 θεωρουμενος,
607 1816 676 1876 ἀλλὰ
686 1823 842 1879 καταλιπὼν

67 1916 116 1953 τον
130 1895 308 1973 γεννήσαντα,
333 1899 435 1966 ἀπῆλθε
447 1897 512 1975 πρὸς
524 1896 568 1954 τὸν
582 1896 739 1956 πλεύσαντα·
762 1901 842 1967 ἐάσας

10 1972 22 2049 ,’
69 1996 106 2049 με
117 1975 161 2033 τὸν
174 1973 320 2053 θρέψαντα,
335 1975 460 2055 ἐπορεύθη
474 1975 540 2056 πρὸς
551 1976 595 2034 τὸν
608 1975 768 2035 καλέσαντα·
783 2002 841 2058 χω-

10 2054 19 2121 J
69 2053 168 2130 ρισθείς
183 2052 342 2132 σπλάγχνων
360 2054 476 2134 μητρὸς,
490 2057 620 2124 κατῆλθεν
635 2056 672 2121 είς
688 2060 781 2133 μνῆμα
793 2063 841 2136 γῆς

10 2194 14 2203 ,
67 2133 119 2199 τῆς
129 2132 235 2191 πάντων
251 2133 358 2212 μητρός.
375 2135 416 2192 ot
427 2131 464 2209 μή
475 2132 582 2192 κλαύσω
593 2140 693 2207 τοῦτον,
704 2134 762 2194 εἶπέ
777 2159 821 2214 μοι
831 2160 839 2209 3

10 2212 22 2283 ⁸,
68 2208 109 2287 μή
125 2212 265 2289 θρηνήσω,
285 2212 351 2288 μηδὲ
367 2217 403 2280 ὡς
416 2212 498 2290 κόρην
513 2214 648 2291 ὀφθαλμοῦ
663 2215 784 2287 ζητήσεις
798 2218 839 2274 Οὐ
855 2237 873 2285 B
894 2211 920 2271 in
935 2212 1085 2272 visceribus
1096 2224 1238 2291 pareutum
1252 2230 1315 2289 erga
1325 2210 1398 2270 lilios
1411 2213 1578 2291 posuit.Non
1589 2216 1643 2277 boo

15 2294 22 2361 1
65 2288 200 2367 δύναμαι,
214 2289 303 2370 φησὶν,
312 2295 341 2349 οὐ
356 2291 483 2367 δύναμαι·
492 2291 541 2350 κδν
555 2291 607 2370 γὰρ
624 2294 706 2372 μυρία
720 2294 838 2373 εἰσενέγ-

10 2378 19 2407 ’·
66 2391 118 2445 κῃς
141 2392 186 2445 μοι
210 2368 345 2448 δόγματα,
362 2370 410 2429 κᾶν
432 2370 554 2448 μυριάκις
574 2382 711 2448 παραινεῖν
727 2373 838 2451 δοκιμά-

13 2516 20 2523 ,
65 2471 118 2525 σῃς
136 2455 182 2507 τοῦ
196 2449 233 2524 μή
248 2455 350 2525 θρηνεῖν
364 2457 446 2527 γονεῖς
457 2450 490 2507 τὰ
504 2452 603 2507 ἑαυτῶν
618 2451 712 2525 τέκνα,
735 2454 765 2511 οὐ
780 2453 839 2512 πεί-

10 2540 16 2547 ’
64 2548 142 2595 σεις,
170 2527 214 2585 ert
242 2529 287 2587 τὸν
310 2528 379 2587 Θεὸν
410 2528 454 2586 τόν
476 2528 601 2608 ὁρίσαντα
620 2528 705 2602 οὕτω,
730 2530 776 2589 καί
793 2531 838 2591 τόν

66 2606 164 2683 δεσμὸν
180 2610 228 2675 τῆς
241 2607 342 2687 φύσεως
355 2606 538 2678 συνδήσαντα,
551 2607 640 2666 καὶτὸ
653 2615 707 2690 πῦρ
723 2610 787 2689 πρὸς
803 2612 839 2671 τί

11 2700 15 2705 ’
64 2683 148 2743 τέκνα
167 2686 228 2765 περί
249 2690 302 2744 τῶν
322 2686 481 2766 σπλάγγνων
505 2690 558 2744 τῶν
572 2686 668 2765 γονέων
682 2688 837 2760 ἐνθήσοντα.

10 2758 16 2847 ,¹
64 2766 110 2822 ot
122 2772 198 2824 τοῦτο
207 2763 294 2841 λέγω,
310 2766 449 2844 ἄνθρωπε,
463 2765 521 2824 οὐδὲ
538 2758 617 2824 τοῦτο’
625 2772 758 2845 νομοθετῶ
770 2771 837 2844 μηδὲ

63 2840 134 2908 ὅλως
150 2842 273 2941 δακρύειν
287 2844 331 2902 ἐπί
344 2855 398 2910 τοῖς
415 2845 531 2910 τέκνοις·
547 2844 595 2903 κᾶν
606 2844 659 2926 ’γάρ
673 2845 759 2919 aluos,
773 2847 844 2907 ἀδύ-·

10 2920 13 2929 '
64 2944 145 2979 νατον
166 2925 245 2999 λεγω.
286 2923 339 2982 Καί
359 2923 411 3020 γὰρ
438 2922 512 3020 κρίγὼ
537 2923 626 3000 νόμόις
652 2924 752 3003 φύσεως
778 2926 837 2984 πεί-

65 3004 161 3076 θομαι,
184 2999 230 3061 καί
257 3005 296 3059 τῶ
321 3025 406 3105 καιρῳ
431 3026 479 3072 της
504 3001 669 3078 συμπαθείας
691 3007 740 3063 οὐκ
766 3007 838 3064 ἀντι-

63 3077 213 3158 τάσσομαι·
236 3066 293 3139 ἐπεί
314 3086 381 3160 κοίγο
419 3082 527 3160 βροτὸς,
555 3081 613 3140 ἐπεί
631 3080 708 3159 κάγὼ
728 3086 758 3157 ἐκ
785 3108 837 3158 μη·

62 3158 108 3217 *t*
151 3158 312 3239 γεγένημαι,
340 3161 385 3219 καί
409 3166 457 3231 τῆς
483 3164 563 3231 αὐτῆς
583 3161 701 3242 Ιθποίρχω
726 3163 836 3242 φύσεως.

62 3181 137 3299 Olli
154 3236 223 3298 πατέ
253 3263 277 3296 ιν
298 3239 343 3297 τὸν
363 3241 486 3319 θδυρμδν,
503 3231 562 3298 οἶδα
576 3239 699 3322 μητέρων
710 3240 755 3300 τὸν
776 3266 837 3302 στε·

61 3318 186 3399 ναγμθν,
210 3261 268 3380 eide
295 3322 380 3377 αὐτῶν
402 3320 451 3390 τήν
481 3318 614 3378 θάλασσαν
640 3326 689 3393 τῆς
714 3322 836 3399 ἀθυμίας,

61 3386 125 3456 οἶδα
146 3398 232 3459 αὐτῶν
256 3401 304 3469 τῆς
327 3403 447 3477 ταραχῆς
464 3397 513 3468 ’τήν
536 3398 700 3473 ἀδημονίαν·
722 3402 836 3460 ἐπίστα·

61 3498 116 3553 μαι
135 3475 185 3547 τήν
206 3474 277 3536 ίνδον
300 3480 387 3535 αὐτῶν
411 3477 454 3535 ἐπί
478 3476 579 3544 τέκνοις
598 3476 754 3555 φαντασίαν,
778 3484 835 3547 πῶς

898 1345 967 1403 mihi
981 1358 1075 1423 raptus
1084 1359 1123 1403 est
1135 1368 1141 1400 r
1153 1344 1176 1403 is
1186 1365 1266 1420 quem
1279 1358 1341 1402 ante
1355 1346 1492 1418 ruebam,
1505 1366 1561 1407 non
1574 1348 1647 1408 ultra

898 1443 957 1481 eom
977 1437 1046 1495 aret,
1062 1422 1109 1481 sed
1124 1422 1272 1501 genitorem
1288 1423 1451 1501 relinquens,
1466 1421 1596 1501 migravit
1608 1429 1647 1488 ad

899 1446 1087 1561 Conditorem:
1102 1522 1145 1559 rne
1166 1500 1260 1558 relicto
1282 1502 1433 1575 nutritore,
1446 1502 1483 1561 nd
1501 1519 1645 1567 vocantem

896 1581 1041 1660 migravit,
1053 1602 1069 1640 a
1079 1579 1173 1638 matris
1184 1579 1333 1639 visceribus
1345 1594 1493 1660 separatus,
1503 1578 1641 1644 deseendit

896 1660 925 1718 in
947 1672 1150 1719 monumentum
1167 1671 1245 1716 terrae
1269 1658 1391 1737 omnium
1415 1658 1519 1719 matris
1535 1665 1644 1742 Annon,

895 1759 997 1816 quaeso,
1012 1738 1093 1796 talem
1111 1737 1202 1795 filium
1216 1736 1342 1815 lugeam?
1354 1759 1443 1797 annon
1458 1752 1487 1798 ut
1510 1742 1646 1822 pupillam

896 1818 967 1876 oculi
980 1817 1116 1895 requiram
1125 1815 1204 1874 iNen
1213 1837 1332 1895 possum,
1340 1816 1440 1893 inquit,
1452 1835 1506 1876 non
1515 1840 1643 1900 possum:

895 1896 1000 1955 etiamsi
1026 1895 1100 1955 enim
1121 1893 1214 1953 millia·
1229 1895 1301 1952 mibi
1328 1894 1489 1954 documenta
1512 1919 1642 1979 opponas,

894 1975 998 2034 etiamsi
1010 1973 1155 2034 sexcenties
1164 1974 1300 2035 monueris
1311 1994 1364 2031 non
1375 1973 1509 2053 lugendos
1538 1980 1641 2039 menti.

894 2055 945 2112 bus
957 2076 1013 2113 esse
1025 2054 1097 2112 filios
1110 2073 1186 2126 snos,
1202 2072 1255 2110 non
1274 2052 1416 2123 suadebis,
1430 2053 1495 2131 quia
1514 1998 1643 2119 Βοιωτία

894 2132 1029 2208 delinivit,
1045 2146 1202 2208 naturaeque
1210 2130 1351 2191 vinculum
1362 2133 1502 2210 annexuit,
1514 2148 1540 2194 et
1551 2136 1643 2214 ignem

892 2290 964 2367 dico,
981 2312 997 2349 o
1015 2290 1106 2363 bomo,
1121 2310 1205 2366 neque
1217 2289 1277 2367 lege
1298 2289 1413 2349 decerno
1433 2311 1486 2351 nen
1505 2292 1640 2372 lugendos

892 2391 948 2429 esso
969 2370 1060 2429 lilios:
1077 2370 1100 2429 si
1119 2369 1171 2427 boc
1188 2368 1315 2443 dicerem,
1336 2367 1367 2426 id
1385 2369 1546 2450 proferrem,
1565 2376 1640 2451 quod

891 2449 950 2508 fieri
975 2448 1076 2527 nequit.
1091 2447 1200 2507 Etenim
1217 2468 1266 2526 ego
1288 2468 1395 2525 quoque
1409 2449 1515 2529 legibus
1537 2466 1641 2515 naturae

891 2529 1034 2607 obsequor,
1049 2542 1075 2587 et
1088 2525 1241 2586 afflictionis
1256 2527 1368 2606 tempori
1384 2549 1437 2588 nou
1450 2528 1552 2589 obsisto
1562 2552 1641 2592 ruam

891 2621 917 2666 et
927 2629 976 2687 ego
989 2607 1112 2666 mortalis
1126 2627 1197 2679 sum,
1211 2627 1246 2664 ox
1259 2620 1345 2665 matre
1358 2607 1464 2685 genitus
1477 2622 1504 2668 et
1516 2608 1640 2689 ejusdem

890 2701 1000 2746 naturae.
1013 2686 1083 2747 Noui
1094 2699 1203 2766 panum
1215 2684 1332 2757 luctum,
1344 2687 1408 2745 novi
1420 2700 1538 2747 matrum
1549 2691 1637 2767 gemi-

890 2779 961 2835 tum,
975 2766 1039 2825 novi
1056 2764 1179 2825 moeroris
1193 2764 1304 2844 pelagus
1322 2763 1394 2901 ipsos
1413 2766 1558 2845 inundans,
1572 2770 1640 2830 novi

887 2845 1118 2924 perturbationem
1128 2844 1229 2903 doloris
1240 2867 1249 2919 ς
1260 2843 1315 2903 scio
1325 2842 1334 2900 i
1348 2844 1434 2903 lorum
1448 2844 1586 2907 internum
1593 2850 1636 2909 al·

888 2925 987 2983 lectum
1010 2939 1037 2983 et
1056 2944 1120 3001 erga
1136 2923 1209 2981 filios
1229 2922 1410 3002 phantasiam,
1446 2924 1562 2986 uomodo
1583 2948 1637 2987 non

887 3017 1044 3093 presentem
1055 3002 1131 3080 qnasi
1141 3015 1298 3082 praesentem
1313 3001 1404 3060 filium
1413 2945 1467 3061 sibi
1477 3004 1637 3085 depingant,

887 3082 1015 3172 illiusque
1030 3081 1175 3161 imaginem
1189 3095 1253 3139 cunr
1271 3080 1401 3160 lacrymis
1415 3081 1469 3141 sibi
1487 3105 1636 3164 represen-

887 3175 955 3238 tent,
966 3162 1078 3223 tllorum
1092 3181 1187 3233 mores,
1194 3158 1286 3234 verba,
1293 3181 1374 3250 opera
1385 3161 1475 3221 omnia
1482 3184 1539 3243 prae
1547 3164 1636 3227 oculis

888 3254 1024 3320 ponentes.
1038 3238 1093 3301 Sed
1106 3237 1206 3298 nonita
1218 3238 1352 3297 mirabilis
1361 3239 1465 3301 illelob
1479 3264 1561 3303 :nam
1570 3264 1634 3305 eum

888 3335 914 3379 et
926 3321 977 3378 lilii
994 3322 1054 3401 ejus
1067 3332 1094 3379 et
1116 3317 1188 3378 servi
1201 3331 1228 3376 et
1241 3316 1324 3377 bores
1339 3332 1365 3377 et
1386 3318 1481 3379 cameli
1499 3335 1527 3381 et
1541 3343 1634 3385 omnes

888 3399 1025 3458 faerrltates
1037 3397 1190 3457 inexitium
1203 3397 1295 3467 issent,
1312 3418 1365 3456 non
1380 3398 1502 3459 turbatus
1512 3414 1563 3479 est,
1578 3423 1633 3464 non

887 3477 1097 3557 blasphemavit,
1113 3488 1143 3533 ut
1163 3475 1243 3533 multi
1258 3474 1361 3534 faciunt
1373 3498 1382 3550 ς
1396 3476 1443 3535 sed
1458 3478 1588 3553 surrexit,
1603 3496 1633 3543 et

62 3557 102 3621 ὡς
116 3554 234 3635 παρόντα
247 3556 291 3615 τὸν
305 3559 334 3615 οὐ
349 3555 465 3637 παρόντα
482 3557 565 3612 παῖδα
581 3558 607 3613 ἐν
618 3558 720 3633 ἑαυτοῖς
734 3561 835 3626 ἀναζω-
850 3564 868 3613 G
887 3555 915 3615 in
930 3569 1028 3615 terram
1042 3554 1150 3628 cadens,
1162 3574 1198 3611 ex
1212 3574 1265 3631 qua
1278 3567 1413 3613 assumtus
1425 3555 1522 3633 iuerat,
1536 3560 1632 3619 Domi·

63 3636 260 3714 γραρρῦσι,τὴν
275 3635 381 3693 ἐκείνων
395 3632 484 3693 εἰκόνα
497 3632 685 3714 obv-diapente
697 3636 834 3712 ἐννοούμε-

61 3734 120 3784 νοι,
136 3712 168 3772 τά
180 3715 285 3774 ἐκείνων
295 3714 345 3786 ήθη
359 3714 404 3772 καί
415 3710 521 3792 ῥήματα
531 3714 579 3772 καί
589 3713 735 3816 πράγματα
746 3718 835 3775 πάντα

61 3794 125 3851 κατ’
143 3794 291 3872 ὀφθαλμούς
315 3794 437 3860 τιθέντες.
458 3792 530 3852 Ἀλλ’
553 3790 645 3852 θ’ίωό
659 3798 673 3852 θ
687 3796 834 3872 θαυμάσιος

61 3871 116 3951 οὐχ
134 3871 230 3941 οὕτως·
252 3872 350 3931 ἐκείνου
368 3872 419 3954 γάρ
431 3877 484 3931 τῶν
498 3871 595 3931 τέκνων
609 3871 655 3931 καί
667 3871 769 3932 παίδων
787 3876 832 3934 καί

62 3954 133 4027 βοῶν
148 3953 194 4011 καί
207 3953 336 4029 καμήλων
351 3952 396 4011 καί
409 3952 515 4011 πάντων
529 3957 581 4010 τῶν
595 3952 746 4030 προσόντων
760 3957 832 4035 αὐτῷ

59 4030 128 4110 πρὸς
141 4031 246 4113 ὀλεθρον
257 4031 414 4111 γενομένων,
428 4036 475 4089 οὐκ
484 4030 645 4111 ἐθορυόήθη,
658 4032 704 4090 οὐκ
715 4032 830 4113 ἐδυσφή-

61 4131 159 4186 μησεν,
170 4115 206 4177 ὡς
222 4116 246 4170 ol
265 4112 375 4184 πολλοί,
389 4112 447 4168 ἀλλ’
464 4109 603 4182 ἐνίστατο,
616 4110 661 4168 καί
674 4112 710 4178 είς
721 4111 769 4185 τήν
781 4118 830 4192 γῆν

58 4187 160 4262 πεσὼν,
171 4190 199 4257 ἐξ
212 4181 244 4260 ἧς
255 4187 355 4268 ἐλήφθη
365 4231 373 4259 ,
386 4193 425 4268 τῷ
434 4188 556 4267 Δεσπότῃ
569 4195 723 4269 προσκυνῶν
733 4189 830 4271 ἔλεγεν·

58 4268 150 4334 Αθτδς
162 4269 258 4346 γυμνὸς
272 4267 378 4337 ἐξῆλθον
392 4273 423 4328 ἐκ
435 4266 536 4333 κοιλίας
546 4270 645 4350 μητρός
656 4294 719 4346 μου,
733 4272 830 4347 γυμνὸς

58 4347 108 4409 καί
128 4348 308 4423 ἀπελεύσομαι
330 4351 394 4406 ἐκεῖ.
418 4347 453 4407 Ὁ
474 4346 568 4425 Κύριος
588 4350 693 4416 ἔδωκεν,
707 4355 721 4408 ὁ
736 4349 776 4409 lli
795 4375 830 4418 ιος

61 4425 203 4507 εἰφειλατο·
215 4430 251 4492 ὡς
261 4430 300 4505 τῷ
314 4427 403 4507 Κυρίῳ
416 4426 501 4500 ίδοξε,
512 4426 581 4486 ούτω
591 4429 637 4486 καί
647 4428 759 4507 ἐγένετο.
778 4376 829 4501 lta

58 4507 92 4566 τδ
105 4506 189 4584 ὄνομα
203 4506 301 4583 Κυρίου
317 4505 489 4584 εὐλογημένον
511 4511 547 4574 εἰς
562 4506 621 4575 τούς
635 4510 740 4576 αἰῶνας.
765 4513 830 4568 Δοῦ-

60 4585 106 4652 λός
121 4589 192 4663 εἰμι,
210 4585 255 4644 καί
268 4585 412 4661 ύπόκειμαι
426 4586 471 4644 καί
484 4591 523 4667 τῷ
536 4588 696 4658 ποιήσαντι,
719 4588 766 4646 οθκ
781 4592 830 4648 ἀν-

62 4664 238 4742 τιτάσσομαι·
258 4666 287 4722 οὐ
302 4663 354 4743 γλρ
376 4663 446 4730 ξένον
463 4664 493 4722 τὸ
511 4675 641 4745 πρᾶγμα·
663 4666 791 4738 τέθνηκαν
806 4672 830 4728 οἱ

61 4745 174 4815 παῖδες,
197 4745 248 4802 αλλ
279 4766 326 4802 ουκ
338 4743 489 4803 απόλωλαν.
516 4747 596 4811 Ποῑος
608 4745 660 4824 γάρ
673 4744 773 4823 ποιμήν
783 4749 830 4806 οὐκ

887 3655 952 3693 num
973 3633 1096 3693 adoravit
1112 3632 1204 3691 dicens
1216 3655 1222 3688 ε
1236 3632 1341 3691 Nudus
1361 3654 1492 3713 egressus
1509 3657 1575 3697 sum
1593 3640 1692 3708 dotet.
1708 3678 1729 3709 ι.
1742 3679 1780 3715 τι.

886 3727 969 3772 utero
988 3717 1091 3773 matris
1115 3732 1196 3783 mere,
1223 3723 1252 3769 et
1278 3712 1375 3770 nudrts
1390 3726 1522 3773 revertor
1544 3715 1628 3778 illato.

885 3796 1032 3852 Dominus
1045 3793 1136 3863 dedit,
1150 3792 1295 3849 Dominus
1317 3793 1441 3849 abstulit
1455 3814 1462 3848 ε
1478 3797 1553 3853 sieut
1567 3798 1629 3857 Do·

885 3877 965 3930 mino
974 3873 1097 3951 placuit,
1107 3875 1150 3928 ito
1156 3871 1279 3950 foetum
1288 3881 1342 3927 est.
1357 3870 1401 3929 Sit
1415 3874 1629 3947 nomeanmr'.

885 3956 917 4010 ui
926 3953 1108 4010 benedictum
1121 3953 1153 4006 in
1162 3948 1282 4007 seculo.
1298 3949 1399 4010 Seruus
1413 3971 1484 4025 sum,
1497 3964 1524 4011 et
1534 3952 1629 4017 factori

884 4052 943 4090 meo
955 4028 1081 4089 subditus
1094 4049 1147 4087 non
1161 4027 1261 4085 obsisto
1277 4050 1284 4083 ε
1300 4048 1352 4087 uon
1366 4029 1438 4088 enirn
1449 4051 1491 4091 res
1506 4046 1546 4091 est
1564 4047 1627 4094 stu-

884 4109 970 4191 penda
985 4134 991 4166 :
1007 4108 1106 4167 mortui
1117 4120 1179 4166 suut
1191 4106 1254 4177 lilii,
1268 4105 1316 4165 sed
1334 4129 1385 4167 non
1400 4109 1547 4188 perierunt.
1558 4114 1627 4186 Quis

882 4186 1628 4325 eninlpastornonbabeatpotestatemingrepemsunm?

884 4270 977 4329 Bnous
985 4282 1077 4348 pastor
1087 4266 1167 4345 elegit
1175 4286 1238 4326 oses
1247 4287 1318 4325 suas.
1330 4270 1393 4326 Post
1403 4268 1464 4347 pusi
1477 4268 1534 4328 lum
1544 4272 1625 4333 etiam

883 4369 932 4409 nos
945 4346 1132 4426 migrabimus.
1150 4345 1231 4403 Hunc
1240 4358 1267 4403 et
1280 4366 1328 4403 uos
1342 4347 1493 4423 imitemur,
1508 4369 1558 4408 nee
1570 4364 1627 4412 tam

883 4426 1058 4485 immoderate
1072 4426 1222 4503 lugeamus.
1237 4426 1275 4483 Ut
1289 4422 1383 4482 fideles
1395 4426 1519 4503 fleamus,
1531 4448 1584 4489 non
1596 4445 1626 4492 nt

883 4506 1007 4565 infideles
1017 4506 1131 4586 turpiter
1146 4524 1194 4562 nos
1205 4522 1329 4580 geramus
1340 4525 1347 4559 ε
1359 4516 1388 4560 ut
1404 4503 1529 4565 Christus
1541 4508 1626 4571 Lm.

884 4607 945 4644 rum
958 4584 1046 4657 llevit,
1063 4584 1103 4643 sie
1113 4583 1225 4642 fleamus
1242 4603 1248 4636 :
1267 4579 1328 4639 ideo
1341 4581 1413 4641 enim
1428 4582 1513 4657 flevit,
1528 4600 1559 4647 ut
1573 4588 1626 4651 tibi

883 4685 1035 4723 mensuram
1057 4676 1084 4722 et
1106 4660 1218 4720 modum
1239 4672 1372 4719 statueret
1390 4662 1535 4736 Quomodo
1552 4668 1626 4731 enim

884 4743 948 4803 llere
970 4742 1064 4802 debuit
1088 4761 1161 4815 eurn,
1172 4760 1252 4817 quem
1272 4760 1338 4799 mox
1352 4740 1530 4811 suscitaturus
1546 4748 1627 4811 erat?
1697 4784 1700 4791 -

63 4821 208 4890 ἐξουσιάζει
225 4825 252 4881 ἐν
266 4826 304 4901 τῷ
318 4822 433 4903 ποιμνίῳ
448 4825 544 4902 αὐτούς
559 4823 594 4884 Ὁ
607 4824 707 4902 ποιμήν
724 4826 830 4894 όκαλὸς
846 4840 866 4886 It
884 4823 938 4883 Sed
952 4836 982 4881 ut
995 4822 1083 4882 distas
1097 4832 1227 4898 quantum
1242 4817 1306 4879 llere
1315 4817 1425 4901 debeas,
1438 4835 1470 4882 ut
1483 4836 1512 4885 et
1523 4840 1628 4899 mlum

228 4938 300 4975 ΤΟΜ.
326 4939 365 4974 lx.
