3728 5978
644 459 689 509 on
715 461 951 512 ronnirsrrrs.
1514 447 1580 525 851

113 582 193 665 γρνία
205 629 213 659 ,
225 580 272 645 καί
287 591 340 653 τοῖς
353 585 482 663 μαθηταῖς
497 604 557 645 σου·
577 581 637 643 οθαί
651 606 709 658 σοι,
722 580 797 658 ἀντη-
839 599 918 665 parat
929 609 936 643 ε
946 586 1050 646 nullam
1062 587 1134 648 enirn
1153 586 1236 648 aliam
1247 586 1306 650 hee
1318 589 1375 651 lers
1387 588 1466 654 callet
1483 608 1581 661 anem.

112 668 211 731 ‚at'rote
223 663 348 746 κτήτορσί
360 686 416 724 σου·
430 664 457 723 τί
471 685 512 723 σοι
526 662 557 722 ’τδ
569 661 788 744 δρελοςτοσοῦτον
842 667 890 724 Vae
905 664 965 741 tibi,
977 667 1169 745 inhumanitas,
1185 683 1211 729 et
1228 667 1371 750 discipulis
1384 674 1439 732 tuis
1448 697 1455 730 :
1465 695 1507 737 τε
1520 677 1585 755 tibi,

112 742 275 825 nicopoleos
287 741 454 824 ἀποχωρίσαι
468 743 521 802 ἀπδ
538 746 584 801 τοῦ
598 746 685 814 Θεοῦ,
696 739 790 802 Ἄκουε
839 742 994 819 crudelitas,
1007 759 1034 805 et
1042 747 1239 828 possessoribus
1248 746 1317 808 tuis!
1328 771 1388 828 quae
1399 751 1450 811 tibi
1468 753 1582 829 utilitas,

112 823 156 881 καὶ
174 819 222 893 τῆξ
235 821 417 902 ἀαπλαγχνίας
427 821 651 904 ἀποκριναμένης·
665 819 728 899 ἐμὸν
742 820 788 901 ίρ-
839 821 863 879 si
876 835 977 883 tantam
990 825 1130 885 hominum
1146 827 1347 887 multitudinem
1358 850 1374 888 a
1386 831 1443 890 Deo
1456 834 1583 914 separes?

112 901 160 961 ιτίν
170 902 298 980 ,ὀρύσσειν
313 902 421 982 βότρυος
435 946 443 976 ,
458 899 537 982 θύρας
552 900 658 974 κλείειν,
679 899 789 959 σπιλοῦν
840 901 912 959 Audi
923 901 1000 962 illam
1010 905 1216 986 respondentem
1228 929 1235 963 τ
1247 908 1326 989 Opus
1336 912 1427 968 meunl
1440 925 1480 969 est
1492 912 1585 975 foveas

112 1004 144 1051 ις,
156 979 251 1041 κλείειν
271 982 343 1040 σπλά
379 986 473 1039 νατοῦ
487 978 635 1056 philtris·
651 979 714 1056 ἐμὸν
727 977 788 1060 xip-
839 977 1044 1063 fodere,p0rtas
1057 984 1191 1056 claudere,
1208 987 1389 1046 contaminare
1402 990 1517 1062 tunicas,
1533 1013 1584 1052 oe-

112 1059 242 1130 τήσασθαι
263 1062 331 1120 πολλ
363 1059 485 1137 ςρίλους
504 1057 549 1117 καί
570 1058 716 1118 ἀπολέσαι·
735 1056 787 1130 δὴ
838 1058 949 1120 'cludere
962 1062 1066 1122 viscera
1085 1063 1290 1140 misericordiae3
1306 1085 1397 1125 meum
1410 1067 1517 1128 lucrum
1531 1084 1583 1146 est,

132 1137 334 1218 περισσοτέρους
347 1142 457 1209 ποιῆσαι
471 1136 609 1215 μαθητὰς,
628 1137 725 1216 καὶτῷ
737 1081 787 1217 idq
804 1145 823 1192 t>
840 1138 941 1198 amicos
954 1141 1054 1201 multos
1065 1143 1214 1221 acquirere,
1228 1143 1356 1224 ipsosque
1368 1145 1481 1225 perdere
1489 1170 1498 1223 ς
1531 1171 1584 1210 au.

112 1216 215 1298 ,έμψαν
229 1218 273 1277 ὅτε
284 1223 308 1277 οί
318 1216 345 1285 ἐξ
356 1216 495 1294 εὐωνύμων
507 1215 726 1295 κατησχυμμένοι
737 1238 790 1274 πα·
839 1217 916 1276 dium
929 1240 1020 1280 meum
1031 1235 1080 1296 est,
1094 1221 1248 1281 innumeros
1262 1222 1396 1282 attrahere
1410 1169 1560 1307 discipulos
1572 1274 1583 1307 ,

114 1320 190 1357 κασιν
220 1298 403 1374 ὀνειδιζόμενοι
427 1295 473 1353 καί
495 1284 703 1373 ἐγκαλούμενοι,
729 1293 790 1353 τότε
840 1317 907 1372 quos
920 1297 948 1357 in
959 1299 1094 1359 infernum
1108 1301 1222 1360 mittam.
1236 1301 1353 1371 Quando
1367 1302 1397 1374 ii,
1415 1305 1462 1383 qui
1480 1325 1496 1364 a
1513 1306 1585 1367 sini-

112 1377 132 1456 36
149 1401 221 1435 ευον·
236 1376 281 1435 καὶ
298 1376 341 1435 ότε
359 1374 537 1452 ἐξεπέμποντο
548 1377 584 1442 είς
599 1374 630 1432 τδ
641 1379 695 1453 πῦρ
705 1373 736 1433 τὸ
747 1376 789 1430 cl·
839 1376 902 1434 stris
915 1393 999 1454 erant,
1011 1378 1116 1469 pudore
1124 1380 1220 1438 suffusi
1230 1379 1343 1441 aderant
1351 1382 1457 1462 probris
1468 1397 1494 1442 et
1503 1406 1584 1446 aoeu·

121 1401 186 1535 ώτερ
207 1455 260 1534 ἐγώ
280 1452 556 1532 αύτοῖςπροεξένησα,
571 1451 623 1533 ἐγώ
639 1453 787 1532 ἐσκίρτουν·
840 1455 989 1517 sationibus
1012 1458 1137 1539 impetiti,
1161 1472 1227 1518 tune
1244 1480 1294 1538 ego
1314 1460 1424 1520 choreas
1447 1463 1581 1543 agebsmr

112 1535 231 1613 υρόμενοι
245 1534 397 1616 ἀπήρχοντο
412 1530 470 1598 τοὺς
485 1531 591 1598 ὀδόντας
601 1533 730 1612 τρίζοντες
743 1531 789 1591 καί
839 1535 1126 1611 quandomittebantur
1134 1537 1256 1616 inignem
1266 1552 1404 1614 eternum,
1414 1540 1522 1619 idquud
1533 1563 1584 1624 ego

112 1613 215 1692 ιιμύνων
235 1613 397 1690 ὠθούμενοι,
415 1610 468 1689 ἐγὼ
482 1610 554 1687 ἤμην
566 1617 723 1671 ὀυνωθοῦσα
741 1611 788 1670 καὶ
839 1612 905 1691 ipsis
919 1615 1073 1692 conciliavi,
1092 1638 1107 1674 e
1125 1617 1346 1676 oexsultabam:
1367 1620 1475 1695 quando
1488 1620 1585 1712 lugeo.

112 1693 206 1772 ἶρωαα·
224 1692 270 1752 καί
293 1692 336 1751 ὅτε
353 1696 379 1750 αἱ
394 1689 458 1749 δέκα
471 1687 596 1767 παρθένοι
613 1691 788 1768 ἡτοιμάζοντο
839 1704 877 1749 tes
894 1692 1017 1771 abibant,
1041 1636 1167 1755 dentibus
1185 1695 1327 1755 stridentes
1347 1710 1373 1755 et
1386 1720 1402 1756 a
1416 1698 1584 1762 damonibus

112 1778 168 1843 ἧσαι
179 1777 217 1851 τῷ
229 1771 352 1852 νυμρίιμ,
371 1768 424 1848 ἐγώ
437 1768 560 1829 ἐκύκλουν
572 1768 667 1842 αύτδς,
681 1770 727 1828 καὶ
738 1769 788 1837 τάς
838 1768 949 1851 impulsi
959 1816 968 1848 ,
995 1793 1044 1852 ego
1068 1795 1122 1833 una
1146 1773 1319 1854 impellebam
1342 1775 1404 1835 illos
1429 1779 1550 1856 gaudens
1572 1803 1580 1839 τ

112 1874 154 1909 ντε
165 1854 212 1910 οὐκ
226 1851 324 1932 ίσχυσα
337 1853 504 1918 ἀποστῆσαι·
520 1846 632 1916 πολλοὺς
641 1846 692 1928 γάρ
706 1847 786 1922 πένη·
838 1848 945 1926 quando
958 1851 1051 1919 decern
1064 1852 1183 1932 virgines
1194 1874 1223 1911 se
1231 1845 1399 1933 apparabant
1413 1870 1443 1914 ut
1453 1878 1582 1937 sponsum

112 1930 127 1988 rt
142 1930 263 2010 πτωχούς
287 1930 332 1990 καί
355 1929 494 1996 ἀδυνάτους
513 1917 583 2006 εἶχον
597 1927 687 2009 κύκλῳ
700 1931 785 1987 αὐτῶν
836 1927 954 2006 adirent,
973 1951 1023 2010 ego
1037 1930 1266 1990 circumsistebam
1278 1932 1356 2006 illas;
1371 1934 1451 1993 exiis
1464 1937 1528 2014 quin
1549 1959 1583 1998 ue

112 2016 214 2088 ροῦντας
231 2009 311 2078 αύτδις
324 2008 370 2068 καί
385 2005 484 2084 μετδιά
520 2006 602 2064 έλων·
616 2009 741 2086 ἐθεώρουν
758 2007 786 2065 δὲ
837 2026 890 2066 uon
902 2011 976 2088 potui
988 2010 1213 2070 abducere:nam
1227 1959 1583 2076 multosineircuituhabe·

114 2087 170 2158 ξιάν
188 2089 287 2171 Κυρίου
304 2087 453 2149 σκέπουσαν
471 2084 572 2155 αυτάς,
587 2084 632 2144 καί
650 2086 784 2167 ἔφριττονΙ
835 2084 901 2146 baut
914 2109 1054 2178 pauperes,
1069 2089 1206 2148 mendicos
1219 2104 1245 2148 et
1260 2091 1370 2171 inopes,
1388 2093 1435 2170 qui
1454 2114 1517 2152 eum
1529 2116 1583 2154 an·-

112 2167 205 2234 λοιπάς
218 2169 333 2227 πέντεείι
364 2174 416 2226 ῦσα
425 2167 525 2245 γυμνὰς
536 2163 589 2223 ἀπδ
598 2168 646 2235 τῆς
657 2171 702 2225 τοῦ
713 2167 785 2226 Θεοῦ
837 2167 904 2242 gelis
917 2188 988 2246 ipsas
1005 2168 1209 2228 custodiebant:
1222 2169 1348 2228 videbam
1365 2191 1470 2249 quoque
1487 2172 1582 2233 dexte·

112 2271 137 2321 ς,
159 2247 271 2321 ἐποίησα
284 2189 365 2312 abebi
383 2245 531 2324 μαθητρίας
550 2266 618 2320 μου,
631 2245 676 2303 καί
691 2243 785 2304 ἔπεισα
837 2266 894 2303 ram
907 2246 1019 2305 Domini
1031 2247 1102 2327 ipsas
1114 2261 1253 2326 tegentem,
1267 2262 1293 2306 et
1307 2248 1435 2308 exhorrui
1444 2273 1453 2325 ς
1474 2267 1583 2312 ceteras

112 2327 149 2404 μὴ
162 2326 292 2406 ἀγοράσαι
304 2326 403 2396 έλαιον,
419 2324 464 2383 καὶ
477 2323 574 2383 ἔσόεσα
586 2324 632 2390 τὰς
642 2325 786 2403 λαμπάδας
798 2319 819 2367 Β
837 2345 900 2383 vero
913 2326 1032 2405 quinque
1047 2328 1097 2384 Dei
1111 2348 1201 2386 aiuore
1212 2326 1338 2402 nudatas,
1355 2349 1428 2387 mens
1440 2330 1517 2389 effeci
1537 2331 1581 2391 di-

114 2411 149 2486 τῇ
162 2403 349 2486 άσπλαγχνία,
363 2403 410 2463 καί
426 2402 549 2463 ἐσκότισα
562 2400 730 2482 cheraphin<
741 2406 786 2463 αῦ·
836 2403 962 2484 scipulas,
974 2405 1093 2486 ipsisque
1103 2406 1174 2464 suasi
1183 2427 1217 2465 ne
1225 2406 1315 2465 oleum
1324 2421 1450 2480 emerent,
1462 2409 1583 2469 exstinxi

112 2485 136 2544 αί
149 2487 240 2544 λοιπὸν
254 2484 291 2556 μὴ
302 2485 474 2564 έρουσαιρῶς
483 2481 661 2588 ἐστερήθησαν
672 2487 719 2554 τῆς
731 2487 785 2543 εἰσ·
836 2482 975 2564 lampadas
989 2505 1080 2544 earum
1095 2506 1143 2566 per
1157 2484 1416 2563 immisericordiam,
1432 2502 1459 2546 et
1472 2489 1582 2548 obtene-

114 2569 149 2623 tt
164 2564 192 2623 δὲ
211 2564 290 2623 ἄλλαι
305 2562 383 2622 πέντε
401 2560 505 2638 ἕτοιμαι
523 2584 600 2622 ουσαι
614 2564 783 2635 συνεισῆλθεν
835 2561 913 2623 bravi
925 2563 1006 2623 corda
1018 2582 1123 2641 earum,
1142 2585 1175 2623 ac
1183 2563 1294 2624 demum
1306 2585 1368 2624 cum
1379 2566 1440 2624 luoe
1450 2582 1581 2644 carerent,

112 2642 166 2724 qlqi
178 2665 185 2680 ·
199 2643 244 2701 καὶ
255 2642 308 2722 ἐγώ
319 2641 425 2702 έκλεισα
434 2640 481 2707 τδις
492 2638 586 2743 θύρας,
600 2643 644 2699 καί
658 2641 706 2706 τὰς
719 2640 784 2721 ε’μδς
835 2641 957 2721 ingressu
978 2643 1120 2724 prohibitae
1135 2657 1205 2704 sunt.
1222 2644 1288 2703 hliae
1301 2664 1366 2705 vero
1380 2645 1501 2724 quinque
1518 2667 1582 2707 cum

115 2727 145 2782 οὐ
169 2722 342 2804 συνεχώρησα
369 2723 503 2780 εἰσελθεῖν.
537 2720 610 2798 Εμδν
633 2719 685 2800 γάρ
708 2719 784 2802 ἔργον
835 2736 935 2801 parate
950 2736 1046 2797 essent,
1060 2744 1123 2782 eum
1137 2743 1235 2803 sponso
1247 2725 1372 2803 ingresse
1386 2738 1467 2801 suut,
1490 2739 1517 2784 et
1529 2747 1580 2805 ego

112 2802 182 2861 ιείειν
199 2802 278 2883 θύρας
295 2801 441 2881 ἔμπροσθεν
455 2805 507 2858 τῶν
521 2798 666 2879 ἀνθρώπων
679 2801 725 2858 καὶ
745 2801 782 2879 μὴ
796 2853 801 2860 ,
836 2801 921 2860 clausi
929 2803 1036 2881 januas,
1052 2822 1101 2860 nee
1115 2802 1225 2882 permisi
1239 2816 1269 2860 ut
1283 2801 1402 2880 quinque
1415 2824 1481 2862 mear
1494 2804 1580 2863 intra-

112 2884 201 2941 ιελθεῖν
227 2885 264 2948 είς
287 2879 388 2952 ἐκείνην
402 2878 449 2951 τὴν
466 2879 570 2939 αἰώνιον
585 2879 664 2951 ζωήν.
685 2879 784 2948 Ὅσους
836 2895 903 2939 rent.
919 2884 996 2961 Opus
1009 2881 1082 2940 enim
1095 2902 1186 2939 meum
1198 2894 1237 2940 est
1251 2895 1280 2939 ut
1293 2895 1356 2939 ante
1370 2881 1491 2949 homines
1504 2883 1580 2942 clau·

114 2960 235 3040 γενέσθαι
251 2985 301 3039 μου
319 2959 455 3060 μαθητὰς,
471 2960 516 3017 καὶ
529 2958 625 3027 διδάξω
637 2957 675 3035 μὴ
688 2960 784 3042 ἀγορά·
836 2959 900 3018 dam
910 2961 988 3034 ostia,
1001 2981 1049 3019 nee
1061 2961 1148 3020 sinam
1159 2980 1203 3019 eos
1214 2961 1314 3019 intrare
1325 2960 1352 3018 in
1364 2973 1490 3020 aeternam
1502 2962 1581 3023 illam

112 3062 176 3113 τιον,
189 3043 244 3100 ἐκεῖ
257 3044 287 3098 οὐ
298 3041 421 3098 δυνανται
432 3039 566 3114 εἰσελθεῖν,
576 3037 635 3097 οὐδὲ
649 3037 784 3118 χωρισθῇ·
836 3038 930 3100 vitam.
938 3039 993 3114 Illi,
1003 3040 1102 3118 quihus
1109 3039 1229 3121 persuasi
1238 3053 1269 3097 ut
1281 3038 1348 3098 disci
1370 3039 1409 3098 uli
1418 3040 1469 3099 mei
1480 3056 1578 3117 essent,

112 3123 183 3197 ἐμοῦ.
836 3132 941 3198 etquos
954 3118 1035 3178 docui
1050 3133 1183 3178 neemant
1196 3119 1296 3209 oleum,
1325 3061 1391 3177 illic
1404 3118 1504 3179 intrare
1525 3141 1580 3181 non

835 3211 960 3277 possunt,
981 3219 1059 3257 neca
1077 3218 1260 3279 mesepararr.
1290 3254 1292 3256 .

112 3287 151 3341 τοῦ
169 3281 253 3340 δεινοῦ
265 3277 355 3338 τούτου
366 3278 412 3337 καὶ
425 3279 544 3357 χαλεποῦ
559 3276 668 3359 θηρίου,
682 3275 725 3336 ίνα
739 3277 785 3338 καλ
875 3280 904 3338 5.
921 3277 1047 3338 Odiram
1062 3290 1089 3336 et
1102 3277 1247 3337 immanem
1262 3277 1356 3351 feram,
1368 3275 1466 3336 iterum
1479 3276 1580 3352 dicam,

112 3360 278 3432 ιίπω,,πόσον
292 3361 391 3430 πλῆθος
401 3358 525 3428 ἠπάτησε
546 3358 583 3435 μὴ
600 3359 691 3430 ἐλεεῖν,
703 3360 786 3430 ποιῇ·
836 3371 963 3434 ματαίοισι
1004 3357 1207 3416 multitudinem
1241 3355 1384 3414 bominum
1421 3355 1537 3415 abduxit
1563 3378 1581 3417 a

112 3437 173 3507 πούς
197 3436 267 3504 υἱοὺς
279 3437 393 3515 γεέννης.
412 3436 553 3497 Ἀκούσατε
568 3436 738 3514 ἀνελεήμονες
760 3441 785 3498 οἱ
836 3434 1031 3509 misericordia,
1050 3456 1118 3514 quos
1139 3436 1212 3494 filios
1233 3434 1359 3515 gehennae
1377 3433 1459 3497 feeit!
1478 3435 1582 3496 Audite

112 3519 200 3598 άγρνα
209 3517 338 3584 κλαίοντες
348 3517 401 3575 άπὸ
411 3521 463 3576 τῶν
473 3517 565 3596 χρείαν
576 3516 786 3596 ἐχόντωνάκού-
836 3514 1080 3588 immisericordes,
1110 3515 1157 3593 qui
1179 3515 1281 3574 viscera
1300 3513 1427 3572 clauditis
1449 3513 1487 3572 ab
1505 3515 1580 3574 indi·

112 3595 288 3673 ἱάμετάδοτοι
304 3596 349 3654 καὶ
368 3596 515 3654 κακοποιοί·
529 3593 683 3677 ώσπεργδρ
699 3600 723 3655 ol
746 3595 783 3674 μὴ
836 3595 1080 3674 gentibus:audite
1099 3609 1203 3654 tenaces
1223 3607 1249 3653 et
1259 3592 1383 3651 malefici.
1411 3593 1488 3652 Sicut
1508 3594 1582 3654 enim

112 3682 200 3748 τεςτῆς
211 3673 562 3755 ἀσπλαγρνίαςτυγχάνουσι
574 3675 701 3752 μαθηταί,
716 3675 785 3734 οὕτω
836 3675 855 3732 ii
880 3675 928 3754 qui
952 3696 1005 3734 non
1035 3675 1220 3745 miserentur,
1252 3671 1481 3731 immisericordia
1517 3686 1582 3734 stant

112 3756 237 3822 λλίῦοντες
248 3754 292 3814 καί
306 3759 520 3826 κακοποιοῦντες,
538 3759 562 3813 ol
581 3758 748 3829 ζημιοῦντες,
761 3756 785 3812 ol
792 3774 828 3814 ut
837 3753 966 3835 discipuli
981 3755 1039 3813 :sic
1052 3754 1099 3831 qui
1119 3753 1186 3812 alios
1205 3765 1334 3826 atterunt,
1359 3750 1481 3825 laedunt,
1509 3752 1583 3811 mul-

112 3859 166 3909 τες,
181 3838 205 3895 ol
219 3833 412 3914 φυλακίζοντες,
425 3834 470 3892 καί
479 3833 596 3911 μάλιστα
606 3832 750 3904 ἀναιτίους,
761 3837 785 3891 ol
802 3831 821 3876 Α
838 3848 919 3906 etant,
933 3833 1085 3907 verberant,
1101 3832 1273 3890 incurrerem
1285 3829 1433 3909 conjiciunt
1444 3829 1526 3888 etiam
1536 3830 1584 3889 in-

112 3939 161 3988 τες,
177 3920 201 3974 οί
211 3915 382 3994 ἁρπάζοντες,
393 3919 417 3973 ol
430 3913 651 3976 καταδουλοῦντες
661 3910 786 3990 άδελροδς
837 3927 936 3988 sontes,
959 3912 1006 3990 qui
1021 3910 1182 3991 exspoliant,
1201 3909 1318 3988 rapiunt,
1339 3908 1386 3986 qui
1402 3909 1497 3967 iratres
1513 3908 1583 3967 libe·

112 4017 180 4067 οους,
191 3992 504 4071 οίλιμοκτονοῦντεςτοθς
514 3993 612 4049 ἑαυτῶν
626 3988 730 4056 δούλους
740 3990 785 4049 καί
838 4011 881 4049 ros
899 3991 926 4049 in
943 3991 1098 4050 servitutem
1112 3988 1247 4066 redigunt,
1266 3987 1313 4066 qui
1327 4007 1417 4047 servos
1433 4008 1495 4046 suos
1512 3988 1584 4046 lame

112 4072 379 4150 ςκαταλιμπάνοντες
395 4071 440 4130 καί
460 4072 572 4151 άμειδῶς
592 4067 786 4142 τύπτοντες,οί
838 4084 964 4143 enecant,
982 4083 1008 4129 et
1020 4067 1106 4127 nudos
1125 4069 1165 4126 ire
1178 4066 1271 4125 sinunt
1292 4065 1497 4144 immaniterque
1515 4087 1581 4125 ver-

112 4155 155 4213 οῶν
166 4153 210 4212 καί
228 4155 258 4228 ἀρ
280 4155 348 4210 ανιῦν
360 4151 457 4218 ἀδίκως
471 4149 629 4231 ἁρπάζοντες
643 4148 688 4207 καί
702 4151 785 4208 πλου-
838 4150 944 4225 beraut,
958 4147 1006 4227 qui
1022 4147 1166 4207 viduarum
1179 4160 1206 4204 et
1218 4144 1386 4226 pupillorum
1399 4145 1468 4206 bona
1483 4145 1583 4226 injuste

112 4257 125 4301 ς·
132 4233 227 4296 πάντες
237 4174 308 4292 olio
316 4234 364 4300 τῆς
371 4229 554 4309 ἀσπλαγχνίας
561 4226 640 4287 τέκνα
648 4229 694 4287 καὶ
701 4232 785 4306 μαθη-
839 4240 997 4308 rapuerunt,
1018 4242 1043 4287 et
1056 4227 1095 4287 sie
1108 4226 1262 4300 ditescunt3
1282 4223 1312 4282 hi
1329 4244 1421 4283 omnes
1434 4224 1583 4284 immiseri-

112 4313 250 4392 χάνουσιν.
263 4309 643 4390 Ὁθεδςγδιρθεύσπλαγχθος
653 4308 699 4366 καὶ
711 4309 785 4381 theol·
839 4308 937 4367 rordiae
954 4307 1006 4366 lilii
1020 4320 1083 4366 sunt
1096 4320 1122 4366 et
1138 4304 1276 4385 discipuli.
1296 4307 1368 4363 Deus
1383 4304 1454 4364 enim
1468 4304 1582 4365 misera-

112 4395 141 4472 pl
150 4395 202 4449 τῶν
215 4390 345 4451 ὑποδίκων
358 4388 404 4447 καί
416 4386 529 4455 ἀναξίων
540 4386 670 4465 τιμωρίας
681 4388 784 4447 ίκέλευ·
839 4401 881 4448 tor
893 4400 919 4446 et
931 4387 1083 4446 misericors
1097 4386 1187 4445 noxiis
1198 4385 1280 4444 etiam
1296 4398 1376 4461 atque
1388 4383 1509 4465 indignis
1522 4405 1580 4464 pos·

112 4470 182 4529 άναι.
195 4467 367 4535 Οίάναιτίους
378 4472 600 4538 καταπονοῦντες,
609 4465 635 4524 τί
647 4466 782 4539 utiliorum
838 4489 886 4526 uss
899 4465 975 4526 'ussit
985 4467 1128 4526 remittere.
1142 4463 1198 4535 Qui
1211 4484 1275 4542 ergo
1289 4462 1413 4522 innoxios
1423 4464 1582 4544 opprimunt

112 4572 153 4609 ατε
169 4554 194 4610 ol
208 4549 376 4625 ἀμετάδοτοι,
386 4546 454 4612 τίνος
476 4548 547 4626 μίλοι
567 4545 741 4624 τυγχάνοντες
755 4547 784 4605 οῦ
837 4489 904 4625 quid
914 4546 1069 4628 patientur?
1079 4543 1178 4603 Audite
1186 4556 1300 4613 tenaces,
1312 4563 1491 4620 quorumnam
1499 4542 1581 4602 amici

113 4652 163 4688 ετε·
174 4627 304 4688 ἀκούσατε
319 4625 571 4706 άσπλαγχνοι,τένος
582 4625 698 4703 μαθηταί
711 4624 783 4703 γνώ-
836 4627 900 4686 estis
911 4632 1063 4705 ignorantes
1072 4648 1079 4681 :
1088 4623 1182 4683 audite
1194 4622 1345 4694 inhumani,
1359 4623 1437 4700 cujus
1451 4621 1580 4701 discipuli

112 4707 199 4768 όνστε·
221 4707 350 4768 ἀκούσατε
361 4709 385 4764 οί
405 4709 590 4785 τυραννοῦντες
606 4704 653 4763 καὶ
666 4726 784 4763 καταπο·
837 4727 893 4765 esse
915 4705 999 4766 vultis
1014 4729 1020 4761 ε
1035 4704 1128 4763 audite
1147 4701 1268 4784 tyranni,
1295 4700 1342 4779 qui
1364 4702 1460 4759 fratres
1478 4713 1581 4760 vestros

112 4813 115 4854 ;
128 4786 267 4867 ἀδελφοὺς,
278 4786 346 4852 τίνος
356 4785 485 4866 ὑπηρέται
495 4784 541 4842 καὶ
551 4785 675 4863 ὑπουργοί
685 4782 784 4864 τυγχά-
838 4784 1002 4875 opprimitis,
1020 4785 1097 4865 cujus
1111 4781 1226 4841 ministri
1241 4779 1305 4840 estis
1313 4801 1323 4854 ;
1336 4793 1362 4838 et
1375 4800 1438 4838 curn
1450 4777 1580 4838 didiceri-

113 4868 140 4925 αλ
152 4866 279 4946 μαθόντες
289 4865 381 4926 ὁποίαν
391 4864 537 4925 ἀνάπαυσιν
550 4864 596 4922 καί
607 4861 785 4942 δωρεάνὴτοί·
838 4879 882 4937 tis,
897 4886 979 4943 quam
992 4864 1128 4942 requiem,
1149 4860 1221 4940 qood
1236 4880 1334 4918 munus
1347 4858 1425 4929 vobis
1438 4856 1495 4917 illic
1508 4877 1581 4938 prae·

112 4950 172 5024 ύμῖν
184 4950 291 5019 ἐκεῖθεν,
299 4942 580 5021 ππαμθῦς,λᾶκκῡυς,
591 4943 637 5001 καί
644 4944 784 5021 χάσματα,
802 4955 820 5002 Β
838 4944 984 5025 paraverit,
1017 4964 1064 5001 uos
1077 4942 1160 5015 lacus,
1174 4960 1241 5018 quos
1256 4939 1356 5014 hiatus,
1369 4937 1492 4996 tenebras
1506 4950 1581 4996 exte·

112 5026 162 5092 ίτος
174 5026 307 5107 ἐξώτερον,
321 5024 367 5083 καὶ
382 5023 497 5103 βμυγμδν
512 5022 634 5095 ὀδόντων,
646 5023 691 5080 καὶ
707 5020 785 5101 ἕτερα
838 5023 933 5100 riores,
951 4964 1092 5082 stridorem
1111 5019 1234 5079 dentium
1248 5029 1273 5076 et
1291 5017 1334 5074 bis
1354 5015 1462 5092 similia,
1479 5016 1579 5075 exhor·

120 5104 240 5185 ρρίξατε,
254 5103 416 5182 τρομάξατε,
438 5100 614 5181 ίλιγγιάσατε·
633 5101 678 5159 καί
701 5123 784 5160 κατα·
839 5104 942 5178 reseite,
952 5100 1156 5173 contremiscite,
1170 5097 1285 5176 caligine
1294 5095 1445 5171 afficimini,
1454 5108 1479 5154 et
1490 5095 1581 5154 relicta

112 5208 133 5250 ες
143 5183 238 5256 ταύτην
251 5183 300 5258 τὴν
310 5182 480 5263 ἀναίσχυντον
490 5181 536 5240 καλ
550 5179 669 5259 μισόθεον
684 5181 730 5240 καὶ
744 5204 786 5258 με·
839 5182 890 5242 bac
908 5180 1064 5263 impudente
1084 5179 1134 5238 Dei
1154 5191 1180 5236 et
1199 5178 1313 5235 lratrum
1327 5175 1437 5234 inimica
1452 5174 1580 5233 inhuma-

112 5288 142 5323 ον
170 5263 352 5346 ἀσπλαγμνίαν
377 5261 514 5341 γενώμεθα
540 5260 657 5337 μαθηταί
671 5267 717 5322 τοῦ
741 5262 786 5320 εὐ·
840 5263 932 5340 nitate,
949 5261 1033 5321 simus
1046 5256 1174 5340 discipuli
1186 5253 1367 5317 misericordis
1379 5268 1405 5316 et
1418 5253 1585 5317 miseratoris
