3728 5978
110 421 176 493 182
430 439 459 486 s.
487 435 634 486 ioannis
660 431 844 481 cunrsosr.
873 431 1034 481 incurro.
1063 397 1343 482 eousraurruor.

104 566 222 627 ticulum
236 577 284 642 ost,
298 562 343 621 hio
353 560 438 639 adest,
446 573 472 620 et
481 560 528 619 ubi
539 558 662 639 quaedam
670 551 850 637 dispensanda
904 552 964 622 ποθς
978 555 1117 637 άρχοντας,
1126 547 1211 630 ούτος,
1225 555 1270 616 ὅτε
1282 556 1348 636 πρὸς
1356 553 1475 615 Ἀνανίαν
1488 578 1494 592 ·
1509 555 1556 615 ὅτε
1567 555 1621 614 ἀπὸ
1631 556 1678 624 τῆς

105 656 247 717 σιειιιιιὼί
263 675 328 714 vero
349 652 502 732 tranquillae
524 673 565 711 res
579 663 652 729 sunt,
670 649 698 708 in
712 646 849 708 oommuni
905 655 982 715 σκιᾶς
1003 647 1086 716 ἰάσεις
1111 647 1244 729 ἐγίνοντο,
1264 638 1413 721 ὴούτοςήν.
1433 646 1489 707 Καὶ
1504 645 1568 707 ἔνθα
1582 635 1675 724 μὲνήν

105 770 210 825 omnes,
224 746 290 807 adeo
304 767 357 805 non
368 745 470 827 appetit
481 744 609 825 majorem
624 742 764 802 bonorem.
778 740 850 798 Rur·
905 735 1030 810 κίνδυνος,
1046 731 1130 815 οθτος,
1142 741 1188 801 καί
1203 740 1264 800 ἔνθα
1277 738 1412 818 οἰκονομία
1424 765 1429 775 ·
1446 738 1508 799 ἔνθα
1521 737 1550 797 δὲ
1560 736 1676 816 γαλήνης

105 862 166 901 ενοι
175 861 237 900 oum
244 837 374 898 miracula
382 835 461 896 odere
468 837 617 918 oportebat,
625 834 672 893 ille
678 831 848 915 prosiliebat:
904 831 938 892 τά
953 832 1100 914 πράγματα
1113 833 1200 915 γέμει,
1214 839 1288 913 κοινῇ
1303 833 1412 905 πάντες·
1424 831 1507 900 οὕτως
1517 834 1566 891 οθκ
1580 829 1675 909 ἀπήτει

104 946 131 992 et
146 933 192 991 hic
215 931 314 990 iterum
338 929 395 1010 ipse
418 950 467 1011 per
486 950 514 988 se
526 929 643 1005 laborat,
664 939 691 985 et
710 925 762 984 iter
783 923 848 1004 agit.
902 922 984 1003 τιμήν
1000 925 1117 1004 μείζονα.
1142 925 1230 986 Πάλιν
1242 925 1287 986 ὅτε
1300 927 1536 1005 θαυματουργήσαι
1549 921 1616 991 ἔδει,
1629 923 1675 979 ού·

104 1027 151 1085 55.
167 1027 286 1084 Invenit
295 1037 394 1083 autem
405 1025 447 1082 iot
462 1024 609 1082 hominem
625 1019 782 1103 quemdam
796 1036 847 1075 no·
902 1015 946 1084 τδς
956 1018 1094 1100 προπηδᾷ·
1113 1017 1160 1078 καὶ
1173 1019 1285 1077 ἐνταῦθα
1297 1017 1378 1078 πάλιν
1392 1008 1467 1084 οθτσς
1479 1023 1556 1074 πονεῖ
1570 1013 1606 1073 δι’
1619 1017 1674 1072 {au

106 1121 184 1176 mine
199 1119 335 1188 AEneam,
352 1117 390 1175 ab
400 1118 488 1174 annis
501 1126 566 1173 octo
574 1115 723 1195 jacentem
736 1113 769 1167 in
779 1127 848 1189 gra·
902 1114 967 1184 τοῦ,
982 1109 1027 1170 καί
1040 1111 1183 1192 δδοιπορεῑ.
1206 1103 1278 1192 Εθρε
1290 1109 1319 1196 δὲ
1334 1114 1388 1170 ἐκεῖ
1400 1107 1539 1190 ἀνθριοπδν
1552 1130 1614 1166 τινα
1624 1109 1688 1167 Ab.

106 1211 193 1280 bato,
220 1212 272 1290 qui
294 1219 358 1267 erat
379 1207 567 1287 paralyticus
589 1227 598 1258 ι
618 1203 666 1263 bd.
690 1214 720 1261 et
739 1205 783 1260 ait
801 1199 848 1259 illi
903 1200 964 1262 νέαν
977 1202 1101 1280 ὀνόματι,
1125 1200 1152 1271 ἐξ
1166 1205 1231 1263 ἐτῶν
1245 1201 1315 1262 ὀκτὼ
1328 1201 1520 1280 κατακείμενον
1532 1200 1578 1261 ἐπὶ
1591 1198 1671 1279 κραθ-

104 1303 210 1361 Petrus
220 1325 229 1357 .·
240 1302 336 1360 AEnea
347 1312 436 1359 sanat
445 1309 474 1358 te
483 1299 570 1357 Jesrts
584 1297 717 1356 Christus
728 1318 738 1351 .-
749 1314 844 1374 sarge,
866 1297 885 1344 Ε
904 1294 995 1371 θάτου,
1008 1294 1036 1362 δς
1051 1285 1083 1366 ήν
1103 1295 1333 1378 παραλελυμένος·
1347 1295 1393 1355 καί
1419 1285 1493 1355 εἶπεν
1504 1296 1577 1375 αὐτῷ
1590 1291 1673 1352 611}-

104 1407 132 1452 et
142 1406 239 1453 sterne
252 1396 314 1452 uui.
326 1393 366 1451 Et
376 1395 478 1452 statim
490 1392 625 1450 srurexit.
638 1386 673 1447 Et
682 1406 848 1446 curnonen·
904 1411 977 1469 τρος·
993 1389 1086 1463 Αἰνέα,
1098 1387 1173 1448 ἰᾶταί
1198 1411 1229 1448 σε
1244 1391 1371 1461 Ἰησοῶςθ
1384 1385 1517 1469 Χριστός·
1536 1385 1673 1457 ἀνάστηθι,

103 1485 234 1567 spectavit
255 1485 309 1546 viri
331 1483 423 1559 fidem,
437 1504 486 1543 neo
508 1480 685 1562 interrogavit
704 1500 738 1540 au
759 1477 848 1539 curari
903 1479 949 1540 καί
959 1484 1075 1561 στρῶσον
1086 1484 1198 1563 σεαυτῷ.
1219 1481 1272 1541 Καὶ
1284 1479 1378 1549 εθθίως
1391 1479 1501 1552 ἀνέστη.
1524 1477 1580 1540 Καί
1592 1475 1636 1537 διδ
1649 1462 1690 1536 τῶ

103 1579 206 1639 vellet?
217 1581 288 1640 Sane
301 1578 365 1657 quia
378 1576 414 1638 ad
427 1576 578 1636 multorum
589 1572 795 1634 oonsolationem
810 1571 849 1631 fa·
905 1573 942 1651 μή
956 1573 1076 1652 ἀνέμεινε
1084 1573 1133 1648 τήν
1143 1574 1232 1635 πίστιν
1242 1579 1287 1634 τοῦ
1302 1574 1403 1656 ἀνδρὸς,
1417 1573 1485 1652 μηδὲ
1496 1572 1636 1655 ἠρώτησεν
1652 1576 1674 1632 εἰ

102 1683 176 1730 ctum
199 1684 238 1730 est
263 1670 435 1730 miraculum.
447 1671 542 1748 ltaque
563 1665 628 1728 andi
654 1678 785 1745 quuntum
806 1664 848 1723 lu·
905 1665 1025 1745 βούλοιτο
1045 1671 1254 1748 θεραπευθῆναις
1273 1666 1400 1727 Μάλιστα
1418 1666 1466 1746 μὲν
1486 1657 1533 1725 oio
1552 1664 1600 1725 καί
1612 1666 1674 1749 πρδς

102 1783 179 1821 orum
193 1785 199 1818 ε
213 1761 354 1843 subjungit
372 1761 445 1820 enim
461 1759 554 1820 dicens
566 1779 574 1812 ι
586 1758 634 1818 55.
646 1759 688 1817 Et
708 1758 847 1818 viderunt
903 1759 1008 1818 πολλῶν
1028 1757 1197 1841 παράκλησιν
1222 1757 1325 1838 ἐγένετο
1337 1759 1369 1820 εδ
1387 1764 1486 1837 θαῦμα.
1499 1755 1595 1819 Ἄκουε
1614 1762 1672 1834 γῶν

67 1855 83 1875 “
102 1874 210 1925 omnes,
230 1857 281 1935 qui
299 1854 476 1914 habitabant
502 1851 616 1927 Lydda
641 1862 670 1909 et
687 1849 846 1922 Assarom',
905 1848 1003 1910 καὶτὸ
1024 1849 1115 1931 κάρδος
1132 1848 1193 1911 δσον
1208 1873 1215 1886 ·
1231 1850 1324 1930 ἐπάγει
1337 1851 1389 1933 γάρ
1406 1849 1510 1932 λέγων·
1532 1849 1589 1911 Καὶ
1607 1841 1672 1910 εἶδον

102 1951 153 2025 qui
164 1949 298 2006 conversi
306 1958 376 2005 sunt
387 1946 429 2004 ad
441 1947 611 2004 Douu'num.
625 1942 697 2002 Rene
710 1940 749 2001 sic
757 1940 848 2002 dixit:
904 1940 1001 2008 πάντες
1021 1945 1045 2002 oi
1059 1949 1240 2010 κατοικοῦντες
1256 1941 1362 2003 Λύδδαν
1381 1944 1427 2002 καὶ
1449 1942 1494 2002 τὸν
1509 1942 1673 2024 Ἀσσάρωνα,

101 2038 216 2118 insignis
227 2039 299 2100 enim
309 2051 366 2097 orat
377 2038 439 2111 νίας
453 2049 693 2117 argumentumque
704 2033 751 2094 dat
764 2034 847 2115 signi,
903 2033 995 2102 οἵτινες
1008 2034 1172 2117 ἐπέστρεψαν
1185 2035 1229 2096 ἐπί
1244 2035 1289 2097 τδν
1302 2034 1410 2119 Κύριον.
1426 2038 1522 2104 Καλῶς
1533 2034 1617 2104 ούτως
1635 2025 1673 2095 εί-

100 2129 175 2209 quod
189 2132 266 2192 tollat
283 2131 437 2212 grabatum.
454 2132 516 2190 Non
532 2129 620 2191 solum
635 2129 706 2188 enim
717 2149 733 2188 a
745 2128 848 2191 morbis
903 2151 951 2188 πεν
965 2150 972 2165 ·
987 2127 1117 2207 ἐπίσημος
1132 2127 1183 2211 γὰρ
1198 2119 1230 2202 ήν
1244 2133 1258 2189 θ
1274 2127 1356 2211 ἀνήρ·
1371 2128 1429 2190 tou
1442 2127 1489 2188 καὶ
1508 2125 1618 2210 ἔλεγχον
1637 2125 1674 2187 δί·

99 2222 294 2299 liberauerunt,
307 2222 353 2282 sod
367 2223 449 2283 etiam
461 2244 523 2283 curn
534 2221 648 2282 sanitate
657 2220 730 2281 uires
741 2222 846 2303 praestiw
856 2266 893 2307 ¹„
904 2221 969 2279 δωσι
986 2226 1032 2279 τοῦ
1055 2219 1165 2297 σημείου
1175 2266 1183 2294 ,
1195 2220 1227 2280 τδ
1242 2212 1304 2302 ἀραι
1318 2219 1363 2281 τδν
1378 2219 1541 2301 κράθθατον.
1564 2221 1606 2278 Ob
1626 2218 1675 2298 γδρ

98 2327 196 2376 terunt.
211 2315 340 2395 Alioquin
355 2313 577 2374 autemnondum
599 2313 708 2374 virtutis
731 2335 787 2373 suae
810 2315 846 2373 si·
866 2322 886 2369 λ
905 2312 937 2386 δή
955 2317 1007 2373 τῶν
1027 2313 1185 2392 νοσημάτων
1206 2313 1375 2386 ἀπήλλαττον
1395 2312 1491 2391 μόνω,
1514 2311 1587 2373 ἀλλά
1609 2311 1675 2392 μετά

98 2426 151 2486 gua
163 2408 360 2486 dederant3ita
370 2420 401 2466 ut
415 2407 511 2467 merito
527 2427 580 2478 non
595 2406 847 2487 exigereturaviro
902 2410 950 2479 τῆς
970 2406 1058 2485 ὑγείας
1076 2415 1203 2487 παρεῖχον
1226 2403 1266 2466 ἔτι
1281 2405 1327 2466 καὶ
1348 2405 1433 2488 ἰσχύν.
1454 2404 1558 2475 Ἄλλως
1579 2406 1606 2466 δὲ
1631 2404 1674 2488 καί

98 2486 176 2574 fides,
205 2498 423 2579 qnandoquidem
450 2518 503 2558 nou
529 2511 674 2578 exegerunt
698 2520 714 2558 a
735 2497 842 2560 claudo.
902 2498 961 2559 τθτε
978 2499 1052 2559 ούπω
1065 2491 1133 2572 ήσαν
1155 2497 1288 2580 τεκμήρια
1308 2501 1356 2571 τῆς
1375 2496 1473 2566 οἰκείας
1492 2497 1675 2583 παραὸχθντες

101 2589 339 2663 Quemadmodum
348 2591 468 2671 igituret
477 2591 602 2651 Christus
615 2590 693 2650 initio
705 2589 845 2673 signorum
902 2590 1046 2669 δυνάμεως,
1065 2588 1136 2651 ὥστε
1156 2589 1264 2658 είκύτως
1279 2593 1328 2650 οθκ
1351 2593 1479 2668 ἀπῃτεῖτο
1491 2589 1543 2664 τήν
1557 2589 1675 2650 πίστινθ

97 2680 181 2742 fidem
205 2704 258 2743 non
280 2683 405 2764 exigebat
428 2706 435 2740 ι
459 2683 498 2742 sic
526 2702 612 2761 neque
632 2682 686 2742 isti.
707 2683 844 2767 Jerosoly-
900 2681 982 2763 ἀνήρ,
1002 2680 1093 2754 ἐπειδή
1114 2679 1175 2743 odd!
1192 2681 1237 2742 τὸν
1261 2681 1348 2763 χωλδν
1369 2683 1520 2763 ἀπῄτησεν.
1545 2682 1673 2764 Καθάπερ

97 2773 149 2833 mis
168 2774 240 2834 enim
263 2774 330 2834 fides
357 2774 453 2835 merito
475 2776 552 2856 prius
577 2774 736 2855 exigebatur
751 2800 758 2833 ι
772 2776 845 2837 unde
902 2766 946 2836 ούν
960 2781 974 2836 δ
989 2775 1104 2859 Χριστὸς
1124 2773 1269 2858 ἀρχόμενος
1287 2779 1341 2835 τῶν
1362 2775 1480 2854 σημείων
1504 2777 1556 2835 οὐκ
1576 2775 1673 2856 ἀπήτει

97 2880 123 2925 et
145 2880 255 2948 proptor
283 2867 380 2944 fidem,
405 2880 536 2946 quotquot
563 2867 666 2928 morbis
690 2868 846 2930 detineban-
901 2867 1009 2929 πίστιν·
1023 2867 1104 2934 ούτως
1122 2867 1180 2927 οὐδὲ
1195 2859 1273 2927 οὗτοι.
1287 2869 1334 2927 Ἐν
1354 2865 1548 2949 Ἱεροσολύμοις
1562 2865 1610 2946 μὶν
1623 2867 1672 2950 γάρ

97 2972 152 3037 tur,
176 2960 204 3018 in
235 2959 288 3019 viis
312 2960 537 3041 exponebantur,
563 2975 594 3020 ut
614 2961 747 3023 uenientis
772 2965 846 3025 Petri
903 2960 1038 3033 είκθτωςή
1055 2959 1144 3027 πίστις
1157 2963 1242 3019 αὐτῶν
1255 2958 1381 3042 πρότερον
1396 2962 1542 3038 ἀπητεῖτο·
1556 2957 1613 3019 θθεν
1628 2959 1672 3019 καὶ

97 3050 192 3108 saltem
219 3049 315 3109 umbra
345 3050 500 3131 quempiam
527 3051 637 3111 illorum
663 3054 844 3116 obumbraret.
903 3052 946 3112 διδι
971 3051 1071 3125 πίστιν,
1092 3051 1149 3112 ύσοι
1165 3050 1315 3133 συνείχοντο
1339 3051 1493 3123 ἀσθενείαις,
1520 3059 1580 3119 ταῖς
1606 3052 1672 3120 θδοὶς

97 3141 185 3199 Multa
203 3142 276 3200 enim
291 3141 348 3201 illic
363 3142 441 3222 signa
457 3142 605 3204 edebantur
611 3167 619 3220 ς
633 3143 680 3204 hic
689 3144 779 3205 autern
792 3147 846 3207 hoo
902 3142 1057 3216 ἐξετίθεντο,
1072 3142 1114 3203 ίνα
1123 3188 1132 3217 ,
1145 3142 1287 3225 ἐρχομένου
1303 3141 1335 3215 δή
1358 3142 1479 3223 Πέτρον,
1502 3141 1554 3202 κάν
1575 3147 1593 3216 ή
1612 3142 1670 3202 σκιθ

96 3232 342 3313 primumeontigit.
355 3235 425 3293 Nam
438 3234 514 3314 signa
528 3235 582 3294 alia
595 3235 632 3296 ad
645 3236 713 3297 alios
724 3237 845 3298 allicien-
902 3235 1042 3317 ἐπισκιάση
1063 3235 1115 3295 τινί
1135 3239 1231 3295 αὐτῶν.
1254 3234 1348 3295 Πολλά
1362 3233 1413 3318 γάρ
1428 3236 1531 3314 ἐγίνετο
1550 3239 1605 3296 ἐκεῖ
1622 3260 1670 3308 ση-

95 3324 144 3383 dos
154 3324 312 3399 edebantur,
328 3324 380 3384 alia
393 3325 431 3385 ad
443 3325 610 3387 oedenmm
625 3327 842 3409 consolationem.
863 3334 881 3380 Β
902 3327 980 3404 μεῖα,
995 3331 1104 3387 ἐνταῦθα
1119 3326 1147 3388 δὲ
1161 3333 1238 3387 τοῦτο
1260 3331 1365 3408 πρῶτον
1382 3326 1550 3406 ΙσυμύαίνειΙ
1566 3327 1611 3389 To
1625 3326 1668 3408 pb

97 3420 620 3501 36.1nJoppeauremsuuquaedam
630 3422 775 3503 discipula
787 3445 842 3482 no·
900 3418 952 3498 γάρ
966 3423 1018 3478 τῶν
1031 3419 1148 3498 σημείων
1162 3419 1228 3501 ὑπὲρ
1241 3423 1287 3477 τοῦ
1301 3417 1361 3486 τοὺς
1370 3418 1464 3503 ἄλλους
1474 3419 1667 3481 ἐπισπάσασθαι

97 3514 175 3569 mine
207 3513 344 3583 Τσθῐιθσ,
375 3515 483 3593 quasi
501 3516 715 3592 interpretetur,
736 3516 845 3575 dicitu
900 3510 1012 3591 ἐγίνετο,
1032 3511 1066 3572 τὰ
1086 3513 1113 3572 δὲ
1130 3510 1196 3594 ὑπὲρ
1210 3516 1257 3583 τῆς
1274 3513 1326 3569 τῶν
1340 3509 1518 3592 πιττινύντῳν
1532 3511 1665 3597 παρακλή-

96 3604 210 3662 doreas.
223 3605 296 3662 Hac
306 3616 369 3663 erat
378 3604 470 3683 plena
479 3608 610 3684 operibus
621 3608 714 3679 bunis,
728 3620 757 3666 et
770 3609 843 3666 elee-
899 3625 973 3670 σεως.
987 3604 1033 3663 Ἐν
1052 3603 1150 3683 Ἰόππη
1172 3603 1201 3663 δέ
1218 3626 1258 3670 τις
1271 3594 1304 3675 ήν
1324 3601 1457 3684 μαθήτρια
1479 3601 1591 3683 ὀνόματι
1610 3606 1666 3665 Τα-

97 3699 240 3770 mosyuis,
259 3714 333 3776 quas
342 3697 492 3776 faciebat.
509 3697 557 3756 57.
575 3699 702 3757 Factum
723 3712 767 3758 est
789 3721 842 3759 au·
899 3694 987 3767 ύηθά,
1007 3696 1025 3768 ή
1049 3693 1270 3775 διερμηνευομένη
1294 3693 1400 3774 λέγεται
1419 3695 1525 3778 δορκάς.
1541 3695 1615 3768 nom
1635 3687 1663 3768 ήν

96 3800 154 3846 tem
178 3791 211 3849 ιἰι
233 3789 334 3847 diebus
359 3788 420 3846 illis
444 3801 475 3846 ut
498 3788 652 3870 infirmata
674 3804 840 3851 moreretur.
897 3787 1002 3867 πλήμης
1021 3791 1126 3868 ἀγαθῶν
1145 3785 1228 3868 ἔργων
1249 3787 1294 3847 καί
1312 3789 1495 3867 ἐλεημοσυνῶν
1515 3779 1553 3848 ῶν
1575 3787 1662 3850 ἐποίει.

98 3879 272 3957 Quamcum
289 3879 440 3951 lavissent,
452 3885 732 3960 posuerunteamin
744 3904 842 3944 eoena-
898 3878 1020 3959 Ἐγένετο
1040 3879 1068 3938 δὲ
1089 3883 1116 3939 ἐν
1139 3889 1197 3947 ταῖς
1220 3878 1333 3962 ἡμέραις
1355 3878 1467 3948 ἐκείναις
1487 3880 1662 3952 ἀσθενήσασαν

94 3972 171 4030 culo.
190 3972 240 4032 58.
256 3971 332 4031 Cum
351 3983 451 4029 autam
468 3991 558 4051 prope
576 3985 650 4031 esset
671 3974 779 4049 Lydda
800 3977 842 4034 ad
897 3971 978 4046 αὐτὴν
1000 3976 1151 4032 ἀποθανεῖν.
1175 3971 1322 4040 Αούσαντες
1348 3971 1493 4045 δίἀθτήν,
1518 3972 1615 4047 ἔθηκαν
1638 3975 1662 4032 ἐν

94 4063 218 4142 Joppeu,
236 4064 373 4143 discipuli
390 4063 553 4136 audientes,
571 4065 651 4145 quod
666 4068 772 4127 Petrus
791 4088 838 4128 es·
896 4064 1017 4147 ὑπερῴῳ.
1033 4063 1130 4145 Ἐγγύς
1144 4063 1171 4125 δὲ
1185 4065 1264 4137 ούσης
1282 4063 1432 4145 Λύδδηςπῇ
1447 4064 1558 4145 Ἰόππῃ,
1576 4070 1601 4126 oi
1615 4064 1675 4146 μοι’

94 4167 136 4212 set
156 4159 188 4212 ιἰι
206 4177 251 4226 ea,
271 4159 411 4214 miserunt
427 4156 501 4215 duos
518 4159 616 4228 uiros,
632 4172 785 4239 rogantes,
804 4181 840 4220 ne
858 4170 877 4217 c
896 4157 974 4229 θηταλ
995 4156 1167 4231 ἀκούσαντες,
1181 4155 1223 4215 δτι
1241 4155 1343 4237 Πέτρος
1364 4157 1435 4216 ἐστίν
1456 4160 1483 4217 ἓν
1503 4161 1587 4237 αὐτῇ,
1601 4157 1663 4219 ἀτί·

94 4247 230 4327 differret
238 4250 341 4304 venire
348 4249 490 4327 usquead
495 4251 580 4328 ipsos.
588 4249 644 4308 Gur
651 4265 840 4332 exspectamur
896 4251 1002 4307 οτιιλαν
1022 4247 1067 4307 δύο
1084 4248 1180 4329 ἄνδρας
1192 4251 1406 4328 παρακαλοῦντες
1417 4247 1455 4328 μὴ
1471 4251 1587 4322 ὀκνῆσαι
1600 4251 1664 4310 διιλ·

93 4337 179 4395 donee
198 4338 369 4397 moreretur?
384 4359 433 4397 cur
452 4360 507 4398 non
521 4353 583 4400 ante
595 4355 704 4422 rogatus
719 4343 771 4403 fuit
784 4348 839 4404 Pe·
896 4344 949 4399 θεῖν
964 4340 1013 4407 istut
1036 4343 1130 4400 αὐτῶν·
1152 4339 1204 4400 Διὰ
1222 4340 1431 4421 rimabuntur*
1450 4345 1609 4416 ἇπνθανιῑν;
1625 4341 1663 4401 δῑθ

93 4430 170 4488 trus?
186 4429 334 4508 indignum
351 4443 477 4510 putantes
496 4444 570 4508 tunc,
585 4452 647 4492 oum
661 4433 839 4517 philosopha-
895 4431 922 4492 τί
942 4432 980 4512 μὴ
1010 4432 1106 4505 ίσιιύλη
1138 4433 1240 4514 Πίερος
1262 4434 1307 4494 κοιλ
1331 4435 1384 4516 πρδ
1411 4433 1522 4509 τούτους
1553 4436 1664 4506 ’ἀνάξιοι

93 4534 196 4596 mtur,
212 4519 361 4600 discipulos
385 4519 420 4579 ad
440 4542 483 4579 res
504 4520 663 4603 hujusmodi
680 4545 800 4604 gravare,
814 4523 842 4588 'et
894 4530 1006 4604 ἡγοῦντο
1033 4525 1123 4585 λοιπὸν
1150 4529 1351 4608 φιλοσοφοῦντες
1374 4525 1442 4609 ὑπὲρ
1464 4531 1518 4587 τῶν
1544 4528 1663 4590 τοιούτων

91 4613 312 4696 ομτωθίεοιίοιιε
333 4613 498 4673 abstrahere.
517 4618 586 4675 Nam
602 4615 662 4677 ideo
677 4618 745 4679 dicit
758 4643 842 4703 prope
894 4615 1088 4695 τοὺςμαθητδις
1108 4618 1239 4687 σκύλλειν,
1254 4619 1360 4678 καὶτοῦ
1383 4619 1555 4701 κηρύγματος
1577 4643 1664 4701 παρα-

90 4707 183 4782 θιιὶεεε,
192 4721 223 4766 ιιι
234 4704 356 4765 ostendat
368 4705 430 4766 illos
444 4707 522 4785 quasi
533 4729 590 4767 rem
602 4711 740 4772 occasione
749 4713 839 4774 oblata
894 4719 980 4791 στᾷν·
994 4709 1050 4769 ἐπεὶ
1063 4710 1108 4769 καί
1121 4709 1164 4770 διὰ
1178 4716 1255 4771 τοῦτο
1268 4711 1339 4791 λέγει
1351 4756 1358 4784 ,
1373 4709 1413 4771 ὅτι
1432 4709 1531 4793 Ι’ἐγγὺς
1544 4705 1588 4787 ήν,
1601 4712 1665 4772 um

90 4799 199 4881 petiisse
209 4799 362 4880 (discipuia
383 4799 455 4858 enim
475 4805 563 4877 orat),
579 4822 632 4860 non
654 4818 743 4863 nutem
767 4829 839 4887 prae-
894 4802 989 4875 δεῖξαι,
1004 4803 1044 4860 δτι
1058 4806 1085 4861 ἐν
1098 4801 1171 4871 τάξει
1185 4802 1318 4885 παρέργου
1336 4803 1505 4885 τοῦτοήτουν
1521 4806 1664 4887 (μαθήτρια

90 4894 170 4973 cipuo
185 4894 254 4952 looo.
269 4892 317 4951 59.
335 4892 505 4972 Exsurgens
521 4906 620 4952 aretem
634 4898 740 4956 Petrus
756 4905 840 4959 uenit
893 4895 943 4974 γὰρ
965 4886 1026 4973 ἧν),
1040 4895 1243 4976 προηγουμένως
1257 4895 1284 4955 δὲ
1298 4897 1346 4956 οὒκ
1359 4893 1407 4955 ἔτι·
1422 4895 1551 4965 Ἀναστθο
1565 4896 1594 4958 δὲ
1615 4895 1664 4957 Πί-

123 5091 219 5142 bldem
237 5093 300 5152 οὗτος
312 5100 346 5153 ἦν.
365 5101 402 5147 καὶ
415 5101 472 5155 ota,
493 5102 545 5147 ἔνθα
564 5099 615 5161 μιν.
635 5097 704 5161 [Mox
723 5116 769 5165 pro
789 5103 857 5164 οὗτος
940 5102 1011 5150 bHic
1022 5118 1084 5152 unua
1102 5101 1194 5153 mubaa
1205 5100 1308 5152 exhibet
1319 5102 1346 5152 in
1357 5101 1420 5152 serie
1430 5113 1456 5152 ει
1472 5102 1500 5153 in
1515 5099 1566 5152 situ
1578 5115 1664 5154 vocum

90 5177 127 5222 ola
139 5168 256 5219 dedimus
269 5176 340 5230 οὕτως
350 5178 412 5226 otae
423 5170 506 5225 Codd.
519 5184 545 5224 et
554 5173 658 5229 savilio.
906 5181 1050 5245 vnriototes,
1063 5199 1126 5248 quas
1137 5179 1229 5232 referre
1246 5178 1343 5248 longior
1352 5192 1426 5232 osset.
1441 5183 1474 5232 At
1489 5180 1539 5236 itlae
1555 5177 1618 5233 nibil
1629 5195 1662 5228 ee·

122 5264 133 5286 ι
145 5245 231 5297 Μυσοί.
245 5253 371 5315 ευμθαθνιι,
386 5248 449 5301 ullus
460 5257 576 5306 θπιθαὶεει.
906 5261 966 5310 riem
979 5258 1094 5319 turbant.
