3728 5978
239 393 310 488 458
696 378 706 399 ⁰
915 394 1112 466 'oteramo

140 548 218 593 emt
221 541 332 603 multis
341 538 469 600 delictis'
461 560 489 600 ru
497 537 726 622 justificationem.
743 539 785 598 Et
792 551 858 619 post
868 539 1024 620 paululum
1033 543 1096 599 ait:
1106 539 1220 600 Primo
1235 540 1309 600 euim
1318 539 1412 600 dixit
1406 540 1599 613 ·Quoniam'
1577 564 1600 602 ιι
1614 544 1696 603 uuius
1711 564 1807 624 proea-

83 608 157 652 ⁶¹*
107 609 191 670 ''¹³⁸⁰''
128 670 225 733 paor.
237 649 296 695 tum
309 632 552 710 interseritomues,
567 631 655 692 multo
669 632 792 713 magistet
805 652 887 694 umus
896 648 982 715 gratia
992 646 1091 716 potent
1104 633 1219 696 salvate.
1232 635 1296 695 Post
1309 636 1368 695 haec
1378 648 1469 696 autem
1478 637 1596 697 ostendit
1597 641 1726 717 ,ιἰιριιίι,
1738 659 1806 717 quo·

82 671 155 780 ’ΒΨ
237 729 310 790 niam
319 746 372 788 rou
385 727 457 787 illud
472 726 561 787 solum
573 727 743 788 interfectum
756 741 796 789 est
806 741 946 832 perustum
957 729 1141 811 pergratiam,
1151 726 1199 789 sed
1209 728 1291 790 etiam
1302 730 1393 791 omnia
1405 732 1526 811 reliqua·
1538 745 1565 793 et
1575 753 1628 792 nou
1639 730 1731 793 solum
1745 755 1808 814 poc-

237 834 295 882 orta
306 818 444 880 interfecta
457 831 531 898 suut,
546 816 595 878 sod
609 818 691 878 etium
704 832 731 879 et
744 818 868 879 tributa
857 818 964 901 justitia
980 832 1042 879 ost·
1058 832 1085 879 et
1100 838 1153 879 uon
1170 832 1277 880 tautum
1290 821 1378 880 solum
1392 823 1495 904 profuit
1513 820 1650 896 Christus,
1672 836 1806 902 quantum

235 914 438 992 nocuitatem,
452 913 594 975 sedmulto
604 914 723 996 emplius
735 928 815 995 atque
827 914 925 997 magis
940 918 1014 976 Post
1025 914 1112 975 hoeo
1100 936 1134 974 tn
1145 915 1246 975 eodem
1259 936 1326 975 eum
1336 917 1374 977 de
1373 921 1533 1028 'baptismo
1545 932 1655 998 ageret,
1672 923 1803 998 interpo-

135 1031 147 1069 r
164 1030 225 1076 tutu
234 1012 293 1072 suit
303 1008 556 1089 oorhadpostolt‘,
570 1010 716 1070 dicentis:
726 1007 809 1070 ‘Au
801 1010 941 1090 rguoratis,
953 1014 1060 1092 inquit,
1073 1011 1169 1070 fratros
1170 1011 1323 1089 ,quoniam
1333 1012 1498 1092 quicumque
1508 1014 1537 1074 iu
1551 1013 1662 1073 Christo
1674 1012 1805 1094 haptirati

84 1091 182 1152 1’·⁵²⁵
193 1093 223 1138 ⁰
217 1123 339 1183 sumus,
349 1124 377 1163 ιιι
394 1117 480 1164 morte
488 1124 574 1185 rpsms
586 1102 715 1185 baptizati
728 1103 849 1164 sumus?
864 1103 1022 1187 Consepulti
1031 1122 1096 1184 ergo
1104 1122 1198 1164 sumus
1209 1105 1253 1164 illi
1266 1126 1315 1186 per
1327 1105 1514 1188 baptismum
1505 1128 1534 1167 ru
1548 1121 1646 1167 morte.
1661 1107 1739 1180 Qutd
1749 1121 1805 1167 esto

233 1201 267 1260 lu
277 1213 364 1261 morte
373 1198 448 1261 itlius
462 1198 590 1281 baptimi
604 1218 698 1260 sumus
710 1199 725 1259 ἱ)
736 1200 775 1260 Ut
789 1212 817 1259 et
829 1197 883 1281 ipsi
897 1199 1045 1261 moriamur
1058 1199 1128 1259 siout
1140 1212 1167 1260 et
1179 1199 1237 1259 itte.
1251 1201 1328 1260 Crux
1338 1200 1412 1261 euim
1425 1214 1465 1261 est
1480 1201 1626 1282 baptisma.
1637 1201 1724 1277 Quod
1736 1223 1801 1283 ergo

214 1334 217 1339 ·
233 1312 304 1356 crttx
319 1294 429 1357 Christo
444 1307 470 1354 et
484 1293 650 1376 sepulcrum,
667 1293 720 1354 hoo
732 1294 810 1355 nobis
826 1294 961 1377 baptisma
975 1296 1076 1354 fretum
1091 1306 1155 1371 est;
1172 1294 1278 1354 tametsi
1295 1316 1348 1356 non
1358 1295 1387 1354 iu
1401 1294 1524 1356 eisdem
1516 1296 1591 1377 ipsis.
1610 1297 1673 1378 Ipse
1685 1317 1804 1377 namque

232 1408 314 1449 carne
327 1402 353 1448 et
372 1400 495 1447 mortuus
511 1400 551 1447 est
565 1399 593 1446 et
612 1386 733 1468 sepultus
747 1410 757 1465 ς
772 1407 822 1447 nos
841 1399 932 1446 autem
947 1397 1055 1468 peoouto
1074 1384 1103 1444 iu
1120 1398 1244 1463 utroque.
1259 1386 1432 1467 Quapropter
1444 1406 1498 1446 uon
1511 1386 1594 1464 dixit,
1616 1386 1801 1468 Compleutati

219 1483 332 1562 'morti3
344 1482 400 1559 sod,
410 1481 592 1545 Similitudini
601 1483 705 1543 mortis.
713 1484 790 1544 Mors
801 1502 918 1562 namque
928 1495 955 1542 et
965 1481 1017 1541 hoo
1030 1493 1056 1540 et
1069 1478 1152 1557 illud,
1167 1479 1213 1540 sod
1222 1501 1276 1541 uon
1289 1481 1377 1541 eidem
1392 1481 1445 1563 ipsi
1458 1481 1588 1563 suhjaoet,
1603 1478 1651 1543 sed
1665 1483 1725 1543 haec
1738 1484 1801 1562 qui-

231 1576 294 1638 dem
303 1577 392 1638 caruis
402 1577 513 1652 Christi,
522 1590 613 1638 nostra
626 1590 716 1636 autem
729 1576 842 1658 peceati.
854 1573 1093 1650 Quemadmodum
1104 1594 1169 1657 ergo
1181 1575 1230 1636 illa
1242 1597 1316 1654 vera,
1329 1591 1356 1636 et
1369 1577 1435 1636 haee.
1508 1608 1511 1613 ·
1604 1609 1606 1614 ·

186 1701 223 1743 ,ῃ
271 1671 322 1732 His
331 1672 447 1753 adjicere
458 1671 548 1733 visum
555 1684 598 1733 ιιι
608 1671 665 1749 illa,
676 1692 736 1750 quae
749 1671 871 1735 seritius
881 1671 952 1731 cirea
961 1690 1037 1731 suam
1052 1668 1233 1731 homiliarum
1242 1671 1427 1753 chrysostomi
1440 1671 1469 1733 iu
1481 1672 1619 1755 Epistulas
1633 1673 1714 1733 Pauli
1729 1673 1797 1734 Fdi-

230 1765 340 1843 tionem,
353 1767 424 1826 uotis
438 1765 577 1847 promisit.
597 1768 679 1826 Putat
693 1765 741 1825 ille
755 1764 887 1826 Homilias
904 1761 1092 1847 chrysostomi
1109 1762 1137 1822 in
1153 1763 1305 1845 Epistulam
1317 1764 1354 1826 ad
1371 1767 1506 1826 Romanos
1523 1766 1673 1827 hutiochiae
1688 1767 1796 1829 habitas

229 1857 320 1934 fuisse,
331 1878 414 1937 quam
424 1875 473 1918 tros
486 1857 644 1941 senteutiam
659 1857 780 1941 amplexi
797 1876 899 1918 somus.
912 1858 1018 1923 Verum
1033 1855 1081 1916 ille
1097 1875 1150 1917 uon
1161 1855 1257 1917 eodem
1271 1879 1326 1936 quo
1341 1878 1389 1920 nos
1405 1859 1535 1942 κριτηρίῳ
1551 1859 1586 1920 ad
1603 1859 1680 1920 illam
1694 1881 1797 1941 propu-

231 1951 365 2034 gnandam
378 1952 535 2015 senteutiam
546 1973 611 2014 usus
623 1965 673 2015 est.
706 2000 712 2009 .
