3728 5978
234 400 311 493 418
578 422 608 468 s.
637 421 777 470 ιοιιινιιιο
803 419 986 469 cunusosn.
1015 422 1171 472 nncnmn.
1199 421 1468 499 nousnsnnnon.

235 548 372 607 omnibus
382 545 494 605 Judoeis
506 546 538 603 in
552 548 687 605 universo
699 547 778 615 orbe,
793 555 821 602 et
833 556 981 603 auctorem
1031 546 1084 604 τῶν
1096 543 1259 628 Ναζωραίων
1273 543 1416 624 αἱρέσεως,
1433 545 1460 611 θς
1479 543 1524 602 καῖ
1539 545 1569 604 τδ
1591 544 1660 626 ίερὸν
1686 545 1807 626 ἐπείρασε

236 641 390 699 seditionis
408 649 494 696 sectoe
515 637 750 713 Nazarenorum,
770 638 800 695 6.
819 639 870 715 qui
892 639 982 694 etium
1033 635 1200 713 βεόηλιῦσαι·
1220 637 1248 697 δν
1264 637 1310 696 καί
1327 637 1529 718 ἐκρατήσαμεν,
1541 637 1586 696 καί
1600 636 1727 697 κατδτδν
1741 643 1805 716 ήμέ.

237 733 376 811 templum
389 731 506 789 violare
518 741 642 788 conotus
656 743 700 788 est
711 749 814 809 :quem
832 741 861 787 et
874 749 981 807 appre-
1030 750 1106 808 τερον
1119 727 1198 807 νόμον
1210 728 1378 806 ἠθελήσαμεν
1390 738 1486 810 κρῖναι.
1501 726 1649 808 Παρελθὼν
1664 727 1693 788 δέ
1710 730 1807 797 Λυσίας

236 825 360 882 densum
380 821 530 880 voluimus
551 821 711 879 secundum
734 820 825 900 legem
849 831 982 877 nostram
1032 817 1210 900 θχιλίαρχος,
1223 820 1291 898 μετὰ
1311 822 1412 892 πολλῆς
1427 819 1486 898 βίας
1499 823 1529 880 ἐκ
1549 826 1602 880 τῶν
1615 825 1715 903 χειρῶν
1733 826 1806 900 ήμῶν

230 913 376 994 judicare.
391 912 420 970 7.
434 911 645 991 Superveniens
657 923 757 970 autem
768 913 906 970 tribunus
916 911 981 984 Ly·
1032 912 1170 994 ἀηήγαγε,
1197 912 1323 979 κελεύσας
1336 912 1396 980 τοὺς
1409 913 1572 995 κατηγόρους
1586 915 1664 972 αὐτοῦ
1685 913 1808 994 ἔρχεσθαι

235 1008 308 1077 siaS,
323 1023 390 1062 cum
403 1006 438 1061 ui
453 1023 563 1083 magna
582 1005 687 1082 eripuit
706 1023 772 1061 eum
792 1004 829 1061 de
847 1003 982 1060 monibus
1031 1002 1076 1061 ἐπί
1101 1011 1162 1064 σοῦ·
1190 1008 1253 1084 παρ’
1280 995 1310 1064 οὗ
1333 1003 1443 1064 δύνασαι
1468 1005 1545 1072 αὐτὸς
1573 1003 1719 1087 ἀνακρίνας
1751 1007 1809 1085 περὶ

237 1097 356 1167 nostris,
369 1092 397 1153 8.
407 1096 516 1175 jubens
533 1106 719 1154 accusatores
730 1095 884 1175 ejusadte
896 1098 981 1153 ueni·
1031 1093 1137 1154 πάντων
1151 1095 1249 1156 τούτων
1264 1098 1423 1174 ἐπιγνῶναι,
1451 1086 1487 1155 ὧν
1508 1101 1586 1174 ἡμεῖς
1609 1102 1807 1178 κατηγοροῦμεν

234 1205 313 1256 re,·a
323 1206 381 1266 quo
388 1189 497 1266 poteris
508 1190 569 1266 ipse
577 1186 718 1267 judicans
728 1187 765 1245 de
776 1188 909 1245 omnibus
920 1186 981 1245 illis
989 1189 1119 1261 madidi.
1140 1191 1204 1256 Τοῖς
1223 1187 1293 1247 κατίι
1310 1187 1359 1260 τὴν
1373 1187 1547 1266 οἰκουμένην,
1562 1187 1657 1268 φησίν,
1671 1187 1809 1255 Ἰουδαίοις

235 1296 419 1357 cognoscere,
443 1279 480 1335 de
501 1281 606 1358 quibus
629 1298 682 1336 nos
704 1297 877 1337 accusamus
901 1298 977 1336 eum.
997 1278 1137 1347 Ᾰστοίσεις
1160 1287 1290 1340 κινοῦντα.
1315 1279 1363 1348 Ὡς
1388 1281 1511 1357 λυμεῶνα
1534 1279 1626 1339 λοιπὸν
1651 1277 1700 1337 καῖ
1727 1281 1808 1339 κοινδν

236 1369 451 1440 Concitontem,
468 1368 571 1448 inquit,
585 1371 742 1429 sediciones
765 1372 899 1430 omnibus
919 1372 978 1430 du-
1030 1369 1123 1451 ἐχθρὸν
1146 1375 1192 1431 τοῦ
1215 1372 1300 1440 ἔθνους
1313 1370 1484 1431 διαῦαλλουσι
1507 1369 1701 1450 πρωτοστάτην
1717 1392 1746 1428 τε
1765 1374 1809 1440 τῆς

235 1460 307 1520 daeis
321 1464 353 1518 in
362 1465 497 1521 universo
508 1465 586 1520 orbe.
600 1463 639 1522 Ut
649 1461 805 1543 pestiferum
817 1475 844 1521 et
857 1482 979 1521 commu·
1028 1465 1082 1521 τῶν
1092 1462 1255 1541 Ναζωραίων
1267 1464 1283 1493 *
1291 1462 1532 1542 αἱρέσεως.Ἔδόκει
1543 1468 1621 1523 τοῦτο
1635 1461 1809 1522 ἐπονείδιστον

235 1571 297 1611 nem
310 1553 396 1633 gentis
411 1553 514 1613 hostem
532 1553 610 1612 iilum
624 1552 835 1630 calumniantur,
857 1573 889 1612 ac
902 1568 979 1613 sectae
1029 1543 1111 1628 εἶναι,
1125 1553 1156 1613 τὸ
1167 1560 1218 1614 τῶν
1229 1556 1406 1633 Ναζωραίων·
1421 1554 1461 1614 διὸ
1475 1554 1521 1613 καί
1534 1559 1611 1614 τοῦτο
1621 1559 1755 1635 παρῆγον,
1766 1555 1808 1613 καὶ

234 1646 435 1705 Nmrenorum
447 1645 608 1728 principem.
622 1645 774 1719 Videbatur
794 1645 846 1705 hoc
865 1646 980 1726 ignomi-
1030 1646 1083 1705 ἀπὸ
1098 1645 1188 1707 τούτου
1210 1648 1289 1707 πάλιν
1304 1647 1443 1706 διέθαλλον
1464 1646 1590 1719 αθτόν·ή
1610 1645 1664 1727 γδρ
1688 1647 1809 1726 Ναζαμίθ

233 1735 342 1794 niosum
355 1757 423 1815 esse,
437 1736 512 1817 qnod
522 1739 732 1797 Nazarenomm:
742 1737 803 1796 idoo
813 1737 866 1796 hoc
879 1738 980 1818 produ-
1029 1735 1136 1808 εὐτελής
1148 1726 1254 1808 inlini
1267 1734 1400 1814 εὑρόντες,
1413 1734 1503 1816 ρησίν.
1517 1733 1609 1814 Ὅρα,
1626 1737 1686 1801 πῶς
1699 1735 1810 1813 κακοῦρ-

234 1840 334 1887 xerunt
341 1841 430 1905 ,etet
442 1827 478 1889 de
490 1849 520 1889 re
535 1828 633 1888 iterum
648 1829 885 1888 calumniabantur
898 1851 977 1908 ουτος
1030 1852 1082 1907 γως
1100 1829 1137 1895 ὡς
1157 1826 1337 1908 ιδιαρυγόντα
1357 1834 1562 1908 συκοφαντοῦσι,
1578 1826 1624 1887 καί
1645 1826 1725 1906 μόλις
1747 1831 1807 1888 ἐπι-

235 1920 350 1980 Nuaret
362 1921 435 1983 cuim
449 1921 514 1984 vilis
535 1936 600 1982 crat.
617 1924 659 1982 Et
672 1926 863 2001 incutientes,
878 1923 977 2003 inquit.
1029 1919 1166 2001 τυχόντες,
1184 1919 1270 1979 καίτοι
1287 1919 1354 1980 iniit
1366 1919 1468 1998 ήμόρας
1480 1909 1551 2000 ἐἶχεν
1565 1924 1592 1979 ἐν
1606 1923 1645 1999 τῷ
1662 1922 1738 2001 ἱερῷ.
1758 1918 1807 1980 Ὃν

236 2001 321 2088 Vide,
343 2033 425 2090 quam
448 2027 556 2072 versute
578 2013 659 2073 illum
682 2027 713 2074 ut
736 2016 882 2096 profugum
906 2017 980 2076 calu-
1031 2013 1076 2071 καί
1092 2011 1346 2096 ἐκρατήσαμεν,καί
1358 2010 1428 2070 κατίι
1440 2009 1486 2069 τὸν
1497 2010 1627 2092 ἡμέτερον
1643 2010 1725 2088 νόμον
1746 2014 1806 2082 ήθε-

172 2154 177 2159 .
235 2101 385 2179 mnientur,
399 2104 448 2163 vix
463 2104 543 2163 illum
562 2105 709 2184 assequuti,
728 2127 791 2165 cum
809 2121 910 2188 septem
923 2106 980 2168 dic·
1032 2102 1152 2184 λήσομεν
1167 2114 1265 2186 κρῖναι.
1282 2102 1357 2183 Ὅρα
1370 2105 1428 2170 πῶς
1439 2100 1484 2162 καί
1496 2102 1540 2161 τδν
1552 2102 1632 2180 νόμον
1646 2102 1806 2184 θῦρίζουσιν·

234 2178 326 2257 buiin
337 2196 437 2277 templo
451 2196 540 2256 fuerit.
557 2199 648 2276 Quem
662 2210 691 2258 et
703 2201 917 2279 apprehensum
926 2220 980 2258 oo·
1033 2195 1059 2256 εί
1071 2222 1101 2278 γε
1120 2196 1157 2275 μή
1169 2202 1245 2257 τοῦτο
1257 2195 1339 2274 νόμου
1352 2185 1402 2269 ήν,
1417 2193 1447 2253 τδ
1456 2193 1577 2265 τύπτειν,
1589 2193 1621 2254 τδ
1636 2197 1770 2276 ἀναιρεῖν,
1782 2195 1809 2253 τὸ

235 2285 514 2353 Wmussccundum
521 2290 612 2370 legem
622 2290 981 2367 nostramjudicareNidc
1032 2291 1124 2373 ίνεδρα
1137 2298 1233 2351 ποιεῖν.
1245 2279 1315 2348 Εἶτα
1334 2287 1440 2347 καὶτοῦ
1462 2286 1561 2346 Λυσίου
1575 2286 1737 2369 κατηγορία.
1751 2288 1809 2346 Πα-

233 2378 372 2459 quamdo
391 2394 418 2439 et
432 2380 519 2460 iugem
532 2381 694 2441 contumelia
715 2383 908 2443 afficiantmisi
925 2385 979 2444 ior·
995 2382 1017 2429 Β
1035 2382 1132 2467 ρελθὼν
1146 2382 1175 2445 δέ
1187 2381 1286 2447 Λυσίας
1305 2384 1319 2439 δ
1336 2379 1475 2461 χιλίαρχος
1498 2379 1565 2458 μετὰ
1578 2381 1681 2453 πολλῆς
1705 2379 1765 2459 βίας
1780 2382 1808 2438 ἐκ

235 2480 309 2530 tasso
318 2469 468 2531 secundum
480 2470 569 2552 legem
589 2485 657 2551 erat,
675 2474 832 2550 verberare,
843 2473 991 2553 occidere,
1032 2479 1086 2536 τῶν
1095 2477 1192 2557 χειρῶν
1204 2478 1281 2552 ἡμῶν
1296 2473 1448 2551 ἀπήγαγεν·
1465 2474 1494 2531 οὗ
1507 2474 1641 2550 προσῆκον
1656 2474 1747 2550 adid,
1761 2493 1808 2552 θη·

236 2561 371 2622 insidiari.
381 2563 512 2643 Sequitur
519 2564 609 2646 Lysia
617 2566 761 2625 accusatio.
771 2566 981 2647 Superveniens
1034 2566 1204 2648 σί,’πρᾶγμα
1224 2567 1323 2624 ποαῦν·
1337 2562 1408 2642 ὅμως
1427 2562 1546 2635 ἐποίησε.
1565 2565 1637 2644 Παρ’
1653 2552 1685 2622 οῦ
1697 2561 1807 2622 δόνασει

235 2667 336 2715 autem
349 2657 458 2732 Lysias
479 2660 614 2717 tribunus
627 2677 694 2717 cum
704 2660 739 2717 oi
752 2677 861 2739 magna
874 2662 979 2739 eripuit
1033 2659 1109 2727 αθτδς
1123 2656 1264 2740 ἀνακρίνας
1290 2654 1474 2736 περὶτούτων
1499 2654 1605 2714 πάντων
1632 2655 1750 2734 γνῶναι,
1773 2645 1806 2711 όν

234 2766 302 2806 σανα
322 2768 358 2805 ex
372 2750 507 2808 morsibus
519 2752 638 2809 nostris.
652 2750 712 2809 Non
734 2749 910 2809 conveniebat
924 2750 977 2829 iili,
1031 2755 1109 2830 ἡμεῖς
1135 2756 1331 2830 κατηγοροῦμεν
1350 2749 1438 2806 αὐτοῦ.
1467 2745 1644 2806 Συνεπέθεντο
1666 2744 1695 2806 δδ
1718 2745 1765 2804 καί
1784 2750 1807 2804 οἱ

235 2839 675 2922 inquit,remhanciaoere,quam
685 2843 979 2925 tameniecit.Exquo
1031 2841 1167 2914 Ἰουδαῖοι,
1191 2845 1335 2921 φάσκοντες
1353 2844 1439 2898 ταῦτα
1462 2837 1544 2905 οθτως
1569 2838 1650 2918 ἔχειν.
1673 2837 1712 2897 Τί
1730 2828 1808 2898 oisc

232 2938 343 3015 poteris
355 2935 497 3015 judicans
512 2936 549 2994 de
571 2937 617 2995 isis
640 2938 775 2995 omnibus
793 2956 976 3016 cognoscere,
1031 2937 1153 3007 Παῦλος
1169 2924 1220 3016 ipo
1234 2931 1278 2993 ἐπὶ
1293 2930 1393 2998 τούτοις
1401 2938 1475 3010 σιγᾷς
1488 2931 1637 3007 Οὐδαμῶς·
1652 2927 1724 2989 ἀλλὰ
1738 2931 1806 3010 παῤ-

235 3029 273 3087 de
286 3029 392 3108 quibus
402 3048 456 3087 nos
469 3047 642 3087 accusamus
655 3028 749 3088 illum.
757 3029 786 3087 9.
796 3028 981 3109 Adjecerunt
1034 3026 1186 3110 ῥησιόζεται
1204 3025 1286 3084 πάλιν
1307 3020 1353 3082 καί
1377 3020 1569 3102 ἀποκρίνεται·
1591 3020 1638 3081 καί
1661 3027 1741 3082 τοῦτο
1766 3027 1808 3081 τοῦ

197 3197 200 3203 Ι
235 3131 335 3178 autem
350 3133 379 3178 et
391 3120 502 3197 Iudai,
515 3121 644 3179 dicentes
665 3121 728 3179 nnc
748 3123 792 3179 ita
811 3140 843 3180 se
860 3122 978 3180 nabere.
1033 3117 1160 3198 ἡγεμόνος
1176 3112 1361 3197 βουληθέντος·
1382 3112 1499 3192 ἐπήγαγε
1518 3112 1586 3194 γάρ·
1611 3112 1757 3194 Ἀπεκρίθη
1782 3113 1807 3172 δέ

235 3211 313 3285 Quid
327 3233 391 3293 ergo
403 3211 527 3273 Paulus?
541 3233 607 3271 num
622 3210 657 3271 ad
678 3213 736 3271 baec
749 3212 840 3272 tacet?
853 3212 979 3290 Minime,
1033 3213 1139 3278 Παῦλος
1147 3208 1284 3275 νεύσαντος
1298 3209 1369 3286 αὐτῷ
1385 3211 1430 3264 τοῦ
1445 3203 1572 3283 ἡγεμόνος
1581 3204 1684 3284 λέγειν·
1698 3207 1730 3263 ἐκ
1741 3207 1806 3264 πολ-

235 3302 283 3363 sed
296 3304 382 3366 libore
390 3302 512 3384 loquitur
521 3303 619 3362 iterum
632 3316 659 3362 et
672 3303 826 3384 respondet,
839 3303 922 3383 idque
933 3325 982 3363 vo·
1032 3305 1086 3362 λῦιν
1102 3304 1168 3361 ἐτῶν
1186 3301 1249 3360 όντα
1264 3322 1293 3359 σε
1308 3296 1400 3379 κριτήν
1411 3296 1512 3355 δίκαιον
1522 3300 1559 3376 τῷ
1574 3295 1641 3355 ἔθνει
1651 3295 1739 3377 τούτῳ
1752 3299 1807 3355 ἐπι-

235 3394 444 3477 lentepraeside3
456 3393 582 3453 subdidit
595 3394 683 3454 enim:
698 3395 916 3475 10.Respondit
928 3417 980 3454 au-
998 3395 1017 3442 C
1033 3394 1177 3472 στάμενος,
1190 3390 1359 3473 εὐθυμότερον
1380 3389 1414 3448 τδ
1441 3387 1503 3469 περί
1529 3390 1646 3466 ἐμαυτοῦ
1661 3390 1807 3467 ἀπολογοῦ-

237 3500 295 3546 tem
305 3488 430 3560 Paulus,
441 3499 591 3545 annuente
604 3489 659 3545 sibi
671 3487 795 3566 praeside
808 3500 841 3545 ut
854 3488 979 3546 diceret:
1033 3511 1099 3565 μαι,
1111 3483 1255 3564 δυναμένου
1265 3507 1311 3542 σου
1326 3486 1441 3562 γνῶναι,
1459 3479 1500 3540 ότι
1516 3481 1544 3538 οὐ
1561 3479 1669 3546 πλείους
1690 3481 1745 3541 εἰσί
1767 3502 1808 3559 μοι

237 3581 286 3639 Ex
302 3579 404 3638 multis
417 3582 504 3637 annis
520 3589 548 3636 te
561 3598 622 3638 esse
630 3581 745 3659 justum
756 3580 887 3658 judicem
899 3583 982 3659 genti
1031 3580 1131 3659 ἡμέραν
1145 3577 1270 3649 δεκαδύο,
1286 3579 1332 3656 ἄρ’
1347 3567 1379 3646 ής
1395 3573 1492 3646 ἀνέόην
1506 3573 1697 3653 προσκυνήσων
1715 3577 1743 3633 ἐν
1757 3573 1808 3633 Ἱε-

237 3675 307 3732 ίιαῖσ
320 3676 425 3742 sciens,
445 3674 520 3729 bono
540 3674 641 3730 animo
652 3692 707 3751 pro
721 3693 767 3730 me
779 3673 977 3752 satisfaciam.
1032 3669 1180 3753 ρουσαλήμ.
1201 3670 1255 3730 Καὶ
1268 3666 1328 3727 οὔτε
1343 3671 1370 3727 ἐν
1392 3670 1430 3747 τῷ
1446 3669 1508 3747 ἱερῷ
1530 3658 1604 3745 είιρόν
1621 3688 1655 3743 με
1672 3665 1740 3746 πρός
1754 3690 1808 3724 τινα

236 3766 286 3824 ii.
299 3767 389 3824 Potes
402 3766 480 3822 enim
493 3783 676 3844 cognoscere,
689 3767 761 3845 quia
773 3784 832 3821 non
844 3784 903 3822 nou
911 3765 980 3844 plus
1032 3762 1215 3844 διαλεγόμενον
1226 3760 1244 3834 ἢ
1260 3758 1432 3820 ἐπισόστασιν
1444 3763 1571 3818 ποιοῦντα
1591 3757 1691 3838 ὄχλων,
1704 3758 1766 3819 οὔτε
1785 3761 1808 3818 ἐν

235 3869 305 3917 sunt
314 3856 468 3927 miticies,
480 3876 569 3936 quom
584 3856 748 3933 duodecim,
760 3877 797 3915 ex
811 3876 868 3936 quo
878 3877 980 3915 oscen·
1031 3865 1089 3925 ταῖς
1107 3863 1287 3934 συναγωγαῖς,
1307 3852 1365 3912 οὔτε
1379 3850 1448 3910 κατδ
1462 3849 1511 3923 τήν
1525 3848 1619 3909 πολιν·
1641 3849 1702 3910 οὔτε
1720 3875 1808 3931 παρα-

235 3951 269 4008 di
278 3951 405 4009 adoram
417 3951 450 4005 in
463 3947 645 4006 Jerusalem:
657 3949 703 4006 ίθ.
715 3961 744 4007 et
758 3970 851 4030 aeque
863 3951 896 4006 in
908 3962 979 4008 tcm-
1032 3954 1129 4020 στῆσαι
1148 3954 1192 4007 νῦν
1209 3945 1348 4016 δύνανται,
1368 3942 1430 4022 περί
1447 3933 1483 4002 ὧν
1501 3948 1546 4000 νῦν
1558 3943 1739 4021 κατηγοροῦσί
1752 3967 1809 4022 μου.

233 4043 286 4121 plo
305 4047 480 4102 invenerunt
500 4062 545 4098 me
565 4060 631 4098 cum
654 4041 758 4122 aliquo
780 4042 990 4121 disputantem¹
1032 4043 1091 4101 Οὐκ
1102 4042 1160 4101 ἐστι
1172 4046 1255 4101 ταῦτα
1267 4036 1406 4102 κολακείας
1416 4035 1450 4093 τὰ
1461 4035 1568 4116 ῥήματα
1577 4077 1585 4105 ,
1596 4034 1628 4094 τδ
1640 4041 1809 4114 μαρτυρῆσαι

234 4133 746 4214 autconctasumsacientemturboe,
758 4137 892 4216 neouein
902 4154 980 4210 syn·
1033 4136 1072 4215 τῷ
1087 4135 1201 4213 δικαστῇ
1221 4128 1404 4203 δικαιοσύνην·
1418 4128 1479 4187 ἀλλ’
1490 4131 1576 4187 ἐκεῖνα
1592 4129 1708 4205 μᾶλλον,
1725 4127 1756 4186 τδ
1771 4131 1810 4186 εί-

235 4230 347 4305 agogis,
370 4228 418 4285 15.
439 4245 532 4305 neque
549 4227 735 4283 incivitate:
749 4246 842 4306 neque
857 4229 983 4305 probare
1034 4234 1110 4301 πεῖν,
1122 4226 1231 4296 Πολλῆς
1251 4222 1356 4303 εἰρήνης
1376 4221 1532 4303 τυχᾶνοντες
1551 4219 1594 4278 διὰ
1620 4223 1678 4280 σοῦ.
1703 4220 1742 4279 Τί
1768 4211 1810 4280 οὖν

233 4330 412 4396 possunteo,
429 4318 466 4375 de
480 4319 585 4396 quibus
606 4337 684 4375 nuno
702 4331 909 4377 meoccusnnt.
920 4319 981 4378 Non
1034 4318 1132 4385 ἀδίκως
1146 4316 1315 4387 στασιάζετες
1331 4314 1433 4375 Σκόπει
1447 4313 1488 4372 δέ·
1504 4316 1598 4373 ἐκεῖνοι
1620 4312 1687 4390 πρὸς
1709 4311 1811 4372 ἀδικίαν

236 4421 299 4466 sunt
312 4407 370 4466 haeo
389 4406 553 4465 adulationis
572 4406 666 4482 verba,
683 4407 824 4467 testificari
836 4408 925 4489 judici
935 4409 982 4490 ju·
998 4431 1017 4477 n
1035 4407 1205 4491 παρώρμων,
1220 4397 1293 4472 οὗτος
1312 4405 1458 4465 τὸδίκαιον
1478 4404 1577 4476 ἐζήτει·
1593 4404 1633 4464 διδ
1648 4403 1694 4462 καί
1709 4403 1811 4482 ἔλεγεν·

236 4499 356 4577 stitiam5
368 4498 416 4559 sod
428 4498 473 4557 illa
483 4498 582 4580 potius,
594 4501 668 4559 Cum
679 4504 711 4559 iu
723 4502 818 4560 muita
828 4523 903 4581 poce
911 4523 982 4583 ago·
1035 4500 1217 4580 Εθθυμότερον
1232 4496 1265 4557 vi
1277 4497 1339 4577 περί
1350 4499 1465 4576 ἐμαυτοῦ
1483 4498 1680 4575 ἀπολογοῦμαι·
1693 4487 1751 4554 εἶτα
1768 4495 1812 4553 καὶ

236 4612 301 4650 mus
311 4611 365 4672 per
378 4603 415 4650 te.
430 4591 487 4648 Cur
509 4610 572 4668 crgo
595 4589 694 4670 injusto
718 4590 863 4651 seditiones
884 4593 983 4671 agitis?
1036 4592 1089 4652 ἀπὸ
1106 4597 1150 4662 τοῦ
1171 4589 1266 4672 χρόνου
1282 4589 1462 4669 ἰσχυρίζεται·
1477 4588 1528 4648 Ἐκ
1545 4591 1652 4648 πολλῶν
1667 4591 1734 4648 ἐτῶν
1746 4586 1812 4666 γὰρ,

236 4681 376 4764 Ρτφειιιίε
387 4694 489 4755 autem,
502 4680 543 4739 illi
557 4679 591 4739 ad
606 4680 768 4762 injustitiam
780 4683 927 4764 pellebant,
937 4683 983 4742 hic
1037 4684 1129 4765 ρησῖν,
1149 4683 1212 4742 ὄντα
1237 4705 1266 4742 σε
1287 4681 1378 4761 κριτήν
1398 4680 1579 4759 ἐπιστάμενος.
1606 4679 1661 4740 Καί
1685 4679 1713 4738 τί
1737 4684 1813 4738 τοῦτο

232 4775 368 4855 justitiam
389 4773 525 4852 quaercbat
539 4771 616 4831 :ideo
637 4771 745 4832 dicebat
758 4779 860 4834 :Bono
882 4779 983 4834 animo
1036 4777 1101 4857 πρὸς
1115 4773 1245 4842 ἀπόδειξιν
1262 4773 1408 4842 συνετέλει;
1431 4772 1522 4852 Μέγα·
1538 4770 1654 4831 δείκνυσι
1680 4769 1749 4850 γδρ,
1773 4771 1813 4828 δτι

234 4888 288 4944 pro
296 4888 342 4926 me
351 4869 537 4948 satisfaciam
544 4864 819 4948 ;dcindentempore
828 4868 981 4928 consumat:
1037 4869 1083 4929 καί
1104 4867 1182 4935 αὐτὸς
1207 4858 1260 4927 οἶδε
1283 4864 1364 4941 μηδὲν
1378 4857 1416 4925 ὧν
1431 4872 1620 4946 κατηγορεῖται
1644 4863 1813 4936 πεποιηκότα

268 5065 280 5090 ¹
292 5064 302 5128 [
312 5060 490 5115 Desiderantur
503 5063 544 5114 hic
556 5065 581 5114 in
591 5063 715 5115 Commei.
728 5075 754 5115 ci
765 5063 855 5114 Monif.
871 5063 946 5115 verim
960 5075 995 5120 αἱ·
1078 5082 1088 5106 ¹
1101 5065 1147 5117 Alii
1160 5069 1294 5133 διαρυγόντκ
1309 5071 1344 5116 οέὶ
1357 5067 1481 5125 intimis-a,
1496 5067 1532 5114 καὶ
1541 5066 1616 5128 μόλις.
1627 5058 1682 5124 [Sic
1692 5061 1721 5109 Α.
1736 5061 1764 5109 B.
1780 5060 1809 5107 C.

231 5153 346 5211 μίσεος...
360 5151 512 5214 Ναζωραίων,
532 5161 587 5210 quae
602 5159 615 5193 e
633 5143 711 5195 Sacil-
729 5155 755 5193 ct
773 5142 856 5196 Codd.
871 5146 996 5210 supplevi·
1047 5145 1120 5213 Atqui
1135 5151 1199 5213 αολις
1211 5160 1313 5202 omncs,
1324 5139 1393 5207 quod
1405 5158 1452 5208 pro
1463 5152 1531 5208 μόνον
1541 5139 1704 5205 recepimus]

234 5220 317 5283 mus}
