3728 5978
15 524 22 540 γ
107 435 177 532 746
462 459 490 504 s.
517 455 657 506 toronis
683 455 864 505 cantsosn.
894 457 1050 509 ancirana.
1078 459 1349 510 consrrnrrnor.

1 1612 88 1656 reopan-

1 1663 89 1707 dissidii

1 3826 77 3876 ¹.r3.3.

7 4295 80 4342 5.21.

103 581 179 642 enim
191 599 466 641 aerumnamamovere
474 600 599 659 nequeas,
609 577 843 660 induclacrymes,
899 580 951 640 Διὰ
977 586 1094 643 τοῦτοοθ
1116 583 1194 662 μόνον
1218 583 1255 662 μὴ
1271 590 1391 664 φθονεῖν,
1410 581 1487 644 ἀλλὰ
1504 582 1554 641 καί
1569 582 1677 661 teon}

105 685 132 731 ct
154 673 283 756 majorpm
296 685 402 753 partem
415 671 551 730 abstulisti
564 695 570 728 ι
583 671 605 730 si
623 691 676 730 non
692 670 778 752 possis
795 691 845 729 an·
897 672 976 733 πλέον
991 674 1046 734 ἐστὶ
1057 684 1195 755 παραινεῖ,
1209 676 1239 735 τὸ
1253 676 1300 735 καὶ
1314 676 1502 747 συνήδεσθαι·
1517 679 1569 733 τοῦ
1582 673 1633 756 γλρ
1647 676 1676 750 μί,

105 784 168 843 gere
186 764 352 841 felicitatem,
370 763 452 823 induc
467 763 601 843 gaudium
613 778 639 822 ct
661 784 786 843 magnam
801 784 844 823 ac·
898 770 1000 844 φθονεῖν
1012 771 1089 827 τοῦτο
1102 766 1169 827 πολὺ
1188 768 1277 828 πλέον.
1289 768 1331 828 Τὸ
1343 767 1411 827 αὐτὸ
1424 771 1464 833 εἰς
1478 765 1614 837 ἀλλήλους
1626 789 1677 846 ppo

104 858 247 919 cessionem
258 859 383 918 intulisti.
401 859 465 919 Ideo
477 881 529 919 non
543 858 631 919 solum
645 880 699 918 non
710 858 843 936 invidere,
898 863 1017 926 νοῦντες·
1033 858 1071 937 μὴ
1087 858 1121 917 τὰ
1135 860 1224 939 ὑψηλόν
1239 865 1410 942 φρονοῦντες,
1433 859 1508 920 ἀλλὰ
1523 865 1583 925 τοῖς
1596 880 1679 916 ταπει-

103 950 151 1010 sed
164 950 237 1030 quod
250 952 336 1011 multo
350 952 438 1033 majos
450 965 501 1029 est,
521 950 690 1030 congaudere
700 951 779 1031 jubet
793 973 801 1008 ε
817 950 847 1010 id
898 957 950 1017 νοῖς
961 949 1183 1030 συναπαγόμενοι.

102 1046 177 1125 quod
186 1048 369 1127 multomajus
378 1061 417 1106 est
425 1068 508 1126 quam
521 1068 574 1106 non
589 1045 717 1106 invidere.
731 1048 779 1105 to.
795 1048 846 1105 ld-

103 1141 199 1218 ipsum
205 1135 332 1198 invicem
346 1143 505 1197 sentientes
518 1160 527 1194 .·
542 1159 601 1195 non
613 1138 678 1197 ulta
688 1141 844 1217 sapientes,

100 1233 155 1291 sed
163 1232 323 1290 humilibus
334 1233 555 1289 consentientes.

140 1327 169 1383 2.
181 1323 411 1391 'Multamsursus
425 1320 460 1381 dc
482 1322 635 1381 humilitate
655 1342 748 1381 curam
762 1310 842 1402 geiit,
937 1320 1046 1392 Πολλὴν
1057 1322 1138 1382 ποθιν
1152 1323 1213 1401 περὶ
1231 1328 1278 1396 τῆς
1291 1321 1547 1404 ταπεινοφροσύνης
1572 1331 1677 1382 ποιεῖται

100 1417 180 1494 aqna
192 1435 341 1474 sermonem
356 1413 465 1494 incepit.
478 1415 547 1473 Nam
561 1413 708 1472 verisimile
721 1426 760 1472 est
782 1413 843 1474 illos
897 1412 946 1485 τλν
958 1415 1085 1488 σπουδὴν,
1099 1414 1156 1474 ὅθεν
1171 1416 1218 1475 καί
1229 1415 1326 1497 ἤρξατο
1339 1421 1386 1475 τοῦ
1400 1416 1496 1494 λόγου.
1513 1414 1571 1474 Καὶ
1585 1416 1635 1496 γὰρ
1646 1420 1675 1474 εἰ·

99 1507 170 1566 fastu
180 1507 273 1589 plenos
287 1507 376 1580 fuisse,
392 1520 451 1565 tum
464 1505 499 1564 ab
514 1505 590 1565 urbis
602 1507 767 1583 celebritate,
784 1519 844 1566 tum
897 1505 942 1574 κὸς
954 1497 987 1578 ἦν
1001 1505 1094 1575 αὐτοὺς
1108 1506 1274 1589 φρονήματος
1286 1506 1397 1585 μεστοὺς
1412 1498 1500 1580 εἶναι,
1514 1506 1563 1565 καὶ
1575 1508 1626 1566 ἀπὸ
1635 1510 1675 1575 τῆς

98 1598 161 1658 aliis
171 1598 265 1657 multis
274 1597 309 1657 de
319 1597 406 1657 causis
411 1619 420 1672 ;
433 1596 546 1674 ideoque
557 1597 708 1674 frequenter
715 1602 841 1662 morbum
861 1598 879 1645 Β
896 1595 997 1664 πόλιος
1013 1597 1059 1657 καὶ
1083 1599 1207 1680 ἑτέρωθεν
1220 1598 1402 1678 πολλαχόθεν·
1427 1599 1470 1657 διὸ
1493 1598 1544 1657 οιαὶ
1568 1603 1674 1677 συνεχοῦς

15 1756 20 1770 ι
98 1690 178 1750 illum
196 1690 314 1750 traducit
328 1704 354 1748 et
366 1691 467 1748 fastum
488 1689 652 1768 comprimit.
671 1691 748 1750 Nihil
768 1695 840 1754 enim
896 1689 1021 1770 ὑποσύρει
1030 1690 1061 1750 τὸ
1071 1689 1245 1769 νόσημα,καί
1261 1689 1440 1750 καταστέλλει
1450 1689 1504 1763 τὴν
1520 1692 1673 1770 φλεγμονόν.

97 1804 196 1866 corpus
205 1783 333 1843 Ecclesiae
347 1782 384 1840 ita
397 1779 537 1856 discindit,
552 1795 582 1839 ut
590 1784 750 1862 arrogantia.
766 1785 841 1858 Quid
896 1781 981 1840 Οὐδὲν
992 1780 1044 1862 γὰρ
1065 1781 1146 1851 οὕτως
1170 1782 1308 1864 ἀποσχίζει
1333 1787 1413 1861 σῶμα
1431 1783 1621 1856 Ἐιυιλησίας,
1642 1788 1673 1850 ίις

96 1897 160 1936 vem
172 1876 308 1955 significat
319 1872 401 1951 iliud,
414 1873 544 1952 idipsum
563 1876 688 1933 invicem
711 1884 841 1939 sentien-
896 1873 1043 1941 ἀλαζονεία.
1056 1875 1094 1934 Τί
1105 1874 1133 1934 δέ
1147 1879 1217 1948 ἐστι,
1227 1876 1268 1935 Τὸ
1280 1875 1343 1934 αὐτὸ
1354 1879 1391 1943 εἰς
1401 1876 1548 1947 ’ἀλλήλους
1557 1882 1672 1956 φρονοῦν

97 1975 163 2030 tes?
178 1967 295 2028 Advenit
309 1966 359 2026 tibi
375 1987 476 2047 pauper
497 1965 610 2025 mandes
624 1968 705 2028 tuas?
715 1969 783 2031 Esto
798 1973 839 2032 iili
894 1988 952 2038 τες;
966 1966 1133 2047 Πορεγένετό
1147 1991 1187 2027 σοι
1208 1972 1222 2027 θ
1241 1968 1323 2041 πένης
1343 1971 1380 2035 νίς
1400 1966 1452 2039 τόν
1478 1967 1588 2043 etates,
1599 1971 1671 2028 Γενοῧ

95 2081 175 2122 censu
182 2060 337 2122 similiszne
344 2059 472 2139 majorem
485 2079 605 2118 assumas
613 2059 713 2119 fastum
722 2062 758 2121 oh
766 2062 840 2125 diri·
894 2061 953 2119 κατ’
968 2061 1066 2120 ἐκεῖνον
1082 2065 1120 2140 τῷ
1134 2060 1297 2140 φρονήματν·
1313 2061 1351 2139 pt,
1368 2061 1482 2136 μείζονα
1500 2062 1589 2142 λάθῃς
1602 2064 1670 2142 ὄγκον

95 2153 147 2214 tias
158 2177 165 2212 ε
177 2153 205 2214 in
216 2152 325 2214 ctur'sn
336 2173 384 2211 nec
394 2151 471 2210 dives
493 2172 541 2210 nec
555 2173 657 2233 pauper
670 2165 719 2212 est.
730 2155 772 2215 Ne
783 2156 838 2216 ita-
894 2148 938 2209 ot
947 2151 993 2211 τόν
1006 2154 1131 2212 πλοῦτον·
1142 2156 1189 2213 οὐκ
1200 2152 1256 2212 ἔστι
1269 2153 1393 2222 πλοόσιος
1403 2154 1450 2214 καί
1464 2155 1554 2226 πένης
1565 2158 1593 2214 ἐν
1607 2157 1670 2236 xp-

93 2266 147 2325 qtte
162 2244 267 2328 pudore
279 2243 407 2316 afficiaris
419 2242 455 2302 ob
468 2255 608 2302 externum
629 2243 776 2322 amictum,
790 2247 839 2308 sed
894 2246 957 2322 στῷ.
972 2240 1019 2314 Μὴ
1032 2242 1116 2301 τοίνυν
1131 2247 1307 2324 ἐπαισχυνθῇς
1323 2244 1366 2304 διὰ
1387 2245 1439 2318 τὴν
1453 2245 1555 2314 ἔξωθεν
1569 2247 1670 2328 περιόν-

92 2336 199 2419 suscipe
214 2336 293 2396 illnm
308 2347 418 2417 propter
439 2333 573 2392 internam
591 2333 801 2414 iidemmeque,
814 2339 838 2398 si
892 2333 952 2409 λὴν,
970 2337 1029 2394 ἀλλ’
1042 2336 1169 2405 ἀπόδεξαι
1190 2337 1233 2395 διὰ
1244 2335 1292 2409 τὴν
1314 2336 1386 2397 ἔνδον
1403 2337 1514 2397 πίστιν·
1534 2339 1622 2418 μηδὲ,
1643 2340 1669 2398 ἂν

92 2430 228 2511 lugentem
243 2429 358 2503 videris,
371 2425 517 2528 indignum
534 2439 612 2507 putes
626 2448 707 2505 quem
718 2431 838 2490 console·
893 2423 952 2501 ίδῃς
968 2432 1129 2502 πενθοῦντα,
1143 2427 1245 2496 ἀνάξιον
1256 2428 1333 2486 αὐτὸν
1343 2427 1456 2509 νομίσῃς
1466 2431 1669 2509 παρακαλέσαι·

91 2521 145 2599 ris,
160 2542 248 2600 neque
261 2521 284 2579 si
298 2510 427 2601 prospere
436 2531 569 2598 agentem,
579 2518 720 2578 erubescas
733 2536 838 2601 partem
893 2515 978 2595 μηδὲ,
992 2517 1024 2577 ἂν
1039 2519 1095 2598 ἴδῃς
1112 2520 1308 2598 εὐημεροῦντα,
1330 2520 1493 2601 ἐρυθριιίσης
1509 2527 1669 2593 κοινωνῆσαι

90 2613 192 2673 Ιπῑίτίιο
202 2627 229 2672 et
239 2611 332 2693 gaudii
345 2611 496 2692 suscipere,
507 2607 555 2669 sed
569 2622 601 2669 ut
615 2631 679 2690 erga
693 2625 719 2670 te
735 2612 836 2694 ipsum,
891 2611 940 2680 τῆς
948 2611 1043 2682 ἡδονῆς
1055 2609 1100 2668 καί
1114 2615 1287 2685 συνησθῆναι,
1302 2614 1361 2671 ἀλλ’
1379 2611 1394 2671 8
1408 2612 1472 2692 περὶ
1485 2620 1602 2673 σεαυτοῦ
1614 2637 1669 2695 ppo

88 2705 128 2766 ita
139 2726 203 2787 erga
216 2705 295 2765 illum
308 2704 420 2764 affectus
432 2717 502 2771 esto:
513 2723 576 2762 nam
590 2701 639 2779 ait,
649 2705 780 2784 idipsum
792 2712 837 2766 in·
854 2714 874 2763 c
890 2709 956 2774 νεῖς,
971 2701 1017 2761 καί
1032 2702 1094 2782 περί
1111 2702 1210 2762 ἐκείνου
1222 2702 1387 2784 ’φρόνησον
1401 2705 1443 2763 Τὸ
1456 2705 1515 2788 γὰρ
1529 2705 1597 2764 αὐτὸ
1607 2730 1668 2787 φρο-

92 2803 183 2860 vicem
205 2802 372 2860 sentientes.
395 2793 523 2876 Exempli
546 2815 626 2854 causa
639 2818 646 2853 :
657 2814 785 2876 magnum
810 2814 837 2860 te
890 2799 1007 2867 νοῖνντος,
1023 2795 1114 2875 φησίν,
1126 2798 1162 2863 εἰς
1184 2797 1319 2868 ἀλλήλους.
1334 2789 1410 2865 Oion,
1423 2797 1513 2878 μέγαν
1523 2799 1621 2859 σαυτὸν
1637 2790 1669 2857 ri-

88 2890 311 2953 esseexistimas?
319 2892 452 2968 Magnum
461 2885 573 2946 etillnm
583 2900 687 2967 putato.
696 2888 835 2951 Humilem
889 2909 933 2944 ναι
944 2885 1075 2965 νομίζεις,
1091 2888 1194 2948 Οὐκοῦν
1205 2887 1250 2946 καί
1262 2891 1358 2947 ἐκεῖνον
1370 2888 1471 2966 νόμιζε.
1481 2892 1620 2950 Ταπεινὸν
1628 2892 1668 2949 καὶ

88 2997 115 3045 et
126 2984 257 3066 exiguum
271 2980 417 3062 suspicaris
436 2978 535 3038 illum?
549 2978 630 3037 Dete
647 2998 755 3059 quoque
774 2981 835 3063 ipso
890 2977 983 3057 μικρὸν
997 2968 1063 3038 εἶναι
1073 2979 1228 3047 ὑποπτεύεις
1235 2981 1346 3053 ἐκείνους
1360 2982 1465 3042 Οὐκοῦν
1476 2981 1526 3040 καλ
1538 2983 1602 3062 περί
1613 3007 1668 3042 σοι·

87 3076 214 3139 συστᾶσαν
224 3075 357 3135 calculum
373 3074 452 3144 ieras,
466 3085 493 3131 et
508 3069 716 3154 inequalitatem
727 3095 835 3136 omnem
887 3075 933 3129 τοῦ
945 3074 1022 3148 τοῦτο
1036 3069 1167 3151 ψοφίίου,
1188 3070 1234 3130 καί
1259 3079 1347 3129 πᾶσαν
1375 3072 1537 3148 ἀνωμαλίαν
1562 3074 1667 3134 leonis.

87 3168 207 3229 elimina.
216 3165 361 3243 Quomodo
376 3163 508 3225 autemid
528 3163 594 3223 fiat?
607 3163 637 3224 si
651 3168 833 3246 arrogantiam
887 3162 951 3228 Πῶς
964 3163 988 3223 δ’
1004 3162 1034 3222 ἂν
1051 3164 1151 3241 γένοιτο
1166 3168 1256 3236 τοῦτοί
1267 3162 1313 3223 Ἂν
1327 3162 1376 3235 τὴν
1389 3162 1523 3225 ἀπόνοιαν
1537 3167 1665 3235 ἓκόιίλοις.

86 3260 207 3342 abjicias.
222 3259 286 3319 ideo
299 3258 453 3339 subjungit,
464 3261 532 3318 Non
543 3258 608 3316 alta
618 3263 775 3340 sapientes,
783 3264 835 3320 sed
886 3254 935 3314 Asi
949 3254 994 3314 κοί
1009 3255 1143 3337 trime·
1165 3254 1211 3326 Mi
1235 3255 1268 3314 τί
1294 3255 1383 3335 bitti&
1410 3265 1585 3335 φρονοῦντες,
1602 3261 1665 3319 diii

87 3374 154 3413 cum
164 3355 323 3413 humilibus
337 3355 569 3419 consentientes;
580 3350 610 3409 id
620 3366 669 3425 est,
677 3354 708 3411 ln
723 3354 833 3413 illorum
885 3357 939 3414 τοῖς
947 3356 1079 3415 ταπεινοῖς
1093 3347 1302 3428 συναπαγόμενοι
1313 3372 1319 3385 ·
1331 3348 1477 3422 τουτέστιν,
1486 3355 1524 3417 εἷς
1535 3351 1585 3423 τὴν
1599 3353 1664 3411 ἐκεί-

88 3445 220 3506 vilitatem
229 3444 370 3517 descende,
378 3466 439 3502 cum
451 3444 499 3502 illo
511 3443 716 3504 circumferaris.
725 3448 766 3506 Ne
774 3461 833 3507 tan·
886 3463 937 3498 νων
945 3440 1230 3514 ῑῧτῑλῑῑννκνῖάὸθθῑν
1242 3443 1448 3520 συμπῑρῑφὲθνυν
1456 3443 1663 3524 σνμπῑρῑὲρχνν-

88 3552 147 3598 tum
157 3557 220 3595 cum
230 3535 425 3594 iliolrumiliter
436 3535 544 3609 sentias,
554 3535 600 3594 sed
610 3536 691 3593 etiam
702 3537 741 3595 sor
753 3559 832 3618 opem
886 3532 934 3603 Μὴ
958 3535 1049 3600 ἁπλῶς
1078 3537 1116 3612 τῷ
1139 3534 1288 3612 φρονήματι
1306 3531 1514 3606 ὴσυντιιπειιοῦ,
1530 3537 1603 3596 ἀλλὰ
1624 3538 1664 3594 καί

88 3643 115 3689 et
124 3649 234 3688 manum
245 3627 361 3708 porrige,
371 3647 423 3684 non
436 3645 483 3704 per
494 3625 587 3697 alium,
595 3624 641 3683 sed
652 3647 699 3705 per
707 3627 832 3708 teipsum,
889 3625 979 3702 βοήθει
998 3626 1042 3684 καί
1057 3635 1135 3705 χεῖρα
1156 3624 1263 3706 όρέγου,
1284 3624 1321 3701 μὴ
1340 3625 1373 3682 δι’
1391 3625 1500 3704 ἑτέρου,
1525 3628 1599 3686 ἀλλὰ
1624 3627 1664 3684 διὰ

88 3736 119 3782 nt
132 3735 209 3804 pater
218 3720 276 3779 filio
288 3716 462 3799 prospiciens,
477 3729 507 3773 ut
526 3730 606 3796 caput
627 3718 746 3796 corpori;
759 3721 834 3797 quod
850 3722 870 3769 D
889 3724 986 3776 σαυτοῦ
1005 3721 1041 3783 ὡς
1054 3715 1144 3795 ποτλρ
1155 3716 1247 3782 modis
1262 3718 1389 3794 προνοῶν,
1403 3719 1439 3783 ὡς
1452 3718 1558 3797 κεφαλὴ
1575 3718 1663 3796 σώμα-

89 3830 116 3876 et
128 3815 195 3874 alibi
206 3814 254 3890 ait,
268 3816 379 3871 Wnctis
388 3810 516 3870 utsimul
526 3811 656 3869 vinculis
670 3816 831 3874 constricti.
888 3829 949 3874 τος·
964 3807 1029 3887 ὅπερ
1041 3807 1086 3866 καί
1101 3810 1219 3886 ἀλλαχοῦ
1236 3830 1312 3887 φησι,
1335 3808 1400 3873 Τοῖς
1415 3807 1536 3884 δεσμίοις
1549 3814 1588 3876 ὡς
1602 3834 1662 3868 ουν-

88 3908 212 3969 Hnmiies
226 3919 317 3965 antem
332 3904 379 3963 hic
393 3917 472 3962 vocat
486 3923 538 3961 non
554 3923 597 3962 eos
608 3916 712 3961 tantum
723 3905 769 3982 qui
783 3905 835 3964 hu·
889 3899 1031 3977 δτδεμένοι.
1049 3897 1198 3972 Ταπεινοθς
1224 3899 1251 3957 δὲ
1276 3901 1385 3957 ἐνταῦθα
1410 3900 1459 3978 οὐχ
1486 3902 1582 3968 ἁπλῶς
1608 3903 1662 3969 τοὺς

89 4001 192 4062 militer
204 3997 468 4071 sentiunr,sedvites
482 3994 835 4058 ιιιοοιοιοιθιίίιαΝοῑῑιο
888 3991 1092 4072 τατεινόφρονοίς
1113 4014 1205 4070 φησιν,
1221 3990 1289 4050 ant
1311 3990 1369 4057 τοὺς
1393 3991 1533 4059 ταπεινοὺς
1557 3994 1606 4052 καὶ
1622 3998 1663 4053 εὖ·

89 4115 152 4154 esse
160 4094 317 4172 prudentes
329 4090 409 4168 apud
420 4092 611 4167 vosmetipsos
620 4111 630 4155 ,·
640 4086 670 4145 id
680 4101 728 4161 est,
735 4089 777 4147 Ne
783 4112 834 4170 pu·
889 4082 1109 4166 καταφρονήτους.
1133 4082 1180 4154 Μὴ
1202 4082 1306 4160 γίνεσθε
1328 4082 1450 4162 φρόνιμοι
1464 4087 1530 4165 παρ’
1544 4088 1663 4153 ἑαυτοῖς·

90 4184 151 4243 tetis
161 4204 210 4242 vos
220 4183 343 4240 sufficere
353 4178 637 4257 vobismetipsis.Nam
648 4178 715 4236 alibi
728 4201 834 4259 quoqne
888 4177 1021 4249 τουτέστι,
1036 4174 1074 4253 μὴ
1095 4174 1212 4251 νομίζετε
1232 4177 1321 4256 ἀρκεῖν
1336 4178 1447 4244 ἑαυτοῖς.
1466 4175 1523 4235 Καὶ
1537 4177 1592 4257 γὰρ
1616 4183 1664 4238 εἱλ-

89 4272 158 4332 dicit
182 4271 397 4349 Scripturanae
418 4269 610 4346 prudentibus
632 4269 714 4346 apud
732 4282 834 4329 semet·
887 4272 973 4349 λαχοῦ
989 4273 1099 4349 φησινή
1119 4268 1230 4347 Γραφή·
1253 4267 1321 4328 Οὐαί
1345 4273 1370 4327 οί
1388 4269 1489 4327 συνετοί
1512 4274 1581 4347 παρ’
1603 4275 1664 4330 ἑπο-

91 4369 179 4444 ip505,
192 4374 221 4420 et
243 4365 276 4417 in
296 4359 388 4418 oculis
403 4363 463 4418 sois
476 4361 664 4437 sapientibus
682 4358 732 4418 His
744 4373 833 4420 nutem
887 4370 953 4434 τοῖς,
968 4359 1013 4419 καί
1026 4359 1136 4419 ἐνώπιον
1151 4362 1250 4418 ἑαυτῶν
1269 4359 1452 4438 ἐπιστήμονες.
1465 4360 1521 4420 Καὶ
1538 4362 1585 4420 διὰ
1603 4364 1665 4424 rod·

91 4473 184 4515 rursus
196 4448 377 4528 arrogantiam
390 4448 529 4527 deprimit,
541 4460 567 4506 et
577 4448 676 4506 iustum
684 4462 833 4510 tumorem·
887 4476 939 4511 των
964 4451 992 4512 δὲ
1017 4451 1097 4511 πόλιν
1117 4449 1165 4522 τὴν
1188 4449 1312 4511 ἀπόνοιαν
1327 4450 1480 4532 θπορόττει,
1499 4452 1547 4511 καί
1563 4455 1597 4514 τὸ
1618 4457 1663 4535 φό·

90 4568 144 4627 (pte
154 4543 275 4626 depciiit.
288 4538 365 4599 Nihil
377 4539 449 4596 enim
464 4539 500 4596 ita
514 4559 529 4596 a
543 4538 654 4616 reliquis
679 4555 787 4606 amovet
806 4557 833 4602 ct
886 4568 961 4623 σημα
988 4543 1034 4605 καί
1059 4542 1108 4615 τὴν
1125 4543 1274 4624 φλεγμονὴν
1301 4543 1484 4603 καταστέλλει.
1505 4545 1595 4605 Οὐδὲν
1614 4549 1664 4627 γὰρ

89 4635 236 4713 abscindit,
252 4647 283 4693 ut
298 4651 361 4691 cnm
380 4628 442 4708 quis
456 4643 533 4710 potat
552 4650 581 4688 se
594 4628 647 4688 sibi
672 4631 738 4691 satis
751 4653 808 4693 esse
823 4658 830 4691 :
884 4635 968 4704 οὕτως
980 4644 996 4670 ²
1005 4634 1114 4714 ἀπαίρει
1126 4633 1172 4694 καί
1183 4635 1322 4714 ἀποσχίζει
1336 4640 1388 4694 τῶν
1399 4637 1514 4709 λοιπῶν,
1530 4642 1567 4706 ὡς
1578 4642 1611 4700 τὸ
1621 4665 1664 4699 νο-

90 4730 203 4809 ideoque
220 4748 268 4787 nos
286 4725 360 4783 Deus
377 4722 414 4780 ita
428 4719 586 4794 constituit,
604 4734 635 4779 ut
654 4721 723 4781 alter
747 4724 830 4784 altero
847 4740 866 4787 E
885 4725 969 4804 μίζειν
983 4725 1042 4785 τινὰ
1054 4729 1143 4805 ἀρκεῖν
1156 4730 1256 4807 ἑαυτῷ·
1270 4728 1310 4786 διὸ
1323 4726 1369 4785 καί
1389 4731 1416 4786 ἐν
1435 4728 1516 4808 χρείᾳ
1537 4732 1664 4803 ἀλλήλων

89 4842 158 4902 opus
171 4820 339 4879 haberemus.
354 4812 468 4874 Etiamsi
481 4811 554 4871 enim
573 4811 691 4890 prudens
704 4813 757 4889 sis,
775 4816 829 4876 aiio
883 4817 1045 4890 κατέστησεν
1055 4823 1126 4895 ἡμᾶς
1141 4818 1242 4885 όΘεός.
1257 4820 1314 4880 Κᾶν
1324 4817 1376 4900 γὰρ
1392 4819 1520 4899 φρόνιμος
1543 4813 1593 4901 ᾖς,
1612 4825 1666 4884 ἑτέ·

88 4933 157 4994 opus
169 4908 326 4972 habehis:si
338 4922 363 4967 te
376 4928 428 4966 non
447 4926 516 4986 opus
527 4904 624 4964 habere
638 4918 726 4986 putes,
738 4908 828 4967 omni·
884 4933 928 4992 ρου
957 4910 1052 4990 δεήσῃ·
1068 4910 1098 4968 ἂν
1118 4911 1146 4970 δὲ
1165 4910 1275 4991 νομίσῃς
1297 4910 1334 4988 μὴ
1358 4911 1471 4988 δεῖσθαι,
1487 4915 1665 4996 ἀνοητότερας

120 5138 131 5162 ι
149 5130 264 5192 φρόνησον.
276 5118 335 5167 naec
347 5131 409 5179 vox,
423 5131 477 5183 qnae
489 5115 516 5166 in
527 5111 609 5166 Editio
620 5114 656 5181 [et
667 5113 707 5181 Α.]
715 5111 846 5166 desidera·
928 5117 941 5153 ¹³
959 5115 1084 5180 [ταπεινοῦ
1094 5116 1121 5163 Α.
1133 5125 1158 5163 et
1170 5130 1249 5180 marg.
1260 5111 1350 5178 Socii]
1432 5182 1443 5195 ,

86 5193 371 5264 tur,iut1ss.habetnr.
928 5193 965 5257 ε[
976 5199 1063 5262 1er
1073 5191 1173 5260 iidem]
