3728 5978
222 413 290 504 δύο
552 433 580 479 s.
611 430 749 479 sontums
773 430 955 478 cunusosr.
985 431 1144 480 ancuinn.
1173 398 1461 479 cousrnurmon.¹

73 593 93 623 ι,
106 577 156 623 σοι,
173 579 210 626 13.
225 558 323 639 Major
330 560 459 614 omnium
469 566 512 613 est
520 557 643 630 caritas,
652 553 748 632 inquit.
759 554 837 612 Nunc
846 571 911 614 vero
922 573 966 611 ca·
1020 553 1095 634 φησί.
1111 556 1167 615 Νῦν
1181 552 1208 612 δὲ
1225 557 1242 626 ἡ
1259 553 1348 634 ἀγάπη
1363 551 1504 612 κινδυνεύει
1517 575 1524 588 ·
1537 552 1621 630 ὄνομα
1638 551 1691 631 γίιρ
1711 553 1791 622 αὐτῆς

72 639 108 685 ¹³·
221 648 471 731 ritaspericlitatur:
480 645 967 727 solumquippenomenejusreliotum
1020 643 1207 705 ὑπολίλειπται
1221 644 1314 722 μόνον,
1328 646 1358 706 τδ
1370 643 1398 703 δὲ
1415 642 1489 726 ἔργον
1503 645 1635 722 ούδαμυῦ,
1651 641 1721 702 ἀλλά
1736 644 1788 722 διη-

221 755 270 815 est,
280 763 347 823 opus
356 761 420 801 vero
427 759 571 818 nusquam,
582 737 629 797 sed
638 736 720 796 divisi
731 736 899 801 sumusinter
906 747 964 795 nos'.
1022 737 1124 818 ρήμεθα
1139 741 1185 798 ἀπ’
1201 737 1335 809 ἀλλήλων.

262 835 290 893 ὅ.
305 830 379 906 Quid
389 831 473 911 igitur
489 829 623 911 agendum
636 843 666 889 ut
676 827 884 889 connectamur?
904 849 967 887 nam
1060 829 1097 889 Τί
1107 819 1151 890 ούν
1162 829 1193 889 οίν
1202 853 1242 897 τις
1253 828 1394 911 ἐργάσαιτο
1404 826 1473 890 ὥστε
1486 827 1617 908 συνάφαις
1632 825 1663 886 τδ
1678 824 1727 902 μὲν
1739 823 1790 904 γδρ

222 924 415 1008 reprehendere
433 923 512 983 facile
534 936 589 998 est,
607 921 654 982 sed
670 923 722 981 hoc
739 920 888 980 dimidium
908 933 967 979 tan-
1018 921 1160 1001 ἐγκαλέσαι
1176 922 1295 994 εὔκολον,
1316 916 1385 981 ἀλλὰ
1398 927 1475 982 τοῦτο
1487 919 1571 997 ἥμισύ
1591 923 1673 980 ἐστιν.
1685 918 1789 976 Οὐκοῦν

221 1032 291 1078 tum.
303 1019 399 1095 ltaque
415 1012 619 1077 monstrandum
634 1027 683 1090 est,
692 1011 826 1092 quomodo
845 1024 968 1072 nectatur
1019 1013 1148 1074 δεικνύναι
1160 1016 1197 1075 δεῖ
1208 1019 1265 1083 πῶς
1276 1015 1307 1073 ἂν
1323 1014 1461 1095 ἰργασδιίη
1473 1013 1564 1095 φιλία·
1578 1019 1656 1072 τοῦτο
1668 1011 1720 1092 γάρ
1733 1013 1789 1069 ἐστι

219 1106 351 1168 amicitiae
362 1107 414 1166 hoc
429 1107 500 1166 enim
519 1103 669 1165 curandum
690 1101 825 1184 quomodo
845 1102 965 1162 membra
983 1108 1001 1156 C
1016 1103 1047 1164 εδ
1061 1105 1279 1186 σπουδαζόμενον,
1286 1111 1342 1175 πῶς
1356 1106 1390 1165 τά
1402 1105 1472 1184 μελη
1487 1104 1520 1166 τά
1533 1103 1715 1183 διεσπασμένα
1730 1128 1788 1164 συν-

219 1198 328 1260 divulsa
334 1196 798 1276 connectamus.Not1uelrootantum
806 1196 964 1274 querimus,
1016 1197 1167 1277 ἀγάγωμεν.
1194 1201 1235 1259 Οὐ
1247 1199 1300 1279 γάρ
1312 1198 1390 1258 τοῦτό
1400 1201 1456 1260 ἐστι
1467 1199 1498 1259 τδ
1512 1199 1669 1278 ζητούμενον
1681 1198 1786 1268 ἁπλῶς,

217 1310 254 1352 an
269 1311 350 1350 unam
362 1290 510 1349 Ecclesiam
522 1288 565 1351 vel
583 1309 667 1348 unum
682 1287 781 1366 dogma
800 1287 962 1363 habeamus3
1015 1292 1039 1347 el
1053 1287 1116 1367 μίαν
1130 1289 1293 1364 Ἐκκλησίαν
1307 1290 1412 1372 ἔχομεν,
1425 1290 1442 1362 ἢ
1454 1290 1482 1349 ἓν
1492 1290 1597 1369 δόγμα·
1611 1287 1682 1348 ἀλλά
1695 1289 1727 1349 τδ
1737 1290 1787 1348 διι-

220 1382 268 1444 sed
281 1384 333 1444 hoc
343 1405 426 1463 pave
446 1396 496 1458 est,
507 1381 581 1462 quod
596 1404 658 1442 cum
672 1381 700 1441 in
713 1381 773 1440 aliis
786 1394 880 1440 mutuo
892 1399 965 1438 com·
1015 1380 1058 1440 νδν
1072 1381 1150 1442 τοῦτό
1164 1385 1249 1456 ἐστιν,
1265 1381 1305 1442 ότι
1320 1386 1347 1441 ἐν
1366 1393 1420 1451 τοῖς
1433 1383 1521 1450 σίλλοις
1541 1387 1725 1448 κοινωνοῦντες
1736 1383 1787 1440 ἀλ-

222 1477 400 1547 muniremus‚
416 1477 444 1535 in
461 1476 615 1536 necessariis
626 1497 680 1535 non
695 1473 932 1547 communicemus,
939 1486 966 1531 et
1015 1471 1117 1545 λάλοις,
1131 1475 1159 1532 ἰν
1174 1482 1227 1542 τοῖς
1241 1475 1393 1554 ἀναγκαίοις
1410 1477 1439 1534 οὐ
1457 1481 1646 1552 κοινωνοῦμεν,
1657 1474 1704 1531 καί
1720 1471 1786 1551 μετὰ

219 1591 283 1630 oum
298 1571 423 1630 omnibus
441 1589 534 1649 pacem
554 1567 699 1642 habentes,
713 1567 783 1626 iuter
798 1586 846 1626 nos
861 1564 962 1625 dissen·
1015 1562 1121 1623 πάντων
1136 1565 1324 1643 εἰρηνεύοντες,
1348 1568 1374 1625 ἰν
1397 1566 1520 1638 ἀλλήλοις
1538 1565 1724 1642 στασιάζομεν.
1740 1563 1786 1634 Μὴ

217 1662 367 1723 tiamus.Ne
377 1659 539 1740 enim‚quod
549 1680 602 1720 non
612 1657 732 1738 quotidie
741 1678 846 1738 pugnas
858 1678 965 1718 movea-
1014 1655 1083 1735 γάρ,
1098 1659 1121 1715 εἰ
1139 1655 1177 1733 μὴ
1198 1657 1287 1737 μάχας
1310 1659 1369 1717 καθ’
1389 1658 1505 1728 ίκάατην
1518 1662 1661 1735 ποιοῦμεν,
1679 1655 1786 1727 σκόπει,

217 1772 296 1828 tuus,
309 1754 459 1828 considera,
471 1750 602 1831 sedquod
613 1751 743 1810 sinceram
757 1764 782 1809 et
796 1749 963 1809 immobilem
1015 1749 1075 1808 ἀλλ’
1095 1747 1136 1808 ὅτι
1156 1748 1215 1810 eddi
1235 1749 1340 1828 ἀγάπην
1362 1748 1473 1829 γνησίαν
1495 1749 1592 1830 ἔχομεν
1609 1748 1656 1808 καί
1682 1751 1785 1820 ἀκλινῆ.

216 1846 357 1907 ceritatem
380 1867 432 1905 non
454 1844 596 1903 habemus.
617 1840 805 1921 Lignminibus
829 1862 898 1922 opus
923 1854 964 1901 est
1014 1838 1184 1919 Ἐπιδίσμων
1198 1840 1277 1922 χρεία
1291 1842 1336 1901 καί
1349 1841 1445 1901 ἐλαίου.
1456 1841 1654 1918 Ἐννοήσωμεν,
1668 1840 1710 1901 ύτι
1723 1838 1785 1919 γνιύ·

124 1950 244 2015 &fimet
256 1940 325 1999 oleo.
348 1937 503 2018 Cogitemus
517 1936 654 1995 caritatem
670 1948 798 1994 tesseram
809 1954 865 1993 esse
879 1932 962 1994 disei-
1014 1934 1097 2011 propri
1107 1935 1178 1993 ἐστιν
1192 1939 1209 2006 ἡ
1224 1935 1315 2014 ἀγάπη
1329 1937 1383 1992 τῶν
1396 1939 1521 2012 μαθητῶν
1537 1939 1582 1992 τοῦ
1594 1935 1729 2015 Χριστοῦ·
1746 1932 1784 1990 δτι

68 2043 149 2105 open
174 2036 204 2078 at·
216 2028 345 2111 polorum
356 2028 467 2104 Christi,
477 2041 502 2087 et
512 2028 569 2087 sine
582 2027 629 2086 illa
640 2026 709 2085 nihil
719 2026 809 2086 valere
821 2025 961 2101 alia‚rom-
1012 2023 1111 2099 ταύτης
1130 2025 1212 2108 χωρίς
1229 2025 1301 2086 oleti
1323 2027 1407 2106 ἰσχύει
1418 2028 1452 2087 τὰ
1466 2027 1550 2084 ἄλλα·
1564 2022 1605 2084 ὅτι
1618 2024 1713 2084 άπονόν
1728 2027 1784 2084 ἐστι

63 2093 201 2200 pppppeem
216 2141 270 2200 que
281 2142 338 2181 esse
350 2121 408 2180 sine
421 2121 528 2195 labore,
547 2119 570 2178 si
584 2117 708 2180 velimus.
724 2117 828 2189 Etiam,
844 2117 961 2196 inquies,
979 2126 998 2172 D
1012 2129 1140 2199 πρᾶγμα,
1154 2118 1199 2180 lde
1214 2117 1339 2197 δελωμεν.
1362 2119 1431 2192 Ναὶ,
1449 2120 1541 2200 φησίν,
1560 2119 1669 2196 οἴδαμεν
1686 2122 1783 2189 ταῦτα,

216 2208 275 2269 lnaec
297 2210 442 2287 novimus3
457 2209 505 2269 sed
530 2207 665 2288 quomodo
687 2205 717 2265 id
738 2220 808 2266 recte
833 2206 961 2287 geretur?
1011 2209 1081 2270 ἀλλά
1101 2216 1175 2285 πῶς,
1199 2212 1243 2272 ἵνα
1265 2216 1433 2293 κατορδωδῇ;
1453 2213 1504 2286 Τί,
1518 2212 1561 2271 ἰνα
1574 2212 1699 2291 γίνηται;
1712 2215 1783 2281 πῶς,

215 2301 358 2375 Quomodo
380 2303 446 2362 fiet?
464 2300 600 2383 quomodo
622 2322 670 2360 nos
683 2314 778 2363 mutuo
793 2300 959 2379 diligemus?
1010 2300 1053 2361 ἵνα
1067 2304 1185 2384 φιλῶμεν
1204 2304 1347 2378 ἀλλήλους
1366 2302 1500 2387 Πρότερον
1517 2303 1552 2364 τδι
1566 2303 1719 2383 ἀναιρετικδι
1737 2307 1784 2373 τῆς

214 2395 307 2456 Primo
323 2416 363 2470 ea,
376 2416 435 2473 quae
450 2394 587 2453 caritatem
605 2393 714 2470 tollunt,
728 2391 764 2451 de
783 2392 873 2452 medio
886 2392 958 2473 abji-
1011 2395 1117 2474 ἀγάπης
1132 2394 1276 2474 ἐξέλωμεν,
1291 2396 1336 2455 καλ
1346 2396 1405 2456 τότε
1420 2397 1551 2473 στήσομεν
1565 2395 1673 2467 ταύτην.
1684 2396 1783 2469 Μηδεὶς

213 2486 437 2561 ciamus,ettune
448 2485 524 2543 illam
538 2482 959 2565 statuemusznemositinjuria-
1011 2484 1079 2546 ἔστω
1104 2486 1280 2564 μνησίκακος,
1309 2487 1401 2566 μηδεὶς
1425 2489 1493 2548 ἔστω
1519 2489 1665 2567 βάσκανος,
1693 2488 1784 2567 μηδεὶς

212 2598 275 2637 etam
289 2598 402 2655 memor,
423 2597 502 2637 nemo
516 2575 642 2652 invidus,
655 2574 775 2635 nemoin
795 2575 875 2634 malis
890 2596 959 2656 gau·
1009 2577 1205 2658 'petplxoxw
1218 2581 1303 2641 ταῦτά
1317 2583 1374 2640 ἐστι
1388 2581 1421 2639 τά
1443 2580 1594 2640 κυιλυτικά·
1608 2581 1643 2640 τά
1657 2580 1685 2639 δὲ
1707 2603 1784 2649 ποιη·

212 2667 275 2730 (leat
289 2693 296 2727 τ
312 2670 370 2729 haec
396 2668 567 2729 dilectionem
595 2667 755 2749 impediunt.
784 2667 843 2727 Alia
867 2682 958 2728 autem
1009 2668 1072 2729 τικά
1095 2669 1181 2751 ἕτερα.
1198 2674 1258 2731 Οὐκ
1280 2675 1356 2754 ἀρκεῖ
1369 2672 1403 2732 τά
1424 2673 1559 2734 κωλύοντα
1578 2674 1696 2739 ἀνελεῖν,
1716 2671 1784 2730 ἀλλά

212 2773 286 2837 sunt,
296 2782 355 2840 quae
366 2781 425 2820 eam
436 2761 581 2820 exhibent:
591 2781 643 2819 non
658 2759 729 2819 enim
741 2759 842 2818 suflicit
851 2780 912 2838 quae
925 2759 959 2818 il·
1010 2762 1055 2821 καλ
1069 2762 1103 2822 τά
1117 2767 1231 2824 ἱστῶντα
1242 2764 1296 2846 χρὴ
1311 2767 1502 2826 ὑποδεικνύναι.
1519 2765 1553 2826 Ὁ
1568 2765 1617 2843 μὲν
1635 2758 1680 2826 σύν
1692 2755 1784 2844 Σιράχ

212 2851 267 2912 lam
286 2851 437 2933 impediunt
454 2853 560 2926 tollere,
573 2849 620 2911 sed
638 2850 720 2910 etiarn
733 2873 793 2930 quae
809 2851 885 2911 illam
899 2865 957 2911 sta·
1009 2853 1081 2932 λέγει
1103 2854 1138 2915 τά
1162 2855 1316 2935 ἀναιρετικά
1326 2901 1334 2930 ,
1356 2857 1402 2916 καλ
1424 2860 1471 2918 olet
1492 2857 1531 2916 ἔτι
1549 2857 1583 2915 τά
1601 2857 1783 2930 συνάπτοντα,

93 3004 105 3033 e
213 2920 376 3020 ttiant‚suut
392 2942 563 3002 ostendenda.
578 2941 674 3003 Sirach
688 2962 752 3022 ergo
765 2942 883 3020 dicit‚ea
896 2965 958 3025 qua
1010 2946 1158 3026 ὀνειδισμὸν
1181 2948 1289 3029 φάσκων
1309 2947 1355 3008 καλ
1377 2947 1523 3029 μυστηρίου
1547 2951 1715 3029 ἀποκάλυψιν
1739 2949 1783 3009 καί

93 3019 124 3095 .’
167 3022 172 3034 '
213 3029 289 3118 illam
301 3030 408 3105 tollunt,
420 3044 445 3090 et
455 3051 509 3090 non
522 3052 552 3090 ea
566 3050 626 3109 quae
636 3030 957 3111 conciliant,exprobra·
1010 3038 1116 3118 πληγὴν
1131 3039 1230 3100 δολίαν.
1244 3039 1315 3100 Ἀλλ’
1329 3043 1371 3099 ἐπ’
1387 3041 1493 3100 ἐκείνοιν
1505 3040 1553 3119 μὲν
1568 3040 1675 3108 εἰκότως
1687 3046 1781 3114 ταῦτα,

213 3121 313 3182 tionem
327 3142 383 3180 mse
400 3135 426 3180 et
447 3121 569 3203 mysterii
592 3121 787 3182 revelationem
804 3134 831 3181 et
848 3122 957 3202 plagam
973 3124 992 3170 Ε
1010 3128 1056 3188 ἀπε
1070 3137 1203 3213 σαρκικῶν
1212 3133 1307 3193 όντων·
1320 3132 1361 3214 ἐφ’
1368 3138 1445 3211 ἡμῶν
1455 3134 1482 3192 δὲ
1494 3133 1531 3212 μὴ
1539 3133 1657 3212 γίνοιτο·
1672 3137 1719 3194 ούκ
1729 3134 1781 3193 ἀπὸ

211 3213 342 3275 dolosam.
353 3212 407 3273 Sed
427 3213 482 3272 illis
500 3226 593 3294 utpote
607 3214 762 3273 carnalibus
781 3214 877 3274 merito
892 3215 956 3274 talia
1008 3221 1107 3281 τούτων
1122 3227 1190 3302 ὑμᾶς
1208 3225 1334 3304 ἐφάγομεν
1343 3271 1351 3298 ‚
1368 3227 1427 3283 ἀλλ’
1442 3226 1496 3284 ἀπὸ
1513 3230 1567 3284 τῶν
1583 3227 1681 3286 ωηο,
1696 3225 1780 3286 οὐδὲν

210 3306 388 3391 proveniunt3
403 3301 481 3365 nohis
502 3318 607 3378 autem,
626 3305 696 3364 absit
708 3329 714 3361 ι
725 3325 778 3365 non
794 3306 830 3364 ab
845 3306 889 3365 his
907 3328 956 3367 vos
1009 3315 1073 3390 ἡμῖν
1087 3317 1143 3375 ἐστι
1156 3316 1272 3397 χρηστὸν
1284 3317 1371 3397 φιλίας
1384 3318 1475 3397 χωρίς.
1486 3317 1577 3376 Ἔστω
1590 3318 1672 3398 μυρία
1684 3319 1779 3395 ἀγαθά,

212 3398 385 3476 inducemus,
399 3397 447 3458 sed
460 3399 495 3457 ab
505 3396 578 3457 aliis,
592 3397 668 3457 Nihil
680 3397 758 3457 nobis
770 3412 809 3456 est
818 3399 885 3457 utile
896 3399 955 3459 ahs·
1009 3405 1079 3466 ἀλλά
1092 3407 1119 3466 τί
1130 3408 1162 3467 τὸ
1174 3409 1283 3490 ὄφελος,
1299 3399 1367 3468 lieo
1380 3412 1507 3482 πλοῦτος,
1523 3409 1591 3469 ἔστω
1605 3407 1710 3492 ιτρυφὴ
1734 3410 1779 3490 φί-

210 3512 263 3570 φυε
276 3490 428 3550 dilectione.
451 3491 512 3552 Sint
530 3489 616 3549 millia
634 3489 721 3549 bona:
741 3489 809 3569 quid
830 3489 895 3550 inde
907 3491 955 3550 lu·
1008 3500 1061 3557 λων
1076 3500 1173 3582 χωρίς,
1185 3500 1253 3560 ἀλλά
1269 3502 1296 3560 τί
1313 3503 1344 3561 τδ
1358 3501 1461 3582 κέρδος,
1481 3502 1565 3562 Οὐδὲν
1582 3505 1674 3581 κτῆμα
1689 3504 1780 3563 τούτου

211 3583 271 3644 ori?
282 3584 342 3644 Sint
353 3583 466 3656 divitiae,
477 3583 529 3643 sint
538 3582 643 3643 deliciae
655 3583 757 3661 absque
769 3583 877 3643 amicis:
888 3584 957 3663 quid
1008 3592 1116 3652 κάλλιον
1128 3593 1173 3652 καί
1187 3599 1213 3654 ἐν
1232 3604 1286 3661 τοῖς
1302 3599 1434 3674 βιωτικοῖς
1447 3596 1617 3677 πράγμασιν,
1631 3595 1723 3678 ὥοπερ
1736 3587 1779 3655 οὖν

212 3676 277 3736 hino
291 3676 436 3737 utilitatis?
450 3675 530 3736 Nulla
546 3675 677 3757 possessio
698 3675 778 3734 etiam
799 3675 827 3734 in
844 3677 956 3736 saecula·
1007 3687 1060 3742 τῶν
1073 3684 1263 3766 ἐχθραινόντων
1277 3688 1350 3747 οὐδὲν
1363 3687 1558 3766 χαλεπώτερον.
1573 3687 1676 3765 Ἀγάπη
1698 3688 1780 3746 καλύ-

211 3768 289 3830 n'bus
302 3770 353 3830 hac
371 3767 528 3851 pulchrior,
545 3782 576 3828 ut
592 3767 661 3828 nihil
681 3767 798 3827 inimicis
818 3769 956 3828 molestius
1008 3798 1069 3834 πτει
1084 3778 1184 3848 πλῆθος
1197 3779 1418 3858 ἁμαρτημάτων·
1437 3785 1454 3850 ἡ
1473 3778 1500 3838 δὲ
1515 3780 1598 3860 ἔχθρα
1613 3779 1658 3837 καὶ
1678 3777 1713 3838 τδι
1733 3781 1780 3837 οὐκ

62 3890 185 3950 niteat.
211 3862 955 3943 3¹·0W1'2050W1'lmnilllffimmpeccmmm
1008 3868 1233 3930 όνταῦποπτεύει.
1249 3875 1309 3931 Οὐκ
1322 3876 1398 3953 ἀρκεῖ
1411 3873 1448 3950 μὴ
1461 3866 1526 3933 εἶναι
1538 3875 1643 3956 ἐχθρὸν,
1661 3874 1730 3933 ἀλλά
1741 3875 1780 3932 δεῖ

62 3951 85 3996 ⁸·
211 3955 355 4016 inimicitia
365 3970 456 4016 autem
469 3955 549 4015 etiam
559 3976 600 4029 ea,
610 3976 669 4034 quae
680 3974 733 4013 non
746 3968 820 4032 sunt,
834 3957 1053 4038 suspica-mel
1067 3962 1160 4041 φιλεῖν.
1179 3961 1335 4036 Ἐννόησον,
1357 3963 1398 4025 ὅτι
1416 3973 1430 4027 ὁ
1450 3967 1564 4046 Χριστὸς
1582 3967 1718 4039 ἐκελεοοε,
1735 3966 1781 4024 καὶ

212 4063 265 4108 tur.
280 4050 340 4109 Nou
357 4048 459 4109 suffieit
473 4069 525 4107 non
541 4069 598 4107 esse
612 4047 764 4125 inimicum,
783 4047 831 4108 sed
850 4062 955 4130 oportet
972 4043 992 4087 Α
1008 4055 1084 4134 ἀρκεῖ
1095 4061 1179 4115 τοῦτο.
1193 4057 1245 4115 Καὶ
1261 4058 1347 4136 θλίψις
1360 4068 1431 4118 ποιεῖ
1444 4059 1541 4139 φιλίας,
1555 4057 1600 4118 καί
1612 4058 1730 4136 συνάγει.
1742 4057 1780 4116 Τί

211 4141 292 4201 etiarn
311 4161 411 4199 amare.
429 4139 522 4219 Cogita
536 4138 566 4198 id
578 4139 718 4199 Christum
725 4139 847 4220 jussisse,
864 4156 889 4201 et
903 4142 955 4202 hoc
1008 4135 1062 4217 ode,
1077 4146 1155 4225 φησί,
1170 4155 1229 4222 νῦν,
1240 4148 1284 4209 ὅτε
1299 4152 1385 4229 θλίψις
1403 4152 1451 4210 οὐκ
1463 4151 1550 4223 ἔστινς
1567 4149 1638 4224 εἰπὲ,
1654 4153 1721 4224 πῶς,
1733 4148 1779 4207 lvo

212 4231 321 4292 suffieit.
332 4231 423 4291 Etiam
441 4232 552 4290 afflietio
564 4231 698 4290 amicitias
717 4232 780 4291 lacit
795 4245 821 4291 et
836 4233 954 4313 copulat.
1007 4236 1143 4316 γενοίμεθα
1159 4239 1316 4319 φίλοι;οδιι
1330 4243 1403 4323 ἔχετε
1417 4243 1632 4324 φίλοοςοῖλλοος,
1646 4244 1704 4303 εἰπέ
1718 4267 1779 4322 ⁸neq
1833 4242 1836 4246 ’

212 4322 291 4396 Quid
299 4323 394 4402 igitur,
406 4321 522 4400 inquies,
535 4343 618 4398 nune,
635 4344 698 4382 cum
708 4322 820 4382 afflictio
831 4345 882 4383 non
896 4327 955 4384 est?
1007 4331 1065 4395 πῶς
1082 4333 1168 4390 αὐτῶν
1184 4335 1244 4392 ἐστε
1261 4333 1347 4412 φίλοι,
1360 4339 1417 4402 πῶς
1434 4336 1583 4414 διαμίνετε;
1596 4337 1672 4402 Τέως
1688 4337 1779 4411 μηδεὶς

212 4415 349 4497 quomodo
362 4414 462 4473 erimus
476 4414 574 4472 amici?
587 4419 680 4471 Annon
694 4413 761 4472 alios
774 4414 879 4474 habetis
888 4417 955 4475 ami·
1008 4423 1109 4499 μηδένα
1124 4425 1216 4506 ἰχδρδν
1226 4425 1325 4506 ἐχέτω·
1340 4431 1387 4487 οὐκ
1396 4427 1452 4488 ἔστι
1469 4435 1547 4488 τοῦτο
1561 4428 1654 4510 μικράν
1667 4452 1673 4464 ·
1688 4428 1780 4507 μηδείς

213 4504 955 4587 οοο,φιιεισοίφυουιοάοἰίίοπιιιιοσίίεοωίσίίφυοωοόο
1008 4515 1252 4596 pamiae-0621„
1268 4520 1311 4579 τοο
1322 4519 1360 4599 μὴ
1371 4525 1512 4601 pompm
1527 4529 1692 4601 κατηγορεῖν,
1707 4519 1779 4580 Μίαν

213 4595 612 4697 μιμνειπῐὶεδίυῑεσὶυιυοιυο
623 4595 764 4655 inimicum
775 4597 950 4678 habeat3non
1008 4611 1129 4686 οἰκοῦμεν
1142 4611 1298 4689 οἰκουμένην
1317 4611 1444 4685 ἅπαντες,
1459 4623 1512 4681 τοῖς
1529 4616 1616 4679 αὐτοῖς
1631 4614 1779 4694 τρεφόμεθα

212 4709 252 4756 est
261 4695 314 4754 ltoc
324 4686 732 4774 parumtnemoinvide³15n0n
745 4689 808 4749 licet
818 4711 873 4751 nou
883 4692 955 4753 invi·
1008 4707 1128 4779 καρποῖς.
1140 4701 1220 4763 Ἀλλά
1233 4708 1318 4763 ταῦτα
1331 4706 1427 4785 μικρά·
1441 4715 1495 4773 τοῖς
1514 4710 1601 4772 αὐτοῖς
1617 4707 1780 4786 μυστηρίοις,

211 4788 421 4849 dumacousare.
431 4785 523 4843 [num
532 4781 687 4841 habitamus
695 4782 788 4842 orbern
796 4804 897 4861 omnes,
908 4788 954 4847 iis-
1007 4795 1056 4863 τῆς
1077 4795 1158 4863 αὐτῆς
1180 4801 1361 4873 πνευματικῆς
1373 4803 1471 4879 τροφῆς
1491 4798 1668 4876 ἀπολαύομεν.
1685 4800 1779 4856 Ταῦτα

209 4883 273 4941 dem
286 4880 386 4940 alimur
396 4876 536 4936 fructibus,
545 4874 664 4935 Sedbaec
674 4897 757 4957 parva
767 4892 845 4937 sunt:
857 4879 954 4940 iisdem
1007 4886 1093 4958 δήπου
1107 4887 1164 4946 ἐστὶ
1179 4888 1349 4965 δικαιώματα
1368 4896 1413 4949 τοῦ
1428 4893 1521 4969 φιλεῖν.
1541 4892 1604 4954 Πῶς
1617 4882 1661 4950 οὖν
1677 4893 1779 4968 θερμῶς

210 4975 354 5056 mysteriis,
365 4971 458 5031 eadem
467 4968 601 5051 spirituali
612 4990 670 5028 esea
679 4969 804 5031 [mimus.
817 4971 881 5031 Haec
892 4995 954 5034 sane
1007 4978 1207 5058 διακειοόμεδα,
1239 4983 1305 5058 φησί
1311 5006 1319 5054 ;
1347 4981 1384 5040 Τί
1417 4992 1486 5041 ποιεῖ
1511 4981 1642 5059 σωμάτων
1676 4982 1779 5061 ἔρωτα,

240 5187 340 5236 ·tJnus
352 5190 530 5252 ἑπιχαμὲκπιοςι
1049 5191 1152 5260 ιτρυφὴ
1164 5199 1238 5264 feline
1249 5203 1327 5266 χειρίς,
1338 5195 1373 5245 sie
1386 5195 1490 5263 quidam
1500 5197 1558 5247 tte.
