3728 5978
97 371 167 443 238
443 384 474 439 S.
499 389 639 440 thNh'lS
663 386 847 438 CHRYSOST.
875 387 1035 438 ARCHOEP.
1063 389 1326 439 construuntur.

93 530 120 576 et
128 517 244 576 formosa
255 539 260 572 :
270 536 332 574 uam
342 513 425 574 animi
436 510 593 594 compositio
602 511 719 572 multum
730 509 836 592 corpori
888 510 978 571 ιἀλλὰ
994 511 1077 592 σεμνὴ
1093 512 1140 572 καί
1153 511 1263 595 σώφρων
1279 511 1325 572 καί
1338 509 1477 593 εύμορφος.
1493 512 1547 571 Καὶ
1558 511 1612 592 γὰρ
1625 516 1661 591 τῷ

94 613 172 672 allert
187 611 319 671 decorem.
341 611 382 670 Ne
395 623 473 691 putes
486 609 587 668 euima
602 607 735 690 corporali
748 606 837 667 solnm
889 603 1070 685 σώματιπολθ
1084 603 1234 685 περιτίθησι
1240 605 1337 677 κάλλος
1348 608 1395 678 ιη”ς
1401 606 1517 686 ψυχῆςτί
1527 605 1661 664 κατόστα·

95 707 183 786 specie
196 705 248 764 hoc
258 704 326 764 lieri.
338 705 381 763 Da
394 703 538 763 formosam
551 701 681 784 puellam,
698 700 837 761 turbulen·
853 708 871 756 B
890 719 940 764 σις.
952 694 1000 769 Μὴ
1012 695 1064 777 γὰρ
1077 697 1115 785 δὴ
1131 696 1241 778 νομίσῃς
1254 697 1307 758 aut
1327 700 1380 757 τῶν
1393 701 1557 776 σωματικῶν
1572 695 1661 756 τύπων

94 811 165 877 tam,
177 797 331 877 loquacem,
345 795 550 872 conviciantem,
561 795 704 868 ebriosam,
716 807 838 854 sumtuo-
889 794 966 864 τοῦτο
978 785 1095 868 γίνεσθαι
1107 788 1252 868 pedum-Ale
1261 787 1389 869 εὔμορφον
1402 786 1662 869 adnumeratas&

94 909 172 947 sams
186 908 274 948 nonne
286 887 383 967 quavis
396 885 468 946 foeda
480 901 507 946 et
520 886 595 968 turpi
610 885 757 946 deformior
772 884 839 945 est?
889 880 1046 956 νην,λο’λον,
1054 880 1181 964 λοίδορον,
1190 879 1312 961 μέθυσον,
1321 882 1454 953 πολυτελῆ
1463 927 1473 956 ,
1483 884 1507 940 εί
1522 880 1561 959 μὴ
1576 880 1659 952 πάσης

93 977 124 1039 Si
142 1001 206 1042 vero
219 978 351 1061 pudorem
369 978 480 1056 habeat,
493 978 516 1037 si
530 991 629 1056 taceat,
647 978 670 1037 si
684 977 840 1038 crubescere
890 973 1003 1053 αἰσχρᾶς
1013 972 1195 1055 δνσειδεστέρα
1211 971 1384 1047 καθίστηκιν;
1396 973 1431 1031 El
1451 969 1481 1030 δὲ
1494 970 1658 1052 αἰσχύνοιτο,

95 1070 239 1149 didicerit,
255 1076 286 1131 ac'
301 1070 421 1130 modeste
433 1070 527 1149 loqui,
544 1071 567 1130 si
577 1071 720 1153 jejunare,
734 1069 839 1152 duplex
891 1062 950 1125 τίδὲ
964 1064 1090 1147 σιγῴηεί
1103 1064 1131 1126 δέ
1145 1069 1265 1148 έρνθριᾷν
1275 1065 1415 1144 μανθάνοι,
1425 1067 1448 1124 εί
1460 1062 1489 1122 δέ
1504 1064 1659 1144 φθέγγεσθαι

91 1177 131 1224 est
146 1163 343 1246 pulchritudo,
364 1163 451 1245 major
473 1163 575 1242 forma,
597 1159 700 1244 gratior
721 1161 837 1239 vultus,
890 1156 1065 1238 συμμέτρως,
1076 1162 1100 1219 τί
1117 1160 1145 1219 δὲ
1159 1157 1292 1232 νηστείαις
1306 1156 1498 1238 ίσχολακίναι·
1513 1154 1658 1219 &ratmot

93 1256 215 1316 castitate
228 1269 254 1316 et
266 1269 362 1315 ornatu
371 1254 478 1336 plenus.
490 1255 541 1317 Vis
552 1257 611 1337 jam
623 1253 659 1314 de
668 1254 734 1314 viris
745 1253 838 1334 loqua-
890 1247 986 1319 κάλλος
995 1250 1112 1321 ,πλείων
1125 1255 1143 1324 ἡ
1156 1250 1214 1333 ὅρα
1225 1297 1233 1325 ,
1246 1248 1416 1331 ποθεινοτέρα
1434 1244 1544 1331 tibba,
1558 1273 1656 1334 σωφρο·

93 1348 179 1408 mur?
191 1348 267 1424 Quid
280 1346 355 1407 ebrio
368 1347 475 1429 turpius
483 1346 646 1427 ltllidiculus
660 1359 699 1406 est
713 1346 837 1420 famulis,
891 1341 969 1415 σύνητ
990 1343 1109 1423 γέμουσα
1130 1343 1176 1404 καί
1191 1341 1373 1422 κοσμιότητος.
1387 1340 1483 1402 Βούλει
1502 1341 1595 1403 λοιπδν
1616 1341 1656 1403 καί

93 1439 225 1500 ridiculus
237 1440 372 1516 hostibus,
385 1439 547 1499 miserabilis
556 1438 631 1521 apud
640 1438 752 1517 amicos,
764 1437 839 1497 omni
889 1434 951 1515 περί
962 1436 1206 1518 deipassianorum
1216 1435 1253 1497 Τί
1266 1440 1312 1497 τοῦ
1326 1434 1467 1513 μεθύοντος
1477 1434 1655 1516 αίσχρότιρονς

93 1531 266 1594 damnatione
279 1532 393 1613 dignus:
412 1532 466 1592 sera
480 1533 567 1614 magis
579 1553 662 1612 quarn
670 1531 752 1591 homo
762 1553 838 1591 :nam
890 1527 1094 1605 Καταγέλαστος
1102 1527 1230 1605 οίκίταις,
1243 1529 1440 1608 καταγέλαστος
1450 1529 1573 1608 ἐχθροῖς,
1584 1529 1656 1588 oar-

93 1625 187 1686 multis
197 1625 358 1706 ingurgitari
369 1624 448 1706 pardi
455 1670 465 1702 ,
477 1624 562 1685 leonis
575 1637 601 1684 et
612 1623 669 1683 ursi
685 1637 733 1684 est.
745 1628 781 1684 At
791 1623 837 1684 illa
890 1618 933 1688 νδς
945 1618 1019 1703 παρὰ
1029 1619 1131 1703 φίλοις,
1148 1619 1243 1701 μυρίας
1262 1617 1560 1699 καταγνώσεως-ἄξιος,
1575 1619 1653 1702 θηρίον

93 1719 132 1779 sic
140 1719 235 1779 merito
247 1719 364 1795 faciunt:
376 1739 428 1778 non
437 1716 617 1777 habentenim
626 1717 745 1777 animam
755 1718 839 1778 ratio-
892 1711 948 1772 ἔοτί
969 1715 1068 1791 μᾶλλον
1084 1711 1102 1786 ἢ
1116 1713 1267 1792 ἄνθρωπος·
1282 1713 1314 1774 τδ
1331 1711 1383 1793 γάρ
1403 1710 1492 1772 πολλὰ
1517 1717 1653 1782 σιτεῖσθαι,

93 1810 190 1871 nalem.
206 1811 280 1886 Quin
300 1824 326 1875 et
344 1809 398 1869 illae
416 1809 439 1869 si
456 1808 527 1868 ultra
541 1829 695 1868 mensuram
712 1831 728 1868 a
745 1815 873 1870 naturae
891 1803 1063 1886 παρδάλεως,
1084 1805 1127 1866 καί
1149 1805 1270 1878 λέοντος,
1290 1803 1336 1865 καί
1356 1804 1454 1882 άρκτου
1478 1802 1559 1864 ἐστίν.
1581 1803 1652 1865 Εἰσί-

93 1904 234 1965 definitam
262 1901 357 1980 mant,
385 1915 441 1961 toto
469 1923 581 1983 corpore
606 1892 838 1983 corrumpuntur:
891 1897 994 1965 τως·ού
1007 1896 1060 1978 γδρ
1072 1895 1177 1977 ἔχουσιν
1191 1899 1280 1956 ἐκεῖνα
1299 1893 1388 1977 ψυχὴν
1399 1894 1522 1973 λογικήν.
1538 1894 1591 1954 Καὶ
1606 1892 1652 1972 μὴν

93 2009 194 2076 quanto
216 1994 301 2074 tnagis
324 1994 391 2054 nos?
418 1993 483 2054 Ideo
504 1978 583 2053 nbbis
596 1994 670 2054 Deus
693 2008 839 2074 angustum
890 1989 1001 2048 νύννῖνο
1019 1987 1099 2049 πλέον
1117 1996 1160 2050 τοῦ
1171 1989 1273 2057 δέοντος
1292 1987 1339 2047 κοί
1358 1991 1404 2047 τοῦ
1421 1986 1520 2068 μέτρον
1533 1990 1578 2047 τοῦ
1590 1984 1651 2067 νομί

95 2098 214 2145 ventrem
225 2085 300 2146 dedit
311 2110 321 2165 ρ
336 2086 397 2146 ideo
410 2107 523 2166 parvam
534 2085 584 2144 tibi
598 2107 752 2146 mensuram
764 2087 834 2148 deli-
890 2082 938 2152 τῆς
949 2079 1051 2168 φύσεως
1065 2084 1152 2149 αὐτοῖς
1162 2079 1310 2198 ὡρισμένου
1320 2076 1652 2158 σιτισθέντα,διίφθιιρε’νδ

94 2177 181 2257 olvit,
197 2191 228 2238 ut
240 2177 347 2239 doceret
358 2178 476 2239 animam
487 2177 575 2238 curari
589 2191 721 2259 oportere.
890 2180 944 2230 πᾶν
964 2175 1059 2250 σῶμα·
1073 2171 1149 2256 πέσιρ
1162 2195 1206 2231 σιν
1219 2174 1320 2250 μᾶλλον
1336 2175 1427 2249 ἡμεῖς
1443 2169 1496 2229 Διδ
1506 2175 1582 2231 τοῦτο
1596 2173 1649 2246 ίμῖν

891 2267 928 2334 είς
941 2263 1036 2347 μικρὸν
1055 2263 1205 2326 συνέστειλε
1219 2263 1267 2338 τὴν
1279 2262 1397 2344 γαστίρσ
1410 2267 1426 2322 δ
1437 2260 1520 2330 Θεύς·
1532 2260 1574 2321 διδ
1584 2264 1647 2321 τοῦτο

891 2355 977 2437 ὀλίγον
1010 2355 1106 2440 μέτρον
1125 2355 1206 2438 ύιρισι
1227 2359 1339 2436 τροφῆς,
1359 2353 1403 2413 ἵνα
1426 2353 1557 2431 παιδεύσῃ
1577 2355 1647 2433 ψιχῆς

135 2537 163 2596 5.
172 2533 375 2596 Consideremus
386 2535 473 2616 ipsam
484 2533 698 2596 constitutionem
706 2549 837 2615 nostram,
890 2451 1135 2623 cmliiiiipiithiipev
1156 2541 1238 2616 αθτλν
1256 2541 1305 2615 τλν
1322 2539 1489 2613 κατασκευὴν
1503 2539 1552 2612 ele
1564 2536 1644 2618 ἡμιτό-

95 2641 121 2688 et
135 2627 289 2690 videbimus
302 2648 383 2686 unam
398 2627 558 2709 particulam
571 2627 599 2687 in
615 2629 692 2688 nobis
705 2629 775 2689 hane
788 2630 838 2689 ha·
893 2659 949 2717 ραν,
962 2635 1008 2697 καί
1018 2634 1135 2718 ὀψόμεθα
1147 2633 1174 2694 έν
1196 2635 1287 2718 μόριον
1305 2637 1331 2696 ἐν
1347 2638 1412 2713 ἡμῖν
1427 2632 1527 2707 ταύτην
1542 2632 1596 2714 lpus
1608 2628 1646 2703 alt

94 2719 158 2780 bere
176 2719 365 2802 operationem.
381 2722 420 2781 Os
436 2719 509 2779 enim
527 2734 649 2781 nostrum
659 2735 686 2781 et
696 2722 789 2803 lingua
803 2722 839 2782 ad
892 2729 1032 2810 ἀνέργειαν.
1047 2727 1087 2788 Τό
1104 2725 1190 2807 στόμα
1210 2726 1263 2809 γὰρ
1281 2729 1359 2806 ἡμῶν
1375 2725 1422 2786 καλ
1442 2731 1460 2799 ἡ
1477 2728 1581 2805 γλῶττα
1595 2722 1647 2804 τρίς

20 2886 23 2890 ¹
94 2812 212 2895 hymnos
225 2812 352 2894 deputata
362 2812 533 2890 sunt,fauces
546 2811 581 2871 ad
595 2834 697 2874 vocem.
715 2814 780 2875 Ideo
793 2836 839 2874 ne·
854 2827 874 2876 θ
892 2818 988 2900 θμνους
1000 2818 1165 2903 ἀφώρισται,
1176 2824 1190 2880 θ
1203 2818 1303 2901 φάρυγξ
1320 2817 1387 2898 πρὸς
1410 2817 1510 2899 φωνήν.
1524 2815 1574 2876 Aah
1585 2821 1649 2876 τοῖσι

94 2905 202 2964 cessitas
212 2917 314 2963 nature
328 2924 376 2963 nos
387 2903 492 2983 ligavit,
507 2919 538 2963 ut
550 2925 584 2964 ne
598 2902 678 2966 inviti
691 2905 801 2986 quidem
811 2906 839 2965 in
893 2913 940 2974 καὶ
955 2913 1057 2994 ἀνάγκη
1072 2918 1120 2987 τῆς
1132 2912 1235 2995 peleto<
1248 2909 1341 2991 ί’ἡμᾶς
1353 2904 1649 2992 ἐγκοτίδηστν,ίνομηδί

95 2997 211 3057 multam
220 2996 411 3057 difficultatem
422 2995 583 3060 incidamus.
593 2999 624 3060 si
637 3020 753 3078 namque
763 2999 840 3060 volu·
894 3006 1001 3075 ἀκοντες
1021 3005 1197 3086 ίμπίπτωμεν
1209 3008 1247 3074 εἰς
1259 3002 1362 3077 πολλὴν
1377 3002 1572 3085 πραγματείαν.
1581 3000 1624 3071 Ὡς
1632 2994 1662 3059 tl

95 3089 307 3171 ptasmorbosct
316 3088 488 3168 egritudines
500 3110 552 3149 non
563 3090 685 3165 haberet,
694 3091 842 3151 tolerabilis
893 3124 925 3180 pe
938 3106 956 3174 ἦ
971 3095 1058 3182 τρυφὴ
1077 3099 1172 3168 πόνους
1188 3098 1226 3178 μὴ
1241 3089 1311 3180 εἶχε,
1324 3096 1392 3176 μηδὲ
1408 3097 1501 3164 νόσους
1523 3096 1567 3156 καί
1579 3097 1653 3177 ἀρρα-

95 3202 138 3241 res
159 3194 227 3240 esset
241 3204 248 3237 ι
263 3200 335 3239 nunc
351 3193 441 3239 autem
463 3194 566 3240 naturae
586 3182 637 3242 tubi
652 3183 780 3243 terminos
793 3205 841 3265 po·
895 3191 983 3266 πίας,
997 3191 1131 3273 ίφορητὸν
1142 3182 1190 3265 ἦν·
1204 3196 1250 3251 νῦν
1263 3189 1291 3252 δέ
1304 3213 1346 3250 σοι
1356 3188 1471 3250 τέθεικεν
1480 3187 1598 3269 δφοθίσια
1610 3189 1649 3258 vlt

96 3272 162 3351 suit,
177 3286 208 3333 ut
227 3294 261 3332 ne
277 3272 371 3333 volens
389 3271 499 3352 quidem
522 3273 736 3355 transgrediaris.
747 3277 843 3337 Nonne
895 3285 1012 3367 φύσεως,
1025 3283 1068 3344 ἵνα
1090 3282 1158 3364 μηδὲ
1174 3281 1330 3364 βουλόμενος
1343 3280 1516 3362 ὓπερόαίνης.
1532 3283 1592 3363 θθχ
1603 3279 1654 3351 ἡδο·

95 3364 842 3451 uoluptatem,dilecte‚quaeris?Hancafurgalitatepa·
894 3374 943 3447 τὴν
963 3376 1064 3446 ζητεῖς,
1079 3370 1218 3451 ἀγαπητές
1233 3373 1321 3431 Τοῦτο
1344 3369 1420 3452 παρὰ
1442 3372 1492 3441 τῆς
1514 3365 1654 3450 obreptitia<

95 3455 169 3516 rabis
190 3480 197 3513 ε
219 3477 306 3517 nonne
329 3455 536 3518 valetudinem?
561 3457 599 3517 Et
622 3458 692 3518 hanc
711 3481 841 3539 quoque:
897 3464 1022 3548 εθρήσιις.
1037 3466 1098 3544 Οὐχ
1116 3463 1219 3542 θγείαν;
1236 3461 1282 3523 καὶ
1301 3468 1389 3522 τοῦτο·
1410 3458 1471 3543 αι’τχί
1494 3458 1654 3540 ἀμεριμνίας

96 3549 477 3609 nonnelibertatemacuris?
491 3551 568 3610 Hanc
582 3550 793 3614 itidemznonne
808 3555 843 3615 li-
896 3559 942 3617 καλ
964 3560 1052 3616 τοῦτο·
1076 3554 1136 3636 οιῖχλ
1161 3554 1323 3636 ἐλευθερίαις
1347 3552 1406 3634 οὗχλ
1428 3555 1510 3633 φῶσιν
1535 3549 1656 3630 σώματος,

94 3640 235 3718 bertatem,
244 3641 327 3701 robur
336 3656 362 3700 et
372 3642 472 3701 bonam
482 3643 697 3704 constitutionem
711 3645 842 3726 corporis,
896 3648 956 3731 οὗχλ
972 3647 1081 3722 εὐεξίαν,
1097 3647 1156 3729 ούχί
1168 3650 1248 3728 νῆψιν
1262 3647 1363 3727 ψυχῆς,
1372 3645 1433 3725 οὐχί
1444 3644 1590 3724 διέγερσιν,
1600 3640 1657 3703 olm

94 3733 192 3793 anime
207 3733 387 3810 sobrietatem,
400 3733 593 3814 vigilantiam?
605 3736 679 3797 Bona
693 3738 783 3798 omnia
796 3739 843 3798 hio
896 3741 984 3803 πάντα
996 3739 1030 3800 τὰ
1047 3738 1118 3799 κολδι
1137 3741 1265 3800 ἐνταῦθα·
1280 3739 1308 3796 ἐν
1328 3735 1416 3816 ἐκείνη
1434 3735 1462 3794 δὲ
1486 3734 1522 3796 eh
1544 3732 1657 3804 ἐναντία,

95 3842 158 3888 sunt
174 3850 181 3886 ι
196 3827 224 3888 ἰιι
236 3827 345 3910 crapula
358 3850 424 3890 vero
437 3829 579 3905 contraria,
592 3829 753 3910 insuavitas,
769 3831 841 3891 mala
858 3843 877 3891 Ε
896 3835 993 3906 ἀηδία,
1006 3830 1135 3914 καχεξία,
1151 3831 1241 3904 νόσος,
1260 3828 1443 3909 ἀνελευθερία,
1455 3826 1572 3900 δαπάνη.
1584 3824 1658 3887 utto

94 3920 235 3996 valetudo,
247 3920 366 3995 morbus,
378 3920 559 3995 illiberalitas,
571 3937 685 3983 sumtus.
701 3923 779 3984 Unde
790 3925 798 3984 i
801 3924 841 4006 gi·
896 3918 950 4001 σύν,
959 3925 1048 4007 φησίν,
1059 3923 1104 3984 ἐπὶ
1111 3921 1210 3994 ταύτην
1224 3920 1353 4003 τρέχομεν
1366 3919 1498 3996 ἅπαντας
1509 3918 1575 3980 hut
1584 3917 1658 3979 νύσσα

94 4027 151 4087 tur,
168 4014 281 4094 inquies,
294 4013 330 4073 ad
343 4013 420 4074 illam
436 4014 571 4076 currimus
584 4018 695 4077 omnes?
708 4019 749 4077 Ab
764 4018 842 4079 infir·
896 4017 964 4079 Εἰπὲ
977 4015 1029 4098 γάρ
1041 4040 1104 4096 μοι,
1118 4012 1161 4076 διὰ
1175 4012 1202 4072 τί
1215 4014 1246 4074 τὸ
1261 4010 1378 4092 βλάπτον
1400 4014 1416 4071 δ
1438 4015 1524 4072 νοσῶν
1537 4013 1658 4083 ἐπιζητιῖῐ

95 4105 197 4166 mitate.
211 4106 264 4166 Dic
285 4106 357 4166 enim
375 4106 455 4182 mihi,
467 4128 516 4166 cur
532 4127 602 4187 aeger
623 4108 704 4169 noxia
725 4109 843 4188 quaerit?
895 4110 955 4193 οθχλ
969 4110 1016 4169 καλ
1029 4107 1093 4170 αὐτὸ
1110 4107 1187 4168 τούτο
1198 4113 1244 4166 τοῦ
1256 4114 1343 4165 νοσεῖν
1365 4105 1475 4183 σημεῖόν
1489 4096 1662 4176 ἑστιςΔιθτί

96 4218 185 4257 annon
198 4198 250 4257 hoc
260 4198 351 4280 ipsum
364 4198 471 4278 signum
487 4215 526 4259 cst
542 4200 651 4260 morbi?
665 4202 721 4260 Cur
731 4201 843 4262 claudus
896 4201 1011 4284 θχωλδς
1029 4199 1067 4281 μὴ
1082 4199 1146 4279 ὀρθά
1161 4197 1274 4278 βαδίζει,
1290 4195 1391 4258 αι’ντδδί
1404 4200 1483 4256 τοῦτο
1497 4197 1546 4255 οὐκ
1560 4194 1613 4255 eet
1621 4196 1662 4274 pq·

96 4310 150 4350 non
164 4303 235 4349 recte
251 4288 370 4350 incedit?
382 4311 469 4350 nonne
484 4312 519 4351 ex
532 4291 640 4372 ignavia
650 4306 675 4351 et
686 4293 760 4372 quod
773 4294 843 4354 nolit
896 4293 992 4374 θυμίας
1001 4294 1047 4352 καί
1056 4298 1102 4353 τοῦ
1121 4290 1159 4371 μὴ
1175 4289 1316 4371 βούλεσθαι
1325 4285 1400 4367 παρδ
1419 4287 1464 4347 τδν
1480 4288 1574 4362 ίατρδν
1587 4285 1658 4357 θάνοι,

97 4381 221 4442 accedere
239 4381 277 4441 ad
297 4381 453 4442 medicum?
468 4385 520 4444 Res
541 4384 612 4443 enim
630 4385 690 4445 aliae
710 4399 844 4468 tempora·
896 4389 959 4447 Τῶν
968 4382 1020 4466 γδρ
1033 4383 1198 4468 πραγμάτων
1210 4378 1245 4440 τδ
1258 4379 1305 4462 μέν
1317 4379 1479 4462 πρόσκαιρον
1490 4377 1589 4452 ἡδονὴν
1598 4377 1663 4459 ίχει,
1685 4432 1688 4436 .

98 4496 177 4534 neam
194 4474 295 4534 habent
313 4474 480 4555 voluptatem
501 4490 714 4558 perpetuumque
741 4477 845 4560 suppli·
897 4479 1005 4552 διηνεκῆ
1023 4476 1051 4537 δὲ
1068 4475 1117 4550 τὴν
1143 4473 1268 4536 κόλασιν·
1285 4472 1320 4532 τὰ
1341 4471 1369 4533 δὲ
1384 4470 1548 4546 τοίιναντίον,
1559 4469 1608 4542 ele
1625 4466 1664 4547 μίν

98 4568 169 4628 cium
175 4566 254 4646 3aliae
268 4588 283 4626 e
297 4566 430 4635 contrario
442 4581 640 4649 temporaneam
650 4569 846 4650 patientiamet
896 4567 1040 4654 καρτερίαν
1060 4567 1232 4649 πρόσκαιρον,
1243 4566 1357 4637 διηνεκῆ
1366 4562 1394 4624 δί
1407 4562 1457 4636 τὴν
1470 4561 1625 4628 άπολωσιν.
1635 4558 1665 4619 ’0

99 4673 259 4742 perpetuum
270 4657 469 4738 gaudiquui
482 4658 565 4738 igitur
576 4661 615 4721 sic
625 4661 716 4721 mollis
726 4676 752 4722 et
767 4662 844 4742 igua·
895 4663 981 4724 τοίνυν
995 4661 1064 4723 οὕτω
1085 4668 1181 4743 χαῦνος
1201 4658 1247 4717 καί
1259 4658 1389 4739 ῥᾴθυμος,
1408 4653 1480 4715 ὥστε
1495 4654 1533 4735 μὴ
1547 4655 1667 4735 immiti*

97 4774 150 4813 vrrs
168 4767 217 4830 est,
232 4766 328 4811 utnon
349 4766 500 4812 contemnat
513 4768 656 4834 presentes
671 4754 782 4815 delicias
795 4776 844 4836 pro
895 4759 947 4815 τῶν
955 4755 1092 4836 παρόντοιν
1101 4750 1186 4826 ἡδίων
1197 4748 1323 4832 θπὲρτῶν
1336 4747 1498 4828 μελλόντων,
1506 4748 1609 4828 ταχέως
1618 4743 1668 4806 ἃδέ·

97 4845 207 4924 futuris,
220 4844 274 4904 cito
288 4843 404 4925 capitur.
418 4845 470 4904 Dic
483 4845 562 4921 mihi,
577 4847 650 4906 Esau
664 4848 735 4907 unde
748 4861 843 4928 captus
897 4872 998 4909 σκτται.
1012 4845 1082 4907 Εἰπέ
1101 4869 1162 4924 μοι,
1177 4848 1191 4903 θ
1209 4840 1297 4902 Ἡσαῦ
1316 4839 1396 4900 πάθεν
1406 4839 1505 4914 ύάλω,
1526 4838 1606 4899 πόθεν
1626 4834 1667 4908 τὴν

95 4939 158 4999 est?
170 4936 242 4997 unde
252 4939 352 4996 sactum
363 4950 393 4994 ut
402 4951 559 5017 presentem
573 4939 740 5020 voluptatem
751 4900 889 5014 lutnro²i⁹
896 4946 1031 5020 παροῦσαν
1043 4935 1139 5013 ἡδονὴν
1154 4940 1202 5009 τῆς
1223 4931 1371 5013 μελλούσης
1383 4918 1567 5013 cremitarum
1584 4931 1668 5010 τνμῆίὶ
1694 4958 1696 4962 ’

126 5126 137 5150 ¹
158 5109 205 5160 Alii
221 5116 443 5182 ἀλλἐὑμορροτέροι
461 5123 498 5168 καί
512 5128 690 5188 οωμμονεοτέμοι,
706 5124 808 5189 καὶγὰρ.
944 5117 956 5144 ⁸
974 5117 1034 5182 [Sic
1055 5113 1138 5167 Codd.
1152 5110 1230 5164 nostri
1248 5122 1274 5161 cl
1296 5106 1388 5174 sutili
1405 5104 1632 5180 pptxedscommel.
1648 5113 1669 5154 01

128 5193 141 5230 b
161 5188 229 5240 Alius
248 5197 310 5275 ημᾶς
328 5197 456 5251 κατάδυσιν.
913 5195 1002 5248 blontl.
1015 5193 1130 5261 idemque
1142 5189 1418 5258 exposueram]
