3728 5978
597 537 631 584 m
658 534 766 584 nursr.
796 533 854 579 an.
882 529 962 578 rou.
986 529 1105 578 noum.
1134 532 1231 581 xxix.
1362 569 1366 575 .
1635 513 1700 584 811

126 657 206 714 λοντι
222 656 318 729 ταύτην
336 656 528 739 μεταχειρίζειν
538 657 585 731 τὴν
603 659 705 741 οῖρχὴνς
719 657 789 717 Ἀλλ’
809 658 909 736 άνθρω·
963 651 1219 717 administraturus?
1234 656 1288 716 sed
1308 655 1439 737 homines,
1452 660 1499 738 qui
1511 657 1621 741 populis
1634 682 1705 741 prae-
1730 686 1733 692 ·

130 771 181 807 ποι
200 747 248 825 μὲν
264 749 418 828 δημαγωγοί
431 749 498 828 ὑπὲρ
514 753 565 809 τῶν
578 752 711 832 τυχόντων
727 749 911 830 βουλευόμενοι
965 758 1039 821 sunt,
1053 743 1088 804 (le
1099 746 1257 827 vulgaribus
1270 749 1350 809 rebus
1359 751 1533 828 consulenteat,
1545 765 1634 812 noctes
1643 751 1706 810 diess

132 838 314 919 πραγμάτων,
324 838 371 908 τθς
395 839 490 908 νύκτας
513 851 572 911 ταῖς
595 843 707 922 ἡμέραις
726 841 910 925 προστιθέασιν
966 837 1018 896 bus
1032 838 1196 918 vigilitantes
1207 840 1372 922 adjungunt5
1385 865 1433 904 nos
1448 862 1522 920 voro,
1535 845 1583 923 qui
1597 845 1633 904 (le
1648 845 1707 926 ipso

136 933 344 1010 ἀγρυπνοῦντες*
356 938 434 1009 ἡμεῖς
445 933 471 991 δὲ
485 933 550 1014 ὑπὲρ
563 937 674 1016 οὐρανοῦ
685 935 729 995 τὸν
739 937 829 1013 ἀγῶνα
839 933 913 1013 ἔχον·
964 928 1029 987 caelo
1043 944 1174 990 certarnen
1188 932 1331 1008 babemus,
1346 935 1373 994 in
1389 936 1447 1018 ipso
1463 958 1570 1016 quoquc
1586 935 1632 996 die
1643 937 1707 996 dor-

137 1046 199 1096 τες,
214 1024 395 1106 καὶένὴμέρογ
410 1025 586 1105 καθεύδομεν;
611 1029 657 1087 καὶ
676 1026 716 1097 τίς
737 1033 809 1105 ἡμᾶς
821 1024 913 1085 λοιπὸν
966 1022 1089 1083 mimus?
1114 1023 1215 1104 Ecquis
1245 1046 1294 1086 nos
1316 1026 1429 1088 demum
1456 1028 1584 1090 liberabit
1604 1051 1620 1088 a
1641 1049 1708 1110 sup-

139 1111 307 1197 ἔίαῑρῆσεταῑ
331 1121 379 1190 τῆς
400 1119 443 1178 ἐπὶ
458 1121 558 1189 τούτοις
581 1119 726 1196 κολάσεως,
750 1121 786 1182 Et
808 1120 862 1201 γὰρ
884 1116 914 1177 ιθ
966 1113 1060 1194 plicio,
1072 1115 1147 1177 hisce
1157 1115 1263 1177 delictis
1278 1116 1470 1181 debitoi'N'arn
1489 1123 1512 1182 si
1533 1132 1712 1206 corpusjtru·

141 1205 222 1286 σῶμα
237 1209 450 1270 κατακόπτεσθιιι
461 1212 527 1286 ἔδει,
542 1217 565 1273 εἰ
582 1214 634 1298 γὰρ
648 1213 756 1296 μυρίους
768 1217 915 1285 ὑποστῆναι
966 1203 1133 1285 efflantium,
1157 1207 1180 1266 si
1206 1222 1336 1270 sexcentae
1364 1211 1511 1272 subeundae
1540 1227 1639 1296 mortes
1666 1235 1711 1274 es·

142 1299 384 1381 θανάτους,οιἰχὼς
396 1303 439 1364 ἐπὶ
447 1306 594 1388 πανήγυριν
603 1307 707 1389 τρέχειν
715 1307 916 1389 ἔχρὴνςΤαῦτα
925 1311 1042 1388 ⁷⁸,sent,
1067 1320 1155 1359 annon
1180 1300 1258 1380 quasi
1281 1301 1317 1361 ad
1344 1302 1525 1364 celebritatem
1554 1323 1585 1366 oo
1606 1328 1713 1367 curere

143 1393 172 1452 ll
186 1392 224 1470 μὴ
243 1392 321 1470 μόνον
335 1395 472 1472 ποιμένες,
485 1398 556 1459 ἀλλὰ
578 1399 625 1458 καὶ
645 1399 769 1482 πρόὸατα
782 1397 916 1469 ἀκουέτω,
937 1393 1122 1474 reportaret?
1139 1392 1203 1455 lico
1225 1413 1307 1475 porro
1330 1417 1384 1457 non
1408 1396 1489 1474 modo
1511 1413 1645 1480 pastores,
1666 1399 1713 1460 sod

142 1483 188 1544 ἵνα
199 1483 259 1552 τοὺς
268 1485 395 1565 ποιμίνας
405 1489 613 1571 προθυμοτέρους
625 1496 745 1565 ποιῶστν,
759 1489 802 1550 θνα
817 1491 916 1569 μᾶλλον
969 1484 1050 1546 etiam
1065 1508 1128 1546 oves
1148 1486 1276 1565 audiant,
1294 1503 1325 1548 ut
1344 1503 1464 1571 pastores
1484 1491 1549 1552 iudo
1571 1491 1714 1552 alacriores

143 1580 230 1637 αὐτῶν
242 1578 289 1652 ιὴν
299 1579 450 1659 προαίρεσιν
463 1582 707 1664 &bipertitum
718 1581 919 1662 μὲνοθδὲν,πει-
971 1578 1048 1657 siant,
1068 1593 1099 1639 ut
1122 1579 1209 1661 magis
1231 1580 1342 1642 illorum
1367 1583 1542 1665 propositum
1557 1600 1665 1665 acuant,
1684 1599 1714 1644 ut

143 1668 919 1756 θὼδίκαὶὺποοιοὴνπᾶσανπαρίχοντες.οθτωκιιίοί]αῦ-
971 1670 1025 1752 ipsi
1046 1671 1116 1730 nihil
1140 1671 1217 1733 aliud
1238 1695 1321 1751 quam
1343 1675 1545 1755 obsequentiam
1568 1679 1714 1760 praebeant.

145 1764 191 1830 λος
201 1759 320 1823 ἐκέλευσε
328 1763 422 1844 λέγων.
433 1762 559 1826 Πείθεσθε
568 1777 622 1836 τοῖς
629 1766 919 1848 ἡγουμένοιςθμῶνκοιί
973 1763 1014 1823 lta
1028 1777 1055 1823 et
1066 1765 1167 1824 Paulus
1177 1767 1400 1846 jussitzobedite
1413 1775 1577 1852 prepositis
1595 1777 1713 1845 vestris,
1726 1796 1795 1842 neor.
1815 1793 1852 1840 ιι.

144 1851 322 1927 θπείκετε,θτι
340 1856 413 1916 αὐτοὶ
424 1858 920 1942 άγρυπνοῦσινθπὲρτῶνθωχῶνθμῶν,
973 1857 1128 1916 assusatus
1147 1864 1332 1941 estoterqttia
1354 1866 1410 1941 ipsi
1430 1863 1560 1945 vigilant
1575 1885 1630 1946 pro
1648 1867 1714 1924 ani·
1730 1874 1765 1921 ¹7·

144 1950 182 2015 ὡς
196 1945 273 2027 λόγον
285 1948 474 2018 ἀποδώσοντες.
489 1950 577 2012 Ὅταν
602 1952 630 2013 δὲ
651 1949 726 2034 elai-p,
741 1955 920 2032 ἀγρυπνοῦσι,
973 1952 1076 2010 mabus
1101 1954 1224 2024 uestris,
1259 1949 1411 2034 tamquam
1446 1961 1592 2017 rationem
1620 1954 1718 2018 reddi-

146 2039 255 2121 μυρίους
274 2041 345 2121 λε’γει
355 2043 449 2111 πόνους
463 2043 508 2103 καί
521 2042 659 2124 φροντίδας
671 2043 716 2103 καί
729 2045 872 2112 κινδύνους.
887 2043 922 2104 Ὁ
975 2047 1044 2102 turi.
1068 2043 1139 2102 Cum
1151 2058 1242 2104 autem
1256 2045 1335 2124 dicit,
1351 2050 1387 2106 V
1376 2049 1494 2129 tgilant,
1504 2047 1578 2110 tuille
1594 2047 1663 2110 dicit
1678 2050 1718 2110 la·

147 2132 296 2216 γάρκαλθς
309 2132 409 2212 ποιμὴι
424 2138 469 2197 καί
483 2144 617 2211 τοιοῦτος,
635 2127 715 2198 οἶονδ
732 2138 845 2220 Χριστὸς
862 2136 922 2217 βοί-
974 2133 1065 2211 bores,
1089 2157 1184 2211 curas,
1205 2137 1334 2217 pericula.
1361 2140 1433 2199 Nam
1458 2142 1547 2202 bonus
1566 2156 1673 2224 pastor,
1694 2157 1720 2201 et

146 2226 239 2298 λεται,
254 2226 356 2307 μορίοις
368 2228 514 2306 ἁμιλλᾶται
527 2229 666 2310 μάρτυσιν.
681 2229 716 2289 Ὁ
728 2229 777 2310 μὲν
789 2230 842 2312 γάρ
853 2229 922 2299 θπαξ
976 2229 1083 2306 qualem
1104 2229 1228 2290 Christus
1249 2245 1334 2312 optat,
1352 2252 1416 2291 eum
1435 2232 1584 2296 innumeris
1606 2222 1719 2296 cobserri

148 2319 183 2376 δι’
195 2319 272 2378 αθιθν
286 2320 424 2397 ἀπέθανεν,
447 2313 520 2388 οὗτος
541 2321 568 2382 δὲ
593 2323 715 2403 μυριάκις
738 2320 782 2383 διά
796 2321 845 2396 τὴν
863 2321 922 2382 ποί·
976 2335 1063 2404 potest
1074 2322 1255 2404 martyribusz
1267 2322 1400 2402 siquidem
1410 2340 1513 2406 martyr
1523 2327 1605 2387 semel
1612 2340 1720 2409 propter

150 2435 232 2489 μνην,
246 2410 270 2471 εί
278 2435 308 2490 γε
320 2412 419 2492 ποιμὴν
434 2412 476 2484 είη
489 2406 680 2487 τοιοῦτος,οίον
693 2406 759 2475 εἶναι
768 2413 822 2496 χρή
832 2438 838 2451 ·
848 2418 862 2473 ὁ
871 2409 924 2496 γάρ
977 2413 1118 2487 Christum
1132 2414 1257 2491 moritur,
1274 2414 1321 2476 isse
1332 2415 1431 2477 millies
1442 2431 1552 2499 proptor
1562 2438 1681 2498 gregem,
1697 2418 1721 2479 si

149 2506 264 2567 τοιοῦτος
283 2504 340 2559 καθ’
355 2500 469 2575 ἑκάστην
491 2502 594 2584 ἡμέραν
610 2502 784 2576 ἀποθνήσκειν
804 2503 922 2562 δύναται.
942 2523 961 2570 n
978 2506 1039 2568 talis
1051 2507 1099 2569 ilta
1107 2521 1200 2591 pastor
1212 2507 1722 2588 fuerit,qualemdecetQui‘taliscninr

149 2593 200 2657 Διὸ
213 2593 258 2652 καὶ
271 2598 344 2672 ὑμεῖς
358 2594 452 2664 εἰδότες
462 2596 506 2656 τὸν
520 2595 609 2671 πόνον,
618 2595 804 2677 συμπράττετε
815 2605 872 2663 ταῖς
884 2597 925 2656 εὖ·
977 2602 1026 2669 est,
1035 2594 1157 2677 quotidie
1165 2597 1236 2658 mori
1253 2611 1351 2679 potest.
1365 2601 1511 2681 Propterea
1526 2598 1722 2681 vo8„laborem

150 2697 227 2770 χαῖς,
251 2692 284 2768 τῇ
307 2688 469 2766 caumes
493 2686 640 2768 προθυμίᾳ,
660 2691 693 2767 τῇ
715 2686 805 2768 φιλίᾳ,
822 2686 866 2746 ίνα
879 2687 925 2746 καὶ
979 2704 1166 2771 cognoscentes
1178 2691 1358 2772 cooperamini
1375 2692 1513 2774 precibus,
1526 2678 1721 2768 solliiltodioc,

150 2788 229 2863 ἡμεῖς
249 2785 334 2863 ὑμῶν,
348 2782 393 2842 καί
416 2787 493 2862 ἡμῶν
504 2787 579 2864 ὑμεῖς
590 2783 720 2864 καύχημα
741 2781 861 2863 γένησθε.
873 2782 926 2842 arb
979 2783 1127 2860 alacritate,
1137 2780 1269 2862 amicitia,
1285 2797 1315 2842 ut
1324 2797 1469 2844 nosvcstra
1486 2784 1623 2865 gloriatio,
1635 2797 1661 2844 et
1673 2805 1723 2847 vos

151 2883 228 2936 τοῦτο
241 2877 293 2958 γὰρ
302 2876 347 2936 καί
358 2881 396 2958 τῷ
410 2873 545 2958 κοροραίιρ
558 2878 610 2933 τῶν
621 2875 783 2948 ἀποστοθιων,
798 2873 845 2935 καί
859 2874 925 2956 ὑπὲρ
979 2889 1068 2935 nostra
1079 2875 1146 2935 sitis.
1157 2875 1222 2936 Ideo
1236 2875 1306 2935 enim
1324 2888 1349 2934 et
1368 2871 1551 2958 apostolorum
1565 2875 1721 2958 coryphae,

148 2968 208 3039 τοὺς
224 2969 317 3037 ἄλλους
339 2971 456 3049 φιλοῦντι
473 2967 559 3041 αὐτὸν,
570 2973 646 3025 τοῦτο
659 2966 817 3049 ἐνεχείρισε,
830 2967 924 3049 πρότε-
979 2968 1026 3046 qui
1038 2967 1100 3048 plus
1113 2989 1195 3047 quam
1218 2968 1266 3027 alii
1279 2987 1370 3027 omnes
1383 2967 1474 3050 ipsum
1487 2968 1604 3046 amabat,
1614 2983 1723 3050 gregem

149 3085 191 3143 ρον
207 3061 342 3145 ἐρωτὴαας
355 3060 448 3140 αὐτὸν,
462 3064 484 3119 εί
495 3061 597 3140 ςιιλοῐτο
612 3061 675 3141 παρ’
691 3061 784 3136 αὐτοῦ,
804 3059 847 3120 ἵνα
869 3061 924 3139 μά·
977 3059 1208 3141 οοωωίεἰὴριίιιε
1222 3058 1381 3134 sciscitantia,
1394 3059 1418 3118 si
1431 3058 1593 3141 diligeretur
1605 3059 1721 3142 abipso,

146 3162 208 3232 θῃς,
219 3154 261 3215 ὅτι
274 3160 350 3214 τοῦτο
361 3151 413 3234 πρὸ
428 3157 481 3211 τῶν
492 3153 579 3212 ἄλλων
591 3158 638 3224 τῆς
650 3153 755 3232 ἀγάπης
768 3156 817 3225 τῆς
831 3156 867 3219 είς
879 3155 924 3212 αθ·
977 3170 1007 3215 ut
1021 3155 1110 3216 discas
1123 3155 1174 3215 boc
1187 3176 1243 3237 prae
1254 3154 1315 3215 aliis
1329 3154 1455 3214 omnibus
1475 3155 1584 3235 signum
1596 3154 1722 3217 dilectio-
1730 3183 1801 3229 loca.
1817 3198 1855 3230 2¹,

146 3250 191 3308 τὸν
205 3247 346 3327 τεκμήριον
366 3245 482 3306 τίθεται·
495 3245 540 3303 καί
553 3243 605 3325 γάρ
616 3248 737 3315 νεανικῆς
749 3250 826 3305 τοῦτο
837 3247 921 3306 δεῖται
975 3246 1017 3306 nis
1033 3267 1096 3327 erga
1107 3245 1205 3328 *ipsum
1217 3245 1253 3306 ab
1266 3245 1315 3306 illo
1328 3245 1392 3328 poni
1404 3266 1484 3305 :nam
1499 3245 1551 3306 boc
1563 3246 1639 3308 virili
1652 3267 1723 3330 optas
1734 3243 1773 3293 ⁸5·

147 3344 244 3421 ψυχῆς.
257 3342 283 3400 Τ
284 3346 350 3399 αὔτα
361 3335 390 3397 δέ
401 3362 447 3416 μοι
458 3337 520 3418 περί
534 3334 647 3416 ἀρίστων
662 3336 764 3416 εἴρηται
778 3336 921 3415 ποιμένων,
974 3341 1055 3402 θείνει
1066 3342 1167 3403 animo.
1176 3340 1240 3401 llaec
1251 3364 1332 3423 porro
1344 3364 1360 3401 a
1374 3363 1418 3401 me
1430 3340 1504 3400 dicta
1520 3353 1583 3399 sunt
1598 3339 1633 3400 de
1647 3340 1723 3423 opti·

148 3436 178 3493 οὐ
189 3433 250 3514 περὶ
265 3436 378 3510 ἐμαυτοῦ
391 3430 498 3490 καὶτῶν
509 3430 568 3488 καθ’
582 3437 669 3509 ἡμᾶς,
684 3433 742 3491 ἀλλ’
754 3429 779 3490 εί
790 3455 829 3500 τις
838 3435 921 3489 τοιοθ·
975 3434 1027 3494 mis
1040 3435 1205 3517 pastoribus,
1218 3455 1271 3494 non
1282 3432 1317 3492 de
1326 3433 1429 3514 meipso
1444 3431 1515 3492 etde
1525 3432 1609 3492 nostri
1622 3431 1721 3492 simili·

149 3550 208 3596 τος,
220 3516 272 3591 οἷος
282 3525 417 3591 omitto<
426 3514 468 3596 ἡν,
479 3514 531 3590 οἷος
542 3527 555 3581 δ
567 3523 683 3602 Πέτρος,
696 3514 750 3592 οἷος
767 3528 781 3583 ὁ
793 3525 920 3596 Μωϋσῆς.
938 3533 957 3581 G
973 3528 1025 3588 bus
1037 3527 1102 3588 :sed
1116 3526 1139 3588 si
1152 3526 1213 3608 quis
1222 3526 1284 3588 talis
1296 3527 1343 3604 sit,
1355 3526 1445 3606 qualis
1459 3527 1559 3587 Paulus
1569 3541 1639 3605 crat,
1653 3548 1720 3606 qua-

147 3617 264 3684 Τούτους
271 3639 316 3675 ουν
326 3611 507 3692 μιμησαίμεθα
519 3621 565 3679 καί
575 3610 699 3693 ἄρχοντες
708 3613 753 3673 καί
764 3614 920 3697 ἀρχομένω·
973 3620 1007 3680 lis
1017 3623 1124 3698 Petrus,
1141 3616 1229 3701 qualis
1240 3621 1359 3701 Moyses.
1371 3619 1427 3679 Hos
1439 3618 1531 3697 itaque
1544 3618 1684 3698 imitemur
1693 3633 1719 3680 et

147 3709 232 3778 ἔξεστι
245 3709 297 3790 γάρ
318 3708 363 3767 καὶ
381 3708 521 3790 ἀρχομένῳ
536 3712 562 3767 ἐν
580 3706 654 3787 μέρει
673 3696 903 3786 είναι·ζποιμίνος
912 3749 920 3775 ι
974 3716 1091 3798 praesecti
1105 3729 1132 3775 ct
1148 3715 1252 3776 subditi
1264 3716 1344 3775 :licet
1357 3714 1429 3774 enim
1450 3712 1561 3774 subdito
1576 3728 1626 3795 pro
1641 3728 1720 3797 parte

146 3808 194 3875 fi<
216 3801 313 3873 οἰκίας,
333 3803 385 3859 τῶν
402 3801 493 3881 φίλων,
507 3804 559 3859 τῶν
576 3802 693 3873 dunin,
713 3802 761 3869 τῆς
783 3797 919 3877 γυναικὸς,
975 3808 1088 3890 pastoris
1101 3808 1248 3883 numerari,
1260 3805 1495 3881 domi‚inamicos‚
1506 3805 1534 3865 in
1545 3805 1716 3881 domesticos,

149 3899 201 3953 τῶν
219 3897 332 3954 παίδων·
346 3894 395 3953 κᾶν
413 3893 482 3954 οὕτω
494 3893 529 3952 τὰ
540 3895 598 3952 καθ’
618 3890 711 3959 αθτοθς
725 3893 917 3969 οἷκονομῶμεν,
974 3900 1001 3959 in
1016 3899 1186 3977 u10r0m7in
1208 3899 1289 3958 filios,
1309 3897 1340 3958 Si
1360 3897 1399 3957 sic
1417 3911 1507 3956 nostra
1519 3895 1716 3978 dispensemus,
1769 3914 1772 3921 ’

148 3988 255 4047 πάντων
269 3985 454 4066 ἐπιτευξάμεθα
463 3988 515 4044 τῶν
529 3989 649 4063 ἀγαθῶν·
661 3974 698 4042 ὦν
707 3981 808 4063 γένοιτο
818 3980 917 4049 πάντας
973 3995 1062 4053 omnia
1073 4012 1264 4071 consequemur
1276 3992 1588 4068 b0n37quaen0501nnes
1601 3988 1717 4070 adipisci

147 4084 219 4156 ἡμᾶς
230 4082 361 4160 ἐπιτυχεῖν
370 4079 461 4161 χάριτι
472 4079 519 4140 καί
532 4075 788 4159 φιλανθροιπίᾳ,καί
803 4075 835 4136 tlt
847 4073 915 4146 ἑξῆς·
971 4086 1108 4169 contingat
1119 4085 1208 4166 gratia
1219 4097 1245 4145 et
1257 4080 1434 4163 benignitate,
1444 4095 1493 4142 etc.
1597 4145 1599 4149 ,
1660 4145 1663 4149 ,

177 4403 190 4427 ⁸
206 4397 310 4455 ποιμένος
320 4387 380 4439 Mas.
390 4397 465 4439 tecit.
478 4383 545 4436 Editi
557 4396 661 4452 ποιμένα.
