3728 5978
529 419 563 466 ΙΝ
589 419 697 467 EPIST.
727 419 773 465 An
800 417 884 467 ROM.
912 420 1031 468 notite.
1059 421 1158 469 XVlll.

1567 430 1636 502 7⁰9

63 549 133 626 μετδι
159 547 277 615 πλείονος
290 549 337 619 τ’ής
360 543 519 626 φιλοτιμίας,
544 544 635 618 ἐπειδὴ
661 545 773 624 ἐτιμήθη
797 547 835 626 τῷ
892 547 992 626 gentia,
1007 546 1072 626 quia
1087 548 1188 628 inipso
1203 547 1378 609 cumhonore
1401 548 1553 632 descriptus
1571 553 1634 613 fuit.

62 644 228 722 ἐγγραφῆναι
250 637 329 706 ἅπαξ.
351 636 428 717 Ἄφες
449 636 538 709 τοίνυ
556 637 633 696 αὐτὸν
656 636 835 717 κληρονόμον·
891 640 1024 718 Relinque
1037 640 1122 719 igitur
1135 641 1226 720 ipsum
1241 639 1383 700 heredem:
1398 640 1433 701 ad
1447 642 1526 703 illum
1547 644 1635 727 quip-

61 734 129 813 πρύς
146 732 198 811 γὰρ
214 730 292 790 αὐτὸν
314 728 420 789 ἀπιίναι
434 727 553 805 μέλλεις·
576 727 651 796 αὐτός
671 751 713 787 σοι
737 727 837 797 δικάζει
891 751 925 809 pe
936 730 1060 789 abiturus
1077 751 1105 789 cs
1117 754 1123 787 ι
1135 730 1181 789 ille
1190 730 1326 811 judicium
1345 732 1411 792 feret
1435 732 1471 793 de
1494 731 1632 813 omnibus,

61 824 112 896 τήν
129 824 205 896 δίκην
218 826 270 881 τῶν
285 824 395 880 ἐνταῦθα
408 818 590 899 γεγενημένων
605 818 738 880 ἁπάντων.
755 817 837 879 Ἄλλδ
891 842 951 899 quae
963 821 1009 881 hie
1022 835 1096 902 gesta
1110 835 1180 881 sunt.
1200 825 1303 884 Verum
1326 823 1438 901 quidam
1453 839 1517 886 suut
1527 828 1564 886 ita
1584 813 1635 888 m'i-

62 916 116 997 γάρ
130 916 181 976 εἰσί
190 940 259 982 τινες
272 913 352 981 οὐτως
372 913 458 972 ἄθλιοι
470 911 517 972 καί
536 911 718 993 ταλαίπωροι,
729 911 755 972 ol
769 912 836 991 μηδί
891 913 942 972 seri
953 927 979 972 et
994 913 1125 992 infeliceS,
1141 927 1171 973 ut
1186 935 1252 983 oum
1271 914 1370 975 liberos
1393 937 1449 976 non
1464 916 1589 994 babeant,
1604 918 1634 979 id

62 1010 162 1075 παῖδας
172 1007 275 1087 ἔχοντες
287 1009 335 1067 οὐκ
354 1003 492 1085 ἀνέχονται
506 1010 583 1064 τοῦτο
595 1013 689 1079 ποιεῖν,
701 1004 771 1065 ἀλλὰ
785 1028 837 1063 πα·
854 1004 873 1050 Ε
891 1018 979 1064 tamen
998 1007 1242 1086 praestarenoliu13
1257 1007 1305 1066 sed
1320 1007 1445 1088 parasitIs
1459 1023 1485 1069 et
1505 1009 1633 1071 adulato-

64 1099 182 1180 ρασίτοις
192 1099 237 1158 καὶ
248 1096 353 1169 κόλαξι,
369 1097 414 1156 καί
426 1100 464 1176 τῷ
476 1098 540 1154 δεῖνι
551 1095 597 1156 καί
607 1101 645 1176 τῷ
657 1097 721 1155 δεῖνι
736 1098 837 1174 μᾶλλον

61 1191 256 1271 καταδέχωνται
273 1189 308 1249 τὰ
326 1191 411 1248 αὐτῶν
424 1187 593 1265 διανάμειν,ἣ
607 1192 646 1268 τῷ
658 1193 775 1247 τοσαῦτα
786 1189 835 1245 αὐ-

60 1283 124 1350 τοὺς
141 1281 340 1362 εὐεργετήσαντι
353 1282 462 1360 Χριστῷ
472 1302 478 1315 ·
488 1270 524 1337 ὧν
537 1279 564 1336 τί
578 1279 672 1358 γένοιτ’
688 1278 718 1338 ἀν
731 1277 837 1357 ἀλογώ-

61 1398 154 1457 τερον;
169 1373 237 1441 Τούς
252 1374 304 1455 γάρ
322 1371 469 1444 τοιούτους,
481 1371 529 1429 κάν
546 1371 613 1439 ὄνοις
631 1369 680 1430 κάν
701 1370 783 1438 λίθοις
797 1394 837 1438 τις

60 1466 233 1547 παραόάλοι,
247 1465 319 1526 οὐδὲν
335 1463 438 1524 οὐδέπω
450 1467 498 1534 τῆς
513 1463 601 1530 ἀνοίας
623 1464 710 1521 αὐτῶν
723 1461 769 1521 καί
788 1466 837 1534 τῆς

62 1560 237 1631 ἀναισθησίας
248 1559 318 1629 ἀξιον
329 1560 397 1640 ἐρεῖ,
412 1556 466 1617 οὐδ’
481 1555 511 1615 ἀν
529 1556 600 1637 εὐροι
618 1581 658 1624 τις
678 1556 767 1615 εἰκόνα
786 1554 835 1627 τήν

63 1652 161 1730 μανίαν
176 1653 263 1710 αὐτῶν
277 1655 447 1730 παραστῆσαι
462 1649 618 1727 δυναμένην,
628 1647 674 1707 καί
686 1647 734 1720 τήν
749 1673 836 1729 παρα-

62 1746 204 1826 φροσύνην.
219 1744 302 1811 Ποίας
311 1742 363 1823 γύρ
374 1741 506 1811 τεύξονται
518 1740 676 1821 συγγνώμης
685 1733 757 1801 οὗτοι
770 1739 836 1821 ὑπὲρ

60 1845 111 1897 τοῦ
130 1836 167 1914 μή
187 1835 281 1916 θρέψαι
296 1835 372 1895 αὐτὸν
384 1838 492 1906 ζῶντες,
508 1833 570 1893 όταν
585 1832 630 1893 καί
644 1832 750 1893 ἀπιέναι
770 1832 836 1911 μάλ·

61 1931 154 1995 λοντῑς
166 1927 231 2007 πρὸς
246 1927 332 2001 tivit,
349 1925 417 2005 μηδὲ
435 1925 488 1985 ἀπὸ
503 1929 556 1984 τῶν
568 1924 716 2005 χρημάτων
727 1924 834 1996 τούτων,
846 1971 881 2012 ⁶„
890 1929 1038 2010 potientur,
1049 1952 1082 1990 ne
1095 1930 1138 1991 rel
1157 1929 1300 1989 minimum
1313 1928 1456 2010 quidpiam
1474 1930 1526 2012 ipsi
1538 1931 1633 2011 largiri
1659 1975 1664 1986 .

891 1097 976 1175 ribus,
990 1099 1056 1158 huic
1070 1114 1095 1159 et
1114 1099 1157 1158 illi
1177 1099 1272 1159 malint
1288 1121 1335 1159 sua
1358 1099 1530 1181 distribuere,
1550 1125 1635 1182 quam

892 1190 1011 1268 Christo,
1032 1192 1081 1271 qui
1098 1205 1138 1251 tot
1160 1191 1216 1277 illis
1234 1191 1362 1251 beneficia
1383 1193 1497 1253 contulit
1511 1218 1518 1251 ε
1532 1194 1633 1273 quibus

891 1283 958 1362 quid
971 1285 1198 1364 magistratione
1211 1284 1342 1345 absonum
1355 1286 1458 1347 fuerit?
1472 1286 1529 1347 Hos
1538 1287 1561 1347 si
1571 1308 1634 1347 com

891 1377 972 1437 asinis
983 1392 1008 1437 et
1019 1377 1156 1459 lapidibus
1171 1378 1232 1458 quis
1245 1380 1373 1457 conserat,
1390 1380 1458 1439 nihil
1472 1402 1566 1440 eorum
1576 1395 1635 1441 stu·

891 1468 1003 1549 piditate
1015 1485 1041 1530 et
1049 1471 1164 1530 amentia
1173 1470 1288 1550 dignum
1302 1470 1404 1531 dixerit
1417 1495 1424 1528 ι
1441 1492 1489 1531 noc
1499 1473 1560 1552 quis
1571 1495 1631 1555 pos·

890 1562 926 1620 sit
936 1561 1142 1639 similitudinem
1153 1584 1247 1623 eorum
1258 1563 1361 1622 insanio
1375 1562 1485 1645 dignam
1499 1566 1630 1645 proferre.

892 1654 981 1726 Quam
1000 1653 1029 1712 hi
1041 1667 1234 1732 consequentur
1256 1654 1374 1731 veniam,
1388 1654 1462 1733 qood
1471 1651 1538 1714 dum
1552 1657 1633 1717 vive·

891 1758 949 1805 rent
970 1746 1108 1805 Christum
1120 1767 1172 1806 non
1196 1745 1323 1824 aluerint,
1353 1747 1461 1826 quando
1474 1748 1633 1827 nequidem
1672 1790 1680 1802 .

890 1836 925 1896 ad
945 1837 1035 1919 ipsum
1054 1837 1164 1915 abituri,
1177 1837 1214 1898 de
1226 1837 1358 1919 pecuniis,
1386 1835 1463 1916 queis
1486 1839 1557 1898 ultra
1578 1861 1632 1899 non

61 2010 101 2076 ὧν
116 2023 163 2078 οὐκ
179 2018 228 2078 εἶσὶ
250 2018 334 2099 κύριοι
347 2016 448 2091 λοιπὸν,
473 2019 635 2096 βουληθῶσιν
656 2017 728 2096 αὐτῷ
743 2013 836 2095 μικρόν
853 2027 873 2072 A
889 2021 1000 2098 volunt3
1013 2021 1061 2082 sed
1074 2021 1248 2082 taminimieo
1258 2021 1386 2080 etinsesto
1396 2036 1458 2081 sunt
1468 2042 1530 2102 erga
1544 2021 1636 2104 ipsum

60 2135 91 2169 τι
103 2111 279 2191 Ιχαρίσασθαι,
292 2111 350 2170 ἀλλ’
365 2109 447 2177 οὐτως
461 2111 560 2188 ἐχθρῶς
573 2106 718 2166 διάκεινται
728 2107 773 2166 καί
787 2130 836 2166 πο-

61 2204 181 2280 λεμίως,
196 2207 232 2269 ώς
255 2201 321 2279 μηδὲ
343 2204 395 2259 τῶν
418 2201 560 2281 ἀχρήστων
581 2201 669 2267 αὐτοῖς
690 2199 837 2279 γενομένων

62 2300 137 2377 αὐτῷ
153 2298 326 2375 μεταδοῦναι,
341 2296 401 2375 Οὐχ
411 2299 473 2373 δρᾷς
487 2293 544 2352 ὅσοι
553 2296 606 2351 τῶν
624 2290 768 2371 ἀνθρώπων
779 2291 837 2352 οὐδί

61 2390 157 2450 τούτου
181 2387 381 2462 κατηξιώθησαν
401 2392 447 2446 τοῦ
463 2385 571 2458 τελους,
593 2385 651 2444 ἀλλ’
675 2384 837 2466 ἁρπαγέντες

64 2485 201 2555 ἀπῆλθονς
215 2481 251 2539 Σὲ
268 2479 295 2540 δὲ
316 2479 409 2547 eost<
433 2477 478 2536 καί
500 2479 647 2559 ἐπισκῆψαι
664 2485 718 2544 τοῖς
737 2476 836 2556 προσή-

64 2597 140 2633 κουσι
150 2618 158 2647 ,
169 2572 214 2631 καί
236 2574 317 2630 είπεῖν
339 2571 399 2651 περὶ
420 2575 471 2629 τῶν
486 2569 577 2640 όντων,
595 2567 640 2628 καί
654 2567 688 2627 td
705 2568 774 2627 κατὰ
787 2567 836 2640 τήν

63 2667 150 2726 οἰκίαν
170 2666 274 2724 ἅπαντα
295 2666 422 2723 διαθεῖναι
440 2661 549 2734 ἐποίησε
570 2661 671 2741 κύριον.
688 2659 774 2719 Ποίαν
791 2652 835 2719 οὐν

62 2759 207 2838 ἀπολογίαν
224 2757 303 2831 ἔξεις,
317 2756 380 2816 όταν
397 2756 441 2815 καί
452 2753 550 2828 ταύτην
569 2753 658 2814 λαθών
676 2756 836 2832 παρ’-αὐτοῦ

60 2849 111 2922 τὴν
134 2850 222 2930 Ιχάριν,
242 2850 345 2929 προδῷς
368 2848 415 2920 τήν
440 2843 600 2926 εὐεργεσίαν,
625 2844 670 2903 καί
693 2843 784 2927 ώοπερ
806 2849 837 2905 ἐκ

61 2942 204 3021 διαμέτρου
216 2940 372 3007 ἀπεναντίας
384 2944 447 3018 στῇς
460 2946 515 3006 τοῖς
528 2943 575 3010 τῆς
586 2936 699 3004 πίστεώς
714 2959 760 2996 σου
771 2961 835 3019 προ-

59 3034 159 3115 γόνοις,
167 3034 281 3093 Ἐκεῖνοι
293 3034 340 3110 μὲν
352 3031 403 3111 γόιρ
418 3031 463 3090 καὶ
476 3035 572 3099 ζῶντες
585 3027 702 3089 ἐπώλουν
714 3029 819 3088 ἅπαντα
826 3071 835 3101 ,

890 2113 1021 2192 animo,ut
1027 2135 1060 2173 ne
1069 2113 1104 2173 de
1112 2114 1146 2174 iis
1156 2112 1275 2192 quidem,
1283 2135 1343 2189 quae
1356 2113 1408 2172 sibi
1424 2113 1532 2174 inutilia
1541 2115 1634 2175 fotura

890 2218 963 2282 sunt,
985 2204 1090 2285 aliquid
1106 2206 1159 2286 ipsi
1180 2204 1314 2286 impertiri
1335 2204 1437 2264 velint?
1452 2206 1635 2267 Annonvides

890 2312 954 2375 quot
966 2297 1087 2357 homines
1096 2318 1148 2356 non
1158 2295 1316 2377 hujusmodi
1326 2294 1435 2355 decessu
1445 2294 1550 2377 dignati
1560 2311 1634 2372 sunt,

888 2387 935 2447 scd
947 2389 1018 2470 rapti
1031 2388 1121 2448 subito
1142 2386 1332 2450 decesserunt?
1348 2387 1414 2446 Tibi
1429 2408 1493 2448 vero
1513 2388 1586 2448 Deus
1603 2388 1634 2449 id

888 2482 1027 2556 concessit,
1052 2494 1082 2540 ut
1102 2480 1183 2540 rebus
1204 2480 1260 2539 tuis
1280 2479 1443 2557 consuleres,
1464 2501 1496 2539 ae
1506 2478 1634 2541 debonis

888 2574 943 2634 tuis
960 2574 1127 2651 decerneres,
1143 2571 1231 2651 deque
1259 2570 1312 2631 tuis
1341 2570 1468 2631 omnibus
1491 2571 1636 2653 disponere

888 2688 987 2748 posses.
1002 2666 1093 2738 Quam
1102 2685 1166 2744 ergo
1178 2664 1376 2724 exeusationem
1390 2663 1512 2735 habebis,
1525 2664 1633 2744 quando

890 2762 1059 2841 haeaecepta
1074 2759 1172 2838 gratia,
1195 2757 1283 2838 ipsius
1306 2757 1511 2817 beneficentiam
1527 2757 1631 2839 prodis,

889 2867 915 2912 et
925 2852 1001 2931 quasi
1015 2874 1051 2911 ex
1063 2850 1196 2910 diametro
1214 2849 1354 2930 oppositos
1367 2871 1395 2908 es
1406 2849 1451 2926 iis,
1474 2849 1521 2928 qui
1537 2850 1565 2909 in
1580 2851 1634 2910 lide

890 2947 1003 3025 majores
1029 2943 1069 3002 tui
1093 2944 1189 3002 suere?
1216 2942 1259 3002 llli
1283 2963 1398 3021 namque
1412 2941 1533 3002 viventes
1542 2943 1634 3003 omnio

888 3035 1053 3106 vendebant,
1070 3035 1243 3113 ferebantque
1265 3033 1301 3117 ad
1326 3032 1408 3113 pedes
1431 3033 1631 3113 apostolorum

60 3128 107 3186 καί
118 3127 207 3207 ἔφερον
218 3126 292 3208 oreph
301 3125 360 3191 τοὺς
367 3123 449 3190 πάθας
460 3128 511 3182 τῶν
523 3121 693 3182 detestabor·
708 3119 739 3181 σὺ
755 3119 781 3182 δὲ
793 3123 834 3179 οὗ·
888 3140 919 3185 to
929 3149 992 3188 vero
1003 3148 1038 3186 ne
1049 3124 1165 3185 moriens
1177 3123 1286 3203 quidem
1297 3124 1416 3202 aliquam
1425 3124 1559 3184 bonorum
1572 3147 1634 3207 par·

59 3221 89 3280 δὲ
100 3222 227 3278 τελευτῶν
242 3217 335 3297 μοίρας
344 3218 413 3284 τινὸς
424 3215 570 3294 μεταδίδως
578 3222 632 3280 τοῖς
643 3212 782 3292 δεομένοις.
794 3212 835 3272 Τὸ
853 3216 871 3262 ¹³
890 3232 942 3277 tem
954 3216 1046 3297 egenis
1056 3215 1173 3296 largiris.
1187 3215 1288 3274 Melius
1312 3229 1382 3274 certe
1391 3214 1482 3292 fuerit,
1506 3235 1538 3275 ac
1557 3216 1631 3276 mul-

59 3313 110 3390 μὲν
121 3301 165 3369 οὐν
174 3310 281 3388 ἄμεινον
289 3309 336 3392 καί
345 3306 446 3380 πολλὴν
457 3304 606 3387 παῤῥησίαν
615 3304 741 3385 παρέχον,
749 3308 834 3372 ζῶντα
890 3323 944 3369 tam
961 3309 1081 3368 attulerit
1095 3307 1234 3383 fiduciam,
1246 3307 1269 3366 si
1297 3307 1364 3371 dum
1387 3306 1458 3367 vivis
1479 3311 1632 3389 paupertati

59 3405 177 3483 διορθοῦν
193 3401 300 3460 πενίαν·
317 3403 340 3459 εί
354 3399 381 3459 δὲ
403 3401 487 3458 ἐκεῖνο
509 3397 546 3476 μὴ
564 3398 709 3476 βουληθῇς,
721 3395 770 3455 κάν
792 3420 834 3454 τε·

56 3498 159 3554 λευτῶν
172 3493 281 3566 ποίησόν
295 3516 320 3550 τι
334 3492 510 3572 γενναῖον.οὐ
526 3490 627 3559 πολλῆς
640 3487 689 3567 μὲν
698 3488 750 3570 γάρ
762 3490 832 3548 ἔστιν

57 3587 166 3667 ἀγάπης
179 3592 256 3646 τοῦτο
267 3590 314 3656 τῆς
325 3584 385 3663 περί
399 3583 443 3643 τὸν
464 3581 592 3665 Χριστόν·
609 3580 715 3659 ἀγάπης
739 3583 761 3640 δ’
787 3572 831 3640 οὐν

57 3680 141 3757 ὅμως.
156 3682 190 3739 Εἰ
204 3679 255 3759 γάρ
266 3678 311 3737 καί
331 3676 368 3755 μή
381 3675 428 3748 τήν
440 3673 603 3755 ’προεδρίαν
617 3671 683 3741 ἕξεις
695 3672 742 3744 τήν
767 3673 834 3749 μετὰ

57 3777 113 3832 τῶν
136 3775 232 3852 ἀρνῶν,
245 3772 302 3831 ἀλλ’
313 3771 342 3827 οὐ
358 3768 451 3848 μικρὸν
470 3766 499 3825 τὸ
512 3764 562 3824 κάν
585 3767 642 3843 μετ’
659 3764 773 3833 ίκείνους
787 3788 831 3844 γε·

58 3863 166 3936 νέσθαι,
181 3863 225 3922 καί
240 3864 286 3940 ,μὴ
302 3865 395 3932 στῆναι
419 3857 486 3938 μετδι
509 3862 560 3916 τῶν
583 3854 690 3937 ἐρίφων,
715 3856 782 3934 μηδὲ
806 3855 833 3925 ἐξ

60 3956 214 4034 εὐωνύμων,
225 3954 270 4015 Ἂν
283 3953 311 4012 δὲ
327 3952 364 4030 μή
377 3959 453 4011 τοῦτο
462 3954 554 4027 ποιῇς,
569 3945 607 4014 τίς
622 3970 651 4005 σε
667 3945 834 4026 ἐξαιρήσεται

58 4045 224 4125 λόγος,όταν
245 4044 334 4123 θμήτε
356 4048 370 4102 δ
392 4049 437 4101 τοῦ
463 4041 574 4101 θανάτου
595 4038 689 4120 φόύος,
712 4038 779 4115 μήτε
803 4039 834 4098 rb

888 3424 965 3483 opem
981 3402 1068 3462 feras:
1084 3401 1107 3460 si
1122 3399 1254 3460 autemid
1268 3399 1398 3477 nolueris,
1411 3399 1505 3459 saltem
1517 3401 1633 3461 moriens

887 3494 997 3573 aliquid
1024 3492 1142 3573 generosi
1158 3507 1278 3574 praestes.
1294 3491 1328 3551 ld
1351 3505 1420 3551 eerte
1439 3511 1492 3551 non
1506 3513 1633 3572 magnam

888 3587 998 3647 exhibet
1010 3607 1073 3666 erga
1086 3585 1226 3645 Christum
1240 3584 1379 3645 caritatem
1390 3608 1396 3641 :
1409 3583 1532 3651 exhibet,
1543 3599 1633 3645 umen

888 3679 1016 3759 aliquam.
1041 3678 1155 3737 Etiamsi
1175 3678 1247 3737 eninr
1272 3699 1323 3737 non
1347 3699 1408 3737 cum
1429 3678 1507 3757 agnis
1530 3678 1633 3760 priores

888 3771 964 3831 sedes
979 3785 1161 3852 occupaturus
1186 3769 1232 3844 sis,
1246 3783 1274 3827 at
1288 3791 1340 3828 non
1364 3791 1447 3851 parva
1464 3791 1507 3829 res
1537 3771 1633 3832 saltem

888 3878 949 3944 post
965 3863 1027 3923 illos
1049 3883 1116 3935 esse,
1131 3882 1178 3919 nec
1201 3881 1263 3919 enm
1279 3860 1361 3920 hircis
1384 3862 1428 3921 vel
1441 3861 1478 3921 ad
1496 3861 1632 3921 sinistram

888 3969 968 4015 stare.
986 3952 1066 4026 Quod
1077 3953 1100 4012 si
1114 3953 1207 4013 nehoo
1219 3952 1329 4031 quidem
1342 3952 1435 4029 facias,
1451 3974 1513 4031 qua,
1528 3975 1630 4032 quaeso,
1723 3994 1727 4000 »

888 4047 992 4107 ratione
1015 4045 1117 4104 servari
1138 4044 1247 4125 poteris,
1267 4064 1328 4103 eum
1349 4065 1398 4104 neo
1418 4047 1513 4104 mortis
1531 4059 1630 4122 metus,

59 4138 186 4220 ἄχρηστά
201 4162 241 4198 σοι
265 4137 356 4212 λοιπὸν
369 4139 526 4215 γεγενῆσθαι
544 4131 579 4191 tl
597 4130 742 4212 χρήματα,
765 4129 834 4209 μήτε
852 4146 870 4194 C
888 4159 937 4198 nec
959 4137 1113 4197 relictarum
1140 4134 1314 4216 pecuniarum
1348 4135 1400 4194 tibi
1423 4137 1514 4195 littura
1542 4135 1631 4196 inuti-

57 4232 90 4290 τδ
113 4230 258 4311 ἀσφαλείαν
273 4226 483 4306 καταλιμπάνειν
506 4233 561 4293 τοῖς
583 4224 697 4299 τέκνοις,
714 4222 783 4302 μήτε
804 4223 834 4283 τδ

57 4323 161 4396 πολλήν
175 4326 263 4401 σαυτῷ
277 4321 500 4400 προαποτίθεοθαι
514 4319 568 4376 ἐκεῖ
588 4314 758 4395 συγγνώμην,
769 4320 833 4396 ποιῇ

58 4442 89 4478 σε
108 4416 302 4497 φιλάνθρωπον,
317 4413 365 4472 Διὸ
379 4414 528 4492 παρακαλῶ
542 4411 660 4488 μαλιστα
675 4406 722 4487 μὲν
735 4411 834 4476 ζῶντας

57 4507 198 4591 προίεσθαι
212 4518 266 4575 τοῖς
281 4505 411 4584 δεομένοις
430 4507 460 4563 ἐκ
481 4508 534 4566 τῶν
549 4505 630 4563 ὄντοιν
654 4500 703 4574 τήν
725 4499 835 4560 πλείονα

58 4613 164 4683 μοῖραν.
180 4604 214 4661 El
238 4601 265 4660 δέ
285 4623 353 4665 τινες
376 4589 425 4657 εἶεν
450 4595 517 4656 οὕτω
539 4594 712 4675 μικρόψυχοι,
734 4595 770 4659 ώς
795 4591 832 4669 μὴ

57 4695 202 4776 ἀνέχεσθαι
224 4700 314 4765 τοῦτο,
328 4689 377 4751 κάν
393 4688 444 4748 berb
464 4693 511 4760 τῆς
535 4688 652 4766 ἀνάγκης
672 4683 832 4765 γίνέοθωσαν

56 4781 131 4850 οὗτοι
142 4787 331 4868 φιλάνθρωποι.
346 4783 434 4843 Ὅταν
455 4780 501 4857 μὲν
523 4779 575 4859 γὰρ
590 4779 663 4851 ἔζης,
677 4782 713 4846 ώς
736 4776 834 4837 ἀθάνα·

56 4914 118 4962 τος,
132 4889 214 4954 οὕτως
225 4885 347 4966 ἀντείχου
362 4888 414 4943 τῶν
424 4882 521 4942 ὄντων·
533 4880 588 4939 νυνὶ
602 4878 643 4952 δὲ,
660 4877 751 4950 ἐπειδὴ
766 4878 834 4955 ἔμα-

56 4999 101 5057 θες
113 5037 120 5065 ,
135 4990 176 5049 ότι
187 4989 279 5060 θνητός
289 4986 407 5066 γέγονας,
419 4983 468 5044 κάν
481 4990 526 5042 νῦν
535 4981 566 5041 τδ
576 4981 662 5060 δόγμα
676 4978 834 5050 κατάλυαον,

93 5177 102 5198 ι
121 5161 197 5211 Saoil.
210 5162 235 5211 ῑιν
248 5176 329 5228 marg.
345 5161 505 5229 προειθριίαν,
520 5171 574 5223 qnae
592 5152 667 5205 lectio
686 5168 738 5204 non
752 5168 822 5220 sper-

57 5237 152 5292 nenda.

888 4233 973 4310 litas,
1003 4252 1087 4310 noque
1116 4229 1181 4289 hine
1206 4228 1329 4288 relictum
1346 4228 1412 4288 siliis
1439 4229 1630 4310 patrocinium,

888 4349 974 4406 neque
998 4325 1070 4405 quod
1088 4320 1139 4383 tihi
1153 4343 1279 4404 magnam
1302 4322 1367 4382 inde
1379 4323 1488 4384 veniam
1508 4323 1599 4406 parias
1622 4349 1629 4381 ι

888 4419 1007 4500 quando,
1020 4418 1142 4498 inquam,
1156 4418 1215 4476 haee
1229 4416 1321 4476 omnia
1333 4436 1385 4476 non
1397 4431 1423 4476 te
1439 4417 1474 4477 ad
1486 4418 1632 4499 benignam

887 4512 1058 4594 largitionem
1087 4509 1245 4569 attrahunt?
1272 4509 1457 4583 Quamobrem
1481 4510 1592 4571 obsecro
1605 4524 1632 4571 et

887 4627 944 4680 oro,
962 4619 992 4664 ut
1008 4605 1076 4664 dum
1102 4602 1193 4662 vivitis
1216 4601 1348 4682 potiorem
1372 4602 1506 4663 bonorum
1525 4616 1632 4683 partem

887 4694 1148 4777 egenislargiamini.
1163 4695 1193 4755 si
1209 4715 1273 4754 vero
1296 4692 1407 4772 quidam
1423 4695 1461 4753 ita
1486 4690 1633 4775 pusillani-

887 4812 944 4850 mes
957 4788 1021 4860 sint,
1039 4801 1068 4846 ut
1079 4787 1131 4847 hoc
1149 4788 1236 4846 facere
1252 4806 1304 4845 non
1321 4784 1477 4859 sustineant,
1488 4782 1584 4843 saltem
1596 4804 1633 4859 οη

888 4882 1043 4942 necessitate
1064 4878 1175 4958 benigni
1200 4891 1226 4937 et
1239 4872 1363 4935 liberales
1378 4875 1452 4934 fiant.
1472 4876 1542 4934 Nam
1562 4870 1631 4937 dom

887 4975 1005 5049 viveres,
1020 4994 1051 5032 ae
1063 4971 1086 5032 si
1095 4969 1256 5030 immortalis
1269 4967 1375 5040 luisses,
1398 4966 1437 5026 sie
1458 4964 1632 5027 facultatibus
1724 5011 1730 5021 .

909 5149 922 5187 b
939 5148 1033 5198 Omnes
1040 5146 1099 5197 Mos.
1110 5153 1144 5212 μή
1157 5148 1217 5197 broi
1228 5149 1286 5195 θεοῦ
1299 5148 1396 5194 θανάτου
1404 5145 1479 5210 φθόας.
1491 5136 1563 5189 Editi
1573 5155 1633 5190 vcro

876 5236 887 5282 t
901 5236 940 5281 τοῦ
952 5234 1010 5280 θεοῦ
1022 5231 1095 5295 petae·
1106 5221 1178 5275 Prior
1190 5220 1266 5271 lectio
1278 5219 1357 5287 magis
1370 5214 1478 5285 quadret
1489 5215 1523 5270 ad
1534 5219 1632 5271 seriem.

1653 5356 1711 5377 ι’*
