3728 5978
234 393 307 485 ssi

234 539 394 622 sponderent
417 539 485 597 ciros
519 537 620 611 littura,
649 550 675 594 et
699 534 881 616 desperarent,
910 534 977 595 dicit
1030 542 1067 606 είς
1082 539 1232 619 ἀπόγνωσιν
1248 540 1397 609 ἐνέόαλλον,
1411 541 1484 620 λίγει
1498 541 1538 600 ότι
1553 542 1587 600 δι’
1602 541 1687 608 αὖτδς
1703 533 1803 620 pionis

234 647 345 716 propter
360 632 421 690 illas
438 631 510 711 ipsas
528 629 675 703 fidendum,
690 649 738 687 nec
759 627 908 687 defuturis
930 628 977 688 de·
1028 628 1126 699 ταύτας
1141 632 1194 712 χρὴ
1211 636 1325 713 θαρρεῖν,
1339 632 1385 692 καί
1404 633 1441 710 μὴ
1464 635 1659 712 ἀπογινώσκειν
1681 633 1716 691 τὰ
1739 637 1802 712 p=7-

234 723 398 806 speraudum
421 744 486 781 esse.
516 723 678 780 Tribulatio
704 723 775 780 enirn
801 724 976 800 patientium
985 723 1118 799 Ι,1,λοντα.
1133 722 1167 783 ‘ll
1180 724 1231 802 γδρ
1246 727 1332 803 otior<
1346 725 1480 802 ὑπομονὴν
1492 726 1704 805 κατεργάζεται,
1720 727 1804 804 φησὶν,

234 831 379 899 operatur,
389 819 390 822 ’
401 816 498 895 inquit,
518 817 546 873 ί.
560 817 706 893 patientia
726 834 799 872 uero
824 817 975 892 probatio·
995 817 1013 860 Α
1029 815 1045 880 ἡ
1059 809 1086 870 δὲ
1097 811 1215 890 ὑπομονὴ
1231 811 1378 889 δοκιμὴν,ἡ
1393 812 1421 872 δὲ
1431 814 1526 891 δοκιμὴ
1541 811 1652 884 ἐλπίδα,
1664 818 1681 884 ἡ
1695 811 1723 871 δέ
1734 813 1804 878 ἐλπὶς

237 931 313 982 nem,
326 911 463 989 probatio
477 927 549 965 vero
563 927 652 985 spem,
668 906 696 964 5.
718 927 781 985 spes
801 919 901 964 nutem
918 927 978 967 non
1028 906 1058 961 οὐ
1074 903 1253 983 καταισχύνει.
1269 907 1309 964 Οὐ
1324 905 1375 983 γὰρ
1401 905 1479 983 μόνον
1499 908 1548 964 οὐκ
1568 905 1738 985 ἀναιρετικαί
1761 907 1804 973 τῆς

235 1001 402 1083 confundit.
422 1001 482 1058 Non
503 996 584 1056 modo
605 997 676 1055 enim
699 996 886 1055 tribulationes
902 990 976 1077 spem
1020 987 1151 1067 ’τοιαύτης
1164 996 1268 1062 ἐλπίδος
1282 1001 1309 1055 αἱ
1321 997 1439 1076 θλίψεις,
1455 998 1524 1056 ἀλλά
1538 996 1584 1055 καί
1596 1018 1803 1055 κατασκευαστι-

570 416 599 462 S.
628 413 768 462 JOANNlS
792 414 975 462 cnat'sosr.
1005 415 1160 464 ARCHIEP.
1189 416 1459 467 consumuntur.

235 1091 394 1174 hujusmodi
408 1112 461 1149 non
470 1089 578 1165 tollunt,
588 1087 634 1146 sed
646 1087 727 1145 etiam
735 1087 888 1147 adstruunt.
908 1094 978 1147 Ante

235 1183 409 1244 l'utnraenim
433 1203 562 1262 magnum
586 1180 704 1238 fructum
730 1179 870 1239 tribulatio
887 1179 977 1255 babet,

234 1300 329 1360 nempe
343 1277 510 1360 patientiam,
528 1287 553 1333 et
564 1271 638 1353 quod
651 1271 794 1352 probatum
808 1272 888 1350 saciat
901 1294 975 1350 eum,

234 1371 281 1448 qni
292 1383 418 1429 tentatur.
442 1366 551 1426 Confert
571 1379 660 1423 autem
673 1362 754 1422 etiam
765 1362 872 1442 aliquid
882 1362 916 1422 ad
930 1365 977 1422 fu-

234 1475 295 1521 tnra
309 1461 389 1520 :lacit
408 1458 489 1530 enim,
512 1471 542 1515 ot
556 1477 616 1537 spes
639 1456 666 1513 in
686 1454 764 1513 nobis
780 1455 875 1514 vireat.
903 1454 980 1514 Nihil

234 1553 335 1636 qnippe
357 1553 394 1612 ita
407 1564 519 1634 apparat
540 1549 574 1610 ad
587 1549 656 1608 bene
667 1546 840 1629 sperandum,
853 1561 884 1606 ut
910 1548 980 1608 bona

234 1647 403 1707 oonsnentia.

274 1741 303 1798 5.
317 1740 404 1799 Nemo
418 1737 509 1816 itaque
522 1756 616 1795 eorum
625 1779 633 1807 ,
642 1732 688 1811 qui
700 1732 785 1813 probe
796 1731 933 1807 vixerunt,
944 1731 979 1792 de

1030 1086 1083 1146 καί.
1098 1087 1176 1168 Ἔχει
1192 1088 1238 1166 μὲν
1254 1090 1306 1168 γδιρ
1319 1090 1364 1148 καί
1380 1088 1431 1170 πρὸ
1444 1095 1496 1148 τῶν
1512 1090 1665 1167 μελλόντων
1682 1088 1803 1167 μέγιστον

1029 1181 1132 1258 καρπὸν
1145 1179 1193 1251 ebo
1204 1180 1339 1257 ὑπομονὴν
1353 1187 1369 1252 ἡ
1385 1185 1488 1261 θλῐψις,
1502 1181 1547 1240 καί
1557 1180 1590 1240 τὸ
1604 1180 1715 1257 δόκιμον
1723 1189 1803 1239 ποιεῖν

1029 1269 1073 1329 τδν
1089 1271 1295 1353 πειραζόμενον·
1316 1276 1433 1331 συντελεῖ
1447 1272 1476 1331 δέ
1491 1297 1517 1330 τι
1538 1272 1583 1332 καὶ
1603 1273 1671 1351 πρὸς
1689 1271 1725 1329 τὰ
1742 1272 1803 1348 μέ).-

1029 1363 1125 1422 λοντα·
1139 1363 1186 1436 τὴν
1202 1363 1254 1444 γδρ
1264 1363 1358 1424 ἐλπίδα
1371 1365 1497 1441 ἀκμάζειν
1509 1369 1535 1425 ἐν
1549 1371 1614 1441 ἡμῖν
1625 1373 1706 1423 ποιεῖ.
1723 1365 1803 1424 Οὐδὲν

1031 1452 1082 1532 γὰρ
1100 1453 1167 1514 οῦτοι
1182 1457 1288 1535 χρηστδ
1303 1456 1416 1524 ἐλπίζειν
1428 1457 1641 1535 παρασκευάζει,
1658 1460 1695 1524 ὡς
1711 1457 1804 1535 ἀγαθὸν

1032 1546 1156 1614 σννειδός.

1073 1733 1167 1802 Οὐδείς
1188 1740 1250 1815 γοῦν
1271 1740 1323 1794 τῶν
1338 1739 1420 1815 ὀρθῶς
1436 1736 1603 1816 βεῦιωκότων
1617 1738 1729 1796 ἀπιστεῖ
1747 1739 1804 1816 περὶ

234 1830 333 1891 foturis
345 1830 486 1911 desperat;
497 1842 562 1888 utet
574 1826 819 1906 multiqnibonam
830 1825 914 1884 vitam
925 1846 977 1884 non
1031 1827 1084 1883 τῶν
1101 1825 1258 1903 μελλόντων,
1282 1826 1372 1907 ὥσπερ
1387 1821 1431 1887 οὖν
1452 1832 1504 1886 τῶν
1520 1827 1701 1905 ἠμελημένων
1716 1831 1804 1888 πολλοὶ

235 1936 340 1998 curant,
352 1923 423 1982 mala
437 1922 542 2003 gravati
559 1919 733 1996 conscientia,
743 1939 830 1997 neque
841 1917 978 1998 judicium
996 1927 1014 1973 n
1029 1920 1136 1997 πονηρῷ
1145 1917 1293 1995 πιεζόμενοι
1310 1919 1436 1979 συνειδότι
1456 1920 1514 1980 οὐδὲ
1535 1921 1621 2001 κρίσιν
1636 1920 1697 1980 οὐδὲ
1710 1922 1804 1981 dusiis·

235 2035 321 2096 neque
331 2014 536 2075 retributionem
545 2034 601 2073 csse
613 2012 720 2073 vellent.
729 2010 805 2084 Quid
813 2012 896 2090 ergo?
907 2033 940 2071 an
949 2012 978 2072 in
1030 2031 1071 2067 σιν
1082 1999 1148 2068 εἶναι
1159 2011 1335 2088 bobionensi*
1337 2011 1345 2069 i
1357 2003 1415 2084 σόν;
1427 2015 1454 2074 ἐν
1467 2012 1568 2072 ἐλπίσιν
1580 2019 1646 2091 ἡμῖν
1655 2013 1690 2071 τί
1701 2013 1803 2091 ἀγαθά,

234 2106 366 2189 spenobis
372 2105 442 2166 bona
456 2104 574 2164 sunti’ln
584 2124 630 2185 spe
636 2117 706 2163 certe
715 2126 724 2179 ς
734 2102 837 2162 sednon
846 2103 975 2176 humana,

235 2219 295 2276 quae
308 2196 381 2268 cadit
390 2211 416 2256 et
429 2219 498 2278 saepe
507 2209 657 2278 sperantem
671 2194 807 2277 pudefacit
815 2194 909 2278 ,illoa
922 2215 977 2275 quo

233 2290 391 2372 praesidinm
412 2291 570 2371 sperabatur
594 2288 638 2349 rel
659 2301 783 2364 mortno,
807 2288 851 2346 rel
867 2288 977 2348 vivente

231 2381 428 2463 quidem,.sed
447 2395 550 2440 mutato
571 2381 672 2440 auimo.
692 2383 794 2442 Verum
812 2393 902 2438 nostra
923 2400 975 2438 non

232 2487 295 2534 sont
308 2473 392 2548 tulia3
412 2472 461 2532 sed
470 2473 548 2531 firma
564 2493 670 2552 semper
690 2484 716 2529 ct
727 2474 838 2531 immota
852 2492 912 2552 spes
927 2485 975 2530 est.

232 2568 289 2642 Qui
304 2569 377 2637 enim
389 2568 532 2650 promisit,
547 2588 651 2648 semper
668 2566 756 2645 vivit3
773 2587 820 2626 nos
833 2588 896 2626 vero
904 2613 913 2646 ,
928 2567 975 2646 qni

232 2659 312 2720 bonis
324 2659 379 2719 illis
394 2659 533 2735 furemur,
552 2656 601 2716 etsi
620 2656 787 2732 moriamur,
806 2669 833 2714 at
851 2677 977 2736 resurge-

211 2825 216 2839 ·
232 2773 315 2812 mos:
340 2765 366 2810 et
377 2741 447 2809 riibil
458 2751 568 2809 omnino
585 2761 639 2823 est,
655 2746 729 2826 qood
743 2768 791 2806 nos
813 2747 977 2807 oonlundere

1029 2098 1076 2160 Ἐν
1091 2100 1180 2161 ἐλπίσι
1192 2102 1249 2179 μὲν,
1260 2105 1319 2162 ἀλλ’
1330 2107 1377 2162 οὐκ
1391 2104 1582 2184 ἀνθρωπίναις,
1594 2105 1622 2162 αἳ
1632 2105 1802 2164 διαπίπτουσι

1029 2193 1074 2251 καί
1082 2193 1286 2273 καταισχύνουσι
1295 2195 1422 2263 πολλάκις
1429 2197 1472 2255 τὸν
1479 2196 1635 2269 ἐλπίσαντα,
1641 2203 1688 2255 τοῦ
1694 2197 1798 2278 προσδσ

1029 2283 1152 2356 κηθέντος
1166 2284 1341 2365 προΐστασθαι
1350 2290 1569 2360 τελευτήσαντος,
1582 2288 1600 2359 ἢ
1614 2291 1714 2356 ζῶντος
1727 2310 1801 2365 μετα·

1028 2376 1176 2450 ἀληθέντος.
1186 2378 1256 2438 Ἀλλ’
1269 2382 1298 2438 οὐ
1307 2379 1341 2438 τδι
1352 2379 1469 2459 ἡμέτερα
1483 2386 1607 2453 τοιαῦτα,
1622 2381 1693 2440 ἀλλά
1709 2380 1800 2460 βεόαία

1028 2466 1073 2526 καί
1085 2469 1208 2541 ἀκίνητος
1222 2475 1238 2540 ἡ
1253 2470 1337 2536 ἐλπίς.
1349 2470 1383 2530 Ὁ
1395 2471 1447 2551 γὰρ
1463 2472 1691 2552 ἐπαγγειλάμενος
1703 2473 1745 2532 del
1758 2477 1799 2551 ζῇ,

1028 2564 1105 2638 ἡμεῖς
1116 2561 1159 2620 *τε
1171 2564 1195 2620 ol
1203 2563 1343 2640 μέλλοντες
1357 2567 1441 2623 αὐτῶν
1452 2565 1659 2638 ἀπολαόσεαθαι,
1672 2566 1723 2625 κᾶν
1735 2570 1798 2624 ἀπο·

1028 2655 1157 2733 θάνωμεν,
1172 2656 1375 2735 ἀνασπησόμεθα
1387 2659 1478 2737 πάλιν,
1493 2659 1538 2716 καὶ
1561 2660 1635 2718 οὐδέν
1650 2660 1718 2725 ὅλως
1733 2661 1800 2719 ἐστίν

1027 2744 1041 2804 ὃ
1058 2745 1166 2806 δύναται
1179 2754 1251 2824 ἡμᾶς
1273 2756 1461 2830 καταισχῦναι,
1472 2755 1507 2816 ὡς
1526 2753 1584 2828 είκῇ
1599 2752 1646 2810 καὶ
1661 2752 1749 2829 μάτην
1759 2752 1800 2810 καί

231 2845 336 2925 possit,
346 2856 377 2903 nt
389 2843 436 2922 qui
448 2843 547 2901 frustra
561 2855 586 2900 et
601 2854 699 2900 temere
712 2839 816 2899 ssnxam
829 2860 904 2920 spem
919 2860 977 2899 am·
993 2842 1012 2890 G
1028 2837 1073 2898 ἐπὶ
1096 2844 1205 2920 σαθραῑς
1220 2840 1381 2920 ἐπαρθέντας
1402 2841 1514 2901 ἐλπίσιν.
1533 2843 1701 2911 Ἀπαλλάξας
1719 2843 1801 2924 τοίνυν

232 2936 308 3018 plexi
320 2937 413 2996 simus.
426 2936 496 2996 Cum
509 2957 573 3016 ergo
586 2934 629 2993 bis
640 2933 721 2993 dictis
734 2933 769 2992 ab
780 2934 851 2992 omni
867 2954 978 3014 prorsus

231 3028 400 3090 dubitatione
410 3028 471 3088 illos
483 3029 636 3100 liberasset,
651 3027 755 3086 hicnon
769 3027 839 3085 sistit
850 3019 975 3104 gradum,

232 3121 280 3181 sed
299 3121 389 3179 loturo
402 3142 510 3180 rursum
528 3118 632 3178 inducit
646 3163 655 3195 ,
679 3138 779 3198 gnanus
795 3117 976 3192 infirmiores,

232 3211 281 3291 qni
291 3213 432 3294 prasentia
446 3224 590 3291 quaernnt,
604 3231 690 3288 neque
708 3209 751 3267 bis
766 3222 903 3268 contentos
914 3230 977 3269 esse.

232 3305 292 3365 lllis
305 3319 396 3365 autem
416 3304 514 3363 suturis
533 3303 617 3362 fidem
630 3303 694 3361 lacit
708 3323 755 3382 per
775 3323 804 3359 ea
814 3347 822 3375 ,
842 3323 902 3378 quae
919 3305 977 3381 jam

232 3398 296 3458 data
307 3413 378 3457 sunt.
390 3399 429 3456 Ne
439 3398 499 3475 quis
511 3397 583 3455 enirn
595 3395 668 3454 dicat
683 3419 689 3451 :
704 3393 780 3466 Quid
796 3415 880 3474 ergo,
895 3395 918 3452 si
932 3415 977 3452 no·

231 3489 274 3549 bis
287 3491 355 3548 nolit
369 3492 442 3549 Dens
464 3488 634 3568 gratificari?
660 3485 732 3566 quod
756 3486 828 3544 enim
844 3486 929 3566 possit
951 3499 978 3544 et

233 3595 338 3641 maneat
351 3595 377 3640 et
392 3581 468 3641 vivat
481 3601 573 3638 omnes
584 3579 700 3637 scimus:
716 3576 787 3636 unde
799 3599 862 3651 vero
876 3579 977 3636 scimus

232 3673 399 3752 quodetiam
421 3673 509 3733 volet?
525 3674 566 3731 Ab
582 3672 632 3746 iis,
649 3693 709 3751 qnae
726 3673 793 3730 lacta
811 3685 882 3731 sunt.
895 3672 977 3742 Quae·

232 3787 296 3826 nam
312 3767 380 3825 lacta
395 3767 478 3825 sunt?
495 3771 577 3825 Amor
589 3765 646 3837 ille,
659 3786 739 3844 quem
751 3765 821 3822 cirea
832 3785 880 3822 nos
897 3763 977 3822 exhi·

232 3859 300 3918 buit.
312 3858 387 3934 Quid
395 3858 466 3935 lecit,
477 3858 603 3938 inquies?
612 3859 745 3940 Spiritum
756 3871 878 3916 sanctum
887 3857 973 3917 dedit.

1030 2929 1122 2997 αὐτοὺς
1133 2935 1230 3000 ἱκανῶς
1238 2933 1462 3013 ἀμφισόητήσεως
1474 2934 1579 3006 ἀπάσης
1591 2935 1635 2994 διδ
1644 2936 1744 2996 τούτων
1751 2942 1800 2995 τῶν

1029 3023 1165 3104 ῥημάτων,
1185 3028 1236 3104 οὐχ
1248 3025 1339 3097 ἵστησι
1351 3027 1451 3108 ’μέχρι
1473 3032 1524 3087 τῶν
1542 3029 1681 3110 παρόντων
1697 3030 1742 3088 τδν
1755 3030 1798 3090 λό-

1028 3139 1085 3194 γον,
1100 3117 1169 3176 ἀλλά
1183 3117 1227 3176 καί
1242 3117 1275 3176 eli
1291 3119 1421 3196 μέλλοντα
1432 3121 1512 3180 πάλιν
1527 3122 1637 3200 ἐπάγει,
1656 3121 1731 3188 εἰδὼς
1745 3122 1801 3191 τοὺς

1030 3209 1227 3289 ἀσθενεστέρους
1246 3211 1292 3269 καί
1313 3211 1346 3271 rit
1368 3212 1486 3292 παρόντα
1510 3218 1671 3288 ζητοῦντας,
1687 3216 1733 3273 καὶ
1756 3221 1801 3274 οὐκ

1030 3301 1205 3379 ἀρκουμένους
1219 3303 1330 3370 τούτοις,
1352 3305 1405 3364 Καὶ
1428 3313 1566 3365 πιστοῦται
1591 3308 1657 3366 αὐτὰ
1678 3309 1732 3368 ἀπὸ
1750 3314 1801 3367 τῶν

1028 3392 1079 3464 ἤδη
1095 3392 1229 3452 δοθέντων.
1244 3394 1301 3453 Ἵνα
1323 3396 1375 3476 γάρ
1396 3397 1433 3473 μή
1448 3422 1487 3465 τις
1508 3399 1592 3478 λέγῃ,
1610 3399 1637 3458 τί
1656 3393 1713 3474 οῦν,
1730 3405 1752 3460 εἰ
1765 3400 1801 3476 μὴ

1032 3483 1153 3561 βούλεται
1166 3489 1231 3562 ἡμῖν
1247 3486 1408 3566 χαρίσασθαι
1422 3493 1435 3547 ό
1450 3489 1531 3562 Θεός,
1545 3489 1584 3549 ότι
1599 3491 1647 3569 μὲν
1661 3492 1715 3574 γὰρ
1729 3493 1803 3550 δόνα-

1030 3595 1075 3632 ται
1084 3575 1130 3633 καί
1140 3575 1212 3653 μένει
1224 3578 1269 3635 καὶ
1283 3581 1329 3655 ζῇ,
1340 3580 1437 3647 πάντες
1451 3579 1542 3657 ίσμεν·
1557 3582 1636 3641 πόθεν
1648 3583 1693 3656 δέ,
1704 3583 1745 3641 ότι
1759 3586 1804 3643 καὶ

1033 3667 1203 3743 βουλήσεως
1219 3668 1283 3728 Ἀπὸ
1302 3674 1353 3728 τῶν
1367 3671 1418 3743 ἤδη
1440 3672 1632 3750 γεγενημένων.
1658 3675 1748 3734 Ποίων
1762 3699 1805 3754 γε·

1031 3758 1198 3836 pere-,pisum
1218 3763 1275 3831 Τῆς
1289 3761 1408 3841 ἀγάπης,
1422 3764 1453 3835 ἣν
1474 3765 1535 3844 περί
1555 3772 1628 3843 ἡμᾶς
1642 3768 1804 3836 ἐπεδείξατο.

1032 3849 1068 3908 Τί
1080 3852 1209 3926 ποιήσας,
1220 3853 1300 3932 φησί,
1312 3857 1423 3934 Πνεῦμα
1435 3857 1508 3934 ἅγιον
1518 3857 1585 3923 δούς.
1600 3859 1701 3939 Διόπερ
1710 3861 1801 3931 εἰπὼν,

233 3954 406 4034 Quapropter
419 3973 481 4012 cum
495 3951 623 4027 dixisset,
637 3952 705 4032 Spes
724 3971 783 4008 non
802 3952 975 4030 confundit,
995 3952 1014 3997 ὓ
1031 3939 1066 4001 Ἡ
1081 3944 1195 4012 ἔλπίςοῦ
1207 3946 1394 4027 ommim,
1406 3950 1523 4028 ἐπήγαγε
1538 3950 1586 4022 τὴν
1602 3952 1736 4020 ἅπόδῑῑξῑν
1747 3953 1805 4012 τοῦ-

233 4043 316 4124 bnjns
344 4043 382 4103 rei
407 4042 662 4102 demonstrationem
693 4039 826 4117 addidit,
856 4041 976 4100 dicens:

239 4137 315 4215 Quia
342 4140 442 4217 gratia
472 4137 529 4194 Dei
562 4137 679 4216 diffusa
708 4147 750 4193 est
781 4137 814 4191 in
844 4133 978 4193 cordibus

236 4231 352 4287 nostris.
376 4228 437 4286 Non
461 4225 555 4302 dixit,
584 4227 655 4284 Data
680 4238 719 4284 est
731 4270 741 4302 ,
766 4223 839 4302 sed,
865 4228 976 4306 Dissu-

234 4337 269 4377 su
291 4331 334 4378 est
357 4322 389 4376 in
408 4321 543 4378 cordibus
575 4323 700 4390 nostris,
727 4318 880 4397 largitatem
905 4318 977 4378 indi·

80 4423 309 4498 nonumspi-cans.
334 4410 415 4486 Quod
435 4412 506 4471 enim
528 4411 679 4470 maximnm
698 4425 755 4470 erat
776 4410 896 4483 donum,
925 4413 977 4472 boc

82 4495 137 4530 ritus
155 4501 193 4529 ssu

81 4564 193 4656 deidei:
234 4593 360 4654 omnibns
374 4594 516 4675 pretiosius
530 4608 586 4653 erat
600 4640 609 4672 ,
625 4595 733 4675 angelos
744 4616 779 4654 ex
793 4596 950 4656 hominibus
966 4643 975 4674 ‚

196 4488 225 4529 ‘¹¹
235 4501 325 4580 dedit,
341 4523 393 4562 non
406 4502 519 4578 calum,
533 4517 632 4562 terram
642 4517 668 4562 et
678 4523 750 4562 mare
757 4549 767 4581 ‚
785 4503 832 4564 sed
845 4505 920 4583 quod
934 4505 977 4564 bis

234 4686 308 4747 lilios
321 4687 371 4746 Dei
390 4701 415 4746 et
434 4688 529 4746 fratres
542 4687 646 4746 Christi
662 4687 732 4746 lecit.
749 4686 824 4761 Quid
846 4688 897 4746 boc
917 4689 977 4748 est?

233 4780 354 4867 Spiritus
364 4780 553 4840 sanetus.'b⁷isi
563 4794 653 4838 nortem
667 4780 748 4839 uellet
762 4801 810 4839 nos
824 4797 884 4861 post
900 4783 976 4841 labo·

233 4890 275 4928 res
289 4869 394 4948 magnis
416 4868 515 4928 donare
529 4870 652 4946 coronis,
668 4889 721 4927 non
743 4882 804 4927 ante
816 4870 921 4929 labores
938 4884 976 4930 tot

1030 4058 1086 4108 του,
1095 4036 1189 4115 λέγων,
1200 4036 1266 4097 Ὅτι
1279 4044 1296 4111 ἡ
1311 4041 1401 4120 ἀγάπη
1415 4049 1460 4101 τοῦ
1472 4045 1541 4101 Θεοῦ
1556 4045 1699 4124 ἐκκέχυται
1712 4049 1805 4111 ἐνταῖς

1031 4127 1150 4209 καρδίαις
1170 4134 1255 4207 ἡμῶν.
1272 4132 1326 4192 Καί
1348 4135 1396 4191 οὐκ
1408 4125 1479 4209 εἶπε,
1493 4134 1610 4210 δέδαται,
1625 4138 1695 4208 ἀλλ’,
1709 4137 1804 4197 ’Exue'-

1030 4243 1110 4300 χυται
1124 4222 1152 4279 ἐν
1170 4231 1229 4291 ταῖς
1250 4223 1371 4305 καρδίαις
1384 4230 1472 4302 ἡμῶν,
1484 4227 1516 4286 τδ
1537 4227 1645 4309 δαψιλὲς
1657 4230 1803 4310 ἐμφαίνων.

1030 4312 1068 4372 Ὃ
1079 4313 1131 4394 γάρ
1145 4314 1268 4394 μέγιστον
1279 4309 1311 4389 ἦν
1327 4320 1419 4398 δῶρον,
1430 4325 1508 4379 τοῦτο
1520 4319 1626 4398 ίδωκαν,
1635 4327 1684 4381 οὐκ
1695 4323 1804 4406 οὐρανὸν

1030 4406 1076 4464 καί
1087 4410 1136 4486 γῆν
1152 4408 1197 4467 καὶ
1209 4409 1351 4484 θάλατταν,
1367 4413 1425 4470 ἀλλ’
1438 4413 1452 4471 δ
1465 4412 1564 4473 τούτων
1579 4413 1703 4474 ἁπάντων
1714 4415 1806 4492 τιμιόι·

1030 4519 1105 4574 τερον
1123 4491 1165 4574 ἦν,
1181 4500 1227 4558 καὶ
1245 4501 1370 4581 ἀγγέλους
1381 4503 1408 4572 ἐξ
1423 4504 1578 4586 ἀνθρώπων,
1591 4507 1636 4565 καί
1650 4507 1805 4583 υἱοδςῗθεοῦ

1031 4589 1078 4649 καί
1102 4591 1228 4672 ἀδελφοὺς
1245 4601 1291 4654 τοῦ
1305 4597 1420 4674 Χριστοῦ
1434 4599 1618 4669 κατεσκεύαζε.
1639 4600 1676 4659 Τί
1697 4600 1727 4659 δέ
1749 4606 1805 4661 ἐστι

1030 4689 1121 4756 τοῦτο;
1138 4684 1179 4744 Τὸ
1193 4685 1303 4763 Πνεῦμα
1317 4688 1347 4745 τὸ
1360 4689 1443 4766 ἅγιον.
1462 4692 1495 4749 Εἰ
1509 4691 1536 4749 δὲ
1551 4693 1599 4751 οὐκ
1615 4692 1741 4751 ἐόοόλετο
1755 4718 1803 4770 με·

1031 4774 1120 4852 γάλοις
1130 4781 1202 4854 ἡμᾶς
1213 4777 1280 4855 μετὰ
1292 4778 1351 4847 τοὺς
1363 4781 1457 4847 πόνους
1467 4783 1605 4863 στεφάνοις
1620 4785 1804 4863 δωρήσασθαι,

1031 4870 1079 4926 οὐκ
1090 4868 1120 4926 ἀν
1134 4872 1188 4950 πρὸ
1199 4876 1251 4930 τῶν
1263 4874 1349 4932 πόνων
1364 4880 1480 4933 τοσαῦτα
1495 4877 1590 4935 ἔδωκεν
1605 4877 1707 4956 ἀγαθοί·
1718 4883 1762 4934 νῦν
1778 4880 1803 4936 δὲ

232 4962 429 5023 bonadedisset
439 4987 446 5019 ι
458 4984 530 5022 ιιιιιισ
545 4984 610 5022 sero
621 4961 721 5021 amoris
731 4962 772 5020 sui
786 4963 919 5022 sertorem
929 4986 976 5045 per
993 4981 1011 5026 υ·
1031 4969 1060 5028 τὸ
1080 4969 1175 5048 θερμὸν
1193 4972 1271 5031 αὐτοῦ
1284 4976 1332 5043 τῆς
1352 4975 1457 5054 ἀγάπης
1472 4976 1603 5036 δείκνυται
1618 4980 1753 5051 ἐντεῦθεν,“
1763 4979 1802 5038 ότι

264 5140 277 5167 ⁸
295 5141 342 5205 [τι
353 5140 496 5192 addidimus
513 5158 525 5190 ε
541 5137 605 5191 Cod.
618 5144 647 5191 t.
660 5139 765 5191 Savilius
787 5148 851 5208 ἡμεῖς
869 5147 900 5194 δι’.
912 5143 984 5194 Idem

229 5223 256 5274 in
274 5237 351 5289 marg.
362 5219 436 5273 linbet
451 5241 474 5274 ν.
488 5221 504 5273 Ι.
518 5230 530 5276 ὅ
544 5245 567 5276 τι
578 5240 625 5289 pro
638 5229 649 5275 ό
661 5223 781 5291 puellos
796 5222 825 5269 Α,
839 5229 987 5295 animm]

1071 5167 1081 5191 ιι
1098 5150 1156 5200 Mss.
1170 5151 1205 5215 [et
1220 5151 1261 5216 Α.]
1272 5160 1342 5220 μέχρι
1357 5163 1397 5208 τοῦ
1408 5165 1525 5225 παρόντοι-
