3728 5978
231 458 299 529 230
570 477 598 525 s.
626 474 767 525 soinnrs
793 470 978 523 cuntsosr.
1008 470 1162 523 accurre.
1195 474 1478 524 consuunrruon.»

226 612 324 690 lemus,
337 609 435 669 ancilla
449 610 655 688 quoquefacrre
669 607 835 691 deprehensa
848 617 904 663 est:
925 601 973 660 illa
1027 607 1104 685 γε’λια
1127 609 1228 688 κομίση
1243 610 1506 679 sustentatum<
1529 608 1582 693 ’γὸρ
1599 600 1794 690 εὗαγγίλιιιῆν.

226 724 341 782 namque
353 703 466 762 curabat
478 722 536 761 rem
547 702 638 763 laetam
650 701 788 775 nuntiam
802 700 863 758 laeta
874 695 974 777 quippe
988 703 1008 752 Ι)
1028 701 1065 759 0t
1085 699 1113 760 δὲ
1138 692 1210 762 εἶπον
1224 702 1289 783 πρὸς
1306 701 1402 775 αὐτην·
1426 701 1525 784 μαίνῃ·
1539 708 1558 775 ἡ
1577 701 1605 763 δὲ
1626 701 1797 783 διισχυρίζετο

227 818 270 856 res
288 808 353 855 erat.
375 797 430 854 Itu·
447 815 519 855 vero
535 797 672 856 dicebam
689 800 737 867 ei,
760 794 887 853 Insanis.
912 789 974 847 Illa
1028 790 1203 874 ούτωςέχειν·
1214 797 1238 854 oi
1253 793 1280 855 ὸὸ
1294 785 1376 869 ε’ίπον,
1386 793 1427 854 ότι
1440 794 1551 874 ἄγγελος
1561 794 1734 855 memo.
1749 794 1797 852 Ἐκ

231 902 331 948 nutem
347 888 524 969 affirmabat
543 892 587 948 sic
610 910 641 948 se
663 889 771 947 babere
784 909 793 942 .·
815 885 863 944 illi
876 895 975 941 autem
1027 885 1118 945 τούτου
1133 885 1245 962 ἀληθὲς,
1265 886 1308 948 ὅτι
1328 885 1438 955 ύιιαστος
1452 892 1529 967 ἡμῶν
1541 887 1653 967 ἄγγελοι
1667 882 1735 965 ἐχει.
1748 882 1796 945 lini

228 980 364 1038 dicebant
377 978 538 1059 :Angelus
549 983 611 1061 ejus
622 993 673 1039 est.
688 978 757 1037 Hinc
770 996 865 1038 verum
876 972 975 1055 proba·
1025 975 1104 1037 πόθεν
1120 980 1232 1048 ἐπῆλθεν
1246 982 1335 1046 αὐτοῖς
1349 978 1459 1061 ἀχριλον
1473 969 1541 1039 εἶναι
1557 976 1618 1037 τότε
1641 977 1796 1047 ὑπονοῆσαι,

228 1084 281 1141 tur,
299 1091 521 1149 unumquemque
540 1086 661 1133 nostrum
673 1070 800 1149 angelum
815 1067 925 1126 habere.
937 1063 975 1124 Et
1026 1066 1090 1129 Ἀπὸ
1107 1075 1152 1129 τοῦ
1172 1075 1264 1152 καιρυῖ
1281 1077 1358 1131 τοῦτο
1376 1069 1562 1132 ὑπώπτευσαν.
1580 1069 1629 1137 Ὡς
1642 1067 1672 1127 bl
1690 1065 1794 1146 ίπίμενι

229 1159 300 1220 unde
309 1160 337 1219 in
349 1174 465 1220 mentem
476 1161 560 1220 subiit
570 1162 626 1221 illis
637 1161 765 1240 angelum
774 1158 853 1218 esse?
867 1159 890 1215 Α
905 1170 974 1216 tem-
1025 1160 1135 1240 κρούων,
1148 1160 1236 1241 φησὶν,
1249 1160 1397 1231 ἀνοίξαντες
1408 1152 1475 1222 εἶδον
1482 1160 1574 1231 αύτὸν,
1590 1159 1637 1219 καλ
1647 1157 1794 1232 ἐξέστησαν.

229 1277 293 1337 pore
307 1255 378 1316 illud
391 1256 608 1338 suspicabantur.
631 1259 669 1316 {st
696 1268 795 1315 autem
807 1272 973 1334 persevera·
1023 1250 1060 1311 ‘0
1074 1251 1102 1313 δὲ
1114 1249 1336 1331 ὴιιατασείσαςτῇ
1349 1254 1420 1336 χειρί
1431 1253 1545 1335 ἡσυχίαν
1560 1251 1664 1324 πολλὴν
1677 1249 1793 1323 ἐποίησιν

231 1352 279 1409 θαι
292 1351 426 1429 pulsans,
438 1349 538 1428 inquit,
548 1370 615 1409 eum
627 1351 818 1429 aperuissent,
835 1346 975 1403 viderunt
1024 1344 1093 1406 ὥστε
1113 1349 1224 1408 ἀκοῦσαι
1245 1347 1278 1407 τὸ
1306 1351 1368 1428 παρ’
1389 1349 1477 1408 αὐτῶ.
1498 1344 1687 1422 Ποθεινότερος
1709 1345 1793 1424 nullu

229 1463 306 1514 eum,
316 1456 344 1502 ct
353 1445 571 1522 obstupuerunt.
579 1444 638 1502 Ille
648 1461 720 1500 uero
730 1458 865 1500 annuens
874 1457 974 1511 manre,
1023 1437 1115 1498 λοιπὸν
1126 1431 1158 1513 ἦν
1169 1449 1223 1510 τοῖς
1239 1447 1387 1520 μαθηταῖς,
1403 1444 1433 1501 ού
1445 1442 1484 1522 τῷ
1493 1441 1611 1510 σωθῆναι
1626 1435 1718 1514 μόνον,
1729 1433 1792 1494 titt

228 1532 369 1592 silentium
385 1554 513 1614 magnum
540 1533 612 1609 iecit,
632 1546 662 1591 ut
676 1530 826 1591 audiretur.
848 1527 975 1610 Optatior
1023 1530 1069 1589 καὶ
1092 1536 1130 1612 τῷ
1152 1534 1293 1604 ἐπιστῆναι
1306 1533 1352 1593 καί
1365 1533 1458 1600 εύθίως
1478 1533 1607 1593 ἐπελθεῖν.
1625 1526 1792 1588 Μανθάνουτι

228 1627 354 1708 deinceps
373 1625 517 1707 discipulis
534 1640 591 1686 erut
599 1671 609 1704 ,
623 1646 677 1684 nou
698 1624 778 1684 modo
792 1621 866 1702 quod
879 1642 985 1695 seruet·¹
1022 1624 1113 1684 λοιπὸν
1124 1626 1170 1685 καὶ
1184 1629 1209 1686 ol
1219 1629 1310 1686 οίειεῖοι
1321 1626 1409 1685 πάντα
1421 1628 1529 1706 σαφῶς·
1541 1621 1707 1702 μανθάνωσι
1718 1618 1791 1679 καλοί

226 1735 272 1780 tus
299 1733 382 1797 esset,
408 1718 456 1778 sed
482 1719 562 1778 ctiam
584 1718 658 1798 quod
681 1716 784 1777 adesset
808 1729 835 1775 et
859 1712 973 1775 aceede-
989 1732 1008 1780 r.
1024 1715 1208 1795 ἀλλότριοι,εί
1219 1742 1251 1798 γε
1266 1720 1359 1792 ἤθελον
1375 1724 1533 1778 πιστεῦσαι·
1553 1713 1616 1775 ἀλλ’
1635 1716 1685 1773 obt
1703 1710 1791 1785 ἠθόλη·

227 1826 277 1871 rct.
292 1812 408 1888 Discunt
422 1811 562 1871 manifeste
575 1810 666 1870 omnia
685 1808 849 1881 familiares,
864 1806 975 1866 discunt
1024 1831 1083 1869 σαν.
1097 1811 1123 1868 T
1124 1817 1195 1871 οῦτο.
1206 1813 1252 1872 καί
1275 1812 1320 1872 ἐπὶ
1338 1818 1385 1873 τοῦ
1399 1814 1513 1895 Χριστῶ
1526 1806 1644 1889 γέγονεν.
1658 1802 1791 1884 ’drop-pl·

225 1920 259 1968 et.
271 1907 372 1984 alieni,
380 1908 402 1967 si
423 1905 530 1968 credere
550 1906 651 1982 relint5
669 1904 717 1966 sed
743 1904 894 1965 noluerunt.
916 1902 974 1961 Hoc
1024 1906 1102 1976 λατε,
1116 1903 1205 1983 φησὶν,
1218 1903 1341 1986 ’taedeo
1357 1904 1403 1965 καί
1414 1913 1468 1972 τοῖς
1479 1904 1602 1982 ἀδελφοῖς
1620 1903 1716 1957 ταῦτα.
1728 1896 1792 1977 Ὅρα

226 2000 309 2073 etiarn
322 2001 350 2059 in
365 2000 472 2061 Christo
486 2002 588 2061 iactum
608 2013 656 2060 est.
672 2001 837 2074 Nuntiate,
858 1996 947 2076 iuquit
961 2041 972 2075 ,
1024 1997 1081 2061 πῶς
1094 1998 1141 2054 οὐκ
1155 1994 1212 2056 ἔστι
1223 1995 1363 2066 κενόδοξος.
1377 2000 1419 2057 Ob
1428 1994 1481 2077 γὰρ
1493 1985 1561 2066 εἶπε,
1570 1998 1627 2059 τοῖς
1644 1991 1792 2068 ἁπανταχοῦ

228 2095 383 2156 Ισσοίνοεί
389 2094 537 2175 fratribus
552 2096 622 2153 ltaec.
634 2091 708 2155 Vide
727 2090 862 2170 quomodo
876 2109 973 2150 vanam
1025 2087 1093 2159 δῆλα
1110 2088 1239 2163 ποιήσατε
1264 2095 1368 2149 ταῦτα·
1395 2088 1478 2159 ἀλλὰ,
1497 2090 1563 2153 Τοῖς
1590 2085 1723 2164 ἀδελφοῖς.
1744 2080 1792 2142 ίίαλ

140 2208 143 2213 ’
227 2182 343 2265 glorinm
364 2205 419 2245 non
442 2198 555 2263 quierat.
569 2185 629 2244 Non
646 2182 719 2242 enim
735 2181 824 2260 dixit,
847 2180 975 2260 Undique
1024 2181 1191 2263 ἀνεχώρησεν
1211 2186 1248 2251 είς
1268 2182 1355 2264 ἕτερον
1367 2182 1459 2244 τύπω.
1480 2183 1521 2241 Οὐ
1541 2179 1593 2260 etp
1618 2173 1792 2258 ἐπείραζετὸν

227 2276 287 2337 Ικεε
304 2276 431 2337 omnihus
451 2278 587 2354 nuntiate,
600 2274 659 2354 sed,
672 2279 838 2336 Fratribus.
851 2277 893 2335 Et
907 2278 974 2334 abs·
1023 2273 1102 2346 Θεὸν,
1113 2274 1173 2334 οὐδὲ
1186 2277 1223 2342 είς
1234 2273 1396 2355 πιιρασμοὸς
1413 2272 1536 2335 ἐνίόαλεν
1555 2267 1666 2330 ἑαυτόν·
1683 2266 1742 2327 ἐπεὶ
1753 2263 1793 2324 ότι

228 2373 317 2431 cessit
344 2373 378 2429 in
399 2372 493 2430 alium
516 2372 622 2429 locum.
645 2371 738 2448 Neque
759 2368 833 2427 enim
855 2367 976 2427 tentabat
1024 2364 1162 2428 καὶτοῦτο
1175 2368 1376 2441 ἐκελεύσθησαν,
1390 2365 1526 2440 ἐποίησαν.
1543 2359 1716 2427 necatum
1730 2357 1793 2438 tlt,

228 2461 336 2540 Deum,
347 2482 435 2541 neque
448 2482 503 2523 sose
518 2463 545 2521 in
561 2461 720 2522 tentationes
734 2460 890 2541 injiciebat:
905 2458 976 2519 illud
1024 2457 1115 2538 φησὶν,
1139 2460 1167 2519 ἐν
1188 2464 1227 2542 τῷ
1247 2463 1310 2541 ἱερῷ
1323 2461 1429 2519 λαλεῖτε
1446 2460 1485 2538 τῷ
1501 2459 1568 2536 λαῷ.
1582 2451 1733 2525 Ἤκουσαν,
1751 2447 1794 2509 καὶ

94 2567 217 2616 evasse.
228 2553 301 2612 enirn
311 2552 382 2634 jussi
394 2567 504 2613 tantum
517 2553 660 2613 iaciebant.
673 2555 813 2633 ingressi,
827 2551 928 2631 inquit,
944 2555 977 2611 in
1025 2550 1119 2619 εὐθέως
1139 2551 1327 2625 οἐπείσθησαν.
1345 2555 1432 2613 Τοῦτο
1453 2550 1480 2610 δὲ
1494 2552 1542 2610 οθιι
1555 2538 1630 2608 εἶπεν
1643 2550 1660 2605 θ
1674 2542 1794 2623 ἅγγελος,

229 2646 377 2726 templum,
391 2646 548 2728 loquimini
564 2646 682 2727 populo.
698 2644 851 2704 Audierunt
871 2658 897 2704 et
918 2658 975 2704 sta-
1025 2642 1094 2704 ἀλλέι
1104 2648 1143 2726 τῷ
1157 2649 1218 2726 σιγῇ
1233 2647 1380 2718 ἀποστῆναι
1391 2642 1436 2703 καὶ
1445 2641 1535 2708 νυκτὸς
1551 2639 1690 2718 ἐξαγαγεῖν
1702 2635 1795 2696 ἔδωκεν

227 2738 279 2798 tim
291 2739 433 2818 obsequuti
448 2752 522 2799 suut.
536 2739 594 2799 lloo
604 2760 670 2800 vero
679 2739 739 2819 jam
752 2759 805 2798 ιιοιι
816 2735 883 2798 dicit
893 2758 1017 2823 ange·²¹²
1025 2736 1142 2806 ἐξουσίαν
1157 2742 1340 2820 ἀναχωρῆσαι.
1354 2737 1409 2798 Καὶ
1418 2743 1495 2796 τοῦτο
1509 2734 1537 2796 bl
1552 2732 1674 2813 γίνεται,
1687 2729 1730 2789 ίνα
1743 2726 1797 2806 μά-

227 2831 281 2908 lus,
299 2830 347 2892 sod
360 2830 432 2910 quod
457 2831 568 2891 silenter
589 2830 710 2891 abscedit
728 2843 755 2889 ct
768 2844 849 2890 noctu
870 2829 976 2907 eduxit,
990 2841 1010 2884 Δ
1025 2834 1122 2908 θωμεν,
1134 2829 1187 2891 ότι
1210 2831 1257 2891 καί
1279 2829 1448 2911 ἀνθρωπίνως
1472 2827 1560 2887 πολλὰ
1585 2822 1795 2905 *epsoso'pnaeb

229 2923 307 2983 dedit
327 2924 483 2983 facultatem
506 2921 656 2984 secedendi.
680 2923 740 2983 Hoc
761 2937 852 2983 autem
875 2923 977 2983 sactum
1025 2921 1094 2982 ὥστε
1108 2921 1146 3003 μὴ
1160 2932 1312 3003 περιπεσεῖν
1323 2922 1403 2982 πόλιν
1418 2919 1505 2980 αὐτόν.
1519 2916 1581 2978 Ἵνα
1591 2917 1645 2998 γὸρ
1666 2913 1704 2995 μὴ
1720 2909 1797 2974 εἶπεν·

164 3066 167 3071 .
229 3031 279 3094 est,
291 3029 323 3075 ut
342 3016 479 3077 discamus
493 3018 578 3076 multa
593 3017 714 3076 humano
728 3037 804 3076 more
823 3015 977 3098 dispensata
1025 3037 1076 3086 σιν,
1089 3014 1131 3075 ὅτι
1145 3020 1159 3075 δ
1174 3015 1284 3097 ἅγγελος
1299 3018 1378 3075 αὐτοῦ
1392 3017 1447 3074 ἐστι
1461 3011 1529 3092 μετὸι
1541 3010 1573 3070 τὸ
1586 3009 1721 3081 ἀπελθεῖν,
1730 3003 1797 3086 πρό·

229 3109 322 3185 fnisse,
335 3122 366 3168 ut
387 3130 419 3168 ne
441 3109 488 3168 ille
502 3110 599 3169 iterum
625 3109 833 3190 periclitaretur.
849 3110 892 3168 Ne
905 3109 978 3168 enim
1025 3130 1100 3188 τερον
1112 3114 1191 3168 τοῦτο
1200 3107 1322 3188 λέγουσι·
1335 3107 1380 3176 καί
1399 3105 1458 3167 τότε
1477 3102 1555 3163 αὐτὸν
1575 3106 1675 3180 ὁρῶσιν
1689 3095 1796 3178 nupt-

230 3217 291 3283 post
312 3202 461 3263 discessum
476 3203 536 3284 ejus
551 3202 671 3262 dicerent
689 3203 815 3282 angelum
840 3202 898 3284 ejus
912 3218 977 3278 esse,
1025 3224 1110 3260 ποντα
1122 3199 1170 3275 τὸν
1184 3199 1261 3269 δόξαν
1279 3199 1389 3273 ἐκείνην.
1407 3197 1442 3258 Ὁ
1458 3197 1568 3277 ἄγγελος
1589 3197 1612 3254 εί
1631 3184 1677 3266 ἦν,
1695 3195 1743 3253 obn
1764 3189 1794 3249 ἀν

230 3293 283 3354 hoc
296 3294 373 3375 prius
388 3293 529 3371 dixerunt,
540 3309 567 3354 et
580 3309 670 3377 postea
684 3294 764 3353 illum
777 3294 914 3371 viderunt,
929 3294 977 3373 qui
1026 3295 1134 3373 ἔκρουσε
1144 3293 1192 3367 τὴν
1204 3293 1295 3374 θύραν,
1308 3295 1356 3353 oie
1370 3291 1401 3351 δν
1417 3287 1586 3370 ἀνεχώρησεν
1600 3286 1640 3353 είς
1657 3284 1744 3365 ἕτερον
1755 3282 1795 3342 τό·

174 3436 181 3451 ,
230 3386 302 3446 hanc
315 3387 469 3468 opinionem
482 3389 602 3448 sustulit.
619 3389 649 3449 Si
665 3388 777 3467 angelus
794 3387 887 3448 luisset
896 3433 906 3468 ,
923 3408 976 3448 non
1026 3411 1085 3448 πον.
1099 3388 1247 3448 Πιστοῦται
1262 3385 1290 3444 δὲ
1306 3382 1399 3452 αύτοὸς
1418 3382 1507 3441 καὶτὸ
1525 3379 1563 3458 μὴ
1584 3377 1716 3460 ἐνημόρρ
1729 3372 1795 3455 γετί·

231 3479 366 3561 pulsasset
387 3482 468 3558 sores,
481 3503 530 3541 nec
543 3482 689 3542 secessisset
711 3482 739 3540 in
763 3481 848 3541 alium
872 3481 974 3543 locum.
1027 3487 1098 3541 σθαι.
1115 3483 1151 3540 0t
1158 3478 1205 3559 μὸν
1214 3477 1388 3558 λελυμένοιέν
1402 3477 1492 3555 εύχαῖς
1507 3464 1590 3545 ἦσαν·
1605 3470 1656 3531 ὸδδ
1667 3467 1794 3547 δεδεμέναι

233 3572 382 3632 Confirmat
393 3573 474 3633 etiam
486 3574 556 3650 illos,
569 3573 644 3653 quod
657 3594 710 3632 non
720 3574 749 3632 iu
762 3573 808 3633 die
819 3574 920 3633 lactum
932 3575 975 3634 sit.
1027 3578 1054 3635 ἐν
1077 3573 1170 3654 ὕπνῳ,
1189 3575 1212 3632 el
1226 3572 1343 3650 ἐνόμιζεν
1355 3568 1451 3642 ἀληθὲς
1464 3556 1531 3626 εἶναι
1550 3564 1582 3625 τὸ
1591 3562 1738 3642 γινόμενον,
1750 3557 1794 3618 κᾶν

232 3663 268 3721 lli
281 3663 362 3723 soluti
381 3665 571 3745 precabantur,
587 3665 634 3725 ille
647 3658 753 3725 vinctus
772 3664 932 3725 dormiebat.
947 3665 978 3728 si
1028 3667 1174 3748 ἐξεπλάγη,
1186 3665 1235 3724 κάν
1244 3667 1292 3724 οὐκ
1303 3659 1494 3741 ἐμνημόνευσε·
1507 3664 1568 3718 ιν’ύν
1583 3655 1611 3716 δέ
1624 3659 1662 3722 ὣς
1674 3650 1791 3731 ὶνόνῑίθφ

232 3770 350 3837 putasset
362 3779 428 3835 rem,
442 3780 502 3837 quae
512 3760 652 3839 agebatur,
664 3780 756 3819 veram
769 3780 836 3835 esse,
850 3760 978 3840 perterri-
1028 3763 1106 3840 ὁρῶν,
1118 3759 1250 3839 ἀτάραχος
1260 3748 1302 3829 ἦν.
1312 3745 1425 3825 Ἦλθον,
1440 3751 1529 3831 φησίν,
1540 3749 1586 3810 inl
1596 3747 1647 3820 τὸν
1657 3744 1741 3818 πύλη*
1749 3741 1799 3829 'lt

232 3864 276 3909 tus
295 3850 397 3927 fuisset,
419 3871 466 3910 nec
493 3872 596 3911 memor
616 3865 753 3931 gestorum
769 3875 776 3908 :
792 3872 864 3911 nunc
887 3866 978 3914 autem
1029 3855 1147 3932 σιδηρᾶν.
1160 3850 1235 3932 Ὅρα
1255 3845 1302 3907 καὶ
1322 3850 1379 3913 πῶς
1398 3842 1495 3924 ίσχυρὸ
1514 3832 1557 3914 ἦν.
1583 3836 1736 3903 Διελθόντες
1751 3832 1787 3903 δίο

232 3942 310 4021 quasi
331 3942 360 4002 in
381 3963 475 4003 somno
488 3943 595 4021 videns,
619 3945 676 4004 sine
693 3945 894 4026 perturbatione
908 3961 975 4007 erat.
1029 3945 1112 4026 φησὶ,
1125 3941 1234 4023 πρώτην
1248 3936 1367 4020 φυλακὴν
1381 3936 1427 3994 καὶ
1446 3934 1579 4016 δευτέραν,
1600 3923 1683 4004 ἦλθαν
1697 3928 1737 3988 itti
1749 3923 1786 3996 ris

235 4038 393 4109 Venerunt,
424 4036 523 4115 inquit,
541 4039 583 4097 nd
604 4052 720 4118 portum
735 4039 883 4118 ferream.
907 4038 979 4100 Vide
995 4047 1012 4093 B
1029 4037 1115 4110 πύλην
1130 4034 1178 4108 τὴν
1193 4035 1313 4112 σιδηρᾶν.
1327 4028 1381 4090 Καὶ
1395 4028 1438 4087 διὸ
1454 4025 1481 4086 τί
1495 4024 1533 4104 pt
1550 4025 1583 4083 δι’
1598 4017 1785 4100 ἕωῖῶθνθθθὸ

232 4149 314 4205 quam
326 4129 404 4187 firma
421 4142 498 4188 esset.
516 4133 724 4204 Transeuntes,
740 4131 838 4209 inquit,
850 4136 978 4211 primam
1028 4135 1107 4190 τοῦτο
1117 4127 1231 4209 γίνεται;
1244 4122 1295 4185 Διὸ
1305 4121 1350 4197 τί,
1365 4120 1431 4181 Ὅτι
1443 4117 1490 4179 καλ
1502 4116 1588 4198 τούτῳ
1601 4125 1671 4196 τιμᾷ
1680 4111 1786 4178 ebroici

232 4232 260 4277 et
271 4222 431 4279 secundam
446 4223 620 4293 custodiam,
636 4236 783 4281 venerunt
803 4224 845 4281 acl
858 4237 978 4304 portam
1028 4221 1112 4295 Θεὸς,
1126 4223 1164 4300 τῷ
1176 4220 1209 4277 δι’
1225 4214 1343 4296 ἀγγέλων
1359 4210 1450 4279 αύτούς
1468 4208 1635 4291 ἐξαρπάζειν.
1648 4206 1686 4270 Τί
1699 4195 1740 4264 νύν
1752 4202 1785 4262 ἐπί

227 4312 367 4390 ferream.
394 4311 431 4370 Et
454 4333 514 4385 cur,
532 4312 645 4390 inquies,
666 4334 719 4372 nou
743 4335 790 4393 per
811 4314 912 4395 seipsos
926 4316 978 4376 hoc
1029 4312 1138 4374 Παύλου
1158 4314 1209 4391 οὐχ
1227 4308 1296 4368 ούτω
1310 4306 1431 4388 γέγονεν,
1446 4304 1524 4363 Ἐκεῖ
1544 4300 1669 4375 δικαίως,
1689 4298 1730 4360 ὅτι
1749 4320 1785 4356 ¹¹·

231 4404 332 4468 iaciunt
344 4402 358 4460 ἱ)
371 4403 448 4462 Cur?
463 4402 597 4476 Quia'lrac
609 4404 636 4464 in
649 4425 678 4463 re
688 4407 761 4465 Deus
775 4406 837 4465 illos
850 4407 975 4487 honorat,
1029 4414 1135 4466 στεῦσαι
1144 4406 1197 4464 ἔδει
1208 4403 1253 4462 τὸν
1267 4398 1468 4481 δεσμοφύλακα,
1482 4397 1594 4455 ἐνταῦθα
1608 4394 1637 4454 bi
1647 4393 1786 4469 ἀπαλλαγὸ·

231 4493 305 4574 quod
318 4516 366 4575 per
377 4495 486 4574 angelos
495 4507 572 4553 eruat
583 4495 665 4575 ipsos.
679 4495 755 4566 Quid
769 4498 853 4576 ergo?
866 4520 913 4557 cur
924 4520 976 4560 non
1029 4521 1072 4556 ναι
1094 4496 1139 4556 τὸν
1162 4494 1308 4555 ἀπόστολον
1334 4491 1424 4571 μόνον·
1445 4488 1533 4552 ἄλλως
1558 4482 1586 4544 δὲ
1604 4483 1652 4544 καὶ
1675 4480 1787 4564 tseptpu

231 4587 307 4646 sicin
322 4586 407 4645 Paulo
417 4586 590 4645 factumest?
604 4580 688 4646 lllice
698 4609 726 4646 re
739 4588 801 4663 suit,
811 4590 875 4668 quia
888 4604 976 4649 custo-
1029 4589 1134 4649 ἅπαντα
1148 4594 1162 4647 ὁ
1177 4587 1245 4653 Θεὸς
1265 4589 1408 4662 οἰκονομεῖ.
1420 4574 1496 4640 Ἐκεῖ
1512 4578 1562 4658 μὲν
1579 4579 1689 4644 Παῦλος
1710 4579 1786 4653 ὑμνεῖ,

231 4678 293 4739 dem
309 4678 423 4738 carceris
446 4676 554 4737 credere
574 4680 730 4759 oportebat;
748 4680 794 4740 hic
809 4704 874 4741 vero
888 4683 977 4743 solum
1028 4686 1140 4741 ἐνταῦθα
1157 4679 1186 4740 δέ
1204 4679 1304 4757 Πέτρος
1322 4676 1454 4737 ἐκάθευδε.
1470 4671 1517 4745 Μὴ
1536 4671 1624 4732 τοίνυν
1646 4671 1787 4752 epompio

232 4791 301 4853 opus
311 4785 367 4831 erat
383 4770 536 4852 apostolum
549 4770 678 4829 liberari:
694 4771 815 4852 alioquin
824 4796 889 4834 vero
902 4777 977 4836 Deus
1028 4773 1062 4833 τὸ
1077 4773 1199 4852 θαύματα
1220 4779 1265 4831 τοῦ
1280 4774 1366 4843 Θεοῦ,
1382 4766 1451 4827 ἀλλὸ
1469 4764 1515 4823 καὶ
1531 4762 1600 4843 ύπέρ
1614 4767 1662 4835 τῆς
1674 4759 1787 4840 ἡμετέρα

78 4895 129 4933 ,κη
148 4890 174 4936 ,6
186 4892 215 4937 25
234 4863 338 4925 diverse
355 4865 445 4923 omnia
458 4863 602 4944 dispensat.
616 4864 677 4923 lllic
689 4865 789 4925 Paulus
803 4867 919 4947 hymnos
933 4890 976 4927 ca·
1029 4866 1157 4949 ὠφελείοις
1176 4871 1261 4925 ταῦτα
1281 4861 1468 4938 σπουδάζωμεν
1487 4854 1679 4936 ἐκπομπεύειν,
1701 4850 1743 4912 καὶ
1761 4845 1788 4908 tlt

234 4956 325 5035 nebat,
339 4956 384 5016 hie
395 4960 491 5017 Petrus
504 4954 666 5016 dormiebat.
683 4958 723 5016 Ne
736 4979 799 5038 ergo
812 4960 976 5022 occultemus
994 4977 1013 5025 c
1028 4960 1077 5035 τὴν
1091 4965 1143 5019 τῶν
1166 4961 1253 5019 ἀλλων
1269 4952 1419 5032 οἰκοδομήν.
1431 4949 1539 5031 Ὥσπερ
1552 4948 1605 5026 γάρ
1619 4951 1676 5006 ἐστι
1695 4948 1785 5018 θαυμα-

263 5172 275 5209 ¹'
288 5168 355 5218 ΗΜ
365 5177 498 5231 καταθύσας
508 5176 585 5233 αὐτοὺς
597 5183 626 5241 τῇ
636 5178 695 5242 χειρὶ
708 5185 779 5239 σιγᾷν,
792 5180 885 5242 ἡσυχίαν
896 5181 990 5237 πολλήν.
1073 5174 1086 5201 ⁸
1099 5174 1264 5242 [ᾠκονομιῑται
1282 5170 1312 5219 Α.
1330 5173 1477 5232 αίιιονοριεῖται
1493 5161 1525 5212 D.
1540 5166 1683 5228 ᾠκονόμηται
1698 5143 1785 5208 ceteri]

263 5248 387 5312 ‘tinette
398 5247 442 5311 n]
1074 5267 1085 5292 ι
1100 5254 1169 5305 Unus
1181 5247 1245 5302 uod.
1257 5254 1294 5301 ιο.
1312 5253 1342 5306 ος
1358 5252 1380 5298 ιι
1397 5249 1474 5315 οτηερ
1492 5243 1516 5292 οι
1533 5244 1600 5310 ερον.
