3728 5978
1566 461 1638 554 ors

67 616 184 694 δομένων
210 617 313 697 δωρεῶν
344 615 501 695 διαλεχθείς,
531 616 576 674 καί
602 613 700 687 δείξας,
727 618 768 674 δτι
792 611 838 673 καί
890 609 1027 688 dissctque
1036 609 1094 689 jam
1108 628 1156 667 nos
1167 605 1301 688 primitias
1314 606 1435 687 ipsorum
1448 605 1595 687 accepisse5
1609 619 1641 665 nt

66 707 192 789 ἀπαρχὴν
202 707 306 766 ἐκείνων
318 706 447 784 ἐλοίόομεν
456 711 509 765 τῶν
521 708 635 785 ἀγαθῶν,
644 707 687 765 ίνα
699 703 738 784 μὴ
750 705 837 765 πάντα
891 723 924 762 ne
934 701 1024 761 omnia
1038 702 1083 759 hic
1096 720 1257 779 quaeramus,
1265 720 1317 757 neu
1331 698 1500 759 nobilitatem
1508 712 1639 770 nostram,

65 803 179 859 ἐνταῦθα
197 801 318 877 ζητῶμεν
334 797 442 871 καλιὴν
460 798 591 878 εὐγένειαν
605 802 683 877 ἡμῶν
697 799 836 879 προδῶμεν
890 815 972 873 quam
998 814 1032 852 ex
1055 791 1110 851 fide
1135 791 1299 872 accepimus,
1320 789 1477 871 prodamus,
1504 791 1543 851 ait
1561 813 1568 848 τ
1583 791 1640 870 Spe

65 893 114 966 τῆν
132 893 186 952 ἀπὸ
196 897 243 964 τῆς
257 891 390 966 πίστεως,
406 892 487 973 φησί·
504 895 547 972 Τῇ
561 891 612 972 γδιρ
634 889 728 951 ἐλπίδι
736 889 838 962 ἐσώθη·
891 889 970 945 enim
993 885 1072 944 salvi
1085 886 1163 965 sacti
1192 904 1292 943 sumus
1310 907 1318 940 .-
1336 881 1365 943 id
1391 896 1441 954 est,
1461 903 1515 943 non
1536 896 1641 964 oportet

540 495 574 540 tu
602 491 709 541 nrtsr.
740 491 784 539 AD
810 489 893 538 ROM·
922 488 1040 536 HOMIL.
1069 487 1142 536 xlv.

67 1008 126 1062 μεν.
144 983 184 1045 Ὃ
206 983 233 1044 δέ
253 983 339 1063 λέγει,
351 983 466 1044 τοιοῦτόν
479 987 568 1043 ἐστιν·
584 986 614 1044 ού
629 985 668 1042 δεῖ
691 982 779 1042 ποίντα
793 983 837 1040 ἐν·
854 986 874 1033 Ι)
891 977 981 1037 omnia
994 977 1039 1036 bic
1053 996 1182 1055 quaerere,
1207 975 1253 1035 sed
1273 996 1390 1057 sperare.
1407 975 1466 1035 Hoc
1477 974 1548 1035 enim
1559 974 1639 1035 drim-

65 1081 149 1134 ταῦθα
170 1078 266 1148 ζητεῖν,
283 1072 352 1134 ἀλλά
371 1075 416 1134 καί
435 1074 559 1144 ἐλπίζειν.
577 1078 664 1135 Τοῦτο
684 1071 736 1153 γὰρ
760 1071 838 1149 μόνον

64 1167 256 1247 εἰσηνέγκαμεν
272 1172 311 1249 τῷ
324 1170 387 1248 Θεῷ
400 1168 431 1227 τὸ
447 1170 547 1249 δῶρον,
568 1167 598 1227 τὸ
611 1172 752 1227 πιστεῦσαι
766 1167 838 1246 αὑτῷ

62 1259 100 1318 τὸ
116 1261 248 1341 μέλλοντα
262 1261 494 1341 ἐπαγγειλαμένη),
513 1260 557 1319 καί
579 1259 622 1320 διδι
642 1259 741 1331 ταύτης
760 1259 838 1337 μόνον

63 1352 204 1430 ἐσώθημεν
217 1357 265 1424 τῆς
275 1355 344 1412 θδοῦ.
358 1350 404 1413 Ἂν
417 1353 503 1412 τοίνυν
521 1351 603 1423 αὑτὸν
615 1348 797 1427 ἀπολέσωμεν,
808 1349 840 1409 τὸ

63 1455 120 1504 πᾶν
132 1449 180 1516 τῆς
194 1447 325 1525 ἡμετέρας
336 1449 457 1526 εἰσφορᾶς
470 1445 654 1522 ἀπωλέσαμεν.
666 1442 777 1523 Ἐρωτῶ
787 1441 839 1521 γοίρ

65 1561 111 1610 σε,
127 1537 216 1618 φησίν,
236 1537 295 1618 οὑχί
320 1538 420 1619 μυρίων
442 1537 582 1605 ὑπεύθυνος
599 1528 630 1609 ῆς
653 1540 757 1607 κακῶν,
779 1533 839 1615 οὐχί

66 1628 284 1709 ἀπεγνωσμένος,
313 1630 373 1710 οὐχί
400 1630 531 1710 ἀποφάσει
562 1627 748 1704 ὑποκείμενος;
779 1625 839 1707 οὐχί

64 1722 163 1790 πάντες
176 1722 284 1793 ἠτόνουν
298 1724 363 1802 πρὸς
375 1722 423 1795 την
444 1721 576 1802 σωτηρίαν
591 1721 638 1794 την
661 1720 725 1793 τήν,
747 1718 774 1776 τί
793 1709 838 1777 οὑν

65 1838 96 1874 σε
114 1815 214 1887 ἔσωσες
234 1817 259 1874 Τ
260 1815 274 1874 ὸ
296 1816 333 1882 εἰς
348 1817 392 1876 τὸν
412 1815 481 1875 Θεὸν
503 1815 610 1875 ἐλπίσαι
623 1812 712 1891 μόνον,
727 1810 772 1871 καί
792 1834 839 1869 πι-

65 1912 175 1966 στεῦσαι
197 1910 268 1988 αὐτῷ
285 1909 346 1988 περὶ
359 1899 395 1967 ῶν
417 1907 593 1987 ἐπηγγείλατο
609 1906 654 1966 καί
675 1905 770 1976 ἔδωκε,
793 1901 838 1963 καί

893 1083 968 1130 taxat
981 1070 1084 1130 donum
1095 1071 1153 1129 Deo
1168 1069 1328 1143 obtulimus,
1341 1068 1415 1152 quod
1429 1068 1569 1130 credamus
1587 1065 1641 1151 ipsi

893 1165 985 1223 sutura
1002 1162 1181 1244 promittenti,
1208 1175 1235 1221 et
1256 1161 1307 1220 bac
1322 1160 1410 1222 solum
1432 1161 1477 1221 ria
1491 1161 1562 1223 salvi
1576 1162 1641 1221 sacti

895 1280 998 1318 sumus.
1016 1259 1047 1319 Si
1062 1278 1126 1338 ergo
1148 1257 1224 1316 illam
1240 1256 1396 1339 perdamus,
1413 1271 1498 1317 totam
1524 1257 1640 1318 oblatio·

895 1372 955 1410 nem
970 1366 1088 1411 nostram
1102 1352 1251 1412 amisimus.
1263 1353 1402 1429 interrogo
1411 1351 1483 1409 enim
1496 1363 1532 1428 te,
1540 1351 1639 1428 inquit,

895 1464 982 1502 nonne
996 1441 1142 1504 innumeris
1156 1442 1292 1503 obnoxius
1301 1464 1360 1501 eras
1376 1440 1475 1501 malis?
1490 1463 1578 1502 nonne
1587 1441 1640 1502 dc-

894 1538 1127 1618 ploratusiuouue
1138 1540 1273 1598 sententiae
1281 1540 1438 1619 subjectus?
1449 1559 1539 1598 annon
1548 1559 1640 1598 omnes

894 1629 977 1689 simul
997 1631 1111 1691 sadutern
1124 1631 1176 1690 tibi
1203 1629 1342 1690 restituere
1360 1631 1462 1689 trustra
1485 1629 1641 1690 tentabant?
1657 1708 1658 1711 γ

894 1722 961 1800 quid
982 1723 1201 1803 ergotesalrum
1215 1723 1298 1781 fecit?
1312 1724 1379 1805 Spes
1402 1724 1430 1783 in
1455 1725 1545 1783 Deum
1570 1723 1638 1794 sola,

893 1827 919 1874 et
933 1815 1006 1894 qnod
1020 1815 1102 1876 fidem
1112 1814 1212 1876 habeas
1225 1816 1277 1896 ipsi
1298 1837 1348 1897 pro
1373 1816 1416 1891 iis,
1430 1838 1490 1894 quar
1514 1817 1640 1897 promisit

893 1920 919 1966 et
938 1907 1025 1986 derit,
1048 1922 1074 1967 et
1087 1908 1157 1968 nibil
1170 1907 1245 1967 aliud
1269 1907 1437 1967 offerendum
1452 1908 1581 1970 habuisti.
1607 1909 1639 1969 si
1659 1952 1677 1975 .

64 1998 147 2059 πλέον
167 1998 240 2058 οὐδὲν
262 1999 338 2080 depe<
361 2003 527 2079 εἰσενεγκεῖν.
551 2002 584 2059 Εἰ
607 1998 693 2059 τοίνυν
717 1997 782 2070 αὑτη
807 2020 837 2056 σε
855 1998 874 2044 Ε
893 2000 952 2060 haec
963 2001 1048 2081 igitur
1062 1999 1129 2060 fides
1142 2015 1168 2060 te
1182 2001 1288 2061 salvum
1301 2000 1375 2078 fecit,
1394 2000 1501 2068 hanuet
1515 2021 1639 2061 nunere·

65 2091 166 2165 ἔσωσε,
179 2092 278 2163 ταύτην
292 2092 389 2173 κοίτεχε
408 2093 453 2151 καί
471 2100 523 2152 νῦν.
542 2091 576 2151 Ἡ
590 2090 642 2171 γὸρ
661 2090 777 2151 τοσαῦταί
795 2112 837 2149 σοι

63 2189 243 2264 παρασχοῦσα
254 2184 358 2264 epate,
373 2185 481 2258 εὔδηλον
500 2187 540 2244 ότι
561 2185 618 2245 οὗδέ
632 2184 693 2264 περὶ
706 2187 759 2242 τῶν
775 2185 837 2261 μελ-

62 2276 167 2335 λόντων
182 2301 210 2337 σε
224 2277 355 2358 ψεύσεται.
370 2278 458 2339 Ὅπου
479 2276 530 2358 γάρ
544 2276 635 2359 νεκρὸν
648 2275 767 2335 λαάοῦσα
790 2272 836 2335 καί

63 2371 225 2429 ἀπολωλότα
232 2371 279 2431 καί
291 2375 339 2452 αἰχ
340 2374 461 2449 μοίλωτον
472 2372 517 2430 καί
527 2371 630 2452 ἐχθρὸν,
641 2369 715 2450 φίλον
727 2368 836 2439 ἐποίησε

62 2460 112 2520 καί
126 2463 180 2522 υἱὸν
205 2463 250 2523 καί
272 2464 404 2542 ἐλεύθερον
420 2463 464 2524 καί
479 2462 577 2523 δίκαιον
596 2462 642 2522 καί
658 2460 836 2544 συγκληρονό-

63 2577 127 2631 μον,
146 2554 190 2614 καί
214 2562 331 2616 τοσαῦτα
344 2556 489 2638 παρέσχεν,
511 2555 561 2616 ὅσα
576 2555 642 2635 μηδὲ
657 2553 838 2636 προοεδόκησέ

61 2647 106 2712 τίς
119 2670 196 2707 ποτε·
215 2651 272 2715 πῶς
286 2648 353 2726 μετδι
367 2648 415 2721 την
434 2648 565 2722 τοσαύτην
580 2645 729 2729 φιλοτιμίαν
742 2670 771 2706 τε
791 2645 836 2706 καί

60 2746 73 2770 ‘
82 2739 214 2799 οἰκείοισιν
227 2741 256 2801 οὑ
268 2741 432 2822 προσήσεταί
447 2765 476 2800 σε
498 2744 525 2800 ἐν
539 2751 592 2808 τοῖς
607 2739 680 2813 ἑξῆς,
691 2739 739 2812 Μὴ
750 2738 835 2798 τοίνυν

62 2855 112 2909 μοι
124 2833 199 2912 λέγε,
221 2836 301 2893 παλιν
313 2833 432 2906 ἐλπίδες,
453 2834 533 2893 πάλιν
555 2832 728 2913 προοδοκίαι,
754 2831 835 2891 ποίλιν

58 2923 162 2990 πίστις.
180 2923 260 2985 otro
277 2926 328 3008 γὸιρ
343 2925 369 2995 ἐξ
382 2931 466 3008 ἀρχῆς
479 2926 597 2999 ἐσώθης,
612 2924 658 2984 καί
675 2924 775 2995 ταύτην
786 2924 834 2995 τὴν

890 2093 956 2154 tine.
967 2094 1113 2166 Quaeenim
1129 2107 1168 2152 tot
1186 2093 1235 2153 tibi
1250 2093 1365 2152 contulit
1380 2093 1462 2169 bonaq
1474 2092 1529 2152 tibi
1541 2095 1639 2175 procui

891 2187 977 2246 dubio
990 2187 1061 2247 circa
1074 2187 1166 2245 futura
1183 2208 1238 2245 non
1262 2186 1415 2245 mentietur.
1440 2186 1481 2246 Ea
1491 2187 1563 2246 enim
1577 2208 1639 2266 quae

891 2293 1039 2358 mortuum,
1058 2279 1206 2361 perditum,
1216 2278 1355 2359 captivum
1368 2293 1393 2338 et
1407 2279 1560 2354 inimicum,
1572 2282 1639 2340 ami·

891 2396 954 2435 cum
966 2377 1065 2454 effecit,
1087 2377 1187 2449 filium,
1208 2375 1335 2450 liberum,
1354 2375 1459 2455 justum
1482 2389 1508 2434 et
1531 2374 1638 2435 cohere-

890 2465 969 2546 dem3
993 2465 1099 2546 ipsique
1117 2478 1191 2524 tanta
1218 2461 1346 2543 prebuit,
1372 2475 1471 2541 quanta
1487 2483 1639 2542 numquam

891 2554 952 2633 quis
962 2553 1186 2635 exspectavisset:
1199 2550 1334 2630 quomodo
1355 2565 1414 2632 post
1425 2564 1527 2611 tantam
1541 2551 1639 2611 libera·

889 2646 996 2709 litatem
1016 2660 1041 2706 et
1066 2645 1292 2718 benevolentiam,
1308 2658 1334 2704 te
1344 2667 1396 2706 non
1412 2645 1536 2716 admittet
1550 2645 1578 2705 in
1591 2647 1638 2705 ίιι-

891 2738 978 2797 turis?
994 2740 1034 2797 Ne
1042 2738 1127 2817 igitur
1138 2737 1206 2796 mibi
1220 2736 1305 2813 dicas,
1327 2739 1432 2796 Rursus
1451 2758 1523 2816 spes,
1543 2757 1638 2797 rursus

890 2830 1112 2910 exspectationes,
1127 2850 1224 2890 rursus
1246 2828 1322 2888 fides.
1337 2830 1377 2888 Ita
1392 2827 1465 2887 enim
1477 2828 1638 2910 aprincipio
1729 2861 1731 2865 ·

890 2923 981 2984 salvus
993 2925 1078 2983 factus
1088 2945 1125 3000 es,
1135 2937 1161 2983 et
1174 2923 1243 2983 hauc
1257 2922 1348 2982 dotem
1357 2943 1455 3004 sponso
1468 2923 1553 2982 solam
1563 2935 1637 2982 attu-

59 3025 161 3094 προῖκα
173 3017 326 3097 εἰσήνεγκας
337 3023 375 3100 τῷ
386 3018 490 3099 νυμφίῳ
505 3017 595 3095 μόνον.
621 3016 725 3096 Κοίτεχι
748 3014 835 3075 τοίνυν
852 3027 873 3073 Α
890 3017 955 3078 listi.
970 3017 1066 3077 Retine
1077 3017 1152 3076 iiiam
1166 3030 1191 3076 et
1206 3037 1343 3076 conserva.
1353 3016 1383 3075 Si
1398 3016 1472 3075 enim
1488 3015 1535 3076 bie
1546 3016 1637 3076 omnia

60 3107 146 3181 αὐτὴν
165 3109 210 3168 καί
224 3111 351 3193 διατήρει.
365 3107 411 3170 Ἂν
425 3110 476 3193 γὸρ
490 3114 600 3170 ἐνταῦθα
619 3108 707 3168 πάντα
720 3109 835 3181 ἀπαιτῆς

60 3199 205 3270 ἀπώλεσάς
215 3227 260 3264 σου
275 3205 305 3263 τὸ
319 3203 497 3283 κατόρθωμα,
514 3204 547 3261 δι’
561 3193 590 3260 οὑ
603 3200 724 3281 λαμπρὸς
736 3196 834 3278 ἐγένου.

60 3292 113 3351 Διὸ
131 3293 175 3352 καί
196 3294 290 3376 έπάγει
308 3296 408 3375 λέγων·
433 3295 529 3362 Ἐλπίς
549 3293 576 3355 δέ
599 3291 765 3374 βλεπομένη,
787 3295 834 3352 οὑκ

61 3385 135 3444 ἔστιν
147 3387 235 3456 ἐλπίς·
248 3390 262 3449 ὃ
275 3389 326 3469 γδιρ
342 3389 433 3468 βλέπει
445 3413 503 3463 τις,
516 3389 543 3448 τί
556 3389 601 3446 καί
612 3386 726 3457 ἐλπιζει;
738 3389 772 3447 Εἰ
782 3384 834 3445 δέδ

60 3479 93 3535 οὑ
109 3478 252 3558 βλέπομεν,
262 3482 414 3559 ἐλπίζομεν,
427 3482 461 3540 δι’
473 3485 607 3560 ὑπομονῆς
621 3478 832 3560 ἀπεκδεχόμεθα.

60 3571 219 3631 Tenedo-ru·
245 3575 268 3632 εἰ
295 3574 382 3633 ποίντα
405 3577 517 3633 ἐνταῦθα
544 3573 647 3651 μέλλεις
674 3574 770 3645 ζητεῖν,
794 3570 834 3639 τίς

59 3662 140 3742 χρεία
155 3664 271 3736 ἐλπίδος;
287 3665 323 3724 Τί
336 3657 379 3725 οὑν
390 3667 489 3737 ἐστινὴ
507 3665 592 3739 ἐλπίς;
603 3666 644 3725 Τὸ
654 3672 708 3731 τοῖς
723 3662 833 3743 μέλλου-

61 3776 90 3812 σι
105 3757 219 3835 θαρρεῖν.
231 3760 257 3816 Τ
259 3757 267 3813 ί
281 3757 331 3838 γάρ
348 3757 418 3837 μέγα
434 3758 501 3817 αἰτεῖ
514 3758 587 3839 πἀρά
604 3760 650 3817 σοῦ
662 3760 676 3815 ὑ
688 3757 771 3829 Θεὸς,
785 3757 834 3814 αὑ·

58 3845 105 3912 τὸς
125 3847 257 3930 ὁλόκληρα
281 3849 379 3910 οἴκοθεν
403 3848 488 3918 διδοὺς
506 3850 540 3909 τὸν
563 3849 667 3929 ἀγαθοί,
688 3847 739 3909 Ἓν
764 3850 833 3907 αἰτεῖ

59 3936 135 4019 παρὸ
149 3944 194 3998 σοῦ
206 3941 293 4017 μόνον,
303 3943 412 4015 ἐλπίδα,
427 3943 470 4002 ίνα
480 3943 543 4024 ἐχης
551 3967 577 4001 τι
591 3943 637 4001 καὶ
644 3941 720 4008 αὐτὸς
734 3964 833 4001 συνεισ-

60 4038 174 4108 ενεγκεῖν
190 4035 226 4100 εἰς
238 4033 287 4106 τἠν
299 4034 346 4107 σὴν
360 4034 508 4115 σωτηρίαν·
523 4034 588 4115 ὑπερ
601 4027 645 4092 οῦν
660 4033 705 4092 καί
719 4030 831 4093 αἰνιττό-

889 3110 1020 3190 rcquiras,
1033 3112 1214 3170 rectesactum
1227 3123 1306 3168 tuum
1314 3108 1440 3186 amisisti,
1456 3129 1472 3168 a
1485 3109 1637 3190 quosplen·

888 3201 969 3262 didus
982 3203 1093 3263 effectus
1112 3202 1223 3264 es.1deo
1242 3202 1301 3261 baec
1319 3200 1481 3280 subjungit:
1495 3202 1564 3282 Spes
1578 3222 1636 3261 οιι-
1675 3250 1680 3260 .

889 3307 1023 3376 temquoe
1033 3297 1162 3367 videtur,
1180 3314 1239 3354 non
1252 3307 1294 3353 est
1304 3287 1370 3373 spes
1384 3316 1393 3350 .·
1413 3315 1482 3353 nam
1491 3295 1572 3374 quod
1583 3298 1634 3353 υί-

889 3388 938 3445 det
951 3391 1027 3468 quis,
1044 3399 1134 3445 curet
1147 3391 1262 3465 speret?
1272 3386 1317 3444 25.
1330 3385 1363 3445 Sr'
1375 3398 1472 3444 autem
1487 3386 1567 3465 quod
1577 3380 1637 3443 nou

889 3481 1035 3551 videmus,
1052 3498 1212 3559 speramus,
1227 3479 1260 3535 td
1273 3498 1327 3556 per
1346 3480 1522 3556 patientiam
1536 3498 1636 3558 exspe-

889 3585 1013 3632 ctamus.
1030 3568 1063 3628 ld
1088 3583 1136 3646 est,
1150 3570 1180 3630 si
1195 3568 1286 3629 omnia
1301 3568 1348 3627 hic
1361 3590 1475 3647 queres,
1491 3567 1558 3648 quid
1585 3590 1633 3650 spe

889 3665 976 3746 opus?
987 3666 1065 3741 Quid
1078 3666 1209 3745 igiturest
1226 3662 1305 3745 spes?
1322 3664 1364 3722 De
1376 3662 1475 3722 suturis
1486 3659 1632 3723 confidere.

889 3757 964 3829 Quid
975 3758 1047 3819 enirn
1069 3757 1160 3838 magni
1173 3757 1222 3816 abs
1234 3771 1261 3816 te
1272 3756 1389 3837 postulat
1400 3755 1483 3832 Dens,
1497 3755 1545 3833 qui
1557 3776 1593 3814 ex
1606 3775 1635 3815 se

888 3851 939 3910 tibi
959 3850 1049 3910 omnia
1071 3850 1185 3930 largitus
1202 3863 1241 3907 est
1260 3847 1350 3907 dona?
1369 3849 1461 3906 Unum
1478 3846 1527 3906 abs
1540 3859 1567 3905 te
1578 3867 1633 3927 po-

888 3944 972 4003 stulat
986 3943 1083 4017 solum,
1097 3963 1181 4022 spem,
1206 3955 1236 3999 ut
1261 3940 1342 3999 etiam
1362 3938 1506 4019 quidpiam
1524 3938 1634 4011 habeas,

889 4034 961 4114 quod
974 4033 1135 4093 adsalutem
1149 4047 1224 4091 tuam
1235 4032 1354 4091 conseras
1366 4053 1373 4086 ι
1387 4028 1460 4108 quod
1475 4028 1522 4088 ille
1534 4028 1633 4087 subin-

61 4144 138 4198 μενος
153 4123 295 4204 ἐπήγαγεν,
306 4130 339 4187 Εἰ
351 4127 378 4187 δέ
392 4129 406 4188 ὃ
419 4132 449 4188 οὐ
469 4127 611 4207 βλέπομεν,
632 4127 781 4204 ἐλπίζομεν,
797 4127 832 4185 δι’
850 4128 868 4175 Β
887 4128 982 4187 dicans
1009 4122 1118 4186 intulit:
1134 4125 1166 4184 Si
1188 4137 1289 4182 autem
1309 4123 1389 4202 quod
1408 4142 1467 4180 nou
1482 4122 1629 4197 videmus,

59 4214 195 4291 ὑπομονῆς
216 4219 426 4298 ἀπεκδεχόμεθα.
442 4221 550 4301 Ὥσπερ
570 4218 621 4301 γάρ
635 4219 679 4278 τὸν
702 4223 832 4279 πονοῦντα

60 4303 106 4362 καί
115 4307 332 4387 ταλαιπωροῦντα
342 4310 388 4369 καί
398 4312 479 4391 μυρίοι
490 4312 640 4391 κοίμνοντα,
652 4311 720 4371 οὑτω
730 4310 776 4370 καί
787 4310 832 4370 τὸν

59 4396 199 4465 ἐλπίζοντα
214 4405 228 4459 δ
245 4401 313 4470 Θεὸς
336 4415 476 4484 στεφανοῖ·
499 4406 529 4466 τὸ
548 4404 602 4487 γδιρ
625 4410 673 4478 τῆς
696 4407 833 4482 ὑπομονῆς

59 4487 144 4565 ὄνομα
167 4490 282 4573 ἱδρώτων
305 4494 375 4553 ἐστὶν
388 4496 470 4574 ὄνομα
495 4497 540 4556 καί
565 4495 706 4578 καρτερίας
720 4499 830 4567 πολλῆς.

60 4578 130 4639 Ἀλλ’
145 4581 216 4660 ὅμως
230 4587 374 4666 ἐχαρίσατο
394 4589 440 4646 καί
464 4595 541 4649 τοῦτο
563 4594 601 4671 τῷ
623 4589 772 4665 ἐλπίζοντι,
788 4588 831 4649 ἵνα

58 4675 285 4752 παραμυθῆσηται
298 4679 346 4751 τὴν
360 4685 549 4757 ἀποκαμοῦσαν
562 4682 658 4762 ψυχήν.

100 4762 168 4833 Εἶτα
181 4777 297 4850 δεικνὺς,
315 4779 357 4840 ὅτι
380 4780 444 4861 πρὸς
471 4780 501 4839 τὸ
527 4789 620 4861 κοῦφον
634 4789 709 4842 τοῦτο
730 4784 830 4855 πολλῆς

61 4865 228 4946 ἀπολαύομεν
248 4871 384 4949 βοηθείας,
407 4874 514 4952 ἐπείγει·
529 4872 665 4940 Ὡσαύτως
685 4873 713 4934 δὲ
737 4875 832 4942 καὶτὸ

60 4960 172 5036 Πνεῦμα
188 4965 526 5043 συναντιλαμὺοίνεταιταῖς
536 4965 681 5032 ἀσθενείαις
690 4970 776 5046 ἡμῶν.
791 4967 832 5028 Τὸ

61 5053 109 5133 μὲν
127 5055 179 5136 γάρ
193 5057 294 5136 γίνεται
307 5061 361 5135 σὸν,
376 5061 467 5132 τὸτῆς
482 5065 628 5138 ὑπομονῆς·
640 5060 670 5120 τὸ
684 5059 712 5120 δέ
726 5065 774 5133 τῆς
785 5065 831 5118 τοῦ

887 4240 1049 4301 speramus,
1082 4219 1115 4276 td
1141 4239 1195 4298 per
1217 4219 1393 4297 patientiam
1417 4227 1630 4296 exspectamus.

887 4315 957 4372 Nam
974 4326 1004 4371 ιιι
1012 4311 1178 4370 laborantem
1187 4308 1215 4367 in
1228 4307 1336 4369 miseria
1351 4320 1377 4365 et
1391 4306 1466 4366 mille
1479 4306 1557 4366 malis
1570 4327 1632 4368 ver-

888 4419 1000 4478 santem,
1013 4403 1051 4462 sic
1062 4415 1212 4484 sperantem
1224 4401 1298 4459 Dens
1316 4413 1425 4459 coronat
1439 4423 1446 4457 ι
1461 4398 1558 4458 etenim
1577 4420 1631 4480 pa-

888 4497 988 4556 tientiae
1009 4516 1115 4569 nornen,
1128 4493 1259 4553 sudorum
1281 4513 1377 4552 nomen
1391 4505 1430 4552 est
1445 4505 1470 4552 et
1485 4491 1631 4554 tolerantias

888 4591 991 4651 multae.
1006 4590 1130 4649 Attamen
1143 4588 1196 4647 boc
1209 4586 1323 4666 largitus
1340 4601 1380 4647 est
1404 4586 1536 4668 speranti,
1549 4598 1579 4645 ut
1589 4586 1630 4644 ίο·

887 4684 1025 4743 tiseentem
1041 4681 1160 4740 animam
1175 4679 1366 4739 consolaretur.

927 4780 955 4838 7.
974 4774 1079 4835 Deinde
1093 4773 1232 4834 osteudens
1250 4793 1297 4832 nos
1311 4773 1392 4831 etiam
1407 4771 1529 4831 adhunc
1542 4770 1630 4829 levem

886 4872 1007 4931 laborem
1021 4869 1108 4928 multo
1122 4866 1176 4926 frui
1186 4865 1300 4942 auxilio,
1310 4865 1399 4946 pergit
1410 4888 1416 4921 :
1428 4866 1475 4924 96.
1489 4863 1632 4923 Similiter

887 4977 985 5024 autem
996 4975 1024 5021 et
1033 4962 1157 5041 Spiritus
1171 4960 1336 5017 ιιιιαίίίαίιιτ
1346 4947 1567 5037 infirmitatibus
1579 4975 1631 5013 no·

886 5061 964 5116 stris.
977 5053 1062 5112 Aliud
1074 5067 1152 5111 tuum
1165 5063 1215 5128 est,
1231 5064 1331 5129 nempe·
1340 5047 1468 5129 patientia
1481 5069 1491 5123 3
1504 5044 1580 5106 aliud
1595 5067 1630 5106 ex

60 5151 216 5229 Πνεύματος
229 5153 370 5234 χορηγίας,
385 5156 420 5220 εἷς
431 5178 462 5213 τε
471 5152 520 5228 τὸν
532 5153 626 5214 ἐλπίδα
640 5177 670 5214 οε
683 5152 831 5233 ἀλείφονται
848 5160 867 5211 G
887 5149 1007 5230 Spiritus
1024 5147 1106 5224 dono,
1124 5144 1172 5224 qui
1187 5159 1212 5204 te
1231 5142 1267 5203 ad
1282 5163 1356 5223 spem
1371 5141 1454 5220 acuit,
1470 5153 1496 5201 et
1510 5160 1629 5223 peream

95 5336 106 5359 ¹
123 5319 210 5373 Codex
224 5329 412 5387 mercurium,
425 5331 548 5394 repedasset
561 5345 592 5376 σε.
