3742 5970
216 437 290 532 654
569 459 596 508 s.
618 458 758 509 rotulus
783 457 1142 513 curmessiacum.
1170 464 1441 518 cousranmuor.

218 595 360 655 stantiores
378 615 488 681 sumus,
506 613 538 651 ac
553 593 707 674 pavimento
720 594 893 655 honestiores.
907 595 965 656 Cur
1017 597 1185 678 ριάαλόιμεθα
1199 601 1234 662 τά
1246 603 1380 686 ἡμέτερα
1395 600 1464 662 πολὺ
1478 599 1533 681 γάρ
1546 600 1601 657 τῶν
1621 593 1719 675 τοίχου
1729 592 1786 671 βιλ·

220 710 284 769 ergo
297 688 376 748 nobis
390 682 530 771 neglqls,
540 686 569 744 in
579 685 613 746 iis
624 687 745 747 studium
755 703 877 750 nostrum
887 708 965 769 repo·
1015 689 1085 759 τίους
1104 696 1200 770 ἡμεῖς,
1215 693 1261 754 καὶ
1281 699 1327 754 τοῦ
1346 695 1458 776 ἐδάφους
1471 690 1639 772 σεμνότεροι.
1660 685 1698 748 Τί
1707 685 1787 745 τοίνυν

221 784 324 861 nimus,
342 803 402 862 qua
416 766 637 861 hine‘biigmntes
651 803 702 842 non
718 803 861 864 pessuium
874 782 965 842 nobis·
1015 780 1087 859 ἡμᾶς
1098 783 1190 853 αὐτοὺς
1203 786 1321 868 άρέντες,
1334 790 1371 856 εἰς
1385 790 1472 849 διιεῖνα
1487 783 1539 858 τήν
1555 779 1678 852 σπουδὴν
1689 778 1789 837 dmm

223 898 286 937 curn
306 876 385 954 serre,
401 895 450 934 nec
471 895 542 956 saepe
563 875 607 934 vel
617 874 664 935 bic
679 889 814 936 manentes
833 875 965 950 retinere,
1016 882 1150 954 κινοῦμεν,
1172 877 1240 960 άπερ
1256 878 1383 947 ἀπιόντας
1395 883 1442 939 οιίκ
1452 878 1491 938 tu
1502 876 1610 946 λαθεῖν,
1625 867 1786 936 πολλάιειιδί

223 991 286 1029 cnm
299 969 434 1049 possimus
447 967 484 1026 ita
494 965 593 1026 divites
604 989 672 1045 esse,
691 981 722 1026 ut
742 988 794 1027 non
808 967 890 1028 modo
901 967 949 1027 bic
956 1010 965 1045 ,
980 985 1000 1034 c
1016 965 1075 1025 οὐδὲ
1087 967 1200 1029 ἐνταῦθα
1219 969 1344 1049 μένοντας
1357 977 1514 1050 κατασχεῖν,
1528 965 1618 1048 παρόν
1629 962 1699 1024 ὦτοι
1708 964 1785 1020 πλον·

223 1059 363 1120 sedetiam
384 1057 442 1118 illic
465 1056 662 1138 opulentissimi
684 1059 882 1139 appareamus?
895 1059 967 1117 Nam
1015 1063 1080 1129 τεῑν,
1093 1061 1129 1125 ὡς
1149 1058 1187 1136 μή
1199 1061 1277 1140 μόνον
1293 1064 1422 1135 ἐνταῦθα,
1439 1059 1510 1122 ἀλλὰ
1521 1057 1569 1120 καί
1586 1059 1645 1116 ἐκεῖ
1658 1051 1784 1135 φαίνεσθαι

223 1151 270 1230 qui
281 1172 368 1231 agros,
383 1149 464 1226 mdes,
477 1170 574 1208 aururn
585 1149 613 1208 in
622 1149 712 1210 anima
727 1149 891 1228 circumfert,
904 1148 967 1209 ubi·
1016 1151 1228 1229 εὐπορωτάτουςς
1238 1152 1273 1214 Ὁ
1283 1154 1335 1234 γάρ
1344 1153 1432 1214 saled
1441 1151 1533 1235 χωρία
1540 1144 1784 1214 καλοδεοθιέαςιεί

223 1265 338 1323 cumque
352 1244 427 1306 visus
441 1228 531 1319 suciis,
542 1264 604 1302 cum
616 1242 658 1302 his
677 1241 782 1302 divitiis
791 1256 913 1326 apparet.
930 1242 967 1303 Et
1016 1242 1047 1301 τό
1072 1243 1179 1322 χρυσίω
1200 1245 1244 1306 ἐπὶ
1268 1249 1316 1317 τῆς
1334 1249 1424 1326 ψυχῆς
1442 1230 1607 1327 περιφέρων,
1628 1233 1784 1316 &mab

224 1341 370 1420 quomodo,
394 1337 510 1416 inquies,
533 1349 620 1418 potest
643 1336 695 1396 boc
711 1336 796 1396 fieri?
821 1339 919 1413 Potest,
941 1349 969 1397 et
1017 1339 1102 1414 φανῇ,
1122 1337 1191 1414 peel
1204 1344 1249 1398 τοῦ
1269 1338 1383 1400 πλούτου
1404 1337 1528 1418 φαίνεται
1540 1333 1650 1395 τοῦτον.
1671 1330 1784 1396 Καίιὸι

224 1428 371 1490 admodum
392 1429 479 1489 facile.
499 1429 571 1489 Nam
583 1428 607 1488 si
621 1429 648 1487 iu
663 1427 758 1488 caelurn
768 1428 815 1487 illa
825 1428 968 1488 transferas
1018 1423 1056 1486 ίνι
1070 1434 1148 1487 τοῦτο
1161 1431 1300 1509 γενέσθαι,
1323 1430 1420 1513 φησίνς
1438 1429 1516 1498 Ἐνι,
1530 1425 1579 1488 καλ
1594 1422 1666 1505 μετὰ
1678 1418 1784 1488 πλείων

224 1546 273 1607 per
283 1541 544 1604 manuspauperntn,
558 1520 648 1581 omnia
657 1521 797 1581 transferes
811 1520 839 1579 in
850 1520 969 1581 animam
1019 1517 1147 1585 εὐκολίας.
1162 1518 1209 1580 Ἂν
1224 1522 1276 1603 γδιρ
1295 1525 1331 1591 εἰς
1345 1519 1511 1604 τδνσθρανδν
1531 1517 1604 1577 αὐτὰ
1624 1508 1782 1594 petalici&
1814 1554 1818 1597 ρ

224 1631 321 1675 tuam:
337 1617 373 1675 ita
388 1629 418 1674 ut
431 1627 533 1695 postea,
546 1614 670 1693 qrramvis
685 1634 757 1673 mors
771 1612 907 1685 adveniat,
923 1634 969 1672 ne·
1018 1615 1067 1683 τ’ής
1079 1615 1131 1672 τῶν
1147 1613 1265 1686 πενήτων
1280 1613 1381 1697 χειρός,
1398 1614 1506 1674 ἅπαντα
1520 1614 1559 1678 εἰς
1573 1607 1626 1680 τὴν
1640 1611 1731 1668 σαυτοῦ
1741 1605 1782 1683 ψι-

225 1730 270 1767 ιιιο
281 1708 331 1766 tibi
345 1706 406 1766 illas
430 1706 536 1786 eripiat,
562 1703 611 1764 sod
637 1703 703 1763 illuc
727 1704 805 1763 dives
827 1704 967 1783 migrabis.
1018 1700 1071 1782 χήν
1083 1703 1255 1781 μεταθήσεις,
1266 1705 1335 1764 ὥστε
1346 1704 1396 1765 κδν
1406 1704 1520 1772 θάνατος
1533 1701 1637 1780 ἐπέλθῃ
1646 1695 1782 1770 >totomni-

225 1798 391 1882 llujusmodi
413 1798 569 1857 thesaurum
586 1796 683 1855 babuit
705 1794 841 1856 Tabitha:
859 1795 971 1876 ideoque
1020 1794 1112 1862 δείςσε
1124 1794 1190 1855 sort
1204 1797 1395 1884 ᾀραιρήσεται,
1409 1799 1469 1858 ἀλλ’
1481 1793 1623 1873 sumtus]
1633 1788 1780 1850 κάκεῖτλοε

226 1913 279 1951 non
295 1890 392 1949 domus
408 1887 484 1946 illam
500 1887 631 1947 celebrem
654 1885 786 1967 reddidit,
812 1908 866 1947 non
888 1887 971 1967 muri,
1020 1880 1780 1970 τῶν.ΤοιοῦτονεῖχινήΤαόιθδθησαυρόν·διδτοῦτοοίχ

226 2004 279 2042 non
293 1981 406 2063 lapides,
420 1994 474 2038 non
487 1978 627 2054 columna),
639 1978 688 2037 scd
700 1999 812 2059 oorpora
824 1978 970 2040 viduarum
984 2005 1004 2052 p
1020 1978 1118 2051 ήοίκία
1127 1979 1209 2052 eleba
1220 1980 1405 2062 ἀνεκήρυττεν,
1416 1979 1474 2041 eost
1486 1984 1513 2040 ol
1525 1981 1618 2059 τοῖχοι
1629 1974 1686 2036 nott
1695 1970 1780 2033 atita

226 2075 331 2149 induta,
357 2075 422 2132 lusae
447 2072 583 2152 lacrymae,
606 2091 678 2131 mors
702 2070 844 2151 aufugiens
866 2085 892 2132 ct
916 2073 973 2133 vita
1021 2070 1080 2133 οὖθδ
1100 2068 1445 2152 οίκέονες,άλλδσιίιματα
1455 2076 1552 2154 χηρῶν
1570 2061 1779 2147 ἐνδοθυμίνα,υιί

228 2167 344 2227 rediens.
354 2163 500 2246 Ejusmodi
510 2177 536 2222 et
547 2184 596 2223 nos
606 2162 749 2243 apothecas
762 2163 840 2223 nobis
860 2185 971 2247 eompa-
1021 2163 1122 2243 δάκρυα
1137 2164 1295 2244 ἐκχεόμενα,
1306 2165 1351 2224 καί
1363 2165 1476 2233 θάνατος
1490 2159 1674 2245 δραπετεύων,
1686 2151 1780 2226 adid

226 2279 327 2332 remus,
338 2256 404 2316 tales
418 2253 496 2314 nobis
509 2267 681 2313 exstruamus
694 2251 772 2316 aedes.
787 2253 833 2315 sic
844 2269 871 2315 et
883 2255 972 2316 Deum
1021 2254 1194 2317 ι’ἐπανιοῦσα
1209 2259 1341 2327 Τοιαύτας
1355 2258 1400 2318 καλ
1414 2261 1494 2334 ἡμεῖς
1509 2259 1620 2322 έαυτοῖς
1639 2245 1781 2312 umal·

225 2362 413 2433 cooperantem
431 2344 601 2420 babebimus,
625 2358 651 2403 et
664 2361 712 2404 nos
728 2363 790 2403 cum
804 2345 862 2426 ipso
879 2367 973 2427 opera·
1022 2372 1110 2428 σωμεν
1122 2349 1273 2424 ἀποθήκας,
1283 2342 1780 2426 τοιαύταςοέκοδομήαωμενέσυτοῖςιί·
1796 2350 1802 2359 “

223 2441 325 2501 bimur.
341 2438 392 2499 Ille
405 2457 520 2515 namque
533 2457 566 2495 ex
581 2435 667 2494 nihilo
682 2457 814 2517 pauperes
824 2438 973 2519 produxit;
1022 2441 1090 2508 xlae.
1098 2440 1279 2503 Οὕτωκαίτδν
1288 2443 1358 2503 Θεδν
1368 2440 1493 2526 συνεργὸν
1503 2439 1612 2519 ἕξομεν,
1621 2435 1782 2498 καλαθιοίιθ·

224 2547 256 2594 tn
268 2551 333 2592 vero
343 2527 489 2611 productos
500 2548 552 2587 non
563 2527 651 2586 sivisti
663 2528 735 2587 lame
745 2527 844 2610 perire,
860 2530 904 2590 vel
915 2531 971 2590 mi·
1022 2537 1068 2592 τοῦ
1081 2533 1199 2613 συνεργοί
1214 2533 1337 2613 ἐσόμεθα.
1353 2534 1439 2602 aar&
1453 2532 1504 2612 μίν
1515 2531 1571 2614 γὰρ
1581 2535 1614 2593 lx
1622 2538 1670 2592 τοῦ
1679 2529 1715 2612 μή
1723 2529 1782 2596 lm
1801 2592 1804 2597 .

223 2624 303 2699 seria,
330 2621 449 2701 undique
469 2640 578 2694 curans,
602 2618 724 2679 reliciens
743 2633 770 2680 et
784 2619 904 2682 excitans
921 2621 970 2681 Dei
1022 2617 1782 2708 εἰςτδείναιπαρήγαγετοδςπενομένους,σδδίπαραχδίν·

223 2717 366 2799 templum.
396 2712 472 2790 Quid
494 2733 559 2774 vero
585 2710 659 2793 paris
680 2711 806 2774 utilitatis
828 2725 855 2772 et
878 2711 972 2793 gloria
1022 2742 1068 2785 τας
1077 2719 1122 2777 καλ
1130 2719 1284 2799 γενομένους
1292 2719 1435 2787 οὐκείασας
1443 2712 1780 2800 διαρθαρῆναιτῷλιμῷεεί

224 2811 329 2873 buerit?
346 2808 429 2883 Quod
444 2804 601 2869 sinendum
623 2805 688 2866 satis
707 2803 853 2886 edidicisti,
873 2827 926 2887 quo
947 2821 974 2868 te
1021 2814 1139 2893 τῇλοιειῇ
1147 2811 1324 2894 ταλαιπωρία,
1331 2811 1483 2894 θεραπεύων
1492 2804 1778 2894 καὶδιορθοόμενσς,ειί

224 2906 299 2964 Dens
309 2909 463 2963 ornamento
471 2896 646 2973 decoraverit,
652 2917 713 2956 curn
721 2896 802 2978 jussit
814 2912 842 2957 te
851 2916 972 2980 pauper·
1022 2903 1186 2986 πανταχόθεν
1201 2903 1303 2985 ἀνέχων
1318 2911 1365 2964 τοῦ
1375 2907 1446 2965 Θεοῦ
1457 2904 1503 2964 τδν
1517 2903 1602 2963 ναόν·
1622 2893 1779 2981 dapum

226 3010 307 3057 tatem
323 2996 423 3069 lovere,
440 2989 512 3051 illud
525 3003 613 3049 tecum
627 3001 721 3070 reputa
735 3012 742 3045 :
766 2989 790 3050 si
806 2989 856 3049 tibi
870 3003 972 3051 tautam
986 3011 1006 3061 r.
1023 2995 1054 3056 ἂν
1066 2995 1122 3056 ἴσον
1131 2997 1169 3064 είς
1178 2995 1307 3077 ὠφελείας
1318 2996 1363 3056 καὶ
1374 2995 1492 3066 εὐδοξίας
1502 2996 1600 3078 λόγους
1615 2996 1651 3058 Et
1661 2993 1688 3055 δὲ
1697 2992 1778 3054 atta

225 3088 302 3147 daret
314 3098 483 3168 potestatem,
500 3095 530 3141 ut
545 3081 637 3141 labens
648 3080 745 3141 carlum
758 3081 859 3162 erigere
872 3102 972 3165 posses,
1023 3093 1113 3170 σαρῶς
1126 3087 1288 3167 κατέμαθες,
1307 3089 1413 3170 πηλίκῳ
1431 3113 1461 3149 σε
1474 3088 1616 3169 ἐκόσμησε
1629 3089 1734 3169 κότμιρ,
1745 3108 1777 3147 xt-

217 3175 314 3240 'annon
328 3179 358 3238 id
371 3199 421 3260 pro
439 3176 540 3236 honore
553 3173 665 3233 haberes
677 3186 704 3234 te
716 3174 796 3254 longe
809 3174 972 3257 superante?
1021 3180 1115 3249 λεάσας
1129 3181 1245 3261 διορθοῦν
1267 3181 1370 3251 πενίαν,
1387 3183 1471 3240 ἐκεῖνο
1488 3180 1599 3261 λογίζου
1613 3181 1680 3262 πρός
1691 3179 1776 3240 ἑαυτόν·

226 3273 297 3333 Ecce
306 3270 400 3354 majori
407 3284 433 3329 te
444 3288 514 3327 nunc
521 3266 622 3325 honoro
631 3264 758 3346 dignatus
768 3279 815 3327 ost.
823 3269 892 3327 Nam
899 3265 972 3347 qtrod
1023 3273 1048 3334 el
1056 3296 1097 3334 σοι
1108 3267 1238 3347 τοσαύτην
1250 3273 1344 3333 ἔδωκεν
1356 3272 1484 3345 ἐξουσίαν,
1494 3273 1567 3333 ὥστε
1577 3275 1623 3334 τὸν
1635 3269 1734 3354 etpost*
1745 3268 1775 3329 li·

227 3367 299 3426 caelis
310 3366 376 3447 ipsis
386 3361 529 3444 pretiosius
540 3371 588 3436 est,
611 3358 639 3418 id
662 3359 713 3418 tibi
726 3360 886 3439 erigendum
899 3382 971 3421 com·
1023 3371 1117 3427 νασθαι
1136 3363 1336 3426 καταπίπτοντα
1348 3365 1474 3446 διορθοῦν,
1492 3366 1543 3425 οὐκ
1555 3365 1588 3423 ἂν
1603 3365 1684 3444 τιμήν
1698 3362 1775 3444 opilea

227 3454 319 3514 misit:
335 3455 362 3512 in
378 3453 457 3510 rebus
470 3451 542 3509 enirn
553 3447 710 3509 visibilibus
721 3448 791 3507 nihil
800 3449 874 3530 apud
885 3451 972 3509 Deum
1024 3485 1054 3521 σε
1067 3456 1274 3540 ῡπςρὸαίαοοσαν
1294 3456 1326 3517 τδ
1342 3466 1454 3537 πρᾶγμα
1474 3456 1617 3535 ἐνόμισας
1633 3455 1699 3517 ’1δώ
1711 3455 1775 3514 τοίνυν

228 3571 277 3630 par
291 3561 329 3607 cst
342 3544 454 3604 bomini.
472 3544 542 3602 Nam
556 3554 582 3601 et
596 3541 691 3600 caelurn
706 3553 731 3599 et
745 3554 844 3601 terram
858 3557 883 3603 et
899 3560 973 3602 mare
1025 3551 1141 3632 μείζονάς
1158 3575 1188 3611 σε
1201 3548 1348 3624 κατηξίωσε
1361 3557 1404 3610 νῦν
1418 3553 1510 3627 τιμῆς.
1538 3549 1580 3609 ⁰0
1592 3549 1644 3629 γάρ
1659 3552 1707 3608 τῶν
1717 3551 1775 3627 olpe-

227 3655 338 3723 propter
347 3639 426 3698 illum
438 3636 516 3695 lecit:
529 3648 555 3694 et
571 3633 598 3693 in
612 3632 659 3692 illo
670 3633 793 3694 habitare
806 3632 892 3716 tnagis
906 3655 974 3716 gau·
1023 3649 1075 3710 τῶν
1086 3647 1156 3704 ἐστιν
1167 3646 1237 3725 αὐτῷ
1247 3643 1414 3726 τιμιώτερον,
1425 3641 1503 3703 τοῦτό
1512 3665 1557 3702 σοι
1568 3645 1685 3724 διορθοῦν
1694 3641 1774 3721 inlep-

228 3735 284 3808 det,
306 3753 387 3812 quam
403 3729 519 3789 incaelo.
545 3729 668 3786 Attamen
693 3746 741 3785 nos
764 3726 822 3786 haec
837 3727 970 3803 videntes,
1023 3739 1086 3816 ψεν·
1097 3733 1234 3816 ἀνθρώπω
1244 3734 1296 3817 γάρ
1306 3735 1379 3796 οὐδὲν
1389 3732 1445 3794 ίσου
1459 3738 1512 3793 τῶν
1524 3734 1669 3814 δρωμένων
1679 3736 1772 3816 τῷθεμ

228 3825 333 3885 nullam
344 3822 505 3903 templorum
524 3817 574 3878 Dei
589 3838 682 3877 curam
695 3816 836 3897 habemus,
854 3819 902 3880 sed
916 3818 972 3883 illis
1024 3827 1078 3890 Καὶ
1093 3826 1146 3910 γὰρ
1157 3827 1202 3887 καὶ
1213 3826 1322 3907 οὐρανὸς
1338 3826 1384 3887 καὶ
1393 3831 1441 3906 γῆν
1453 3825 1499 3886 καὶ
1510 3828 1648 3887 θάλατταν
1659 3829 1691 3886 δι’
1700 3831 1772 3887 ἐκεῖνον

228 3916 482 3997 neglectis‚magnas
491 3924 517 3970 et
527 3908 685 3991 splendidas
703 3909 780 3969 nobis
793 3912 1145 4015 construimusmlrolpar·
1160 3920 1203 3979 καὶ
1219 3922 1290 4000 αὐτῷ
1301 3919 1400 3998 μᾶλλον
1411 3920 1518 3978 ἐνοικῶν
1535 3919 1715 4002 εῦρραάνεται,
1727 3918 1771 3994 lei·

230 4015 309 4073 edes.
319 4011 385 4074 ldeo
400 4009 525 4070 omnibus
538 4006 618 4069 vacui
631 4004 710 4065 bonis
723 4026 826 4084 snmus,
839 4018 865 4066 et
878 4007 912 4067 iis
924 4007 973 4086 qui
990 4031 1011 4078 ,ς
1025 4015 1136 4094 οὐρανῷ.
1156 4012 1225 4073 Ἀλλ’
1240 4012 1312 4090 ὅμως
1326 4016 1403 4090 ἡμεῖς
1423 4010 1469 4069 καί
1487 4018 1575 4071 ταῦτα
1596 4012 1706 4086 εἰδότες,
1722 4011 1771 4068 αδδι-

231 4107 311 4166 raldc
322 4124 452 4185 pauperes
470 4113 533 4160 sunt
547 4097 725 4180 pauperiores,
736 4098 801 4177 quia
816 4099 878 4159 illas
894 4122 973 4161 orna·
1027 4103 1090 4183 μίαν
1102 4107 1154 4162 τῶν
1166 4110 1211 4164 τοῦ
1221 4106 1292 4164 Θεοῦ
1302 4107 1371 4161 ναῶν
1382 4102 1536 4181 ἐπιμέλειαν
1549 4104 1693 4182 ποιούμεθα
1702 4103 1717 4174 ἢ
1726 4100 1773 4184 πρό

230 4219 291 4256 mus
303 4196 385 4271 ades,
401 4215 467 4271 quas
483 4212 536 4250 non
552 4211 695 4271 possumus
716 4190 822 4250 auferre
835 4190 974 4254 cumhinc
1026 4218 1109 4268 ναιαν,
1128 4196 1187 4253 ἀλλ’
1208 4192 1316 4276 άρέντες
1333 4193 1424 4260 αὐτοῦς
1439 4195 1604 4271 ἠμελῆσθαι,
1616 4199 1772 4273 ἐαυτοῐςλαμ·

231 4290 389 4369 migramus,
401 4284 456 4344 illis
466 4282 586 4343 dimissis
599 4304 666 4361 quas
680 4281 819 4342 nobiscum
833 4286 975 4346 transferre
1026 4284 1095 4366 πρδις
1106 4285 1151 4346 καὶ
1167 4287 1284 4366 μεγάλας
1294 4286 1524 4363 κατασκευάζομεν
1543 4288 1638 4356 οἰκίας.
1663 4290 1774 4348 aaron

230 4399 379 4463 possemus.
391 4378 461 4436 Nam
472 4373 602 4433 dissoluta
610 4394 877 4457 pauperumcorpora
887 4378 975 4438 omni·
1027 4379 1122 4457 ἔρημοι
1140 4379 1247 4438 πάντων
1271 4378 1350 4456 ἐσμὲν
1369 4381 1421 4438 τῶν
1446 4383 1571 4457 ἀγαθῶν,
1596 4381 1644 4441 καί
1663 4386 1712 4441 τῶν
1730 4376 1775 4460 epi

231 4491 266 4531 no
280 4480 427 4548 resurgent.
444 4467 518 4524 Tum
530 4465 615 4535 Deus,
631 4463 678 4541 qui
693 4464 750 4523 baec
763 4466 902 4548 praecepit,
918 4467 976 4529 illis
1028 4471 1077 4552 δρα
1089 4470 1209 4541 πενήτων
1228 4470 1407 4550 πεωχότεροι,
1427 4470 1469 4529 ότι
1487 4472 1588 4541 ταύτας
1602 4474 1775 4551 autumer

231 4564 259 4623 in
275 4562 395 4621 medium
415 4555 549 4631 adductis,
568 4555 693 4614 laudabit
715 4578 768 4632 eos,
789 4558 836 4637 qui
853 4559 974 4639 ipsorum
1026 4563 1073 4631 τδς
1090 4562 1189 4637 οἰκίας,
1205 4562 1236 4630 άς
1254 4565 1283 4622 οὐ
1299 4564 1430 4640 δυνάμεθα
1447 4562 1579 4634 λαθόντες
1589 4570 1704 4628 ἐντεῦθεν
1712 4565 1774 4625 tnt-

231 4677 324 4716 curam
337 4653 464 4726 habuere,
483 4662 508 4708 et
529 4646 702 4729 praedicabit,
725 4649 788 4728 quia
813 4648 889 4729 illos,
912 4673 974 4715 cum
1027 4661 1089 4729 θεῖν,
1105 4653 1212 4734 ἀρέντες
1229 4653 1346 4726 ἐκείνας,
1364 4654 1395 4720 ἃς
1407 4654 1466 4732 μεθ’
1475 4660 1556 4732 ἡμῶν
1569 4659 1657 4716 αὐτῶν
1667 4680 1776 4738 συμμετα-

230 4748 311 4808 modo
325 4769 340 4805 a
354 4748 424 4804 lamc
438 4741 541 4822 lapsuri
555 4754 658 4817 essent,
683 4739 764 4800 modo
777 4762 792 4800 a
814 4741 936 4806 nuditate
948 4761 974 4807 et
1028 4753 1110 4807 θεῖναι
1124 4747 1170 4806 ἔνι.
1188 4746 1242 4805 Καὶ
1251 4745 1303 4827 γὰρ
1316 4746 1472 4807 διαλυθέντα
1481 4748 1515 4806 τά
1529 4749 1647 4829 σώματα
1658 4755 1707 4811 utu
1717 4748 1774 4821 πενίτ

230 4865 245 4900 a
265 4841 373 4918 frigore,
394 4836 481 4896 modis
498 4832 623 4893 omuibus
637 4848 826 4894 sustentarunt.
851 4839 973 4901 Attamen
996 4859 1004 4866 ’
1026 4863 1077 4898 των
1089 4838 1267 4911 ἀναστήσεται
1276 4839 1451 4908 πάντως·καλ
1462 4843 1631 4924 παραγαγὼν
1643 4841 1775 4911 αῡςὼςςήῃ
1812 4878 1815 4883 Δ

231 4947 269 4992 tot
283 4932 358 4991 nobis
373 4928 516 5011 propositis
537 4924 675 4996 laudibus,
704 4924 795 4986 adbuc
817 4941 974 4992 cunctamur
1025 4938 1040 4993 ό
1056 4937 1140 4991 ταῦτα
1152 4931 1275 5000 ἐπιτάξας
1286 4933 1370 5004 Θεὸς,
1385 4932 1558 4993 ἐπαινέσεται
1569 4935 1629 5003 τὼς
1640 4938 1775 5014 ἐπιμιλησα

229 5041 253 5084 et
267 5023 415 5101 refugimus
425 5019 567 5100 pulchram
583 5016 658 5076 illam
669 5038 770 5077 curam.
784 5022 870 5097 Atque
894 5022 972 5083 Chri·
1027 5025 1117 5103 μένους
1134 5028 1228 5099 αὐτῶν,
1245 5024 1289 5084 καί
1302 5024 1483 5103 θαυμάσεται,
1495 5024 1536 5085 ότι
1550 5027 1692 5105 μελλοντας
1704 5022 1773 5087 aud<

260 5201 274 5239 δ’
292 5202 433 5263 [ἐπανθοῦσα
447 5200 474 5246 Α.
484 5215 540 5247 cum
554 5212 633 5261 marg.
644 5196 733 5260 Sauli]
