3728 5978
102 480 178 572 604¹
458 494 861 544 s.soinn1scnersosr.
891 496 1048 543 recurre.
1076 495 1348 544 consrin'nuor.

104 631 244 708 cupisces,
259 619 415 703 adjecitzss.
426 621 586 680 Occasione
605 631 705 678 antem
725 630 845 698 accepto
901 623 924 678 el
941 619 979 697 μὴ
999 619 1043 679 διά
1058 619 1213 698 nicomed
1224 618 1274 692 τὴν
1287 617 1434 696 ἐπιθυμίαν
1447 618 1498 677 οὒκ
1508 616 1626 697 ᾗδειν,εί
1642 619 1671 695 μὴ

102 730 255 799 peccatum
268 734 321 795 per
336 712 509 770 πιαπάαιαπι
529 723 679 789 operatum
701 710 788 768 estin
802 729 848 766 me
901 711 1003 790 θνόμος
1012 711 1176 789 ἔλεγεν,ούκ
1185 710 1369 787 ἐπιθυμήσεις,
1381 708 1543 789 ἐπήγαγεν·
1555 709 1673 790 Ἀφοριιλν

105 829 219 870 omnem
233 806 506 885 concupiscentiam.
865 823 885 868 ι)
903 803 931 863 δὲ
940 803 1086 874 iuononi
1101 801 1221 884 ἁμαρτία
1231 802 1275 862 διὰ
1287 806 1335 874 τῆς
1346 803 1475 874 ἐντολῆς,
1490 804 1674 883 κατειργάσατο

903 898 931 954 ἐν
945 894 1004 973 ἐμοὶ
1014 905 1103 955 πᾶσαν
1115 893 1268 972 ἐπιθυμίαν.

145 981 281 1047 5.viden’
295 979 431 1062 quomodo
442 980 528 1060 legem
541 1001 557 1038 a
568 978 801 1039 criminationibus
811 977 848 1037 li·
944 977 1021 1055 Εἶδες
1033 991 1091 1053 πῶς
1103 983 1190 1046 ἀύτθν
1209 985 1361 1056 ἀπήλλαξεν
1380 984 1585 1065 inlepidum
1597 986 1675 1069 Ἀφορ-

105 1077 197 1138 beret?
208 1079 369 1137 Occasione
378 1086 510 1153 occepta,
522 1071 620 1150 inquit,
633 1085 783 1152 peccatum,
795 1090 848 1129 non
904 1079 957 1157 μὴν
969 1080 1022 1159 γὰρ
1040 1078 1178 1149 λαθοῦσα,
1195 1077 1284 1158 φησὶν,
1306 1082 1324 1148 ἡ
1340 1076 1485 1158 ἁμαρτία,
1501 1080 1580 1158 οὐχί
1593 1078 1677 1157 νόμος,

104 1175 161 1247 lex,
171 1173 249 1233 auxit
258 1167 512 1251 concupiscentiam,
524 1181 550 1227 et
560 1180 651 1226 contra
662 1165 760 1239 evenit,
768 1185 849 1242 quam
903 1169 1002 1243 ηὔξησε
1012 1169 1062 1243 τὴν
1072 1168 1229 1246 ἐπιθυμίαν,
1240 1169 1286 1228 καί
1296 1168 1451 1228 τούναντίον
1465 1159 1556 1250 οθπερ
1569 1169 1678 1232 ίθοίλετι

104 1264 152 1325 lex
159 1261 311 1346 optaret:id
322 1259 395 1339 quod
407 1258 573 1318 infirmitatis
582 1271 648 1332 erat,
661 1277 714 1316 uon
729 1255 848 1314 malitie.
903 1262 1023 1341 ὁνόμος,
1042 1261 1161 1343 γέγονεν·
1185 1261 1251 1343 ὅπερ
1270 1260 1408 1328 ἀσθενείας
1430 1251 1478 1335 ἦν,
1502 1262 1535 1322 ού
1552 1263 1678 1343 πονηρία,

105 1357 177 1415 Cum
187 1355 260 1415 enim
272 1351 379 1431 aliquid
390 1350 604 1432 concupiscimus
617 1363 644 1408 et
658 1346 845 1429 prohibemur,
903 1353 990 1415 Ὅταν
1003 1354 1056 1435 γάρ
1068 1377 1136 1420 τινος
1149 1355 1329 1431 ἐπιθυμῶμεν,
1339 1343 1399 1411 εἶτα
1411 1351 1606 1431 καλούμεθα,
1615 1356 1678 1435 αἶρε-

104 1448 192 1528 magis
212 1445 347 1506 attollitur
365 1441 521 1524 cupiditatis
545 1441 671 1517 flamma,
686 1460 782 1500 vuum
795 1457 848 1498 uon
904 1472 949 1506 τας
960 1449 1061 1524 μᾶλλον
1072 1450 1120 1517 τῆς
1141 1444 1311 1520 incoeptant
1327 1444 1402 1524 φλόξ,
1418 1444 1496 1504 Ἀλλ’
1515 1447 1547 1504 οὗ
1559 1446 1679 1527 ,raptem

104 1526 262 1620 perlegem3
274 1537 321 1597 illa
333 1533 605 1616 numqueprohibuit,
618 1532 847 1609 utteabduceret3
903 1538 984 1616 νόμον
1001 1544 1095 1598 τοῦτο·
1112 1538 1189 1604 αὐτὸς
1204 1536 1251 1614 μὲν
1262 1535 1315 1617 γάρ
1329 1535 1466 1596 ἐκώλυσεν
1490 1533 1566 1596 ὥστε
1580 1539 1680 1616 dm.

103 1631 153 1692 eod
166 1628 353 1714 peccatum,id
363 1642 412 1702 est,
421 1627 549 1708 segnities
565 1639 610 1686 tua
627 1639 654 1686 et
664 1626 735 1685 mala
751 1626 849 1687 volun·
904 1638 976 1708 γεῖν·
991 1635 1009 1701 ἡ
1026 1627 1053 1689 δὲ
1073 1627 1208 1710 ἁμαρτία,
1221 1627 1398 1701 τουτίστιν,ἡ
1418 1626 1577 1707 paeonici,
1594 1629 1681 1702 σὴεαί

105 1739 158 1801 tas,
167 1726 276 1787 bonoin
288 1723 452 1784 contrarium
460 1744 508 1782 usa
524 1736 574 1782 est.
590 1724 625 1780 lt
639 1741 693 1781 nou
708 1721 789 1802 culpa
797 1721 850 1781 hoc
867 1736 887 1783 Ε
905 1727 922 1795 ’l
936 1721 1031 1800 γνώμη
1046 1726 1064 1792 ἡ
1077 1720 1197 1800 πονηρά,
1209 1723 1248 1801 τῷ
1260 1722 1334 1800 καλῷ
1344 1719 1412 1799 πρὸς
1426 1720 1460 1779 τὸ
1475 1719 1600 1780 ἐναντίω
1611 1723 1682 1801 espis-

104 1815 213 1893 medici,
224 1815 273 1876 sed
287 1814 391 1894 ngroti,
407 1813 454 1892 qui
469 1813 614 1894 pharmaco
627 1812 698 1873 male
716 1833 779 1872 usus
797 1826 847 1872 est.
906 1837 980 1875 σατο.
994 1814 1065 1872 Ἀλλ’
1084 1815 1114 1873 ού
1128 1818 1174 1872 τοῦ
1194 1815 1284 1889 ίατροῦ
1301 1818 1379 1870 τοῦτο
1398 1811 1551 1892 ἔγκλημα,
1561 1814 1633 1873 ἄλλά
1644 1821 1682 1875 τῶ

104 1906 166 1968 Non
185 1906 257 1967 enim
271 1905 332 1964 ideo
352 1906 440 1984 legem
458 1902 546 1980 dedit,
554 1918 592 1963 ut
602 1903 849 1985 concupiscentiam
906 1910 1101 1986 άρῤωστῶντος
1113 1908 1152 1984 τῷ
1165 1903 1300 1984 φαρμάκῳ
1319 1907 1410 1970 κακῶς
1430 1903 1626 1986 χρησαμίνω.
1645 1908 1680 1965 (λλ

103 1998 269 2074 accenderet,
278 1997 324 2058 sed
337 2011 367 2056 ut
381 1996 575 2075 exstingueret3
584 1996 749 2055 contrarium
760 2011 848 2055 auten
904 1997 957 2080 γάρ
971 1998 1016 2058 διά
1027 2003 1106 2056 τοῦτο
1120 1997 1133 2030 ⁵
1147 1997 1228 2055 ἔδωκε
1243 1995 1287 2054 τὸν
1300 1995 1390 2075 νόμον,
1403 1994 1448 2055 ίνα
1461 1997 1558 2078 άνάψη
1573 1997 1623 2070 τλν
1635 2003 1682 2059 ἐτι-

104 2091 210 2169 ινιοίι;
227 2104 254 2150 at
267 2112 321 2150 non
334 2089 428 2170 ipsius,
440 2088 490 2148 sod
511 2102 602 2148 nostra
624 2087 714 2169 culpa.
734 2088 765 2148 Si
786 2088 849 2167 quis
905 2089 1012 2166 θυμίαν,
1027 2091 1086 2148 ἀλλ’
1108 2087 1152 2148 ίνα
1175 2087 1274 2167 σύέσῃ·
1295 2087 1445 2146 τούναντίον
1469 2087 1500 2146 δέ
1517 2088 1616 2162 ἐξίύη·
1630 2093 1681 2149 ἀλλ’

102 2184 177 2247 enim
193 2183 358 2244 febricitanti
371 2196 398 2241 et
410 2191 505 2263 potum
519 2180 650 2262 frigidum
664 2181 850 2262 intempestive
905 2184 952 2241 οὐκ
969 2179 1083 2254 ἐκείνω,
1097 2182 1156 2239 ἀλλ’
1169 2182 1247 2256 ἡμῶν
1269 2185 1287 2251 ἡ
1312 2178 1475 2258 κατηγορία.
1488 2179 1565 2240 (λ’νδέ
1585 2180 1650 2260 γάρ,
1663 2182 1684 2240 εί

102 2277 234 2360 cupienti,
255 2296 308 2336 nou
331 2287 488 2356 potestatem
511 2272 623 2333 bibendi
647 2273 755 2350 laceret,
771 2274 849 2334 etsie
904 2276 993 2353 τιςτῷ
1011 2271 1184 2352 πυρίττοντι,
1197 2269 1243 2331 καί
1259 2271 1442 2353 ψυχροποσίας
1465 2272 1593 2354 ἀκαίρως
1606 2278 1683 2334 ἐπιθυ

100 2369 281 2452 perniciosam
293 2366 470 2449 cupiditatem
488 2379 606 2445 augeret,
620 2384 674 2424 non
688 2364 748 2424 ideo
762 2379 849 2446 posset
906 2371 1011 2443 μοῦντι,
1030 2363 1068 2443 μὴ
1093 2362 1241 2445 παρασχὼν
1268 2365 1468 2443 ἐμφορηθῆναι,
1492 2369 1545 2437 τῆς
1572 2366 1682 2447 ὀλεθρίας

98 2461 163 2543 jure
173 2457 333 2541 reprehendi
349 2482 356 2515 ι
374 2457 474 2517 modici
493 2455 596 2537 quippe
609 2469 666 2515 erat
684 2455 847 2537 prohibere,
904 2455 1003 2530 ταύτης
1015 2459 1111 2529 ἡδονῆς
1126 2453 1247 2525 αύξήοειε
1260 2455 1308 2526 τλν
1327 2455 1485 2531 ἐπιθυμίαν,
1502 2458 1683 2535 ἐγκαλοῖτοᾶν

101 2552 169 2633 aegri
178 2571 243 2612 vero
255 2550 398 2611 abstinere.
408 2547 484 2623 Quid
493 2547 574 2620 enim,
586 2546 609 2607 si
623 2561 763 2628 peccatum
775 2568 849 2607 oceo·
904 2549 1030 2616 δικαίως·
1046 2555 1092 2608 τοῦ
1114 2546 1166 2628 γάρ
1186 2549 1275 2627 ἰατροῦ
1296 2547 1327 2606 τὸ
1350 2550 1474 2608 κωλῦσαι
1496 2541 1531 2622 ἦν
1555 2548 1684 2628 uisceri

101 2639 657 2723 sionemabipsalegeacoeperit?Plerique
668 2638 849 2720 enimimpro-
860 2640 933 2730 δγγδέ
956 2640 1122 2720 ἀποσχέσθαι
1135 2646 1183 2698 τοῦ
1203 2638 1355 2716 κάμνοντος.
1367 2638 1405 2698 Τί
1418 2639 1474 2721 γάρ
1493 2642 1518 2698 εί
1532 2645 1553 2712 ἡ
1569 2641 1683 2724 ἁμαρτία

100 2732 149 2795 hia
160 2735 241 2794 bonis
248 2733 390 2814 preceptis
405 2731 574 2810 iniquitatem
588 2751 666 2789 suam
679 2745 795 2810 augent:
814 2732 849 2790 si·
868 2745 888 2790 Α
904 2732 954 2805 τὴν
969 2732 1092 2814 ἀφορμὴν
1112 2731 1139 2800 ἐξ
1159 2735 1238 2791 αὐτοῦ
1260 2729 1353 2801 tirso
1367 2731 1473 2791 Πολλοί
1489 2731 1546 2813 γάρ
1570 2731 1619 2791 καί
1637 2737 1684 2791 τῶν

102 2824 215 2908 quidem
222 2838 248 2884 el
259 2823 385 2883 diabolus
393 2825 410 2885 J
413 2821 495 2881 udam
503 2821 539 2880 ita
549 2820 682 2902 perdidit,
690 2823 719 2881 in
730 2843 849 2882 amorem
903 2829 1025 2906 πονηρῶν
1039 2823 1066 2892 ἐξ
1076 2826 1181 2902 άγαθῶν
1192 2821 1381 2901 ἐπιταγμάτων
1389 2821 1438 2895 τὴν
1451 2827 1546 2882 αὑτῶν
1559 2824 1683 2903 πονηρίαν

101 2913 397 2999 penrniu‘ccnjiciens,
413 2913 555 2991 furemque
571 2933 664 2971 rerum
684 2914 851 2994 pauperibus
905 2915 1026 2985 τάξωσιν
1039 2940 1046 2954 ·
1061 2914 1331 2981 ἐπεὶκαίθδιάύολος
1349 2913 1418 2973 οὕτω
1430 2913 1479 2974 τθν
1491 2915 1605 2976 Ἰούδαν
1618 2917 1685 2976 cinni

102 2996 297 3069 dudnaurum
311 3003 851 3066 essesuadensznonenimooncreditum
905 3013 991 3083 λεσεν,
1007 3013 1044 3076 εἰς
1064 3007 1277 3090 φιλορρηματίαν
1297 3005 1421 3084 ἐμθαλὼν
1445 3007 1494 3067 καὶ
1510 3008 1642 3071 κλέπτειν
1655 3011 1685 3069 τά

103 3099 157 3182 ipsi
169 3098 339 3180 marsupium
349 3097 384 3157 'id
394 3096 492 3172 effecit,
509 3095 556 3155 sed
569 3096 653 3155 animi
668 3096 796 3175 nequitia.
817 3096 851 3157 Et
905 3106 959 3161 τῶν
983 3100 1104 3172 πενήτων
1123 3101 1249 3173 ποιήσας·
1269 3101 1327 3158 ἀλλ’
1349 3102 1379 3158 ού
1399 3099 1430 3158 τὸ
1451 3106 1639 3185 πιστευθῆναι
1659 3103 1686 3162 τί

103 3192 164 3252 Eva
178 3193 244 3252 item
257 3189 393 3251 cidamum
405 3187 441 3248 ad
454 3186 649 3247 comedendum
660 3187 695 3247 de
708 3188 782 3268 ligno
796 3189 850 3249 irn-
906 3193 1094 3273 γλωσσόκομον
1105 3193 1181 3252 αιἐτὸν
1192 3197 1270 3251 τοῦτο
1282 3190 1438 3272 εἰργάσατο,
1451 3191 1515 3251 ἀλλ’
1527 3198 1547 3265 ἡ
1559 3199 1610 3266 τῆς
1622 3195 1684 3273 μ’).

104 3283 310 3366 pulit‚atqueex
323 3280 450 3363 paradiso
462 3279 588 3359 ejecitzat
598 3298 652 3338 non
665 3279 693 3338 in
708 3300 787 3339 causa
797 3281 852 3341 suit
907 3309 960 3363 μης
982 3285 1105 3362 πονηρία.
1126 3285 1216 3356 Kelol
1243 3282 1299 3343 Εὔα
1325 3281 1353 3341 δὲ
1375 3282 1419 3341 τὸν
1446 3282 1538 3363 Ἀδὰμ
1565 3287 1622 3346 ἀπὸ
1643 3295 1684 3346 eci

103 3377 220 3456 lignum,
233 3373 282 3434 etsi
297 3374 333 3431 ab
349 3371 408 3450 ipso
421 3371 525 3429 occasio
538 3370 718 3442 sueriutiuod
731 3372 754 3430 si
769 3373 852 3432 rehe·
908 3377 982 3445 ξύλου
996 3377 1223 3459 παρασκευάσασα
1239 3373 1470 3455 φαγεῖν,ἐίε’ύαλεν
1482 3378 1514 3434 ἐκ
1530 3383 1582 3436 τοῦ
1601 3401 1683 3459 παρα-

104 3467 222 3526 tuendus
230 3465 264 3524 de
272 3465 332 3542 lege
341 3463 476 3539 loquatur,
485 3481 519 3519 ne
528 3460 690 3519 mirei·is:ad
699 3461 770 3520 illud
780 3465 851 3524 enim
908 3467 1010 3528 δείσου·
1031 3470 1090 3526 ἀλλ’
1114 3467 1171 3526 οὐδὲ
1194 3470 1248 3526 ἐκεῖ
1262 3465 1292 3524 τὸ
1311 3464 1415 3546 δένδρον
1431 3466 1533 3540 αἴτιον,
1549 3471 1575 3528 εί
1589 3470 1636 3528 καί
1655 3473 1685 3530 δι’

105 3555 180 3636 quod
191 3570 268 3634 urget
281 3554 382 3615 Paulus
395 3551 524 3627 consistit,
534 3572 586 3610 non
599 3553 755 3634 permittens
764 3569 795 3613 ut
808 3557 853 3616 vel
909 3565 989 3620 αύτοῖι
1004 3567 1020 3633 ἡ
1033 3560 1138 3642 ἀφορμὴ
1153 3559 1266 3638 γέγονεν.
1278 3561 1312 3618 El
1324 3557 1352 3617 δὲ
1362 3559 1543 3640 σφοδρότερον
1557 3563 1686 3642 κέχρηται

106 3648 149 3723 iis,
165 3649 216 3726 qui
235 3646 313 3705 aliter
332 3645 514 3725 suspicantur,
529 3643 588 3703 θαι
601 3643 673 3704 dicta
687 3647 853 3708 occasionem
909 3658 948 3735 τῷ
962 3653 1033 3733 λόγῳ
1044 3655 1082 3732 τῷ
1093 3653 1155 3731 περὶ
1168 3657 1214 3710 τοῦ
1226 3651 1321 3727 νόμου,
1336 3650 1373 3729 μὴ
1386 3652 1549 3730 θαυμάσῃς·
1565 3656 1688 3736 πρὸςγέρ

106 3740 345 3823 praebmutmultc
355 3753 444 3798 autem
455 3737 545 3798 studio
556 3759 655 3799 mirans
666 3761 723 3799 rem
738 3763 854 3822 presen·
872 3771 891 3816 B
909 3747 940 3806 πθ
955 3754 1109 3823 κατεπεῖγον
1121 3749 1135 3803 θ
1152 3746 1257 3810 Παῦλος
1268 3741 1388 3811 ἵσταται,
1402 3745 1450 3801 οὐκ
1462 3745 1543 3825 ἀφεὶς
1566 3747 1617 3824 μὲν
1635 3748 1687 3807 οὐδὲ

105 3847 161 3893 torn
174 3833 314 3913 corrigere.
337 3831 378 3891 Ne
400 3828 484 3910 igitur
498 3830 558 3889 hec
571 3830 644 3892 dicta
658 3832 731 3892 nuda
745 3836 853 3894 exami-
910 3848 964 3906 τοῖς
990 3841 1077 3903 ἄλλως
1099 3835 1274 3898 ὑποπτεύουσι
1284 3834 1316 3893 τὰ
1336 3833 1470 3914 λεγόμενα
1490 3837 1586 3912 λαθὴν
1604 3864 1687 3919 παρε-

106 3946 165 3998 nes,
181 3925 228 3985 sed
240 3924 310 3984 adde
322 3944 447 3997 causam,
459 3922 494 3982 ob
513 3944 596 4002 quam
619 3926 656 3985 ita
677 3924 809 4004 loquitur,
822 3949 854 3988 ac
911 3938 996 4008 σχεῖν,
1010 3929 1111 3999 πολλὴν
1124 3927 1151 3988 δὲ
1166 3927 1282 4000 σπουδὴν
1297 3927 1451 4005 ποιούμενος
1463 3927 1495 3987 τὸ
1509 3931 1604 4011 παρὸν
1618 3934 1687 4013 διορ-

108 4014 251 4076 iudaicam
265 4014 396 4074 insaniam
410 4012 557 4089 considera,
571 4029 783 4096 perpetuamque
794 4017 855 4077 illo-
911 4020 1061 4093 θῶσαι.Μὴ
1075 4019 1162 4079 τοίνυν
1176 4018 1262 4100 γυμνά
1285 4017 1387 4088 ἐξέταζε
1406 4018 1439 4077 τά
1462 4021 1590 4082 ἐντεῦθεν
1613 4023 1687 4101 λεγό-

108 4127 171 4166 rum
191 4107 398 4180 contentionem,
412 4127 494 4185 quam
513 4120 632 4167 evomere
652 4108 786 4169 studebat.
802 4111 854 4173 Vi·
911 4135 993 4190 μενα,
1008 4111 1076 4173 ἀλλά
1089 4111 1134 4170 καλ
1149 4110 1197 4184 τὴν
1212 4111 1334 4170 ὑπόθεσιν
1344 4109 1497 4192 προστίθει,
1509 4113 1549 4172 δι’
1563 4115 1599 4187 ἣν
1610 4122 1689 4174 ταῦτα

82 4225 86 4229 ·
108 4198 292 4258 deturautem
312 4199 430 4257 multum
452 4212 543 4258 contra
558 4199 646 4279 legem
667 4201 778 4281 spirare,
801 4224 854 4264 uon
911 4203 1165 4286 είπεῖνπροάγεται,
1181 4203 1228 4261 καλ
1244 4201 1293 4273 τὴν
1309 4202 1404 4281 μανίαν
1422 4202 1531 4280 λογίζου
1555 4206 1608 4277 τὴν
1621 4206 1686 4265 Ἰω-

109 4291 229 4351 utillum
240 4293 428 4367 calumnietur,
438 4293 486 4352 sed
495 4307 526 4352 ut
538 4293 648 4354 illorum
659 4298 854 4359 contentionem
911 4296 1016 4368 δαῖκὴν,
1032 4294 1078 4355 καί
1090 4293 1138 4366 τὴν
1155 4293 1258 4355 ιύτονον
1276 4297 1361 4354 αὐτῶν
1379 4294 1559 4374 φιλονεικίαν,
1576 4298 1610 4370 ἣν
1624 4303 1687 4357 ’κα-

108 4380 205 4441 solrat.
220 4381 251 4442 Si
265 4383 336 4440 enim
349 4383 449 4441 crimen
466 4397 505 4442 est
518 4383 596 4463 legis,
610 4386 683 4463 quod
695 4403 803 4468 propter
814 4390 853 4448 il-
910 4393 1023 4448 ταλῦσαι
1045 4387 1163 4448 ἔσπευδε.
1188 4389 1267 4447 Δοκεῖ
1289 4388 1317 4446 δὲ
1342 4385 1423 4454 πολὺς
1446 4386 1518 4446 κατά
1545 4394 1596 4448 τοῦ
1612 4389 1687 4468 νύμω

107 4475 165 4534 lam
183 4486 325 4554 peccatum
340 4474 505 4532 occasionem
529 4489 629 4551 sumat,
650 4476 802 4538 invenietur
824 4481 854 4540 id
910 4490 993 4556 πνεῖν,
1014 4486 1065 4561 οὐχ
1088 4481 1132 4541 ίνα
1157 4484 1255 4540 ἐκεῖνον
1276 4481 1408 4560 διαύοθη,
1431 4482 1492 4539 ἀλλ’
1520 4481 1570 4542 ίνα
1593 4484 1686 4544 τούτων

108 4565 190 4625 etiam
204 4560 239 4623 'in
255 4565 333 4624 Novo
347 4564 527 4624 Testamento.
547 4567 579 4624 ln
594 4566 642 4625 illo
663 4569 763 4649 quippe
781 4571 853 4651 leges
910 4575 1008 4649 ἐκλύση
1018 4565 1068 4633 ’τὸν
1083 4574 1167 4633 τόνον.
1181 4576 1216 4634 Εἰ
1229 4574 1282 4656 γὰρ
1295 4575 1417 4651 ἔγκλημα
1436 4579 1485 4633 τοῦ
1499 4573 1603 4653 νόμον,
1617 4577 1648 4637 τὸ
1658 4578 1688 4635 δι’

106 4670 169 4719 sunt
184 4655 329 4715 innumere
344 4655 379 4714 de
398 4654 492 4714 multis
506 4657 711 4740 majoribusque
723 4661 816 4730 cchus;
829 4677 855 4722 et
909 4671 988 4727 αὐτοῦ
1010 4665 1060 4739 τλν
1079 4666 1212 4745 ἁμαρτίαν
1240 4664 1361 4746 ἀφορμὴν
1385 4664 1490 4739 λαθεῖν,
1516 4670 1688 4748 εὑρεθήσεται

106 4749 225 4831 idipsum
233 4749 279 4808 hic
291 4748 413 4808 accidere
426 4747 529 4822 videtu,
538 4770 591 4809 non
606 4750 854 4835 incuncupiscentia
871 4771 889 4818 C
909 4760 954 4819 καί
967 4763 993 4820 ἐν
1007 4763 1041 4838 τῇ
1056 4761 1141 4838 Κοινῇ
1162 4763 1239 4817 τοῦτο
1254 4757 1408 4833 συμθαῖνον.
1421 4757 1476 4816 Καί
1486 4758 1542 4838 γάρ
1554 4762 1603 4820 καί
1616 4763 1643 4820 ἐν
1657 4765 1687 4836 τῇ

1 4849 24 4876 ”·
40 4834 75 4880 ¹⁵·
107 4855 223 4918 mnium,
238 4840 285 4901 sed
304 4840 385 4901 etiam
408 4839 524 4898 inomni
539 4842 653 4903 malitia.
668 4847 853 4907 NamSinon
910 4854 995 4925 Καινῇ
1008 4849 1084 4928 νόμοι
1097 4849 1202 4930 μυρίοι,
1218 4848 1263 4908 καί
1274 4848 1334 4930 περί
1346 4851 1454 4908 πολλῶν
1473 4851 1606 4928 μειζόνων
1626 4875 1688 4933 πρα·

106 4937 261 5005 ucnisscm,
279 4932 377 5012 inquit,
393 4945 422 4991 et
436 4933 573 5013 loquutus
578 4937 708 5016 fuissem
723 4942 775 5011 eis,
785 4962 852 5020 pec·
908 4943 1035 5021 γμάτων·
1049 4941 1094 5001 καλ
1109 4943 1138 5002 τὸ
1153 4942 1217 5001 αὐτὸ
1229 4941 1278 5000 ίδοι
1293 4964 1333 5007 τις
1350 4940 1381 4999 ἂν
1402 4939 1527 5002 ἐκθαῖνον
1541 4948 1636 5019 κάκεῖ,
1645 4948 1689 5003 οὐκ

104 5037 203 5084 catum
213 5027 432 5084 nonhaberent.
442 5025 530 5104 lgitur
540 5026 603 5086 hino
613 5045 785 5109 peccatumet
795 5054 851 5114 poe
908 5036 952 5094 ἐπὶ
968 5040 1014 5106 τῆς
1029 5033 1170 5111 ἐπιθυμίας
1185 5034 1273 5111 μόνον,
1287 5035 1346 5092 ἀλλ’
1363 5032 1407 5092 ἐπὶ
1420 5033 1512 5107 πάσης
1534 5036 1631 5105 ἁπλῶς
1644 5061 1688 5096 κα-

135 5235 149 5274 h
167 5234 176 5298 [
188 5233 215 5283 l.
225 5245 249 5284 et
260 5252 340 5302 marg.
354 5235 412 5287 Sir.
427 5240 491 5331 ίίρθη
501 5244 513 5292 λ
525 5240 615 5304 νάματι
943 5263 952 5286 ⁸
971 5247 980 5312 [
993 5247 1020 5295 d.
1036 5253 1161 5301 καταὶύικι
1172 5251 1271 5303 audiun
1281 5251 1339 5300 ίοκεῖ
1349 5246 1440 5312 nilis]
