3728 5978
141 433 187 502 88
496 458 526 505 s.
554 458 688 506 totonis
715 459 901 509 cunrsosr.
930 459 1083 506 inemec.
1109 459 1374 508 consrnnrtuor.

140 589 169 636 et
181 578 335 637 Pharisaei.
352 580 459 638 Omnia
472 600 540 660 ergo
557 601 622 661 que
638 582 740 642 dicum
751 584 882 642 vobisut
937 581 978 651 ξαν
992 583 1100 643 σεαντθν
1114 585 1154 664 τῷ
1167 587 1241 664 ἱερεῖ.
1267 583 1321 644 Καὶ
1337 582 1477 663 δυνάμενος
1496 583 1590 651 ebech<
1609 585 1707 644 ἀπολέ-

132 671 575 752 saciatis,sacite:seeundum
593 693 682 753 opera
700 687 800 734 autem
815 675 881 733 illo·
936 696 991 746 σαι,
1019 672 1106 743 σώζει.
1126 678 1228 736 Τοῦτον
1257 666 1301 735 οθν
1327 675 1518 756 μιμησαίμεθα,
1544 677 1592 737 καλ
1617 677 1707 756 μηθεὶς

4 762 129 826 Imm-4·
140 766 420 848 rumnclitescceree
429 764 647 825 etrursusalibi:
659 768 882 827 Vadeecsterede
935 765 1028 848 ἐχθρός
1039 789 1108 834 τινος
1121 766 1199 844 ἔσται,
1212 760 1303 847 μηθεὶς
1313 767 1449 848 πολέμιος,
1459 769 1520 831 ἀλλ’
1532 766 1609 843 ἢτοῦ
1620 768 1708 830 tm&

141 859 333 918 tesccerdoti.
345 857 454 939 Etcum
465 872 556 939 posset
574 859 635 918 illos
652 858 773 940 perdere,
786 881 880 920 serva-
935 861 982 920 λου
990 858 1078 938 μόνον.

139 950 195 1009 bat.
207 951 286 1010 Hunc
299 951 383 1032 igitur
393 950 548 1027 imitemur,
559 966 585 1011 et
593 972 672 1012 nemo
683 953 834 1034 cujuspiam
847 954 882 1015 sit

139 1041 281 1121 inimicus,
297 1064 384 1124 neque
394 1044 494 1119 bostis,
508 1043 559 1104 nisi
572 1058 677 1105 tentum
688 1044 801 1105 diaboli.

179 1139 209 1198 5.
232 1139 293 1198 Non
304 1158 402 1219 pamm
412 1136 509 1196 adhoc
519 1138 620 1197 confert
629 1137 711 1198 etiam
722 1157 774 1197 non
781 1138 881 1218 jurare,
975 1142 1016 1200 Οὐ
1028 1140 1121 1221 μικρόν
1133 1163 1161 1199 τι
1173 1139 1239 1222 πρὸς
1255 1145 1332 1200 τῶτο
1343 1138 1390 1200 καί
1399 1140 1431 1200 τὸ
1444 1138 1482 1218 μὴ
1495 1139 1609 1218 θμνθιαι
1620 1164 1706 1202 σνντε·

137 1242 165 1288 et
177 1249 231 1289 non
242 1230 332 1289 irasci.
346 1230 377 1291 Si
390 1250 443 1289 non
461 1228 611 1289 irascamur
619 1275 628 1308 ,
643 1251 728 1309 neque
740 1229 882 1290 inimicum
935 1235 988 1308 λιῖ,
1007 1233 1076 1292 *καὶ
1095 1233 1126 1293 τὸ
1140 1230 1177 1317 μή
1190 1231 1349 1317 θργίζεσθαι.
1363 1231 1427 1297 'tut
1441 1238 1488 1293 ποθ’
1502 1233 1540 1312 μή
1559 1232 1706 1313 ὀργίζεσθαι

137 1319 309 1381 babebimus.
325 1321 461 1381 Abscinde
475 1323 510 1380 ab
523 1322 631 1382 homine
643 1323 841 1404 juramentum,
855 1338 881 1383 ct
935 1324 994 1386 ottt
1012 1323 1104 1408 ἐχθρὸν
1125 1322 1225 1404 ἵζομεν.
1239 1323 1374 1407 Ἔκκαρυν
1397 1323 1535 1407 ἀνθρώπου
1555 1325 1601 1385 πθν
1620 1327 1705 1407 θρκσν,

139 1410 186 1470 irre
213 1413 270 1473 alas
292 1412 433 1490 excidisti,
454 1411 583 1492 illamque
607 1428 691 1473 totam
717 1413 878 1475 exstinxisti.
898 1431 917 1476 b
935 1417 981 1478 καί
990 1417 1025 1478 τθι
1034 1416 1121 1497 τιπερθ
1133 1416 1293 1499 περιέκορας
1305 1422 1354 1491 τῆς
1367 1419 1465 1500 ὀργῆς,
1478 1419 1524 1479 τάν
1535 1419 1618 1497 θυμὸν
1631 1418 1705 1479 ἔσθε-

54 1541 129 1571 ιιιιιιι
140 1504 189 1564 Est
200 1503 353 1565 enimsicut
364 1505 511 1566 ventusira
525 1519 551 1565 et
560 1502 881 1586 juramentum:demitte
934 1533 982 1577 σας
1005 1510 1119 1569 ἅπαντα.
1141 1507 1249 1592 Ὥσπερ
1268 1509 1321 1593 γθρ
1340 1508 1464 1589 1’πνεῦμα
1484 1515 1502 1582 ή
1524 1511 1609 1592 ὀργή,
1627 1513 1672 1572 καί
1692 1517 1705 1572 θ

6 1592 77 1692 ,22:¹¹³
111 1655 116 1665 .
138 1600 213 1678 vela,
227 1601 302 1661 nullu
319 1600 373 1660 veli
389 1601 509 1677 utilitas,
523 1600 545 1660 si
561 1600 630 1660 desit
651 1613 756 1660 ventus.
770 1598 801 1661 si
816 1620 880 1680 ergo
932 1601 1009 1683 ὅρκος
1027 1600 1092 1661 ἐστί.
1108 1600 1233 1662 Χᾶλασον
1248 1601 1283 1661 τά
1301 1601 1389 1661 ἱστία·
1409 1602 1483 1665 cotto
1499 1602 1593 1684 ὄφελος
1605 1604 1704 1678 ἱστίον,

4 1668 67 1755 enni
80 1669 93 1696 υ
111 1670 129 1697 ι’
138 1712 187 1751 nec
192 1693 316 1773 juremus
325 1713 374 1752 nec
382 1692 536 1770 clamemus,
545 1693 592 1752 irae
601 1713 698 1753 nervos
706 1691 879 1754 succidimus.
931 1694 1080 1772 πνεύματος
1099 1695 1147 1753 οὐκ
1165 1692 1302 1762 ὄντος.Ἆν
1319 1693 1405 1756 τοίνυν
1420 1696 1458 1776 μή
1470 1697 1621 1778 κρσίζωμεν,
1638 1697 1704 1775 μηδὲ

138 1783 168 1843 Si
179 1804 243 1845 vero
259 1805 314 1844 non
330 1783 450 1862 creditis,
466 1784 618 1865 periculum
629 1784 669 1843 rei
681 1783 809 1855 facite,et
822 1804 879 1843 rem
932 1780 1082 1867 θμνθιιμεν,
1099 1784 1134 1845 τά
1152 1792 1232 1866 ντῢρα
1254 1785 1415 1867 θξοιόψαμεν
1437 1794 1484 1850 τῶ
1505 1793 1600 1869 θυμοῦ.
1618 1791 1652 1850 Et
1676 1790 1704 1850 δὲ

137 1875 176 1936 sic
188 1897 215 1935 se
228 1876 328 1936 habere
346 1876 518 1956 cognoscetis.
538 1877 638 1957 Legem
655 1873 783 1935 iracundo
796 1896 877 1956 pone,
933 1884 1085 1952 ἀπιστεῖτε,
1107 1885 1201 1957 πεῖραν
1221 1878 1317 1939 λᾶὅιτε
1336 1885 1383 1939 τοῦ
1403 1880 1577 1964 πράγματος,
1597 1883 1644 1942 καὶ
1664 1884 1704 1943 ὅτι

137 1982 167 2028 ut
180 1990 214 2028 ne
224 1991 354 2049 umquam
374 1971 463 2051 juret,
483 1984 509 2028 et
526 1990 580 2029 non
600 1990 671 2049 opus
691 1969 803 2028 babebis
817 1991 879 2029 cum
932 1972 1014 2041 οὕτως
1025 1971 1097 2054 ἔχει,
1110 1971 1169 2031 edis
1183 1969 1325 2050 γνώσεσθε.
1340 1972 1394 2041 ote
1403 1977 1441 2055 τῷ
1455 1975 1613 2056 θυμουμένῳ
1625 1975 1702 2055 νόμον

135 2059 184 2119 illo
196 2059 231 2120 de
239 2061 442 2121 mansuetudine
452 2082 602 2121 sermonem
614 2060 722 2121 babere.
737 2061 783 2123 Sic
792 2075 878 2122 totum
933 2063 1066 2144 μηδέποτε
1079 2062 1205 2143 ὀμνύναι,
1220 2064 1267 2123 καλ
1276 2066 1325 2124 οθκ
1339 2065 1532 2147 ἀναγκασθήσῃ
1545 2066 1611 2149 περί
1621 2070 1701 2130 ίπιει·

135 2153 282 2232 persectum
299 2152 365 2231 erit,
381 2167 408 2214 et
431 2175 479 2213 nec
499 2153 664 2235 pejerabitis,
684 2174 734 2212 nec
749 2153 878 2233 jurabitis
931 2156 1005 2225 κείας
1018 2158 1091 2236 αὐτῷ
1106 2157 1287 2236 διαλεχθῆναι.
1301 2155 1382 2216 Οθτιυ
1395 2156 1427 2217 τθ
1440 2162 1494 2218 τάν
1513 2157 1643 2230 ήνυσται·
1658 2160 1703 2221 καὶ

134 2245 252 2304 omnino.
277 2245 409 2323 Nescitis,
430 2245 459 2305 in
480 2259 578 2324 quanta
600 2243 720 2304 absurda
743 2266 792 2304 vos
814 2244 878 2305 inde
931 2246 991 2307 οὔτε
1002 2246 1187 2327 ἐπιορκήσετε,
1202 2245 1400 2327 οὔτεθμθσεσθε
1412 2249 1490 2318 diue.
1504 2253 1566 2311 Oine
1577 2251 1651 2328 ἴστε,
1667 2256 1702 2320 τίς

135 2336 301 2417 conjiciatis?
327 2336 441 2398 Necesse
465 2337 538 2396 enim
560 2350 612 2413 est,
639 2350 669 2396 ut
694 2336 806 2397 vinculo
829 2358 877 2398 vos
930 2341 994 2408 ὅσας
1013 2340 1126 2407 ἀτοπίας
1144 2338 1251 2408 tneo<
1268 2342 1384 2402 ἐντεῦθεν
1402 2341 1566 2422 θμθαθιλετι,
1587 2343 1700 2424 ’ἀνάγκη

134 2431 334 2512 constringatis,
346 2445 372 2491 et
383 2452 491 2492 omnem
501 2430 655 2490 machinam
664 2429 832 2505 adhibentis,
847 2446 877 2491 ut
896 2444 912 2490 r.
930 2429 983 2512 γὰρ
994 2432 1084 2511 δεσμῷ
1095 2427 1202 2498 ἑαυτοθς
1215 2430 1431 2511 περιθαλλοντες,
1446 2431 1493 2491 καί
1503 2432 1580 2513 πάσῃ
1593 2439 1700 2515 μηχανῇ

133 2525 210 2603 quasi
230 2548 265 2586 ex
279 2525 431 2587 inevitabili
450 2525 578 2607 quopiam
599 2523 672 2583 malo
692 2523 811 2582 animem
824 2524 877 2583 eri·
931 2521 1119 2591 σπουδάζοντες
1134 2519 1204 2581 ὥστε
1223 2521 1343 2604 καθάπερ
1359 2522 1386 2591 ἐξ
1404 2522 1520 2604 ἀφύκτου
1533 2525 1701 2593 τινθεκεσιοῦ

131 2619 226 2700 pictis,
244 2617 343 2680 deinde
364 2640 446 2694 vero,
465 2619 489 2678 si
510 2638 562 2678 non
579 2617 704 2699 possitis,
727 2616 755 2676 in
770 2615 875 2695 dolore,
929 2613 977 2688 τήν
989 2612 1261 2696 ψυχήν’“ἐξελκθῖεαι,
1272 2604 1331 2675 εἶτα
1341 2614 1379 2695 μή
1388 2615 1557 2691 δυνηθέντες,
1569 2618 1699 2681 λοιπθνὲν

131 2712 217 2787 rixis,
232 2711 461 2771 exsecrationibus
477 2708 593 2791 degetis,
608 2708 656 2770 sed
675 2710 875 2770 omniafrustra
929 2706 1006 2780 ὀδύνη
1026 2707 1136 2788 διάγειν,
1156 2707 1202 2768 καί
1218 2706 1333 2789 μάχαις,
1350 2707 1395 2768 καὶ
1415 2712 1529 2790 ἀρᾶσθαι
1546 2713 1587 2793 τῷ
1609 2713 1699 2794 θυμῷ·

131 2806 233 2867 cedent.
252 2807 340 2888 Igitur
358 2807 474 2885 minare,
486 2806 642 2887 praescribe,
655 2805 746 2867 omnia
760 2806 874 2888 sinejn-
929 2798 998 2861 ἀλλθι
1012 2801 1101 2861 πάντα
1120 2803 1196 2880 εἰκῇ,
1216 2800 1263 2860 καί
1278 2800 1365 2880 μάτην
1379 2800 1489 2880 γίνεται.
1503 2804 1610 2864 Οθκνῦν
1624 2804 1700 2874 dmi:

130 2912 251 2960 romento
264 2899 354 2959 facito.
369 2898 445 2959 Licet
457 2913 484 2959 et
497 2898 568 2958 dicte
579 2912 605 2958 et
616 2899 686 2958 facta
698 2898 840 2977 resolvere,
851 2900 875 2959 si
929 2896 1019 2966 λησσν,
1034 2892 1166 2975 διόρισαι,
1183 2892 1272 2954 πάντα
1285 2892 1396 2967 ποίησον
1412 2894 1495 2978 χανρλε
1516 2893 1608 2975 ὅρκον.
1624 2895 1698 2966 Ἔξε-

131 2991 259 3051 νοίνειθει
273 2990 320 3053 Sic
335 2990 415 3050 hodic
424 3011 531 3050 necesse
540 3004 595 3064 cst,
611 3005 641 3049 ut
655 2990 733 3050 vobis
750 3012 874 3051 mansue-
929 3009 987 3046 στιν
997 2987 1127 3047 ἀναλῦσαι
1140 2985 1186 3046 καί
1198 2986 1234 3046 τά
1250 2984 1391 3066 λεχθέντα,
1404 2985 1450 3045 καί
1463 2985 1498 3046 rt
1509 2986 1655 3068 γενόμενα,
1668 2989 1698 3050 θν

130 3081 186 3141 tius
196 3083 348 3160 loquemur.
360 3082 432 3154 Quia
442 3081 513 3141 enim
525 3082 648 3156 audistis,
656 3102 754 3163 magne
763 3103 826 3163 pars
836 3083 874 3143 rei
929 3075 1014 3157 θίλῃς.
1027 3075 1108 3137 Οὕτω
1117 3076 1233 3160 τήμερον
1246 3077 1350 3157 ἀνάγκη
1370 3076 1516 3159 πραότερον
1530 3082 1595 3159 ὑμῖν
1613 3082 1698 3151 διαλε-

131 3195 146 3232 ε
164 3172 242 3234 vobis
259 3174 374 3254 perfecte
398 3187 446 3234 est.
468 3176 524 3254 Age
541 3173 575 3233 de
595 3173 716 3251 reliquo,
738 3195 787 3233 cur
798 3175 874 3254 jura·
928 3173 1033 3250 χθῆναι
1057 3167 1169 3242 Ἐπειδὴ
1189 3168 1241 3250 γθρ
1256 3168 1406 3245 ήκοθσατε,
1426 3169 1471 3229 καὶ
1492 3171 1524 3233 τὸ
1537 3172 1621 3233 πλέον
1638 3178 1697 3254 ὑμῖν

131 3280 252 3325 mentum
265 3266 402 3326 invectum
411 3280 462 3344 est,
474 3279 500 3325 et
510 3286 559 3326 cur
571 3266 733 3344 admissum,
740 3264 872 3328 dicamus.
889 3321 913 3362 ῃ
929 3259 1110 3342 κατώρθωται.
1123 3259 1196 3340 Φέρε
1210 3259 1352 3335 δὴλοεπθν,
1365 3261 1434 3330 τίνος
1444 3260 1531 3323 ἕνεκεν
1543 3267 1696 3338 ἐπεισῆλθεν

130 3358 293 3419 Enarrantes
305 3358 441 3439 quomodo
453 3359 542 3441 primo
553 3373 644 3419 ortum
657 3359 702 3436 sit,
715 3373 742 3419 et
763 3360 873 3438 quondo
891 3379 911 3425 A
927 3351 1035 3432 θὸρννς,
1047 3351 1093 3412 κνί
1104 3350 1179 3411 δῑθτί
1190 3353 1360 3434 συνεχωρήθη
1372 3343 1448 3426 εἶναι,
1459 3353 1697 3434 είπωμεν.’λνινθεν

128 3467 184 3513 eta
201 3453 373 3532 quibusnam,
387 3452 566 3533 obsequentiae
586 3465 681 3513 vestrae
692 3452 765 3515 tices
778 3474 873 3535 repen-
927 3445 976 3519 τλν
986 3446 1087 3526 γένεσιν
1102 3446 1180 3505 αὐτοῦ
1195 3445 1375 3524 διηγούμενοι,
1389 3446 1435 3506 καί
1448 3445 1513 3506 πίει
1524 3447 1640 3530 ίτθχθη,
1654 3450 1699 3511 καλ

128 3543 227 3605 dimus.
239 3545 324 3604 Illum
330 3544 412 3619 enim,
423 3544 472 3623 qui
485 3558 553 3605 recte
562 3544 629 3625 egit,
645 3556 750 3604 neccsse
761 3559 802 3605 est
810 3546 873 3628 pbi-
927 3543 1000 3613 πῶς,
1019 3539 1065 3599 καλ
1075 3537 1150 3618 παρὰ
1163 3537 1252 3613 τίνων,
1266 3537 1434 3619 ἀμειψόμεθα
1448 3541 1563 3622 θμθςτῇ
1575 3543 1698 3622 διηγήσει

129 3635 266 3717 losophari
281 3660 287 3693 :
304 3633 488 3718 quinondum
500 3635 564 3695 telis
585 3650 633 3712 est,
645 3656 695 3695 nec
707 3634 807 3716 dignus
820 3639 872 3698 crit
926 3631 1011 3713 ’ὑπὲρ
1025 3637 1072 3704 τῆς
1083 3634 1209 3703 ὑπακοῆς.
1219 3631 1273 3691 Τθν
1285 3629 1397 3712 μὲνγὰρ
1407 3632 1605 3714 κατωρθυκθτα
1618 3639 1699 3716 ἀναγ-

127 3728 174 3807 qui
187 3727 291 3787 audiat.
310 3727 386 3787 Fecit
399 3726 466 3787 olim
485 3740 564 3808 pacta
585 3727 672 3787 multa
685 3727 832 3805 Abrabam,
846 3744 872 3789 ot
926 3733 1001 3784 καῖον
1020 3724 1066 3783 καὶ
1086 3725 1251 3803 φιλοσοφεῖν·
1275 3721 1320 3782 τθν
1342 3721 1370 3783 δὲ
1397 3722 1525 3810 μηθίπυι,
1546 3727 1607 3787 οὐδὲ
1623 3727 1698 3807 λόγον

127 3820 251 3880 victimas
275 3819 437 3896 immolavit,
459 3818 612 3898 hostiasque
635 3819 744 3896 obtulit,
756 3840 788 3879 ac
801 3841 870 3881 non·
927 3820 1038 3877 ἀκοῦσαι
1059 3815 1140 3884 ἀξιον.
1157 3812 1303 3887 Ἐποίησαν
1320 3815 1451 3889 συνθήκας
1471 3815 1575 3885 πολλὰς
1594 3823 1620 3880 οἱ
1639 3819 1699 3900 περὶ

126 3913 192 3972 dum
216 3925 274 3972 erat
290 3912 485 3992 juramentum.
500 3910 581 3970 Unde
603 3931 666 3990 ergo
685 3912 872 3991 juramentum
925 3908 970 3969 τὸν
985 3907 1118 3991 Ἀθραὰμ,
1137 3907 1183 3966 καὶ
1198 3905 1313 3987 ἔσφαξαν
1327 3906 1446 3986 θύματα,
1459 3907 1506 3968 καί
1524 3908 1616 3978 θυσίας
1630 3910 1698 3984 ἀνή-

126 4018 216 4063 ortum
229 4003 345 4062 habuit?
358 4000 474 4074 Quando
489 4015 568 4061 aucta
583 4015 645 4061 sunt
656 4001 739 4081 mala,
761 4003 870 4081 quando
924 4024 1029 4079 νεγκαν,
1043 4001 1089 4060 καὶ
1102 4000 1204 4062 οὐδέπω
1219 3992 1251 4073 ήν
1262 4000 1347 4081 ὅρκος.
1361 4002 1447 4062 Πόθεν
1460 3994 1504 4064 obt
1519 4007 1699 4077 ἐπεισῆλθενθ

126 4096 214 4155 omnic
230 4116 275 4154 sus
296 4092 384 4172 deque
396 4095 469 4153 sucta
484 4107 557 4169 sunt,
569 4091 677 4172 φυσειὰο
697 4092 734 4153 ad
756 4094 870 4158 idolole·
924 4091 1094 4175 tpxoe'ore
1112 4092 1147 4154 τά
1160 4092 1231 4153 κακθι
1244 4092 1365 4167 ηὐξήθη,
1385 4093 1430 4155 ὅτε
1445 4094 1533 4155 πάντα
1554 4100 1622 4174 ὁμοῦ
1644 4098 1698 4158 ἀνω

124 4187 205 4246 triam
219 4186 399 4246 declinarunt.
421 4187 503 4244 Tunc
524 4206 599 4265 ergo,
612 4199 688 4262 tunc,
706 4207 768 4246 cum
782 4188 869 4250 incre-
923 4187 970 4247 καὶ
977 4184 1051 4247 κάτω
1059 4185 1174 4264 γέγονεν,
1184 4184 1229 4246 θτε
1239 4185 1304 4269 πρὸς
1314 4186 1531 4270 είδωλολατριίαν
1542 4187 1697 4251 ἀπέκλιναν·

123 4279 184 4339 duli
203 4298 315 4359 prorsus
340 4289 437 4349 essent,
462 4278 551 4336 Deum
575 4274 747 4337 advocabant
766 4290 868 4358 testem,
888 4289 905 4335 tt
923 4281 983 4342 τότε
992 4278 1039 4354 δή,
1049 4279 1126 4349 τότε,
1138 4277 1182 4340 ὅτε
1192 4278 1300 4340 ἄπιστοι
1308 4280 1400 4340 λοιπθν
1410 4279 1561 4362 ίφαίνοντο,
1571 4283 1617 4343 τθν
1629 4284 1698 4345 Θεὸν

125 4372 201 4452 quasi
211 4371 327 4452 dignum
342 4368 478 4429 dictorum
495 4369 682 4450 fidejussorem
697 4367 800 4431 dentes.
810 4374 869 4434 Hoc
923 4372 1032 4432 ἐκάλουν
1048 4370 1185 4453 μάρτυρα,
1205 4369 1297 4451 ὥσπερ
1309 4370 1440 4450 ἐγγυητήν
1456 4371 1573 4453 διδόντες
1585 4378 1641 4436 τῶν
1655 4380 1697 4437 λε-

124 4465 196 4525 cnim
210 4476 249 4523 est
265 4463 459 4541 juramentum,
473 4459 622 4542 fidejussio,
647 4459 695 4520 ubi
712 4462 748 4521 cb
761 4484 868 4524 morum
920 4463 1038 4544 γομίνιυν
1053 4462 1207 4543 ἀξιόχρεον.
1225 4465 1315 4524 Τοῦτο
1329 4463 1382 4544 γθιρ
1401 4462 1476 4546 ὅρκος
1498 4465 1573 4542 tori,
1591 4467 1697 4550 πρόεσιν

124 4556 324 4638 corruptionem
337 4554 406 4613 fides
419 4575 472 4614 non
485 4553 609 4614 babetur.
628 4554 723 4634 Itaque
736 4553 787 4616 boc
810 4557 867 4639 pri·
922 4554 1122 4635 ἀπιστουμένων
1131 4553 1221 4635 ἐγγύῃ.
1228 4554 1315 4617 Ὥστε
1321 4556 1414 4637 πρώτη
1423 4558 1574 4641 κατηγορία
1579 4560 1698 4635 obs-orob

122 4671 199 4711 snum
210 4648 311 4707 crimen
321 4645 439 4727 jurantis
449 4659 499 4723 cst,
515 4645 538 4704 si
552 4665 606 4705 non
617 4644 742 4707 credatur
763 4648 821 4708 sine
832 4649 865 4709 fi·
921 4647 1070 4728 ὀμνύοντος,
1084 4651 1107 4707 εἰ
1122 4646 1159 4725 μὴ
1174 4647 1325 4708 πιστεύοιτο
1337 4647 1419 4730 χωρὶς
1433 4649 1592 4730 ἐγγύου,καλ
1605 4652 1697 4732 ἐγγόου

156 4840 168 4866 *
187 4839 235 4903 [Δ.
247 4838 275 4887 Β.
288 4837 318 4888 C.
331 4842 388 4902 λεχω
399 4840 426 4896 δὴ
438 4843 510 4902 τὸμὴ
522 4843 658 4905 ὀργίζεσθαι.
670 4845 716 4891 ἀπὸ
727 4842 752 4890 δε
763 4842 824 4905 τον]
934 4851 962 4889 ut
975 4841 1000 4890 in
1011 4838 1160 4890 Praeiatione
1172 4838 1323 4905 diximusfin
1335 4839 1402 4892 bisce
1413 4839 1533 4891 Homiliis
1543 4841 1630 4892 multo:
1640 4853 1698 4892 sunt

157 4922 170 4958 b
187 4916 265 4969 Sasil.
279 4923 367 4982 πνεῦμα
379 4923 447 4980 ἀρχῆς
460 4922 547 4984 topace
558 4922 613 4968 εστι.
625 4916 820 4990 [Λ.Β.Ο.ὥσκιρ
829 4928 882 4990 γὰρ,
932 4927 1108 4980 ἀποσιωπήσεις
1121 4917 1165 4968 ubi
1184 4937 1224 4971 res
1240 4919 1275 4971 ito
1292 4922 1464 4985 enuntiantur,
1476 4933 1504 4971 ut
1521 4922 1624 4972 nonnisi
1638 4938 1695 4972 cnm

122 5001 170 5062 (καὶ
183 5007 226 5067 γὰρ
237 4997 278 5063 Α.)
291 5006 378 5062 πνεῦμα
390 5000 519 5060 (πνεύματα
532 4994 572 5059 Β.)
586 5009 624 5054 τῆς
640 5003 708 5062 ἀρχῆς
720 5002 731 5047 θ
747 5005 811 5066 ὅρκος
820 5005 880 5054 ἐστι’.
932 5001 1018 5052 labore
1029 5012 1055 5049 et
1067 4998 1231 5049 meditatione
1242 4998 1360 5064 explicari
1371 5001 1475 5065 possint.

122 5078 207 5144 χάλα]
216 5077 274 5125 sstec
284 5094 360 5141 porro
375 5094 424 5126 non
435 5091 523 5140 purum
534 5075 650 5135 intricata
661 5088 732 5130 sunt:
741 5078 882 5143 juramento
959 5095 968 5118 ν
986 5078 1072 5131 Codex
1086 5096 1149 5128 unus
1165 5084 1278 5142 ἐξελκύσαι
1297 5084 1492 5144 σπενδάζοντες,ἡ
1507 5088 1541 5144 μὴ
1559 5084 1693 5139 δυνηθέντες.

123 5154 185 5206 dicit
198 5172 248 5204 csse
260 5153 312 5204 ulos
323 5167 349 5204 ct
360 5153 413 5204 sela
427 5155 483 5216 irae,
493 5151 583 5220 quibus
601 5150 706 5204 sublatis
718 5157 753 5205 iro
767 5154 878 5218 tollitur;
964 5177 973 5199 ν
992 5159 1063 5211 ldetn
1076 5165 1131 5229 ὑπὲρ
1145 5172 1183 5218 τῆς
1198 5170 1274 5218 ἀκοῆς.

117 5237 262 5299 juramento
279 5232 344 5282 enim
356 5231 413 5282 irati
426 5243 509 5295 crunt,
521 5243 546 5281 ct
557 5233 621 5281 iram
640 5229 774 5301 augebunt,
788 5234 880 5285 Verum
