3728 5978
248 376 325 452 566
589 402 619 451 s.
647 399 787 450 nonnius
812 384 994 448 onn'rsosr.
1023 400 1180 449 nncnrnr.
1208 401 1477 451 consrnnrrnon.

247 521 332 585 lutem
343 523 420 584 uobis
430 522 545 583 daturus
558 537 597 584 est
603 543 709 603 ,quam
722 522 760 599 is,
776 521 823 601 qui
835 541 884 581 uos
894 542 988 602 pecca
1043 525 1169 591 ε’κεῖνσςθ
1192 523 1260 584 ούτω
1285 525 1398 605 φιλήσας
1411 524 1585 641 ἇμαρτωλους
1598 526 1692 601 όντας,
1714 530 1751 595 ὡς
1771 529 1814 586 καὶ

248 633 319 681 tores
333 641 373 681 nc
385 633 501 694 amavit,
517 633 548 678 ot
564 632 591 678 et
610 618 728 699 scipsum
745 615 872 677 traderet.
887 615 988 678 Viden'
1043 614 1133 674 ίαυτδν
1156 616 1284 676 ἐκδοῦναι.
1304 607 1382 686 Εἶδες
1404 618 1489 690 τόσην
1504 617 1561 698 ἔχει
1578 616 1609 676 τθ
1628 617 1814 699 χωρίοντῶιο

246 725 374 792 quantam
389 712 463 771 locus
479 710 525 770 bic
542 710 728 792 probationem
742 710 835 769 afferat
855 707 892 767 ad
913 729 989 788 spem
1043 705 1209 781 κατασκευὴν
1231 707 1297 788 πρὸς
1319 708 1428 782 την
1392 734 1445 770 των
1460 711 1610 788 μελλόντων
1631 710 1743 784 ἐλπίδας
1759 711 1814 792 Πρὸ

245 805 400 864 futurorum
412 801 622 863 adstruendam?
631 802 750 861 Antehac
758 801 831 861 enim
844 800 900 860 duo
911 799 989 859 nobis
1023 796 1090 882 ,μίν
1104 797 1156 879 γὰρ
1170 799 1276 871 τούτου,
1288 799 1333 860 δύο
1345 800 1459 862 δύσκολα
1471 793 1504 874 ἦν
1518 802 1583 883 τρθς
1596 801 1732 883 σωτηρίαν
1742 805 1813 878 ἡμῖν,

245 908 322 956 mant
333 894 371 954 ad
383 894 498 953 salutem
512 892 651 954 difficilia:
665 892 739 973 quod
752 905 903 974 peccatores
914 912 988 951 essc-
1042 886 1073 946 τὸ
1091 889 1137 948 καλ
1157 889 1330 970 ἁμαρτωλούς
1344 883 1428 965 εἶναι,
1450 893 1496 953 καὶ
1514 892 1558 954 διὰ
1573 899 1619 954 τοῦ
1641 894 1757 953 θανόται
1770 897 1813 952 τοῦ

246 1005 320 1063 ιιιυε,
329 999 356 1045 et
364 983 439 1064 quod
453 1006 500 1067 per
513 998 627 1045 mortem
639 983 752 1043 Domini
763 982 880 1042 salutem
893 1003 986 1042 οοιιεο-
1042 978 1178 1040 Διαπόται
1192 982 1244 1041 δεῖν
1255 988 1388 1055 σωθῆναι·
1403 985 1468 1066 ὅπερ
1481 986 1527 1045 καὶ
1539 985 1667 1048 ἀπίθανον
1679 977 1712 1058 ἦν
1724 983 1812 1065 repleb

246 1076 295 1157 qui
308 1090 441 1158 oporteret
460 1077 558 1156 :quod
576 1075 681 1136 creditu
699 1074 815 1136 difficile
835 1088 892 1134 erat
913 1087 990 1133 antc-
1006 1090 1025 1138 Ε
1040 1071 1177 1152 γενίσθαι,
1191 1075 1236 1134 ml
1250 1077 1350 1149 πολλῆς
1362 1079 1484 1156 δεόμενον
1499 1083 1546 1151 τῆς
1558 1076 1666 1157 ἀγόπης
1679 1076 1724 1136 lec
1738 1077 1813 1156 γένη·

245 1170 418 1250 quamtiecet,
429 1169 567 1248 multaque
577 1168 767 1250 oposbabebat
776 1168 887 1227 caritate
900 1180 930 1225 ut
942 1166 988 1226 fie-
1042 1185 1104 1222 ται·
1118 1165 1173 1224 νυνί
1188 1165 1215 1225 δέ
1233 1168 1323 1242 ἐπειδὴ
1334 1175 1418 1228 ταῦτα
1431 1169 1523 1245 ἐξέόη,
1535 1169 1569 1229 τθι
1581 1169 1732 1249 λειπόμενα
1744 1171 1812 1228 τόκα

160 1314 166 1322 .
245 1275 298 1325 ret.
317 1265 397 1325 Nunc
418 1284 491 1337 vcro,
505 1275 648 1366 postquam
663 1262 723 1321 baec
740 1281 853 1320 evenere
860 1255 989 1338 ,reliqna
1041 1253 1164 1336 δεύτερα·
1178 1259 1289 1343 καὶγὰρ
1303 1261 1374 1342 φίλει
1389 1262 1544 1343 γεγόναμεν,
1558 1263 1605 1322 καλ
1619 1263 1735 1322 θανάτου
1757 1263 1812 1320 λοι-

247 1355 370 1417 lambona
378 1368 453 1416 sunt
468 1353 577 1414 Etenim
589 1374 671 1412 amtor
663 1351 744 1412 lacti
758 1373 870 1430 snmus,
887 1351 989 1411 necul-
1041 1345 1135 1406 πδνοθ
1149 1349 1197 1412 δεῖ.
1213 1350 1346 1413 Οτοίνυν
1332 1358 1412 1413 ντιῦν
1435 1357 1536 1466 ἐγθρῶν
1556 1353 1626 1413 οὕτω
1640 1353 1812 1435 φεισάμενος,

248 1461 289 1508 tra
303 1458 389 1507 morte
402 1459 531 1528 opusest.
546 1445 621 1518 Qui'
614 1444 699 1525 igitur
712 1464 830 1504 immicis
841 1457 878 1502 ita
894 1463 990 1546 μεμοι-
1042 1435 1111 1497 ωοτε
1122 1439 1159 1520 μὴ
1173 1442 1313 1522 φείσασθαι
1327 1467 1373 1504 του
1385 1446 1496 1519 παιδος
1511 1445 1594 1526 φίλων
1605 1445 1689 1505 όντων
1704 1447 1736 1505 ού
1752 1466 1812 1524 τρο

247 1541 299 1614 cit,
312 1539 427 1600 ntFilio
440 1556 490 1599 suo
507 1557 561 1598 non
580 1549 718 1619 parceret,
733 1557 805 1596 nunc
820 1535 916 1594 amicis
937 1555 990 1595 non
1043 1529 1183 1609 πίστισι,
1195 1536 1362 1598 δτελοιιιθνο
1381 1536 1440 1598 etot
1461 1545 1507 1597 τοῦ
1527 1538 1677 1598 τθνΙΙειῖδα
1695 1537 1813 1597 ἐκδοῦναι

246 1630 472 1714 patrocinabitur,
485 1651 549 1692 cum
564 1630 623 1737 jam
641 1627 718 1688 nnlln
741 1627 776 1687 sit
796 1626 938 1687 necesitas
958 1639 990 1687 nt
1042 1621 1136 1704 χρείας
1150 1621 1255 1710 Ηγθιρ
1268 1627 1354 1689 διὰτὸ
1367 1627 1405 1709 μὴ
1421 1628 1562 1710 βούλεσθαί
1574 1655 1631 1704 τις,
1643 1628 1722 1701 ἢδιδι
1737 1629 1812 1706 τὸμὴ

246 1725 334 1786 Filius
343 1721 549 1787 tradaturlvel
559 1745 631 1784 emm
640 1721 821 1802 quusalotem
831 1743 885 1782 non
893 1719 983 1801 affert
1043 1712 1185 1788 δύνασθαι,
1203 1719 1253 1780 κᾶν
1268 1721 1410 1800 βούληται,
1426 1722 1554 1790 τελλακις
1566 1725 1596 1783 οὗ
1611 1721 1706 1791 σύζει·
1699 1712 1812 1781 dweni-

216 1815 385 1896 ¹quodnon
404 1815 490 1893 velit,
482 1802 549 1877 ·νεῙ
567 1813 641 1893 quod
662 1834 746 1894 sepe,
771 1813 876 1873 etiarnsi
903 1812 987 1892 velit,
1043 1805 1085 1867 δίν
1099 1811 1170 1870 ἐστιν
1183 1814 1265 1873 εἰπειν
1276 1814 1320 1876 ln
1330 1839 1375 1874 του
1359 1819 1480 1889 Θεοῦ,
1496 1807 1557 1885 ἐξ
1537 1841 1573 1875 ων
1584 1839 1630 1875 τον
1647 1814 1812 1884 montano

245 1927 300 1969 non
317 1907 422 1990 pectit:
446 1919 573 1967 nmmum
593 1927 657 1967 veto
676 1905 760 1987 potnit
781 1905 817 1966 de
839 1907 896 1966 Deo
919 1904 987 1967 dici.
1039 1922 1097 1962 w.
1097 1899 1163 1963 'Ort
1177 1904 1353 1967 θέκαθδύνατ
1337 1931 1393 1982 ·,αι
1404 1932 1451 1968 και
1441 1907 1630 1986 αθτοθμειως
1642 1906 1777 1977 ατιεδειξεν
1788 1907 1812 1976 li

245 2002 317 2062 Nam
329 1998 405 2080 quod
422 1999 559 2078 noluerit,
587 1999 651 2059 inde
672 1998 770 2076 liquet,
791 2000 867 2077 quod
885 1999 988 2059 Filium
998 1985 1078 2078 ,ndu
1096 1996 1269 2077 ἁμαρτωλούς
1288 1999 1364 2070 ὄντας
1386 2000 1534 2061 ἐδικαίωσε.
1547 1991 1630 2061 Τί
1599 2024 1645 2061 ουν
1670 2000 1807 2061 λοιπόν
1784 2023 1812 2060 τε

245 2112 325 2153 mum
341 2087 501 2171 tradiderit3
524 2091 604 2170 quod'
621 2111 686 2152 vcro
689 2090 813 2176 possit,
835 2090 917 2151 etiam
939 2091 989 2151 de-
1007 2087 1163 2148 Axoto‘on*
1169 2091 1632 2173 ἐστέτυχεῖντῶνμελλόντωνὴμθςς
1641 2092 1741 2154 Οίιδίν.
1745 2082 1811 2153 Εἶτα

244 2185 426 2258 monstravit,
442 2181 551 2263 quando
567 2194 719 2264 peccatores
727 2180 897 2262 justificavit.
911 2182 989 2259 Quid
1040 2182 1131 2259 πόλιν,
1144 2181 1188 2243 ίνα
1201 2183 1238 2264 μὴ
1260 2186 1433 2270 θμερτωλσύς
1446 2188 1493 2248 καὶ
1507 2185 1617 2269 ἐχθρούς
1638 2187 1687 2246 καλ
1701 2190 1811 2253 ἀσθενεῖς

245 2276 331 2359 igitur
344 2276 486 2360 probibet,
505 2274 649 2355 quominus
663 2295 712 2334 nos
726 2270 818 2334 futura
839 2295 987 2381 consequa-
1040 2273 1155 2345 ἀκούσας
1175 2278 1221 2336 καλ
1244 2277 1364 2350 ἀσεύεῑς,
1387 2279 1485 2360 μελλης
1501 2278 1674 2360 αἰσχύνεσθαι
1687 2276 1736 2337 καλ
1757 2279 1810 2359 ἐρα

243 2369 330 2430 ntur?
343 2369 429 2430 Nihil
439 2368 547 2429 Deinde
555 2389 665 2443 rursus
675 2387 709 2426 ue
720 2379 883 2448 μοοοαιυεεε
894 2368 988 2428 inimi·
1040 2369 1156 2450 θριᾶν,
1138 2392 1250 2431 ακσυσον
1264 2370 1292 2431 τί
1302 2395 1398 2453 φασιν
1413 2373 1502 2433 Οθ’
1467 2397 1545 2452 μονον
1556 2372 1600 2442 δθ
1612 2370 1741 2432 ἀλλὰκαὶ
1753 2394 1810 2430 κεν

245 2481 291 2522 coc
310 2461 479 2536 infirmos,
471 2460 571 2542 impios
587 2459 717 2533 audiens,
740 2458 845 2540 pudore
861 2460 989 2522 efficieris
1040 2458 1245 2543 χώμενοιέντῷ
1258 2466 1321 2545 Θεω
1332 2462 1376 2524 nt
1388 2489 1434 2526 του
1418 2465 1542 2545 Κυρίου
1552 2469 1631 2542 ἡμων
1644 2463 1737 2534 ἐτισου
1749 2464 1811 2543 Χφι

245 2550 502 2629 eterubetcas,audr
510 2549 673 2630 anddrcat
683 2553 730 2609 tt.
746 2551 988 2613 Noneoluman-
1041 2558 1121 2623 ατοῦ,
1135 2554 1169 2611 δι’
1184 2544 1273 2614 οὗνῦν
1287 2555 1336 2628 τλν
1347 2557 1517 2637 καταλλαγὴν
1529 2556 1670 2636 ἐλαύομεν
1683 2554 1722 2615 Τί
1732 2557 1809 2627 ἐστιν

246 2656 324 2729 ἐσσι,
336 2644 389 2704 sed
397 2657 426 2703 ct
434 2645 632 2725 gloriamur
620 2665 654 2702 ιιι
671 2644 736 2702 Dco
749 2662 804 2723 per
826 2645 989 2705 Dominum
1041 2645 1082 2705 Οὔ
1095 2643 1234 2724 μόνονδε,
1226 2649 1296 2707 ·Ού
1317 2647 1394 2725 μόνον
1414 2647 1561 2725 ἐσώθημεν,
1577 2647 1668 2728 φησὶν,
1684 2645 1810 2709 emeat

246 2714 379 2796 noevum
401 2737 503 2797 Jesnm
529 2736 698 2809 Obrimum,
723 2756 884 2816 perquem
910 2759 989 2799 nunc
1040 2734 1202 2817 καυχώμεθα
1221 2691 1254 2797 δι
1279 2740 1344 2800 αὐτο
1363 2746 1456 2815 τοῦτο,
1471 2740 1542 2799 δι’θ
1564 2739 1665 2819 νομίζει
1686 2761 1728 2806 τις
1742 2742 1810 2814 ἡμᾶς

244 2829 514 2890 reconciliationem
537 2831 707 2908 accepimns.
739 2826 815 2900 Quid
834 2841 874 2887 est
893 2828 986 2904 illud,
1040 2827 1314 2908 ἐγκαλύτετεσθαι.Τθ
1331 2830 1383 2911 γὰρ
1403 2834 1430 2891 ἐν
1449 2831 1565 2913 τοσαύτη
1584 2829 1703 2914 πενηρίφ
1716 2834 1810 2900 ζῶντας

245 2921 422 2982 Nonsolum
441 2921 636 2980 autemlNon
652 2919 741 2978 solum
761 2919 876 2979 salutem
897 2941 989 2981 conse·
1038 2925 1111 3000 ἡμᾶς
1123 2925 1259 2993 σωθῆναι,
1279 2928 1326 2982 τοῦ
1346 2923 1447 3006 σφόδρα
1470 2924 1641 3004 ἀγαπηθῆναι
1664 2921 1740 3004 παρὰ
1753 2925 1812 2981 ’τοῦ

244 3012 324 3094 qunti
336 3034 444 3089 sumus,
460 3012 562 3092 inquit,
574 3011 626 3072 aed
639 3011 721 3071 etiem
736 3012 770 3072 de
783 3010 836 3072 boc
850 3011 909 3094 ipso
929 3014 989 3094 glo·
1040 3011 1168 3082 σώζοντος
1177 3013 1300 3094 μίγιστον
1312 3015 1420 3094 σημεῖόν
1434 3018 1515 3075 ἐστιν.
1526 3016 1568 3074 Οὔ
1578 3012 1631 3094 γθρ
1645 3015 1681 3073 δι’
1693 3012 1810 3094 ἀγγίλων

245 3103 362 3183 naum,
373 3102 408 3165 de
418 3103 814 3185 quoqnirpiamputavccitnor
821 3106 986 3167 crubescere.
1005 3113 1024 3160 tt
1039 3103 1057 3178 ἢ
1070 3105 1253 3188 θρχαγγίλων,
1268 3107 1337 3167 citt
1350 3108 1384 3166 δι’
1404 3109 1484 3166 αὐτοῦ
1498 3111 1545 3166 τοῦ
1567 3108 1734 3186 Μονογανοῦς
1746 3104 1810 3165 lou·

246 3195 328 3270 Quod
340 3209 430 3257 autem
439 3195 467 3255 in
477 3209 548 3254 tanta
561 3194 679 3275 nequitia
691 3195 812 3257 viventes
823 3196 892 3257 salvi
905 3199 989 3259 lueri·
1040 3222 1094 3259 σιν.
1107 3195 1192 3258 Ὥστε
1203 3199 1250 3259 καλ
1262 3199 1292 3259 τὸ
1308 3204 1409 3270 σῶσαι,
1421 3199 1467 3259 καλ
1480 3199 1511 3259 τὸ
1524 3197 1657 3265 τοιούτους
1671 3198 1750 3266 ὄντας
1761 3203 1811 3257 en-

246 3288 326 3368 niuc,
341 3289 449 3370 signum
461 3303 501 3348 est
516 3309 565 3348 nos
585 3287 703 3347 multum
723 3286 802 3368 diligi
820 3289 856 3348 ab
873 3311 919 3363 eo,
941 3291 989 3370 qui
1041 3314 1102 3364 σαι,
1116 3292 1162 3351 καὶ
1177 3290 1207 3351 τὸ
1220 3289 1264 3350 ut
1284 3300 1330 3352 τοῦ
1344 3296 1506 3372 Μονογενοῦς
1526 3295 1604 3352 τοῦτο
1623 3295 1754 3363 ποιῆσαι,
1768 3291 1811 3350 καλ

243 3381 333 3443 salvos
344 3379 472 3441 nosfecit.
481 3379 621 3440 Nonenim
640 3400 689 3461 per
698 3378 807 3458 angelos
817 3393 864 3438 aut
874 3381 988 3443 mehan-
1040 3382 1100 3444 οθδέ
1112 3383 1203 3451 ἁπλῶς
1218 3383 1316 3469 δεδιΙτοῦ
1334 3386 1510 3469 Μονογενοῦς,
1524 3383 1593 3443 ἀλλὰ
1607 3382 1652 3442 διδ
1664 3389 1712 3441 τοῦ
1728 3381 1811 3462 elpe-

245 3475 337 3555 gclos,
350 3472 397 3534 sed
411 3494 459 3555 per
472 3472 651 3553 Unigenitum
664 3472 779 3531 salutem
794 3471 872 3531 nobis
889 3488 988 3534 contu·
1041 3477 1190 3549 τοςαῦτοῦ,
1207 3475 1315 3555 μυρίους
1337 3481 1402 3554 ἡμῖν
1431 3475 1586 3555 καυχήσεως
1600 3473 1695 3534 πλίκει
1715 3474 1813 3556 στεφό-

244 3565 286 3626 lit.
299 3565 394 3642 ltaque
402 3577 429 3623 el
442 3563 515 3641 quod
531 3563 646 3622 salutem
659 3560 781 3636 dederit,
795 3576 822 3622 et
834 3563 908 3641 quod
921 3565 987 3626 tali-
1040 3592 1108 3636 νους.
1134 3569 1219 3629 Οὐδὲν
1235 3567 1286 3649 γέιρ
1302 3567 1356 3629 ἴσον
1379 3572 1415 3637 είς
1429 3568 1504 3641 δόξης
1516 3567 1592 3648 λόγον
1604 3566 1651 3627 καὶ
1665 3567 1814 3649 παρρησίας

245 3660 297 3722 bue
315 3658 438 3735 dederit,
461 3657 591 3738 quodque
614 3680 664 3740 per
683 3657 880 3738 Unigenitum,
903 3681 990 3740 neque
1041 3665 1086 3719 τοῦ
1101 3661 1233 3740 φιλεῖσθαι
1246 3660 1373 3740 τιαρδτοῦ
1385 3663 1455 3721 Θεοῦ
1468 3660 1514 3719 καὶ
1527 3666 1573 3718 τοῦ
1583 3661 1667 3738 φιλεῖν
1683 3659 1761 3719 αὐτὸν
1772 3648 1813 3718 τόν

244 3751 328 3813 modo
340 3773 388 3834 per
400 3747 656 3830 Unigenitum,sed
668 3749 988 3832 persanguiucmipsius,
1042 3753 1195 3832 ἀγαπῶντα.
1221 3755 1309 3813 Τοῦτο
1331 3750 1392 3820 τοὺς
1415 3751 1539 3833 ἀγγέλους
1559 3759 1629 3810 ποιεῖ
1656 3748 1812 3831 λαμπραδς,

244 3843 363 3904 idmille
377 3843 455 3903 nobis
474 3843 566 3924 glorie
580 3863 692 3902 coronas
710 3841 804 3902 nectit.
824 3842 903 3904 Nibil
916 3845 989 3905 enim
1040 3850 1119 3906 ταῦτα
1137 3845 1216 3913 circei
1219 3845 1283 3928 ρχθς
1303 3844 1409 3912 καὶτὰς
1424 3845 1561 3923 δυνάμεις,
1580 3849 1659 3904 τοῦτο
1681 3843 1814 3923 βασιλείας

243 3935 280 3996 ad
298 3935 453 4016 gloriamet
466 3934 596 3996 fiduciam
617 3932 811 3994 excitandam
803 3948 840 3993 tta
860 3937 985 4011 confert,
1042 3941 1145 4016 μεῖζον·
1138 3938 1200 3998 dud
1209 3961 1287 3997 τουτο
1296 3961 1342 3997 και
1332 3938 1459 4005 ΠαυΛος
1471 3961 1522 4019 προ
1531 3960 1579 4008 της
1590 3934 1730 4015 βασιλείας
1740 3961 1814 3997 τουτο

244 4050 327 4108 quem
339 4027 648 4109 quodamcmuraDeo,
657 4025 895 4105 etquodillum
867 4030 989 4091 vicissim
1042 4030 1142 4092 ετίθει·
1169 4030 1213 4090 διὰ
1238 4035 1316 4091 τοῦτο
1343 4031 1388 4090 καὶ
1413 4030 1461 4098 τὰς
1484 4031 1642 4146 ἀσωμρίτους
1676 4031 1813 4113 μακαρίζω

242 4142 374 4181 amemus.
388 4121 446 4181 Hoc
455 4120 563 4201 angelos
572 4118 727 4202 splendidos
737 4118 827 4179 reddit
836 4121 987 4203 ‚bocprin-
1005 4123 1057 4184 cd
1057 4122 1179 4201 υνείμεις,
1190 4121 1230 4181 ότι
1241 4121 1287 4182 καλ
1297 4124 1415 4202 φιλουσιν
1430 4122 1517 4196 αὐτόν,
1528 4125 1573 4183 καὶ
1588 4123 1679 4183 πάντα
1699 4123 1814 4185 ὑπακού-

243 4214 388 4297 cipatusct
404 4227 566 4295 potestates,
586 4213 639 4273 boc
652 4233 734 4292 regno
753 4214 840 4294 majus
853 4228 903 4274 est.
923 4214 988 4276 Ideo
1040 4241 1121 4278 ουσιν.
1123 4214 1810 4298 Ἐντεῦθενγοῦναυτούςκαὶθτροφήτηςἐθαύμαζε,

244 4307 347 4366 Paulus
355 4305 408 4366 hoc
418 4306 577 4387 preferebat
591 4325 691 4385 regno·
685 4349 691 4362 .
685 4303 765 4364 ·ideo
775 4304 856 4365 etiam
867 4305 989 4389 incorpo
1040 4311 1125 4390 λόγων
1134 4332 1140 4346 ·
1150 4308 1262 4369 Δυνατολ
1276 4306 1349 4387 ῖεγύι
1364 4315 1498 4376 ποιοῦντες
1510 4306 1691 4389 τὸνλόγον
1661 4318 1745 4371 αυτοῦ
1756 4336 1763 4349 ·
1774 4314 1811 4370 ἐν·

244 4419 303 4459 reas
315 4412 459 4482 potestates
471 4399 562 4457 beatae
572 4397 649 4470 dico,
661 4397 737 4476 quod
747 4412 837 4458 ament
847 4421 910 4459 enm
922 4402 987 4463 etin
1039 4407 1130 4462 τεῦθεν
1143 4401 1188 4462 καὶ
1209 4401 1243 4460 τὰ
1262 4403 1386 4483 Σεραφίμ
1400 4407 1413 4462 δ
1429 4399 1542 4469 Ἡσαΐας
1564 4402 1746 4484 ἄνεκήρυττε,
1767 4403 1812 4474 τὴν

243 4491 370 4555 omnibus
383 4492 407 4552 ci
427 4491 563 4553 obediant.
585 4491 656 4550 Hinc
680 4491 765 4572 igitur
778 4491 839 4552 illac
854 4495 986 4576 propbeta
1042 4494 1160 4574 μεγάλην
1170 4496 1256 4553 αὐτῶν
1267 4493 1461 4572 ἐνδεικνύμενος
1480 4492 1576 4574 ἀρετὴν
1602 4496 1690 4553 ἐκτοῦ
1707 4495 1812 4555 ἐστόναι

92 4599 161 4648 Ρεεὶ.
183 4611 234 4646 ror.
243 4586 410 4660 mirabatur,
423 4584 536 4644 dicens:
553 4587 693 4644 Potentes
703 4588 834 4665 virtute,
843 4589 988 4667 facientes
1042 4585 1156 4658 πλησίον
1176 4589 1224 4659 τῆς
1249 4585 1324 4660 δοἜης
1348 4587 1465 4663 ἐκείνης,
1479 4587 1545 4668 ότερ
1565 4585 1694 4668 μεγίστης
1711 4590 1813 4668 ἄγόκης

28 4672 42 4735 γ’
92 4674 133 4712 2⁰.

243 4679 475 4742 υσεύαιιιίἐέἰιιει
490 4676 760 4758 bincetSerapbinos
771 4678 855 4739 lsaias
863 4679 986 4742 celebra-
1043 4689 1152 4759 σημεῖον
1167 4671 1228 4752 δῆν.

242 4775 307 4848 bat,
321 4795 354 4833 ac
374 4791 502 4851 magnam
516 4769 637 4850 ipsorum
659 4769 810 4848 virtutem,
835 4773 909 4851 qnod
927 4788 989 4836 cta-

242 4881 301 4928 rent
311 4887 395 4949 prope
408 4863 524 4945 gloriam
534 4863 630 4941 illam3
643 4860 672 4920 id
681 4862 755 4943 quod
765 4861 918 4927 dilectionis
930 4889 987 4927 ma·

243 4955 324 5016 xime
337 4955 446 5036 signum
460 4965 526 5013 erat.

275 5143 286 5167 ε
304 5127 367 5192 [Sic
379 5124 475 5193 optime
488 5127 515 5176 Α.
529 5122 595 5176 Edd.
610 5130 659 5179 εύδθ
671 5135 710 5181 τθν
721 5131 800 5182 τούτου
814 5130 905 5196 παῖδα]
948 5124 952 5132 ’
1086 5130 1295 5183 ὓιι.ολέεστεν
1368 5149 1427 5188 ς
1368 5127 1548 5194 [lumb
1559 5125 1602 5197 qui
1617 5132 1739 5183 monent«
1751 5127 1812 5198 φορ]

276 5205 628 5273 *tttnmnnetnetnt1
1090 5209 1163 5275 b[A
1178 5221 1287 5274 etmarg
1306 5138 1386 5259 siin.
1400 5214 1438 5259 ἐστ
1440 5205 1468 5270 t]
