3728 5978
675 497 719 544 ns
745 496 981 547 emntrnnam.
1530 477 1603 553 865

112 619 730 701 νωσενθδιύύολοςτῆςσῆςβοηθείας.Εύσπλα
767 643 806 697 νε,
823 629 843 676 Ε
859 640 918 680 cam
938 617 1038 678 latitia
1053 632 1081 678 et
1105 619 1223 680 salutare
1248 620 1437 683 vestimentum
1452 646 1459 680 ε
1475 623 1603 687 miserere

112 723 140 762 ον
154 702 212 770 τούς
226 726 256 762 σε
264 701 477 774 καταλιπόντας,
490 701 536 760 καλ
549 699 640 781 ίκείνιρ
651 701 805 761 δωλευσαν·
857 698 952 774 nostri,
972 719 1041 777 qnos
1051 697 1178 762 diabolus
1192 699 1297 761 auxilio
1308 715 1356 761 tuo
1379 701 1504 764 nudavit
1516 705 1601 766 Mise-
1678 715 1681 718 '

112 781 214 855 ίλίησον
228 781 289 848 robe
308 779 542 859 πεπλανημένως,
558 779 666 853 ἐλέησον
684 779 744 847 τὼς
756 778 805 848 τὰς
855 779 950 852 rioms,
966 777 1091 839 miserere
1108 800 1212 853 eornm,
1222 780 1269 859 qui
1289 794 1316 842 te
1328 781 1505 874 reliquerunt,
1520 797 1546 843 et
1556 779 1600 846 illi

112 860 274 942 αραγγελίας
286 860 324 938 μὴ
340 860 523 941 φυλάξαντας,
539 859 585 919 καὶ
600 867 659 927 ταῖς
673 857 806 939 δαιμόνων
855 858 1008 950 servierunt
1019 882 1026 916 a
1037 858 1163 918 miserere
1184 860 1342 936 errantium,
1362 883 1488 922 mtserere
1505 884 1600 926 eorum

112 938 805 1098 titnttlattflltftalittttttl}
855 941 1433 1096 ‘tltltftlr‘l‘lttffifflltl
1446 941 1601 1103 &llll

112 1105 156 1159 τοῦ
179 1097 320 1169 διαθολου,
341 1097 449 1169 ἐλέησον
473 1095 533 1164 τοθς
557 1096 755 1179 ῥερυπωμίνους
776 1099 805 1156 fs
857 1097 974 1178 peccatis
994 1097 1167 1157 contaminati
1193 1111 1277 1157 sunt:
1295 1099 1421 1160 miserere
1437 1122 1531 1160 eorum
1551 1103 1600 1182 qui

112 1176 154 1259 lap·
175 1178 282 1251 ἐλίησον
304 1179 433 1255 ίλεῆμον,
449 1177 557 1248 ίλίησον
574 1177 670 1258 ἀγαθὲ,
694 1176 803 1251 ἀλίησαν
857 1176 910 1235 sub
931 1174 1034 1235 diaboli
1052 1176 1196 1258 tyrannide
1214 1179 1343 1238 fuerunt:
1359 1180 1485 1240 miserere
1507 1201 1601 1242 eorum

112 1257 207 1336 ύθυμε,
231 1258 272 1319 ὅτε
293 1266 347 1316 πᾶν
372 1255 452 1315 κακὸν
467 1257 513 1316 καί
535 1266 623 1316 πᾶσαν
641 1256 804 1335 ἀκαθαρσίαν
858 1256 905 1334 qui
916 1256 1027 1315 luxuria
1047 1256 1180 1316 sordidati
1195 1272 1258 1318 sunt
1272 1281 1279 1314 ι
1293 1259 1418 1318 miserere
1436 1260 1599 1335 misericors,

112 1337 243 1406 brunellus
257 1339 303 1396 καί
317 1335 422 1396 ἀδικίαν
437 1338 464 1394 ai
477 1344 563 1418 χεῖρες
576 1340 653 1414 ἡμῶν
668 1336 805 1408 ἐποίησαν.
858 1334 983 1393 miserere
991 1335 1116 1416 benigne,
1127 1337 1254 1396 miserere
1263 1337 1434 1419 longanimis,
1444 1340 1507 1419 qnia
1521 1361 1602 1402 omne

112 1416 203 1495 ίναμεν
213 1417 263 1497 γθρ
271 1416 320 1490 τὴν
330 1415 430 1496 pugilo,
441 1415 474 1487 ἣν
484 1418 543 1475 κατ’
557 1415 644 1474 εἰκόνα
658 1438 704 1475 σου
717 1415 807 1487 ἐπείη·
858 1415 971 1490 malum,
982 1436 1089 1474 omnem
1100 1416 1314 1495 immunditiam,
1325 1418 1478 1495 avaritiam,
1498 1419 1601 1500 iniqui·

116 1497 261 1576 ίμιοίναμεν
281 1497 313 1556 τὸ
334 1499 431 1574 σῶμα,
454 1494 601 1574 ἐμισίναμεν
626 1493 805 1568 αίσθησιν.Ἥ
856 1507 940 1556 tatem
949 1504 1154 1555 manusnostra
1164 1510 1349 1556 exercuertmt.
1362 1498 1513 1558 Polluimus
1528 1501 1601 1560 enim

112 1599 144 1636 σα
156 1581 232 1654 ἡμῶν
249 1575 371 1656 μάχαιρα
384 1575 455 1644 ὀξεῖα
476 1575 579 1653 ἐγένετο
591 1572 661 1633 κατὰ
674 1580 721 1634 τοῦ
734 1577 806 1649 πλη-
859 1573 1069 1652 animam,qnam
1078 1574 1114 1634 ad
1122 1574 1268 1655 imaginem
1274 1589 1349 1636 tuam
1355 1577 1601 1659 fecisti,pollnimus

112 1656 269 1736 οίόρθαλμοὶ
281 1660 356 1732 ἡμῶν
368 1661 420 1735 πῦρ
433 1654 581 1734 βλέπωσιν,
594 1657 620 1712 σί
632 1661 719 1734 χεῖρες
728 1659 806 1733 ἡμῶν
814 1679 850 1718 πε
859 1672 955 1732 corpus
963 1666 988 1711 et
996 1675 1112 1713 sensum.
1122 1656 1226 1734 Lingua
1233 1670 1323 1716 nostra
1329 1657 1435 1735 gladius
1443 1672 1539 1718 acutus
1548 1657 1601 1719 fuit

112 1758 148 1802 τος
157 1736 280 1813 πλήρεις,
292 1739 316 1793 οἱ
330 1732 407 1800 πόδες
423 1739 500 1808 ἡμῶν
514 1731 609 1801 ’ἀξίως
628 1736 665 1800 εἰς
680 1732 711 1792 εδ
723 1733 805 1794 κακδν
823 1733 842 1780 Α
858 1745 949 1790 contra
962 1732 1138 1813 proximum:
1153 1734 1226 1793 oculi
1239 1736 1323 1794 nostri
1340 1736 1429 1816 ignem
1442 1738 1600 1818 respiciunt,

112 1814 204 1886 πιῆσαί
215 1814 330 1874 revelli
342 1812 429 1891 στόμα
438 1817 514 1890 ἡμῶν
527 1812 671 1890 μεμίανται
685 1821 743 1880 ταῖς
753 1815 807 1873 λοι·
858 1831 954 1870 manus
964 1825 1062 1871 nostrae
1075 1812 1205 1891 sanguine
1223 1814 1310 1895 plenae
1326 1828 1390 1875 sunt
1404 1840 1411 1873 ε
1423 1815 1506 1897 pedes
1516 1817 1601 1877 nostri

112 1916 146 1961 ες·
157 1894 203 1952 καὶ
216 1894 307 1961 ἁπλῶς
321 1897 412 1964 εἰπεῖν,
423 1892 569 1969 ἐμιάναμεν
581 1891 630 1965 τὴν
643 1897 693 1972 γῆν
704 1891 750 1952 καλ
760 1891 806 1952 τὸν
858 1889 964 1951 veloces
976 1889 1011 1950 ad
1024 1891 1129 1950 malum
1149 1891 1317 1953 inferendum
1334 1917 1341 1950 ι
1352 1916 1382 1954 οε
1398 1908 1521 1954 nostmm
1537 1917 1601 1955 oon·

112 1993 114 2004 ·
130 1974 158 2032 αἱ
168 1973 220 2052 γὰρ
231 1972 332 2041 ἀδικίαι
346 1975 422 2049 ἡμῶν
436 1970 487 2041 ἕως
500 1978 546 2032 τοῦ
559 1974 670 2050 ούρανοῦ
682 1971 806 2050 ἤγγισαν,
857 1969 937 2030 viciis
947 1969 1078 2030 sudatum
1088 1984 1142 2050 est,
1155 1985 1191 2049 et,
1205 1985 1235 2032 ut
1245 1973 1401 2032 summatim
1413 1973 1514 2050 dicam,
1533 1995 1599 2035 con·

112 2053 199 2130 παγαί
212 2057 288 2130 ἡμῶν
300 2051 366 2132 ὑπὲρ
378 2053 412 2113 τὰ
425 2051 474 2132 tp]
490 2050 643 2131 θψιύθησαν,
654 2054 682 2109 αἱ
695 2052 808 2110 πλεονε-
859 2049 1054 2111 taminavimus
1076 2063 1175 2110 terram
1199 2065 1226 2112 et
1237 2073 1337 2112 aerem.
1359 2054 1519 2132 Iniquitates
1527 2054 1600 2115 enim

112 2130 168 2211 νπὲρ
178 2130 226 2199 τὰς
238 2130 347 2212 νεφέλας
357 2132 520 2212 ἐπήρθησαν,
531 2133 559 2190 al
570 2130 662 2190 κακίαι
671 2134 748 2208 ἡμῶν
758 2128 808 2198 ίως
858 2142 955 2188 nostre
970 2130 1005 2188 ad
1022 2128 1118 2188 calum
1142 2151 1228 2209 usque
1245 2147 1423 2208 accesserunt,
1437 2133 1539 2215 rapinae
1552 2155 1600 2194 no-

112 2214 207 2289 θρανοθ
228 2211 354 2292 ἔφθασαν,
367 2216 395 2272 αἱ
408 2210 539 2292 ἁμαρτίαι
552 2214 628 2286 ἡμῶν
644 2209 807 2293 ἀσυγχώρη-
858 2221 921 2267 strae
935 2209 1086 2289 plusquam
1099 2223 1202 2269 montes
1215 2211 1339 2271 exaltatae
1350 2213 1541 2286 sunnavaritia
1552 2234 1600 2274 no-

112 2289 139 2349 rb
152 2291 296 2372 σφάλματα
306 2295 383 2369 ἡμῶν
392 2288 563 2372 παραμυθίαν
572 2291 620 2349 οὐκ
631 2290 702 2370 ἔχει,
713 2295 731 2362 ἡ
743 2291 808 2351 ἀπο-
858 2300 914 2347 stra
935 2287 1020 2347 nubes
1030 2302 1219 2379 praejtetgressa
1240 2305 1290 2369 ost,
1313 2291 1439 2370 nequitiae
1453 2306 1552 2352 nostrae
1564 2292 1600 2353 ad

112 2374 206 2448 ιὴμῶν
227 2371 443 2451 ἀπαρηγόρητος,
459 2369 504 2429 καί
521 2367 576 2430 tout
596 2373 613 2440 ἡ
634 2374 669 2449 γῆ
688 2367 722 2428 alt
735 2368 807 2430 sual
857 2367 953 2430 oaelttm
967 2381 1152 2449 pertigerunt,
1167 2383 1275 2451 peccata
1296 2384 1386 2431 nostra
1404 2371 1599 2432 irremissibilia

127 2450 303 2528 βαστάζεινοθ
316 2449 438 2509 δύναται·
451 2450 496 2508 καί
507 2447 551 2508 διά
562 2455 655 2524 τοῦτο,
668 2447 807 2522 Δέσποτα,
856 2460 929 2521 sunt,
940 2446 1034 2528 lapsus
1048 2448 1132 2507 nostri
1156 2449 1363 2510 oonsolationetn
1374 2451 1479 2510 nullam
1490 2451 1600 2529 habent,

112 2534 150 2588 τοῦ
177 2530 264 2596 ἐλέους
285 2528 427 2609 χρῄζομεν.
441 2527 585 2597 Γινώσκεις
599 2527 647 2602 τὴν
669 2527 806 2589 ἀσθένειαν
857 2540 976 2586 erratum
995 2540 1117 2587 nostrum
1134 2526 1327 2589 inconsolabile
1348 2543 1398 2609 est,
1418 2543 1600 2597 eteoceterra

112 2608 200 2677 ,ύσεως
212 2612 306 2687 ἡμῶν·
321 2608 440 2682 ἐλέησον,
460 2606 559 2688 ίίύριε,
572 2613 625 2667 τῶν
648 2609 746 2687 χειρῶν
760 2632 807 2670 σου
857 2607 930 2666 mala
942 2620 1033 2666 nostra
1048 2607 1118 2667 ferre
1128 2628 1182 2667 non
1194 2621 1289 2689 potest.
1308 2609 1383 2685 Ideo,
1396 2609 1524 2686 Domine,
1547 2611 1601 2671 mi·

114 2685 806 2768 ίημα.Τὴνσὴνγθιρεθσπλαγγνίανίπικαλούμεθα·
856 2685 1003 2747 sericordia
1033 2699 1080 2745 tna
1106 2706 1226 2768 egemus.
1260 2693 1280 2746 l
1320 2689 1390 2749 oscis
1414 2689 1601 2752 infirmitatem

112 2774 153 2843 τῆς
167 2768 288 2848 βοηθείας
309 2768 347 2846 μὴ
363 2767 510 2848 ὑστερήσῃς
529 2771 614 2845 ἡμᾶς·
629 2766 660 2825 τὸ
675 2764 720 2826 obs
735 2767 807 2837 ίλεος
856 2779 960 2825 natum
982 2778 1081 2825 nostrae
1097 2774 1106 2822 ε’
1115 2765 1251 2841 miserere,
1280 2709 1405 2841 {lamine
1428 2769 1517 2850 operis
1541 2790 1600 2830 ma·

112 2848 217 2909 ’στειλον
232 2853 297 2926 ἡμῖν
316 2857 371 2913 τοῖς
392 2846 519 2915 ἀναξίοις·
534 2845 583 2918 τὴν
599 2844 649 2918 σὴν
665 2845 805 2928 ἀντιληψιν
856 2864 942 2904 nuum
957 2858 1065 2903 tuarum
1081 2859 1175 2905 :tuam
1195 2847 1267 2905 enim
1279 2848 1477 2908 miserationem
1500 2848 1601 2932 implo-

112 2951 153 2987 ται
177 2932 242 3004 ἡμῖν
269 2935 323 2994 τοῖς
346 2927 528 3005 ἁμαρτωλοῖς,
552 2925 598 2984 καὶ
628 2925 754 3005 ἐπίφανον
775 2927 807 2988 τδ
856 2945 958 2999 ramus,
969 2944 1002 2982 ne
1015 2937 1060 2983 tua
1069 2944 1117 2983 nos
1130 2925 1223 3017 prives
1240 2947 1309 3007 ope:
1322 2927 1533 3008 nobisindignis
1546 2929 1601 2989 mi·

112 3007 175 3066 υπόν
201 3029 264 3078 σου,
286 3007 333 3066 καί
357 3005 541 3084 σωθησόμεθα.
563 3006 673 3077 Ταῦτα,
696 3006 760 3064 ἀδελ
779 3005 806 3066 ol
822 3016 840 3064 B
855 3001 1028 3064 serioordiam
1037 3016 1112 3062 tuam
1123 3018 1209 3080 mitte,
1223 3006 1375 3087 patrocinio
1388 3021 1436 3067 tuo
1448 3028 1601 3089 nospecca·

115 3085 237 3164 λέγοντες
245 3086 289 3144 καί
303 3090 453 3155 ποιοῦντες,
468 3083 593 3165 φύγωμεν
605 3093 694 3144 πᾶσαν
707 3028 804 3145 κακίαν
856 3096 926 3143 tores
939 3084 1010 3155 fove,
1024 3082 1134 3142 ostende
1158 3085 1253 3144 faciem
1264 3099 1337 3146 tuam
1354 3099 1380 3146 et
1400 3086 1469 3147 salvi
1488 3087 1599 3151 erimus.

112 3175 181 3225 ᾶσαν
202 3166 378 3248 ἀκαθαρσίαν,
400 3163 524 3303 φύγωγμν
536 3174 625 3224 πᾶσαν
639 3165 745 3225 ἀδικίαν
758 3165 805 3225 καί
855 3164 932 3241 lino,
947 3163 1044 3222 fratrea
1062 3164 1128 3241 mei,
1140 3162 1260 3224 dieentes
1272 3178 1299 3225 et
1308 3166 1447 3241 facientes,
1461 3167 1600 3247 fugiamus

574 3243 582 3267 Ι

114 3244 198 3315 εξίαν,
219 3244 342 3326 φύγωμεν
365 3243 468 3314 κενοδοξ
497 3268 529 3318 ν,
547 3249 629 3320 μεθην
651 3244 698 3304 καί
714 3254 804 3305 πᾶσαν
855 3262 962 3302 omnem
987 3242 1134 3320 nequitiam
1154 3256 1181 3303 et
1195 3265 1303 3304 omnem
1325 3245 1539 3322 immunditiam,
1556 3248 1601 3308 fu··

112 3324 192 3396 ττίαν,
212 3323 336 3405 φύγωμεν
356 3322 568 3405 γαστριμαργίαν
588 3322 803 3405 ’τλνγεννιίτριαν
856 3321 962 3401 giamus
982 3342 1089 3381 omnem
1114 3322 1283 3402 iniquitatem
1305 3338 1331 3384 et
1341 3326 1494 3401 avaritiam,
1513 3327 1601 3408 fugia-
1691 3355 1698 3403 ς

112 3428 137 3463 σν
162 3408 215 3462 τῶν
232 3409 334 3473 κακῶν,
352 3402 476 3484 φύγωμεν
504 3403 677 3485 φιλαργυρίαν
692 3403 741 3474 τὴν
755 3407 805 3483 ἀρ-
857 3421 917 3460 mus
930 3422 1027 3461 vanam
1036 3401 1161 3481 gloriam,
1172 3404 1337 3482 ebrietatem,
1351 3404 1580 3468 insatiabilitatem
1587 3430 1598 3487 ς

112 3484 152 3545 καί
176 3482 250 3564 ῥίζαν
266 3483 355 3556 πόσης
372 3483 519 3564 ἁμαρτίας,
536 3482 659 3563 φύγοιμεν
678 3483 803 3562 μισαδελ-
855 3481 992 3560 fugiamus
1012 3481 1154 3562 crapulam
1178 3482 1311 3543 malorum
1330 3485 1452 3545 omnium
1467 3501 1600 3547 matrema

112 3564 356 3646 ιαλάσπλαγχνίαν,
371 3562 494 3644 φύγωμεν
507 3561 673 3622 καταλαλιθν
688 3564 803 3622 καίλοι-
855 3560 991 3641 fugiamus
1006 3561 1126 3643 pecnnia
1144 3583 1282 3642 amotam,
1297 3564 1464 3647 principium
1484 3580 1511 3625 et
1529 3565 1603 3627 radi·
1711 3570 1721 3588 ⁸

112 3667 138 3702 t·
166 3642 290 3725 φύγωμεν
320 3642 457 3724 πορνείαν,
482 3666 528 3721 μοι
549 3642 614 3717 είαν,
640 3643 686 3702 καί
712 3653 801 3703 πᾶσαν
855 3661 913 3700 c
924 3642 1013 3700 omnis
1034 3640 1138 3723 peocati
1155 3643 1313 3724 ,fugiamus
1335 3643 1431 3704 odium
1448 3646 1602 3707 fratrumet

112 3724 219 3803 ρημίαν·
239 3723 362 3805 φύγωμεν
382 3721 501 3861 κλεφίαν,
520 3666 661 3804 ύρπαγήψ
676 3722 800 3804 φύγωμεν
836 3720 1090 3796 inhumanitatem,
1105 3721 1241 3801 fugiamus
1257 3721 1487 3785 detractionemet
1500 3726 1601 3788 convi-

112 3802 178 3872 ιξίαν
190 3803 236 3862 καί
251 3803 433 3885 προαωποληψ
445 3826 475 3861 αν
487 3801 533 3861 καί
542 3801 596 3883 ἔριν
606 3801 652 3861 καὶ
666 3805 743 3874 ζῆλον
755 3801 801 3862 καί
854 3800 947 3878 oium,
969 3801 1106 3879 fugiamus
1135 3801 1356 3880 fornicationem,
1378 3803 1543 3864 adulterium
1574 3819 1604 3867 et

112 3883 185 3954 οιπὴν
204 3882 310 3956 ἀπύτην
323 3890 370 3942 τοῦ
384 3881 496 3960 ματαίω
509 3879 567 3959 βίον
578 3879 672 3941 τούτου
683 3904 690 3917 ·
701 3880 745 3940 ίνα
762 3881 800 3959 μὴ
854 3900 965 3940 omnem
975 3878 1172 3959 blasphemiam
1184 3903 1194 3957 3
1215 3881 1352 3960 fugiamus
1373 3883 1475 3942 furtum
1488 3896 1513 3942 et
1523 3883 1602 3966 rapi·

115 3966 130 4021 θ
151 3960 247 4043 Κύριος
265 3966 342 4042 ἡμῶν
366 3960 507 4033 ’ίησοῦςΧ
526 3960 614 4030 ιστδς,
636 3959 682 4019 καὶ
701 3960 801 4041 εθρήση
855 3959 1075 4039 nam,fugiamus
1090 3978 1189 4018 vanam
1201 3960 1327 4039 gloriam,
1340 3983 1603 4042 personammacoe-

124 4046 315 4122 ῥαθυμοθντας,
332 4041 379 4100 καὶ
392 4043 557 4120 διχοτομηση
571 4043 661 4118 ἡμᾶς,
675 4040 720 4100 καί
733 4042 804 4101 ἀπο·
855 4037 983 4119 ptionem,
993 4037 1200 4115 contentionem,
1210 4040 1419 4116 aemulationem,
1431 4054 1456 4101 et
1468 4043 1601 4121 reliquam

112 4102 155 4180 sai
172 4126 233 4180 καθ’
247 4126 323 4201 ἡμῶν
337 4120 437 4200 λέγων·
452 4120 587 4193 Δήσαντες
605 4122 691 4179 αὐτῶν
709 4127 802 4220 χεῖρας
855 4117 990 4176 fallaciam
1000 4118 1081 4198 hujus
1095 4117 1184 4177 inanis
1192 4117 1256 4179 ritae
1269 4142 1276 4176 ε
1289 4140 1323 4179 ne
1336 4121 1445 4181 veniens
1466 4123 1602 4183 Dominus

112 4201 181 4297 ίδας,
192 4199 392 4283 όρατεαθτοθς,
405 4197 450 4258 καί
460 4199 608 4278 ίμθάλλετε
620 4199 698 4267 εἰςπδ
709 4221 802 4267 σκοτος
820 4212 839 4260 c
856 4210 945 4288 noster
961 4199 1041 4259 lesus
1066 4196 1191 4257 Christus
1214 4198 1334 4291 inveniat
1352 4220 1402 4260 nos
1423 4200 1598 4281 negligentes,

112 4277 803 4438 smmtsrtttttttztt,{aas
854 4275 1697 4443 attestarunttttsttnttzm

112 4438 224 4519 ίύρεσθαι
246 4441 291 4499 καὶ
308 4445 411 4518 θρηνεῖν
420 4439 469 4497 καί
493 4436 602 4506 ίαυτοθς
614 4437 803 4514 κατακόπτειν,
855 4458 914 4512 αοε,
926 4450 955 4497 et
965 4439 1080 4518 injicite
1093 4439 1125 4494 in
1141 4441 1278 4497 tenebras
1288 4443 1445 4500 exteriores
1458 4463 1466 4498 e
1480 4444 1524 4499 ε’θί
1545 4446 1602 4503 erit
1616 4440 1653 4488 ¹3·

121 4521 281 4599 ὠφελοῦντες
291 4518 397 4593 lorado,
411 4517 523 4579 onata
543 4517 648 4619 τῇύνρρ
663 4517 801 4598 ἐκείνητῇ
898 4531 945 4576 tus
955 4530 983 4576 et
994 4517 1104 4577 stridor
1116 4517 1259 4577 dentium.
1277 4520 1303 4578 0
1322 4533 1454 4597 quantum
1470 4534 1535 4580 tnnc
1554 4521 1602 4582 fle·

112 4607 145 4678 ᾅ,
166 4599 212 4657 fluv
240 4596 322 4667 ούτως
343 4600 490 4681 εθρεθῶμεν
505 4601 697 4676 ἀμετανοητοι·
721 4598 802 4658 καλδν
874 4597 1070 4674 imus,fratres,
1092 4611 1225 4682 quantum
1240 4596 1451 4660 lamentabimur
1459 4614 1484 4659 et
1494 4600 1601 4717 lugebi—

112 4687 138 4736 ,ῖν
151 4677 187 4756 μὴ
203 4682 377 4757 γεννηθῆναι,
391 4678 436 4736 etv
449 4675 518 4736 ούτω
530 4678 670 4757 μέλλωμεν
685 4681 713 4736 εὖ
733 4676 801 4738 ίσκε-
854 4695 925 4748 mus,
939 4697 1042 4768 nosque
1053 4675 1250 4737 macerabimns
1263 4677 1322 4737 sine
1334 4679 1389 4738 nlla
1403 4679 1535 4742 utilitate.
1550 4683 1601 4742 Vae
1695 4702 1698 4709 ’

118 4756 284 4836 ίίλαύσωρεν
302 4756 397 4838 πικρὸν
413 4758 550 4831 λοιπὸν,ὠ
565 4758 628 4816 ἀδελ
648 4758 687 4830 ol,
709 4780 751 4817 ινα
765 4757 803 4834 μὴ
856 4755 945 4832 nobis,
959 4755 982 4815 si
994 4776 1022 4815 m
1040 4754 1091 4814 illa
1114 4755 1252 4816 tremenda
1276 4756 1343 4816 hora
1367 4758 1425 4817 sine
1445 4759 1601 4840 poenitenn'a

112 4836 213 4896 θύνατα
233 4841 443 4919 τιμωρηθῶμεν·
459 4837 620 4914 ἐλεήσωμεν,
629 4782 674 4895 ίνα
693 4838 804 4910 ἐλεηθῶ
856 4835 1031 4916 reperiamur.
1042 4834 1144 4895 Melius
1157 4836 1235 4895 nobis
1248 4837 1342 4896 fuisset
1355 4857 1407 4897 non
1421 4838 1504 4913 nasci,
1518 4861 1602 4917 quam

112 4915 152 4977 ίνα
168 4921 399 4997 συγχωρηθιῗιμεν·
422 4915 609 4998 σκορπίσωμιν
630 4920 708 4992 ἡμεῖς
730 4916 805 4977 αὐτοὶ
856 4915 905 4975 illo
918 4915 946 4975 in
965 4928 1036 4975 statu
1054 4914 1182 4975 inveniri.
1199 4915 1303 4975 Acerbe
1328 4915 1480 4996 lugeamus,
1496 4910 1600 4997 fratres,

112 5019 174 5070 κτα,
186 4996 231 5056 ἵνα
246 4996 284 5075 μὴ
300 4998 375 5056 ἄλλοι
390 4995 458 5073 μετίι
471 4995 521 5067 την
532 4994 656 5076 τελευτὴν
670 5000 746 5073 ἡμῶν
760 4995 805 5057 τόν
856 5016 890 5055 ne
902 4994 960 5054 illic
983 4993 1130 5054 immortali
1150 4994 1286 5075 supplicio
1303 4995 1461 5056 tradamur:
1475 4998 1601 5058 miserea-

123 5076 251 5143 ίσθίοντες
265 5077 312 5136 καὶ
323 5074 443 5144 πίνοντες
458 5075 505 5134 καί
519 5076 723 5147 σπαταλῶντες,
734 5075 804 5157 ψᾶλ-
857 5097 930 5151 mnr,
946 5088 978 5134 ut
996 5073 1213 5136 misericordiam
1231 5096 1427 5153 consequamur
1436 5091 1462 5137 et
1472 5077 1600 5138 veniam:

112 5154 242 5235 λε’γοντες·
256 5155 445 5237 θησαυρίζειθ
460 5153 603 5230 πλούσιος,
617 5155 663 5215 καλ
677 5156 706 5216 οὗ
719 5155 802 5235 γινόε·
859 5154 988 5239 {senonias
1010 5154 1208 5238 dispergamus,
1229 5169 1336 5238 nepost
1353 5170 1467 5218 mortem
1482 5171 1601 5219 nostram

112 5315 184 5372 buvil.
196 5318 262 5384 conj.
277 5325 342 5380 ἀξίοις
355 5327 470 5389 τρέχουσιν
482 5325 512 5382 είς
524 5326 550 5374 al
561 5331 635 5379 κακῶς
647 5319 758 5387 nomano]
