3728 5978
86 405 134 475 68
411 420 441 466 S.
469 417 604 468 JOthllS
629 413 814 463 CHRYSOST.
843 414 999 463 tuentur.
1027 413 1296 463 consummor.

126 555 155 611 ὅ.
177 553 238 610 Duo
261 561 381 630 poterant
402 546 486 606 illos
478 568 506 605 ιιι
521 564 661 604 moerorem
685 543 825 624 conjicere,
917 535 1017 617 Λύοῆν
1032 540 1112 603 ἱκανά
1126 543 1253 624 ἀμὸαλεῑν
1276 541 1372 611 αιἰτοδς
1390 545 1428 611 είς
1449 543 1577 623 ἀθυμίαν,
1596 543 1653 615 ἦτε

84 643 230 724 jejunium,
246 655 272 701 et
292 639 466 721 pecuniarum
492 635 619 715 erogatio.
644 635 689 694 llli
714 655 825 694 remex
878 636 1001 747 νηστεία,
1012 634 1148 697 καὶτδτδ
1163 634 1293 718 χρήματα
1312 634 1487 696 διαδίδοσθαι.
1502 639 1541 696 ot
1559 634 1588 694 δὲ
1612 637 1654 696 καί

88 749 201 814 utroque
212 732 371 813 gaudebant
383 729 484 802 Quis
463 751 502 788 sac
515 728 623 787 allectos
636 748 688 786 non
707 740 737 785 ut
750 747 824 787 oom·
879 730 912 786 δι’
923 727 1061 810 ἀμφότερα
1071 728 1189 808 ἔχαιρον.
1202 727 1253 795 Τίς
1262 723 1385 808 γδρτοδς
1396 726 1467 789 οὕτω
1478 726 1654 805 διακειμέναις

87 848 180 886 munes
189 839 277 907 patres
289 820 534 882 dilexisseti'Nihil
547 820 612 878 mali
625 819 765 900 pariebant
777 816 825 876 aha
878 821 926 880 οὐκ
939 821 971 879 ἂν
987 821 1158 900 ἠγάπησενε
1143 818 1310 900 ωςπατίρσς
1321 818 1439 894 κοιναός,
1430 818 1542 879 barb
1555 819 1652 879 ἔτικτον

85 915 214 1001 adversps
234 914 320 972 alios:
334 926 422 971 totum
447 907 636 991 permittebant
656 907 749 1012 gratiae
764 906 823 966 Dei.
877 913 991 993 πονηρὸν
1009 935 1060 971 κατ
1060 911 1220 984 ’·ἀλλη’λοιν
1235 910 1266 970 τδ
1280 919 1334 970 πᾶν
1352 909 1550 991 luitpertus*
1516 935 1551 990 τη
1564 910 1653 992 χάριτι

83 1007 182 1065 Nullus
195 1005 286 1065 aderat
300 1004 381 1063 timor
396 1004 424 1061 in
444 1001 532 1061 media
554 1000 674 1080 pericula
687 999 822 1079 conjectis.
841 1009 922 1062 ὓτοῦ
932 1006 1011 1063 Θεοῦ.
1023 995 1128 1076 Odanda
1142 1002 1239 1084 φόθος,
1252 1001 1398 1062 καὶταῦτα
1412 1006 1439 1063 ίν
1455 1003 1548 1082 μέσοις
1570 1001 1653 1062 κινδό

84 1101 136 1159 Per
145 1099 344 1180 simplieitatem
354 1118 418 1176 ergo
432 1117 538 1156 omnem
554 1094 663 1153 illorum
679 1094 826 1154 declararit
876 1118 930 1163 νοις
945 1093 1190 1173 ἐμὸεόληκότιαιΝ
1160 1099 1258 1155 αυτιῗιν.
1270 1095 1441 1174 Διδγαῧν
1406 1119 1457 1168 της
1470 1094 1596 1175 ἀφελείας
1606 1093 1651 1166 τὴν

82 1191 219 1266 virtutem,
232 1204 258 1249 et
280 1189 440 1249 divitiarum
460 1200 606 1257 contemtu,
629 1202 654 1245 et
671 1185 787 1266 jejunio,
800 1198 825 1244 et
877 1196 966 1246 τασαν
974 1188 1199 1260 αυτωνέοηλιασεν
1207 1185 1390 1267 ἀρετ-ληπολθ
1398 1186 1581 1259 καίτηςτων
1581 1211 1652 1268 ,χρη-

82 1281 280 1362 perseverantia
290 1281 318 1339 in
330 1279 449 1339 oratione
462 1279 541 1357 longe
554 1278 690 1357 majorem.
707 1277 748 1335 lta
758 1297 825 1356 pure
880 1279 972 1356 μάτων
990 1279 1148 1361 ὑπεροψίας,
1159 1279 1205 1340 καὶ
1223 1284 1271 1352 τῆς
1286 1278 1421 1351 νηστείας,
1429 1277 1478 1339 καί
1487 1282 1537 1351 τῆς
1554 1281 1581 1339 δν
1598 1286 1653 1347 ταῖς

83 1376 172 1433 Deum
186 1372 343 1448 laudabant,
358 1372 411 1429 imo
423 1371 473 1429 hoc
486 1384 535 1446 est,
546 1370 635 1450 ipsum
646 1389 713 1449 pure
724 1367 822 1427 lauda-
878 1374 968 1451 εὐχαῖς
981 1370 1121 1452 καρτερίας
1130 1371 1237 1449 μείζονα
1246 1362 1423 1432 οθσαν.οότοι
1434 1368 1464 1430 δὲ
1476 1370 1524 1430 καί
1535 1375 1652 1452 καθαρῶς

82 1486 120 1524 re.
135 1465 207 1526 Vide
222 1479 311 1524 autem
325 1464 369 1523 hic
386 1463 446 1522 illos
469 1462 560 1521 statim
584 1461 704 1539 accipere
724 1481 823 1518 merce-
876 1461 954 1540 ᾔνυυν
963 1463 1006 1522 τδν
1018 1462 1098 1537 Θεδν,
1109 1465 1210 1541 μᾶλλον
1221 1461 1249 1522 δί
1259 1463 1417 1523 τοῦτόίστιν
1428 1465 1512 1523 αἰνεῖν
1523 1462 1651 1525 τὸνθεόν.

81 1555 153 1616 dem.
167 1558 237 1616 Nam
248 1556 321 1635 qnod
332 1555 460 1614 habereut
474 1554 589 1633 gratiam
597 1552 672 1632 apud
682 1551 823 1632 populum,
876 1552 949 1635 Ὅρα
961 1555 988 1615 δὲ
1010 1554 1056 1615 καὶ
1067 1558 1180 1615 ἐνταῦθα
1193 1555 1288 1623 αὐτοὺς
1307 1555 1549 1635 ἀπολαμόόνοντας
1560 1554 1651 1623 εὐδίοις

81 1647 133 1707 hoc
147 1648 242 1729 probat
255 1648 317 1707 illos
326 1661 352 1706 et
363 1646 492 1705 amabiles
511 1659 536 1703 ct
547 1645 627 1703 valde
638 1644 747 1702 dilectos
759 1643 824 1702 suis·
876 1646 923 1713 τὰς
939 1646 1108 1725 aputeum
1117 1647 1169 1729 γὰρ
1179 1647 1250 1729 ἔχειν
1262 1647 1342 1731 χάριν
1351 1648 1418 1732 πφδς
1437 1647 1483 1708 τὸν
1493 1647 1569 1723 λαδν,
1577 1648 1651 1708 τῶτό

81 1761 118 1799 sc.
128 1741 198 1816 Quis
216 1741 289 1799 enim
302 1761 354 1799 ιιυιι
371 1739 549 1819 obstupescat,
561 1736 622 1815 quis
639 1756 692 1794 non
712 1734 823 1794 miretur
876 1741 959 1812 ἐστιν,
970 1739 1011 1798 ότι
1025 1740 1140 1801 ποθεινοί
1152 1763 1220 1807 τινες
1229 1730 1298 1812 ἦσαν
1312 1739 1360 1799 καὶ
1372 1739 1526 1822 ίπόραστοι.
1538 1740 1588 1807 Τίς
1601 1740 1650 1822 γάρ

80 1830 176 1891 videns
185 1831 321 1890 hominem
330 1830 451 1889 moribus
462 1827 611 1910 simplicem
620 1827 633 1886 i‘
642 1841 688 1885 ant
698 1827 758 1904 quis
770 1848 821 1885 non
875 1834 922 1890 οὐκ
933 1831 964 1889 ἂν
978 1832 1124 1912 ἀγάσαιτο,
1138 1832 1178 1901 τίς
1195 1831 1224 1892 δδ
1238 1835 1286 1892 alx
1297 1831 1328 1892 δν
1339 1833 1500 1912 θαυμάσειεν
1515 1833 1649 1917 trapam

81 1922 249 1983 devinciatur
266 1921 369 1981 homini
385 1920 454 1979 nlhll
473 1920 619 1980 subdolum
634 1919 765 1978 habenti?
781 1918 821 1978 tltl
875 1924 905 1983 τὸ
928 1915 989 1995 ἦθος
1013 1927 1122 1993 ἁπλοῦν,
1135 1925 1153 1997 ἢ
1168 1924 1208 1995 τίς
1226 1928 1274 1986 οὐχ
1294 1923 1324 1985 ἂν
1346 1925 1484 1997 συνδεθείη
1507 1928 1546 2006 τῷ
1568 1925 1648 2002 μηδὲν

80 2037 150 2094 quos
164 2014 259 2075 nisiad
270 2014 409 2092 hossalus,
421 2012 456 2072 ad
467 2036 533 2092 quos
543 2030 640 2091 magna
651 2013 720 2070 bona
733 2011 820 2091 perti·
838 2034 858 2080 ι)
875 2016 987 2076 ὕπουλον
1003 2017 1108 2097 ἔχοντις
1124 2018 1213 2078 Τίνων
1227 2018 1256 2078 88
1270 2016 1359 2078 ἀλλων
1376 2017 1480 2090 dorlani
1496 2017 1617 2100 σωτηρία
1629 2018 1646 2091 ἦ

80 2109 179 2167 neunt?
188 2110 283 2168 Nonne
297 2120 416 2189 pastores
430 2107 512 2188 primi
530 2105 700 2185 evangelium
713 2126 821 2185 accepe-
875 2108 988 2183 τούτων,
998 2110 1076 2171 τίνων
1091 2109 1119 2170 88
1133 2110 1167 2171 τδι
1184 2110 1307 2192 εμεγάλα
1318 2111 1421 2188 ἀγαθάς
1437 2112 1510 2193 0th
1527 2111 1647 2191 ποιμένα

80 2202 164 2261 runt?
175 2222 261 2261 nonne
271 2201 369 2281 Joseph
378 2201 459 2260 homo
468 2199 585 2280 simplex
599 2211 670 2272 erat3
679 2198 716 2256 ita
732 2211 761 2256 ut
773 2219 821 2256 nec
875 2202 1098 2280 εὐηγγελίσθησαν
1110 2201 1252 2285 πρότεροις
1269 2201 1329 2282 οὐχί
1342 2202 1443 2283 Ἰωσὴφ
1452 2204 1554 2273 ἁπλοῦς
1563 2204 1646 2273 τιςῶν

79 2293 257 2374 peradulterii
268 2293 447 2376 suspicionem
462 2293 501 2352 sic
515 2303 718 2372 perterreretnr,
728 2304 757 2348 nt
770 2290 821 2349 ali·
875 2293 1024 2376 ἄνθρωπος,
1035 2294 1105 2355 ὥστε
1119 2294 1157 2373 μὴ
1173 2293 1217 2354 διδ
1232 2293 1352 2375 μοιχείας
1369 2293 1487 2376 brebiae
1501 2296 1646 2376 φοόηθόντα

79 2386 214 2465 quidmali
222 2386 458 2467 patraretinonne
468 2396 584 2464 agrestes
592 2382 714 2441 homines
727 2397 751 2440 et
761 2382 822 2441 sim·
875 2386 953 2445 αὐτὸν
963 2386 1125 2468 ἐργάσασθαί
1140 2410 1167 2446 τι
1183 2385 1314 2469 πονηρόνς
1330 2388 1390 2469 οθχλ
1404 2386 1546 2467 ἀγροίκως
1564 2387 1647 2457 steli-

1 2532 2 2537 ,
48 2529 54 2543 ,
80 2479 164 2561 plices
173 2475 822 2559 Deuselegitldm'maenim,inquit,omnissim·
874 2502 935 2559 γετο
946 2479 1005 2546 τοὺς
1015 2480 1182 2556 ἀπλάστως,
1197 2479 1284 2561 Ψυχὴ
1296 2479 1366 2562 γάρ,
1379 2480 1471 2561 φησὶν,
1486 2480 1646 2562 εὐλογημένη

19 2576 56 2606 to.
120 2594 148 2612 ,.
260 2576 265 2587 ·
320 2596 326 2606 ,
548 2572 553 2582 ·
732 2570 737 2581 ·
804 2570 822 2611 ¹,
896 2581 914 2594 κ
1021 2575 1055 2608 υ,
1168 2569 1176 2593 ι
1249 2568 1257 2590 ι
1602 2576 1620 2590 ..

78 2567 823 2744 {ltfittltl’.Ztltlltllll‘lllll'll
873 2571 1531 2743 ttgt.{1lt.tlt†¹l;.?.llttt⁴t²1.t
1544 2574 1647 2745 22²2?

80 2756 222 2838 prudentia
237 2770 275 2816 est
284 2777 360 2836 opus.
366 2752 421 2814 Sed
431 2751 498 2832 quid
511 2750 586 2810 aliud
601 2764 640 2809 est
650 2750 821 2831 simplicitas,
874 2777 940 2821 σεως
951 2755 997 2815 δεῖ.
1009 2753 1046 2814 Τί
1058 2753 1110 2837 γδιρ
1120 2755 1186 2815 ἄλλο
1195 2753 1267 2815 ἐστίν
1279 2755 1396 2829 ἁπλότης
1405 2757 1465 2817 ἀλλ’
1477 2755 1496 2829 ἢ
1510 2757 1647 2839 φρόνησιςς

80 2871 162 2928 quam
172 2848 332 2931 prudentia?
346 2849 415 2906 Cum
430 2848 501 2905 enim
509 2844 578 2903 nihil
591 2844 655 2903 mali
666 2844 822 2925 suspicaris,
874 2845 961 2905 Ὅταν
975 2846 1027 2928 γὰρ
1043 2846 1126 2925 μηδὲν
1144 2846 1294 2925 ὑποπτεόης
1310 2848 1435 2930 πονηρδν,
1450 2848 1513 2909 ὥτε
1524 2855 1647 2922 τεκτῆναι

80 2942 150 3002 nihil
165 2943 230 3001 mali
245 2964 337 3024 parere
357 2955 432 3022 potes
445 2963 450 2995 :
464 2958 525 2998 cum
539 2938 608 2997 nihil
631 2938 684 2997 fers
706 2938 822 3015 moleste,
875 2936 986 2998 δύνασαι
998 2938 1127 3020 πονηρόν·
1140 2938 1203 2999 όταν
1225 2939 1306 3018 μηδὲν
1322 2939 1386 3021 ἔχῃς
1399 2945 1454 3000 τῶν
1476 2941 1579 3017 δεινῶν,
1592 2942 1646 3003 οθδί

82 3057 135 3096 non
153 3036 254 3116 potoris
267 3034 426 3115 injuriarum
441 3030 583 3090 recordari.
606 3031 775 3089 Contumelia
797 3045 823 3089 te
839 3050 858 3096 ιτ,
876 3035 1075 3109 μνησικακῆσαι
1097 3031 1206 3112 δυνήσῃ.
1225 3030 1341 3114 Ὕόρισέ
1360 3057 1401 3100 τις
1407 3056 1417 3110 ;
1444 3034 1494 3094 ota
1512 3034 1646 3115 ἤλγησας·

83 3128 143 3207 quis
155 3127 264 3187 alleciti'
275 3129 334 3186 Nou
349 3124 461 3185 doluisti
475 3147 481 3180 ι
496 3122 659 3200 obloquutus
669 3122 729 3180 est?
746 3121 822 3181 Nihil
875 3122 1087 3204 ίκακηγόρησενς
1106 3122 1179 3184 οὐδὲν
1189 3123 1299 3193 ίπαθες·
1310 3124 1474 3199 ἔθάσκηνινς
1486 3125 1548 3186 atat
1567 3126 1647 3195 οὕτως

84 3242 177 3300 passus
188 3242 216 3279 es
229 3243 235 3275 :
249 3217 424 3281 invidittibi?
433 3217 571 3293 Nonagre
584 3213 736 3275 tulistiVia
746 3236 820 3294 quae·
875 3215 970 3283 ἔπαθός
983 3240 1019 3275 τι.
1036 3213 1113 3283 Ὁδὸς
1123 3215 1163 3284 τίς
1177 3219 1248 3277 ίστιν
1262 3216 1307 3276 ἐπὶ
1319 3216 1476 3297 φιλοσοφίαν
1489 3223 1508 3291 ἡ
1523 3218 1647 3292 ἁπλότης.

82 3310 145 3370 dam
159 3311 245 3371 estad
259 3308 457 3392 philosophiam
478 3307 646 3388 simplicitas.
668 3307 754 3366 Nemo
769 3321 823 3366 tam
876 3308 970 3376 Οὐδείς
990 3306 1072 3374 οὕτως
1093 3307 1149 3367 ἐστί
1167 3306 1217 3379 τὴν
1239 3307 1327 3389 ψυχὴν
1351 3307 1447 3383 καλδς,
1467 3310 1645 3378 ὥςδὰπλαῦς.

81 3406 194 3487 pulcher
208 3406 299 3465 animo
312 3419 351 3465 est
364 3425 446 3483 quam
458 3402 503 3475 vir
519 3402 644 3482 simplex.
659 3401 733 3461 Sicut
751 3403 822 3461 enim
876 3400 1004 3482 Καθάπερ
1018 3399 1069 3480 γδφ
1082 3402 1109 3459 ἐν
1121 3404 1160 3482 τῷ
1178 3399 1310 3481 αώματιδ
1324 3400 1371 3479 μὲν
1385 3402 1496 3482 ατυγνδς
1509 3401 1647 3475 καδκατη-

81 3498 231 3579 incorpore
243 3496 291 3575 qui
300 3510 411 3556 moestus
422 3508 471 3565 est,
484 3492 617 3552 demissus
629 3506 655 3551 et
664 3492 822 3572 cogitahuu-
876 3493 927 3572 φὴς
939 3492 985 3553 καί
996 3493 1118 3565 σύνναος,
1131 3491 1181 3553 κᾶν
1195 3492 1276 3562 καλὸς
1287 3484 1323 3574 ᾖ,
1333 3493 1364 3553 et
1377 3491 1446 3554 πολὺ
1460 3499 1509 3568 τῆς
1518 3494 1646 3578 ὡραιότη-

82 3591 143 3667 clus,
157 3591 273 3649 multum
289 3584 679 3670 expulchritudinedetrahit;
694 3586 742 3664 qui
759 3608 821 3647 vero
874 3610 918 3653 coc
934 3586 1122 3665 ὑποτέμνεται·
1137 3589 1152 3644 ό
1167 3584 1196 3644 δδ
1213 3585 1348 3663 ἀνειμένος
1366 3584 1412 3645 καί
1425 3585 1517 3669 ηρίμα
1540 3587 1646 3666 μειδιῶν

82 3684 160 3743 laetus
180 3696 218 3741 est
233 3696 258 3740 et
272 3680 405 3755 subridet,
416 3677 607 3736 formositatem
628 3692 726 3756 auget:
741 3678 820 3738 sicin
875 3677 923 3751 τὴν
936 3677 1006 3758 ὄψιν,
1019 3677 1143 3737 ἐπιτείνει
1155 3676 1204 3751 τὴν
1220 3677 1385 3759 ὡραιότητα·
1402 3677 1523 3752 οθτωδή
1542 3678 1588 3739 καί
1603 3678 1646 3738 tet

81 3794 171 3833 anima
183 3786 284 3834 etemt
278 3795 342 3852 .an
336 3769 547 3845 subdolusest,
561 3782 611 3828 etsr
622 3790 761 3829 innuimera
775 3794 822 3852 pe·
875 3797 923 3844 της
935 3776 1036 3854 ψυχης
1050 3769 1126 3850 ὁμὲν
1138 3768 1398 3855 συννουςκάνμυρία
1408 3770 1646 3853 ίχηκατορθιηια

82 3888 169 3927 nesse
190 3867 288 3926 haheat
309 3866 379 3924 bona
393 3884 484 3944 opera,
499 3860 632 3942 disperdit
654 3861 716 3939 illa,
709 3879 848 3956 ·contra6
848 3889 909 3956 0τα
914 3864 1061 3948 ,ἠφάνισεν
1076 3864 1156 3924 αὐτά·
1149 3860 1226 3922 ·όδδ
1241 3861 1375 3940 ἀνειμένος
1387 3861 1558 3938 καλὰπλους,
1570 3866 1646 3924 eota-

82 3981 145 4018 tero
156 3981 203 4036 qur
195 3958 282 4017 liber
291 3970 330 4016 est
340 3969 365 4015 et
376 3955 501 4035 simplex
513 3953 608 4013 Talem
617 3910 848 4057 homiricmquis
839 3975 860 4020 Α
878 3959 974 4020 αντίυν.
996 3955 1051 4019 Καί
1070 3953 1187 4036 φιλον
1163 3976 1207 4015 ταν
1227 3977 1342 4015 ταιαιτον
1364 3955 1433 4033 paea
1449 3954 1597 4037 ἀσφαλείας
1615 3956 1646 4016 άν

82 4052 134 4112 sibi
149 4072 267 4111 amicum
277 4049 390 4109 fidenter
398 4059 487 4128 paret
496 4058 522 4104 et
534 4067 557 4104 ει
565 4067 692 4105 rmmrcus
702 4061 748 4123 stt
756 4062 820 4110 αιιιιι
876 4077 917 4120 τις
926 4051 1087 4133 είργασαιτο
1097 4046 1142 4108 καί
1135 4046 1243 4133 ἔχθραν
1252 4046 1390 4127 γενόμενον
1398 4047 1597 4117 numatam.
1607 4051 1648 4109 (hi

83 4142 131 4200 illo
155 4139 379 4202 reconciliabitur.
402 4137 485 4198 Nulla
498 4137 571 4196 enim
583 4137 620 4196 ad
635 4138 766 4220 hocopus
782 4155 821 4201 ost
877 4145 929 4228 γὰρ
941 4145 980 4203 δεῖ
996 4146 1114 4223 φυλακης
1132 4163 1178 4199 και
1168 4139 1381 4220 προφυλακῆς,
1397 4136 1459 4199 οόδδ
1475 4139 1583 4219 δεσμῶν
1603 4140 1647 4201 καὶ

84 4234 214 4308 custodia,
224 4232 306 4291 nullis
319 4231 452 4305 vinculis;
467 4228 515 4289 sed
524 4229 609 4288 multa
621 4243 647 4288 ct
660 4230 703 4289 illi
719 4245 744 4290 et
758 4254 821 4292 con-
877 4236 1030 4315 συνδέσμων
1045 4235 1089 4295 ἐπί
1106 4239 1153 4293 τοῦ
1171 4231 1301 4305 τοιούτου,
1316 4230 1387 4291 ἀλλά
1404 4230 1494 4306 πολλὴ
1511 4232 1561 4310 μὲν
1567 4235 1646 4343 ἀἰετῷ

84 4326 269 4386 tubernalrbus
279 4338 329 4384 erit
338 4337 475 4383 securitas
488 4320 564 4394 Quid
577 4343 649 4400 ergo,
664 4344 821 4402 inquies,
789 4347 811 4384 sa
875 4329 1013 4401 lerata
995 4351 1097 4401 ανεσις,
1112 4325 1197 4398 πολλὴ
1213 4323 1299 4384 δδκαλ
1314 4346 1368 4392 τοις
1379 4346 1503 4385 συνουσιν
1514 4326 1597 4406 aurp
1611 4324 1647 4385 Τί

84 4441 132 4498 qiu
125 4418 208 4478 talis
224 4431 272 4493 est,
284 4416 312 4475 in
326 4415 412 4475 malos
433 4413 556 4474 inciderit
576 4413 668 4474 viros?
682 4417 756 4476 Deus
775 4418 823 4496 qui
875 4413 933 4494 οὖν
948 4421 980 4480 ἂν
998 4425 1034 4487 εἰς
1049 4416 1196 4501 πονηροὺς,
1214 4417 1304 4497 φησίν,
1320 4416 1416 4497 ἄνδρας
1430 4421 1446 4477 δ
1459 4418 1643 4499 τοιάντοςίρί-

82 4513 220 4595 simplices
233 4531 290 4570 esse
299 4510 387 4590 jubet,
404 4529 514 4568 manum
533 4508 660 4589 porriget.
679 4509 754 4582 Quid
768 4513 823 4570 Da·
875 4515 961 4595 πέσῃς
976 4507 1283 4591 Ὀθεδςδπραστάξας
1297 4498 1363 4567 εἶναι
1383 4507 1550 4584 ἀπλάστως,
1567 4508 1643 4621 ὀρέξει

83 4607 146 4668 vide
160 4603 330 4685 simplicius.
339 4601 404 4682 qnid
422 4602 502 4661 Saiile
519 4600 657 4680 iniquius?
672 4605 739 4662 Uter
760 4624 823 4682 ergo
875 4618 961 4689 χεῖρα.
984 4607 1020 4667 Τί
1046 4612 1092 4665 τοῦ
1113 4604 1197 4663 Δαυδδ
1221 4600 1357 4662 ἀπλαστόε
1342 4623 1416 4681 τερον
1439 4591 1481 4675 ἦν,
1502 4626 1530 4661 τι
1522 4602 1580 4662 ’δὲ
1601 4624 1643 4661 του

83 4700 239 4784 superavit?
249 4696 341 4772 Quid
335 4719 362 4755 ιιι
371 4696 489 4776 Joseplio
501 4709 590 4754 actum
605 4697 665 4754 cst?
677 4718 764 4755 noune
778 4697 824 4756 ille
875 4700 963 4761 Σαοὺλ
975 4697 1166 4780 τανηράτερονς
1180 4685 1275 4761 Tlc'f
1244 4716 1288 4753 ουν
1302 4692 1485 4774 περιεγένετο,
1499 4693 1538 4753 Τί
1551 4694 1592 4753 δαὶ
1602 4694 1641 4753 ἐπὶ

82 4794 241 4877 srmplrcater
251 4790 287 4850 ad
298 4790 436 4849 dominam
448 4803 573 4866 accessit
588 4789 636 4848 illa
650 4811 714 4850 tero
723 4791 822 4849 subdo
874 4801 920 4854 τοῦ
933 4792 1048 4872 Ἰωσηφς
1062 4793 1110 4872 οὐχ
1123 4795 1137 4849 δ
1152 4787 1199 4868 μὲν
1214 4786 1527 4867 ἀπλάστωςπροσῄειτη
1543 4786 1641 4846 δεσποί·
1687 4824 1690 4829 <

81 4888 170 4948 loi’ln
186 4908 249 4966 quo,
264 4905 364 4965 qttaeso,
377 4882 455 4940 lasus
464 4881 609 4953 cst⁹Qaud
622 4881 704 4940 Abale
717 4881 821 4963 simpla
874 4911 920 4966 νη,
935 4885 991 4957 ἡοε
1004 4905 1171 4965 κακουργως
1163 4870 1266 4939 Τι
1237 4903 1290 4953 ουν
1302 4879 1359 4938 εἰπί
1370 4901 1431 4957 μοι
1444 4884 1542 4948 ἐκεινος
1554 4878 1640 4951 {aare
1687 4894 1691 4903 “

81 4985 223 5045 cinserat?
240 4981 305 5061 quid
320 4977 818 5058 Cainosceleratiuslllursusqnelo·
837 4991 929 5052 Βται,
942 4977 1008 5038 Τί
994 4976 1035 5036 oui
1060 4980 1104 5033 τοῦ
1119 4971 1199 5034 λόελ
1218 4962 1478 5050 ἀπλαστότερονῆν,
1496 4971 1523 5031 τί
1543 4971 1639 5030 δαὶτου

112 5176 122 5200 ·
140 5160 202 5224 [τῆς
220 5169 263 5209 τῶν
275 5163 400 5226 χρημάτων
412 5157 540 5224 tripediae.
560 5152 687 5203 Postrema
700 5170 749 5203 rox
763 5152 833 5206 deest
881 5171 936 5205 sum
948 5152 974 5202 in
986 5153 1029 5216 D.]

76 5235 193 5292 inCodcl.
219 5235 312 5286 nostris
331 5229 456 5284 omnibus.
469 5231 529 5282 Mor
545 5231 730 5297 primatiores
753 5232 830 5285 omis·
916 5235 929 5274 b
947 5231 1013 5283 Illius
1029 5235 1120 5298 μεγάλα
1137 5234 1253 5298 deipara.
