3728 5978
156 375 224 447 ποθ
504 401 534 448 s.
561 399 699 448 sotnms
724 400 910 451 cirnrsosr.
939 403 1094 455 sicutne.
1123 402 1395 457 nonsummum.

26 553 60 619 ιι.
78 557 110 584 ιι.
153 543 216 584 cum
229 522 331 584 fiducia
349 536 448 584 manet.
464 526 493 583 1.
515 524 686 585 Audieram
707 535 807 586 autem
826 546 893 606 apo·
949 527 996 588 καί
1015 528 1074 589 τότε
1092 528 1245 610 προσέταξε.
1258 529 1329 592 Τότε
1341 527 1478 610 ίρῶτησαν
1491 530 1563 593 ateis

153 617 223 676 stoli
238 630 268 675 et
271 616 399 698 fratres,
414 620 466 697 qui
479 629 565 676 erant
580 620 612 674 in
622 618 739 690 Judoea,
754 621 895 699 quoniam
948 619 1049 703 ἡμέρας
1069 623 1151 689 τινάς.
1164 619 1304 682 Ἐντεῦθεν
1323 621 1430 692 εἰκότως
1448 621 1495 682 καί
1519 628 1563 706 θαγΙ

152 721 180 767 et
186 720 286 788 gentes
295 705 595 787 receperanttoerbum
603 708 701 769 netu.
710 709 785 768 Cum
793 721 894 768 autem
948 711 994 770 καὶ
1008 711 1135 791 ἐπιμένει.
1149 711 1284 774 Ἤκουσαν
1299 711 1327 774 δί
1340 717 1365 774 ot
1377 712 1522 775 ἀπόστολοι
1540 738 1563 775 io

150 799 443 883 ascendissetjPetrus
450 801 680 876 ierosolymam,
688 801 894 881 disceptabant
949 802 993 884 φοί
1005 807 1029 863 oi
1039 804 1111 873 ὄντες
1128 803 1198 864 κατὰ
1210 805 1260 878 τὴν
1271 803 1412 879 Ἰουδαίαν,
1423 804 1465 866 ότι
1477 806 1525 866 καί
1546 831 1563 866 τ

148 898 288 956 αάνετειιε
297 881 446 978 ι’ίίυπιμιιί
461 909 546 956 erant
558 918 595 955 ex
605 900 834 968 circumcisione,
848 897 892 954 di·
948 891 1024 961 ξαντυ
1037 895 1169 975 τὸνλόγον
1183 903 1230 956 τοῦ
1241 900 1322 958 Θεοῦ.
1339 897 1394 958 Καί
1406 897 1451 958 δτι
1465 897 1550 972 ἀνέθη

148 997 245 1044 centes
258 1008 267 1041 .·
280 987 308 1045 3.
322 986 421 1064 Quare
436 988 565 1045 introisti
577 986 619 1044 ad
627 989 708 1045 viros
718 989 891 1067 preputium
901 1035 938 1076 ,9,
947 981 1133 1066 Ἱεροσόλυμα,
1149 987 1306 1070 διεκρίνοντο
1319 989 1384 1070 πρδς
1395 990 1474 1050 αῦτδν
1483 993 1508 1049 ot
1520 993 1553 1051 ix

147 1077 297 1150 habentes,
313 1091 342 1137 et
356 1079 544 1138 manducasti
554 1099 621 1137 cum
632 1077 694 1138 iilis
703 1084 717 1137 Ρ
727 1078 822 1137 Postea
838 1081 892 1138 Di·
910 1091 930 1138 Α
946 1076 1080 1155 λέγοντες·
1097 1079 1139 1140 ὅτι
1156 1082 1222 1161 πρδς
1235 1081 1332 1164 ἀνδρας
1345 1080 1563 1163 ἀκρυθυστίανῖγ

146 1171 319 1247 sceptabant
334 1173 386 1251 qui
403 1190 440 1235 ex
458 1171 687 1241 circumcisione,
700 1189 754 1229 non
767 1169 890 1250 apostoli.
946 1173 1039 1247 ῆλθις,
1054 1171 1100 1232 καί
1114 1171 1256 1253 συνέφαγες
1277 1172 1563 1241 attenuatione

147 1259 222 1332 Quid
233 1260 358 1339 estillud,
368 1263 669 1342 DisceptabantiNon
678 1282 784 1342 parum,
793 1262 891 1341 inquit,
945 1286 1021 1323 νοντο
1035 1266 1060 1322 oi
1073 1265 1105 1324 ἐκ
1121 1268 1283 1346 περιτομῆς,
1297 1268 1346 1347 υῦχ
1366 1269 1391 1326 oi
1409 1265 1563 1327 ἀπόστολοι

147 1353 361 1414 offendebantur.
372 1354 408 1413 Et
417 1353 703 1435 videquidobjiciant.
711 1355 772 1414 Nou
783 1354 889 1433 dicunt,
947 1355 1125 1438 Διεκρίνοντος
1153 1356 1406 1431 Ἐσκανδαλίζοντο,
1432 1357 1524 1439 φησίν,
1552 1381 1563 1416 o

147 1449 203 1507 Cur
212 1446 396 1508 annuntiasti?
407 1445 463 1524 sed,
473 1447 535 1505 Cur
549 1467 610 1506 una
620 1446 827 1506 manducasti?
835 1449 890 1507 Pe·
946 1448 1001 1506 Καὶ
1013 1447 1074 1520 θέα,
1088 1449 1115 1506 τί
1128 1447 1331 1529 προάάλλονται.
1342 1451 1384 1509 Oi
1393 1447 1516 1529 λέγουσι,
1525 1449 1563 1509 διδ

146 1555 204 1601 trus
218 1562 285 1602 vero
299 1563 351 1602 non
362 1540 390 1601 in
410 1541 461 1601 hoc
471 1540 570 1621 frigido
582 1537 655 1600 dicto
669 1553 789 1599 moratur
804 1543 890 1615 (nam
946 1541 1048 1618 γειλας;
1059 1539 1137 1614 ἀλλά,
1149 1540 1201 1600 Διά
1208 1539 1235 1599 τί
1244 1541 1400 1623 συνέφαγεςς
1414 1539 1450 1602 Ὁ
1459 1540 1487 1600 δέ
1503 1541 1561 1602 tlte

138 1631 277 1714 ¹frigidum
290 1655 353 1695 vero
365 1638 451 1707 erat);
463 1631 548 1692 sedin
563 1652 661 1711 magno
669 1631 727 1709 illo,
737 1630 831 1692 diceus
842 1633 889 1693 :Si
947 1637 1022 1691 τοῦτο
1041 1631 1147 1693 ἵσταται
1166 1633 1196 1693 τὸ
1216 1632 1317 1716 ψυχρόν
1341 1633 1457 1716 (ψυχρὸν
1478 1634 1563 1715 γάρί

146 1728 281 1810 Spiritum
299 1726 342 1785 illi
358 1737 524 1808 acceperant,
540 1723 677 1804 quomodo
700 1722 753 1783 hoc
765 1745 819 1784 non
835 1724 890 1785 illis
946 1723 1094 1806 ἀλλὰπρὸς
1113 1728 1196 1785 έκεῖνο
1209 1725 1241 1784 τδ
1259 1724 1344 1804 μέγα,
1358 1725 1458 1806 λέγων
1469 1725 1512 1785 ὅτι
1529 1729 1554 1785 εί

145 1820 344 1883 εοοεοάεοάυιο
356 1819 430 1880 erati
444 1818 589 1892 Quomodo
597 1837 662 1898 ergo
670 1816 698 1877 in
713 1818 890 1898 samaritanis
946 1816 1091 1891 μετέλαθον
1104 1816 1150 1876 καὶ
1161 1817 1250 1892 αὐτοὶ,
1261 1822 1318 1884 πῶς
1330 1816 1423 1878 τοῦτου
1439 1818 1563 1897 μεταδαῆ

145 1917 197 1976 hoc
213 1918 315 1975 factum
333 1935 386 1975 non
401 1927 451 1991 est,
464 1913 520 1973 imo
537 1910 713 1988 contrarium,
730 1931 785 1970 non
808 1910 889 1971 modo
945 1906 1009 1976 Πῶς
1034 1898 1079 1968 οῦν
1102 1908 1221 1969 ἐπὶτῶν
1244 1910 1418 1993 Σαμαρειτῶν
1445 1914 1525 1970 τοῦτο
1547 1932 1563 1970 ο

145 2025 215 2083 ante,
231 2008 278 2069 sed
296 2004 377 2068 etiem
395 2020 456 2090 post
493 2003 680 2088 baptismum?
699 2005 793 2084 Neque
818 2005 890 2065 indi·
944 2001 1030 2060 Ιἀλλά
1045 1999 1209 2076 τούναντίον,
1225 2000 1271 2061 καί
1285 1999 1337 2084 γάρ
1350 2002 1380 2060 οὐ
1395 2000 1473 2081 μόνον
1487 2001 1563 2084 πρδι

145 2105 220 2187 gnati
241 2116 305 2164 sunt
319 2125 326 2160 ι
341 2100 396 2161 imo
411 2100 493 2160 etiem
511 2097 546 2158 ad
567 2118 627 2158 eam
651 2097 746 2179 ipsam¹
761 2119 819 2158 tem
836 2099 889 2159 mi·
908 2098 926 2146 Β
944 2113 1045 2169 ouum<
1063 2095 1111 2152 οὐκ
1129 2093 1247 2173 ἐγένετο,
1267 2094 1326 2154 ἀλλ’
1349 2092 1408 2153 οὐδὲ
1423 2093 1543 2174 μετάτδ

145 2209 244 2259 serunt.
259 2197 364 2258 Verum
381 2191 428 2253 hic
449 2212 503 2252 nou
524 2212 555 2250 et
567 2188 602 2249 de
628 2211 659 2249 re
668 2203 806 2266 accusent3
816 2192 888 2251 scie-
930 2184 990 2244 ’καί
1002 2186 1051 2244 οῦκ
1060 2185 1259 2265 ἠγανάκτησαν,
1274 2185 1344 2247 ἀλλά
1355 2188 1455 2265 μᾶλλον
1466 2185 1563 2248 ἀκοόσσ

142 2293 209 2352 bant
218 2289 290 2351 enim
298 2288 350 2348 hoc
358 2285 459 2347 divine
470 2285 562 2365 gratie
572 2304 642 2359 esse,
656 2281 715 2356 sed,
728 2283 837 2363 Quare,
848 2282 888 2344 in·
942 2278 996 2356 ψαν
1004 2276 1133 2340 ἐπὶτοῦτο
1141 2278 1213 2340 αὐτό.
1228 2279 1297 2340 Ἀλλ’
1308 2277 1367 2340 οὐδὲ
1377 2280 1490 2338 ἐνταῦθα
1497 2284 1563 2340 ταῦτ

144 2382 253 2462 quiunt,
263 2381 450 2439 manducasti
456 2398 523 2436 cum
532 2374 752 2452 iilistnlioquin
759 2395 887 2435 veroma-
944 2396 1003 2432 σιν·
1017 2372 1125 2454 ᾔδεισαν
1138 2371 1190 2453 γάρ
1204 2371 1245 2431 ὅτι
1255 2369 1325 2438 θείας
1340 2360 1475 2451 χάριτοςῆ
1499 2373 1563 2432 w

144 2494 229 2554 guum
241 2485 268 2532 et
282 2472 446 2531 immensum
462 2468 609 2528 discrimen
629 2479 686 2526 erat
702 2467 890 2530 samaritanos
943 2464 1022 2547 φασί,
1033 2464 1188 2547 συνέφαγες,
1199 2463 1300 2532 Ἄλλως
1311 2461 1339 2523 δέ
1351 2461 1418 2523 πολὺ
1432 2461 1479 2522 καί
1493 2461 1563 2544 datu

143 2564 215 2624 inter
224 2576 252 2623 et
264 2576 366 2643 gentos.
378 2560 432 2622 Vel
445 2559 527 2620 etiam
537 2580 588 2640 per
599 2556 825 2640 dispensationem
838 2582 886 2621 ac·
943 2582 1021 2644 φορον
1045 2561 1219 2642 Σαμαρειτῶν
1240 2557 1286 2617 καί
1309 2561 1400 2618 ἐθνῶν.
1415 2555 1455 2616 Ἣ
1472 2555 1520 2615 καὶ
1544 2559 1563 2617 ά

143 2655 221 2736 cidit,
235 2655 310 2734 quod
326 2653 350 2714 is
368 2665 525 2731 accusetur,
542 2665 573 2711 ut
594 2650 636 2710 illi
655 2650 761 2711 discam
777 2673 784 2708 t
800 2673 887 2733 neque
941 2651 1042 2730 γίνεται
1054 2651 1086 2712 τδ
1102 2653 1262 2731 ἐγκληθῆναι
1279 2649 1368 2725 attis,
1384 2648 1419 2710 ίν’
1437 2641 1511 2709 οῦτοι
1533 2673 1563 2729 με

142 2751 216 2812 onim
228 2750 324 2809 Petrus
332 2769 391 2808 rem
399 2745 457 2807 sine
471 2767 551 2806 causa
561 2744 689 2805 narravit.
699 2743 773 2807 Vide
785 2759 884 2826 autem,
941 2743 994 2826 γδρ
1005 2743 1036 2804 ἀν
1050 2745 1141 2811 ἁπλῶς
1150 2742 1253 2825 Πέτρος
1264 2733 1345 2804 εἶπεν.
1356 2741 1429 2824 Ὅρα
1440 2741 1469 2801 δὲ
1479 2743 1563 2802 αὐτοῦ

143 2865 226 2924 quam
240 2842 275 2904 sit
286 2864 302 2902 a
313 2841 383 2900 tastu
395 2853 421 2900 et
435 2860 505 2900 vana
516 2838 603 2919 gloria
615 2837 729 2898 alienus.
743 2841 864 2900 Namait
877 2866 884 2900 t
941 2837 987 2896 καί
997 2835 1160 2906 ἀκενόδοξον.
1170 2835 1325 2918 ’ἀρξάμενος
1337 2835 1407 2917 γάρ,
1421 2835 1504 2918 φησί,
1519 2834 1563 2896 tlt

141 2937 171 2996 i.
182 2938 331 3016 Incipiens
347 2935 465 3005 Petrus,
478 2934 642 3011 exponebat
661 2931 724 2991 illis
738 2951 792 3012 per
805 2933 886 2993 ordi-
941 2935 1000 2991 θετο
1028 2931 1116 2998 αὐτοῖς
1138 2928 1266 3003 καθεξῆς,
1288 2928 1389 3009 λέγων·
1413 2927 1467 3008 ἐγὼ
1493 2927 1563 3008 ῆμηι

143 3047 220 3100 nem,
237 3027 337 3085 dicens
352 3046 361 3081 ι
376 3024 405 3084 5.
420 3023 485 3103 Ego
502 3042 584 3081 mam
608 3025 640 3080 iu
660 3024 780 3083 ciuitate
792 3025 886 3104 Joppe
941 3020 1037 3103 Ἰόππη
1050 3021 1268 3103 προσευχόμενος.
1285 3021 1378 3082 Καλοῦ
1388 3020 1461 3103 λέγει
1475 3022 1520 3083 διὰ
1531 3021 1562 3082 τί

143 3139 241 3180 orans.
250 3119 312 3179 Non
320 3115 389 3176 dicit
399 3135 493 3194 quare,
502 3113 546 3173 vel
555 3114 811 3193 quaoceesioneAEt
819 3119 886 3179 uidi
903 3130 922 3179 c
941 3114 1005 3194 ποίᾳ
1015 3115 1155 3196 προφάσει.
1178 3112 1231 3176 Καὶ
1247 3104 1314 3174 είδον
1328 3116 1355 3174 ἀν
1370 3113 1494 3176 ἐκστάσει
1506 3118 1563 3196 δραι

142 3218 175 3273 iu
192 3214 298 3272 mentis
316 3230 437 3270 excessu
454 3212 608 3279 visionem,
631 3209 807 3270 descendens
826 3232 885 3273 uas
940 3206 1030 3267 ῦαῑνόν
1040 3231 1067 3267 τι
1081 3215 1171 3275 σκεῦος
1180 3210 1216 3275 ὡς
1224 3205 1315 3280 ὀθόνην
1329 3206 1447 3287 μεγάλην
1460 3205 1563 3290 τέσσαρ

142 3305 291 3387 quoddam
300 3303 518 3363 uelutlinteum
531 3321 680 3382 magnum,
690 3315 817 3384 quatuor
825 3308 883 3364 ini-
939 3301 1097 3380 καθιεμένην
1119 3305 1149 3363 ἐκ
1169 3308 1215 3363 τοῦ
1234 3305 1359 3384 οὐρανοῦ,
1375 3301 1421 3360 καί
1434 3292 1513 3373 ἦλθεν
1536 3301 1563 3382 ἀ,

140 3403 190 3459 tiis
204 3399 360 3457 demissum
374 3396 411 3455 de
427 3394 510 3468 caelo,
526 3406 555 3452 et
567 3397 652 3453 uenit
668 3414 759 3476 usque
772 3398 815 3456 ud
827 3419 882 3459 me.
938 3395 986 3461 Ete
995 3395 1027 3468 ἣν
1038 3393 1159 3461 ἀτενίσας
1167 3395 1317 3469 κατενόουν,
1326 3394 1372 3453 καί
1384 3385 1451 3454 ε’ίδον
1460 3394 1496 3455 τά
1505 3417 1563 3476 τιτρ

139 3494 168 3551 6.
179 3493 217 3548 In
232 3490 311 3571 quod
320 3493 437 3548 intuens
446 3487 667 3545 considerabam
674 3499 724 3556 ;et
737 3489 803 3546 uidi
813 3510 884 3570 qua·
938 3489 1002 3566 γῆς,
1022 3489 1068 3548 καί
1088 3488 1123 3548 τὰ
1136 3487 1233 3571 θηρία,
1248 3487 1295 3548 καί
1311 3486 1345 3547 τδι
1360 3488 1476 3567 ἐρτετά,
1489 3488 1538 3549 καί
1555 3513 1563 3547 ι

140 3584 282 3663 drnpedta
295 3595 389 3655 terra,
403 3594 431 3640 et
445 3582 563 3658 bestias,
574 3592 603 3638 et
615 3580 744 3660 reptilia,
755 3595 785 3641 et
797 3584 883 3644 oola-
938 3585 984 3638 τοῦ
995 3583 1120 3663 οὐρανοῦ,
1131 3580 1233 3652 ἤκουσα
1244 3579 1271 3641 δὲ
1281 3580 1503 3662 φυνῆτλεγοῦσοτ
1513 3604 1561 3661 μοι

141 3676 208 3734 tilia
227 3675 303 3735 culi.
318 3676 348 3733 7.
364 3673 480 3732 Audiui
498 3685 598 3732 autem
617 3692 723 3732 ‘uocem
739 3673 884 3736 dicentem
938 3673 1040 3755 Πέτρε,
1058 3678 1134 3734 θῦσον
1149 3672 1195 3733 καί
1209 3673 1284 3755 φάγε.
1307 3674 1344 3734 Τί
1361 3673 1406 3734 διά
1422 3673 1526 3734 τούτων
1546 3680 1563 3735 ε’

140 3769 213 3835 mitri
228 3791 237 3823 .·
251 3768 351 3848 Surge,
364 3768 464 3836 Petre,
480 3766 580 3824 occide
592 3776 621 3823 et
636 3765 795 3826 manduca.
808 3767 883 3841 Quid
937 3758 1294 3847 λεται;”1κανδνῆν,φησὶ,
1309 3765 1355 3825 καὶ
1373 3771 1451 3826 τοῦτο
1471 3775 1563 3826 πεῖσαι

138 3882 187 3943 per
205 3860 264 3920 haec
283 3858 371 3920 dicere
391 3859 473 3920 vult?
486 3857 558 3919 Satis
576 3871 645 3937 erat,
663 3857 763 3938 inquit,
782 3860 883 3922 vidisse
937 3863 1034 3917 σασθαι
1047 3857 1096 3931 τὴν
1108 3857 1213 3932 ὀθόνην·
1233 3858 1303 3931 πλὴν
1318 3857 1387 3918 ἀλλά
1399 3857 1445 3918 καί
1463 3858 1563 3940 φωνῆτ

108 3986 112 3993 ·
138 3953 252 4013 linteum
262 3951 298 4012 ud
308 3952 359 4012 hoc
372 3950 601 4033 persuadendum
613 3964 730 4012 attamen
743 3974 801 4013 vox
812 3976 882 4032 quo-
939 3940 1021 4008 hinov
1034 3949 1062 4009 δέ
1069 3974 1075 3987 ·
1088 3953 1233 4028 μηδαμῶς,
1250 3949 1348 4032 Κύριε,
1368 3949 1410 4010 ὅτι
1433 3949 1551 4025 κοινὸνῆ

138 4066 192 4123 que
207 4044 310 4126 adjecta
331 4057 380 4103 est.
397 4043 425 4104 8.
443 4043 517 4102 Dixi
538 4055 638 4102 autem
649 4067 661 4101 .·
674 4045 879 4127 Nequaquam,
900 4061 919 4116 n
937 4043 1061 4103 οὐδέποτε
1074 4046 1193 4116 εἰσῆλθεν
1213 4047 1250 4110 είς
1264 4044 1296 4103 τὸ
1305 4043 1391 4124 στόμα
1405 4066 1465 4122 μου.
1480 4042 1563 4126 Ὁρᾷς

140 4138 277 4209 Domine,
291 4139 362 4217 quia
378 4155 531 4219 commune
545 4147 573 4194 et
594 4137 778 4195 immundum
794 4158 881 4196 num·
937 4134 1065 4208 ἐποίησα,
1080 4135 1175 4216 φησίν·
1190 4126 1273 4209 ε’ίπον,
1290 4135 1331 4195 ότι
1350 4135 1474 4196 οὐδέποτε
1493 4135 1563 4217 ίφαγ

139 4249 229 4309 quam
238 4233 369 4287 introivit
378 4232 411 4287 in
422 4247 453 4287 os
466 4249 571 4288 meum.
579 4227 780 4307 Viden'?quod
791 4252 880 4290 meum
936 4228 1002 4307 πρὸς
1013 4228 1028 4288 θ
1040 4226 1129 4307 ἔλεγον
1143 4229 1246 4302 ίκεῑνοι,
1257 4227 1297 4286 ότι
1306 4229 1435 4298 Εἰσῆλθες
1449 4227 1495 4287 καί
1509 4251 1563 4287 σου

138 4333 205 4396 crat,
216 4321 314 4399 inquit,
327 4321 472 4399 iecizdixi,
486 4322 639 4399 Numquam
654 4321 768 4382 comedi.
779 4323 837 4383 Hoc
845 4323 882 4384 ad
936 4330 999 4388 τοῖς.
1018 4323 1044 4380 T
1045 4328 1104 4381 οῦτο
1123 4318 1150 4379 δέ
1164 4318 1229 4400 πρὸς
1249 4318 1394 4401 Κορνήλιον
1409 4320 1440 4378 οίι
1455 4318 1563 4399 λέγεν.

140 4414 184 4491 id,
200 4413 273 4492 quod
291 4413 416 4474 dicebant
437 4413 479 4472 illi
497 4435 504 4470 t
519 4417 664 4488 introisti,
685 4427 713 4475 et
731 4418 883 4477 comedisti
937 4414 1050 4493 ἀνάγκη.
1065 4411 1205 4493 Ἀπεκρίθη
1219 4411 1248 4473 δέ
1262 4435 1308 4490 μοι
1327 4412 1359 4470 ίκ
1377 4410 1499 4494 δευτέρω
1520 4436 1563 4494 φοι

139 4527 205 4567 cum
227 4504 367 4566 iliis.Hoc
384 4528 449 4569 vero
468 4526 521 4565 non
538 4505 610 4565 dixit
631 4507 778 4568 Cornelio:
796 4530 882 4590 neque
936 4510 1061 4588 οὐρανοῦ·
1075 4505 1116 4564 ii
1129 4504 1196 4572 Θεδς
1210 4503 1367 4584 ἐκιθάρισε,
1381 4502 1412 4564 σθ
1424 4503 1462 4583 μὴ
1474 4505 1563 4565 κοίνου

139 4599 209 4659 enim
222 4621 328 4659 necesse
338 4614 402 4659 crat.
413 4602 441 4661 9.
456 4602 613 4682 Respondit
624 4615 724 4661 autem
737 4605 810 4666 mitt
819 4625 881 4663 uox
937 4599 1038 4679 ἐγένετο
1059 4599 1102 4658 ἐπὶ
1115 4597 1186 4679 τρίς,
1205 4597 1251 4656 καί
1272 4595 1354 4656 παλιν
1375 4597 1529 4671 ἀνεσπάσθη
1545 4597 1564 4657 ά

139 4695 266 4752 secundo
281 4694 317 4752 de
332 4694 404 4753 caelo
419 4718 426 4751 ι
447 4696 518 4772 Quoe
530 4697 611 4754 Deus
625 4695 788 4772 mundavit,
801 4709 832 4755 tu
845 4718 882 4755 ne
936 4693 979 4753 τὸν
991 4690 1110 4771 οὐρανόν.
1125 4690 1178 4750 Καί
1192 4687 1247 4748 ἰδοὺ
1261 4688 1288 4758 ἐξ
1305 4692 1385 4760 αὐτῆς
1402 4697 1473 4769 τρεῖς
1483 4689 1563 4771 ἄνδρε

139 4788 441 4867 communio-dixeris.
454 4789 503 4846 10.
518 4789 583 4846 Hoc
597 4789 822 4868 autemsactum
839 4800 881 4847 est
936 4810 985 4845 σοιν
996 4786 1040 4845 ἐπὶ
1051 4784 1099 4856 τῆν
1108 4782 1202 4858 οἰκίαν,
1214 4786 1241 4842 ἐν
1252 4773 1270 4862 ᾔ
1280 4782 1362 4860 ῆμην,
1374 4782 1561 4860 ἀπεσταλμένο

140 4895 183 4940 ter
196 4907 203 4939 .·
215 4897 242 4942 et
253 4897 383 4943 retracta
399 4897 468 4944 sunt
484 4886 582 4943 omnio
595 4904 711 4942 rursum
723 4886 756 4940 in
765 4883 879 4942 coelrtm.
936 4876 1042 4959 σορείας
1055 4875 1120 4959 πρός
1143 4899 1186 4954 με.
1206 4874 1290 4955 Ἄπερ
1303 4877 1436 4955 ἀναγκαῖα
1457 4868 1489 4949 ἦν
1514 4877 1563 4949 διη·

139 4977 186 5034 tt.
202 4979 242 5035 Et
259 4997 325 5037 ecce
343 4980 403 5037 uiri
418 4989 475 5039 tres
487 4978 642 5060 confestim
655 4977 833 5035 adstiterunt
850 4979 882 5033 in
936 4973 1003 5031 άλλα
1019 4969 1045 5029 δὲ
1062 4978 1166 5050 σιωπᾷ·
1185 4971 1284 5048 μᾶλλον
1300 4968 1328 5030 u
1343 4969 1387 5029 διά
1399 4968 1499 5030 τούτων
1516 4970 1563 5031 καὶ

173 5187 183 5212 ·
196 5171 241 5223 Atti
254 5182 314 5228 ἀλλὰ
326 5183 363 5229 καὶ
375 5182 507 5243 τούναντίον,
519 5181 543 5229 οῦ
555 5187 622 5242 μόνον
635 5183 679 5246 πρὸ
691 5185 738 5229 τοῦ.
