3728 5978
521 455 524 458 ’
629 473 664 521 ιιι
691 469 797 520 srtsr.
828 467 873 516 tn
898 466 981 515 nou.
1009 461 1128 518 uoutu.
1156 464 1192 517 v;
1582 503 1587 513 .
1630 441 1701 542 507

132 592 222 656 στείαν
236 592 443 677 περιύέβλησαι,
454 594 626 678 λαμπρότερα
638 593 846 678 κατορθώματα·
858 590 912 652 καὶ·
956 614 972 651 a
990 612 1124 674 paupere3
1147 593 1171 653 si
1190 590 1361 675 prudentior,
1383 593 1471 673 major
1488 589 1656 667 obedientie
1675 595 1708 653 si'

131 688 177 747 ἐπὶ
191 688 298 748 πάντων
309 687 399 748 δὲτῶν
413 689 499 747 ἀλλων
515 687 582 747 οὕτω
596 687 661 771 πρὸς
674 687 722 761 τλν
736 689 847 765 δύναμιν
858 683 904 745 καλ
956 684 1076 765 potentia
1099 685 1210 764 valeas,
1235 684 1382 745 illustriora
1407 705 1488 766 opera
1504 709 1511 744 ι
1529 684 1557 744 in
1584 684 1699 766 aliisque

130 780 166 840 τδ
190 779 275 860 μίτρα
297 779 427 847 εἰσοίσεις,
451 780 522 849 Δόξα
544 780 571 841 δὲ
593 782 638 840 καὶ
662 779 727 858 τιμὴ
747 778 793 840 καὶ
812 777 902 859 εἰρήνη
919 776 938 823 Ε
956 776 1083 836 omnibus
1093 777 1152 858 puri
1163 776 1404 858 rationcpruvirili
1417 789 1443 835 el
1454 774 1622 858 promodulo
1631 773 1699 838 con-

131 872 213 932 παντί
226 876 265 954 τῷ
276 873 442 954 ἐργαζομένῳ
453 874 484 934 τδ
495 875 602 953 ἀγαθόν,
616 874 736 957 Ἰουδαίῳ
746 896 775 933 τε
788 877 903 956 πρῶτον,
955 869 1033 927 seres.
1045 871 1093 928 10.
1110 870 1225 944 Gloria,
1242 872 1381 931 honoret
1396 890 1458 951 pax
1472 875 1554 929 omni
1567 876 1701 952 ομαναηίί

131 965 177 1024 καλ
189 964 314 1036 Ἕλληνι.
334 967 414 1026 Ποῖον
430 966 555 1025 Ἰουδαῖον
570 968 682 1027 ἐνταῦθά
697 990 793 1048 φησιν,
810 965 827 1036 ἢ
842 961 904 1043 περὶ
957 965 1701 1049 bonum,ludoeoprimumetGraeco.Quemludaeum

130 1055 214 1116 ποίοιν
228 1056 364 1130 Ἑλλήνων
380 1057 544 1137 διαλίγεται;
562 1061 625 1119 Τῶν
642 1059 695 1141 πρδ
711 1063 759 1130 τῆς
778 1063 824 1116 τοῦ
839 1057 904 1136 Χρι-
956 1057 1002 1116 hic
1012 1056 1331 1139 ωειαοται,αιόε“ἠυὶδυα
1340 1058 1444 1119 Graecis
1455 1058 1647 1139 loquiturllle
1656 1058 1701 1136 iis,

131 1154 194 1209 oro'ti
204 1149 357 1231 παρουσίας.
367 1149 453 1209 Ούπω
462 1149 513 1230 γδρ
522 1154 558 1217 είς
567 1150 627 1217 τοὺς
637 1156 684 1222 τῆς
692 1149 801 1232 χοίριτος
808 1148 905 1230 ἔφθασε
956 1149 1003 1228 qui
1016 1163 1078 1209 ante
1089 1150 1191 1210 Christi
1199 1151 1345 1214 adventurn
1356 1151 1431 1211 fuere
1440 1149 1578 1210 :nundum
1584 1150 1656 1211 enim
1664 1150 1702 1211 ad

130 1240 241 1322 χρόνους
254 1241 367 1322 δλόγος,
382 1243 439 1302 ἀλλ’
452 1241 490 1301 ἔτι
502 1250 556 1308 τοῖς
567 1241 690 1323 ἀνωτέρω
700 1240 804 1322 χρόνοις
816 1241 904 1298 ίνδια-
956 1242 1050 1322 gratie
1058 1255 1163 1325 tempus
1169 1244 1396 1325 pervcnitsermo,
1404 1241 1490 1302 sedde
1498 1241 1628 1324 superiori
1635 1255 1702 1304 tem·

130 1334 232 1416 τρίδει,
246 1341 431 1416 προκαθαιρῶν
443 1335 586 1417 πύρρωθεν,
597 1336 643 1395 καλ
655 1340 769 1414 ἀναιρῶν
782 1333 813 1392 τδ
824 1331 903 1410 μέσον
956 1357 1022 1417 pore
1032 1334 1163 1415 loquitur,
1168 1337 1227 1417 jam
1234 1334 1313 1416 prius
1322 1333 1357 1395 de
1366 1333 1456 1394 medio
1465 1333 1562 1394 tollens
1572 1328 1708 1394 differen-¹

132 1434 178 1486 τοῦ
192 1426 326 1500 Ἕλληνος
338 1429 384 1488 καὶ
397 1433 442 1487 τοῦ
459 1429 603 1502 Ἰουδαίαν,
626 1427 671 1504 ἵν’,
686 1428 750 1487 όταν
762 1421 790 1487 ἓν
804 1431 838 1505 τῇ
852 1424 905 1505 ppi-
953 1428 1023 1487 tiam
1036 1429 1163 1488 Graecum
1177 1428 1247 1487 iuter
1263 1449 1309 1487 seu
1324 1425 1451 1508 gentilem
1471 1439 1497 1486 et
1510 1425 1653 1503 Judaeum5
1670 1440 1702 1486 ut

133 1542 186 1598 ριτι
202 1527 280 1580 τοῦτο
294 1525 373 1600 ποιῇ,
393 1520 490 1597 μηκίτι
503 1520 563 1602 δόξῃ
579 1519 669 1581 καινόν
683 1544 710 1580 τι
724 1519 769 1578 καλ
782 1516 905 1599 φορτικόν
958 1542 1019 1580 cum
1031 1520 1060 1580 in
1074 1519 1166 1600 gratiae
1176 1534 1296 1602 tempore
1305 1519 1333 1578 itl
1342 1520 1450 1596 iaceret,
1461 1540 1514 1579 non
1524 1539 1566 1579 res
1575 1532 1702 1602 novanut

132 1614 256 1672 ἕπονοοῐν·
279 1614 314 1670 Ei
327 1613 379 1693 γὰρ
399 1616 492 1680 ἕντοῖς
506 1612 760 1694 ἄνωτίρωχρόνονς,
774 1609 818 1670 ὅτε
831 1610 905 1669 οὗπω
957 1636 1069 1676 onerosa
1091 1616 1240 1677 rideretur}
1260 1616 1290 1676 si
1312 1615 1383 1675 euim
1403 1614 1431 1674 in
1450 1615 1539 1697 prisco
1562 1615 1610 1675 illo
1631 1628 1702 1676 tem-

132 1708 150 1775 ἡ
173 1704 252 1785 χόρος
266 1696 299 1777 ἦν
313 1705 502 1786 ἕκλᾶμψασαη
516 1707 649 1778 τοσαύτη,
669 1703 712 1764 διε
725 1703 759 1762 τά
772 1708 825 1763 τῶν
840 1704 906 1761 Ἰου-
958 1729 1033 1790 pore,
1049 1729 1112 1768 eum
1130 1708 1251 1769 noudum
1269 1721 1343 1768 tauta
1366 1708 1452 1789 gratia
1471 1707 1610 1767 effulserat
1616 1731 1625 1784 ρ
1640 1729 1703 1767 cum

133 1795 215 1854 δαίων
229 1797 313 1873 σεμνδι
327 1797 372 1855 καὶ
385 1797 532 1878 περιόόητα
551 1798 597 1857 καὶ
612 1797 724 1880 λαμπρά
737 1794 811 1878 παρδ
824 1805 905 1856 πᾶσιν
959 1822 1001 1860 res
1019 1800 1177 1863 Judaeorum
1200 1800 1379 1878 bonorandae,
1400 1799 1519 1860 illustres
1540 1812 1567 1859 et
1586 1799 1703 1859 celebres

132 1878 185 1960 ἶλν,
199 1888 272 1948 οὐδὲν
293 1881 325 1961 ἦν
347 1888 377 1948 τό
392 1890 481 1966 μέσον,
497 1888 556 1948 τίνα
571 1889 602 1947 δν
617 1889 701 1970 ἔχοιεν
716 1889 806 1948 λοιπὸν
821 1890 904 1946 εἰπεῖν
911 1945 948 1984 453
958 1891 1032 1973 apud
1046 1913 1139 1952 omnes
1151 1891 1331 1971 habebantur,
1344 1891 1452 1950 nullum
1469 1904 1526 1950 erat
1537 1889 1702 1950 discrimen:

132 1980 211 2058 λόγον
230 1980 298 2059 μετὰ
309 1979 357 2052 τὴν
371 1981 502 2052 τοσαύτην
517 1986 565 2053 τῆς
578 1980 686 2063 χάριτος
698 1979 837 2053 ἐπίδειξινς
852 1978 905 2038 dul
920 1998 940 2045 A
958 2004 1041 2062 quam
1053 1983 1164 2044 demum
1178 1982 1307 2043 rationem
1320 1983 1416 2041 afferre
1429 1995 1553 2063 poteraut
1565 1995 1627 2064 post
1639 1994 1716 2042 tun·-

132 2096 175 2132 τοι
194 2081 271 2134 τοῦτο
291 2073 337 2133 καί
358 2074 426 2152 μετὰ
448 2076 550 2146 πολλῆς
570 2075 635 2134 αὐτὸ
654 2073 845 2143 κατασκευάζει
858 2076 905 2144 τῆς
958 2089 1014 2136 tam
1036 2076 1128 2157 gratiae
1149 2075 1364 2136 exhibitionem?
1383 2074 1500 2155 ideoque
1522 2095 1621 2156 magno
1640 2091 1714 2136 cum'

133 2167 258 2238 σπουδῆς.
283 2164 340 2226 Καὶ
359 2166 410 2247 γάρ
428 2170 442 2225 ύ
464 2165 597 2246 ἀκροατὴς
613 2174 689 2226 τοῦτο
704 2164 796 2244 μαθὼν
809 2167 836 2222 ἐν
852 2173 907 2233 τοῖς
958 2168 1049 2229 studio
1062 2167 1093 2228 id
1106 2169 1212 2250 probat.
1227 2168 1336 2228 Etenim
1350 2168 1459 2228 auditor
1482 2167 1592 2228 edoctus
1603 2165 1704 2250 idjam

134 2257 261 2337 ἀνωτέρω
274 2258 377 2340 χρόνοις
391 2264 513 2338 κρατοῦν,
533 2260 624 2338 πολλῷ
647 2260 747 2336 μᾶλλον
770 2254 838 2336 μετδι
858 2256 906 2330 τὴν
957 2261 1054 2343 priscis
1063 2261 1231 2343 temporibus
1243 2261 1370 2339 valuisse,
1378 2261 1465 2321 multo
1479 2261 1565 2342 magis
1579 2275 1640 2343 post
1656 2282 1703 2321 oc·

133 2349 225 2407 πίστιν
239 2349 518 2429 αύτδ·παρσιδε’ξεται.
544 2348 679 2422 Ἕλληνας
691 2350 719 2409 δὲ
734 2347 846 2409 ἐνταῦθά
857 2370 907 2426 pn·
960 2367 1065 2435 ceptam
1081 2353 1163 2414 fidem
1177 2353 1207 2413 id
1225 2353 1392 2414 admissurus
1411 2367 1477 2414 erat.
1493 2356 1704 2415 Graecosautem

133 2465 194 2514 σιν,
208 2445 238 2500 οὔ
250 2442 310 2510 τοὺς
328 2443 590 2521 εἷδωλολατροῢντας,
605 2441 673 2501 ἀλλὰ
684 2441 743 2510 τοὺς
757 2439 909 2500 taureduno-
960 2467 1007 2506 seu
1022 2447 1133 2527 gentiles
1144 2446 1190 2507 hic
1200 2461 1291 2522 νοσαι,
1302 2469 1354 2507 non
1368 2445 1535 2523 idololatras,
1545 2446 1591 2508 sed
1601 2449 1704 2528 eosqui

133 2557 192 2608 τας,
211 2533 271 2600 τοὺς
291 2539 330 2616 τῷ
351 2539 453 2616 φυσικῷ
472 2535 641 2613 πειθομένους
655 2534 748 2614 νόμῳ,
761 2531 821 2601 τοὺς
837 2532 907 2606 πλὴν
960 2541 1048 2600 Deum
1067 2538 1198 2615 nolebant,
1216 2540 1265 2618 qui
1284 2538 1400 2597 naturali
1421 2539 1475 2618 legi
1496 2539 1637 2620 parebant,
1657 2540 1717 2620 qui‘

134 2627 188 2682 τῶν
207 2625 358 2686 Ἰουδαϊκῶν
374 2626 585 2706 παρατηρήσεων
602 2625 690 2685 πάντα
703 2625 737 2684 tl
751 2625 817 2707 πρὸς
832 2625 907 2683 etat·
960 2630 1506 2712 praeterJudaicasobservatiunesomnia,
1517 2632 1621 2712 quaead
1631 2633 1706 2715 piam

134 2716 211 2775 ὄειαν
234 2721 407 2778 συντελοῦντα
427 2719 631 2798 διατηροῦντας·
652 2709 701 2777 οἶσι
719 2708 788 2790 ἦσαν
803 2719 829 2776 οἱ
846 2717 908 2797 περὶ
960 2721 1118 2801 religionem
1133 2736 1291 2803 spectarent,
1306 2723 1485 2783 observabant
1501 2747 1508 2780 ε
1525 2725 1617 2803 quoles
1631 2738 1706 2785 erant

135 2807 181 2866 τὸν
193 2809 378 2890 Μελχισεδὲχ,
394 2802 446 2876 οἶος
459 2802 491 2882 ἧν
507 2809 612 2882 δ’ίὼό,
626 2801 675 2869 οἶοι
685 2801 753 2882 ἦσαν
767 2811 792 2870 οἱ
803 2811 908 2869 Νινευῐ-
961 2813 1159 2873 Melchisedech
1172 2827 1197 2873 et
1206 2815 1270 2886 lob,
1280 2815 1373 2893 quales
1381 2827 1456 2873 eraut
1467 2814 1606 2893 Ninivitas,
1617 2817 1706 2896 qualis

131 2923 197 2974 ται,
216 2893 269 2968 οἷος
286 2893 318 2974 ἦν
332 2906 346 2961 ὁ
361 2903 513 2980 Κορνήλιος.
538 2902 610 2973 Ἤδη
624 2901 711 2960 τοίνυν
725 2899 907 2982 προδιορύττει
961 2904 1113 2966 Cornelius.
1126 2908 1188 2967 lam
1196 2905 1286 2985 itaque
1295 2905 1495 2965 distinctionem
1506 2906 1577 2967 inter
1586 2908 1704 2970 circum·

131 2994 182 3062 τῆς
199 2997 344 3072 περιτομῆς
367 2993 413 3052 καὶ
436 2999 484 3066 τῆς
500 2992 677 3074 exposuerim<
698 2993 729 3052 τὸ
749 2992 839 3070 μέσον,
861 2992 942 3052 καλο
962 2998 1127 3058 cisiouemet
1139 2999 1305 3080 praeputium
1315 2999 1449 3060 suffodere
1459 3000 1565 3083 incipit,
1575 3005 1705 3085 et'procul

132 3085 269 3164 πόρρωθεν
289 3085 389 3158 ταύτην
409 3086 589 3168 προκαταλύει
612 3085 660 3158 τὴν
683 3084 823 3166 διαρορδιν,
838 3083 907 3145 ὥστε
961 3090 1038 3151 illam
1051 3091 1232 3151 differentiam
1245 3091 1420 3172 aggreditur3
1435 3094 1473 3153 ita
1488 3109 1518 3155 ut
1533 3108 1559 3154 ct
1577 3095 1636 3156 sine
1648 3097 1706 3156 ulla

132 3176 181 3236 καί
195 3179 351 3246 ἀνυπόπτως
365 3181 428 3239 αὐτὸ
441 3185 568 3252 ποιῆσαι,
584 3177 630 3238 καί
646 3177 673 3247 ἐξ
688 3177 778 3258 ἑτέρας
791 3177 908 3258 ἀνάγκης
961 3183 1114 3265 suspicione
1126 3183 1157 3244 id
1170 3183 1260 3260 saciat,
1276 3184 1301 3244 et
1317 3185 1417 3245 exalia
1433 3187 1588 3249 necessitate
1603 3190 1631 3250 in
1647 3211 1706 3250 eum

134 3274 171 3337 είς
187 3274 263 3329 τοῦτο
278 3270 417 3348 ἐμύαλεῖν·
432 3272 496 3353 ὅπερ
507 3273 550 3331 ἀεὶ
559 3277 607 3343 τῆς
618 3270 746 3338 συνέσεώς
757 3275 828 3331 ἐστιν
842 3272 907 3331 ἴδιον
961 3297 1019 3336 rem
1035 3297 1063 3336 se
1075 3277 1210 3359 conjiciat,
1223 3276 1296 3357 quod
1305 3279 1457 3359 apostolice
1470 3279 1621 3361 prudentie
1631 3304 1705 3343 sem-

133 3366 183 3434 τῆς
204 3367 389 3436 ἀποστολικῆς,
414 3367 448 3423 Εἰ
474 3364 521 3441 μὲν
536 3363 588 3444 γὰρ
603 3365 647 3423 ἐπὶ
664 3368 717 3422 τῶν
731 3367 831 3444 καιρῶν
846 3363 909 3424 αύτδ
961 3389 1010 3450 per
1023 3369 1162 3451 proprium
1183 3370 1245 3429 luit.
1267 3371 1336 3430 Nam
1352 3370 1375 3429 si
1390 3370 1418 3430 id
1432 3372 1525 3451 gratim
1538 3376 1706 3457 temporibus

134 3461 183 3527 τῆς
196 3455 302 3537 χάριτος
312 3455 416 3528 ἔδειξεν,
434 3454 518 3523 ἔδοξεν
531 3455 561 3512 ἂν
573 3455 674 3526 πολλὴν
686 3453 800 3535 ὑποψίαν
812 3455 883 3536 ἔχειν
895 3460 909 3514 ύ
935 3470 939 3478 ’
962 3461 999 3520 ita
1013 3482 1041 3520 se
1050 3461 1177 3522 habuisse
1189 3460 1336 3537 docuisset,
1351 3464 1437 3523 multa
1450 3464 1602 3545 suspicione
1611 3467 1707 3548 plenus

133 3549 222 3628 λόγος·
241 3550 271 3608 τὸ
285 3547 312 3606 δὲ
327 3547 497 3628 διηγούμενον
507 3547 555 3620 τὴν
570 3548 736 3627 κατέχουσαν
751 3547 795 3606 τδν
808 3547 909 3626 κύσμον
962 3575 1048 3613 sermo
1059 3553 1170 3614 habitus
1183 3554 1279 3614 suisset
1292 3579 1299 3614 ι
1313 3555 1388 3634 quod
1402 3570 1492 3617 autem
1511 3556 1547 3617 de
1566 3559 1672 3619 malitia
1681 3574 1707 3620 et

135 3641 231 3700 κακίαν
245 3641 312 3700 *καλ
323 3641 460 3723 πονηρίαν,
481 3644 511 3700 ἐκ
526 3645 573 3712 τῆς
588 3639 855 3723 ἀκολουθίαςέκείνης
872 3644 909 3709 οἷς
961 3646 1136 3727 perversitate
1152 3646 1274 3726 loquens,
1293 3668 1352 3726 quae
1367 3661 1432 3708 tunc
1446 3649 1579 3709 mundum
1593 3670 1706 3732 occupa·

134 3734 179 3793 τὸν
193 3733 252 3814 περλ
266 3733 363 3794 τούτων
379 3732 493 3812 ἐμύῆναι
505 3731 591 3810 λόγον,
605 3730 753 3791 ἀνύποπτον
764 3730 846 3791 ἐποίει
860 3731 909 3805 τὴν
960 3735 1018 3811 bat,
1034 3755 1069 3794 ex
1082 3733 1200 3814 quadam
1213 3735 1282 3794 serie
1297 3736 1325 3794 in
1339 3735 1412 3795 bunc
1424 3758 1572 3797 sermonem
1591 3739 1706 3799 incidis-

136 3825 317 3885 διδασκαλίαν.
701 3840 704 3846 ·
961 3840 1012 3898 set,
1030 3847 1083 3885 uon
1095 3840 1246 3907 suspectam
1256 3825 1408 3886 doctrinam
1420 3827 1560 3887 reddebat.

176 3926 230 3986 Καί
243 3931 283 3986 ότι
296 3932 374 3986 τοῦτο
394 3927 529 4007 βούλεται,
544 3929 589 3988 καὶ
603 3929 646 3988 διδι
658 3936 735 3990 τοῦτο
749 3928 818 3988 ulitur
834 3928 908 3989 συνί-
923 3939 942 3986 C
1001 3919 1029 3976 ί·
1047 3917 1127 3990 Q¹¹⁰d
1148 3932 1238 4007 autem
1253 3919 1324 3978 lund
1346 3919 1374 3978 5¹¹
1388 3940 1468 4000 sc⁰P⁰
1481 3920 1580 3982 lubeat
1594 3923 1705 4000 P³⁰l¹¹⁵a

135 4025 211 4094 οηκε,
228 4021 305 4091 δῆλον
317 4022 423 4079 ἐκεῖθεν,
442 4022 476 4078 Ep
498 4021 534 4098 μὴ
546 4020 597 4102 γὰο
611 4027 688 4081 τοῦτο
702 4021 844 4090 ροοοοοδοζο
857 4044 908 4079 χο.
961 4023 988 4069 et
1000 4009 1038 4069 sic
1051 4008 1113 4069 ideo
1126 4031 1183 4069 rem
1195 4009 1382 4091 composuerit,
1402 4009 1467 4070 binc
1481 4011 1570 4092 palam
1584 4027 1633 4074 est.
1648 4016 1706 4076 Nisi

135 4111 309 4179 mmm„
322 4112 399 4191 ἦρχε,
411 4113 527 4186 phorm,
537 4112 578 4171 g„
589 4111 665 4172 Κοοο
678 4111 727 4185 ογ,
740 4111 909 4192 mppr-,14
961 4103 1034 4162 enim
1043 4101 1071 4162 id
1081 4103 1195 4184 probare
1202 4101 1359 4179 studuisset,
1375 4108 1517 4184 postquam
1531 4106 1648 4186 discum,
1658 4110 1707 4170 Se·

136 4227 184 4263 σου
205 4203 250 4263 καλ
275 4204 454 4283 ἀμετανόητον
478 4204 589 4285 καρδίαν
613 4204 778 4284 θησαυρίζεις
805 4206 908 4285 σεαυτῷ
961 4196 1088 4255 cundum
1097 4196 1237 4253 ‘insiliam
1253 4199 1628 4276 luamelimpoenlfemwr
1641 4205 1706 4263 ⁸7⁸⁶·

136 4295 217 4376 ὀργὴν
241 4299 267 4355 ἐν
293 4296 382 4376 ἡμέρᾳ
408 4299 496 4375 ὀργῆς,
521 4296 673 4357 παύσασθαι
694 4302 741 4369 τῆς
762 4295 909 4362 ὑποθέσεως
962 4292 1096 4349 saurizas
1120 4290 1174 4346 tibi
1195 4291 1270 4347 iram
1290 4291 1322 4346 in
1337 4290 1461 4364 dieiroe,
1478 4290 1508 4351 id
1523 4293 1587 4353 satis
1601 4295 1707 4375 fuisset,

136 4388 251 4460 ταύτης·
270 4390 314 4448 καὶ
335 4390 386 4470 γὰρ
407 4389 591 4467 ἀπηρτισμένη
609 4379 652 4459 ἦν.
673 4388 743 4448 Ἀλλ’
767 4386 856 4460 ἐπειδὴ
880 4390 910 4445 οὐ
962 4397 988 4442 et
1003 4404 1032 4443 re
1050 4384 1167 4465 perfectu
1180 4383 1362 4444 claudendum
1373 4399 1429 4444 erat
1443 4386 1495 4446 hoc
1510 4399 1708 4469 argumentum.

135 4486 214 4540 οοηοο
224 4472 256 4553 ἦ,
269 4484 340 4561 αὐτῷ
354 4482 384 4540 τὸ
402 4481 571 4559 ζητούμενον,
582 4480 642 4561 περὶ
658 4480 769 4561 κρίσεως
783 4480 860 4558 μόνον
875 4483 910 4538 εἰ·
964 4478 1068 4538 Verum
1082 4475 1210 4553 quianon
1226 4474 1269 4534 illi
1282 4474 1310 4533 in
1330 4477 1469 4557 proposito
1492 4494 1549 4539 erat
1569 4482 1708 4544 defuturo

137 4582 197 4632 πεῖν
218 4578 265 4646 τῆς
286 4572 448 4651 μελλούσης,
471 4573 540 4634 ἀλλά
566 4573 611 4633 καὶ
632 4572 715 4641 δεῖξαι
734 4573 808 4632 οὐδὲν
829 4572 909 4632 πλέον
961 4565 1181 4647 judicitt'tantum
1197 4586 1287 4646 agere,
1300 4567 1346 4626 scd
1364 4568 1621 4633 ostenderevolebat
1638 4576 1708 4636 nihil

137 4665 232 4745 itm
243 4667 287 4725 οο,
302 4667 429 4727 ’γοοδοῑοο
448 4672 494 4725 τοῦ
509 4666 626 4727 turudum
640 4665 789 4738 Ἕλληνος,
807 4663 851 4723 ἵνα
871 4662 908 4742 μὴ
962 4659 1025 4740 plus
1038 4658 1136 4719 habere
1147 4658 1286 4737 Judaeum,
1300 4680 1382 4738 quam
1389 4662 1516 4722 Graecum
1533 4664 1705 4745 hujusmodi,

139 4758 208 4836 μροο
219 4764 317 4839 οοοοῇ,
331 4758 607 4839 οοοοοοοποοοοτέρω,
619 4757 664 4816 καὶ
681 4756 753 4826 τάξει
769 4754 909 4837 κέχρηται.
964 4772 997 4810 ne
1020 4749 1132 4812 Judaeus
1151 4751 1237 4809 altum
1261 4765 1375 4831 saperet,
1401 4753 1471 4812 ultra
1484 4755 1666 4838 progreditur,
1683 4773 1709 4818 et

139 4852 241 4911 Σκόπει
255 4851 302 4910 δέ·
317 4851 431 4932 ἐρόδησε
444 4852 487 4911 τὸν
503 4851 650 4933 ἀκροατὴν,
666 4849 821 4932 ''lu-igunto
839 4855 912 4928 αὐτῷ
964 4841 1060 4902 ordine
1071 4843 1165 4902 utitur.
1179 4842 1317 4923 Perpeude
1326 4846 1590 4907 autemzauditorem
1601 4853 1707 4931 terruit,

138 4943 188 5015 τὴν
198 4944 300 5026 ἡμέραν
316 4944 364 5018 τὴν
378 4944 503 5025 φορεογο,
517 4935 588 5003 εἷπε,
602 4944 661 5003 οοο,
676 4941 757 5002 ,οχον
774 4947 808 5022 τῇ
826 4963 911 5013 πονη-
966 4936 1216 4994 tremendamillam
1225 4935 1297 4995 diem
1313 4935 1389 5013 quasi
1405 4937 1530 5016 intonuit,
1540 4940 1612 5002 dixit
1624 4966 1710 5023 quan·

142 5033 185 5116 ρίιρ
206 5041 299 5117 σοζῇν,
320 5036 415 5104 ἔδειξεν
437 5036 529 5095 οὐδένα
553 5035 578 5104 ἐξ
600 5033 706 5114 ἀγνοίας
727 5032 912 5115 ἁμαρτάνοντα
929 5041 949 5089 Ι)
967 5043 1025 5088 tum
1039 5042 1107 5088 esset
1120 5029 1222 5088 malum
1240 5028 1267 5087 in
1285 5028 1404 5107 nequitia
1418 5030 1520 5110 virere,
1536 5036 1651 5098 ostendit
1665 5061 1711 5100 ue-

175 5212 185 5233 *
204 5196 261 5247 Duo
272 5198 331 5247 llus.
344 5199 438 5263 [em]
452 5203 607 5258 καταδίξεται.
983 5194 995 5232 b
1014 5195 1069 5245 Duo
1081 5194 1138 5243 llss.
1152 5194 1244 5260 [etl]
1257 5202 1401 5261 ἀπετείχισεν,
1415 5197 1496 5247 minus
1506 5210 1582 5252 recte.

176 5276 185 5297 ¹
204 5275 255 5336 [καί
266 5281 310 5330 οἷον
321 5285 416 5344 τελευτᾷ
426 5288 456 5331 τὰ
465 5291 503 5337 τῆς
516 5287 621 5344 πονηρίας
632 5279 659 5326 Α.
674 5288 698 5326 ct
718 5292 797 5344 marg.
810 5274 901 5341 Sutil]
