3728 5978
591 458 625 505 ΙΝ
653 457 742 506 ACTA
768 455 1032 504 urosromuuu.
1059 455 1181 504 tiotttt..
1212 457 1260 504 tx.
1654 459 1696 529 91

129 583 166 651 τῆς
179 584 224 638 ταῦ
235 580 337 648 παιδὸς
349 581 473 661 αιραλῆς
482 582 531 640 αὖοι
544 579 576 639 δν
597 579 678 661 dquam
691 578 823 654 ἀπελθὼν,
837 601 904 659 τρα-
959 577 1037 659 pueri
1044 592 1126 660 eaput
1138 598 1192 638 uon
1202 591 1325 658 tangerer
1334 597 1464 657 egressus,
1475 589 1631 638 otmensarn
1644 591 1702 638 tan

130 674 197 743 πέζης
209 669 346 751 δδᾶπτη,
361 671 409 731 καὶ
427 674 459 732 οῦ
473 671 591 753 ρρίττιις
610 670 668 732 mat
687 672 817 744 δέδοικας
832 670 905 749 Πρδς
957 669 1010 748 gis,
1023 689 1109 748 noque
1123 668 1351 730 exhorresoisneo
1363 667 1513 729 formidas?
1526 667 1569 727 Ad
1578 689 1622 728 me
1635 668 1703 728 tales

132 765 168 842 lui
180 763 239 830 τοῦς
248 763 392 831 τοιούτους
405 764 472 843 σίγα·
488 764 543 843 δρία
562 763 679 839 δικάσω,
697 764 743 824 καί
763 762 904 844 χαίροντας
957 758 1086 821 adducito
1100 782 1107 818 ι
1120 780 1171 840 ego
1181 759 1318 841 judicium
1331 761 1425 845 seram,
1436 773 1463 819 et
1475 759 1569 820 ambos
1585 757 1703 840 gauden-

133 855 260 934 ίιστίρσυς
278 854 455 935 ἀποπίμψω.
469 854 509 916 Ὃ
529 855 668 935 βούλεσθε,
685 862 803 915 ποιεῖτε·
826 853 905 932 νόμον
958 864 998 911 tes
1007 850 1154 911 remittam.
1162 849 1244 923 Quod
1259 850 1409 930 volueritis,
1419 849 1607 930 fadre310gem
1618 870 1705 932 pono,

133 948 211 1023 τίθημι
231 944 305 1024 μηδὲ
328 944 401 1014 ὅλαις
420 945 544 1026 ὀμνύναι.
570 947 642 1006 Ποία
662 943 794 1026 σωτηρίας
815 944 906 1018 ίλπὶς,
958 945 1307 1025 neomninojuretur.Quae
1315 944 1704 1026 salutisspessicnobisomnia

133 1038 200 1104 siue
209 1042 290 1116 ἡμῶν
305 1038 402 1099 πάντα
414 1037 574 1109 modorum
584 1038 629 1099 tu
639 1046 906 1118 τοῦταγραμματιῖα,
958 1038 1215 1119 pessumdantibus?
1231 1036 1292 1098 ideo
1303 1038 1476 1120 syngrapha,
1490 1037 1551 1098 ideo
1561 1038 1702 1119 symbola,

134 1132 250 1190 διῦτῶτο
262 1129 441 1208 συμῦύλαια,
461 1129 506 1189 ἵνα
518 1129 668 1209 καταδύσης
680 1130 729 1203 τὴν
743 1136 840 1191 σαυτοῦ
855 1135 905 1211 ία-
959 1144 989 1189 υι
998 1144 1074 1190 tuam
1086 1130 1211 1191 immoles
1223 1128 1365 1190 animam?
1378 1130 1444 1209 quid
1460 1143 1567 1190 tantum
1576 1130 1702 1211 lucraris,

133 1222 187 1302 χούς
199 1222 227 1280 τί
239 1230 372 1283 τοσοῦτον
384 1222 545 1305 οιερδαίνεις,
555 1221 616 1284 door
628 1222 780 1297 ἀπαλλύεις;
789 1221 906 1305 Ἐπιύρ-
959 1235 1090 1302 quantum
1101 1222 1214 1305 perdis?
1226 1222 1381 1302 Pejeraviti'
1395 1219 1539 1281 Perdidisti
1551 1235 1577 1281 et
1588 1221 1667 1282 illurn
1678 1237 1705 1283 et

134 1339 215 1388 ιςαενς
235 1313 399 1382 ’λπτύλεσαις
423 1320 545 1375 κάκεῖνον
566 1315 612 1375 καί
641 1314 746 1376 σαυτόν.
766 1313 836 1375 Ἀλλ’
859 1317 907 1375 οὐκ
923 1324 940 1372 Β
957 1315 1084 1395 teipsum.
1098 1315 1153 1377 Sed
1169 1336 1222 1377 non
1233 1314 1364 1396 pejeravit
1375 1315 1389 1374 i
1399 1314 1491 1374 Etiam
1500 1313 1539 1377 sic
1550 1313 1704 1396 perdidisti,

136 1406 287 1486 ἐπιώρκησα,
301 1407 361 1467 Καὶ
375 1406 461 1475 αίιτως
470 1405 624 1478 ιἰπιύλιασς,
637 1407 792 1488 παραύῆναι
804 1405 854 1480 τὴν
870 1410 906 1468 ἐν·
958 1407 1007 1486 qui
1017 1408 1137 1489 coegeris
1145 1421 1312 1491 preceptum
1322 1405 1483 1487 transgredi.
1492 1405 1571 1473 Hunc
1579 1407 1704 1466 morbum

136 1499 199 1570 πλὴν
216 1500 391 1579 ἀναμίσας.
405 1498 592 1579 Ἐξιλιίσωμιν
610 1500 726 1561 ταῦτατὸ
736 1500 842 1577 νόσημα
852 1499 907 1560 ἀπὸ
958 1500 993 1559 ab
1006 1499 1096 1563 amma
1108 1500 1275 1581 expellamus
1280 1522 1289 1574 ς
1305 1498 1413 1558 interim
1426 1500 1511 1557 aloro
1526 1498 1706 1579 illumejicia·

136 1595 281 1672 τῇςῦοχῆς·
292 1590 367 1659 τέως
381 1591 436 1652 ἀπὸ
447 1595 496 1664 τῆς
510 1593 607 1671 ἀγορᾶς
617 1591 680 1651 αὐτὸ
694 1590 839 1670 διιύξωμιν,
852 1591 906 1651 aut
958 1613 1030 1672 mus,
1048 1614 1064 1651 a
1078 1592 1199 1652 tabernis
1218 1603 1409 1666 mercatorum,
1419 1604 1446 1650 et
1459 1612 1476 1650 a
1489 1591 1601 1670 reliquis
1617 1591 1704 1650 offici-

135 1687 172 1741 τἰν
184 1683 414 1757 παντσαωλιίων,
438 1684 492 1742 ἀπὸ
510 1687 564 1742 τῶν
584 1685 684 1743 λοιπῶν
703 1682 903 1764 ἐργαστηρίων·
959 1686 1001 1745 nis
1012 1709 1019 1742 ι
1030 1686 1118 1767 major
1131 1685 1209 1746 nobis
1227 1685 1291 1745 binc
1315 1697 1464 1766 proventus
1474 1683 1535 1744 erit.
1550 1684 1591 1743 Ne
1603 1684 1705 1764 putetis

136 1775 213 1849 μίζων
222 1779 237 1835 δ
247 1774 337 1857 πόρος
346 1780 416 1853 ἡμῖν
429 1775 514 1835 ἔσται.
528 1773 576 1848 Μὴ
590 1775 715 1853 νομίσητε
726 1774 771 1835 διδ
783 1780 836 1835 τιῦν
850 1799 904 1835 πα-
959 1799 1006 1858 per
1018 1777 1255 1858 transgressionem
1277 1774 1433 1834 divinarum
1457 1775 1548 1855 legum
1568 1797 1610 1837 res
1622 1775 1704 1856 hujus

136 1867 256 1946 ριθύσεων
265 1871 325 1925 τῶν
340 1865 421 1927 θείων
435 1866 523 1944 νόμων
533 1866 569 1928 τίς
581 1862 693 1946 βιωτικὰ
704 1873 903 1947 κατορθοῦσθαι.
957 1868 1020 1928 vitae
1034 1883 1104 1928 reete
1116 1868 1209 1948 dirigi.
1221 1872 1256 1928 At
1269 1888 1322 1926 non
1334 1866 1433 1943 crodit,
1443 1866 1558 1946 inquies.
1572 1868 1643 1926 Nam
1652 1868 1705 1927 boc

134 1957 475 2038 λλλάύπιστώιι,ρησί.
489 1958 543 2018 Καὶ
555 1958 606 2038 γὰρ
616 1959 660 2017 καὶ
668 1959 747 2020 τοῦτό
760 1983 825 2020 ποτε
839 1959 904 2039 παρ’
957 1979 1006 2039 ego
1031 1959 1067 2040 ab
1091 1959 1229 2038 aliquibus
1243 1956 1337 2018 audivi
1350 1982 1356 2015 :
1369 1957 1430 2021 Nisi
1455 1957 1532 2017 mille
1549 1960 1704 2039 juramenta

134 2051 193 2111 ἐνίων
211 2051 338 2125 ἤκουσα,
356 2051 399 2110 ὅτι
422 2050 454 2110 δν
466 2050 504 2129 μὴ
521 2051 612 2129 ὀμύσω
625 2050 734 2130 μυρίους
751 2051 858 2132 ὅρκους,
874 2055 903 2112 ού
957 2051 1100 2131 proferam,
1113 2072 1168 2112 non
1192 2049 1291 2110 credet.
1307 2050 1352 2108 Tu
1372 2049 1401 2109 in
1421 2071 1502 2110 causa
1521 2070 1561 2128 cs,
1586 2051 1704 2130 quitum

133 2141 243 2204 ιισταίιτ.
260 2141 307 2202 Σ)
326 2141 432 2202 τούτων
451 2143 533 2209 αίτιυς
546 2146 560 2202 δ
571 2142 718 2223 προχείρως
736 2143 831 2222 δμνύς·
845 2143 903 2203 ἐπεὶ
956 2143 1036 2203 facile
1054 2145 1151 2224 juras:
1165 2164 1228 2204 narn
1242 2142 1267 2202 si
1284 2142 1337 2202 boc
1351 2148 1410 2203 'non
1424 2157 1502 2220 esset,
1515 2142 1564 2202 sed
1577 2144 1704 2207 omnibus

134 2240 149 2294 ιί
160 2236 195 2314 μὴ
205 2242 290 2296 emto
300 2227 347 2310 ils,
359 2235 431 2296 alit
441 2244 524 2295 πᾶσιν
533 2227 567 2309 ἦν
578 2237 667 2308 δῆλον,
676 2235 718 2296 ὅτι
730 2237 778 2297 οὖα
788 2238 902 2316 ὄμνύεις,
956 2247 1051 2295 tutum
1067 2249 1134 2295 esset
1149 2249 1175 2295 te
1193 2257 1340 2315 numquam
1352 2237 1456 2317 jurare,
1471 2234 1549 2294 crede
1562 2235 1633 2295 mibi
1656 2235 1702 2295 di-

132 2330 225 2388 τίστευί
242 2352 296 2407 μοι
314 2327 439 2408 λε’γοντι,
459 2326 500 2386 du
518 2330 571 2386 τῶν
590 2327 697 2405 μυρίους
712 2329 903 2389 κατεσθιόντων
920 2335 938 2381 G
957 2328 1088 2404 centi,vel
1103 2328 1226 2388 innuenti
1238 2329 1290 2388 tibi
1301 2328 1388 2409 magis
1400 2326 1565 2403 crederetur,
1578 2349 1660 2408 quam
1669 2328 1705 2388 iis

132 2420 209 2500 ίμιοος
222 2423 332 2499 μᾶλλον
348 2420 383 2478 ἂν
400 2417 555 2493 ἐπιστώθης
576 2420 712 2487 ἐπινεύσας
734 2419 822 2498 μόνον.
836 2421 903 2482 Ἰδού
955 2420 1003 2499 qui
1025 2420 1100 2480 mille
1115 2422 1270 2502 juramenta
1282 2422 1424 2483 devorant.
1440 2422 1511 2480 Nam
1531 2420 1586 2498 cui,
1601 2442 1701 2499 quaeso,

130 2513 186 2594 ηίρ,
200 2514 261 2575 τίπτ’
280 2537 350 2591 μοι,
371 2512 423 2573 τίνι
440 2513 495 2595 ιίρα
508 2514 610 2591 μᾶλλον
622 2513 774 2585 πιστεύετε,
786 2515 845 2592 ἐμαί
864 2519 903 2596 τῷ
956 2511 1043 2592 magis
1065 2511 1186 2591 meditis,
1202 2511 1271 2572 mihi
1284 2533 1338 2572 non
1350 2510 1463 2593 juranti,
1477 2532 1513 2570 an
1524 2511 1704 2592 jurantibus?

131 2605 160 2681 μὴ
180 2603 329 2682 θραύοντι,
354 2603 448 2676 ἢτοῖς
467 2602 621 2682 optionem
643 2603 724 2665 Ἀλλὰ
744 2603 790 2679 σθ,
812 2607 902 2687 φησίν,
955 2601 1011 2663 Sed
1024 2616 1064 2683 tn,
1083 2602 1200 2683 inquies,
1213 2625 1241 2663 es
1256 2603 1424 2690 princepsot
1447 2602 1611 2683 episcopus?
1626 2597 1705 2676 Quid
1721 2637 1854 2699 cmm,

130 2699 209 2778 ίρχιον
228 2688 255 2755 εἶ
272 2696 324 2756 οισιί
337 2693 522 2768 'inimum
538 2695 575 2755 Τί
585 2685 639 2770 οῦν,
654 2695 686 2756 διν
697 2696 789 2771 δείξω,
810 2697 852 2757 ὅτι
873 2700 902 2757 ού
955 2694 1049 2775 igitur,
1060 2695 1085 2755 si
1093 2694 1233 2756 ostendero
1244 2717 1288 2755 me
1297 2716 1354 2757 nou
1365 2695 1418 2754 boo
1436 2694 1526 2755 solum
1541 2695 1619 2754 esse?
1632 2695 1703 2755 Cum
1710 2704 1856 2760 aceeptus.

129 2794 197 2848 ιῶτο
207 2787 308 2867 μίσους
323 2785 404 2848 Μετὰ
413 2786 538 2861 ἀληθείας
550 2788 728 2868 ἀποκρίνασθέ
740 2811 803 2867 μαι,
814 2812 903 2870 παρα-
956 2787 1077 2864 veritate,
1087 2809 1189 2867 quaeso,
1204 2785 1364 2869 respondete
1373 2785 1496 2845 mibirsi
1513 2785 1664 2864 frequenter
1677 2777 1753 2848 etim
1767 2773 1823 2808 ‘¹⁶¹’

130 2885 208 2957 1223,
230 2885 255 2942 τί
281 2885 404 2962 συνεχῶς
423 2880 528 2960 ὤμνυον
548 2881 594 2942 καί
619 2882 776 2959 διαπαντὸς,
797 2873 854 2963 δρμΙ
871 2880 903 2940 δν
957 2899 1061 2959 semper
1071 2880 1204 2960 jurarem,
1219 2877 1490 2960 anprodessetmibi
1514 2877 1705 2959 principatus?

130 2973 238 3053 προέστη
260 2973 451 3056 μαυὴδρχής
466 2975 609 3054 Οὐδαμῶς.
627 2973 724 3055 Ὁρᾷς,
747 2972 788 3033 ὅτι
806 2976 835 3034 ού
859 2972 903 3033 διὰ
955 2971 1257 3035 Minime.Viden'non
1271 2971 1347 3032 illam
1357 2992 1414 3032 esse
1428 2971 1706 3053 oausamiQuidigi·

131 3072 218 3141 eo‘oto3
229 3066 269 3127 Τί
283 3065 314 3126 δὲ
323 3066 473 3148 ιιερδσίνεις
485 3065 569 3142 ὅλως,
580 3067 639 3128 τίτί
649 3092 712 3146 μοι,
727 3070 835 3136 Παῦλος
844 3067 901 3128 ut·
956 3076 1009 3138 tur,
1016 3085 1116 3143 quaeso,
1123 3064 1237 3126 lucraris
1245 3063 1259 3124 ι’)
1268 3064 1370 3124 Paulus
1378 3064 1524 3124 esuriebat:
1533 3077 1560 3125 et
1567 3077 1597 3124 tu
1606 3064 1707 3126 esurire

131 3184 225 3235 αιυτττ·
239 3159 289 3221 rel
302 3159 337 3220 ob
348 3163 410 3221 um
420 3171 513 3240 πεινᾷν
526 3162 637 3239 μᾶλλον,
649 3160 667 3233 ἢ
677 3160 833 3243 παραύῆνσί
843 3184 903 3220 τινα
955 3154 1047 3236 potius
1056 3155 1151 3236 eligas,
1167 3177 1250 3236 quam
1256 3154 1408 3234 transgredi
1419 3154 1545 3235 quaedem
1557 3177 1590 3216 er
1602 3154 1708 3217 divinis

131 3256 175 3310 οἷον
187 3254 365 3313 ίντολῖινταῦ
382 3255 463 3312 Θεοῦ.
475 3251 513 3312 Τί
524 3251 606 3322 οὕτως
617 3253 728 3321 ἄπιστος
744 3243 785 3327 εἶς
798 3252 837 3315 Σθ
854 3252 902 3332 μὲν
956 3247 1100 3308 mandatis.
1111 3249 1166 3308 Cur
1186 3267 1250 3328 ergo
1268 3245 1423 3307 incredulus
1437 3247 1483 3306 es?
1503 3247 1548 3306 Tu
1560 3269 1623 3328 ergo
1637 3248 1708 3309 nibil

132 3336 265 3405 αδνπύντα
285 3349 351 3424 αἱρῇ
364 3344 411 3403 καὶ
425 3349 536 3416 ποιῆσαι
556 3344 603 3404 καί
615 3351 709 3406 παθεῖν
722 3343 790 3426 ὑπὲρ
803 3350 849 3405 τοῦ
865 3345 903 3422 μὴ
920 3355 941 3401 n
956 3360 1095 3421 nonages,
1113 3340 1268 3422 etpatieris,
1287 3353 1363 3399 utne
1379 3360 1509 3418 umquam
1517 3340 1606 3419 jures;
1620 3355 1648 3400 at
1661 3341 1708 3403 ille

132 3435 239 3513 θαύσιι·
258 3436 342 3505 αὐτὸς
359 3435 389 3498 δέ
405 3458 436 3495 σε
455 3440 503 3496 οὐκ
519 3433 675 3515 ἀμαίψεταις
687 3439 767 3497 Ἀλλὰ
784 3435 843 3504 τοῦς
855 3437 902 3513 μὲν
957 3445 984 3490 te
990 3451 1044 3490 non
1052 3431 1341 3510 remunerabitilltqui
1349 3445 1376 3490 et
1386 3431 1541 3512 perjuroset
1545 3433 1708 3513 juramentis

132 3530 264 3609 ἐπύριιαυς
284 3528 333 3588 καὶ
352 3524 516 3608 παλυύρκαυς
535 3531 595 3586 καθ’
614 3527 727 3600 ἑκάστην
743 3525 833 3608 τρίρει
855 3526 903 3599 τὴν
957 3540 1075 3586 assuetos
1086 3526 1321 3605 quotidiealit3te
1333 3547 1399 3586 veru
1415 3526 1481 3600 fami
1491 3527 1589 3607 tradet,
1598 3529 1661 3608 quia
1672 3528 1707 3588 il·

132 3621 240 3700 ἡμέραν·
262 3620 296 3682 τί
322 3619 353 3681 δὲ
376 3617 529 3700 παραδώσει
551 3621 640 3699 λιμῷ,
663 3620 756 3692 ἐπειδὴ
789 3619 904 3691 ἤκουσας
957 3619 1016 3680 lum
1037 3619 1273 3693 audistiPOrnues
1296 3620 1407 3681 videant
1421 3643 1456 3680 ex
1471 3621 1522 3702 iis,
1540 3623 1632 3702 quiin
1654 3624 1708 3685 bac

133 3716 217 3787 α’ποῦ;
230 3714 342 3781 Πάντας
356 3711 495 3782 ίδίτωσαν,
514 3710 556 3772 ὅτι
573 3716 625 3771 τῶν
637 3717 674 3782 εἰς
685 3712 785 3784 ταύτην
798 3711 846 3785 τὴν
860 3716 904 3773 ἐκ·
958 3712 1067 3772 ecclesia
1083 3726 1291 3794 congregantur,
1303 3712 1436 3775 neminem
1450 3735 1507 3774 csse
1518 3715 1565 3793 qui
1580 3717 1669 3797 juret3
1680 3731 1708 3778 et

131 3807 235 3880 ιλησίσν
245 3805 438 3885 συναγομίνωι
449 3804 532 3874 οὐδεὶς
551 3807 598 3866 eds
617 3804 689 3865 ἔστιν
699 3801 734 3866 Ι’ὁ
744 3805 838 3884 δμνύς·
857 3807 904 3866 καὶ
957 3805 1022 3865 binc
1036 3806 1092 3866 noti
1104 3806 1201 3884 simus,
1211 3827 1264 3866 uon
1280 3827 1315 3864 ex
1326 3804 1382 3866 fide
1396 3817 1515 3882 tantum,
1527 3806 1591 3867 binc
1601 3810 1707 3868 aGrae-

132 3896 179 3954 δπδ
195 3896 293 3957 τούτω
306 3894 448 3975 γενώμεθα
468 3896 561 3970 δῆλοι,
584 3894 622 3974 μὴ
644 3897 697 3957 ἀπὸ
719 3902 767 3970 τῆς
789 3896 905 3965 πίστεως
958 3898 997 3958 eis
1014 3913 1040 3958 et
1060 3899 1096 3958 ab
1109 3899 1171 3959 aliis
1200 3900 1326 3959 omuibus
1351 3898 1518 3984 difleramus.
1532 3901 1707 3981 signaculum

132 3988 215 4063 μόναι,
233 3988 283 4048 καί
296 3993 377 4049 ταῦτα
394 3987 460 4067 πρὸς
476 3985 628 4061 Ἕλληνας,
648 3987 694 4049 καί
716 3987 783 4071 πρὸς
803 3988 905 4058 πάντας
958 3990 1125 4072 accipiamus
1138 3991 1173 4051 do
1186 3991 1268 4065 caelis,
1279 4004 1309 4050 ut
1322 3991 1401 4069 quasi
1415 3992 1508 4071 regius
1522 4013 1590 4073 grex
1607 3993 1709 4073 ubique

132 4079 228 4160 ίχαμιν
248 4081 284 4141 τὸ
301 4079 471 4141 διαλλάττον.
494 4081 634 4160 lupoque
652 4078 778 4159 λοίύωμεν
800 4083 831 4140 ἔα
850 4084 903 4140 τῶν
958 4103 1155 4164 appareamus:
1170 4083 1205 4143 ab
1218 4104 1265 4142 ore
1278 4096 1305 4143 et
1323 4083 1446 4163 elingua
1459 4105 1612 4162 noscamur,
1636 4085 1709 4162 sicut

131 4175 251 4252 αλρανένν,
274 4171 320 4233 ίνα
334 4169 428 4250 ὥσπερ
443 4171 524 4252 ἀγέλη
550 4170 677 4250 βασιλικὴ
694 4177 832 4253 πανταχοῦ
846 4195 906 4254 ραι·
957 4175 1066 4236 barbari
1070 4199 1080 4254 3
1089 4177 1159 4236 sicut
1174 4176 1251 4257 iiqui
1262 4177 1357 4238 Graece
1367 4177 1466 4254 sciunt,
1476 4173 1542 4238 hibe
1556 4179 1708 4241 abarbaris

133 4264 250 4342 abacta·
272 4265 330 4325 ἇπὸ
351 4271 399 4324 τοῦ
414 4264 544 4343 πόματος
564 4263 610 4324 καί
628 4267 677 4335 τῆς
698 4263 817 4344 ultimus
840 4265 906 4332 τίωι
957 4269 1150 4331 discernamur.
1164 4270 1218 4331 Dic
1230 4270 1302 4333 enim
1316 4270 1398 4350 mibi,
1410 4271 1550 4332 undenoti
1563 4274 1706 4357 suntpsit-

135 4356 334 4440 μαριζύμιθα,
346 4357 466 4437 καθάπερ
477 4360 502 4417 ol
514 4357 659 4439 βοίρύαροι·
676 4355 797 4438 καθάπερ
807 4360 831 4417 oi
843 4356 905 4418 Ἑλ·
958 4363 1029 4423 saei?
1040 4382 1127 4422 nonne
1136 4385 1171 4423 ex
1181 4384 1221 4439 eo,
1231 4362 1307 4442 quod
1316 4377 1455 4444 tamquam
1462 4364 1584 4427 homiues
1593 4367 1707 4446 loquan-

136 4450 228 4521 ληνιστὶ
241 4450 359 4523 εἰδότας,
369 4449 454 4527 ταύτῃ
467 4454 521 4510 τῶν
534 4449 676 4529 βαρύαίρων
692 4449 903 4529 διαλλάττωμεν.
924 4480 942 4528 p
959 4456 1024 4515 tur?
1039 4455 1075 4514 Et
1083 4477 1254 4535 nosquoque‚
1265 4456 1337 4516 sicut
1346 4457 1472 4537 apostoli,
1483 4479 1519 4518 ex
1529 4459 1637 4537 loquela
1649 4459 1707 4520 noti

137 4541 256 4624 ἱίπίρᾶρ
267 4565 333 4620 μοι,
351 4541 513 4624 οίψιτταιιαί
531 4542 671 4621 λεγόμενοι
683 4536 762 4602 πόθεν
777 4540 905 4623 stupu
958 4548 1057 4625 simus,
1072 4568 1151 4608 exeo
1173 4546 1247 4626 quod
1269 4563 1300 4608 ut
1321 4549 1409 4629 angeli
1427 4550 1581 4629 loquamur.
1601 4552 1632 4612 Si
1645 4553 1706 4632 quis

142 4653 214 4709 μμαι,
223 4637 273 4695 sta
285 4634 396 4696 ἀπὸτοῦ
407 4636 499 4694 λαλεῖν
511 4634 583 4694 κατὰ
592 4634 746 4716 δίνθρωπονς
760 4633 814 4696 Καί
827 4640 906 4714 ἡμεῖς
958 4639 1069 4717 dixerit,
1083 4642 1163 4717 lura,
1174 4640 1279 4716 audiat,
1294 4641 1419 4701 Christus
1432 4656 1515 4721 vetat,
1526 4657 1552 4704 et
1565 4664 1619 4703 non
1630 4645 1703 4725 juro.

143 4724 215 4784 tainu
237 4727 292 4786 dtis
309 4729 358 4786 τοῦ
377 4728 467 4786 λαλεῖν
488 4729 543 4793 ‘tiit
562 4728 587 4784 ol
611 4726 754 4788 ἀπόστολοι
766 4725 904 4807 γενώμεθα
958 4735 1016 4794 Hoc
1026 4733 1091 4793 satis
1099 4732 1187 4805 estad
1199 4756 1306 4794 omnem
1319 4734 1501 4795 inducendam
1511 4737 1648 4798 virtutem.
1659 4740 1705 4800 Ja-

146 4816 273 4897 γύριμαι·
297 4818 351 4879 ἀπὸ
364 4825 411 4879 τοῦ
423 4820 514 4880 λαλεῖν
534 4822 571 4887 ὡς
589 4821 613 4880 ol
633 4819 752 4898 ἄγγελοι.
774 4819 820 4880 Ἂν
841 4819 903 4900 εἴπῃ
959 4848 1012 4887 uua
1035 4824 1160 4905 quaedam
1186 4842 1225 4887 ost
1244 4827 1360 4908 pietatis,
1374 4827 1420 4887 via
1442 4828 1478 4888 ad
1503 4830 1704 4911 philosophiam

151 4938 194 4991 τις,
206 4922 308 4998 ὄμοσσον,
323 4919 453 4991 ἀκουέτω,
462 4920 506 4982 δτι
518 4925 533 4980 ὁ
547 4921 662 5001 Χριστὸς
681 4919 838 4995 lenitura,
859 4921 905 4982 καί
959 4920 1090 5002 [pietatis]
1103 4919 1245 4999 inducens,
1261 4922 1383 5003 palaestra
1394 4922 1527 5001 quaedam.
1541 4924 1605 4984 Hac
1615 4938 1704 4985 custo-

180 5101 256 5151 ·llnus
266 5103 349 5155 Codex
361 5102 425 5170 [duo
439 5105 467 5154 B.
478 5103 524 5167 C‚]
536 5110 663 5163 iniuriosior.
681 5113 708 5158 αἰν
721 5107 758 5158 οὖν
772 5109 842 5168 διίξω.
978 5103 988 5134 ⁶
1008 5104 1078 5154 Unus
1090 5100 1154 5153 Coti.
1168 5110 1268 5156 ίκὲλιυσι
1280 5111 1314 5170 μὴ
1325 5110 1416 5170 ὀμνύναι
1429 5113 1480 5167 ,καὶ
1492 5113 1529 5159 αῦνι
1542 5112 1636 5175 ὄμνυμι,
1650 5126 1705 5176 ‘pite

84 5238 86 5247 Ι
183 5178 252 5240 ί’ῐῐιο
264 5181 344 5234 Codd.
359 5180 429 5233 nutu
443 5179 555 5231 articulo
567 5184 677 5247 carran]
942 5181 1018 5234 lectio
1030 5199 1081 5232 nou
1094 5180 1243 5247 spernenda.

84 5252 87 5273 ¹
186 5257 438 5322 *laudensem

194 5494 208 5533 θ
