3728 5978
96 374 144 470 98
369 362 377 371 ’
433 393 463 441 s.
491 389 630 440 ioannes
656 385 841 434 cuni'sosn.
872 388 1028 435 lacrima.
1057 388 1331 438 consrauriuor.

93 539 147 599 que
154 518 211 579 illis
223 517 328 593 solum,
339 516 434 576 datum
448 530 487 577 est
498 535 611 576 nomen:
627 533 679 591 qua
694 510 721 570 in
735 532 764 569 re
778 509 839 569 illos
897 510 947 592 γὰρ
961 511 1059 592 ἔλεγον·
1072 513 1120 574 Ἐν
1136 497 1329 594 rainbaldum
1343 510 1502 585 ἐποιησατες
1519 513 1567 580 nt<
1580 512 1612 573 τὸ
1625 517 1670 572 τοῦ

93 611 173 671 etiarn
185 623 263 671 testes
275 609 396 669 adducit.
410 609 483 682 Quia
494 607 566 667 enim
578 604 704 665 dicebant
714 626 721 659 ι
732 604 770 660 In
780 623 838 683 quo
897 604 1027 684 Χριστοῦ,
1047 602 1126 702 φἠσίν
1134 603 1276 687 ,ἀλλοεύκ
1287 606 1358 667 ἐστιν
1371 602 1463 682 ὄνομα.
1475 605 1540 680 Πῶς
1553 595 1597 665 σῦν
1609 607 1671 686 ἐραν

94 707 356 785 nominesecistis?
370 707 407 763 In
423 706 541 762 nomine
555 701 682 774 Christi,
694 694 837 776 inquiunt,
896 704 976 774 τᾶτε,
994 697 1074 768 Οῦτω
1090 688 1318 782 πανταροῦτοῦτο
1332 697 1411 772 δῆλόν
1426 701 1507 759 ἐστιν.
1526 696 1599 758 Οὔτε
1620 694 1670 776 γδρ

94 818 154 856 non
168 810 211 857 est
224 798 310 857 aliud
322 817 438 856 nomen.
456 782 600 868 Quomodo
613 810 677 870 ergo
690 789 839 866 interroga·
896 789 980 869 ὄνομα
992 776 1081 874 ἐτερύν
1095 795 1167 871 ἐστιν
1181 794 1232 853 θπδ
1246 794 1291 854 τδν
1309 792 1431 873 οῦρανδν,
1450 790 1542 871 φησίν,
1555 779 1617 871 ἐνῷ
1633 791 1670 848 δεῖ

92 888 147 948 tis?
168 889 215 948 ste
229 887 328 966 ubique
339 887 392 947 boc
411 887 584 948 manifestum
605 896 655 942 est.
678 883 741 941 Nee
759 883 838 939 enim
857 896 876 944 lt
896 887 1012 956 σωθῆναι
1027 880 1108 969 lunc]
1119 888 1214 946 Ταῦτα
1225 889 1312 966 ψυχῆς
1324 882 1521 964 κατεγνωκυίας
1537 887 1585 954 τῆς
1601 885 1670 954 ζωῆς

93 982 180 1041 aliud
188 1001 295 1041 nomen
302 992 344 1040 est
352 983 405 1040 sub
414 980 502 1050 eoelo,
519 976 623 1056 inquit,
639 979 672 1034 in
681 995 740 1055 φαο
754 993 838 1053 opor·
895 978 942 1047 τῆς
963 975 1105 1056 παρούσης,
1116 976 1197 1038 ἐστίν.
1216 976 1252 1051 ‘ll
1266 976 1351 1050 πολλὴ
1377 973 1514 1057 παρρησία
1528 975 1544 1005 *
1555 972 1670 1034 δείκνυσι

94 1073 406 1155 teatnossalvosfieri.
419 1071 556 1133 Haeesunt
568 1069 664 1130 auimae
675 1067 838 1146 vitamprae·
895 1075 982 1129 τοῦτο.
1003 1063 1145 1132 Ἐνταῦθα
1159 1073 1238 1142 δῆλον
1257 1078 1329 1130 ποιεῖ
1335 1114 1344 1144 ,
1367 1070 1409 1130 ὅτι
1429 1067 1476 1128 καί
1495 1065 1540 1127 dra
1557 1065 1669 1127 samael

93 1179 194 1227 sentem
207 1164 394 1247 despicientis;
411 1177 442 1222 ut
457 1162 548 1243 arguit
562 1161 610 1221 illa
628 1172 700 1220 tanta
715 1158 836 1217 libertas.
896 1160 1036 1242 ἐφθέγγετο
1045 1163 1106 1242 περὶ
1117 1168 1163 1223 τοῦ
1177 1165 1313 1245 Χριστοῦ,
1332 1163 1362 1221 ού
1375 1158 1513 1235 δεδοικὼς,
1527 1159 1598 1219 ἀλλὰ
1608 1182 1669 1238 νωγ-

94 1257 166 1316 Hine
178 1257 269 1338 palam
282 1270 336 1333 est,
350 1248 582 1335 quandobumdia
595 1251 630 1312 de
643 1247 838 1325 Christodieit,
896 1253 1078 1315 καταύαίνων·
1099 1254 1229 1326 ἐπειδὴδὲ
1243 1263 1288 1316 νῦν
1301 1255 1392 1337 καιρὸς
1404 1244 1536 1328 δῃοῦτε
1556 1250 1669 1333 φθέγγε-

94 1368 147 1408 nou
165 1370 220 1429 prae
234 1348 347 1424 timore,
363 1345 411 1406 sed
424 1367 453 1406 se
473 1340 674 1424 attemperando
689 1340 720 1401 id
740 1359 838 1421 agere:
896 1368 941 1405 ται
953 1345 1058 1426 ύψηλδι,
1071 1351 1107 1416 ὡς
1120 1351 1192 1430 αὐτῷ
1206 1347 1290 1433 τούτῳ
1300 1344 1416 1419 καίτοθς
1429 1345 1573 1413 ἀκούοντας
1584 1344 1668 1404 ἅπαν·

93 1440 233 1522 quiavero
244 1442 302 1521 jam
315 1454 420 1521 tempus
433 1451 501 1513 erat,
510 1438 549 1498 sic
563 1436 693 1497 sublimia
704 1434 838 1513 loquitur5
895 1460 943 1506 τας
960 1439 1138 1513 καταπλῆξαι.
1151 1438 1219 1501 Ἰδοὺ
1238 1441 1284 1500 καὶ
1299 1441 1364 1500 ἀλλο
1378 1448 1488 1519 σημεῖον
1501 1439 1548 1496 οὔκ
1561 1435 1669 1497 ἔλαττον

93 1532 175 1593 itaut
188 1532 251 1594 hinc
265 1533 346 1593 etiam
359 1530 495 1593 auditores
509 1549 601 1589 ornnes
615 1526 837 1609 obstupefaceret.
895 1535 942 1590 τοῦ
962 1531 1098 1612 προτίροο.
1121 1531 1319 1612 Ἐπεγίνωσκύν
1332 1555 1362 1591 τε
1377 1530 1488 1604 αὐτούς,
1512 1529 1608 1610 φησίν,
1630 1529 1670 1588 ύτι

93 1625 166 1686 Eece
173 1640 199 1687 et
211 1625 288 1686 alind
302 1626 411 1706 signum
420 1621 585 1707 praeoedente
594 1642 649 1681 non
662 1620 764 1680 minus.
779 1618 839 1677 Co·
863 1610 868 1618 ’
896 1621 942 1686 σὺν
953 1628 992 1706 τῷ
1004 1624 1094 1697 Ἰησοῦ
1108 1618 1186 1699 ἦσαν,
1199 1629 1261 1708 οὐχ
1272 1627 1363 1697 ἁπλῶς
1375 1629 1453 1684 ηῶτσ
1465 1622 1567 1684 τέθεικε
1575 1621 1607 1681 τὸ
1616 1646 1670 1702 χω-

91 1721 270 1797 gnoscebant
280 1739 339 1790 eos,
355 1716 454 1795 inquit,
469 1718 541 1797 quia
550 1734 615 1773 eum
626 1711 838 1793 Jesnsuerant·
898 1716 976 1799 ρίονὸ
991 1717 1193 1798 τύαγγσλιστὴς,
1208 1721 1267 1778 ἀλλ’
1287 1716 1331 1777 ἵνα
1343 1707 1452 1793 δηλώσῃ
1465 1714 1512 1775 καί
1527 1717 1580 1774 ποῦ
1593 1704 1669 1786 ἦσαν.

92 1813 154 1871 Non
166 1810 224 1871 siue
233 1832 314 1873 eausa
322 1811 375 1870 hoe
388 1809 479 1893 posuit
490 1807 676 1890 evangelista,
691 1803 738 1875 sod
752 1819 782 1864 ut
791 1803 839 1864 de-
897 1805 944 1868 Ἐν
958 1811 997 1890 τῷ
1010 1808 1102 1884 ποίθτι,
1116 1809 1206 1891 φησίν.
1221 1800 1306 1870 Oba-ot
1320 1807 1372 1890 γὰρ
1386 1806 1461 1886 μόνον
1472 1805 1533 1865 τότε
1544 1809 1670 1877 συνῆσαν,

93 1901 176 1962 claret
189 1902 287 1977 etiam,
301 1901 350 1960 ubi
367 1901 477 1961 suerint.
493 1901 526 1959 ln
538 1898 674 1981 passione,
691 1897 791 1976 inquit.
802 1896 839 1956 Hi
854 1954 878 1993 ω
895 1899 940 1961 ὅτε
953 1902 999 1960 καί
1015 1900 1104 1982 ἐώρων
1116 1902 1209 1970 αύτοδς
1219 1898 1373 1971 ταπεινούς,
1396 1898 1636 1976 σινεστοιλμένονς’
1657 1896 1671 1955 δ

93 1992 165 2053 enim
183 1994 233 2053 soli
251 2007 316 2054 tune
334 2013 389 2052 nna
402 2005 492 2063 erant,
507 1989 617 2070 quando
637 1988 764 2050 viderunt
776 1987 839 2048 illos
860 2010 877 2056 Α
896 1992 942 2053 καί
954 1992 1070 2073 μάλιστα
1080 1992 1175 2064 αὐτούς
1188 1993 1350 2073 ἐξένιζεννη
1364 1991 1447 2073 ἀθρόα
1458 1988 1605 2070 μεταδολή.
1618 1988 1670 2049 Καὶ

93 2084 229 2164 humiles,
242 2084 378 2166 dejectos:
395 2082 471 2164 quod
491 2083 554 2143 illos
569 2082 689 2142 maxime
704 2081 732 2141 in
752 2079 839 2140 admi·
896 2085 948 2168 γὰρ
960 2078 1125 2168 ἐκεῖιῆσανοὶ
1134 2087 1195 2169 περί
1204 2086 1296 2148 Ἄνναν
1310 2084 1356 2147 καί
1366 2078 1508 2166 Καϊάφαν,
1521 2082 1570 2143 καί
1579 2106 1671 2163 παρτι-

65 2192 75 2207 ·’
93 2177 224 2238 rationem
254 2177 394 2258 rapiebat,
417 2175 557 2256 repentina
588 2194 685 2254 nempe
715 2173 838 2233 mutatio.
897 2177 1028 2250 σσηκεσαν
1044 2183 1131 2248 αὐτοῖς
1144 2178 1190 2239 καί
1204 2169 1289 2240 οῦτοι·
1305 2183 1351 2237 νῦν
1365 2177 1393 2238 δί
1408 2176 1567 2249 ἐξέπληττεν
1580 2170 1672 2241 αύτούς

93 2271 165 2330 Nam
178 2269 237 2329 illie
250 2282 325 2329 erant
335 2270 428 2327 Annas
441 2280 467 2326 et
479 2267 606 2348 Caipbas,
616 2280 642 2325 et
655 2265 684 2324 bi
698 2265 780 2324 etiam
792 2263 840 2324 ad·
896 2275 914 2343 ἡ
927 2271 1043 2352 ’σφόδρα
1054 2270 1198 2352 παρρησία.
1209 2273 1251 2332 Οθ
1266 2268 1318 2351 γὰρ
1331 2279 1385 2337 τοῖς
1398 2268 1500 2349 ῥήμασι
1514 2265 1595 2345 μόνον
1605 2265 1670 2327 ἐδεί-

94 2361 201 2429 stabant
215 2361 270 2421 illis
278 2384 287 2438 5
303 2381 374 2420 nune
386 2370 475 2419 autem
488 2356 717 2439 obstupefaciebat
729 2378 774 2416 eos
792 2356 840 2416 illa
897 2385 990 2422 κνανσο
1000 2367 1229 2443 ἀφροντιστοῦντες
1235 2362 1296 2442 περί
1309 2359 1433 2421 τοιούτων
1447 2358 1613 2441 κρινόμενοι,
1626 2360 1669 2418 καὶ

96 2465 170 2514 tanta
187 2453 307 2513 libertas.
321 2454 414 2531 Neque
430 2452 502 2511 enim
516 2451 606 2511 verbis
623 2463 728 2509 tantum
749 2463 839 2509 osten·
896 2454 965 2537 ὑπὲρ
975 2458 1027 2514 τῶν
1047 2454 1167 2536 ἐσχάτων
1182 2454 1365 2538 ἐπηρτημένου
1384 2460 1430 2513 τοῦ
1451 2452 1590 2526 κινδύνω,
1603 2451 1669 2514 ἀλλὰ

96 2544 248 2631 ἆοίιαιιφεε
260 2542 331 2604 nihil
343 2563 439 2602 curare
448 2542 483 2602 de
493 2543 574 2602 rebus
588 2539 745 2624 hujusmodi
759 2540 840 2621 injus
897 2546 942 2607 καί
959 2551 998 2629 τῷ
1014 2546 1149 2628 σχήματι,
1163 2547 1209 2607 καὶ
1228 2552 1261 2627 τῇ
1282 2551 1370 2628 φωνῇ,
1385 2545 1431 2606 καὶ
1452 2547 1492 2626 τῷ
1514 2544 1669 2625 βλέμματι,

96 2641 238 2719 adductos,
253 2660 315 2701 enm
326 2638 362 2699 de
374 2636 801 2719 extremisperielitarentur3sed
815 2649 841 2697 et
897 2638 943 2698 καί
963 2650 1044 2699 πᾶσιν
1062 2640 1153 2707 ἅπλῶς
1167 2636 1216 2710 τδν
1236 2638 1387 2719 παρρησίαν
1404 2636 1538 2717 ἐνέφαινον
1561 2635 1605 2696 ἐπὶ
1625 2638 1668 2694 τοῦ

44 2760 48 2767 ’
95 2732 204 2811 habitu,
216 2752 293 2811 vose,
308 2745 428 2813 aspectu,
446 2744 472 2790 et
486 2731 612 2791 omnibus
629 2729 781 2790 libertatem
801 2729 841 2789 lo·
896 2732 973 2806 λαοῦ,
991 2723 1065 2800 {libr
1080 2731 1243 2813 ἐφθέγγοντο.
1256 2730 1421 2809 Ἐθαύραζον
1435 2728 1463 2788 δὲ
1477 2727 1560 2803 ἴσως,
1575 2727 1669 2788 &elv-

96 2826 196 2907 quendi
222 2846 313 2886 eoram
337 2824 439 2906 populo
465 2822 641 2886 exhibebant.
668 2815 841 2901 Mirabantur
898 2828 998 2908 θρωποι
1011 2823 1056 2883 καί
1068 2823 1240 2905 ἀγράμματοί
1256 2826 1308 2883 τίσι
1325 2822 1371 2882 καὶ
1390 2825 1506 2882 ἰδιῶται·
1520 2819 1614 2894 ἐπειδὴ
1634 2819 1671 2880 ἐνι

97 2940 161 2979 vero
182 2919 311 2991 sortasse,
328 2917 403 2996 qnod
424 2916 547 2976 homines
567 2915 689 2976 illiterati
709 2930 735 2976 et
748 2916 839 2976 idiotae
898 2915 1072 2998 ἀγρύμματύν
1086 2939 1146 2976 τινα
1163 2907 1246 2989 εἶναι,
1271 2914 1309 2994 μὴ
1334 2914 1422 2994 μέντοι
1444 2914 1490 2975 καί
1514 2909 1670 2984 ἰδιώτηνθ

96 3025 192 3073 essent.
204 3013 294 3070 Potest
307 3009 379 3068 enim
390 3009 451 3088 quis
470 3009 613 3070 illiteratus
626 3032 691 3087 esse,
709 3032 757 3070 nee
769 3010 840 3071 idio·
859 3039 878 3087 B
897 3008 1006 3080 ἰδιώτην
1022 3007 1085 3088 ριέν,
1101 3012 1148 3069 οὐκ
1158 3009 1333 3089 ἀγράμματον
1344 3007 1382 3068 δέ.
1399 3006 1537 3069 Δείιινυσιν
1549 3008 1672 3073 ἐνταῦθα,

98 3116 143 3181 ta,
158 3101 202 3164 vel
216 3101 312 3176 idiota,
333 3121 382 3161 nee
394 3100 545 3161 illiteratus.
559 3103 611 3162 Hic
629 3124 710 3183 porro
726 3102 843 3164 ostendit
897 3101 939 3163 ὅτι
964 3101 999 3162 τδι
1019 3100 1064 3162 δύο
1084 3105 1204 3176 συνῆλθε.
1226 3100 1457 3179 Καταλαύύμενοι,
1476 3098 1552 3181 φησί.
1571 3097 1673 3170 Πόθεν,

98 3197 157 3255 hae
179 3193 234 3255 duo
253 3193 428 3255 ooneurrisse.
441 3195 661 3276 Compertoque,
672 3186 767 3276 inquit.
784 3199 843 3256 Un-
899 3191 955 3273 Ἀφ’
968 3182 1005 3252 ὧν
1015 3192 1111 3273 ἔλεγον.
1129 3195 1170 3254 Ob
1184 3193 1300 3275 μακρούς
1313 3191 1462 3253 κατατείνει
1480 3191 1589 3272 λόγους,
1606 3191 1672 3253 ἀλλδ

99 3286 155 3348 de?
172 3287 217 3347 Ex
237 3286 292 3366 iis,
311 3308 370 3366 qnae
394 3285 527 3346 dicebant.
544 3289 604 3347 Non
626 3287 721 3369 longos
743 3290 845 3370 profert
902 3285 948 3345 καὶ
970 3288 1016 3345 ἀπ’
1032 3288 1113 3356 αὐτῆς
1130 3290 1178 3357 τῆς
1191 3283 1354 3365 ἀπαγγελίας
1365 3284 1468 3356 καὶτῆς
1479 3283 1612 3356 σννθσίκης
1625 3281 1672 3355 τὴν

100 3401 243 3458 sermones,
255 3377 302 3439 sod
316 3400 351 3439 ex
363 3379 422 3460 ipsa
437 3379 623 3440 enunciatione
631 3394 657 3441 et
671 3383 845 3442 construetio-
901 3374 1076 3458 ὴπαρρησίαν
1090 3377 1176 3450 δηλοῖ·
1188 3374 1259 3436 ὥστε
1269 3375 1422 3457 ἐπέσκηψαν
1436 3375 1467 3435 ἂν
1483 3378 1585 3449 αὐτοῖς,
1596 3377 1621 3434 τί
1635 3373 1671 3452 μὴ

101 3495 135 3534 ue
149 3473 280 3545 fiduciam
294 3471 431 3552 ostendit,
446 3473 537 3551 itaque
554 3473 582 3533 in
595 3474 656 3534 illos
670 3474 760 3534 aerius
775 3475 845 3555 egis·
903 3468 949 3528 ebt
960 3473 1047 3536 αὐτοῖς
1056 3461 1088 3543 ἦν
1099 3467 1672 3552 ὃἅνθρωπος-Ἐπεγίνωῦκὸντῑαῦτῶενφη·

102 3579 171 3641 sent,
191 3565 246 3625 nisi
264 3564 345 3624 homo
363 3565 411 3624 ille
428 3565 521 3625 luisset
534 3588 597 3625 cum
611 3567 658 3627 eis.
681 3569 845 3649 Cognosce·
903 3563 954 3636 σίν,
971 3562 1012 3623 δτι
1030 3560 1076 3623 σὺν
1090 3567 1129 3646 τῷ
1142 3562 1230 3635 Ἰησοῦ
1241 3553 1316 3634 ἦσαν.
1332 3559 1421 3643 Ὅπερ
1435 3559 1528 3628 αὐτοὺς
1538 3560 1673 3621 inestim-

104 3660 187 3734 bant,
198 3657 297 3736 inquit,
308 3658 387 3731 illos,
402 3662 542 3739 quoniam
554 3680 620 3719 cum
629 3660 842 3741 Jesufnerant.
904 3663 1024 3730 στεῦσαι,
1037 3655 1079 3716 δτι
1092 3659 1155 3737 παρ’
1167 3653 1265 3715 ἐκείνω
1280 3660 1364 3714 ταῦτα
1376 3653 1489 3733 ᾔδεσαν,
1500 3652 1547 3713 καὶ
1557 3657 1594 3721 ὣς
1604 3652 1674 3714 ἐκεί-

102 3749 182 3812 Unde
196 3750 351 3830 credebant,
367 3751 425 3811 hare
439 3751 499 3811 illos
512 3774 528 3812 a
543 3755 607 3814 lesu
622 3751 759 3833 didicisse,
776 3768 802 3814 et
816 3768 846 3815 ut
904 3771 947 3809 νου
959 3748 1076 3828 μαθηταί
1089 3749 1177 3808 πάντα
1187 3747 1327 3830 ἔτραπον.
1344 3747 1407 3826 Οὐχ
1416 3740 1496 3818 ἧττον
1509 3744 1538 3806 δὲ
1551 3751 1601 3819 τῆς
1615 3744 1674 3806 τώ-

101 3842 159 3923 ejus
169 3838 320 3924 discipulos
339 3842 429 3902 omnia
441 3843 538 3902 facere.
555 3844 611 3903 Nee
633 3843 766 3904 minorem
785 3845 845 3905 illo-
902 3866 954 3901 των
976 3846 1063 3922 φωνῆς
1074 3841 1146 3923 ἠφίει
1158 3841 1247 3922 φωνην
1260 3839 1290 3900 τδ
1305 3844 1394 3918 θαῦμα
1406 3839 1451 3913 καὶ
1464 3837 1675 3919 τδ“σημεῐον·δ

101 3955 162 3993 τινα
182 3933 263 3994 dietis
282 3955 376 3995 vocem
393 3935 530 3995 emittebat
552 3935 643 4019 ipsum
664 3938 844 4014 miraculum
903 3934 935 4007 δὴ
949 3934 995 3994 καί
1009 3934 1125 4013 μάλιστα
1138 3933 1275 4016 ἐνέφραξαν
1292 3935 1377 3993 αὐτῶν
1389 3931 1423 3992 τδι
1434 3931 1565 4010 στύματα.
1587 3933 1623 3993 El
1637 3931 1676 3990 δί-

100 4025 177 4104 quod
191 4039 217 4085 et
239 4025 361 4085 maxime
381 4024 492 4087 illorum
508 4046 556 4091 ora
577 4028 742 4088 obstruebat.
755 4030 788 4089 Si
795 4034 846 4110 ju·
902 4028 976 4088 κατόν
990 4032 1065 4101 ἐστι,
1083 4029 1176 4110 φησὶν,
1193 4026 1304 4087 ἐνώπιον
1323 4032 1368 4086 τοῦ
1388 4022 1458 4087 Θεοῦ
1479 4029 1553 4104 ὑμῶν
1573 4024 1675 4085 ἀκούειν

99 4113 177 4177 stum
190 4131 244 4193 est,
260 4118 368 4198 inquit,
388 4123 420 4178 in
432 4134 588 4202 conspectu
598 4124 657 4182 Dei
676 4140 731 4183 vos
747 4127 845 4203 potius
864 4141 883 4188 (t
902 4123 1002 4199 μᾶλλον
1018 4120 1093 4193 ἢτοῦ
1112 4122 1197 4194 Θεοῦ,
1210 4118 1326 4201 κρίνατε.
1339 4117 1433 4178 “Orsi
1446 4114 1525 4196 φύύος
1536 4117 1675 4196 ὑπετρήθη

100 4213 218 4281 audire,
232 4234 322 4294 quam
343 4214 449 4285 Deum,
467 4216 612 4294 judicate.
628 4218 736 4290 Quanto
757 4229 845 4276 metus
902 4217 1000 4293 μᾶλλον
1012 4213 1122 4296 (τδγδιρ
1142 4213 1320 4293 παραγγεῖλαι
1331 4209 1405 4271 οὐδὲν
1423 4200 1455 4281 ἦν
1466 4208 1555 4290 ἕτερον
1571 4208 1591 4282 ἦ
1610 4213 1676 4268 ἀπο-

92 4303 188 4362 minor
205 4304 291 4364 famus
311 4318 369 4364 erat
386 4310 466 4379 (nam
490 4306 658 4366 interminari
679 4308 747 4367 nihil
768 4308 843 4369 alind
900 4307 1046 4385 λυθῆναι),
1070 4305 1129 4366 τότε
1147 4304 1193 4365 καί
1213 4302 1405 4383 ἐπιεικέστερον
1418 4300 1590 4383 φθέγγονται·
1610 4301 1677 4362 οὕτω

100 4408 167 4472 erat,
184 4416 266 4474 quam
279 4395 341 4455 illos
355 4395 481 4474 dimitti),
497 4411 562 4457 tune
574 4398 668 4458 mitius
681 4399 845 4478 loquuntur,
901 4398 1004 4479 μακρδιν
1016 4397 1125 4478 θροίσοος
1136 4387 1213 4469 ἦσαν.
1227 4393 1293 4457 Ὅτι
1306 4394 1422 4476 γνωστὸν
1438 4402 1547 4473 σηριεῐον
1557 4392 1675 4475 γίγονεν,

99 4485 137 4544 ita
150 4487 245 4568 procul
260 4501 336 4547 erant
358 4487 393 4547 ab
406 4487 529 4548 audacia.
541 4489 615 4564 Quia
629 4504 722 4550 notum
737 4489 845 4571 signum
900 4496 940 4553 Οὐ
955 4492 1088 4570 δυναίμεθα
1101 4488 1275 4572 ἀρνήσασθαι.
1287 4486 1529 4569 Ὦστεήρνήσαντο
1542 4485 1585 4559 δν,
1600 4489 1624 4546 εἰ
1638 4485 1675 4564 μὴ

99 4590 154 4655 est,
169 4580 238 4639 Non
251 4600 404 4658 possumus
428 4601 544 4662 negare.
571 4582 666 4661 ltaque
688 4598 844 4664 negassent,
898 4589 975 4646 τοῦτο
988 4574 1034 4658 ἦν,
1044 4586 1067 4642 εἰ
1084 4581 1121 4660 μὴ
1136 4586 1153 4653 ἡ
1167 4585 1219 4640 τῶν
1230 4582 1335 4641 πολλῶν
1350 4577 1482 4659 μαρτυρία
1496 4568 1539 4651 ἦν.
1555 4576 1611 4639 Καὶ
1624 4577 1676 4656 μὴν

99 4668 150 4729 nisi
166 4666 209 4730 res
225 4669 261 4729 ita
276 4692 304 4731 se
316 4669 471 4748 habuisset,
486 4673 538 4733 nisi
553 4674 675 4735 omnium
693 4675 845 4736 testimonio
898 4687 965 4737 πᾶσι
979 4676 1127 4747 κατάδηλον
1141 4665 1182 4745 ἦν.
1196 4672 1277 4733 Ἀλλδι
1299 4679 1414 4732 τοιοῦτον
1435 4674 1453 4743 ἡ
1474 4669 1570 4746 κακία,
1595 4670 1676 4752 θρασύ

98 4760 206 4822 firmata
226 4761 339 4822 inisset:
356 4763 482 4823 omnibus
503 4764 605 4847 quippe
627 4781 689 4826 nota
713 4782 778 4827 erat.
789 4768 845 4828 Sed
899 4769 943 4828 καὶ
953 4767 1056 4846 ἰταμόν.
1070 4767 1179 4844 Ἀπειλῇ
1191 4763 1407 4842 ἀπειλησώμεθα.
1415 4763 1452 4824 Τί
1464 4763 1562 4844 λέγεις;
1578 4765 1676 4840 ἀπειλῇ

98 4854 161 4914 talis
182 4869 220 4916 est
243 4854 372 4935 nequitia,
393 4855 485 4917 audax
509 4857 638 4919 nimirum
656 4874 682 4919 et
704 4861 840 4941 petulans.
899 4861 1062 4941 προσδοκᾶτε
1082 4857 1187 4930 σπη’σειν
1203 4856 1232 4916 τδ
1248 4855 1388 4938 κήρυγμας
1402 4854 1481 4928 Οὕτω
1495 4858 1635 4935 πανταχοῦ
1649 4858 1677 4913 σί

133 5049 145 5072 ⁸
158 5050 246 5114 [Sasil.
261 5064 286 5102 et
297 5055 326 5102 A.
343 5054 370 5102 B.
382 5054 411 5104 C.
426 5060 519 5108 δείκνυσι
532 5063 637 5119 ἐνταῦθα,
651 5065 686 5111 ὅτι
698 5066 735 5111 καὶ
747 5066 786 5113 dre
798 5062 861 5115 (τότε
946 5058 958 5094 ¹'
969 5061 1096 5126 παρρησίαν
1107 5059 1219 5113 δείκνυσιν,
1233 5059 1298 5115 ὥστε,
1311 5053 1346 5102 sic
1359 5070 1430 5105 tinus.

103 5130 133 5175 Λ·
147 5124 186 5188 B.)
198 5151 253 5182 ταπ-
268 5139 399 5202 ἐφθέγγετο,
411 5135 438 5184 Α.
450 5136 478 5185 ll.
496 5135 525 5185 C.
539 5138 680 5205 plinius]
943 5143 952 5164 ‘
964 5131 1011 5183 Alii
1022 5146 1113 5201 σημεῖον
1123 5141 1191 5186 ἐκεῖνο
1204 5137 1259 5184 αὐτὸ
1271 5138 1395 5202 ἐνέφραξαν.

135 5222 145 5243 e
158 5211 243 5277 σφόδρα
254 5205 325 5258 deest
334 5211 360 5259 iu
371 5208 434 5263 aliis.
