3728 5978
331 779 468 838 omnm
487 752 527 836 ι’.
820 775 856 878 γε
1130 779 1290 841 nomme
1312 781 1344 840 ε.

108 962 134 1023 ἐν
149 954 194 1024 ὧν
209 964 371 1042 στρατιῶται
384 961 494 1023 κατὰτὸ
507 962 711 1043 διατεταγμένον
725 964 812 1031 αὐτοῖς
864 959 932 1021 Cm.
956 960 1066 1023 XXIII.
1083 984 1110 1023 v.
1133 966 1181 1027 51.
1203 969 1317 1029 Milites
1341 988 1419 1050 erge,
1444 983 1477 1028 ut
1499 990 1608 1050 proece·

108 1055 253 1122 αλαῦόντες
276 1056 320 1116 τὸν
341 1056 463 1128 Παῦλον,
486 1053 586 1136 ἤγαγον
601 1055 645 1114 διὰ
658 1053 750 1122 νυκτὸς
774 1057 812 1122 είς
900 1068 982 1134 ptum
1000 1070 1064 1116 erat
1076 1061 1142 1130 sibi,
1157 1074 1337 1121 assumentes
1351 1062 1493 1135 Paulum,
1512 1065 1608 1125 duse-

110 1173 126 1208 ν
146 1147 343 1229 Ἀντιπατρίδα.
355 1150 398 1227 Τῇ
419 1170 447 1205 τε
468 1146 590 1228 ἐπαόριον
606 1147 730 1214 ἐάσαντες
751 1144 811 1215 τοὺς
902 1161 971 1207 runt
979 1170 1034 1229 per
1042 1164 1154 1210 noctem
1162 1152 1394 1234 Antipatridem.
1404 1156 1452 1215 32.
1460 1158 1501 1215 Et
1507 1170 1608 1237 poste-

108 1249 165 1307 πεῑς
186 1239 344 1322 πορεύεσθαι
359 1236 404 1300 οῦν
424 1243 512 1320 αὐτῷ,
526 1237 694 1319 ὑπέστρεψαν
707 1242 743 1305 είς
760 1236 809 1312 τήν
901 1261 937 1300 ra
954 1243 1002 1301 die
1018 1244 1129 1304 relictis
1152 1249 1299 1326 equitibus
1321 1261 1354 1309 ut
1373 1270 1439 1309 cum
1466 1272 1500 1310 eo
1517 1256 1605 1324 irent,

107 1331 256 1414 ιριμῦολήν.
269 1330 372 1397 Οίτινες
388 1329 505 1398 ἐλθόντες
519 1334 555 1398 εἰς
568 1330 617 1404 τήν
630 1331 809 1414 Καισάρειαν,
899 1338 1009 1395 reversi
1023 1348 1093 1395 sunt
1104 1338 1146 1395 ad
1157 1352 1267 1398 castra.
1288 1341 1337 1399 55.
1355 1341 1400 1400 At
1414 1342 1462 1401 illi
1474 1364 1540 1403 cum
1555 1366 1606 1404 ee·

107 1424 268 1492 ίάναδόντες
277 1423 325 1498 τήν
332 1422 474 1493 ἐπιστολήν
485 1424 524 1503 τῷ
536 1422 663 1501 ἡγεμόνι,
674 1422 809 1505 παρίστη·
901 1428 1012 1486 nissent
1021 1429 1197 1502 Caesaream,
1210 1444 1239 1490 et
1250 1433 1441 1494 tradidissent
1451 1437 1607 1516 epistolam

108 1541 124 1577 ν
136 1516 184 1578 καλ
193 1516 237 1576 τὸν
250 1518 367 1575 Παῦλον.
897 1518 1030 1597 presidi,
1043 1531 1209 1580 statuerunt
1229 1535 1300 1582 ante
1321 1525 1408 1597 illum
1422 1539 1450 1585 et
1464 1528 1605 1587 Paulum.

107 1702 233 1784 ιθάπερβ
218 1700 398 1782 βασιλίατινλ
413 1703 442 1760 δο
443 1700 610 1783 ρυρόροιποιρ
612 1698 843 1781 antemnae
899 1700 1021 1775 tQuass
1034 1724 1124 1785 regem
1135 1705 1280 1785 quemdam
1289 1708 1451 1770 satellitibus
1464 1726 1604 1795 stipatam,

107 1798 159 1858 ’που
171 1796 285 1869 πλήθους
299 1795 344 1854 καλ
356 1794 481 1870 ἐννυκτὶ,
493 1792 648 1874 ροόουμενοι
662 1817 708 1854 του
691 1793 807 1871 δήμου
858 1795 1043 1856 transmittunt
1063 1818 1126 1857 cum
1141 1812 1212 1858 tanta
1230 1800 1405 1862 multitudiue
1425 1817 1451 1863 et
1470 1805 1605 1883 innecte,

107 1888 235 1972 θργήν
201 1913 249 1960 της
272 1890 366 1969 ὁρμῆς.
381 1879 512 1947 Ἐπεὶ
482 1911 525 1946 ουν
545 1891 593 1960 τῆς
610 1886 712 1955 πόλεως
730 1884 806 1947 αὐτόν
858 1885 980 1947 timentes
993 1889 1061 1948 iram
1075 1902 1102 1949 et
1121 1889 1251 1996 impetum
1266 1892 1371 1975 populi.
1388 1895 1586 1974 Postquam
1547 1917 1605 1978 tgs
1632 1922 1639 1939 ·

107 1980 213 2056 λον,’
181 2004 241 2041 τοτε
264 1979 432 2061 ἀφίστανται.
447 1979 546 2040 Οὐκ
533 2003 564 2037 αν
579 1978 607 2038 δὲ
629 1982 643 2037 ό
668 1977 807 2060 χιλίαρχος
858 1991 903 2037 tur
913 1979 1046 2061 ejecerunt
1057 1980 1135 2041 illum
1147 2003 1183 2043 ex
1198 1983 1389 2061 civitatense
1402 1985 1544 2048 desistunt.
1548 1990 1604 2049 Ne·

109 2071 327 2145 τοσαῦτηςαῦτον
341 2070 508 2151 άοραλείαςέ
508 2070 655 2150 ξέπεμψεν,
671 2072 695 2129 εἰ
708 2068 747 2149 μή
760 2069 806 2130 καλ
857 2091 910 2148 que
932 2071 1060 2131 tribunus
1080 2094 1142 2133 eum
1170 2087 1243 2134 tanta
1264 2075 1342 2136 illum
1356 2077 1474 2139 misisset
1499 2102 1604 2141 secun·

107 2164 196 2232 meets
209 2156 242 2237 ήν
264 2167 342 2224 αὐτοῦ
363 2161 551 2241 κατεγνωκὼς,
566 2161 730 2223 eustesium
749 2162 807 2241 ᾔδει
857 2174 922 2238 tate,
934 2162 987 2223 nIsi
1005 2177 1032 2223 et
1047 2163 1137 2245 ipsum
1153 2164 1296 2226 ianoxium
1310 2183 1440 2250 putasset,
1454 2184 1481 2231 et
1494 2172 1606 2233 illorum

107 2256 190 2317 νικόν.
208 2253 345 2336 Ἀναγνοὺς
361 2254 405 2328 δέ,
419 2255 465 2313 καλ
479 2254 649 2333 ἐπερωτήσας
674 2257 704 2313 ἐκ
730 2253 807 2323 ποίας
858 2254 1062 2335 sanguinarium
1075 2257 1197 2317 animum
1209 2260 1336 2320 novisset.
1351 2262 1399 2323 δά.
1416 2265 1490 2323 Cum
1505 2279 1605 2329 autem

106 2348 162 2430 γίας
174 2349 246 2423 ἐστὶ,
267 2347 313 2407 καὶ
339 2346 497 2425 πυθόμενος,
521 2346 562 2405 ότι
587 2347 641 2406 αἰπθ
666 2346 806 2421 Κιλικίας,
859 2346 985 2427 legisset,
1002 2361 1030 2407 et
1042 2352 1251 2431 interrogasset
1264 2354 1301 2412 de
1314 2374 1373 2434 qua
1385 2360 1541 2434 prouincia
1555 2379 1604 2418 es·

106 2439 204 2519 όαομαί
217 2463 280 2511 σου,
292 2437 356 2519 ἐρη,
370 2439 431 2497 όταν
442 2437 488 2496 καὶ
502 2441 526 2498 ot
536 2437 680 2520 κατήγοροί
694 2461 741 2498 σου
753 2462 805 2498 πα-
858 2450 912 2511 set,
925 2441 1113 2521 audissetque
1123 2443 1204 2522 quod
1216 2463 1254 2501 ea
1271 2445 1396 2503 Cilicia:
1409 2448 1457 2506 55.
1469 2448 1604 2509 Audiam

106 2555 207 2591 mesot·
218 2530 339 2593 ἐκέλευσά
347 2554 377 2589 τε
387 2530 464 2589 αὐτὸν
474 2533 499 2588 ἐν
506 2533 545 2610 τῷ
556 2530 710 2611 πραιτωρίῳ
717 2529 805 2611 Ἦρόν-
848 2539 896 2599 te,
911 2530 1018 2609 inquit,
1030 2549 1097 2587 cum
1115 2543 1301 2591 accusatores
1316 2536 1360 2591 tui
1374 2538 1512 2594 uenerint
1523 2539 1603 2618 :jus-

107 2627 279 2687 υλάσσεσθοιι.
294 2624 366 2696 Ἤδη
391 2622 577 2703 ἀπελογήσατο
602 2622 668 2705 ῦπέρ
693 2624 805 2684 αῦτοῦθ
857 2621 953 2699 sitque
961 2620 1046 2679 illum
1057 2624 1232 2700 inproetorio
1242 2623 1368 2683 Ilerodis
1376 2626 1529 2686 custodiri.
1541 2629 1603 2689 Jam

106 2741 145 2788 ες·
162 2720 221 2778 ἀλλ’
237 2717 309 2796 ὅμως
325 2716 370 2776 καί
386 2717 426 2776 ἐτι
440 2719 464 2775 οἱ
480 2717 601 2776 Ἰουδαῖοι
626 2714 805 2785 ἐπιτίθενται,
821 2731 840 2780 c
856 2731 906 2790 pro
918 2710 967 2770 illo
981 2712 1113 2773 rationem
1128 2711 1239 2773 dederat
1253 2714 1368 2796 Lysias,
1380 2729 1496 2776 attamen
1510 2717 1601 2779 adhuc

106 2808 416 2922 ιροιιαταλαμόάνρυαι
391 2831 436 2868 τον
448 2806 592 2889 ἀκροατήν,
613 2831 648 2866 κα
648 2806 754 2866 λπαλιν
768 2810 805 2876 εἰς
856 2801 914 2863 illic
927 2804 1007 2864 illum
1020 2804 1109 2866 Judaei
1127 2805 1300 2881 adoriuntur,
1313 2820 1340 2866 et
1353 2826 1542 2891 praeoaeupant
1551 2833 1600 2871 aa·

106 2904 273 2985 θβαλλεται,
288 2927 334 2962 και
323 2902 491 2961 Ηάκουε
450 2920 519 2967 πως·
535 2898 627 2976 ἐπάγει
646 2897 712 2977 γάρ·
728 2897 804 2958 Μετὰ
857 2893 983 2969 ditarem,
1002 2896 1140 2959 etiterum
1159 2897 1601 2982 invinculaconjiciturwtquo·

106 2996 157 3058 ἀτε
176 2996 277 3077 ἡμέρας
293 2992 393 3064 κατάόη
409 2994 457 3052 θ’
442 2989 580 3073 αρχιερεθς
596 2988 715 3055 Ἀνανίας
735 2990 803 3067 μετὰ
856 2984 948 3065 modo,
960 2986 1037 3047 audi
1048 2987 1264 3050 Additenimtt
1276 2993 1349 3052 Post
1361 3014 1491 3073 quinque
1502 3009 1601 3056 autem
1610 3026 1671 3072 c„
1682 3039 1743 3070 un.

106 3088 214 3170 Ιοτίρων
228 3111 273 3146 και
263 3078 761 3168 ροτοροςΤερτυλλουτινος,οἵτινες
748 3104 803 3140 ενι
856 3079 918 3138 dies
932 3033 1080 3140 descendit
1100 3086 1236 3162 princeps
1256 3086 1441 3144 sacerdotum
1460 3086 1601 3149 Ananias

106 3202 149 3239 ναν
162 3202 201 3260 τιρ
181 3178 325 3257 ’ήγιμόνι
336 3175 405 3236 κοιλ
418 3197 464 3234 του
447 3173 591 3232 Παύλου.
602 3170 739 3254 Ὅραπῶς
749 3174 803 3232 οῦδ
855 3178 1100 3235 cummaioribus
1121 3188 1151 3235 et
1175 3178 1308 3238 Tertullo
1323 3183 1451 3261 quodam
1472 3198 1599 3259 oratore,

106 3270 296 3343 ςάπέστηοαν,
321 3270 380 3327 ἀλλ’
405 3267 527 3347 ἔρχονται
544 3263 645 3344 μυρίοις
661 3263 803 3342 κωλόμαοι
855 3269 907 3344 qui
915 3268 1053 3327 adierunt
1062 3270 1216 3347 proesidem
1227 3271 1369 3333 adversus
1379 3275 1600 3339 Paulum.Vide

106 3361 304 3441 ικωλυόμενοι,
317 3358 385 3419 ὥστε
396 3361 715 3437 κάκεῖκαεαισγυνθῆναι.
727 3358 802 3430 Κλη·
854 3357 989 3436 quomodo
1003 3381 1087 3440 neque
1100 3359 1137 3420 ita
1149 3360 1317 3439 destiterunt,
1332 3364 1380 3424 sed
1398 3365 1523 3442 venium,
1538 3367 1601 3430 litet

105 3453 152 3524 ςδέ
165 3458 260 3527 αὐτοῦ,
273 3453 371 3531 ἤρξατο
385 3447 742 3530 κατηγορεῖνὸ’1’ἐρτυλλος,
756 3447 800 3507 λε’-
855 3449 930 3510 mille
955 3465 1098 3511 occurrant
1126 3453 1226 3532 obices,
1251 3468 1281 3514 ut
1308 3455 1365 3516 illic
1391 3458 1599 3521 contundantur.

111 3551 212 3619 πολλῆς
226 3549 330 3627 εἰρήνης
349 3543 521 3624 τυγχάνοντες
542 3540 585 3600 διά
599 3548 660 3615 σοῦ,
681 3540 727 3600 καὶ
749 3565 802 3601 κα·
854 3547 884 3603 2.
897 3544 937 3602 Et
950 3548 1041 3604 citato
1060 3543 1114 3603 itta
1126 3549 1210 3626 caepit
1224 3567 1365 3607 accusare
1381 3550 1539 3626 Tertullus,
1554 3554 1600 3612 di·

105 3639 203 3721 ιμάτων
217 3640 359 3718 γινομένων
374 3641 412 3718 τῷ
428 3636 496 3695 ἔθνει
507 3634 591 3714 τούτῳ
617 3634 660 3693 διὰ
684 3638 732 3705 τῆς
753 3639 802 3707 σῆς
853 3657 940 3696 censs
953 3638 1027 3696 Cum
1044 3641 1076 3695 in
1096 3639 1192 3697 multa
1212 3660 1286 3719 pace
1308 3662 1431 3722 aganms
1449 3666 1503 3724 per
1517 3657 1554 3719 te,
1571 3659 1600 3704 et

105 3731 165 3803 ίας,
178 3731 265 3811 πάντη
277 3755 306 3789 τε
317 3728 363 3789 καὶ
378 3731 515 3806 πανταχοῦ
527 3724 711 3804 ἀποδεχόμεθα
719 3768 727 3794 ,
735 3726 802 3807 κρά·
818 3745 837 3791 t)
855 3728 950 3787 multa
962 3733 1040 3788 bona
1052 3732 1227 3813 operafiant
1240 3735 1273 3790 in
1286 3735 1343 3793 liae
1356 3748 1441 3815 gente
1452 3758 1506 3816 per
1517 3750 1599 3796 tuam

112 3823 220 3898 Φῆλιξ,
236 3822 303 3901 μετά
319 3821 406 3892 πάσης
431 3816 609 3900 εὐχαριστίας.
627 3817 685 3876 Ἵνα
709 3817 736 3877 δέ
762 3816 800 3896 μή
851 3819 1078 3897 providentiam,
1093 3821 1122 3878 3.
1134 3840 1247 3900 semper
1256 3835 1284 3880 et
1296 3825 1404 3902 ubique
1415 3829 1597 3905 suscipimus,

105 3915 162 3977 λόον
178 3939 207 3975 σε
223 3915 360 3994 ἐγκόπτω,
374 3915 500 3993 παρακοιλ
494 3915 523 3969 ῶ
537 3914 650 3970 ἀκοῦσαι
664 3909 801 3988 συντόμως
853 3915 960 3990 optime
975 3912 1075 3985 Felix,
1095 3917 1259 3972 cumomni
1279 3919 1446 3994 gratiarum
1470 3921 1596 3978 actione

114 4014 149 4090 τῇ
164 4034 197 4089 σῃ
180 4008 352 4087 ἐπιεικεία.
365 4006 417 4065 Koa
431 4003 509 4084 μήν(
499 4013 573 4081 υμεὶς
587 4007 649 4061 τοῦ
640 4027 664 4062 ο
683 4002 800 4075 πεποιή-
852 3998 881 4059 l.
887 4000 933 4058 Ne
942 3999 1053 4058 dlutius
1061 4011 1159 4057 autem
1171 4012 1198 4058 te
1205 4003 1390 4079 protraham,
1399 4024 1460 4079 oro,
1473 4007 1598 4064 breviter

118 4103 198 4182 ρήτορ
199 4124 227 4169 ος
242 4124 286 4161 ουν
297 4123 323 4158 τι
316 4096 455 4174 ’ἐδει5Ὅ
458 4121 490 4179 ρα
499 4121 556 4163 πως
566 4119 612 4154 και
623 4087 696 4162 ουτος
705 4094 800 4162 ευθεως
853 4092 959 4151 audias
974 4113 1026 4152 nos
1039 4113 1094 4172 pro
1109 4104 1160 4152 tua
1182 4094 1350 4155 clementia
1367 4097 1449 4175 Atqui
1473 4119 1522 4157 vos
1544 4099 1597 4159 hoc

105 4190 217 4269 οοιμίων
232 4195 268 4256 ὡς
292 4209 478 4302 νεωτεροποιογ
493 4185 538 4244 καὶ
554 4184 717 4257 στασιαστήν
733 4185 798 4264 βοό-
852 4183 966 4244 fecistis:
979 4184 1067 4262 quid
1059 4185 1144 4265 igitur
1157 4207 1225 4292 onus
1234 4200 1290 4246 erat
1302 4191 1426 4249 oratore?
1440 4189 1513 4252 Vide
1526 4213 1596 4270 quo-

118 4285 301 4365 παραδοῦναι,
328 4279 373 4339 καλ
395 4287 449 4346 τοῖς
466 4279 581 4346 ἐπαίνοις
607 4281 799 4358 προκαταλαμ-
852 4276 934 4338 modo
951 4276 998 4337 hic
1012 4299 1119 4357 quoque
1130 4279 1220 4338 statim
1232 4279 1267 4338 ab
1279 4280 1391 4341 exotdio
1405 4283 1484 4342 illum
1498 4297 1529 4342 ut
1542 4305 1595 4344 no-

119 4399 163 4436 τον
190 4373 326 4446 δικαστήν.
350 4362 455 4431 Εἶτα
442 4396 477 4438 ως
500 4370 626 4430 πολλὰ
611 4395 680 4451 εγων
701 4374 797 4447 εἰπεῖν,
851 4383 972 4431 satorem
984 4369 1141 4430 seditiosam
1155 4371 1214 4431 salt
1227 4372 1379 4453 traducere,
1392 4375 1521 4438 laudibus
1531 4400 1597 4439 vero

104 4467 202 4550 τρίγει,
223 4465 287 4525 Ικαὶ
310 4463 387 4543 μόνον
419 4470 494 4523 τοῦτο
516 4462 602 4543 λε’·γει
623 4463 681 4523 Ἵνα
706 4463 734 4522 δέ
758 4465 797 4543 μή
846 4464 1156 4548 judicempraeoccupat.
1169 4466 1465 4547 Deinde,quasimulta
1480 4471 1595 4532 dicenda

105 4561 147 4620 εὀν
161 4584 191 4620 οε
203 4558 332 4639 ἐγκόπτω.
339 4554 413 4636 ορα
425 4561 482 4622 πῶς
493 4558 529 4623 εἰς
541 4556 681 4635 ἐπιθυμίαν
697 4556 797 4635 ἐμόαλ·
849 4558 957 4630 habeat,
969 4557 1163 4639 praetercurrit,
1174 4573 1200 4618 et
1211 4559 1264 4619 hoe
1274 4582 1359 4619 unum
1373 4560 1440 4622 dicit
1453 4588 1459 4620 :
1470 4567 1516 4623 Ne
1527 4568 1593 4625 diu·

105 4653 222 4718 ολάσεως
245 4650 289 4709 τόν
310 4647 452 4720 δικαστήν·
478 4647 503 4706 εί
522 4673 552 4727 γε
574 4647 668 4726 ἔμελλε
682 4650 726 4710 τόν
746 4649 795 4722 τήν
850 4656 907 4712 tius
929 4664 1028 4710 autem
1049 4665 1076 4710 te
1094 4654 1277 4732 protraham.
1302 4653 1374 4715 Vide
1388 4657 1524 4735 quomodo
1537 4679 1591 4738 pu·

104 4746 177 4818 ιίνην
187 4743 369 4823 άνατρίποντα
384 4741 519 4815 καθέξειν,
533 4741 579 4801 καὶ
592 4746 627 4809 ὡς
642 4742 686 4802 ἐπλ
700 4768 795 4826 κατορ
813 4755 832 4802 Ε
850 4743 941 4804 aiendi
953 4743 1117 4803 desiderium
1128 4744 1216 4826 judIci
1232 4746 1369 4825 immittat,
1381 4750 1458 4828 quasi
1472 4772 1592 4831 compre·

104 4863 126 4898 τι
147 4843 271 4919 φρονοῦσι
299 4836 416 4917 μεγάλῳ.
439 4836 567 4918 Εῦρόντες
585 4837 636 4918 γάρ
650 4835 694 4895 τὸν
712 4837 794 4920 ἄνδρα
849 4838 966 4896 hensuro
981 4858 1055 4914 eum,
1070 4836 1118 4915 qui
1132 4836 1224 4897 orbem
1239 4839 1414 4916 subverteret,
1429 4856 1456 4900 et
1469 4841 1545 4921 quasi
1559 4843 1593 4903 de

104 4957 109 4987 ι
130 4930 235 5010 λοιμὸν,
251 4930 296 4990 καλ
313 4938 435 4990 κινοῦντα
452 4928 558 4997 στάσεις
573 4939 639 4988 πᾶσι
653 4940 706 4996 τοῖς
728 4929 793 4991 Ἰου-
848 4926 978 5009 preclaro
989 4948 1069 5008 opere
1079 4927 1206 4987 sentiant.
1221 4930 1249 4988 5.
1266 4932 1435 4991 Invenimus
1448 4935 1526 4993 leunc
1541 4936 1593 4992 lio

110 5032 165 5091 τοῖς
176 5020 246 5083 κατά
260 5021 308 5094 τήν
323 5020 488 5101 οἰκουμένην,
500 5021 692 5101 πρωτοστάτην
703 5046 732 5082 τε
747 5026 794 5094 τῆς
849 5025 956 5081 minem
972 5021 1156 5100 pestiferum,
1171 5033 1199 5079 et
1217 5024 1413 5081 concitantem
1434 5025 1592 5085 seditiones

104 5216 191 5276 ἰμονον
203 5216 271 5262 τοῦτο
283 5212 340 5274 λίγα
352 5204 422 5257 deest
434 5207 459 5256 in
472 5223 532 5260 uno.
