3742 5970
241 468 312 564 908
960 483 1092 535 seueri.

241 625 385 694 postquam
395 611 529 693 hymnum
544 609 753 689 compleverant,
768 605 876 679 dieunt,
889 607 984 666 Beue-
1035 607 1115 686 νόμον
1122 610 1294 690 ἐπιστάμενοι
1304 609 1350 670 καλ
1358 608 1430 672 Θεὸν
1436 606 1621 689 γινώσκοντος
1631 607 1714 676 οὕτως
1723 609 1804 688 ἔλσαν·

240 694 330 751 dieite
341 691 477 762 Auente,
491 689 609 775 Azptia
622 701 652 748 et
664 687 774 747 Miseei
781 687 921 746 Domine.
931 684 983 745 Vi·
1034 689 1177 769 Εὑλογιῖτε
1186 688 1291 773 οὐρανοὶ
1301 689 1348 749 τδν
1356 688 1474 772 Κύριον,
1490 688 1581 768 ἄστρα
1594 691 1644 745 τοὺ
1661 690 1763 767 οὑρανοὺ
1771 692 1806 750 tir

239 770 306 829 disti
330 769 489 850 patientiam
508 765 769 848 justorumividisti
793 784 918 824 ceronam
937 784 983 823 ne·
1034 766 1144 848 Κύρων,
1160 767 1246 829 ύδατα
1259 768 1396 830 πάντατὰ
1415 767 1514 828 ἐπαίνω
1527 773 1576 825 τοῦ
1591 768 1807 846 nemete

240 848 327 909 xum?
343 847 617 908 vidististrenuerum
626 847 760 926 juvenum
776 843 982 904 fortitudinem?
1034 846 1658 927 ριυν,ῆλιοςκαλσεληνητδνθίύριον.1(αὶὸρα
1706 848 1807 907 tuto

241 927 336 988 vidisti
347 922 983 1007 relumigneanientiorem?ridistieseuman·
1033 926 1134 1002 μαστὸν
1154 927 1262 1008 ὕστερον
1280 927 1563 1005 mummius
1578 925 1661 985 Ἀναν
1709 925 1807 1027 ’Δζαρζ

239 1007 449 1086 gelisversans?
463 1004 859 1085 vidistilinguamangelorum
868 1001 981 1061 eemmi-
1031 1004 1426 1087 ΜισαὴλτὸνθίύριονιὮσπι
1458 1005 1516 1084 γὰρ
1531 1008 1560 1064 ἐν
1583 1009 1621 1085 τῇ
1636 1012 1806 1089 αοσμοτοιιφὺ

238 1086 474 1147 nistram?ridisti
490 1086 647 1167 patientiam
661 1083 845 1143 athletarum?
858 1082 919 1141 Non
940 1080 979 1140 ti-
1030 1083 1173 1162 νομοθέτης
1192 1089 1400 1168 θστοριορραφῶν
1414 1030 1496 1164 dispe
1516 1083 1593 1161 μετὰ
1610 1083 1644 1143 τὸ
1663 1084 1712 1155 τὴν
1733 1086 1802 1144 κτίσιν

238 1179 364 1224 muerunt
382 1178 507 1241 mertem,
523 1186 576 1225 non
587 1177 706 1223 mutatus
724 1176 763 1223 est
777 1161 870 1222 vultus
886 1179 980 1220 oerum
1030 1163 1295 1245 τελεσιουργηθῆναι,
1319 1166 1371 1224 Ποι
1392 1186 1488 1241 σωμτν
1512 1163 1663 1246 esem
1679 1168 1737 1224 κατ’
1751 1164 1806 1224 ίέίαν

237 1244 410 1304 obfuturum
421 1245 581 1321 cruciatum,
597 1242 644 1302 sed
663 1243 719 1302 lasti
732 1256 758 1302 et
774 1238 980 1302 derentesdiee-
1030 1241 1120 1303 εἰκόνα
1133 1243 1178 1319 καλ
1192 1245 1252 1304 καθ’
1266 1244 1411 1322 ὁμοιότητα
1425 1241 1571 1324 ἡμετέραν
1587 1265 1595 1279 ·
1612 1241 1684 1302 edre
1695 1235 1806 1304 κολούειν

237 1321 303 1381 ὑιοσο
317 1347 324 1381 :
340 1323 394 1383 Sin
417 1327 536 1396 σιίιιυε,
557 1325 724 1405 ποιιιιιιιθὺί
748 1327 796 1396 sit,
817 1341 881 1396 rex,
901 1319 982 1400 qued
1029 1323 1182 1381 τελευταῖον
1202 1322 1309 1383 πάντων
1324 1322 1425 1394 ποιησ’
1467 1345 1509 1382 νσι
1522 1326 1577 1393 τῆς
1600 1321 1804 1423 ὑμναλσφίαςτθφ

238 1403 308 1461 dees
324 1416 390 1462 tuos
411 1424 471 1462 nen
489 1403 621 1475 colimus,
635 1423 690 1461 nee
703 1413 833 1460 statuam
847 1420 979 1474 auream,
1030 1401 1235 1483 ἀναπλήρωσιν,
1260 1400 1383 1485 λόγοισιν
1411 1406 1495 1473 Γς,
1523 1403 1680 1479 Eumne
1714 1403 1806 1474 Διανίι,

238 1501 329 1561 quam
354 1486 481 1556 erexisti,
502 1483 670 1541 odoremus.
691 1479 823 1541 Vidistin'
843 1478 979 1556 quomodo
1030 1478 1149 1562 Ἀζαρία,
1172 1481 1283 1553 Μισαὴλ
1303 1480 1349 1542 τδν
1375 1480 1491 1561 Κύριον.
1515 1472 1603 1548 Εἶδες
1624 1482 1753 1559 ὑπομονὴν
1772 1483 1806 1541 δι-

237 1560 340 1638 ubique
348 1561 478 1652 patientie
489 1581 602 1640 regnum
613 1560 740 1619 celorum
750 1556 980 1619 concilietivide
1029 1559 1128 1634 καίωνς
1153 1552 1219 1629 εἶδες
1240 1560 1288 1620 στί
1308 1584 1371 1620 ανον
1391 1559 1587 1638 πλεκόμενον;
1609 1550 1680 1630 εἶδες
1702 1562 1807 1641 ἀνδρεὺιν

237 1639 318 1713 mihi,
333 1660 355 1698 ει
367 1641 466 1732 placet,
490 1640 599 1699 beatum
618 1639 757 1698 Danielem
770 1639 797 1697 in
811 1638 900 1697 lacum
920 1637 977 1697 lee-
1031 1639 1110 1720 ἰσχύν
1124 1642 1177 1699 τῶν
1196 1640 1275 1712 νίιυν;
1288 1584 1355 1708 dte<
1369 1643 1454 1712 ζῆλον
1474 1639 1566 1719 eope<
1583 1639 1714 1721 σφοδρότι
1758 1630 1807 1712 ςεῖ-

236 1737 304 1777 num
315 1733 464 1778 conectum
477 1733 503 1778 et
517 1720 606 1779 leones
617 1719 738 1798 jejunare
753 1718 977 1777 docentern.iion
1030 1719 1072 1787 δις
1093 1719 1181 1797 στόμα
1200 1718 1351 1797 ὁμοδίαιτον
1367 1723 1458 1779 τῶνά
1496 1718 1590 1792 ε’λωνς
1614 1709 1684 1786 εἶδες
1704 1664 1806 1796 dmum

236 1797 309 1856 onim
325 1741 460 1858 audebant
477 1799 541 1857 ἐστιν
578 1798 731 1879 rephetieas
749 1810 856 1876 grutere
874 1816 976 1872 carnes,
994 1804 1015 1852 tt
1030 1799 1227 1881 πιλλιιτουργὸν
1242 1802 1295 1858 τῶν
1316 1798 1455 1878 dudem
1480 1799 1554 1864 τδις
1577 1798 1718 1876 ὑπομονὴν
1739 1802 1805 1870 θθλη·

110 1890 148 1918 «θ’
189 1905 195 1918 ·
235 1877 390 1955 quiaillein
404 1877 532 1969 patientia
579 1875 836 1936 ucatusfuerat.Hie
850 1895 913 1966 ergo
926 1875 975 1934 be-
1028 1881 1099 1951 τῶνς
1122 1879 1182 1938 otu
1204 1877 1351 1938 ἐδειλίασαν
1366 1876 1433 1959 πρὸς
1455 1878 1598 1951 θοίνατον,
1624 1881 1673 1938 οὖν
1693 1877 1805 1951 ἠλλιιύθη

236 1969 296 2015 atus
302 1957 400 2015 Duniel
409 1977 436 2015 ιιι
447 1956 536 2015 laeum
542 1956 650 2016 ieonum
662 1955 806 2035 ingressus,
812 1975 866 2015 non
874 1953 976 2030 timuit,
1029 1959 1116 2016 αὑτῶν
1129 1957 1160 2017 τδ
1173 1956 1314 2039 πρόσωπον
1330 1956 1375 2016 διλ
1395 1961 1445 2029 τῆς
1462 1956 1628 2034 μελλούσης
1648 1957 1747 2018 ἔσεσθαι
1759 1959 1804 2021 ,αύ-

235 2034 282 2094 sed
290 2048 414 2117 precatus
424 2050 463 2095 est
474 2036 575 2105 Deum,
587 2037 697 2116 ipseque
710 2057 758 2117 per
771 2033 928 2115 patientiam
937 2033 977 2093 fe-
1027 2045 1082 2104 τοῖς
1092 2036 1238 2116 τιμωρίας,
1255 2035 1325 2096 ἄλλα
1338 2036 1446 2117 φαιδροὶ
1460 2035 1511 2095 καὶ
1525 2035 1758 2115 γεγανωμένοιτηῖ
1770 2037 1804 2095 ἄν

235 2114 342 2174 ritatem
355 2115 383 2174 in
399 2113 632 2175 mansuetudinem
645 2115 776 2190 mutavit,·
789 2113 976 2173 etnaturaefe
1028 2121 1068 2175 θιι
1089 2113 1274 2196 disperdidi
1293 2114 1348 2193 μὴ,
1366 2115 1490 2195 γνωστὸν
1513 2115 1593 2176 ἐστω
1621 2138 1682 2189 σοι,
1698 2118 1805 2194 βασιλεῖ,

235 2193 333 2254 recitas
356 2194 384 2254 in
410 2193 643 2255 mansuetudinem
667 2194 726 2255 eris
750 2192 956 2254 convertebatur
963 2214 973 2268 3
1028 2193 1069 2254 ότι
1080 2205 1135 2263 τοῖς
1158 2200 1225 2262 θεοῖς
1242 2218 1288 2255 σου
1309 2196 1338 2256 σθ
1351 2193 1542 2275 λατρεύομτν,
1566 2195 1619 2254 καλ
1659 2200 1677 2214 ”
1690 2194 1802 2271 εθιιύνιτῇ

125 2284 170 2330 nte
180 2285 225 2331 ιιοὶ
234 2287 345 2352 eratque
354 2288 427 2334 stans
441 2275 538 2334 Daniel
552 2287 583 2333 ut
595 2288 687 2355 pastor
696 2294 759 2333 cum
767 2272 855 2352 agnis.
871 2270 976 2331 Vidisti
1028 2265 1166 2354 χρυσῇ,ξ
1187 2273 1316 2346 ἐσιησας,
1342 2277 1372 2334 σθ
1394 2297 1416 2331 π
1488 2280 1623 2352 υνοῢμεν.
1690 2276 1729 2339 δες
1757 2278 1804 2341 πῖκ

83 2350 191 2422 '‘⁶⁰¹⁰‘53
235 2366 360 2413 naturam
375 2355 524 2414 mutatam?
547 2351 583 2413 Et
602 2367 734 2434 tyrannus
752 2350 975 2427 confundebatur,
1028 2359 1166 2433 πανταχοῦ
1182 2359 1199 2425 ἠ
1214 2352 1333 2429 ὑπομονὴ
1354 2352 1406 2432 πρό
1436 2376 1483 2420 νος
1496 2355 1612 2431 γίνεται
1624 2356 1674 2425 τῆς
1688 2352 1804 2432 βασιλείας

81 2412 447 2517 ffi?‘'¹‘¹⁸'rideoequeerat
460 2455 516 2494 rem
530 2432 690 2513 stupendam
703 2446 728 2492 et
741 2430 893 2489 mirabilem
906 2453 913 2487 τ
925 2430 977 2489 lee-
1028 2436 1082 2493 τῶν
1097 2436 1231 2514 ούρανῶνη
1245 2431 1296 2492 ’idi
1312 2455 1374 2510 μοι,
1389 2436 1411 2492 εἰ
1432 2434 1511 2492 δοκεῖ
1518 2478 1528 2507 ,
1546 2433 1598 2492 καὶ
1626 2434 1672 2493 τὸν
1692 2433 1804 2511 μακάριον

234 2533 281 2572 nes
290 2513 349 2593 ipso
358 2533 421 2592 rege
433 2513 625 2573 mansuetiores
637 2511 702 2571 faeti
712 2524 784 2570 sunt.
798 2509 843 2568 lili
860 2528 977 2588 namque
1030 2511 1134 2583 Δανιὴλ
1146 2513 1191 2572 τὸν
1206 2515 1243 2578 εἰς
1255 2512 1353 2572 λα’κκον
1373 2512 1492 2572 λεόντων
1510 2511 1672 2591 βληθέντα,
1694 2512 1736 2571 καὶ
1754 2511 1803 2580 ota

233 2592 327 2650 eibum
338 2593 507 2673 accipientes,
523 2612 587 2651 cum
599 2605 673 2651 unta
691 2603 876 2672 premerentur
893 2590 975 2667 same,
1029 2590 1136 2659 λίοντας
1151 2590 1290 2659 διδάξαντα
1302 2591 1447 2662 νηστεύειν.
1464 2595 1509 2652 oe
1524 2593 1585 2673 γὰρ
1599 2592 1720 2668 ἐτολμων
1731 2593 1753 2650 σί
1763 2596 1803 2661 θῆ-

233 2671 351 2732 neneusi
360 2671 599 2753 suntprophetiens
612 2685 719 2751 gustare
728 2690 831 2740 earum,
841 2688 889 2728 nec
902 2688 977 2728 men·
1031 2693 1073 2752 ρες
1086 2676 1139 2730 τῶν
1150 2673 1320 2751 προφητικῶν
1334 2670 1519 2748 ἀπογεύεσθαι
1534 2674 1641 2754 κρεῶν,
1654 2671 1699 2730 διὰ
1709 2670 1737 2730 τό
1747 2675 1802 2730 ὑπν-

233 2770 293 2810 tem
312 2765 339 2811 et
352 2751 495 2811 obsonium
514 2750 671 2833 appositum
691 2770 789 2808 :suam
808 2761 977 2827 negaverunt
1029 2753 1096 2830 μονῇ
1107 2750 1185 2809 αὐτὸν
1195 2753 1368 2830 ἐκτραφῆναι.
1378 2743 1468 2817 Oinoe
1480 2743 1528 2809 eiu
1544 2751 1708 2831 ὑμακσίριος
1717 2749 1803 2821 Δανιὴλ

233 2844 357 2890 mturam
371 2831 408 2890 eb
422 2851 470 2911 pro
489 2830 558 2890 hetae
577 2830 751 2910 patientiam
762 2848 849 2906 neque
869 2827 917 2886 ille
934 2827 976 2887 in·
1029 2832 1065 2896 τίς
1077 2830 1123 2889 τὸν
1135 2828 1234 2889 λσίιυιον
1250 2832 1302 2888 τῶν
1316 2828 1430 2889 λεόντων
1447 2829 1587 2890 εἰσελθὼν
1601 2833 1652 2890 otu
1665 2829 1800 2898 ἐδειλίασεν,

233 2929 316 2970 eursu
331 2911 450 2969 semrom
498 2930 545 2969 sus
558 2923 606 2982 est,
618 2909 681 2988 quia
700 2930 713 2968 s
732 2908 826 2969 orabat
838 2905 866 2966 iu
880 2907 976 2967 Domi·
1029 2908 1098 2970 ἀλλὰ
1113 2907 1280 2988 προσηύξατο
1301 2912 1341 2988 τῷ
1360 2911 1443 2990 Θεῷ·
1461 2914 1496 2988 τῇ
1522 2913 1656 2990 ὑπομονῇ
1674 2909 1720 2968 καὶ
1738 2909 1802 2974 αὑτὸς

233 3008 269 3048 ne
286 2989 464 3049 :nevitenim
480 3002 574 3048 natura
590 2988 707 3048 ferarum
713 2930 766 3046 itei
775 2985 921 3076 imaginem
934 3008 975 3046 re
984 2985 1077 3062 ,ηητλν
1093 2987 1235 3067 θηριωδίαν
1248 2989 1285 3056 εἰς
1302 2987 1458 3066 ἡμερότητα
1472 2988 1617 3065 present:
1625 3036 1635 3063 ,
1649 2988 1695 3048 καὶ
1707 2993 1723 3058 ἡ
1737 2987 1800 3067 φύσις

232 3069 329 3128 vereri.
344 3068 407 3129 ldee
422 3090 484 3128 eum
493 3068 578 3149 prebe
592 3067 672 3127 sciret
684 3066 785 3140 David,
798 3067 822 3125 ei
834 3087 881 3145 qur
901 3078 977 3125 temet
994 3073 1076 3139 Ατῆς
1086 3068 1243 3148 ἀγριότητος
1255 3069 1292 3134 ιθς
1303 3066 1460 3148 ἡμερότητα
1470 3068 1619 3147 προδότου
1632 3066 1799 3147 μιτεύαθὺετο,

81 3156 150 3200 Psat.
166 3168 207 3216 φο.
233 3149 383 3208 Dominum
401 3148 471 3207 nihil
484 3169 541 3207 esse
554 3160 663 3227 aspectu
673 3144 853 3215 formidabile,
872 3143 921 3221 nit,
936 3148 977 3205 Et
1028 3146 1075 3206 καί
1087 3139 1120 3220 ἦν
1135 3144 1253 3218 ἑστηκὼς
1266 3145 1369 3217 Δανιὴλ
1380 3149 1416 3213 ιὺς
1439 3146 1549 3224 ποιμὴν
1562 3148 1642 3245 μετὰ
1657 3150 1747 3227 ἀρνῶν.
1761 3136 1800 3204 Ei·

84 3218 122 3263 ¹³·
233 3230 419 3288 cetteulcebt's
431 3228 544 3287 leonem
552 3240 581 3286 et
591 3229 747 3287 draconem
753 3238 915 3295 ;etrursum
924 3226 977 3284 De·
1029 3225 1069 3293 δες
1083 3226 1161 3305 φύσιν
1177 3224 1426 3303 μεταύαλλομὲνην,
1439 3227 1670 3305 Καίδτυραννος
1682 3224 1799 3305 κατῃσχύ-

80 3311 222 3374 luceo-¹9·
233 3308 416 3368 minus:Eeee
427 3310 496 3366 dedi
506 3309 591 3366 nobis
598 3319 771 3385 potestatem
780 3305 918 3363 calcandi
928 3325 977 3363 su·
1028 3327 1101 3378 νετο,
1116 3307 1162 3364 καί
1181 3310 1214 3376 ἠν
1236 3306 1299 3363 ἰδεῖν
1314 3302 1383 3372 ξένον
1404 3305 1452 3363 καθ
1469 3306 1630 3385 παράδοξον
1645 3317 1767 3388 πρᾶγμα·
1780 3306 1799 3362 oi

229 3409 287 3466 pra
306 3401 452 3468 serpentes
465 3400 493 3446 et
513 3390 689 3465 scorpiones,
704 3398 733 3445 et
752 3405 786 3444 su
805 3405 841 3444 ra
862 3405 976 3442 omnem
1028 3383 1131 3451 λέοντες
1150 3383 1314 3464 ἡμερώτεροι
1336 3389 1381 3442 τοῦ
1400 3385 1540 3461 βασιλέως
1557 3386 1689 3465 ἐγίνοντο.
1703 3384 1798 3443 Ἐκεῖνοι

81 3470 147 3516 Psat.
156 3470 372 3534 ss.4.eirtutem
387 3470 498 3525 inimici
504 3490 517 3535 ,·
531 3478 556 3523 ct
570 3486 677 3523 tumtum
698 3463 770 3524 Davi
799 3464 898 3522 :Nem
911 3468 978 3522 etsi
1030 3462 1077 3541 μὲν
1099 3464 1151 3546 γὰρ
1175 3460 1385 3544 παραδεξάμενοι
1407 3460 1458 3534 τὴν
1479 3464 1591 3544 τροφὴν
1603 3510 1612 3536 ,
1635 3464 1682 3523 καλ
1702 3486 1799 3540 τοσοιπῳ

231 3547 423 3604 ambulavero
436 3550 468 3602 in
480 3545 575 3602 medie
585 3547 695 3602 umbre
704 3546 817 3617 mortis,
827 3562 887 3599 nen
898 3546 977 3600 time
1028 3543 1100 3622 λιμῷ
1110 3542 1304 3623 περιπεσόντες,
1316 3545 1363 3600 οὐκ
1375 3541 1532 3619 ἐτόλμησαν
1546 3544 1798 3625 προφητικῶνκραὺι

232 3626 372 3698 hemula,
408 3627 528 3682 ueniam
543 3635 573 3680 tu
588 3643 700 3681 meeum
712 3641 752 3679 es.
776 3621 849 3681 Vide
860 3620 975 3696 mihi,si
1030 3622 1220 3702 ἀπογεύεσθαι,
1237 3621 1284 3681 καί
1298 3626 1346 3692 τῆς
1368 3622 1505 3700 τραπέζης
1533 3625 1630 3691 αὐτοῖς
1652 3620 1799 3701 memsui-

230 3704 329 3783 phoet‚
347 3718 373 3762 et
387 3646 505 3762 iocatum
529 3701 631 3778 Elium,
645 3701 691 3779 qui
707 3721 759 3791 per
780 3714 834 3759 tres
850 3720 934 3758 annes
950 3713 976 3760 et
1029 3724 1093 3775 νης,
1109 3702 1154 3760 καὶ
1172 3706 1218 3761 τοῦ
1239 3700 1368 3778 diutine,
1382 3701 1542 3779 ἠρνήσαντο
1567 3706 1657 3762 αὐτῶν
1680 3699 1800 3780 τὴνφύσιν

230 3802 280 3842 sex
299 3803 403 3844 menses
414 3783 510 3840 caelum
530 3782 614 3840 verbo
630 3781 736 3854 elausit,
748 3778 976 3858 quemodoethie
1029 3781 1073 3838 διὰ
1095 3779 1144 3852 τὴν
1160 3780 1293 3857 ὑπομονὴν
1314 3786 1361 3838 τοῦ
1382 3780 1545 3859 προφήτου,
1572 3782 1622 3840 καλ
1644 3781 1716 3841 οὐδὲν
1737 3780 1823 3838 αὐτόν’

230 3862 259 3922 in
268 3863 397 3944 patientia
411 3860 549 3936 manserit,
559 3881 613 3919 non
622 3859 764 3919 comedens
776 3880 881 3938 penem,
890 3879 976 3936 neque
1028 3860 1154 3932 ἠδίκησεν
1168 3865 1185 3931 ἡ
1198 3862 1294 3929 τῶνθη
1315 3856 1360 3916 ίων
1371 3858 1480 3958 ἔφοδος,
1498 3860 1599 3919 διὰτὸ
1613 3858 1799 3928 ἐλπίζειναύτὺν

80 3949 329 4019 3.}teg.17.aquam
343 3944 455 4002 sorbens
460 3964 469 4017 3
482 3939 529 3999 sed
539 3940 566 3997 in
585 3939 724 3998 mentibus
738 3937 916 4029 spatiabatur,
924 3938 975 3996 sal-
1028 3939 1073 4001 ἐπὶ
1089 3939 1183 4018 Κύριον
1197 3962 1203 3976 ·
1217 3928 1271 3996 οἶδε
1282 3882 1333 4016 γδρ
1353 3941 1430 4007 καιὴ
1447 3937 1528 4017 φύσις
1543 3943 1601 3998 τῶν
1617 3940 1717 4021 ἀγρίων
1731 3940 1799 3996 eiici-

77 4011 118 4055 ⁵·'
230 4035 327 4100 tusquc
337 4021 469 4081 circuibat
479 4019 514 4078 ob
523 4031 625 4077 metum
643 4017 774 4079 Jezabehs
792 4044 799 4078 ι
814 4031 840 4076 et
856 4018 902 4078 vir
915 4030 975 4075 tan·
1028 4023 1089 4077 σθαι
1103 4018 1151 4090 rip
1166 4016 1252 4078 εἰκόνα
1265 4022 1310 4074 τοῦ
1325 4018 1405 4075 Θεοῦ.
1424 4017 1480 4075 Διὰ
1493 4024 1583 4079 τοῦτο
1597 4024 1691 4100 σαφῶς
1709 4016 1800 4078 ἐπιστί-

231 4116 274 4161 tus
288 4123 336 4191 per
359 4099 517 4182 patientiam
539 4098 709 4156 nutriebatur
728 4118 745 4154 e
767 4117 861 4155 corve.
889 4098 974 4157 Juxta
1029 4121 1104 4174 μενος
1121 4096 1221 4169 Δαυλδ,
1235 4094 1302 4154 dud
1321 4095 1434 4163 ἐλπίζων
1456 4096 1502 4155 ἐπὶ
1522 4097 1800 4177 Κύριον,ούδέναὺτῷ

229 4181 346 4239 fluvium
365 4178 497 4241 chorasin
520 4176 628 4236 sedebat
649 4176 676 4234 in
703 4176 831 4257 patientia
849 4196 974 4255 perseve-
1027 4177 1135 4255 φρικτὸν
1149 4179 1190 4234 ἐπ’
1208 4173 1399 4254 όψεσι,λέγει·
1413 4173 1470 4233 Καὶ
1485 4177 1701 4248 καταπατήσας
1721 4176 1799 4235 λέοντα

229 4280 303 4334 rans,
318 4273 374 4317 eta
393 4278 474 4316 corvo
490 4257 617 4330 nutritus,
639 4255 688 4314 etsi
704 4276 802 4314 corvus
825 4254 1009 4318 secundumn
1027 4255 1073 4314 καί
1091 4255 1238 4335 δράκοντα·
1254 4253 1299 4313 καί
1318 4253 1397 4312 παλιν
1418 4257 1434 4311 ὑ
1456 4252 1580 4333 Κύριος,
1605 4256 1689 4328 Ἰδού,
1714 4257 1799 4314 δέδωκα

227 4335 316 4415 legem
329 4336 486 4395 immundus
501 4335 544 4394 sit.
558 4334 638 4394 Adsit
647 4333 758 4396 Judaeus
775 4357 781 4390 ε
798 4355 848 4392 eur
858 4334 973 4414 prophe·
1027 4337 1087 4411 ὑμῖν
1103 4334 1151 4406 τὴν
1163 4333 1279 4401 ἐξουσίαν
1290 4337 1336 4391 τοὺ
1349 4340 1444 4390 πατεῖν
1456 4333 1554 4393 ἐπάνω
1570 4336 1659 4416 ὄφεων
1674 4336 1719 4394 καὶ
1731 4357 1800 4412 στορ-

228 4427 255 4474 ta
267 4429 330 4474 tuus
338 4416 374 4474 ab
387 4412 527 4472 immunda
542 4435 593 4474 ave
603 4414 744 4473 aiebatur?
755 4434 813 4488 cur,
826 4413 872 4471 dic
885 4412 973 4472 mihi?
1025 4412 1093 4472 πίων
1118 4413 1164 4472 καί
1185 4414 1229 4470 ἐπὶ
1250 4422 1338 4471 πᾶσαν
1358 4411 1406 4481 τὴν
1428 4411 1550 4488 δύναμιν
1572 4423 1622 4475 τοῦ
1644 4418 1752 4495 ἐχθροῦ·
1762 4411 1800 4509 pai

85 4503 147 4544 m.
194 4534 200 4546 .
227 4497 337 4575 Moyses
350 4494 423 4553 dixit
436 4513 548 4553 corvum
565 4515 621 4551 esse
636 4491 826 4552 immundum:
860 4492 972 4573 replicta
1025 4492 1107 4552 πόλιν
1130 4497 1145 4551 ὁ
1167 4492 1265 4564 dauid,
1287 4490 1353 4550 Ἐὰν
1377 4489 1429 4568 γὰρ
1456 4490 1504 4549 καὶ
1529 4500 1659 4573 πορευθῶ
1690 4497 1717 4552 ἐν
1739 4514 1800 4571 perp

109 4592 114 4602 ·
226 4594 290 4634 vere
301 4589 364 4633 tuus
377 4573 412 4631 ab
424 4571 564 4631 immunda
577 4593 627 4631 are
641 4572 733 4630 cibum
745 4514 902 4652 aecipieisnt.
915 4575 970 4630 An·
1024 4581 1101 4638 σκιᾶς
1118 4572 1246 4641 θανάτου,
1262 4568 1494 4648 ούφούηθήσομαι
1516 4575 1612 4647 κακὰ,
1634 4574 1677 4633 ὅτι
1702 4570 1798 4648 σλρεέ

226 4674 279 4713 non
294 4653 346 4711 ulia
358 4653 416 4711 avis
432 4651 506 4710 erat?
521 4672 573 4710 nen
587 4663 644 4709 crat
655 4651 684 4709 in
697 4651 806 4729 regione
819 4651 867 4709 itta
879 4664 972 4710 turtur
1025 4651 1089 4726 ἐμοῦ
1106 4642 1140 4710 εί.
1156 4650 1209 4710 Ἰδέ
1222 4675 1282 4727 μοι,
1296 4653 1320 4708 εἰ
1331 4651 1417 4718 δοκεῖ,
1429 4647 1477 4706 καί
1491 4649 1543 4709 τὸν
1556 4651 1694 4734 μακάριον
1708 4651 1799 4715 Ἠλίαν,

224 4747 272 4791 aut
296 4732 434 4806 columba,
460 4745 490 4789 ut
512 4753 527 4789 n
552 4751 632 4789 corve
663 4731 832 4789 nutriretur?
856 4729 970 4810 Expone
1023 4729 1143 4809 τῷλόγῳ
1155 4730 1200 4789 τὸν
1215 4728 1322 4808 οὐρανὸν
1337 4727 1480 4786 κλείσαντα
1492 4728 1544 4788 ἐπὶ
1561 4731 1611 4801 ἔτη
1626 4732 1691 4811 τρία
1702 4731 1745 4790 καί
1757 4731 1799 4806 μῆ·

225 4812 305 4884 mihi,
321 4811 634 4888 ostresequaestionom
649 4810 724 4868 illam
741 4809 775 4868 dc
794 4832 853 4868 avc.
870 4812 968 4868 Annon
1023 4832 1069 4877 νας
1082 4809 1126 4879 ἐξ,
1141 4814 1198 4876 πῶς
1218 4810 1264 4868 καλ
1286 4799 1360 4874 οὗτος
1383 4811 1416 4885 τῇ
1444 4813 1575 4887 ὑπομονῇ
1597 4810 1797 4887 lustrandum

223 4890 332 4970 Moyses
346 4892 432 4970 legem
446 4889 523 4949 dedit
533 4890 567 4948 de
579 4910 761 4967 cerve‚quem
773 4889 968 4948 interimmun·
1023 4888 1060 4965 μὴ
1077 4887 1182 4968 φαγὼν,
1198 4886 1265 4966 μηδὲ
1278 4886 1371 4953 ὑδατος
1384 4887 1572 4985 ἐμφορηθεὶς·
1590 4890 1663 4949 ἀλλὰ
1680 4887 1796 4968 περιετί-

222 4965 271 5028 das
284 4991 348 5030 aves
362 4970 470 5050 posuit?
484 4968 628 5060 quomode·
635 4970 719 5049 igitur
732 4969 870 5050 propheta,
886 4990 966 5046 quem
1021 4991 1062 5029 τει
1075 4967 1123 5041 τὴν
1138 4967 1235 5047 ἔρημον
1251 4965 1296 5025 καλ
1311 4965 1357 5031 τθις
1373 4988 1460 5033 ναπας
1470 4969 1691 5063 περιερχόμενος
1704 4967 1743 5026 διὰ
1760 4965 1795 5022 τὸν

221 5059 250 5106 tu
262 5063 405 5107 venturum
422 5061 570 5128 exspectas,
583 5070 628 5126 qur
641 5049 794 5108 conscendit
812 5050 838 5107 in
853 5070 964 5108 currum
1040 5047 1100 5107 όύον
1116 5052 1163 5119 τῆς
1176 5046 1308 5117 Ἰεζοίύελ,
1323 5044 1368 5103 καὶ
1381 5048 1394 5102 ό
1407 5068 1538 5112 τοσουτυς
1554 5038 1626 5130 ἀνὴρ
1640 5053 1675 5128 τῇ
1689 5046 1792 5122 ὑπομονῇ

220 5126 338 5204 igneum,
358 5128 404 5204 qui
437 5127 533 5185 cletrsit
556 5129 652 5186 caelum
671 5129 759 5188 tribus
782 5129 898 5189 enniset
914 5150 962 5187 sex
1020 5071 1062 5185 id
1079 5126 1189 5208 κόρακος
1209 5122 1435 5206 ἐτρέφετο.ῘΙαρθι
1452 5124 1497 5184 τδν
1523 5128 1653 5205 ποταμὸν
1676 5126 1792 5186 savio

251 5290 279 5349 1i
293 5286 369 5340 Sutil.
385 5296 411 5340 ἰ’τ.
429 5295 528 5354 Χορράό.
544 5293 557 5346 ἣ
571 5297 638 5354 λἰίρθ
652 5290 659 5352 i
